  <div class='ocr_page' id='page_1' title='image "/cluster/home/n/w/nwhite01/storage/ocr_20150623/144/nnc1.0046980792/648.png"; bbox 0 0 4184 6444; ppageno 0'>
   <div class='ocr_carea' id='block_1_1' title="bbox 208 424 343 482">
    <p class='ocr_par' dir='ltr' id='par_1_1' title="bbox 208 424 343 482">
     <span class='ocr_line' id='line_1_1' title="bbox 208 424 343 482; baseline 0.007 -1"><span class='ocrx_word' id='word_1_1' title='bbox 208 424 343 482; x_wconf 65' lang='grc'><strong>1245</strong></span> 
     </span>
    </p>
   </div>
   <div class='ocr_carea' id='block_1_2' title="bbox 1175 428 2453 493">
    <p class='ocr_par' dir='ltr' id='par_1_2' title="bbox 1175 428 2453 493">
     <span class='ocr_line' id='line_1_2' title="bbox 1175 428 2453 493; baseline 0.001 -3"><span class='ocrx_word' id='word_1_2' title='bbox 1175 428 1588 489; x_wconf 74' lang='lat' dir='ltr'><strong>SYNTAGMA</strong></span> <span class='ocrx_word' id='word_1_3' title='bbox 1646 428 2272 493; x_wconf 72' lang='lat' dir='ltr'><strong>ALPHABETIL‘UM.</strong></span> <span class='ocrx_word' id='word_1_4' title='bbox 2338 460 2379 463; x_wconf 50' lang='grc' dir='ltr'><strong>π</strong></span> <span class='ocrx_word' id='word_1_5' title='bbox 2437 438 2453 477; x_wconf 79' lang='grc'><strong>’-</strong></span> 
     </span>
    </p>
   </div>
   <div class='ocr_carea' id='block_1_3' title="bbox 3322 439 3451 499">
    <p class='ocr_par' dir='ltr' id='par_1_3' title="bbox 3322 439 3451 499">
     <span class='ocr_line' id='line_1_3' title="bbox 3322 439 3451 499; baseline 0.085 -10"><span class='ocrx_word' id='word_1_6' title='bbox 3322 439 3451 499; x_wconf 62' lang='grc' dir='ltr'><strong>τξμῑ</strong></span> 
     </span>
    </p>
   </div>
   <div class='ocr_carea' id='block_1_4' title="bbox 290 539 1773 622">
    <p class='ocr_par' dir='ltr' id='par_1_4' title="bbox 290 539 1773 620">
     <span class='ocr_line' id='line_1_4' title="bbox 290 539 1773 620; baseline 0.01 -28"><span class='ocrx_word' id='word_1_7' title='bbox 290 540 352 592; x_wconf 83' lang='grc' dir='ltr'>ὐ</span> <span class='ocrx_word' id='word_1_8' title='bbox 392 539 449 593; x_wconf 80' lang='grc' dir='ltr'><strong>δι</strong></span> <span class='ocrx_word' id='word_1_9' title='bbox 500 541 601 609; x_wconf 75' lang='grc' dir='ltr'><strong>τῆς</strong></span> <span class='ocrx_word' id='word_1_10' title='bbox 649 542 707 595; x_wconf 71' lang='grc' dir='ltr'><strong>ιν</strong></span> <span class='ocrx_word' id='word_1_11' title='bbox 754 544 1081 618; x_wconf 77' lang='grc' dir='ltr'><strong>Καρθαγένῃ</strong></span> <span class='ocrx_word' id='word_1_12' title='bbox 1134 548 1266 617; x_wconf 87' lang='grc' dir='ltr'><strong>ρλα’,</strong></span> <span class='ocrx_word' id='word_1_13' title='bbox 1322 550 1559 620; x_wconf 77' lang='grc' dir='ltr'><strong>Ἀρχὴν.</strong></span> <span class='ocrx_word' id='word_1_14' title='bbox 1603 549 1773 617; x_wconf 74' lang='grc' dir='ltr'><strong>φησὶ.</strong></span> 
     </span>
    </p>
   </div>
   <div class='ocr_carea' id='block_1_5' title="bbox 1873 539 3447 622">
    <p class='ocr_par' dir='ltr' id='par_1_5' title="bbox 1948 550 3447 622">
     <span class='ocr_line' id='line_1_5' title="bbox 1948 550 3447 622; baseline 0.001 -17"><span class='ocrx_word' id='word_1_15' title='bbox 1948 551 2135 605; x_wconf 88' lang='lat' dir='ltr'><strong>Canon</strong></span> <span class='ocrx_word' id='word_1_16' title='bbox 2178 551 2422 605; x_wconf 76' lang='grc' dir='ltr'><strong>νει-0151</strong></span> <span class='ocrx_word' id='word_1_17' title='bbox 2461 566 2579 621; x_wconf 87' lang='lat' dir='ltr'><strong>syn.</strong></span> <span class='ocrx_word' id='word_1_18' title='bbox 2607 550 2887 622; x_wconf 75' lang='lat' dir='ltr'><strong>Carthag.,</strong></span> <span class='ocrx_word' id='word_1_19' title='bbox 2920 552 3022 619; x_wconf 85' lang='lat' dir='ltr'><strong>Qui</strong></span> <span class='ocrx_word' id='word_1_20' title='bbox 3057 552 3229 620; x_wconf 86' lang='lat' dir='ltr'><strong>prius,</strong></span> <span class='ocrx_word' id='word_1_21' title='bbox 3253 553 3447 621; x_wconf 84' lang='lat' dir='ltr'><strong>inquit,</strong></span> 
     </span>
    </p>
   </div>
   <div class='ocr_carea' id='block_1_6' title="bbox 202 633 1777 707">
    <p class='ocr_par' dir='ltr' id='par_1_6' title="bbox 202 633 1777 707">
     <span class='ocr_line' id='line_1_6' title="bbox 202 633 1777 707; baseline 0.007 -26"><span class='ocrx_word' id='word_1_22' title='bbox 202 633 331 693; x_wconf 78' lang='grc' dir='ltr'><strong>τοὺς</strong></span> <span class='ocrx_word' id='word_1_23' title='bbox 369 634 785 703; x_wconf 86' lang='grc' dir='ltr'><strong>κεκωλυμένους</strong></span> <span class='ocrx_word' id='word_1_24' title='bbox 819 638 1241 707; x_wconf 63' lang='grc' dir='ltr'><strong>ἐγκληματικῶς</strong></span> <span class='ocrx_word' id='word_1_25' title='bbox 1270 641 1505 707; x_wconf 63' lang='grc' dir='ltr'><strong>ἐνάγειν,</strong></span> <span class='ocrx_word' id='word_1_26' title='bbox 1534 642 1653 694; x_wconf 74' lang='grc' dir='ltr'><strong>οὐδὲ</strong></span> <span class='ocrx_word' id='word_1_27' title='bbox 1698 644 1777 703; x_wconf 85' lang='grc' dir='ltr'><strong>είς</strong></span> 
     </span>
    </p>
   </div>
   <div class='ocr_carea' id='block_1_7' title="bbox 205 727 1778 803">
    <p class='ocr_par' dir='ltr' id='par_1_7' title="bbox 205 727 1778 803">
     <span class='ocr_line' id='line_1_7' title="bbox 205 727 1778 803; baseline 0.007 -31"><span class='ocrx_word' id='word_1_28' title='bbox 205 727 524 793; x_wconf 75' lang='grc' dir='ltr'><strong>μαρτυρίαν</strong></span> <span class='ocrx_word' id='word_1_29' title='bbox 575 731 895 795; x_wconf 78' lang='grc' dir='ltr'><strong>προσίεσθαι</strong></span> <span class='ocrx_word' id='word_1_30' title='bbox 931 732 1077 801; x_wconf 72' lang='grc' dir='ltr'><strong>χρήσ</strong></span> <span class='ocrx_word' id='word_1_31' title='bbox 1131 734 1258 795; x_wconf 77' lang='grc' dir='ltr'><strong>τοὺς</strong></span> <span class='ocrx_word' id='word_1_32' title='bbox 1311 733 1357 785; x_wconf 76' lang='grc' dir='ltr'><strong>δ’</strong></span> <span class='ocrx_word' id='word_1_33' title='bbox 1407 727 1473 786; x_wconf 78' lang='grc' dir='ltr'><strong>αὖ</strong></span> <span class='ocrx_word' id='word_1_34' title='bbox 1526 734 1619 786; x_wconf 80' lang='grc' dir='ltr'><strong>τὸν</strong></span> <span class='ocrx_word' id='word_1_35' title='bbox 1663 736 1778 803; x_wconf 85' lang='grc' dir='ltr'><strong>βίον</strong></span> 
     </span>
    </p>
   </div>
   <div class='ocr_carea' id='block_1_8' title="bbox 204 811 1778 896">
    <p class='ocr_par' dir='ltr' id='par_1_8' title="bbox 204 811 1778 896">
     <span class='ocr_line' id='line_1_8' title="bbox 204 811 1778 896; baseline 0.011 -35"><span class='ocrx_word' id='word_1_36' title='bbox 204 815 479 876; x_wconf 55' lang='lat' dir='ltr'><strong>cateiae;</strong></span> <span class='ocrx_word' id='word_1_37' title='bbox 507 811 582 870; x_wconf 83' lang='grc' dir='ltr'><strong>ὧν</strong></span> <span class='ocrx_word' id='word_1_38' title='bbox 607 819 706 889; x_wconf 75' lang='grc' dir='ltr'><strong>τὴν</strong></span> <span class='ocrx_word' id='word_1_39' title='bbox 741 823 1049 889; x_wconf 78' lang='grc' dir='ltr'><strong>μαρτυρίαν</strong></span> <span class='ocrx_word' id='word_1_40' title='bbox 1075 824 1249 894; x_wconf 80' lang='grc' dir='ltr'><strong>ἀληθῆ</strong></span> <span class='ocrx_word' id='word_1_41' title='bbox 1300 826 1515 893; x_wconf 84' lang='grc' dir='ltr'><strong>ποιήσει</strong></span> <span class='ocrx_word' id='word_1_42' title='bbox 1550 830 1618 877; x_wconf 88' lang='grc' dir='ltr'><strong>τά</strong></span> <span class='ocrx_word' id='word_1_43' title='bbox 1650 843 1778 896; x_wconf 75' lang='grc' dir='ltr'><strong>προ-</strong></span> 
     </span>
    </p>
   </div>
   <div class='ocr_carea' id='block_1_9' title="bbox 204 906 1774 985">
    <p class='ocr_par' dir='ltr' id='par_1_9' title="bbox 204 906 1774 985">
     <span class='ocr_line' id='line_1_9' title="bbox 204 906 1774 985; baseline 0.006 -30"><span class='ocrx_word' id='word_1_44' title='bbox 204 906 557 974; x_wconf 66' lang='grc' dir='ltr'><strong>ϐεϐιωμένα,“</strong></span> <span class='ocrx_word' id='word_1_45' title='bbox 575 910 648 977; x_wconf 79' lang='grc' dir='ltr'><strong>μὴ</strong></span> <span class='ocrx_word' id='word_1_46' title='bbox 672 912 908 980; x_wconf 72' lang='grc' dir='ltr'><strong>ἀνήϐους</strong></span> <span class='ocrx_word' id='word_1_47' title='bbox 940 910 1102 975; x_wconf 73' lang='grc' dir='ltr'><strong>εἶναι,</strong></span> <span class='ocrx_word' id='word_1_48' title='bbox 1134 915 1283 977; x_wconf 69' lang='grc' dir='ltr'><strong>ἐντὸς</strong></span> <span class='ocrx_word' id='word_1_49' title='bbox 1312 915 1508 985; x_wconf 79' lang='grc' dir='ltr'><strong>δηλαδὴ</strong></span> <span class='ocrx_word' id='word_1_50' title='bbox 1533 917 1593 969; x_wconf 81' lang='grc' dir='ltr'><strong>ιδ’</strong></span> <span class='ocrx_word' id='word_1_51' title='bbox 1619 916 1774 981; x_wconf 64' lang='grc' dir='ltr'><strong>ἑτῶν,</strong></span> 
     </span>
    </p>
   </div>
   <div class='ocr_carea' id='block_1_10' title="bbox 199 994 1778 1075">
    <p class='ocr_par' dir='ltr' id='par_1_10' title="bbox 199 994 1778 1075">
     <span class='ocr_line' id='line_1_10' title="bbox 199 994 1778 1075; baseline 0.008 -30"><span class='ocrx_word' id='word_1_52' title='bbox 199 994 281 1062; x_wconf 83' lang='grc' dir='ltr'><strong>τῷ</strong></span> <span class='ocrx_word' id='word_1_53' title='bbox 319 997 489 1062; x_wconf 80' lang='grc' dir='ltr'><strong>μήπω</strong></span> <span class='ocrx_word' id='word_1_54' title='bbox 518 1000 731 1062; x_wconf 83' lang='grc' dir='ltr'><strong>τούτοις</strong></span> <span class='ocrx_word' id='word_1_55' title='bbox 759 1003 1019 1065; x_wconf 82' lang='grc' dir='ltr'><strong>εὐσταθὲς</strong></span> <span class='ocrx_word' id='word_1_56' title='bbox 1054 998 1193 1058; x_wconf 72' lang='grc' dir='ltr'><strong>εἶναι</strong></span> <span class='ocrx_word' id='word_1_57' title='bbox 1225 1005 1284 1057; x_wconf 77' lang='grc' dir='ltr'><strong>τὸ</strong></span> <span class='ocrx_word' id='word_1_58' title='bbox 1317 1006 1593 1075; x_wconf 78' lang='grc' dir='ltr'><strong>φρόνημα.</strong></span> <span class='ocrx_word' id='word_1_59' title='bbox 1631 1006 1778 1059; x_wconf 83' lang='grc' dir='ltr'><strong>Ἀλλ’</strong></span> 
     </span>
    </p>
   </div>
   <div class='ocr_carea' id='block_1_11' title="bbox 197 1088 1778 1169">
    <p class='ocr_par' dir='ltr' id='par_1_11' title="bbox 197 1088 1778 1169">
     <span class='ocr_line' id='line_1_11' title="bbox 197 1088 1778 1169; baseline 0.009 -32"><span class='ocrx_word' id='word_1_60' title='bbox 197 1088 325 1139; x_wconf 71' lang='grc' dir='ltr'><strong>οὐδὲ</strong></span> <span class='ocrx_word' id='word_1_61' title='bbox 360 1090 668 1152; x_wconf 80' lang='grc' dir='ltr'><strong>οίκειακοὺς</strong></span> <span class='ocrx_word' id='word_1_62' title='bbox 696 1094 789 1144; x_wconf 61' lang='grc' dir='ltr'><strong>τὴν</strong></span> <span class='ocrx_word' id='word_1_63' title='bbox 812 1096 1222 1165; x_wconf 78' lang='grc' dir='ltr'><strong>κατηγοροῦντα</strong></span> <span class='ocrx_word' id='word_1_64' title='bbox 1247 1100 1515 1166; x_wconf 73' lang='grc' dir='ltr'><strong>παράγειν</strong></span> <span class='ocrx_word' id='word_1_65' title='bbox 1536 1099 1617 1151; x_wconf 89' lang='grc' dir='ltr'><strong>δεῖ</strong></span> <span class='ocrx_word' id='word_1_66' title='bbox 1641 1101 1778 1169; x_wconf 67' lang='grc' dir='ltr'><strong>μάρ-</strong></span> 
     </span>
    </p>
   </div>
   <div class='ocr_carea' id='block_1_12' title="bbox 198 1181 1774 1256">
    <p class='ocr_par' dir='ltr' id='par_1_12' title="bbox 198 1181 1774 1256">
     <span class='ocr_line' id='line_1_12' title="bbox 198 1181 1774 1256; baseline 0.01 -30"><span class='ocrx_word' id='word_1_67' title='bbox 198 1194 400 1245; x_wconf 71' lang='grc' dir='ltr'><strong>τυρας,</strong></span> <span class='ocrx_word' id='word_1_68' title='bbox 437 1184 529 1231; x_wconf 70' lang='grc' dir='ltr'><strong>καὶ</strong></span> <span class='ocrx_word' id='word_1_69' title='bbox 567 1182 921 1247; x_wconf 80' lang='grc' dir='ltr'><strong>ύπεξουσίους</strong></span> <span class='ocrx_word' id='word_1_70' title='bbox 967 1186 1137 1254; x_wconf 82' lang='grc' dir='ltr'><strong>αὐτῷ,</strong></span> <span class='ocrx_word' id='word_1_71' title='bbox 1187 1187 1218 1254; x_wconf 74' lang='grc' dir='ltr'><strong>ἢ</strong></span> <span class='ocrx_word' id='word_1_72' title='bbox 1267 1181 1634 1256; x_wconf 72' lang='grc' dir='ltr'><strong>ὑποχειρίους,</strong></span> <span class='ocrx_word' id='word_1_73' title='bbox 1661 1190 1774 1253; x_wconf 81' lang='grc' dir='ltr'><strong>οὓς,</strong></span> 
     </span>
    </p>
   </div>
   <div class='ocr_carea' id='block_1_13' title="bbox 198 1270 1775 1346">
    <p class='ocr_par' dir='ltr' id='par_1_13' title="bbox 198 1270 1775 1346">
     <span class='ocr_line' id='line_1_13' title="bbox 198 1270 1775 1346; baseline 0.008 -27"><span class='ocrx_word' id='word_1_74' title='bbox 198 1273 251 1319; x_wconf 81' lang='grc' dir='ltr'><strong>εξ</strong></span> <span class='ocrx_word' id='word_1_75' title='bbox 286 1270 364 1339; x_wconf 81' lang='grc' dir='ltr'><strong>μὴ</strong></span> <span class='ocrx_word' id='word_1_76' title='bbox 391 1271 667 1325; x_wconf 88' lang='grc' dir='ltr'><strong>πείθοιντο</strong></span> <span class='ocrx_word' id='word_1_77' title='bbox 695 1273 763 1326; x_wconf 86' lang='grc' dir='ltr'><strong>τὰ</strong></span> <span class='ocrx_word' id='word_1_78' title='bbox 796 1276 937 1328; x_wconf 84' lang='grc' dir='ltr'><strong>κατά</strong></span> <span class='ocrx_word' id='word_1_79' title='bbox 976 1275 1103 1327; x_wconf 85' lang='grc' dir='ltr'><strong>νοῦν</strong></span> <span class='ocrx_word' id='word_1_80' title='bbox 1131 1278 1283 1346; x_wconf 84' lang='grc' dir='ltr'><strong>αὐτῷ</strong></span> <span class='ocrx_word' id='word_1_81' title='bbox 1317 1277 1519 1345; x_wconf 78' lang='grc' dir='ltr'><strong>λέγειν,</strong></span> <span class='ocrx_word' id='word_1_82' title='bbox 1560 1280 1775 1343; x_wconf 77' lang='grc' dir='ltr'><strong>ἐξέσται</strong></span> 
     </span>
    </p>
   </div>
   <div class='ocr_carea' id='block_1_14' title="bbox 197 1360 1775 1437">
    <p class='ocr_par' dir='ltr' id='par_1_14' title="bbox 197 1360 1775 1437">
     <span class='ocr_line' id='line_1_14' title="bbox 197 1360 1775 1437; baseline 0.009 -28"><span class='ocrx_word' id='word_1_83' title='bbox 197 1362 251 1409; x_wconf 89' lang='grc' dir='ltr'><strong>οἱ</strong></span> <span class='ocrx_word' id='word_1_84' title='bbox 286 1360 560 1425; x_wconf 77' lang='grc' dir='ltr'><strong>κολάζειν.</strong></span> <span class='ocrx_word' id='word_1_85' title='bbox 596 1364 808 1434; x_wconf 64' lang='grc' dir='ltr'><strong>Σεμνῖκ</strong></span> <span class='ocrx_word' id='word_1_86' title='bbox 838 1367 895 1419; x_wconf 75' lang='grc' dir='ltr'><strong>δὲ</strong></span> <span class='ocrx_word' id='word_1_87' title='bbox 928 1370 1383 1437; x_wconf 79' lang='grc' dir='ltr'><strong>μεταποιούμενοι</strong></span> <span class='ocrx_word' id='word_1_88' title='bbox 1410 1370 1693 1432; x_wconf 83' lang='grc' dir='ltr'><strong>πολιτείας</strong></span> <span class='ocrx_word' id='word_1_89' title='bbox 1728 1374 1775 1423; x_wconf 87' lang='grc' dir='ltr'><strong>οί</strong></span> 
     </span>
    </p>
   </div>
   <div class='ocr_carea' id='block_1_15' title="bbox 201 1451 1777 1528">
    <p class='ocr_par' dir='ltr' id='par_1_15' title="bbox 201 1451 1777 1528">
     <span class='ocr_line' id='line_1_15' title="bbox 201 1451 1777 1528; baseline 0.007 -26"><span class='ocrx_word' id='word_1_90' title='bbox 201 1451 536 1522; x_wconf 74' lang='grc' dir='ltr'><strong>ὑποχείριοι,</strong></span> <span class='ocrx_word' id='word_1_91' title='bbox 575 1457 761 1525; x_wconf 84' lang='grc' dir='ltr'><strong>ίερεῖς,</strong></span> <span class='ocrx_word' id='word_1_92' title='bbox 790 1459 951 1527; x_wconf 72' lang='grc' dir='ltr'><strong>φημὶ,</strong></span> <span class='ocrx_word' id='word_1_93' title='bbox 991 1462 1083 1511; x_wconf 71' lang='grc' dir='ltr'><strong>καὶ</strong></span> <span class='ocrx_word' id='word_1_94' title='bbox 1113 1461 1370 1524; x_wconf 85' lang='grc' dir='ltr'><strong>διάκονοι,</strong></span> <span class='ocrx_word' id='word_1_95' title='bbox 1422 1463 1514 1514; x_wconf 78' lang='grc' dir='ltr'><strong>καὶ</strong></span> <span class='ocrx_word' id='word_1_96' title='bbox 1543 1454 1777 1528; x_wconf 76' lang='grc' dir='ltr'><strong>λογικῶν</strong></span> 
     </span>
    </p>
   </div>
   <div class='ocr_carea' id='block_1_16' title="bbox 200 1545 1776 1623">
    <p class='ocr_par' dir='ltr' id='par_1_16' title="bbox 200 1545 1776 1623">
     <span class='ocr_line' id='line_1_16' title="bbox 200 1545 1776 1623; baseline 0.008 -29"><span class='ocrx_word' id='word_1_97' title='bbox 200 1545 577 1612; x_wconf 77' lang='grc' dir='ltr'><strong>ἐπιστήμονες</strong></span> <span class='ocrx_word' id='word_1_98' title='bbox 614 1549 973 1619; x_wconf 80' lang='grc' dir='ltr'><strong>μαθημάτων,</strong></span> <span class='ocrx_word' id='word_1_99' title='bbox 1010 1551 1107 1604; x_wconf 76' lang='grc' dir='ltr'><strong>οὐκ</strong></span> <span class='ocrx_word' id='word_1_100' title='bbox 1136 1552 1431 1623; x_wconf 73' lang='grc' dir='ltr'><strong>ἀπὸδλητοι</strong></span> <span class='ocrx_word' id='word_1_101' title='bbox 1465 1554 1599 1619; x_wconf 64' lang='grc' dir='ltr'><strong>πρὸς</strong></span> <span class='ocrx_word' id='word_1_102' title='bbox 1639 1570 1776 1622; x_wconf 87' lang='grc' dir='ltr'><strong>μαρ-</strong></span> 
     </span>
    </p>
   </div>
   <div class='ocr_carea' id='block_1_17' title="bbox 196 1636 670 1703">
    <p class='ocr_par' dir='ltr' id='par_1_17' title="bbox 196 1636 670 1703">
     <span class='ocr_line' id='line_1_17' title="bbox 196 1636 670 1703; baseline 0.013 -17"><span class='ocrx_word' id='word_1_103' title='bbox 196 1636 400 1703; x_wconf 83' lang='grc' dir='ltr'><strong>τυρίαν</strong></span> <span class='ocrx_word' id='word_1_104' title='bbox 433 1637 670 1692; x_wconf 73' lang='grc' dir='ltr'><strong>ἔσονται.</strong></span> 
     </span>
    </p>
   </div>
   <div class='ocr_carea' id='block_1_18' title="bbox 283 1728 1774 1806">
    <p class='ocr_par' dir='ltr' id='par_1_18' title="bbox 283 1728 1774 1806">
     <span class='ocr_line' id='line_1_18' title="bbox 283 1728 1774 1806; baseline 0.006 -26"><span class='ocrx_word' id='word_1_105' title='bbox 283 1729 344 1781; x_wconf 89' lang='lat'><strong>&#39;0</strong></span> <span class='ocrx_word' id='word_1_106' title='bbox 379 1729 434 1781; x_wconf 80' lang='grc' dir='ltr'><strong>δὲ</strong></span> <span class='ocrx_word' id='word_1_107' title='bbox 464 1728 560 1794; x_wconf 84' lang='grc' dir='ltr'><strong>νθ’,</strong></span> <span class='ocrx_word' id='word_1_108' title='bbox 599 1732 660 1783; x_wconf 76' lang='lat' dir='ltr'><strong>Ei</strong></span> <span class='ocrx_word' id='word_1_109' title='bbox 694 1733 970 1802; x_wconf 76' lang='grc' dir='ltr'><strong>κληρικοὶ,</strong></span> <span class='ocrx_word' id='word_1_110' title='bbox 1007 1739 1158 1806; x_wconf 71' lang='grc' dir='ltr'><strong>φησὶ,</strong></span> <span class='ocrx_word' id='word_1_111' title='bbox 1200 1738 1349 1805; x_wconf 81' lang='grc' dir='ltr'><strong>παρᾶ</strong></span> <span class='ocrx_word' id='word_1_112' title='bbox 1398 1738 1473 1806; x_wconf 83' lang='grc' dir='ltr'><strong>τῷ</strong></span> <span class='ocrx_word' id='word_1_113' title='bbox 1519 1738 1614 1804; x_wconf 76' lang='grc' dir='ltr'><strong>τῆς</strong></span> <span class='ocrx_word' id='word_1_114' title='bbox 1656 1738 1774 1789; x_wconf 74' lang='grc' dir='ltr'><strong>Ἑκ-</strong></span> 
     </span>
    </p>
   </div>
   <div class='ocr_carea' id='block_1_19' title="bbox 198 1820 1774 1898">
    <p class='ocr_par' dir='ltr' id='par_1_19' title="bbox 198 1820 1774 1898">
     <span class='ocr_line' id='line_1_19' title="bbox 198 1820 1774 1898; baseline 0.008 -27"><span class='ocrx_word' id='word_1_115' title='bbox 198 1820 431 1887; x_wconf 79' lang='grc' dir='ltr'><strong>κλησίας</strong></span> <span class='ocrx_word' id='word_1_116' title='bbox 459 1824 699 1889; x_wconf 88' lang='grc' dir='ltr'><strong>κριθεῖεν</strong></span> <span class='ocrx_word' id='word_1_117' title='bbox 718 1825 1074 1898; x_wconf 75' lang='grc' dir='ltr'><strong>δικαστηρίῳ,</strong></span> <span class='ocrx_word' id='word_1_118' title='bbox 1093 1830 1166 1891; x_wconf 83' lang='grc' dir='ltr'><strong>ὡς</strong></span> <span class='ocrx_word' id='word_1_119' title='bbox 1181 1832 1207 1881; x_wconf 84' lang='grc' dir='ltr'>ὁ</span> <span class='ocrx_word' id='word_1_120' title='bbox 1223 1830 1282 1884; x_wconf 80' lang='grc' dir='ltr'><strong>Ἀ</strong></span> <span class='ocrx_word' id='word_1_121' title='bbox 1294 1830 1546 1891; x_wconf 76' lang='grc' dir='ltr'><strong>πόστολος</strong></span> <span class='ocrx_word' id='word_1_122' title='bbox 1565 1846 1774 1897; x_wconf 82' lang='grc' dir='ltr'><strong>παραγ-</strong></span> 
     </span>
    </p>
   </div>
   <div class='ocr_carea' id='block_1_20' title="bbox 197 1910 1774 1989">
    <p class='ocr_par' dir='ltr' id='par_1_20' title="bbox 197 1910 1774 1989">
     <span class='ocr_line' id='line_1_20' title="bbox 197 1910 1774 1989; baseline 0.008 -28"><span class='ocrx_word' id='word_1_123' title='bbox 197 1910 405 1974; x_wconf 81' lang='grc' dir='ltr'><strong>γέλλει,</strong></span> <span class='ocrx_word' id='word_1_124' title='bbox 435 1931 455 1964; x_wconf 83' lang='grc' dir='ltr'><strong>ε</strong></span> <span class='ocrx_word' id='word_1_125' title='bbox 494 1913 675 1984; x_wconf 77' lang='grc' dir='ltr'><strong>Τολμᾷ</strong></span> <span class='ocrx_word' id='word_1_126' title='bbox 709 1932 793 1977; x_wconf 85' lang='grc' dir='ltr'><strong>τις</strong></span> <span class='ocrx_word' id='word_1_127' title='bbox 833 1918 986 1986; x_wconf 82' lang='grc' dir='ltr'><strong>ὑμῶν</strong></span> <span class='ocrx_word' id='word_1_128' title='bbox 1028 1921 1261 1989; x_wconf 78' lang='grc' dir='ltr'><strong>πρᾶγμα</strong></span> <span class='ocrx_word' id='word_1_129' title='bbox 1294 1919 1454 1985; x_wconf 76' lang='grc' dir='ltr'><strong>ἔχων,</strong></span> <span class='ocrx_word' id='word_1_130' title='bbox 1490 1920 1774 1989; x_wconf 84' lang='grc' dir='ltr'><strong>κρίνεσθαι</strong></span> 
     </span>
    </p>
   </div>
   <div class='ocr_carea' id='block_1_21' title="bbox 195 2000 1774 2078">
    <p class='ocr_par' dir='ltr' id='par_1_21' title="bbox 195 2000 1774 2078">
     <span class='ocr_line' id='line_1_21' title="bbox 195 2000 1774 2078; baseline 0.008 -29"><span class='ocrx_word' id='word_1_131' title='bbox 195 2002 294 2050; x_wconf 67' lang='grc' dir='ltr'><strong>ἐπὶ</strong></span> <span class='ocrx_word' id='word_1_132' title='bbox 318 2000 428 2051; x_wconf 90' lang='grc' dir='ltr'><strong>τῶν</strong></span> <span class='ocrx_word' id='word_1_133' title='bbox 447 2002 669 2069; x_wconf 85' lang='grc' dir='ltr'><strong>ἀδίκων,</strong></span> <span class='ocrx_word' id='word_1_134' title='bbox 690 2008 784 2059; x_wconf 64' lang='grc' dir='ltr'><strong>καλ⁵</strong></span> <span class='ocrx_word' id='word_1_135' title='bbox 812 2009 931 2077; x_wconf 77' lang='grc' dir='ltr'><strong>οὐχὶ</strong></span> <span class='ocrx_word' id='word_1_136' title='bbox 955 2012 1048 2063; x_wconf 74' lang='grc' dir='ltr'><strong>ἐπὶ</strong></span> <span class='ocrx_word' id='word_1_137' title='bbox 1066 2011 1171 2063; x_wconf 90' lang='grc' dir='ltr'><strong>τῶν</strong></span> <span class='ocrx_word' id='word_1_138' title='bbox 1201 2012 1371 2078; x_wconf 80' lang='grc' dir='ltr'><strong>ἁγίων</strong></span> <span class='ocrx_word' id='word_1_139' title='bbox 1397 2028 1411 2076; x_wconf 85' lang='grc'><strong>;</strong></span> <span class='ocrx_word' id='word_1_140' title='bbox 1453 2031 1470 2063; x_wconf 82' lang='grc' dir='ltr'><strong>ι</strong></span> <span class='ocrx_word' id='word_1_141' title='bbox 1502 2012 1594 2064; x_wconf 68' lang='grc' dir='ltr'><strong>καὶ</strong></span> <span class='ocrx_word' id='word_1_142' title='bbox 1621 2011 1774 2065; x_wconf 86' lang='grc' dir='ltr'><strong>θάτε-</strong></span> 
     </span>
    </p>
   </div>
   <div class='ocr_carea' id='block_1_22' title="bbox 197 2095 1772 2172">
    <p class='ocr_par' dir='ltr' id='par_1_22' title="bbox 197 2095 1772 2172">
     <span class='ocr_line' id='line_1_22' title="bbox 197 2095 1772 2172; baseline 0.011 -29"><span class='ocrx_word' id='word_1_143' title='bbox 197 2110 292 2160; x_wconf 92' lang='grc' dir='ltr'><strong>ρον</strong></span> <span class='ocrx_word' id='word_1_144' title='bbox 329 2095 496 2165; x_wconf 90' lang='grc' dir='ltr'><strong>μέρος</strong></span> <span class='ocrx_word' id='word_1_145' title='bbox 541 2098 642 2166; x_wconf 84' lang='grc' dir='ltr'><strong>τῆς</strong></span> <span class='ocrx_word' id='word_1_146' title='bbox 692 2099 1065 2171; x_wconf 78' lang='grc' dir='ltr'><strong>ἐξενεχθείσης</strong></span> <span class='ocrx_word' id='word_1_147' title='bbox 1108 2104 1408 2171; x_wconf 73' lang='grc' dir='ltr'><strong>καταγνοίη</strong></span> <span class='ocrx_word' id='word_1_148' title='bbox 1450 2104 1655 2171; x_wconf 68' lang='grc' dir='ltr'><strong>ψήφου.</strong></span> <span class='ocrx_word' id='word_1_149' title='bbox 1696 2102 1772 2172; x_wconf 71' lang='grc' dir='ltr'><strong>μὴ</strong></span> 
     </span>
    </p>
   </div>
   <div class='ocr_carea' id='block_1_23' title="bbox 196 2184 1773 2263">
    <p class='ocr_par' dir='ltr' id='par_1_23' title="bbox 196 2184 1773 2263">
     <span class='ocr_line' id='line_1_23' title="bbox 196 2184 1773 2263; baseline 0.007 -28"><span class='ocrx_word' id='word_1_150' title='bbox 196 2184 401 2247; x_wconf 74' lang='grc' dir='ltr'><strong>ἐξεῖναι</strong></span> <span class='ocrx_word' id='word_1_151' title='bbox 431 2187 647 2259; x_wconf 84' lang='grc' dir='ltr'><strong>θατέρῳ</strong></span> <span class='ocrx_word' id='word_1_152' title='bbox 677 2191 835 2259; x_wconf 89' lang='grc' dir='ltr'><strong>μέρει</strong></span> <span class='ocrx_word' id='word_1_153' title='bbox 862 2192 943 2253; x_wconf 86' lang='grc' dir='ltr'><strong>είς</strong></span> <span class='ocrx_word' id='word_1_154' title='bbox 976 2192 1038 2244; x_wconf 78' lang='grc' dir='ltr'><strong>τὸ</strong></span> <span class='ocrx_word' id='word_1_155' title='bbox 1069 2192 1169 2260; x_wconf 78' lang='grc' dir='ltr'><strong>τῆς</strong></span> <span class='ocrx_word' id='word_1_156' title='bbox 1200 2194 1472 2263; x_wconf 71' lang='grc' dir='ltr'><strong>ικκλήτου</strong></span> <span class='ocrx_word' id='word_1_157' title='bbox 1516 2194 1773 2261; x_wconf 79' lang='grc' dir='ltr'><strong>δικαστή-</strong></span> 
     </span>
    </p>
   </div>
   <div class='ocr_carea' id='block_1_24' title="bbox 198 2278 1772 2356">
    <p class='ocr_par' dir='ltr' id='par_1_24' title="bbox 198 2278 1772 2356">
     <span class='ocr_line' id='line_1_24' title="bbox 198 2278 1772 2356; baseline 0.01 -31"><span class='ocrx_word' id='word_1_158' title='bbox 198 2293 317 2343; x_wconf 87' lang='grc' dir='ltr'><strong>ριον</strong></span> <span class='ocrx_word' id='word_1_159' title='bbox 344 2278 523 2332; x_wconf 77' lang='grc' dir='ltr'><strong>ῑλκειν</strong></span> <span class='ocrx_word' id='word_1_160' title='bbox 560 2282 696 2351; x_wconf 68' lang='grc' dir='ltr'><strong>πρὸς</strong></span> <span class='ocrx_word' id='word_1_161' title='bbox 732 2284 1043 2354; x_wconf 78' lang='grc' dir='ltr'><strong>μαρτυρίαν</strong></span> <span class='ocrx_word' id='word_1_162' title='bbox 1078 2286 1169 2337; x_wconf 79' lang='grc' dir='ltr'><strong>τὸν</strong></span> <span class='ocrx_word' id='word_1_163' title='bbox 1219 2287 1484 2355; x_wconf 87' lang='grc' dir='ltr'><strong>πρότερον</strong></span> <span class='ocrx_word' id='word_1_164' title='bbox 1515 2287 1612 2356; x_wconf 76' lang='grc' dir='ltr'><strong>τὴν</strong></span> <span class='ocrx_word' id='word_1_165' title='bbox 1642 2286 1772 2339; x_wconf 80' lang='grc' dir='ltr'><strong>ὑπό-</strong></span> 
     </span>
    </p>
   </div>
   <div class='ocr_carea' id='block_1_25' title="bbox 196 2366 1768 2448">
    <p class='ocr_par' dir='ltr' id='par_1_25' title="bbox 196 2366 1768 2448">
     <span class='ocr_line' id='line_1_25' title="bbox 196 2366 1768 2448; baseline 0.012 -30"><span class='ocrx_word' id='word_1_166' title='bbox 196 2366 351 2419; x_wconf 83' lang='grc' dir='ltr'><strong>οεσιν</strong></span> <span class='ocrx_word' id='word_1_167' title='bbox 378 2369 773 2440; x_wconf 80' lang='grc' dir='ltr'><strong>δοκιμάσαντα,</strong></span> <span class='ocrx_word' id='word_1_168' title='bbox 811 2375 844 2445; x_wconf 73' lang='grc' dir='ltr'>ἢ</span> <span class='ocrx_word' id='word_1_169' title='bbox 882 2377 978 2429; x_wconf 77' lang='grc' dir='ltr'><strong>καὶ</strong></span> <span class='ocrx_word' id='word_1_170' title='bbox 1000 2378 1327 2447; x_wconf 80' lang='grc' dir='ltr'><strong>κρινομένης</strong></span> <span class='ocrx_word' id='word_1_171' title='bbox 1360 2378 1768 2448; x_wconf 82' lang='grc' dir='ltr'><strong>παρατυχόντα.</strong></span> 
     </span>
    </p>
   </div>
   <div class='ocr_carea' id='block_1_26' title="bbox 197 2457 1765 2539">
    <p class='ocr_par' dir='ltr' id='par_1_26' title="bbox 197 2457 1765 2539">
     <span class='ocr_line' id='line_1_26' title="bbox 197 2457 1765 2539; baseline 0.011 -32"><span class='ocrx_word' id='word_1_172' title='bbox 197 2457 337 2527; x_wconf 74' lang='grc' dir='ltr'><strong>μηδὲ</strong></span> <span class='ocrx_word' id='word_1_173' title='bbox 370 2460 495 2525; x_wconf 80' lang='grc' dir='ltr'><strong>τοὺς</strong></span> <span class='ocrx_word' id='word_1_174' title='bbox 539 2463 687 2530; x_wconf 72' lang='grc' dir='ltr'><strong>γένει</strong></span> <span class='ocrx_word' id='word_1_175' title='bbox 738 2467 1117 2536; x_wconf 80' lang='grc' dir='ltr'><strong>προσήκοντας</strong></span> <span class='ocrx_word' id='word_1_176' title='bbox 1172 2467 1575 2539; x_wconf 74' lang='grc' dir='ltr'><strong>προϐάλλεσθαι</strong></span> <span class='ocrx_word' id='word_1_177' title='bbox 1627 2468 1765 2537; x_wconf 83' lang='grc' dir='ltr'><strong>μάρ·</strong></span> 
     </span>
    </p>
   </div>
   <div class='ocr_carea' id='block_1_27' title="bbox 192 2565 390 2619">
    <p class='ocr_par' dir='ltr' id='par_1_27' title="bbox 192 2565 390 2619">
     <span class='ocr_line' id='line_1_27' title="bbox 192 2565 390 2619; baseline 0.02 -19"><span class='ocrx_word' id='word_1_178' title='bbox 192 2565 390 2619; x_wconf 70' lang='grc' dir='ltr'><strong>τυρσς.</strong></span> 
     </span>
    </p>
   </div>
   <div class='ocr_carea' id='block_1_28' title="bbox 883 2694 1091 2765">
    <p class='ocr_par' dir='ltr' id='par_1_28' title="bbox 883 2694 1091 2765">
     <span class='ocr_line' id='line_1_28' title="bbox 883 2694 1091 2765; baseline 0.01 -16"><span class='ocrx_word' id='word_1_179' title='bbox 883 2694 1091 2765; x_wconf 82' lang='grc' dir='ltr'><strong>Νόμοι.</strong></span> 
     </span>
    </p>
   </div>
   <div class='ocr_carea' id='block_1_29' title="bbox 282 2823 1427 2905">
    <p class='ocr_par' dir='ltr' id='par_1_29' title="bbox 282 2823 1427 2905">
     <span class='ocr_line' id='line_1_29' title="bbox 282 2823 1427 2905; baseline 0.004 -27"><span class='ocrx_word' id='word_1_180' title='bbox 282 2823 658 2890; x_wconf 78' lang='grc' dir='ltr'><strong>’Δξιοπίστους</strong></span> <span class='ocrx_word' id='word_1_181' title='bbox 694 2823 835 2881; x_wconf 79' lang='grc' dir='ltr'><strong>εἶναι</strong></span> <span class='ocrx_word' id='word_1_182' title='bbox 862 2829 943 2881; x_wconf 83' lang='grc' dir='ltr'><strong>δεῖ</strong></span> <span class='ocrx_word' id='word_1_183' title='bbox 965 2830 1092 2905; x_wconf 79' lang='grc' dir='ltr'><strong>τοὺς</strong></span> <span class='ocrx_word' id='word_1_184' title='bbox 1121 2829 1427 2901; x_wconf 85' lang='grc' dir='ltr'><strong>μάρτυρας.</strong></span> 
     </span>
    </p>
   </div>
   <div class='ocr_carea' id='block_1_30' title="bbox 272 2919 1765 2991">
    <p class='ocr_par' dir='ltr' id='par_1_30' title="bbox 272 2919 1765 2991">
     <span class='ocr_line' id='line_1_30' title="bbox 272 2919 1765 2991; baseline 0.001 -20"><span class='ocrx_word' id='word_1_185' title='bbox 272 2919 383 2971; x_wconf 66' lang='grc' dir='ltr'><strong>Καὶ</strong></span> <span class='ocrx_word' id='word_1_186' title='bbox 416 2921 758 2988; x_wconf 76' lang='grc' dir='ltr'><strong>παράγονται</strong></span> <span class='ocrx_word' id='word_1_187' title='bbox 797 2924 890 2973; x_wconf 70' lang='grc' dir='ltr'><strong>καὶ</strong></span> <span class='ocrx_word' id='word_1_188' title='bbox 916 2921 1009 2973; x_wconf 71' lang='grc' dir='ltr'><strong>ἐπὶ</strong></span> <span class='ocrx_word' id='word_1_189' title='bbox 1050 2922 1413 2991; x_wconf 84' lang='grc' dir='ltr'><strong>χρηματικῶν</strong></span> <span class='ocrx_word' id='word_1_190' title='bbox 1440 2922 1535 2973; x_wconf 77' lang='grc' dir='ltr'><strong>καὶ</strong></span> <span class='ocrx_word' id='word_1_191' title='bbox 1562 2920 1765 2991; x_wconf 73' lang='grc' dir='ltr'><strong>έγκλη-</strong></span> 
     </span>
    </p>
   </div>
   <div class='ocr_carea' id='block_1_31' title="bbox 199 3009 1765 3083">
    <p class='ocr_par' dir='ltr' id='par_1_31' title="bbox 199 3009 1765 3083">
     <span class='ocr_line' id='line_1_31' title="bbox 199 3009 1765 3083; baseline 0.004 -25"><span class='ocrx_word' id='word_1_192' title='bbox 199 3009 451 3076; x_wconf 72' lang='grc' dir='ltr'><strong>ματικιὶν</strong></span> <span class='ocrx_word' id='word_1_193' title='bbox 499 3009 830 3076; x_wconf 82' lang='grc' dir='ltr'><strong>ὑποθέσεων,</strong></span> <span class='ocrx_word' id='word_1_194' title='bbox 883 3012 932 3065; x_wconf 85' lang='grc' dir='ltr'><strong>εί</strong></span> <span class='ocrx_word' id='word_1_195' title='bbox 970 3012 1047 3083; x_wconf 76' lang='grc' dir='ltr'><strong>μὴ</strong></span> <span class='ocrx_word' id='word_1_196' title='bbox 1087 3012 1461 3083; x_wconf 74' lang='grc' dir='ltr'><strong>κεκωλυμένοι</strong></span> <span class='ocrx_word' id='word_1_197' title='bbox 1517 3013 1621 3066; x_wconf 79' lang='grc' dir='ltr'><strong>ὑπὸ</strong></span> <span class='ocrx_word' id='word_1_198' title='bbox 1673 3014 1765 3067; x_wconf 88' lang='grc' dir='ltr'><strong>τοῦ</strong></span> 
     </span>
    </p>
   </div>
   <div class='ocr_carea' id='block_1_32' title="bbox 193 3100 1026 3172">
    <p class='ocr_par' dir='ltr' id='par_1_32' title="bbox 193 3100 1026 3172">
     <span class='ocr_line' id='line_1_32' title="bbox 193 3100 1026 3172; baseline 0.008 -21"><span class='ocrx_word' id='word_1_199' title='bbox 193 3100 388 3168; x_wconf 79' lang='grc' dir='ltr'><strong>νόμου,</strong></span> <span class='ocrx_word' id='word_1_200' title='bbox 418 3103 450 3172; x_wconf 76' lang='grc' dir='ltr'>ἢ</span> <span class='ocrx_word' id='word_1_201' title='bbox 486 3102 1026 3172; x_wconf 77' lang='grc' dir='ltr'><strong>ἑξκουσατευόμενοι.</strong></span> 
     </span>
    </p>
   </div>
   <div class='ocr_carea' id='block_1_33' title="bbox 1880 643 3447 712">
    <p class='ocr_par' dir='ltr' id='par_1_33' title="bbox 1880 643 3447 712">
     <span class='ocr_line' id='line_1_33' title="bbox 1880 643 3447 712; baseline 0.003 -15"><span class='ocrx_word' id='word_1_202' title='bbox 1880 659 2141 698; x_wconf 76' lang='lat' dir='ltr'><strong>accuSare</strong></span> <span class='ocrx_word' id='word_1_203' title='bbox 2208 643 2583 712; x_wconf 88' lang='lat' dir='ltr'><strong>prohibentur,</strong></span> <span class='ocrx_word' id='word_1_204' title='bbox 2634 659 2730 699; x_wconf 84' lang='lat' dir='ltr'><strong>eos</strong></span> <span class='ocrx_word' id='word_1_205' title='bbox 2789 660 2887 699; x_wconf 86' lang='lat' dir='ltr'><strong>nec</strong></span> <span class='ocrx_word' id='word_1_206' title='bbox 2957 648 3047 711; x_wconf 65' lang='grc' dir='ltr'><strong>ιιι,</strong></span> <span class='ocrx_word' id='word_1_207' title='bbox 3076 646 3447 701; x_wconf 86' lang='lat' dir='ltr'><strong>testimonium</strong></span> 
     </span>
    </p>
   </div>
   <div class='ocr_carea' id='block_1_34' title="bbox 1878 735 3451 806">
    <p class='ocr_par' dir='ltr' id='par_1_34' title="bbox 1878 735 3451 806">
     <span class='ocr_line' id='line_1_34' title="bbox 1878 735 3451 806; baseline 0.003 -17"><span class='ocrx_word' id='word_1_208' title='bbox 1878 736 2164 789; x_wconf 74' lang='lat' dir='ltr'><strong>admittere</strong></span> <span class='ocrx_word' id='word_1_209' title='bbox 2199 744 2411 802; x_wconf 95' lang='lat' dir='ltr'><strong>oportet</strong></span> <span class='ocrx_word' id='word_1_210' title='bbox 2460 750 2475 796; x_wconf 87' lang='lat'><strong>;</strong></span> <span class='ocrx_word' id='word_1_211' title='bbox 2517 749 2610 788; x_wconf 88' lang='lat' dir='ltr'><strong>eos</strong></span> <span class='ocrx_word' id='word_1_212' title='bbox 2644 751 2770 789; x_wconf 83' lang='lat' dir='ltr'><strong>vero</strong></span> <span class='ocrx_word' id='word_1_213' title='bbox 2812 735 2903 804; x_wconf 85' lang='lat' dir='ltr'><strong>qui</strong></span> <span class='ocrx_word' id='word_1_214' title='bbox 2942 737 3119 806; x_wconf 84' lang='lat' dir='ltr'><strong>quoad</strong></span> <span class='ocrx_word' id='word_1_215' title='bbox 3151 739 3313 791; x_wconf 91' lang='lat' dir='ltr'><strong>vitam</strong></span> <span class='ocrx_word' id='word_1_216' title='bbox 3352 740 3451 793; x_wconf 88' lang='lat' dir='ltr'><strong>ho-</strong></span> 
     </span>
    </p>
   </div>
   <div class='ocr_carea' id='block_1_35' title="bbox 1880 829 3445 897">
    <p class='ocr_par' dir='ltr' id='par_1_35' title="bbox 1880 829 3445 897">
     <span class='ocr_line' id='line_1_35' title="bbox 1880 829 3445 897; baseline 0.001 -16"><span class='ocrx_word' id='word_1_217' title='bbox 1880 829 2016 881; x_wconf 78' lang='lat' dir='ltr'><strong>nesti</strong></span> <span class='ocrx_word' id='word_1_218' title='bbox 2068 838 2235 888; x_wconf 87' lang='lat' dir='ltr'><strong>sunt.</strong></span> <span class='ocrx_word' id='word_1_219' title='bbox 2298 844 2530 897; x_wconf 87' lang='lat' dir='ltr'><strong>quorum</strong></span> <span class='ocrx_word' id='word_1_220' title='bbox 2601 829 2976 882; x_wconf 87' lang='lat' dir='ltr'><strong>testimonium</strong></span> <span class='ocrx_word' id='word_1_221' title='bbox 3029 832 3136 883; x_wconf 71' lang='lat' dir='ltr'><strong>vita</strong></span> <span class='ocrx_word' id='word_1_222' title='bbox 3199 842 3445 885; x_wconf 79' lang='lat' dir='ltr'><strong>anteacta</strong></span> 
     </span>
    </p>
   </div>
   <div class='ocr_carea' id='block_1_36' title="bbox 1878 921 3447 988">
    <p class='ocr_par' dir='ltr' id='par_1_36' title="bbox 1878 921 3447 988">
     <span class='ocr_line' id='line_1_36' title="bbox 1878 921 3447 988; baseline 0.001 -14"><span class='ocrx_word' id='word_1_223' title='bbox 1878 921 2340 988; x_wconf 84' lang='lat' dir='ltr'><strong>comprobaverit,</strong></span> <span class='ocrx_word' id='word_1_224' title='bbox 2375 936 2481 973; x_wconf 88' lang='lat' dir='ltr'><strong>non</strong></span> <span class='ocrx_word' id='word_1_225' title='bbox 2529 921 2838 987; x_wconf 88' lang='lat' dir='ltr'><strong>impuberes</strong></span> <span class='ocrx_word' id='word_1_226' title='bbox 2870 935 3014 982; x_wconf 86' lang='lat' dir='ltr'><strong>esse.</strong></span> <span class='ocrx_word' id='word_1_227' title='bbox 3043 924 3201 976; x_wconf 85' lang='lat' dir='ltr'><strong>annis</strong></span> <span class='ocrx_word' id='word_1_228' title='bbox 3242 925 3447 978; x_wconf 89' lang='lat' dir='ltr'><strong>scilicet</strong></span> 
     </span>
    </p>
   </div>
   <div class='ocr_carea' id='block_1_37' title="bbox 1878 1016 3445 1085">
    <p class='ocr_par' dir='ltr' id='par_1_37' title="bbox 1878 1016 3445 1085">
     <span class='ocr_line' id='line_1_37' title="bbox 1878 1016 3445 1085; baseline 0.002 -19"><span class='ocrx_word' id='word_1_229' title='bbox 1878 1017 2294 1085; x_wconf 88' lang='lat' dir='ltr'><strong>quatuordeeim</strong></span> <span class='ocrx_word' id='word_1_230' title='bbox 2367 1018 2646 1079; x_wconf 74' lang='lat' dir='ltr'><strong>minores,</strong></span> <span class='ocrx_word' id='word_1_231' title='bbox 2699 1017 2841 1085; x_wconf 87' lang='lat' dir='ltr'><strong>quod</strong></span> <span class='ocrx_word' id='word_1_232' title='bbox 2913 1032 3105 1070; x_wconf 87' lang='lat' dir='ltr'><strong>eorum</strong></span> <span class='ocrx_word' id='word_1_233' title='bbox 3177 1016 3445 1083; x_wconf 83' lang='lat' dir='ltr'><strong>judicium</strong></span> 
     </span>
    </p>
   </div>
   <div class='ocr_carea' id='block_1_38' title="bbox 1879 1103 3447 1172">
    <p class='ocr_par' dir='ltr' id='par_1_38' title="bbox 1879 1103 3447 1172">
     <span class='ocr_line' id='line_1_38' title="bbox 1879 1103 3447 1172; baseline 0.001 -16"><span class='ocrx_word' id='word_1_234' title='bbox 1879 1105 2094 1157; x_wconf 73' lang='lat' dir='ltr'><strong>{trinum</strong></span> <span class='ocrx_word' id='word_1_235' title='bbox 2136 1119 2241 1156; x_wconf 90' lang='lat' dir='ltr'><strong>non</strong></span> <span class='ocrx_word' id='word_1_236' title='bbox 2276 1103 2367 1156; x_wconf 90' lang='lat' dir='ltr'><strong>sit.</strong></span> <span class='ocrx_word' id='word_1_237' title='bbox 2408 1105 2633 1171; x_wconf 92' lang='lat' dir='ltr'><strong>Insuper</strong></span> <span class='ocrx_word' id='word_1_238' title='bbox 2683 1120 2785 1158; x_wconf 90' lang='lat' dir='ltr'><strong>nec</strong></span> <span class='ocrx_word' id='word_1_239' title='bbox 2825 1116 3201 1159; x_wconf 76' lang='lat' dir='ltr'><strong>accusatorem</strong></span> <span class='ocrx_word' id='word_1_240' title='bbox 3240 1106 3447 1172; x_wconf 85' lang='lat' dir='ltr'><strong>produ-</strong></span> 
     </span>
    </p>
   </div>
   <div class='ocr_carea' id='block_1_39' title="bbox 1879 1197 3432 1265">
    <p class='ocr_par' dir='ltr' id='par_1_39' title="bbox 1879 1197 3432 1265">
     <span class='ocr_line' id='line_1_39' title="bbox 1879 1197 3432 1265; baseline 0 -16"><span class='ocrx_word' id='word_1_241' title='bbox 1879 1211 2002 1249; x_wconf 85' lang='lat' dir='ltr'><strong>cere</strong></span> <span class='ocrx_word' id='word_1_242' title='bbox 2039 1205 2252 1265; x_wconf 81' lang='lat' dir='ltr'><strong>oportet</strong></span> <span class='ocrx_word' id='word_1_243' title='bbox 2295 1205 2459 1251; x_wconf 79' lang='lat' dir='ltr'><strong>testes</strong></span> <span class='ocrx_word' id='word_1_244' title='bbox 2498 1197 2857 1260; x_wconf 84' lang='lat' dir='ltr'><strong>domesticos,</strong></span> <span class='ocrx_word' id='word_1_245' title='bbox 2892 1209 2948 1251; x_wconf 92' lang='lat' dir='ltr'><strong>et</strong></span> <span class='ocrx_word' id='word_1_246' title='bbox 2982 1199 3073 1264; x_wconf 87' lang='lat' dir='ltr'><strong>qui</strong></span> <span class='ocrx_word' id='word_1_247' title='bbox 3129 1198 3232 1251; x_wconf 92' lang='lat' dir='ltr'><strong>sub</strong></span> <span class='ocrx_word' id='word_1_248' title='bbox 3296 1208 3432 1262; x_wconf 49' lang='lat' dir='ltr'><strong>pote.</strong></span> 
     </span>
    </p>
   </div>
   <div class='ocr_carea' id='block_1_40' title="bbox 1878 1287 3447 1357">
    <p class='ocr_par' dir='ltr' id='par_1_40' title="bbox 1878 1287 3447 1357">
     <span class='ocr_line' id='line_1_40' title="bbox 1878 1287 3447 1357; baseline -0.001 -16"><span class='ocrx_word' id='word_1_249' title='bbox 1878 1296 2024 1341; x_wconf 81' lang='lat' dir='ltr'><strong>state</strong></span> <span class='ocrx_word' id='word_1_250' title='bbox 2051 1295 2179 1341; x_wconf 89' lang='lat' dir='ltr'><strong>sunt</strong></span> <span class='ocrx_word' id='word_1_251' title='bbox 2199 1288 2276 1341; x_wconf 84' lang='lat' dir='ltr'><strong>\el</strong></span> <span class='ocrx_word' id='word_1_252' title='bbox 2300 1287 2550 1354; x_wconf 83' lang='lat' dir='ltr'><strong>subjecti.</strong></span> <span class='ocrx_word' id='word_1_253' title='bbox 2584 1303 2745 1355; x_wconf 82' lang='lat' dir='ltr'><strong>quos,</strong></span> <span class='ocrx_word' id='word_1_254' title='bbox 2773 1289 2875 1343; x_wconf 83' lang='lat' dir='ltr'><strong>nisi</strong></span> <span class='ocrx_word' id='word_1_255' title='bbox 2917 1290 3057 1356; x_wconf 86' lang='lat' dir='ltr'><strong>quod</strong></span> <span class='ocrx_word' id='word_1_256' title='bbox 3096 1290 3209 1357; x_wconf 87' lang='lat' dir='ltr'><strong>ipse</strong></span> <span class='ocrx_word' id='word_1_257' title='bbox 3235 1291 3447 1355; x_wconf 84' lang='lat' dir='ltr'><strong>probet,</strong></span> 
     </span>
    </p>
   </div>
   <div class='ocr_carea' id='block_1_41' title="bbox 1878 1379 3449 1446">
    <p class='ocr_par' dir='ltr' id='par_1_41' title="bbox 1878 1379 3449 1446">
     <span class='ocr_line' id='line_1_41' title="bbox 1878 1379 3449 1446; baseline 0.002 -17"><span class='ocrx_word' id='word_1_258' title='bbox 1878 1379 2137 1439; x_wconf 79' lang='lat' dir='ltr'><strong>dixerint.</strong></span> <span class='ocrx_word' id='word_1_259' title='bbox 2195 1379 2456 1446; x_wconf 77' lang='lat' dir='ltr'><strong>puniendi</strong></span> <span class='ocrx_word' id='word_1_260' title='bbox 2518 1388 2844 1444; x_wconf 84' lang='lat' dir='ltr'><strong>potestatem</strong></span> <span class='ocrx_word' id='word_1_261' title='bbox 2913 1379 3098 1432; x_wconf 87' lang='lat' dir='ltr'><strong>habet.</strong></span> <span class='ocrx_word' id='word_1_262' title='bbox 3154 1380 3258 1443; x_wconf 87' lang='lat' dir='ltr'><strong>Qui</strong></span> <span class='ocrx_word' id='word_1_263' title='bbox 3320 1394 3449 1433; x_wconf 84' lang='lat' dir='ltr'><strong>vero</strong></span> 
     </span>
    </p>
   </div>
   <div class='ocr_carea' id='block_1_42' title="bbox 1881 1470 3449 1532">
    <p class='ocr_par' dir='ltr' id='par_1_42' title="bbox 1881 1470 3449 1532">
     <span class='ocr_line' id='line_1_42' title="bbox 1881 1470 3449 1532; baseline -0.001 -8"><span class='ocrx_word' id='word_1_264' title='bbox 1881 1471 2247 1524; x_wconf 82' lang='lat' dir='ltr'><strong>honestiorem</strong></span> <span class='ocrx_word' id='word_1_265' title='bbox 2287 1471 2336 1522; x_wconf 94' lang='lat' dir='ltr'><strong>in</strong></span> <span class='ocrx_word' id='word_1_266' title='bbox 2376 1470 2576 1522; x_wconf 79' lang='lat' dir='ltr'><strong>familia</strong></span> <span class='ocrx_word' id='word_1_267' title='bbox 2611 1471 2791 1524; x_wconf 91' lang='lat' dir='ltr'><strong>locum</strong></span> <span class='ocrx_word' id='word_1_268' title='bbox 2822 1471 3089 1532; x_wconf 85' lang='lat' dir='ltr'><strong>obtinent,</strong></span> <span class='ocrx_word' id='word_1_269' title='bbox 3137 1470 3449 1524; x_wconf 77' lang='lat' dir='ltr'><strong>sacerdoms</strong></span> 
     </span>
    </p>
   </div>
   <div class='ocr_carea' id='block_1_43' title="bbox 1878 1561 3440 1630">
    <p class='ocr_par' dir='ltr' id='par_1_43' title="bbox 1878 1561 3440 1630">
     <span class='ocr_line' id='line_1_43' title="bbox 1878 1561 3440 1630; baseline -0.001 -16"><span class='ocrx_word' id='word_1_270' title='bbox 1878 1561 2108 1621; x_wconf 85' lang='lat' dir='ltr'><strong>scilicet,</strong></span> <span class='ocrx_word' id='word_1_271' title='bbox 2148 1572 2202 1615; x_wconf 73' lang='lat' dir='ltr'><strong>et</strong></span> <span class='ocrx_word' id='word_1_272' title='bbox 2245 1561 2481 1624; x_wconf 82' lang='lat' dir='ltr'><strong>diaconi,</strong></span> <span class='ocrx_word' id='word_1_273' title='bbox 2511 1574 2559 1615; x_wconf 91' lang='lat' dir='ltr'><strong>et</strong></span> <span class='ocrx_word' id='word_1_274' title='bbox 2605 1564 2809 1627; x_wconf 82' lang='lat' dir='ltr'><strong>clerici,</strong></span> <span class='ocrx_word' id='word_1_275' title='bbox 2841 1564 2931 1630; x_wconf 87' lang='lat' dir='ltr'><strong>qui</strong></span> <span class='ocrx_word' id='word_1_276' title='bbox 2973 1564 3300 1616; x_wconf 84' lang='lat' dir='ltr'><strong>mathemata</strong></span> <span class='ocrx_word' id='word_1_277' title='bbox 3344 1563 3440 1615; x_wconf 87' lang='lat' dir='ltr'><strong>cal-</strong></span> 
     </span>
    </p>
   </div>
   <div class='ocr_carea' id='block_1_44' title="bbox 1878 1650 3444 1722">
    <p class='ocr_par' dir='ltr' id='par_1_44' title="bbox 1878 1650 3444 1722">
     <span class='ocr_line' id='line_1_44' title="bbox 1878 1650 3444 1722; baseline 0.003 -20"><span class='ocrx_word' id='word_1_278' title='bbox 1878 1650 2009 1711; x_wconf 87' lang='lat' dir='ltr'><strong>lent,</strong></span> <span class='ocrx_word' id='word_1_279' title='bbox 2051 1666 2078 1703; x_wconf 91' lang='lat' dir='ltr'><strong>a</strong></span> <span class='ocrx_word' id='word_1_280' title='bbox 2115 1653 2428 1705; x_wconf 78' lang='lat' dir='ltr'><strong>testimonio</strong></span> <span class='ocrx_word' id='word_1_281' title='bbox 2462 1653 2693 1706; x_wconf 89' lang='lat' dir='ltr'><strong>dicendo</strong></span> <span class='ocrx_word' id='word_1_282' title='bbox 2727 1670 3070 1722; x_wconf 81' lang='lat' dir='ltr'><strong>nequaquam</strong></span> <span class='ocrx_word' id='word_1_283' title='bbox 3109 1654 3444 1721; x_wconf 77' lang='lat' dir='ltr'><strong>rejiricntur.</strong></span> 
     </span>
    </p>
   </div>
   <div class='ocr_carea' id='block_1_45' title="bbox 1948 1741 3442 1812">
    <p class='ocr_par' dir='ltr' id='par_1_45' title="bbox 1948 1741 3442 1812">
     <span class='ocr_line' id='line_1_45' title="bbox 1948 1741 3442 1812; baseline 0.004 -20"><span class='ocrx_word' id='word_1_284' title='bbox 1948 1741 2174 1809; x_wconf 86' lang='lat' dir='ltr'><strong>insuper</strong></span> <span class='ocrx_word' id='word_1_285' title='bbox 2208 1756 2383 1796; x_wconf 91' lang='lat' dir='ltr'><strong>canon</strong></span> <span class='ocrx_word' id='word_1_286' title='bbox 2420 1744 2507 1806; x_wconf 84' lang='grc'><strong>59,</strong></span> <span class='ocrx_word' id='word_1_287' title='bbox 2541 1743 2595 1797; x_wconf 90' lang='lat' dir='ltr'><strong>Si</strong></span> <span class='ocrx_word' id='word_1_288' title='bbox 2631 1746 2835 1808; x_wconf 80' lang='lat' dir='ltr'><strong>clerici,</strong></span> <span class='ocrx_word' id='word_1_289' title='bbox 2864 1746 3060 1812; x_wconf 84' lang='lat' dir='ltr'><strong>inquit.</strong></span> <span class='ocrx_word' id='word_1_290' title='bbox 3097 1746 3148 1797; x_wconf 92' lang='lat' dir='ltr'><strong>in</strong></span> <span class='ocrx_word' id='word_1_291' title='bbox 3193 1744 3312 1797; x_wconf 83' lang='lat' dir='ltr'><strong>foro</strong></span> <span class='ocrx_word' id='word_1_292' title='bbox 3350 1760 3442 1797; x_wconf 85' lang='lat' dir='ltr'><strong>ec—</strong></span> 
     </span>
    </p>
   </div>
   <div class='ocr_carea' id='block_1_46' title="bbox 1878 1834 3440 1902">
    <p class='ocr_par' dir='ltr' id='par_1_46' title="bbox 1878 1834 3440 1902">
     <span class='ocr_line' id='line_1_46' title="bbox 1878 1834 3440 1902; baseline 0.001 -17"><span class='ocrx_word' id='word_1_293' title='bbox 1878 1835 2184 1887; x_wconf 85' lang='lat' dir='ltr'><strong>clesiastico</strong></span> <span class='ocrx_word' id='word_1_294' title='bbox 2228 1834 2457 1901; x_wconf 82' lang='lat' dir='ltr'><strong>jndicati</strong></span> <span class='ocrx_word' id='word_1_295' title='bbox 2514 1836 2737 1900; x_wconf 87' lang='lat' dir='ltr'><strong>l&#39;ucrint,</strong></span> <span class='ocrx_word' id='word_1_296' title='bbox 2768 1838 2917 1889; x_wconf 88' lang='lat' dir='ltr'><strong>dicto</strong></span> <span class='ocrx_word' id='word_1_297' title='bbox 2972 1838 3268 1902; x_wconf 89' lang='lat' dir='ltr'><strong>apostolico</strong></span> <span class='ocrx_word' id='word_1_298' title='bbox 3312 1852 3440 1889; x_wconf 72' lang='lat' dir='ltr'><strong>cono</strong></span> 
     </span>
    </p>
   </div>
   <div class='ocr_carea' id='block_1_47' title="bbox 1878 1904 3440 1993">
    <p class='ocr_par' dir='ltr' id='par_1_47' title="bbox 1878 1904 3440 1993">
     <span class='ocr_line' id='line_1_47' title="bbox 1878 1904 3440 1993; baseline 0.001 -20"><span class='ocrx_word' id='word_1_299' title='bbox 1878 1904 2169 1990; x_wconf 70' lang='lat' dir='ltr'><strong>sequenter</strong></span> <span class='ocrx_word' id='word_1_300' title='bbox 2200 1942 2212 1975; x_wconf 88' lang='lat'><strong>:</strong></span> <span class='ocrx_word' id='word_1_301' title='bbox 2250 1942 2267 1970; x_wconf 77' lang='grc' dir='ltr'><strong>ι</strong></span> <span class='ocrx_word' id='word_1_302' title='bbox 2302 1924 2477 1977; x_wconf 77' lang='lat' dir='ltr'><strong>Audet</strong></span> <span class='ocrx_word' id='word_1_303' title='bbox 2504 1926 2629 1993; x_wconf 87' lang='lat' dir='ltr'><strong>quis</strong></span> <span class='ocrx_word' id='word_1_304' title='bbox 2651 1936 2891 1977; x_wconf 87' lang='lat' dir='ltr'><strong>vestrum</strong></span> <span class='ocrx_word' id='word_1_305' title='bbox 2927 1926 3131 1977; x_wconf 85' lang='lat' dir='ltr'><strong>habens</strong></span> <span class='ocrx_word' id='word_1_306' title='bbox 3165 1924 3440 1992; x_wconf 75' lang='lat' dir='ltr'><strong>negotium</strong></span> 
     </span>
    </p>
   </div>
   <div class='ocr_carea' id='block_1_48' title="bbox 1875 2015 3435 2083">
    <p class='ocr_par' dir='ltr' id='par_1_48' title="bbox 1875 2015 3435 2083">
     <span class='ocr_line' id='line_1_48' title="bbox 1875 2015 3435 2083; baseline -0.002 -15"><span class='ocrx_word' id='word_1_307' title='bbox 1875 2016 1975 2068; x_wconf 79' lang='lat' dir='ltr'><strong>Sttb</strong></span> <span class='ocrx_word' id='word_1_308' title='bbox 2000 2015 2420 2083; x_wconf 87' lang='lat' dir='ltr'><strong>iniquisjudicio</strong></span> <span class='ocrx_word' id='word_1_309' title='bbox 2442 2015 2863 2077; x_wconf 88' lang='lat' dir='ltr'><strong>contendere,et</strong></span> <span class='ocrx_word' id='word_1_310' title='bbox 2893 2030 2997 2067; x_wconf 91' lang='lat' dir='ltr'><strong>non</strong></span> <span class='ocrx_word' id='word_1_311' title='bbox 3020 2016 3122 2069; x_wconf 91' lang='lat' dir='ltr'><strong>sub</strong></span> <span class='ocrx_word' id='word_1_312' title='bbox 3143 2015 3383 2068; x_wconf 82' lang='lat' dir='ltr'><strong>sanctis:</strong></span> <span class='ocrx_word' id='word_1_313' title='bbox 3418 2034 3435 2065; x_wconf 76' lang='grc' dir='ltr'><strong>ι</strong></span> 
     </span>
    </p>
   </div>
   <div class='ocr_carea' id='block_1_49' title="bbox 1873 2106 3444 2173">
    <p class='ocr_par' dir='ltr' id='par_1_49' title="bbox 1873 2106 3444 2173">
     <span class='ocr_line' id='line_1_49' title="bbox 1873 2106 3444 2173; baseline -0.001 -15"><span class='ocrx_word' id='word_1_314' title='bbox 1873 2115 1926 2158; x_wconf 85' lang='lat' dir='ltr'><strong>et</strong></span> <span class='ocrx_word' id='word_1_315' title='bbox 1978 2121 2083 2159; x_wconf 84' lang='lat' dir='ltr'><strong>una</strong></span> <span class='ocrx_word' id='word_1_316' title='bbox 2142 2121 2267 2173; x_wconf 88' lang='lat' dir='ltr'><strong>pars</strong></span> <span class='ocrx_word' id='word_1_317' title='bbox 2315 2106 2641 2159; x_wconf 88' lang='lat' dir='ltr'><strong>sententiam</strong></span> <span class='ocrx_word' id='word_1_318' title='bbox 2681 2107 2945 2173; x_wconf 82' lang='lat' dir='ltr'><strong>prolatam</strong></span> <span class='ocrx_word' id='word_1_319' title='bbox 2982 2107 3343 2166; x_wconf 79' lang='lat' dir='ltr'><strong>damnaverit,</strong></span> <span class='ocrx_word' id='word_1_320' title='bbox 3378 2122 3444 2158; x_wconf 84' lang='lat' dir='ltr'><strong>ne</strong></span> 
     </span>
    </p>
   </div>
   <div class='ocr_carea' id='block_1_50' title="bbox 1876 2196 3442 2265">
    <p class='ocr_par' dir='ltr' id='par_1_50' title="bbox 1876 2196 3442 2265">
     <span class='ocr_line' id='line_1_50' title="bbox 1876 2196 3442 2265; baseline -0.002 -16"><span class='ocrx_word' id='word_1_321' title='bbox 1876 2196 2032 2249; x_wconf 83' lang='lat' dir='ltr'><strong>liceat</strong></span> <span class='ocrx_word' id='word_1_322' title='bbox 2082 2196 2235 2248; x_wconf 89' lang='lat' dir='ltr'><strong>alteri</strong></span> <span class='ocrx_word' id='word_1_323' title='bbox 2284 2198 2422 2264; x_wconf 90' lang='lat' dir='ltr'><strong>parti</strong></span> <span class='ocrx_word' id='word_1_324' title='bbox 2482 2211 2606 2249; x_wconf 90' lang='lat' dir='ltr'><strong>eum</strong></span> <span class='ocrx_word' id='word_1_325' title='bbox 2642 2196 2735 2265; x_wconf 92' lang='lat' dir='ltr'><strong>qui</strong></span> <span class='ocrx_word' id='word_1_326' title='bbox 2769 2211 2996 2251; x_wconf 83' lang='lat' dir='ltr'><strong>causam</strong></span> <span class='ocrx_word' id='word_1_327' title='bbox 3039 2198 3191 2265; x_wconf 88' lang='lat' dir='ltr'><strong>prius</strong></span> <span class='ocrx_word' id='word_1_328' title='bbox 3230 2198 3442 2250; x_wconf 66' lang='lat' dir='ltr'><strong>exami-</strong></span> 
     </span>
    </p>
   </div>
   <div class='ocr_carea' id='block_1_51' title="bbox 1873 2287 3440 2351">
    <p class='ocr_par' dir='ltr' id='par_1_51' title="bbox 1873 2287 3440 2351">
     <span class='ocr_line' id='line_1_51' title="bbox 1873 2287 3440 2351; baseline 0 -12"><span class='ocrx_word' id='word_1_329' title='bbox 1873 2289 2038 2350; x_wconf 87' lang='lat' dir='ltr'><strong>navit,</strong></span> <span class='ocrx_word' id='word_1_330' title='bbox 2071 2288 2152 2340; x_wconf 86' lang='lat' dir='ltr'><strong>vel</strong></span> <span class='ocrx_word' id='word_1_331' title='bbox 2188 2287 2581 2341; x_wconf 78' lang='lat' dir='ltr'><strong>examinationi</strong></span> <span class='ocrx_word' id='word_1_332' title='bbox 2630 2287 2899 2351; x_wconf 82' lang='lat' dir='ltr'><strong>interfuit,</strong></span> <span class='ocrx_word' id='word_1_333' title='bbox 2935 2289 3000 2341; x_wconf 90' lang='lat' dir='ltr'><strong>ad</strong></span> <span class='ocrx_word' id='word_1_334' title='bbox 3053 2287 3231 2341; x_wconf 82' lang='lat' dir='ltr'><strong>l&#39;orum</strong></span> <span class='ocrx_word' id='word_1_335' title='bbox 3264 2288 3440 2341; x_wconf 76' lang='lat' dir='ltr'><strong>eccle-</strong></span> 
     </span>
    </p>
   </div>
   <div class='ocr_carea' id='block_1_52' title="bbox 1872 2380 3547 2449">
    <p class='ocr_par' dir='ltr' id='par_1_52' title="bbox 1872 2380 3547 2449">
     <span class='ocr_line' id='line_1_52' title="bbox 1872 2380 3547 2449; baseline 0 -15"><span class='ocrx_word' id='word_1_336' title='bbox 1872 2381 2154 2434; x_wconf 90' lang='lat' dir='ltr'><strong>sia’stieum</strong></span> <span class='ocrx_word' id='word_1_337' title='bbox 2200 2381 2498 2433; x_wconf 87' lang='lat' dir='ltr'><strong>testimonii</strong></span> <span class='ocrx_word' id='word_1_338' title='bbox 2531 2380 2745 2433; x_wconf 80' lang='lat' dir='ltr'><strong>dicendi</strong></span> <span class='ocrx_word' id='word_1_339' title='bbox 2784 2396 2951 2435; x_wconf 81' lang='lat' dir='ltr'><strong>causa</strong></span> <span class='ocrx_word' id='word_1_340' title='bbox 2982 2380 3220 2445; x_wconf 86' lang='lat' dir='ltr'><strong>trahere,</strong></span> <span class='ocrx_word' id='word_1_341' title='bbox 3264 2395 3440 2449; x_wconf 83' lang='lat' dir='ltr'><strong>neque</strong></span> <span class='ocrx_word' id='word_1_342' title='bbox 3528 2400 3547 2411; x_wconf 83' lang='grc'><strong>··</strong></span> 
     </span>
    </p>
   </div>
   <div class='ocr_carea' id='block_1_53' title="bbox 1874 2473 3195 2543">
    <p class='ocr_par' dir='ltr' id='par_1_53' title="bbox 1874 2473 3195 2543">
     <span class='ocr_line' id='line_1_53' title="bbox 1874 2473 3195 2543; baseline 0.005 -20"><span class='ocrx_word' id='word_1_343' title='bbox 1874 2474 2281 2543; x_wconf 79' lang='lat' dir='ltr'><strong>pt-Opinquitate</strong></span> <span class='ocrx_word' id='word_1_344' title='bbox 2312 2473 2635 2541; x_wconf 76' lang='lat' dir='ltr'><strong>coniunctos</strong></span> <span class='ocrx_word' id='word_1_345' title='bbox 2671 2483 2838 2528; x_wconf 84' lang='lat' dir='ltr'><strong>testes</strong></span> <span class='ocrx_word' id='word_1_346' title='bbox 2873 2474 3195 2542; x_wconf 81' lang='lat' dir='ltr'><strong>producere.</strong></span> 
     </span>
    </p>
   </div>
   <div class='ocr_carea' id='block_1_54' title="bbox 2579 2692 2754 2762">
    <p class='ocr_par' dir='ltr' id='par_1_54' title="bbox 2579 2692 2754 2762">
     <span class='ocr_line' id='line_1_54' title="bbox 2579 2692 2754 2762; baseline 0.006 -17"><span class='ocrx_word' id='word_1_347' title='bbox 2579 2692 2754 2762; x_wconf 72' lang='lat' dir='ltr'><strong>Leges.</strong></span> 
     </span>
    </p>
   </div>
   <div class='ocr_carea' id='block_1_55' title="bbox 1938 2821 2891 2894">
    <p class='ocr_par' dir='ltr' id='par_1_55' title="bbox 1938 2821 2891 2894">
     <span class='ocr_line' id='line_1_55' title="bbox 1938 2821 2891 2894; baseline 0.001 -16"><span class='ocrx_word' id='word_1_348' title='bbox 1938 2821 2133 2879; x_wconf 87' lang='lat' dir='ltr'><strong>Testes</strong></span> <span class='ocrx_word' id='word_1_349' title='bbox 2165 2824 2268 2878; x_wconf 84' lang='lat' dir='ltr'><strong>lide</strong></span> <span class='ocrx_word' id='word_1_350' title='bbox 2303 2825 2497 2894; x_wconf 77' lang='lat' dir='ltr'><strong>dignos</strong></span> <span class='ocrx_word' id='word_1_351' title='bbox 2531 2840 2652 2879; x_wconf 88' lang='lat' dir='ltr'><strong>esse</strong></span> <span class='ocrx_word' id='word_1_352' title='bbox 2678 2834 2891 2893; x_wconf 89' lang='lat' dir='ltr'><strong>oportet</strong></span> 
     </span>
    </p>
   </div>
   <div class='ocr_carea' id='block_1_56' title="bbox 1942 2915 3431 2985">
    <p class='ocr_par' dir='ltr' id='par_1_56' title="bbox 1942 2915 3431 2985">
     <span class='ocr_line' id='line_1_56' title="bbox 1942 2915 3431 2985; baseline 0.002 -18"><span class='ocrx_word' id='word_1_353' title='bbox 1942 2916 2304 2983; x_wconf 82' lang='lat' dir='ltr'><strong>Adhiberique</strong></span> <span class='ocrx_word' id='word_1_354' title='bbox 2356 2922 2586 2982; x_wconf 87' lang='lat' dir='ltr'><strong>possunt</strong></span> <span class='ocrx_word' id='word_1_355' title='bbox 2639 2923 2748 2967; x_wconf 84' lang='lat' dir='ltr'><strong>tant</strong></span> <span class='ocrx_word' id='word_1_356' title='bbox 2786 2915 2838 2967; x_wconf 92' lang='lat' dir='ltr'><strong>in</strong></span> <span class='ocrx_word' id='word_1_357' title='bbox 2884 2917 3216 2984; x_wconf 79' lang='lat' dir='ltr'><strong>pecuniariis</strong></span> <span class='ocrx_word' id='word_1_358' title='bbox 3268 2932 3431 2985; x_wconf 79' lang='lat' dir='ltr'><strong>quam</strong></span> 
     </span>
    </p>
   </div>
   <div class='ocr_carea' id='block_1_57' title="bbox 1867 3006 3435 3076">
    <p class='ocr_par' dir='ltr' id='par_1_57' title="bbox 1867 3006 3435 3076">
     <span class='ocr_line' id='line_1_57' title="bbox 1867 3006 3435 3076; baseline 0.001 -16"><span class='ocrx_word' id='word_1_359' title='bbox 1867 3008 2241 3060; x_wconf 69' lang='lat' dir='ltr'><strong>eriminalibus</strong></span> <span class='ocrx_word' id='word_1_360' title='bbox 2294 3006 2476 3059; x_wconf 72' lang='lat' dir='ltr'><strong>causis</strong></span> <span class='ocrx_word' id='word_1_361' title='bbox 2523 3007 2573 3058; x_wconf 92' lang='lat' dir='ltr'><strong>hi</strong></span> <span class='ocrx_word' id='word_1_362' title='bbox 2626 3008 2825 3076; x_wconf 78' lang='lat' dir='ltr'><strong>quibus</strong></span> <span class='ocrx_word' id='word_1_363' title='bbox 2853 3008 2967 3071; x_wconf 72' lang='lat' dir='ltr'><strong>lege</strong></span> <span class='ocrx_word' id='word_1_364' title='bbox 3008 3024 3115 3060; x_wconf 90' lang='lat' dir='ltr'><strong>non</strong></span> <span class='ocrx_word' id='word_1_365' title='bbox 3153 3010 3435 3062; x_wconf 76' lang='lat' dir='ltr'><strong>interdici-</strong></span> 
     </span>
    </p>
   </div>
   <div class='ocr_carea' id='block_1_58' title="bbox 1867 3098 3149 3164">
    <p class='ocr_par' dir='ltr' id='par_1_58' title="bbox 1867 3098 3149 3164">
     <span class='ocr_line' id='line_1_58' title="bbox 1867 3098 3149 3164; baseline 0.001 -13"><span class='ocrx_word' id='word_1_366' title='bbox 1867 3108 1955 3151; x_wconf 93' lang='lat' dir='ltr'><strong>tur</strong></span> <span class='ocrx_word' id='word_1_367' title='bbox 1988 3100 2380 3160; x_wconf 85' lang='lat' dir='ltr'><strong>testimonium,</strong></span> <span class='ocrx_word' id='word_1_368' title='bbox 2422 3099 2503 3148; x_wconf 76' lang='lat' dir='ltr'><strong>Vel</strong></span> <span class='ocrx_word' id='word_1_369' title='bbox 2528 3098 2618 3164; x_wconf 89' lang='lat' dir='ltr'><strong>qui</strong></span> <span class='ocrx_word' id='word_1_370' title='bbox 2659 3114 2763 3150; x_wconf 79' lang='lat' dir='ltr'><strong>non</strong></span> <span class='ocrx_word' id='word_1_371' title='bbox 2798 3112 3149 3153; x_wconf 71' lang='lat' dir='ltr'><strong>excusantur.</strong></span> 
     </span>
    </p>
   </div>
   <div class='ocr_carea' id='block_1_59' title="bbox 278 3189 1773 3284">
    <p class='ocr_par' dir='ltr' id='par_1_59' title="bbox 278 3190 1764 3265">
     <span class='ocr_line' id='line_1_59' title="bbox 278 3190 1764 3265; baseline 0.006 -23"><span class='ocrx_word' id='word_1_372' title='bbox 278 3190 613 3261; x_wconf 77' lang='grc' dir='ltr'><strong>Ἀπόὸλητος</strong></span> <span class='ocrx_word' id='word_1_373' title='bbox 660 3194 739 3254; x_wconf 86' lang='grc' dir='ltr'><strong>είς</strong></span> <span class='ocrx_word' id='word_1_374' title='bbox 783 3194 1092 3265; x_wconf 86' lang='grc' dir='ltr'><strong>μαρτυρίαν</strong></span> <span class='ocrx_word' id='word_1_375' title='bbox 1139 3196 1348 3263; x_wconf 86' lang='grc' dir='ltr'><strong>γίνεται</strong></span> <span class='ocrx_word' id='word_1_376' title='bbox 1400 3198 1427 3249; x_wconf 86' lang='grc' dir='ltr'>ὀ</span> <span class='ocrx_word' id='word_1_377' title='bbox 1466 3198 1764 3250; x_wconf 79' lang='grc' dir='ltr'><strong>καταδικα-</strong></span> 
     </span>
    </p>
   </div>
   <div class='ocr_carea' id='block_1_60' title="bbox 1873 3189 3405 3284">
    <p class='ocr_par' dir='ltr' id='par_1_60' title="bbox 1938 3189 3405 3256">
     <span class='ocr_line' id='line_1_60' title="bbox 1938 3189 3405 3256; baseline 0.003 -14"><span class='ocrx_word' id='word_1_378' title='bbox 1938 3189 2066 3255; x_wconf 80' lang='lat' dir='ltr'><strong>Ejus</strong></span> <span class='ocrx_word' id='word_1_379' title='bbox 2100 3189 2469 3240; x_wconf 83' lang='lat' dir='ltr'><strong>testimonium</strong></span> <span class='ocrx_word' id='word_1_380' title='bbox 2516 3189 2606 3256; x_wconf 85' lang='lat' dir='ltr'><strong>qui</strong></span> <span class='ocrx_word' id='word_1_381' title='bbox 2643 3191 2711 3242; x_wconf 92' lang='lat' dir='ltr'><strong>ob</strong></span> <span class='ocrx_word' id='word_1_382' title='bbox 2744 3193 2947 3245; x_wconf 89' lang='lat' dir='ltr'><strong>editum</strong></span> <span class='ocrx_word' id='word_1_383' title='bbox 2992 3207 3214 3247; x_wconf 79' lang='lat' dir='ltr'><strong>carmen</strong></span> <span class='ocrx_word' id='word_1_384' title='bbox 3264 3195 3405 3247; x_wconf 81' lang='lat' dir='ltr'><strong>lanio</strong></span> 
     </span>
    </p>
   </div>
   <div class='ocr_carea' id='block_1_61' title="bbox 196 3276 1445 3355">
    <p class='ocr_par' dir='ltr' id='par_1_61' title="bbox 196 3276 1445 3355">
     <span class='ocr_line' id='line_1_61' title="bbox 196 3276 1445 3355; baseline 0.006 -21"><span class='ocrx_word' id='word_1_385' title='bbox 196 3282 347 3345; x_wconf 78' lang='grc' dir='ltr'><strong>σθεὶς</strong></span> <span class='ocrx_word' id='word_1_386' title='bbox 373 3282 460 3335; x_wconf 76' lang='grc' dir='ltr'><strong>διὰ</strong></span> <span class='ocrx_word' id='word_1_387' title='bbox 490 3284 550 3336; x_wconf 82' lang='grc' dir='ltr'><strong>τὸ</strong></span> <span class='ocrx_word' id='word_1_388' title='bbox 582 3285 805 3353; x_wconf 85' lang='grc' dir='ltr'><strong>ποιῆσαι</strong></span> <span class='ocrx_word' id='word_1_389' title='bbox 829 3285 1117 3355; x_wconf 83' lang='grc' dir='ltr'><strong>ταραχώδη</strong></span> <span class='ocrx_word' id='word_1_390' title='bbox 1146 3276 1445 3355; x_wconf 78' lang='grc' dir='ltr'><strong>φλυαρίαν.</strong></span> 
     </span>
    </p>
   </div>
   <div class='ocr_carea' id='block_1_62' title="bbox 274 3375 1761 3449">
    <p class='ocr_par' dir='ltr' id='par_1_62' title="bbox 274 3375 1761 3449">
     <span class='ocr_line' id='line_1_62' title="bbox 274 3375 1761 3449; baseline 0.004 -24"><span class='ocrx_word' id='word_1_391' title='bbox 274 3376 368 3426; x_wconf 89' lang='grc' dir='ltr'><strong>Δεῖ</strong></span> <span class='ocrx_word' id='word_1_392' title='bbox 403 3376 526 3435; x_wconf 82' lang='grc' dir='ltr'><strong>τοὺς</strong></span> <span class='ocrx_word' id='word_1_393' title='bbox 580 3376 867 3448; x_wconf 86' lang='grc' dir='ltr'><strong>μάρτυρας</strong></span> <span class='ocrx_word' id='word_1_394' title='bbox 920 3375 1183 3446; x_wconf 87' lang='grc' dir='ltr'><strong>πρότερον</strong></span> <span class='ocrx_word' id='word_1_395' title='bbox 1236 3377 1487 3444; x_wconf 79' lang='grc' dir='ltr'><strong>ὀμνύναι,</strong></span> <span class='ocrx_word' id='word_1_396' title='bbox 1551 3380 1681 3449; x_wconf 77' lang='grc' dir='ltr'><strong>πρὶν</strong></span> <span class='ocrx_word' id='word_1_397' title='bbox 1729 3380 1761 3449; x_wconf 79' lang='grc' dir='ltr'>ἢ</span> 
     </span>
    </p>
   </div>
   <div class='ocr_carea' id='block_1_63' title="bbox 198 3467 1759 3539">
    <p class='ocr_par' dir='ltr' id='par_1_63' title="bbox 198 3467 1759 3539">
     <span class='ocr_line' id='line_1_63' title="bbox 198 3467 1759 3539; baseline 0.003 -21"><span class='ocrx_word' id='word_1_398' title='bbox 198 3467 617 3534; x_wconf 81' lang='grc' dir='ltr'><strong>μαρτυρήσωσι·</strong></span> <span class='ocrx_word' id='word_1_399' title='bbox 641 3468 751 3528; x_wconf 81' lang='grc' dir='ltr'><strong>τοῖς</strong></span> <span class='ocrx_word' id='word_1_400' title='bbox 777 3467 1123 3539; x_wconf 80' lang='grc' dir='ltr'><strong>τιμιωτέροις</strong></span> <span class='ocrx_word' id='word_1_401' title='bbox 1144 3467 1198 3539; x_wconf 62' lang='grc' dir='ltr'><strong>δε</strong></span> <span class='ocrx_word' id='word_1_402' title='bbox 1228 3468 1429 3535; x_wconf 74' lang='grc' dir='ltr'><strong>μᾶλλον</strong></span> <span class='ocrx_word' id='word_1_403' title='bbox 1466 3469 1759 3522; x_wconf 77' lang='grc' dir='ltr'><strong>πιστεύειν.</strong></span> 
     </span>
    </p>
   </div>
   <div class='ocr_carea' id='block_1_64' title="bbox 210 3536 1759 3630">
    <p class='ocr_par' dir='ltr' id='par_1_64' title="bbox 210 3536 1759 3630">
     <span class='ocr_line' id='line_1_64' title="bbox 210 3536 1759 3630; baseline 0.004 -24"><span class='ocrx_word' id='word_1_404' title='bbox 210 3553 363 3616; x_wconf 84' lang='grc' dir='ltr'><strong>Ἐνὸς</strong></span> <span class='ocrx_word' id='word_1_405' title='bbox 391 3555 447 3606; x_wconf 70' lang='grc' dir='ltr'><strong>δι</strong></span> <span class='ocrx_word' id='word_1_406' title='bbox 478 3536 865 3626; x_wconf 63' lang='grc' dir='ltr'><strong>μαρτυρίαζοῦέ</strong></span> <span class='ocrx_word' id='word_1_407' title='bbox 893 3536 1188 3625; x_wconf 74' lang='grc' dir='ltr'><strong>ἐστιδικτῆ</strong></span> <span class='ocrx_word' id='word_1_408' title='bbox 1220 3559 1276 3609; x_wconf 81' lang='grc' dir='ltr'><strong>ὲν</strong></span> <span class='ocrx_word' id='word_1_409' title='bbox 1301 3558 1590 3627; x_wconf 70' lang='grc' dir='ltr'><strong>οἱᾳδήποτε</strong></span> <span class='ocrx_word' id='word_1_410' title='bbox 1614 3559 1759 3630; x_wconf 80' lang='grc' dir='ltr'><strong>δίκῃ.</strong></span> 
     </span>
    </p>
   </div>
   <div class='ocr_carea' id='block_1_65' title="bbox 194 3646 1704 3721">
    <p class='ocr_par' dir='ltr' id='par_1_65' title="bbox 194 3646 1704 3721">
     <span class='ocr_line' id='line_1_65' title="bbox 194 3646 1704 3721; baseline 0.005 -24"><span class='ocrx_word' id='word_1_411' title='bbox 194 3646 303 3697; x_wconf 69' lang='grc' dir='ltr'><strong>κᾶν</strong></span> <span class='ocrx_word' id='word_1_412' title='bbox 343 3647 706 3717; x_wconf 80' lang='grc' dir='ltr'><strong>συγκλητικὸς</strong></span> <span class='ocrx_word' id='word_1_413' title='bbox 1697 3665 1704 3674; x_wconf 90' lang='lat'>&#39;</span> 
     </span>
    </p>
   </div>
   <div class='ocr_carea' id='block_1_66' title="bbox 268 3826 1761 3900">
    <p class='ocr_par' dir='ltr' id='par_1_66' title="bbox 268 3826 1761 3900">
     <span class='ocr_line' id='line_1_66' title="bbox 268 3826 1761 3900; baseline 0.002 -20"><span class='ocrx_word' id='word_1_414' title='bbox 268 3826 348 3897; x_wconf 76' lang='grc' dir='ltr'><strong>Τῇ</strong></span> <span class='ocrx_word' id='word_1_415' title='bbox 383 3828 526 3880; x_wconf 87' lang='grc' dir='ltr'><strong>κατά</strong></span> <span class='ocrx_word' id='word_1_416' title='bbox 555 3826 652 3881; x_wconf 88' lang='grc' dir='ltr'><strong>τοῦ</strong></span> <span class='ocrx_word' id='word_1_417' title='bbox 691 3826 994 3881; x_wconf 80' lang='grc' dir='ltr'><strong>ὲπίσκόπου</strong></span> <span class='ocrx_word' id='word_1_418' title='bbox 1046 3830 1261 3899; x_wconf 75' lang='grc' dir='ltr'><strong>ἀγωγῇ,</strong></span> <span class='ocrx_word' id='word_1_419' title='bbox 1306 3832 1351 3882; x_wconf 87' lang='grc' dir='ltr'><strong>εί</strong></span> <span class='ocrx_word' id='word_1_420' title='bbox 1408 3832 1510 3899; x_wconf 79' lang='grc' dir='ltr'><strong>μὲν</strong></span> <span class='ocrx_word' id='word_1_421' title='bbox 1548 3849 1761 3900; x_wconf 88' lang='grc' dir='ltr'><strong>χρημα-</strong></span> 
     </span>
    </p>
   </div>
   <div class='ocr_carea' id='block_1_67' title="bbox 192 3920 1759 3992">
    <p class='ocr_par' dir='ltr' id='par_1_67' title="bbox 192 3920 1759 3992">
     <span class='ocr_line' id='line_1_67' title="bbox 192 3920 1759 3992; baseline 0.002 -19"><span class='ocrx_word' id='word_1_422' title='bbox 192 3920 320 3990; x_wconf 77' lang='grc' dir='ltr'><strong>τικὴ</strong></span> <span class='ocrx_word' id='word_1_423' title='bbox 350 3920 459 3989; x_wconf 67' lang='grc' dir='ltr'><strong>εἴη,</strong></span> <span class='ocrx_word' id='word_1_424' title='bbox 515 3920 678 3991; x_wconf 79' lang='grc' dir='ltr'><strong>μέχρι</strong></span> <span class='ocrx_word' id='word_1_425' title='bbox 723 3920 916 3991; x_wconf 64' lang='grc' dir='ltr'><strong>λίτρας</strong></span> <span class='ocrx_word' id='word_1_426' title='bbox 971 3923 1124 3989; x_wconf 78' lang='grc' dir='ltr'><strong>μιᾶς,</strong></span> <span class='ocrx_word' id='word_1_427' title='bbox 1181 3922 1275 3975; x_wconf 87' lang='grc' dir='ltr'><strong>δύο</strong></span> <span class='ocrx_word' id='word_1_428' title='bbox 1326 3925 1507 3975; x_wconf 77' lang='grc' dir='ltr'><strong>πιστοὶ</strong></span> <span class='ocrx_word' id='word_1_429' title='bbox 1553 3924 1759 3992; x_wconf 71' lang='grc' dir='ltr'><strong>ἔντιμοι</strong></span> 
     </span>
    </p>
   </div>
   <div class='ocr_carea' id='block_1_68' title="bbox 196 3988 1759 4080">
    <p class='ocr_par' dir='ltr' id='par_1_68' title="bbox 196 3988 1759 4080">
     <span class='ocr_line' id='line_1_68' title="bbox 196 3988 1759 4080; baseline 0.001 -20"><span class='ocrx_word' id='word_1_430' title='bbox 196 3988 480 4077; x_wconf 73' lang='grc' dir='ltr'><strong>μάρτυρες</strong></span> <span class='ocrx_word' id='word_1_431' title='bbox 515 3988 789 4076; x_wconf 64' lang='grc' dir='ltr'><strong>ἐνομότως</strong></span> <span class='ocrx_word' id='word_1_432' title='bbox 817 3988 1301 4079; x_wconf 69' lang='grc' dir='ltr'><strong>μαρτυρήσουσιν*</strong></span> <span class='ocrx_word' id='word_1_433' title='bbox 1336 4013 1381 4062; x_wconf 90' lang='grc' dir='ltr'><strong>εί</strong></span> <span class='ocrx_word' id='word_1_434' title='bbox 1430 4010 1486 4062; x_wconf 82' lang='grc' dir='ltr'><strong>δὲ</strong></span> <span class='ocrx_word' id='word_1_435' title='bbox 1523 3988 1684 4080; x_wconf 73' lang='grc' dir='ltr'><strong>μέχρι</strong></span> <span class='ocrx_word' id='word_1_436' title='bbox 1720 3988 1759 4062; x_wconf 62' lang='grc' dir='ltr'><strong>θ’</strong></span> 
     </span>
    </p>
   </div>
   <div class='ocr_carea' id='block_1_69' title="bbox 190 4089 1760 4171">
    <p class='ocr_par' dir='ltr' id='par_1_69' title="bbox 190 4089 1760 4171">
     <span class='ocr_line' id='line_1_69' title="bbox 190 4089 1760 4171; baseline 0.002 -19"><span class='ocrx_word' id='word_1_437' title='bbox 190 4099 414 4168; x_wconf 78' lang='grc' dir='ltr'><strong>λιτρῶν,</strong></span> <span class='ocrx_word' id='word_1_438' title='bbox 441 4102 608 4168; x_wconf 79' lang='grc' dir='ltr'><strong>τρεῖς·</strong></span> <span class='ocrx_word' id='word_1_439' title='bbox 636 4102 683 4151; x_wconf 84' lang='grc' dir='ltr'><strong>εἰ</strong></span> <span class='ocrx_word' id='word_1_440' title='bbox 715 4099 769 4151; x_wconf 84' lang='grc' dir='ltr'><strong>δὲ</strong></span> <span class='ocrx_word' id='word_1_441' title='bbox 794 4102 1070 4164; x_wconf 78' lang='grc' dir='ltr'><strong>ἐπέκεινα,</strong></span> <span class='ocrx_word' id='word_1_442' title='bbox 1090 4106 1152 4152; x_wconf 86' lang='grc' dir='ltr'><strong>ε’.</strong></span> <span class='ocrx_word' id='word_1_443' title='bbox 1182 4101 1241 4153; x_wconf 86' lang='grc' dir='ltr'><strong>Εί</strong></span> <span class='ocrx_word' id='word_1_444' title='bbox 1265 4100 1320 4154; x_wconf 85' lang='grc' dir='ltr'><strong>δὲ</strong></span> <span class='ocrx_word' id='word_1_445' title='bbox 1355 4089 1760 4171; x_wconf 67' lang='grc' dir='ltr'><strong>ἐγκληματικίιν</strong></span> 
     </span>
    </p>
   </div>
   <div class='ocr_carea' id='block_1_70' title="bbox 189 4191 1760 4263">
    <p class='ocr_par' dir='ltr' id='par_1_70' title="bbox 189 4191 1760 4263">
     <span class='ocr_line' id='line_1_70' title="bbox 189 4191 1760 4263; baseline 0.003 -20"><span class='ocrx_word' id='word_1_446' title='bbox 189 4192 277 4260; x_wconf 72' lang='grc' dir='ltr'><strong>εἴη</strong></span> <span class='ocrx_word' id='word_1_447' title='bbox 314 4193 373 4243; x_wconf 77' lang='grc' dir='ltr'><strong>τὸ</strong></span> <span class='ocrx_word' id='word_1_448' title='bbox 405 4192 655 4255; x_wconf 87' lang='grc' dir='ltr'><strong>αίτίαμα,</strong></span> <span class='ocrx_word' id='word_1_449' title='bbox 682 4191 770 4243; x_wconf 77' lang='grc' dir='ltr'><strong>διὰ</strong></span> <span class='ocrx_word' id='word_1_450' title='bbox 817 4198 856 4241; x_wconf 83' lang='grc' dir='ltr'><strong>ε’</strong></span> <span class='ocrx_word' id='word_1_451' title='bbox 900 4192 1193 4263; x_wconf 86' lang='grc' dir='ltr'><strong>μαρτύρων</strong></span> <span class='ocrx_word' id='word_1_452' title='bbox 1226 4193 1439 4245; x_wconf 85' lang='grc' dir='ltr'><strong>πιστῶν</strong></span> <span class='ocrx_word' id='word_1_453' title='bbox 1478 4195 1760 4249; x_wconf 81' lang='grc' dir='ltr'><strong>κα“ι.ὲντί-</strong></span> 
     </span>
    </p>
   </div>
   <div class='ocr_carea' id='block_1_71' title="bbox 194 4282 1065 4353">
    <p class='ocr_par' dir='ltr' id='par_1_71' title="bbox 194 4282 1065 4353">
     <span class='ocr_line' id='line_1_71' title="bbox 194 4282 1065 4353; baseline 0.001 -16"><span class='ocrx_word' id='word_1_454' title='bbox 194 4302 315 4353; x_wconf 86' lang='grc' dir='ltr'><strong>μων</strong></span> <span class='ocrx_word' id='word_1_455' title='bbox 346 4283 629 4352; x_wconf 74' lang='grc' dir='ltr'><strong>ὀμνύντων</strong></span> <span class='ocrx_word' id='word_1_456' title='bbox 663 4282 1065 4338; x_wconf 81' lang='grc' dir='ltr'><strong>ἀποδείκνυται.</strong></span> 
     </span>
    </p>
   </div>
   <div class='ocr_carea' id='block_1_72' title="bbox 259 4369 1756 4440">
    <p class='ocr_par' dir='ltr' id='par_1_72' title="bbox 259 4369 1756 4440">
     <span class='ocr_line' id='line_1_72' title="bbox 259 4369 1756 4440; baseline -0.001 -14"><span class='ocrx_word' id='word_1_457' title='bbox 259 4375 373 4427; x_wconf 69' lang='grc' dir='ltr'><strong>Οὐκ</strong></span> <span class='ocrx_word' id='word_1_458' title='bbox 408 4375 553 4424; x_wconf 72' lang='grc' dir='ltr'><strong>ἔστιν</strong></span> <span class='ocrx_word' id='word_1_459' title='bbox 582 4371 895 4434; x_wconf 78' lang='grc' dir='ltr'><strong>ἀξιόπιστος</strong></span> <span class='ocrx_word' id='word_1_460' title='bbox 947 4372 1156 4440; x_wconf 82' lang='grc' dir='ltr'><strong>μάρτυς</strong></span> <span class='ocrx_word' id='word_1_461' title='bbox 1183 4373 1210 4423; x_wconf 82' lang='grc' dir='ltr'>ὁ</span> <span class='ocrx_word' id='word_1_462' title='bbox 1237 4369 1557 4425; x_wconf 85' lang='grc' dir='ltr'><strong>κελεύεσθαι</strong></span> <span class='ocrx_word' id='word_1_463' title='bbox 1597 4371 1756 4425; x_wconf 85' lang='grc' dir='ltr'><strong>δυνά-</strong></span> 
     </span>
    </p>
   </div>
   <div class='ocr_carea' id='block_1_73' title="bbox 196 4461 1346 4533">
    <p class='ocr_par' dir='ltr' id='par_1_73' title="bbox 196 4461 1346 4533">
     <span class='ocr_line' id='line_1_73' title="bbox 196 4461 1346 4533; baseline -0.003 -17"><span class='ocrx_word' id='word_1_464' title='bbox 196 4482 357 4533; x_wconf 76' lang='grc' dir='ltr'><strong>μενος</strong></span> <span class='ocrx_word' id='word_1_465' title='bbox 398 4466 527 4530; x_wconf 83' lang='grc' dir='ltr'><strong>παρ’</strong></span> <span class='ocrx_word' id='word_1_466' title='bbox 562 4461 699 4531; x_wconf 70' lang='grc' dir='ltr'><strong>ἐμοῦ</strong></span> <span class='ocrx_word' id='word_1_467' title='bbox 735 4463 829 4513; x_wconf 73' lang='grc' dir='ltr'><strong>ἐπὶ</strong></span> <span class='ocrx_word' id='word_1_468' title='bbox 867 4462 942 4531; x_wconf 83' lang='grc' dir='ltr'><strong>τῷ</strong></span> <span class='ocrx_word' id='word_1_469' title='bbox 977 4466 1346 4532; x_wconf 75' lang='grc' dir='ltr'><strong>μαρτυρῆσαι.</strong></span> 
     </span>
    </p>
   </div>
   <div class='ocr_carea' id='block_1_74' title="bbox 1866 3279 3024 3345">
    <p class='ocr_par' dir='ltr' id='par_1_74' title="bbox 1866 3279 3024 3345">
     <span class='ocr_line' id='line_1_74' title="bbox 1866 3279 3024 3345; baseline 0.003 -12"><span class='ocrx_word' id='word_1_470' title='bbox 1866 3295 1982 3333; x_wconf 86' lang='lat' dir='ltr'><strong>sum</strong></span> <span class='ocrx_word' id='word_1_471' title='bbox 2010 3279 2406 3332; x_wconf 87' lang='lat' dir='ltr'><strong>condemnatus</strong></span> <span class='ocrx_word' id='word_1_472' title='bbox 2432 3288 2535 3345; x_wconf 85' lang='lat' dir='ltr'><strong>est,</strong></span> <span class='ocrx_word' id='word_1_473' title='bbox 2561 3295 2665 3333; x_wconf 93' lang='lat' dir='ltr'><strong>non</strong></span> <span class='ocrx_word' id='word_1_474' title='bbox 2694 3282 3024 3336; x_wconf 83' lang='lat' dir='ltr'><strong>admittitur.</strong></span> 
     </span>
    </p>
   </div>
   <div class='ocr_carea' id='block_1_75' title="bbox 1935 3368 3430 3444">
    <p class='ocr_par' dir='ltr' id='par_1_75' title="bbox 1935 3368 3430 3444">
     <span class='ocr_line' id='line_1_75' title="bbox 1935 3368 3430 3444; baseline 0.003 -20"><span class='ocrx_word' id='word_1_475' title='bbox 1935 3371 2124 3425; x_wconf 86' lang='lat' dir='ltr'><strong>Testes</strong></span> <span class='ocrx_word' id='word_1_476' title='bbox 2168 3372 2481 3438; x_wconf 82' lang='lat' dir='ltr'><strong>priusquam</strong></span> <span class='ocrx_word' id='word_1_477' title='bbox 2518 3373 2884 3425; x_wconf 84' lang='lat' dir='ltr'><strong>testimonium</strong></span> <span class='ocrx_word' id='word_1_478' title='bbox 2934 3375 3276 3443; x_wconf 87' lang='lat' dir='ltr'><strong>perbibeant,</strong></span> <span class='ocrx_word' id='word_1_479' title='bbox 3308 3368 3430 3444; x_wconf 78' lang='lat' dir='ltr'><strong>jus-</strong></span> 
     </span>
    </p>
   </div>
   <div class='ocr_carea' id='block_1_76' title="bbox 1860 3462 3429 3535">
    <p class='ocr_par' dir='ltr' id='par_1_76' title="bbox 1860 3462 3429 3535">
     <span class='ocr_line' id='line_1_76' title="bbox 1860 3462 3429 3535; baseline 0.001 -16"><span class='ocrx_word' id='word_1_480' title='bbox 1860 3464 2163 3535; x_wconf 80' lang='lat' dir='ltr'><strong>jurandum</strong></span> <span class='ocrx_word' id='word_1_481' title='bbox 2199 3473 2458 3530; x_wconf 53' lang='lat' dir='ltr'><strong>prarstare</strong></span> <span class='ocrx_word' id='word_1_482' title='bbox 2503 3462 2735 3529; x_wconf 86' lang='lat' dir='ltr'><strong>debent;</strong></span> <span class='ocrx_word' id='word_1_483' title='bbox 2771 3476 2823 3518; x_wconf 92' lang='lat' dir='ltr'><strong>et</strong></span> <span class='ocrx_word' id='word_1_484' title='bbox 2851 3467 3256 3521; x_wconf 84' lang='lat' dir='ltr'><strong>honestiorihus</strong></span> <span class='ocrx_word' id='word_1_485' title='bbox 3298 3470 3429 3522; x_wconf 88' lang='lat' dir='ltr'><strong>lldes</strong></span> 
     </span>
    </p>
   </div>
   <div class='ocr_carea' id='block_1_77' title="bbox 1866 3552 3426 3625">
    <p class='ocr_par' dir='ltr' id='par_1_77' title="bbox 1866 3552 3426 3625">
     <span class='ocr_line' id='line_1_77' title="bbox 1866 3552 3426 3625; baseline 0.004 -19"><span class='ocrx_word' id='word_1_486' title='bbox 1866 3556 2044 3625; x_wconf 85' lang='lat' dir='ltr'><strong>potius</strong></span> <span class='ocrx_word' id='word_1_487' title='bbox 2090 3552 2394 3604; x_wconf 89' lang='lat' dir='ltr'><strong>adhibenda</strong></span> <span class='ocrx_word' id='word_1_488' title='bbox 2454 3562 2554 3607; x_wconf 89' lang='lat' dir='ltr'><strong>est.</strong></span> <span class='ocrx_word' id='word_1_489' title='bbox 2593 3552 2765 3609; x_wconf 86' lang='lat' dir='ltr'><strong>Unius</strong></span> <span class='ocrx_word' id='word_1_490' title='bbox 2794 3572 2922 3609; x_wconf 81' lang='lat' dir='ltr'><strong>vero</strong></span> <span class='ocrx_word' id='word_1_491' title='bbox 2964 3559 3329 3611; x_wconf 80' lang='lat' dir='ltr'><strong>testimonium</strong></span> <span class='ocrx_word' id='word_1_492' title='bbox 3375 3560 3426 3612; x_wconf 93' lang='lat' dir='ltr'><strong>in</strong></span> 
     </span>
    </p>
   </div>
   <div class='ocr_carea' id='block_1_78' title="bbox 1863 3647 3429 3719">
    <p class='ocr_par' dir='ltr' id='par_1_78' title="bbox 1863 3647 3429 3719">
     <span class='ocr_line' id='line_1_78' title="bbox 1863 3647 3429 3719; baseline 0.004 -21"><span class='ocrx_word' id='word_1_493' title='bbox 1863 3660 2189 3716; x_wconf 87' lang='lat' dir='ltr'><strong>quacunque</strong></span> <span class='ocrx_word' id='word_1_494' title='bbox 2266 3658 2428 3697; x_wconf 87' lang='lat' dir='ltr'><strong>causa</strong></span> <span class='ocrx_word' id='word_1_495' title='bbox 2488 3647 2697 3699; x_wconf 86' lang='lat' dir='ltr'><strong>admitti</strong></span> <span class='ocrx_word' id='word_1_496' title='bbox 2755 3662 2862 3701; x_wconf 92' lang='lat' dir='ltr'><strong>non</strong></span> <span class='ocrx_word' id='word_1_497' title='bbox 2930 3649 3130 3711; x_wconf 87' lang='lat' dir='ltr'><strong>debet,</strong></span> <span class='ocrx_word' id='word_1_498' title='bbox 3181 3652 3429 3719; x_wconf 79' lang='lat' dir='ltr'><strong>quamvis</strong></span> 
     </span>
    </p>
   </div>
   <div class='ocr_carea' id='block_1_79' title="bbox 1862 3739 2202 3792">
    <p class='ocr_par' dir='ltr' id='par_1_79' title="bbox 1862 3739 2202 3792">
     <span class='ocr_line' id='line_1_79' title="bbox 1862 3739 2202 3792; baseline -0.018 0"><span class='ocrx_word' id='word_1_499' title='bbox 1862 3749 2081 3792; x_wconf 85' lang='lat' dir='ltr'><strong>senator</strong></span> <span class='ocrx_word' id='word_1_500' title='bbox 2112 3739 2202 3790; x_wconf 87' lang='lat' dir='ltr'><strong>sit.</strong></span> 
     </span>
    </p>
   </div>
   <div class='ocr_carea' id='block_1_80' title="bbox 1933 3826 3425 3894">
    <p class='ocr_par' dir='ltr' id='par_1_80' title="bbox 1933 3826 3425 3894">
     <span class='ocr_line' id='line_1_80' title="bbox 1933 3826 3425 3894; baseline 0.002 -14"><span class='ocrx_word' id='word_1_501' title='bbox 1933 3827 1989 3880; x_wconf 93' lang='lat' dir='ltr'><strong>In</strong></span> <span class='ocrx_word' id='word_1_502' title='bbox 2024 3830 2235 3882; x_wconf 83' lang='lat' dir='ltr'><strong>actione</strong></span> <span class='ocrx_word' id='word_1_503' title='bbox 2268 3837 2454 3881; x_wconf 84' lang='lat' dir='ltr'><strong>contra</strong></span> <span class='ocrx_word' id='word_1_504' title='bbox 2503 3828 2844 3894; x_wconf 81' lang='lat' dir='ltr'><strong>episcopum,</strong></span> <span class='ocrx_word' id='word_1_505' title='bbox 2889 3826 2933 3880; x_wconf 89' lang='lat' dir='ltr'><strong>si</strong></span> <span class='ocrx_word' id='word_1_506' title='bbox 2973 3828 3286 3894; x_wconf 81' lang='lat' dir='ltr'><strong>pecuniaria</strong></span> <span class='ocrx_word' id='word_1_507' title='bbox 3335 3831 3425 3889; x_wconf 83' lang='lat' dir='ltr'><strong>sit.</strong></span> 
     </span>
    </p>
   </div>
   <div class='ocr_carea' id='block_1_81' title="bbox 1862 3916 3423 3971">
    <p class='ocr_par' dir='ltr' id='par_1_81' title="bbox 1862 3916 3423 3971">
     <span class='ocr_line' id='line_1_81' title="bbox 1862 3916 3423 3971; baseline 0.001 -2"><span class='ocrx_word' id='word_1_508' title='bbox 1862 3918 1926 3969; x_wconf 92' lang='lat' dir='ltr'><strong>ad</strong></span> <span class='ocrx_word' id='word_1_509' title='bbox 1975 3934 2134 3970; x_wconf 90' lang='lat' dir='ltr'><strong>unam</strong></span> <span class='ocrx_word' id='word_1_510' title='bbox 2194 3918 2385 3971; x_wconf 87' lang='lat' dir='ltr'><strong>libram</strong></span> <span class='ocrx_word' id='word_1_511' title='bbox 2434 3918 2541 3969; x_wconf 89' lang='lat' dir='ltr'><strong>duo</strong></span> <span class='ocrx_word' id='word_1_512' title='bbox 2587 3916 2774 3969; x_wconf 81' lang='lat' dir='ltr'><strong>ﬁdeles</strong></span> <span class='ocrx_word' id='word_1_513' title='bbox 2811 3917 3023 3970; x_wconf 89' lang='lat' dir='ltr'><strong>honesti</strong></span> <span class='ocrx_word' id='word_1_514' title='bbox 3050 3918 3423 3971; x_wconf 87' lang='lat' dir='ltr'><strong>testimonium</strong></span> 
     </span>
    </p>
   </div>
   <div class='ocr_carea' id='block_1_82' title="bbox 1860 4007 3423 4076">
    <p class='ocr_par' dir='ltr' id='par_1_82' title="bbox 1860 4007 3423 4076">
     <span class='ocr_line' id='line_1_82' title="bbox 1860 4007 3423 4076; baseline 0.001 -17"><span class='ocrx_word' id='word_1_515' title='bbox 1860 4008 2071 4063; x_wconf 86' lang='lat' dir='ltr'><strong>dicent:</strong></span> <span class='ocrx_word' id='word_1_516' title='bbox 2110 4009 2191 4060; x_wconf 86' lang='lat' dir='ltr'><strong>sin</strong></span> <span class='ocrx_word' id='word_1_517' title='bbox 2242 4010 2304 4060; x_wconf 83' lang='lat' dir='ltr'><strong>ad</strong></span> <span class='ocrx_word' id='word_1_518' title='bbox 2371 4024 2398 4060; x_wconf 82' lang='grc' dir='ltr'><strong>ι,</strong></span> <span class='ocrx_word' id='word_1_519' title='bbox 2432 4008 2617 4069; x_wconf 85' lang='lat' dir='ltr'><strong>libras,</strong></span> <span class='ocrx_word' id='word_1_520' title='bbox 2664 4016 2809 4069; x_wconf 80' lang='lat' dir='ltr'><strong>tres;</strong></span> <span class='ocrx_word' id='word_1_521' title='bbox 2864 4007 2904 4059; x_wconf 92' lang='lat' dir='ltr'><strong>si</strong></span> <span class='ocrx_word' id='word_1_522' title='bbox 2964 4022 3091 4059; x_wconf 83' lang='lat' dir='ltr'><strong>vero</strong></span> <span class='ocrx_word' id='word_1_523' title='bbox 3143 4007 3423 4076; x_wconf 83' lang='lat' dir='ltr'><strong>deinceps,</strong></span> 
     </span>
    </p>
   </div>
   <div class='ocr_carea' id='block_1_83' title="bbox 1861 4095 3425 4168">
    <p class='ocr_par' dir='ltr' id='par_1_83' title="bbox 1861 4095 3425 4168">
     <span class='ocr_line' id='line_1_83' title="bbox 1861 4095 3425 4168; baseline 0.001 -18"><span class='ocrx_word' id='word_1_524' title='bbox 1861 4102 2119 4168; x_wconf 87' lang='lat' dir='ltr'><strong>quinque.</strong></span> <span class='ocrx_word' id='word_1_525' title='bbox 2156 4100 2307 4165; x_wconf 86' lang='lat' dir='ltr'><strong>Quod</strong></span> <span class='ocrx_word' id='word_1_526' title='bbox 2345 4101 2388 4151; x_wconf 79' lang='lat' dir='ltr'><strong>si</strong></span> <span class='ocrx_word' id='word_1_527' title='bbox 2419 4114 2585 4151; x_wconf 85' lang='lat' dir='ltr'><strong>causa</strong></span> <span class='ocrx_word' id='word_1_528' title='bbox 2608 4098 2909 4150; x_wconf 87' lang='lat' dir='ltr'><strong>critninalis</strong></span> <span class='ocrx_word' id='word_1_529' title='bbox 2937 4095 3121 4159; x_wconf 84' lang='lat' dir='ltr'><strong>fuerit,</strong></span> <span class='ocrx_word' id='word_1_530' title='bbox 3150 4113 3243 4166; x_wconf 86' lang='lat' dir='ltr'><strong>per</strong></span> <span class='ocrx_word' id='word_1_531' title='bbox 3264 4100 3425 4167; x_wconf 89' lang='lat' dir='ltr'><strong>quin-</strong></span> 
     </span>
    </p>
   </div>
   <div class='ocr_carea' id='block_1_84' title="bbox 1861 4189 3424 4259">
    <p class='ocr_par' dir='ltr' id='par_1_84' title="bbox 1861 4189 3424 4259">
     <span class='ocr_line' id='line_1_84' title="bbox 1861 4189 3424 4259; baseline 0.001 -17"><span class='ocrx_word' id='word_1_532' title='bbox 1861 4205 1965 4259; x_wconf 88' lang='lat' dir='ltr'><strong>que</strong></span> <span class='ocrx_word' id='word_1_533' title='bbox 2001 4190 2134 4244; x_wconf 87' lang='lat' dir='ltr'><strong>lidos</strong></span> <span class='ocrx_word' id='word_1_534' title='bbox 2190 4200 2243 4242; x_wconf 89' lang='lat' dir='ltr'><strong>et</strong></span> <span class='ocrx_word' id='word_1_535' title='bbox 2302 4191 2559 4242; x_wconf 88' lang='lat' dir='ltr'><strong>honestos</strong></span> <span class='ocrx_word' id='word_1_536' title='bbox 2610 4199 2774 4241; x_wconf 79' lang='lat' dir='ltr'><strong>testes</strong></span> <span class='ocrx_word' id='word_1_537' title='bbox 2826 4189 3196 4255; x_wconf 87' lang='lat' dir='ltr'><strong>juramentum</strong></span> <span class='ocrx_word' id='word_1_538' title='bbox 3252 4192 3424 4244; x_wconf 80' lang='lat' dir='ltr'><strong>susci-</strong></span> 
     </span>
    </p>
   </div>
   <div class='ocr_carea' id='block_1_85' title="bbox 1862 4278 2380 4347">
    <p class='ocr_par' dir='ltr' id='par_1_85' title="bbox 1862 4278 2380 4347">
     <span class='ocr_line' id='line_1_85' title="bbox 1862 4278 2380 4347; baseline -0.002 -16"><span class='ocrx_word' id='word_1_539' title='bbox 1862 4281 2071 4347; x_wconf 87' lang='lat' dir='ltr'><strong>pientes</strong></span> <span class='ocrx_word' id='word_1_540' title='bbox 2100 4278 2380 4347; x_wconf 88' lang='lat' dir='ltr'><strong>probatur.</strong></span> 
     </span>
    </p>
   </div>
   <div class='ocr_carea' id='block_1_86' title="bbox 1930 4368 3420 4441">
    <p class='ocr_par' dir='ltr' id='par_1_86' title="bbox 1930 4368 3420 4441">
     <span class='ocr_line' id='line_1_86' title="bbox 1930 4368 3420 4441; baseline 0 -18"><span class='ocrx_word' id='word_1_541' title='bbox 1930 4368 2047 4424; x_wconf 85' lang='lat' dir='ltr'><strong>Non</strong></span> <span class='ocrx_word' id='word_1_542' title='bbox 2094 4380 2177 4423; x_wconf 88' lang='lat' dir='ltr'><strong>est</strong></span> <span class='ocrx_word' id='word_1_543' title='bbox 2223 4370 2451 4424; x_wconf 87' lang='lat' dir='ltr'><strong>idoneus</strong></span> <span class='ocrx_word' id='word_1_544' title='bbox 2501 4370 2655 4424; x_wconf 89' lang='lat' dir='ltr'><strong>testis</strong></span> <span class='ocrx_word' id='word_1_545' title='bbox 2685 4372 2770 4423; x_wconf 83' lang='lat' dir='ltr'><strong>cui</strong></span> <span class='ocrx_word' id='word_1_546' title='bbox 2810 4372 3075 4437; x_wconf 83' lang='lat' dir='ltr'><strong>imperare</strong></span> <span class='ocrx_word' id='word_1_547' title='bbox 3110 4386 3331 4441; x_wconf 90' lang='lat' dir='ltr'><strong>possum</strong></span> <span class='ocrx_word' id='word_1_548' title='bbox 3363 4378 3420 4423; x_wconf 85' lang='grc' dir='ltr'><strong>ιιι</strong></span> 
     </span>
    </p>
   </div>
   <div class='ocr_carea' id='block_1_87' title="bbox 1861 4462 2431 4514">
    <p class='ocr_par' dir='ltr' id='par_1_87' title="bbox 1861 4462 2431 4514">
     <span class='ocr_line' id='line_1_87' title="bbox 1861 4462 2431 4514; baseline 0.002 -1"><span class='ocrx_word' id='word_1_549' title='bbox 1861 4462 2233 4514; x_wconf 88' lang='lat' dir='ltr'><strong>testimoniutn</strong></span> <span class='ocrx_word' id='word_1_550' title='bbox 2268 4462 2431 4514; x_wconf 87' lang='lat' dir='ltr'><strong>dicat.</strong></span> 
     </span>
    </p>
   </div>
   <div class='ocr_carea' id='block_1_88' title="bbox 272 4516 1773 4625">
    <p class='ocr_par' dir='ltr' id='par_1_88' title="bbox 272 4516 1751 4625">
     <span class='ocr_line' id='line_1_88' title="bbox 272 4516 1751 4625; baseline 0 -17"><span class='ocrx_word' id='word_1_551' title='bbox 272 4558 334 4608; x_wconf 88' lang='grc' dir='ltr'>Ὀ</span> <span class='ocrx_word' id='word_1_552' title='bbox 384 4558 685 4624; x_wconf 81' lang='grc' dir='ltr'><strong>κατήγορος</strong></span> <span class='ocrx_word' id='word_1_553' title='bbox 718 4554 1028 4617; x_wconf 78' lang='grc' dir='ltr'><strong>οίκειακοὺς</strong></span> <span class='ocrx_word' id='word_1_554' title='bbox 1083 4555 1367 4625; x_wconf 80' lang='grc' dir='ltr'><strong>μάρτυρας</strong></span> <span class='ocrx_word' id='word_1_555' title='bbox 1423 4557 1482 4608; x_wconf 80' lang='grc' dir='ltr'><strong>ού</strong></span> <span class='ocrx_word' id='word_1_556' title='bbox 1536 4516 1751 4610; x_wconf 53' lang='grc' dir='ltr'><strong>δύναται</strong></span> 
     </span>
    </p>
   </div>
   <div class='ocr_carea' id='block_1_89' title="bbox 1873 4516 3417 4625">
    <p class='ocr_par' dir='ltr' id='par_1_89' title="bbox 1930 4551 3417 4623">
     <span class='ocr_line' id='line_1_89' title="bbox 1930 4551 3417 4623; baseline 0.003 -20"><span class='ocrx_word' id='word_1_557' title='bbox 1930 4551 2235 4605; x_wconf 84' lang='lat' dir='ltr'><strong>Accusator</strong></span> <span class='ocrx_word' id='word_1_558' title='bbox 2292 4560 2453 4607; x_wconf 90' lang='lat' dir='ltr'><strong>testes</strong></span> <span class='ocrx_word' id='word_1_559' title='bbox 2487 4553 2551 4606; x_wconf 88' lang='lat' dir='ltr'><strong>de</strong></span> <span class='ocrx_word' id='word_1_560' title='bbox 2598 4554 2761 4607; x_wconf 87' lang='lat' dir='ltr'><strong>domo</strong></span> <span class='ocrx_word' id='word_1_561' title='bbox 2810 4569 2906 4607; x_wconf 88' lang='lat' dir='ltr'><strong>sna</strong></span> <span class='ocrx_word' id='word_1_562' title='bbox 2951 4556 3251 4623; x_wconf 86' lang='lat' dir='ltr'><strong>producere</strong></span> <span class='ocrx_word' id='word_1_563' title='bbox 3309 4570 3417 4608; x_wconf 89' lang='lat' dir='ltr'><strong>non</strong></span> 
     </span>
    </p>
   </div>
   <div class='ocr_carea' id='block_1_90' title="bbox 190 4649 484 4716">
    <p class='ocr_par' dir='ltr' id='par_1_90' title="bbox 190 4649 484 4716">
     <span class='ocr_line' id='line_1_90' title="bbox 190 4649 484 4716; baseline -0.01 -16"><span class='ocrx_word' id='word_1_564' title='bbox 190 4649 484 4716; x_wconf 75' lang='grc' dir='ltr'><strong>παράγειν.</strong></span> 
     </span>
    </p>
   </div>
   <div class='ocr_carea' id='block_1_91' title="bbox 272 4738 1754 4807">
    <p class='ocr_par' dir='ltr' id='par_1_91' title="bbox 272 4738 1754 4807">
     <span class='ocr_line' id='line_1_91' title="bbox 272 4738 1754 4807; baseline 0.001 -18"><span class='ocrx_word' id='word_1_565' title='bbox 272 4738 333 4789; x_wconf 87' lang='lat'><strong>&#39;0</strong></span> <span class='ocrx_word' id='word_1_566' title='bbox 363 4739 503 4790; x_wconf 72' lang='grc' dir='ltr'><strong>κατὰ</strong></span> <span class='ocrx_word' id='word_1_567' title='bbox 539 4738 905 4804; x_wconf 85' lang='grc' dir='ltr'><strong>συκοφαντίαν</strong></span> <span class='ocrx_word' id='word_1_568' title='bbox 959 4738 1053 4789; x_wconf 76' lang='grc' dir='ltr'><strong>ἐπὶ</strong></span> <span class='ocrx_word' id='word_1_569' title='bbox 1106 4739 1448 4805; x_wconf 73' lang='grc' dir='ltr'><strong>παραστάσει</strong></span> <span class='ocrx_word' id='word_1_570' title='bbox 1496 4741 1643 4807; x_wconf 79' lang='grc' dir='ltr'><strong>παρά</strong></span> <span class='ocrx_word' id='word_1_571' title='bbox 1676 4742 1754 4791; x_wconf 88' lang='grc' dir='ltr'><strong>δι-</strong></span> 
     </span>
    </p>
   </div>
   <div class='ocr_carea' id='block_1_92' title="bbox 190 4819 1753 4900">
    <p class='ocr_par' dir='ltr' id='par_1_92' title="bbox 190 4819 1753 4900">
     <span class='ocr_line' id='line_1_92' title="bbox 190 4819 1753 4900; baseline -0.002 -17"><span class='ocrx_word' id='word_1_572' title='bbox 190 4833 370 4900; x_wconf 78' lang='grc' dir='ltr'><strong>καστῇ</strong></span> <span class='ocrx_word' id='word_1_573' title='bbox 423 4829 717 4897; x_wconf 80' lang='grc' dir='ltr'><strong>προσφόρῳ</strong></span> <span class='ocrx_word' id='word_1_574' title='bbox 754 4819 1075 4898; x_wconf 82' lang='grc' dir='ltr'><strong>αἰτιώμενος</strong></span> <span class='ocrx_word' id='word_1_575' title='bbox 1112 4828 1433 4893; x_wconf 80' lang='grc' dir='ltr'><strong>ἐπίσκοπον,</strong></span> <span class='ocrx_word' id='word_1_576' title='bbox 1487 4831 1529 4880; x_wconf 83' lang='grc' dir='ltr'><strong>λ’</strong></span> <span class='ocrx_word' id='word_1_577' title='bbox 1570 4831 1753 4883; x_wconf 77' lang='grc' dir='ltr'><strong>δίδωσι</strong></span> 
     </span>
    </p>
   </div>
   <div class='ocr_carea' id='block_1_93' title="bbox 190 4925 402 4989">
    <p class='ocr_par' dir='ltr' id='par_1_93' title="bbox 190 4925 402 4989">
     <span class='ocr_line' id='line_1_93' title="bbox 190 4925 402 4989; baseline 0.005 -15"><span class='ocrx_word' id='word_1_578' title='bbox 190 4925 402 4989; x_wconf 78' lang='grc' dir='ltr'><strong>λίτρας.</strong></span> 
     </span>
    </p>
   </div>
   <div class='ocr_carea' id='block_1_94' title="bbox 262 5012 1754 5083">
    <p class='ocr_par' dir='ltr' id='par_1_94' title="bbox 262 5012 1754 5083">
     <span class='ocr_line' id='line_1_94' title="bbox 262 5012 1754 5083; baseline 0 -18"><span class='ocrx_word' id='word_1_579' title='bbox 262 5014 420 5066; x_wconf 77' lang='grc' dir='ltr'><strong>Κατὰ</strong></span> <span class='ocrx_word' id='word_1_580' title='bbox 466 5014 613 5083; x_wconf 84' lang='grc' dir='ltr'><strong>τρεῖς</strong></span> <span class='ocrx_word' id='word_1_581' title='bbox 651 5012 884 5081; x_wconf 79' lang='grc' dir='ltr'><strong>τρόπους</strong></span> <span class='ocrx_word' id='word_1_582' title='bbox 923 5014 954 5080; x_wconf 73' lang='grc' dir='ltr'>ἡ</span> <span class='ocrx_word' id='word_1_583' title='bbox 1007 5014 1340 5080; x_wconf 75' lang='grc' dir='ltr'><strong>συκοφαντία</strong></span> <span class='ocrx_word' id='word_1_584' title='bbox 1375 5013 1602 5079; x_wconf 81' lang='grc' dir='ltr'><strong>γίνεται,</strong></span> <span class='ocrx_word' id='word_1_585' title='bbox 1661 5015 1754 5065; x_wconf 74' lang='grc' dir='ltr'><strong>καὶ</strong></span> 
     </span>
    </p>
   </div>
   <div class='ocr_carea' id='block_1_95' title="bbox 188 5084 1753 5174">
    <p class='ocr_par' dir='ltr' id='par_1_95' title="bbox 188 5084 1753 5174">
     <span class='ocr_line' id='line_1_95' title="bbox 188 5084 1753 5174; baseline -0.001 -18"><span class='ocrx_word' id='word_1_586' title='bbox 188 5102 390 5174; x_wconf 72' lang='grc' dir='ltr'><strong>τριπλῆ</strong></span> <span class='ocrx_word' id='word_1_587' title='bbox 446 5105 478 5167; x_wconf 80' lang='grc' dir='ltr'><strong>ἡ</strong></span> <span class='ocrx_word' id='word_1_588' title='bbox 533 5084 913 5167; x_wconf 77' lang='grc' dir='ltr'><strong>ὲπέξέλευσις·</strong></span> <span class='ocrx_word' id='word_1_589' title='bbox 962 5102 994 5171; x_wconf 82' lang='grc' dir='ltr'>ἢ</span> <span class='ocrx_word' id='word_1_590' title='bbox 1041 5104 1152 5169; x_wconf 71' lang='grc' dir='ltr'><strong>γὰρ</strong></span> <span class='ocrx_word' id='word_1_591' title='bbox 1203 5106 1528 5171; x_wconf 79' lang='grc' dir='ltr'><strong>συκοφαντεῖ</strong></span> <span class='ocrx_word' id='word_1_592' title='bbox 1567 5121 1647 5165; x_wconf 87' lang='grc' dir='ltr'><strong>τις</strong></span> <span class='ocrx_word' id='word_1_593' title='bbox 1677 5104 1753 5166; x_wconf 88' lang='grc' dir='ltr'><strong>ῶς</strong></span> 
     </span>
    </p>
   </div>
   <div class='ocr_carea' id='block_1_96' title="bbox 195 5194 1753 5263">
    <p class='ocr_par' dir='ltr' id='par_1_96' title="bbox 195 5194 1753 5263">
     <span class='ocr_line' id='line_1_96' title="bbox 195 5194 1753 5263; baseline -0.001 -16"><span class='ocrx_word' id='word_1_594' title='bbox 195 5196 446 5256; x_wconf 79' lang='grc' dir='ltr'><strong>πλαστῶς</strong></span> <span class='ocrx_word' id='word_1_595' title='bbox 487 5194 828 5263; x_wconf 79' lang='grc' dir='ltr'><strong>κατηγορῶν,</strong></span> <span class='ocrx_word' id='word_1_596' title='bbox 864 5194 894 5262; x_wconf 76' lang='grc' dir='ltr'><strong>ἢ</strong></span> <span class='ocrx_word' id='word_1_597' title='bbox 930 5194 1198 5262; x_wconf 77' lang='grc' dir='ltr'><strong>προδότης</strong></span> <span class='ocrx_word' id='word_1_598' title='bbox 1229 5194 1327 5261; x_wconf 77' lang='grc' dir='ltr'><strong>τῆς</strong></span> <span class='ocrx_word' id='word_1_599' title='bbox 1376 5194 1510 5256; x_wconf 85' lang='grc' dir='ltr'><strong>ίδίας</strong></span> <span class='ocrx_word' id='word_1_600' title='bbox 1555 5196 1753 5246; x_wconf 84' lang='grc' dir='ltr'><strong>ὑποθέ-</strong></span> 
     </span>
    </p>
   </div>
   <div class='ocr_carea' id='block_1_97' title="bbox 193 5270 1753 5353">
    <p class='ocr_par' dir='ltr' id='par_1_97' title="bbox 193 5270 1753 5353">
     <span class='ocr_line' id='line_1_97' title="bbox 193 5270 1753 5353; baseline -0.001 -15"><span class='ocrx_word' id='word_1_601' title='bbox 193 5305 329 5347; x_wconf 80' lang='grc' dir='ltr'><strong>σεως</strong></span> <span class='ocrx_word' id='word_1_602' title='bbox 359 5287 584 5353; x_wconf 87' lang='grc' dir='ltr'><strong>γίνεται,</strong></span> <span class='ocrx_word' id='word_1_603' title='bbox 617 5285 663 5338; x_wconf 81' lang='grc' dir='ltr'><strong>τ’</strong></span> <span class='ocrx_word' id='word_1_604' title='bbox 695 5270 869 5353; x_wconf 78' lang='grc' dir='ltr'><strong>ἀληθῆ</strong></span> <span class='ocrx_word' id='word_1_605' title='bbox 905 5285 1228 5352; x_wconf 76' lang='grc' dir='ltr'><strong>ἐγκλήματα</strong></span> <span class='ocrx_word' id='word_1_606' title='bbox 1255 5284 1536 5351; x_wconf 80' lang='grc' dir='ltr'><strong>κρύπτων,</strong></span> <span class='ocrx_word' id='word_1_607' title='bbox 1568 5285 1599 5353; x_wconf 85' lang='grc' dir='ltr'><strong>ἥ</strong></span> <span class='ocrx_word' id='word_1_608' title='bbox 1626 5302 1753 5352; x_wconf 77' lang='grc' dir='ltr'><strong>φευο</strong></span> 
     </span>
    </p>
   </div>
   <div class='ocr_carea' id='block_1_98' title="bbox 193 5372 1749 5446">
    <p class='ocr_par' dir='ltr' id='par_1_98' title="bbox 193 5372 1749 5446">
     <span class='ocr_line' id='line_1_98' title="bbox 193 5372 1749 5446; baseline 0.001 -18"><span class='ocrx_word' id='word_1_609' title='bbox 193 5379 419 5444; x_wconf 75' lang='grc' dir='ltr'><strong>γοδικεῖ,</strong></span> <span class='ocrx_word' id='word_1_610' title='bbox 473 5377 691 5438; x_wconf 86' lang='grc' dir='ltr'><strong>τελείως</strong></span> <span class='ocrx_word' id='word_1_611' title='bbox 749 5376 1051 5446; x_wconf 82' lang='grc' dir='ltr'><strong>ἀναχωρῶν</strong></span> <span class='ocrx_word' id='word_1_612' title='bbox 1102 5372 1198 5442; x_wconf 83' lang='grc' dir='ltr'><strong>τῆς</strong></span> <span class='ocrx_word' id='word_1_613' title='bbox 1254 5375 1612 5444; x_wconf 86' lang='grc' dir='ltr'><strong>κατηγορίας.</strong></span> <span class='ocrx_word' id='word_1_614' title='bbox 1676 5378 1749 5430; x_wconf 84' lang='grc' dir='ltr'><strong>Οὐ</strong></span> 
     </span>
    </p>
   </div>
   <div class='ocr_carea' id='block_1_99' title="bbox 194 5463 1751 5552">
    <p class='ocr_par' dir='ltr' id='par_1_99' title="bbox 194 5463 1751 5552">
     <span class='ocr_line' id='line_1_99' title="bbox 194 5463 1751 5552; baseline 0 -34"><span class='ocrx_word' id='word_1_615' title='bbox 194 5468 413 5527; x_wconf 66' lang='grc' dir='ltr'><strong>πάντως</strong></span> <span class='ocrx_word' id='word_1_616' title='bbox 460 5466 517 5518; x_wconf 84' lang='grc' dir='ltr'><strong>δὲ</strong></span> <span class='ocrx_word' id='word_1_617' title='bbox 557 5466 900 5533; x_wconf 82' lang='grc' dir='ltr'><strong>συκοφάντης</strong></span> <span class='ocrx_word' id='word_1_618' title='bbox 952 5465 1112 5516; x_wconf 73' lang='grc' dir='ltr'><strong>εστὶν.</strong></span> <span class='ocrx_word' id='word_1_619' title='bbox 1144 5466 1171 5515; x_wconf 88' lang='grc' dir='ltr'>ὁ</span> <span class='ocrx_word' id='word_1_620' title='bbox 1224 5463 1298 5533; x_wconf 80' lang='grc' dir='ltr'><strong>μὴ</strong></span> <span class='ocrx_word' id='word_1_621' title='bbox 1352 5466 1672 5552; x_wconf 61' lang='grc' dir='ltr'><strong>ἀποδεικνὺς</strong></span> <span class='ocrx_word' id='word_1_622' title='bbox 1724 5467 1751 5518; x_wconf 86' lang='grc' dir='ltr'><strong>ὃ</strong></span> 
     </span>
    </p>
   </div>
   <div class='ocr_carea' id='block_1_100' title="bbox 194 5555 1748 5625">
    <p class='ocr_par' dir='ltr' id='par_1_100' title="bbox 194 5555 1748 5625">
     <span class='ocr_line' id='line_1_100' title="bbox 194 5555 1748 5625; baseline -0.001 -16"><span class='ocrx_word' id='word_1_623' title='bbox 194 5557 596 5625; x_wconf 70' lang='grc' dir='ltr'><strong>κατηγόρησεν,</strong></span> <span class='ocrx_word' id='word_1_624' title='bbox 635 5555 748 5607; x_wconf 82' lang='grc' dir='ltr'><strong>ἀλλ’</strong></span> <span class='ocrx_word' id='word_1_625' title='bbox 780 5556 837 5607; x_wconf 77' lang='grc' dir='ltr'><strong>ἐν</strong></span> <span class='ocrx_word' id='word_1_626' title='bbox 876 5559 941 5625; x_wconf 78' lang='grc' dir='ltr'><strong>τῇ</strong></span> <span class='ocrx_word' id='word_1_627' title='bbox 982 5556 1161 5622; x_wconf 85' lang='grc' dir='ltr'><strong>κρίσει</strong></span> <span class='ocrx_word' id='word_1_628' title='bbox 1197 5555 1290 5606; x_wconf 89' lang='grc' dir='ltr'><strong>τοῦ</strong></span> <span class='ocrx_word' id='word_1_629' title='bbox 1322 5555 1577 5606; x_wconf 82' lang='grc' dir='ltr'><strong>δικαστοῦ</strong></span> <span class='ocrx_word' id='word_1_630' title='bbox 1612 5559 1748 5617; x_wconf 79' lang='grc' dir='ltr'><strong>ἐστι.</strong></span> 
     </span>
    </p>
   </div>
   <div class='ocr_carea' id='block_1_101' title="bbox 199 5645 1751 5717">
    <p class='ocr_par' dir='ltr' id='par_1_101' title="bbox 199 5645 1751 5717">
     <span class='ocr_line' id='line_1_101' title="bbox 199 5645 1751 5717; baseline -0.001 -18"><span class='ocrx_word' id='word_1_631' title='bbox 199 5648 339 5717; x_wconf 77' lang='grc' dir='ltr'><strong>μετά</strong></span> <span class='ocrx_word' id='word_1_632' title='bbox 374 5648 435 5699; x_wconf 81' lang='grc' dir='ltr'><strong>τὸ</strong></span> <span class='ocrx_word' id='word_1_633' title='bbox 466 5647 895 5716; x_wconf 73' lang='grc' dir='ltr'><strong>ἐλευθερωθῆναι</strong></span> <span class='ocrx_word' id='word_1_634' title='bbox 934 5647 1023 5699; x_wconf 84' lang='grc' dir='ltr'><strong>τὸν</strong></span> <span class='ocrx_word' id='word_1_635' title='bbox 1058 5647 1557 5714; x_wconf 83' lang='grc' dir='ltr'><strong>κατηγορούμενον,</strong></span> <span class='ocrx_word' id='word_1_636' title='bbox 1588 5645 1751 5714; x_wconf 77' lang='grc' dir='ltr'><strong>ζητῆο</strong></span> 
     </span>
    </p>
   </div>
   <div class='ocr_carea' id='block_1_102' title="bbox 193 5736 1750 5807">
    <p class='ocr_par' dir='ltr' id='par_1_102' title="bbox 193 5736 1750 5807">
     <span class='ocr_line' id='line_1_102' title="bbox 193 5736 1750 5807; baseline -0.001 -17"><span class='ocrx_word' id='word_1_637' title='bbox 193 5757 281 5791; x_wconf 86' lang='grc' dir='ltr'><strong>σαι</strong></span> <span class='ocrx_word' id='word_1_638' title='bbox 313 5740 442 5806; x_wconf 81' lang='grc' dir='ltr'><strong>περὶ</strong></span> <span class='ocrx_word' id='word_1_639' title='bbox 472 5737 681 5790; x_wconf 87' lang='grc' dir='ltr'><strong>τούτου,</strong></span> <span class='ocrx_word' id='word_1_640' title='bbox 713 5740 828 5790; x_wconf 73' lang='grc' dir='ltr'><strong>Κᾶν</strong></span> <span class='ocrx_word' id='word_1_641' title='bbox 856 5738 957 5805; x_wconf 78' lang='grc' dir='ltr'><strong>μὲν</strong></span> <span class='ocrx_word' id='word_1_642' title='bbox 979 5738 1111 5807; x_wconf 78' lang='grc' dir='ltr'><strong>εἴπῃ</strong></span> <span class='ocrx_word' id='word_1_643' title='bbox 1140 5738 1251 5789; x_wconf 74' lang='grc' dir='ltr'><strong>Οὐκ</strong></span> <span class='ocrx_word' id='word_1_644' title='bbox 1274 5736 1581 5800; x_wconf 71' lang='grc' dir='ltr'><strong>ἀπέδειξας,</strong></span> <span class='ocrx_word' id='word_1_645' title='bbox 1606 5737 1750 5803; x_wconf 75' lang='grc' dir='ltr'><strong>ἐφεί-</strong></span> 
     </span>
    </p>
   </div>
   <div class='ocr_carea' id='block_1_103' title="bbox 193 5827 1747 5900">
    <p class='ocr_par' dir='ltr' id='par_1_103' title="bbox 193 5827 1747 5900">
     <span class='ocr_line' id='line_1_103' title="bbox 193 5827 1747 5900; baseline -0.003 -19"><span class='ocrx_word' id='word_1_646' title='bbox 193 5847 322 5884; x_wconf 70' lang='grc' dir='ltr'><strong>σατο</strong></span> <span class='ocrx_word' id='word_1_647' title='bbox 349 5829 531 5883; x_wconf 74' lang='grc' dir='ltr'><strong>αὐτοῦ’</strong></span> <span class='ocrx_word' id='word_1_648' title='bbox 552 5830 615 5883; x_wconf 79' lang='grc' dir='ltr'><strong>ἂν</strong></span> <span class='ocrx_word' id='word_1_649' title='bbox 638 5829 692 5882; x_wconf 74' lang='grc' dir='ltr'><strong>δὲ</strong></span> <span class='ocrx_word' id='word_1_650' title='bbox 717 5830 845 5900; x_wconf 79' lang='grc' dir='ltr'><strong>εἴπῃ</strong></span> <span class='ocrx_word' id='word_1_651' title='bbox 877 5828 1373 5899; x_wconf 83' lang='grc' dir='ltr'><strong>Ἐσυκοφάντησας,</strong></span> <span class='ocrx_word' id='word_1_652' title='bbox 1396 5827 1747 5880; x_wconf 54' lang='grc' dir='ltr'><strong>κατεδίκασεν</strong></span> 
     </span>
    </p>
   </div>
   <div class='ocr_carea' id='block_1_104' title="bbox 1861 4653 2033 4710">
    <p class='ocr_par' dir='ltr' id='par_1_104' title="bbox 1861 4653 2033 4710">
     <span class='ocr_line' id='line_1_104' title="bbox 1861 4653 2033 4710; baseline 0.029 -19"><span class='ocrx_word' id='word_1_653' title='bbox 1861 4653 2033 4710; x_wconf 63' lang='lat' dir='ltr'><strong>potest</strong></span> 
     </span>
    </p>
   </div>
   <div class='ocr_carea' id='block_1_105' title="bbox 1928 4680 3420 4803">
    <p class='ocr_par' dir='ltr' id='par_1_105' title="bbox 1928 4680 3420 4803">
     <span class='ocr_line' id='line_1_105' title="bbox 1928 4680 3420 4803; baseline 0.001 -17"><span class='ocrx_word' id='word_1_654' title='bbox 1928 4680 2063 4799; x_wconf 44' lang='lat' dir='ltr'><strong>Quia</strong></span> <span class='ocrx_word' id='word_1_655' title='bbox 2079 4751 2170 4803; x_wconf 81' lang='lat' dir='ltr'><strong>per</strong></span> <span class='ocrx_word' id='word_1_656' title='bbox 2199 4736 2529 4789; x_wconf 86' lang='lat' dir='ltr'><strong>calumniam</strong></span> <span class='ocrx_word' id='word_1_657' title='bbox 2564 4736 2614 4789; x_wconf 91' lang='lat' dir='ltr'><strong>in</strong></span> <span class='ocrx_word' id='word_1_658' title='bbox 2647 4736 2986 4790; x_wconf 77' lang='lat' dir='ltr'><strong>exhibitione</strong></span> <span class='ocrx_word' id='word_1_659' title='bbox 3020 4753 3201 4791; x_wconf 86' lang='lat' dir='ltr'><strong>coram</strong></span> <span class='ocrx_word' id='word_1_660' title='bbox 3236 4735 3420 4800; x_wconf 85' lang='lat' dir='ltr'><strong>judice</strong></span> 
     </span>
    </p>
   </div>
   <div class='ocr_carea' id='block_1_106' title="bbox 1858 4825 3420 4895">
    <p class='ocr_par' dir='ltr' id='par_1_106' title="bbox 1858 4825 3420 4895">
     <span class='ocr_line' id='line_1_106' title="bbox 1858 4825 3420 4895; baseline 0 -18"><span class='ocrx_word' id='word_1_661' title='bbox 1858 4834 1949 4895; x_wconf 86' lang='lat' dir='ltr'><strong>qui</strong></span> <span class='ocrx_word' id='word_1_662' title='bbox 1987 4828 2431 4893; x_wconf 79' lang='lat' dir='ltr'><strong>jurisdictionetlt</strong></span> <span class='ocrx_word' id='word_1_663' title='bbox 2471 4827 2633 4880; x_wconf 90' lang='lat' dir='ltr'><strong>habet</strong></span> <span class='ocrx_word' id='word_1_664' title='bbox 2686 4828 2999 4895; x_wconf 84' lang='lat' dir='ltr'><strong>episcOpum</strong></span> <span class='ocrx_word' id='word_1_665' title='bbox 3050 4838 3295 4887; x_wconf 82' lang='lat' dir='ltr'><strong>accusat,</strong></span> <span class='ocrx_word' id='word_1_666' title='bbox 3326 4825 3420 4878; x_wconf 81' lang='lat' dir='ltr'><strong>tti-</strong></span> 
     </span>
    </p>
   </div>
   <div class='ocr_carea' id='block_1_107' title="bbox 1857 4917 2607 4985">
    <p class='ocr_par' dir='ltr' id='par_1_107' title="bbox 1857 4917 2607 4985">
     <span class='ocr_line' id='line_1_107' title="bbox 1857 4917 2607 4985; baseline 0.004 -17"><span class='ocrx_word' id='word_1_667' title='bbox 1857 4918 2000 4984; x_wconf 71' lang='lat' dir='ltr'><strong>ginta</strong></span> <span class='ocrx_word' id='word_1_668' title='bbox 2035 4917 2150 4969; x_wconf 88' lang='lat' dir='ltr'><strong>auri</strong></span> <span class='ocrx_word' id='word_1_669' title='bbox 2183 4917 2349 4969; x_wconf 84' lang='lat' dir='ltr'><strong>libras</strong></span> <span class='ocrx_word' id='word_1_670' title='bbox 2390 4918 2607 4985; x_wconf 82' lang='lat' dir='ltr'><strong>pendat.</strong></span> 
     </span>
    </p>
   </div>
   <div class='ocr_carea' id='block_1_108' title="bbox 1926 5006 3416 5077">
    <p class='ocr_par' dir='ltr' id='par_1_108' title="bbox 1926 5006 3416 5077">
     <span class='ocr_line' id='line_1_108' title="bbox 1926 5006 3416 5077; baseline 0.001 -20"><span class='ocrx_word' id='word_1_671' title='bbox 1926 5006 2204 5060; x_wconf 81' lang='lat' dir='ltr'><strong>Calumnia</strong></span> <span class='ocrx_word' id='word_1_672' title='bbox 2238 5008 2411 5061; x_wconf 73' lang='lat' dir='ltr'><strong>tribus</strong></span> <span class='ocrx_word' id='word_1_673' title='bbox 2444 5009 2621 5062; x_wconf 91' lang='lat' dir='ltr'><strong>modis</strong></span> <span class='ocrx_word' id='word_1_674' title='bbox 2652 5008 2729 5073; x_wconf 86' lang='lat' dir='ltr'><strong>lit,</strong></span> <span class='ocrx_word' id='word_1_675' title='bbox 2757 5018 2809 5063; x_wconf 90' lang='lat' dir='ltr'><strong>et</strong></span> <span class='ocrx_word' id='word_1_676' title='bbox 2833 5009 3121 5077; x_wconf 89' lang='lat' dir='ltr'><strong>tripliciter</strong></span> <span class='ocrx_word' id='word_1_677' title='bbox 3154 5008 3416 5077; x_wconf 81' lang='lat' dir='ltr'><strong>punitur;</strong></span> 
     </span>
    </p>
   </div>
   <div class='ocr_carea' id='block_1_109' title="bbox 1858 5097 3415 5167">
    <p class='ocr_par' dir='ltr' id='par_1_109' title="bbox 1858 5097 3415 5167">
     <span class='ocr_line' id='line_1_109' title="bbox 1858 5097 3415 5167; baseline 0.002 -19"><span class='ocrx_word' id='word_1_678' title='bbox 1858 5099 1937 5150; x_wconf 89' lang='lat' dir='ltr'><strong>vel</strong></span> <span class='ocrx_word' id='word_1_679' title='bbox 1973 5098 2117 5148; x_wconf 90' lang='lat' dir='ltr'><strong>enim</strong></span> <span class='ocrx_word' id='word_1_680' title='bbox 2172 5097 2541 5151; x_wconf 88' lang='lat' dir='ltr'><strong>calumniatur</strong></span> <span class='ocrx_word' id='word_1_681' title='bbox 2598 5099 2721 5167; x_wconf 90' lang='lat' dir='ltr'><strong>quis</strong></span> <span class='ocrx_word' id='word_1_682' title='bbox 2779 5114 3048 5153; x_wconf 75' lang='lat' dir='ltr'><strong>accusans</strong></span> <span class='ocrx_word' id='word_1_683' title='bbox 3105 5099 3278 5159; x_wconf 79' lang='lat' dir='ltr'><strong>falso.</strong></span> <span class='ocrx_word' id='word_1_684' title='bbox 3335 5100 3415 5151; x_wconf 84' lang='lat' dir='ltr'><strong>vel</strong></span> 
     </span>
    </p>
   </div>
   <div class='ocr_carea' id='block_1_110' title="bbox 1855 5189 3413 5257">
    <p class='ocr_par' dir='ltr' id='par_1_110' title="bbox 1855 5189 3413 5257">
     <span class='ocr_line' id='line_1_110' title="bbox 1855 5189 3413 5257; baseline -0.001 -18"><span class='ocrx_word' id='word_1_685' title='bbox 1855 5191 2033 5257; x_wconf 78' lang='lat' dir='ltr'><strong>prodit</strong></span> <span class='ocrx_word' id='word_1_686' title='bbox 2080 5191 2353 5256; x_wconf 87' lang='lat' dir='ltr'><strong>propriam</strong></span> <span class='ocrx_word' id='word_1_687' title='bbox 2403 5203 2647 5250; x_wconf 86' lang='lat' dir='ltr'><strong>causam.</strong></span> <span class='ocrx_word' id='word_1_688' title='bbox 2677 5206 2799 5245; x_wconf 85' lang='lat' dir='ltr'><strong>vera</strong></span> <span class='ocrx_word' id='word_1_689' title='bbox 2832 5191 3062 5245; x_wconf 86' lang='lat' dir='ltr'><strong>crimina</strong></span> <span class='ocrx_word' id='word_1_690' title='bbox 3098 5189 3413 5251; x_wconf 79' lang='lat' dir='ltr'><strong>occultans;</strong></span> 
     </span>
    </p>
   </div>
   <div class='ocr_carea' id='block_1_111' title="bbox 1856 5284 3415 5350">
    <p class='ocr_par' dir='ltr' id='par_1_111' title="bbox 1856 5284 3415 5350">
     <span class='ocr_line' id='line_1_111' title="bbox 1856 5284 3415 5350; baseline -0.001 -16"><span class='ocrx_word' id='word_1_691' title='bbox 1856 5284 1936 5336; x_wconf 85' lang='lat' dir='ltr'><strong>vel</strong></span> <span class='ocrx_word' id='word_1_692' title='bbox 1997 5284 2410 5350; x_wconf 82' lang='lat' dir='ltr'><strong>tergiversatur,</strong></span> <span class='ocrx_word' id='word_1_693' title='bbox 2460 5284 2511 5335; x_wconf 91' lang='lat' dir='ltr'><strong>in</strong></span> <span class='ocrx_word' id='word_1_694' title='bbox 2566 5284 2879 5339; x_wconf 85' lang='lat' dir='ltr'><strong>universum</strong></span> <span class='ocrx_word' id='word_1_695' title='bbox 2943 5285 3011 5338; x_wconf 88' lang='lat' dir='ltr'><strong>ab</strong></span> <span class='ocrx_word' id='word_1_696' title='bbox 3063 5284 3415 5338; x_wconf 87' lang='lat' dir='ltr'><strong>accusatione</strong></span> 
     </span>
    </p>
   </div>
   <div class='ocr_carea' id='block_1_112' title="bbox 1853 5374 3414 5441">
    <p class='ocr_par' dir='ltr' id='par_1_112' title="bbox 1853 5374 3414 5441">
     <span class='ocr_line' id='line_1_112' title="bbox 1853 5374 3414 5441; baseline -0.001 -14"><span class='ocrx_word' id='word_1_697' title='bbox 1853 5376 2141 5429; x_wconf 87' lang='lat' dir='ltr'><strong>desistens.</strong></span> <span class='ocrx_word' id='word_1_698' title='bbox 2188 5374 2301 5428; x_wconf 84' lang='lat' dir='ltr'><strong>Non</strong></span> <span class='ocrx_word' id='word_1_699' title='bbox 2364 5377 2588 5429; x_wconf 93' lang='lat' dir='ltr'><strong>omnino</strong></span> <span class='ocrx_word' id='word_1_700' title='bbox 2628 5391 2757 5429; x_wconf 88' lang='lat' dir='ltr'><strong>vero</strong></span> <span class='ocrx_word' id='word_1_701' title='bbox 2791 5376 3151 5431; x_wconf 88' lang='lat' dir='ltr'><strong>calumniator</strong></span> <span class='ocrx_word' id='word_1_702' title='bbox 3182 5384 3285 5437; x_wconf 90' lang='lat' dir='ltr'><strong>est,</strong></span> <span class='ocrx_word' id='word_1_703' title='bbox 3321 5374 3414 5441; x_wconf 87' lang='lat' dir='ltr'><strong>qui</strong></span> 
     </span>
    </p>
   </div>
   <div class='ocr_carea' id='block_1_113' title="bbox 1854 5467 3413 5537">
    <p class='ocr_par' dir='ltr' id='par_1_113' title="bbox 1854 5467 3413 5537">
     <span class='ocr_line' id='line_1_113' title="bbox 1854 5467 3413 5537; baseline 0.001 -18"><span class='ocrx_word' id='word_1_704' title='bbox 1854 5482 1960 5519; x_wconf 90' lang='lat' dir='ltr'><strong>non</strong></span> <span class='ocrx_word' id='word_1_705' title='bbox 2015 5468 2208 5535; x_wconf 87' lang='lat' dir='ltr'><strong>probat</strong></span> <span class='ocrx_word' id='word_1_706' title='bbox 2259 5467 2402 5532; x_wconf 90' lang='lat' dir='ltr'><strong>quod</strong></span> <span class='ocrx_word' id='word_1_707' title='bbox 2443 5468 2691 5531; x_wconf 89' lang='lat' dir='ltr'><strong>intendit,</strong></span> <span class='ocrx_word' id='word_1_708' title='bbox 2721 5470 2811 5521; x_wconf 91' lang='lat' dir='ltr'><strong>sed</strong></span> <span class='ocrx_word' id='word_1_709' title='bbox 2857 5469 2906 5521; x_wconf 90' lang='lat' dir='ltr'><strong>in</strong></span> <span class='ocrx_word' id='word_1_710' title='bbox 2947 5469 3174 5521; x_wconf 84' lang='lat' dir='ltr'><strong>arbitrio</strong></span> <span class='ocrx_word' id='word_1_711' title='bbox 3212 5469 3413 5537; x_wconf 81' lang='lat' dir='ltr'><strong>judicis</strong></span> 
     </span>
    </p>
   </div>
   <div class='ocr_carea' id='block_1_114' title="bbox 1851 5557 3409 5626">
    <p class='ocr_par' dir='ltr' id='par_1_114' title="bbox 1851 5557 3409 5626">
     <span class='ocr_line' id='line_1_114' title="bbox 1851 5557 3409 5626; baseline 0 -17"><span class='ocrx_word' id='word_1_712' title='bbox 1851 5565 1934 5609; x_wconf 84' lang='lat' dir='ltr'><strong>est</strong></span> <span class='ocrx_word' id='word_1_713' title='bbox 1960 5573 2052 5610; x_wconf 92' lang='lat' dir='ltr'><strong>reo</strong></span> <span class='ocrx_word' id='word_1_714' title='bbox 2102 5557 2353 5610; x_wconf 83' lang='lat' dir='ltr'><strong>absoluto</strong></span> <span class='ocrx_word' id='word_1_715' title='bbox 2389 5558 2489 5611; x_wconf 79' lang='lat' dir='ltr'><strong>hac</strong></span> <span class='ocrx_word' id='word_1_716' title='bbox 2518 5559 2583 5611; x_wconf 86' lang='lat' dir='ltr'><strong>de</strong></span> <span class='ocrx_word' id='word_1_717' title='bbox 2615 5574 2669 5610; x_wconf 94' lang='lat' dir='ltr'><strong>re</strong></span> <span class='ocrx_word' id='word_1_718' title='bbox 2700 5558 2993 5626; x_wconf 84' lang='lat' dir='ltr'><strong>inquirere.</strong></span> <span class='ocrx_word' id='word_1_719' title='bbox 3043 5558 3101 5610; x_wconf 86' lang='lat' dir='ltr'><strong>Et</strong></span> <span class='ocrx_word' id='word_1_720' title='bbox 3144 5559 3409 5624; x_wconf 84' lang='lat' dir='ltr'><strong>siquidem</strong></span> 
     </span>
    </p>
   </div>
   <div class='ocr_carea' id='block_1_115' title="bbox 1853 5646 3411 5717">
    <p class='ocr_par' dir='ltr' id='par_1_115' title="bbox 1853 5646 3411 5717">
     <span class='ocr_line' id='line_1_115' title="bbox 1853 5646 3411 5717; baseline -0.001 -17"><span class='ocrx_word' id='word_1_721' title='bbox 1853 5649 2065 5708; x_wconf 77' lang='lat' dir='ltr'><strong>dixerit.</strong></span> <span class='ocrx_word' id='word_1_722' title='bbox 2097 5646 2214 5700; x_wconf 84' lang='lat' dir='ltr'><strong>Non</strong></span> <span class='ocrx_word' id='word_1_723' title='bbox 2241 5650 2506 5715; x_wconf 87' lang='lat' dir='ltr'><strong>probasti,</strong></span> <span class='ocrx_word' id='word_1_724' title='bbox 2554 5650 2792 5717; x_wconf 89' lang='lat' dir='ltr'><strong>pepercit</strong></span> <span class='ocrx_word' id='word_1_725' title='bbox 2824 5650 2910 5714; x_wconf 89' lang='lat' dir='ltr'><strong>ei;</strong></span> <span class='ocrx_word' id='word_1_726' title='bbox 2948 5649 2993 5702; x_wconf 92' lang='lat' dir='ltr'><strong>si</strong></span> <span class='ocrx_word' id='word_1_727' title='bbox 3028 5663 3157 5703; x_wconf 86' lang='lat' dir='ltr'><strong>vero</strong></span> <span class='ocrx_word' id='word_1_728' title='bbox 3188 5650 3411 5713; x_wconf 75' lang='lat' dir='ltr'><strong>dixerit,</strong></span> 
     </span>
    </p>
   </div>
   <div class='ocr_carea' id='block_1_116' title="bbox 1851 5736 3414 5808">
    <p class='ocr_par' dir='ltr' id='par_1_116' title="bbox 1851 5736 3414 5808">
     <span class='ocr_line' id='line_1_116' title="bbox 1851 5736 3414 5808; baseline 0 -17"><span class='ocrx_word' id='word_1_729' title='bbox 1851 5736 2220 5791; x_wconf 86' lang='lat' dir='ltr'><strong>Calumniatus</strong></span> <span class='ocrx_word' id='word_1_730' title='bbox 2254 5754 2332 5801; x_wconf 87' lang='lat' dir='ltr'><strong>es,</strong></span> <span class='ocrx_word' id='word_1_731' title='bbox 2360 5739 2644 5792; x_wconf 71' lang='lat' dir='ltr'><strong>calumniae</strong></span> <span class='ocrx_word' id='word_1_732' title='bbox 2667 5754 2791 5791; x_wconf 88' lang='lat' dir='ltr'><strong>eum</strong></span> <span class='ocrx_word' id='word_1_733' title='bbox 2824 5738 3230 5803; x_wconf 85' lang='lat' dir='ltr'><strong>condemnavit,</strong></span> <span class='ocrx_word' id='word_1_734' title='bbox 3259 5737 3414 5808; x_wconf 66' lang='grc'><strong>104</strong></span> 
     </span>
    </p>
   </div>
   <div class='ocr_carea' id='block_1_117' title="bbox 1852 5826 3414 5897">
    <p class='ocr_par' dir='ltr' id='par_1_117' title="bbox 1852 5826 3414 5897">
     <span class='ocr_line' id='line_1_117' title="bbox 1852 5826 3414 5897; baseline -0.001 -15"><span class='ocrx_word' id='word_1_735' title='bbox 1852 5830 2061 5882; x_wconf 70' lang='lat' dir='ltr'><strong>etiamsi</strong></span> <span class='ocrx_word' id='word_1_736' title='bbox 2119 5832 2182 5881; x_wconf 88' lang='lat' dir='ltr'><strong>dc.</strong></span> <span class='ocrx_word' id='word_1_737' title='bbox 2253 5846 2409 5897; x_wconf 63' lang='lat' dir='ltr'><strong>[tanta</strong></span> <span class='ocrx_word' id='word_1_738' title='bbox 2460 5832 2591 5884; x_wconf 91' lang='lat' dir='ltr'><strong>nihil</strong></span> <span class='ocrx_word' id='word_1_739' title='bbox 2643 5830 2862 5885; x_wconf 78' lang='lat' dir='ltr'><strong>dixerit.</strong></span> <span class='ocrx_word' id='word_1_740' title='bbox 2906 5826 2963 5884; x_wconf 85' lang='lat' dir='ltr'><strong>Si</strong></span> <span class='ocrx_word' id='word_1_741' title='bbox 3023 5843 3147 5883; x_wconf 87' lang='lat' dir='ltr'><strong>vero</strong></span> <span class='ocrx_word' id='word_1_742' title='bbox 3192 5828 3414 5891; x_wconf 70' lang='lat' dir='ltr'><strong>dixerit,</strong></span> 
     </span>
    </p>
   </div>
  </div>
