4184 6444
726 422 856 483 ἳΩίἻ

1913 427 2282 486 ΜΔΤΤΙΙᾹΞῘ
2332 428 2752 488 BLASTARlS

3835 427 3971 493 1253

723 530 951 587 Temere
980 537 1272 596 accusasti.
1309 554 1413 592 non
1471 539 1599 594 facit
1625 539 1776 594 illum
1819 539 2300 601 calumniatorcm,

2407 540 2568 591 αὐτὸν
2600 542 2678 603 είς
2713 541 3078 608 συκοφαντίαν
3109 556 3121 570 ·
3175 541 3279 594 κᾶν
3317 540 3481 610 μηδὲν
3520 539 3650 612 εἴπῃ
3699 541 3828 611 περὶ
3881 543 3978 610 τῆς

726 639 824 677 nec
869 642 1040 695 postue
1088 629 1400 699 subjicitur.

794 895 986 948 Mulier
1019 897 1116 949 viri
1150 897 1389 952 omnium
1433 914 1544 953 non
1583 899 1718 962 obit,
1749 914 1848 954 nec
1884 899 1936 951 in
1972 907 2294 952 testamento

725 987 876 1039 testis
899 1001 1025 1042 esse
1055 999 1254 1056 potest,
1285 991 1389 1044 nisi
1419 991 1471 1044 in
1515 993 1717 1059 quibus
1746 992 1846 1043 viri
1881 1007 1988 1044 non
2025 991 2296 1044 advocan-

724 1085 837 1134 tur.
881 1079 1052 1134 Porro
1100 1097 1199 1135 nec
1231 1083 1297 1136 iis
1331 1083 1546 1152 publice
1597 1098 1819 1138 causam
1854 1098 2013 1151 agere
2068 1083 2298 1151 permis-

726 1182 848 1220 sum
892 1179 1008 1235 est;
1048 1173 1139 1226 sed
1196 1180 1403 1225 tantum
1453 1188 1551 1242 pro
1609 1174 1810 1242 seipsis
1860 1188 2084 1229 causam
2127 1181 2298 1242 agunt

727 1261 944 1326 mulier,
983 1271 1036 1315 et
1061 1279 1259 1328 caecus;
1295 1266 1382 1316 ille
1414 1279 1544 1318 vero
1571 1275 1623 1319 et
1648 1267 1740 1334 jus
1770 1267 1953 1319 dicere
1986 1275 2182 1334 potest.

798 1352 939 1417 Quin
971 1365 1025 1406 et
1054 1356 1260 1409 novella
1292 1357 1362 1409 48
1408 1357 1758 1425 imperatoris
1801 1357 1998 1410 Leonis
2041 1359 2297 1413 mulieres

728 1445 782 1498 in
834 1449 1292 1503 conventionibus
1356 1459 1410 1503 et
1471 1451 1844 1504 contractibus
1920 1450 2295 1505 testimonium

729 1537 914 1591 dicere
970 1549 1158 1593 vetat:
1198 1542 1248 1594 in
1299 1551 1456 1609 partu
1496 1551 1781 1603 autem,et
1837 1543 1889 1596 in
1943 1544 2009 1595 iis
2061 1558 2182 1611 quae
2224 1544 2301 1599 le-

727 1629 890 1682 minis
923 1630 1056 1684 solis
1103 1632 1287 1686 videre
1328 1634 1684 1702 permittitur,
1717 1635 2088 1688 testimonium
2119 1635 2299 1692 dicere

727 1731 984 1790 possunt.

1134 1834 1216 1888 Ex
1238 1837 1438 1890 novella
1464 1835 1754 1892 Iustiniani
1795 1840 1912 1894 125.

802 1946 1178 2002 Sanctissimis
1206 1951 1538 2017 presbyteris
1565 1960 1618 2004 et
1642 1951 1907 2014 diaconis.
1929 1954 1970 2006 si
2007 1969 2105 2023 pro
2131 1970 2291 2009 causa

728 2039 1048 2105 pecuniaria
1079 2040 1279 2092 falsum
1319 2041 1692 2095 testimonium
1729 2042 1936 2096 dixisse
1971 2044 2292 2113 deprehensi

728 2133 858 2192 sint,
892 2147 1000 2184 non
1043 2142 1223 2186 autem
1265 2133 1581 2200 juramento
1613 2134 1962 2188 mendacium
2001 2139 2294 2192 conﬁrma-

727 2225 926 2286 verint,
970 2226 1037 2279 iis
1082 2242 1182 2294 pro
1229 2242 1384 2294 pmna
1422 2227 1677 2288 sufﬁciet.
1709 2229 1887 2282 tribus
1931 2230 2091 2283 annis
2126 2245 2155 2283 a
2193 2232 2295 2283 mi-

728 2317 954 2370 nisterio
1005 2320 1285 2385 separari,
1330 2330 1383 2373 et
1426 2322 1774 2376 monasteriis
1827 2322 1988 2376 tradi.
2064 2321 2120 2377 Si
2169 2339 2296 2377 vero

729 2409 1013 2462 mendacio
1064 2411 1440 2479 juramentnm
1509 2411 1832 2479 adjecerint,
1883 2429 2054 2466 canon
2117 2429 2212 2469 eos
2265 2430 2294 2467 a

729 2502 1036 2556 sacerdOtio
1087 2505 1419 2571 prazscindit.
1457 2502 1611 2568 Quod
1654 2504 1698 2556 si
1732 2504 1784 2556 in
1827 2520 1990 2557 causa
2025 2505 2293 2558 crituinali

731 2594 926 2647 falsum
981 2595 1354 2650 testimonium
1419 2596 1678 2658 dixerint,
1764 2599 1996 2660 multati,
2056 2609 2214 2665 prout
2267 2617 2294 2650 ιι

730 2687 905 2742 sacris
966 2691 1265 2744 canonibus
1311 2690 1591 2755 delinitur,
1641 2691 1787 2743 clero
1849 2691 2298 2756 denutlantur,et

733 2779 910 2846 pannis
943 2789 1201 2847 prwtcrea
1230 2780 1486 2851 legitimis
1514 2781 1910 2850 subjiciuntur.

801 2957 1092 3014 Sufﬁciunt
1150 2961 1214 3014 ad
1276 2961 1653 3030 probationem
1715 2962 1955 3032 quinque
2013 2973 2198 3028 testes,
2252 2965 2295 3018 si

733 3050 935 3118 sctipta
975 3065 1080 3103 non
1119 3055 1226 3103 sint
1257 3069 1271 3115 ;
1320 3054 1362 3105 si
1395 3067 1523 3105 vero
1556 3055 1758 3122 scripta
1785 3055 1916 3120 sint,
1950 3055 2061 3108 sive
2097 3057 2300 3109 instru-

734 3151 935 3206 menta,
964 3151 1072 3197 tres
1095 3153 1301 3195 tantum
1332 3143 1638 3198 sufﬁciunt.

2399 633 2610 698 ποινῆς,
2658 632 3016 685 ἐπακολουθεῖ
3053 635 3182 702 γάρ’
3246 632 3312 686 ἂν
3370 633 3426 685 δὲ
3471 633 3598 702 εῐπῃ
3625 671 3639 693 ,
3680 634 3978 702 Προπετῶς

2395 721 2694 789 ἐκίνησας,
2735 723 2902 792 ἤγουν
2951 722 3051 774 οὐκ
3104 722 3395 784 ἀπέδειξας
3426 761 3442 786 ,
3495 724 3556 774 οὺ
3616 725 3764 774 ποιεῖ
3813 724 3979 775 αὐτὸν

2399 812 2766 879 συκοφᾶντην,
2794 813 2914 864 οὑδέ
2950 815 3141 884 ποινὴν
3169 815 3196 866 6
3228 813 3471 875 τοιοῦτος
3498 814 3817 882 ὑφίσταται.

2477 901 2540 954 Ἦ
2567 902 2705 970 γυνὴ
2733 904 2792 954 οὐ
2829 904 3157 972 μετέρχεται
3188 903 3425 973 ἀνδρῷον
3454 904 3733 972 ὀφφίκιον,
3767 904 3893 956 οὐδὲ
3925 906 3978 956 ἐν

2399 993 2636 1064 διαθήκῃ
2670 997 2963 1064 μαρτυρεῖ,
2996 997 3045 1047 εἰ
3087 996 3163 1065 μὴ
3195 997 3252 1048 ἐν
3282 989 3362 1059 οἷς
3397 996 3589 1064 ἄνδρες
3627 995 3685 1047 οὐ
3733 1013 3982 1064 προσκα-

2395 1084 2635 1138 λοῦνται.
2684 1084 2828 1139 ’AD.‘
2853 1086 2973 1138 οὐδέ
3006 1089 3324 1156 συνηγορεῖν
3358 1087 3586 1150 ταύταις
3621 1087 3840 1154 ἐφεῖται
3889 1087 3982 1152 δη-

2401 1173 2584 1242 μοσίᾳ,
2617 1174 2836 1236 ἑαυταῖς
2869 1173 2927 1226 δέ
2969 1175 3128 1244 μόνον
3169 1158 3532 1245 συνηγοροῦσι
3583 1177 3679 1230 καὶ
3708 1177 3854 1248 γυνὴ
3889 1178 3981 1230 καὶ

2398 1265 2598 1332 τυφλός
2629 1281 2642 1295 ·
2678 1283 2832 1329 ουτος
2859 1266 2915 1319 δέ
2947 1269 3040 1319 καὶ
3072 1268 3313 1332 δικᾴζειν
3342 1267 3586 1322 δύναται.

2481 1362 2548 1414 Ἦ
2594 1362 2649 1415 δὲ
2687 1362 2777 1431 μη⁹
2815 1363 2992 1432 νεαρὰ
3043 1363 3138 1416 τοῦ
3197 1363 3462 1432 βασιλέως
3499 1363 3731 1423 Λέοντος
3777 1360 3981 1413 κωλύει

2397 1451 2497 1514 τὰς
2525 1456 2789 1519 γυναῖκας
2825 1456 2916 1508 ἐπὶ
2951 1456 3264 1523 συμφώνοις
3301 1456 3606 1523 μαρτυρεῖν
3650 1455 3744 1504 καὶ
3779 1452 3980 1503 συναλ-

2398 1542 2697 1613 λάγμασιν·
2723 1546 2817 1598 ἐπὶ
2849 1546 2905 1599 δὲ
2937 1546 3196 1608 τοκετῶν,
3231 1545 3325 1598 καὶ
3354 1545 3440 1610 ἐφ’
3465 1538 3539 1598 ὧν
3572 1544 3705 1612 μόνη
3739 1541 3977 1610 θηλειῶν

2399 1634 2523 1704 ὄψις
2547 1638 2680 1706 ὀρᾷν
2720 1637 3137 1708 συγκεχώρηται
3162 1678 3178 1704 ,
3213 1635 3597 1704 ἐπιτρέπονται
3643 1635 3975 1705 μαρτυρεῖν.

2584 1835 2685 1889 Ἐκ
2725 1835 2836 1903 τῆς
2856 1840 2990 1911 ρκγ
3041 1832 3546 1890 ἰουστινιανειου
3571 1829 3815 1899 νεαρᾶς.

2470 1947 2597 2011 Τοῖς
2632 1947 3050 2010 εὐλαϐεστάτοις
3105 1947 3500 2016 πρεσϐυτέροις
3554 1947 3644 1998 καὶ
3679 1945 3974 2006 διακόνοις,

2396 2041 2443 2093 εί
2476 2042 2751 2111 εὑρεθεῖεν
2775 2039 2912 2109 ὑπὲρ
2936 2037 3287 2110 χρηματικῆς
3312 2038 3493 2099 αίτίας
3523 2036 3978 2104 ψευδομαρτυρή-

2398 2149 2610 2193 σαντες,
2644 2133 2720 2202 μὴ
2748 2132 2930 2198 μέντοι
2955 2147 3017 2197 γε
3049 2130 3197 2198 ὅρκῳ
3213 2130 3272 2181 τὸ
3294 2127 3488 2196 ψεῦδος
3513 2127 3972 2195 βεδαιωσάμτνοι,

2395 2223 2607 2284 τούτοις
2643 2223 2892 2291 ἀρκέσει,
2920 2222 3042 2274 ἀντὶ
3075 2219 3352 2289 βασάνων,
3385 2221 3478 2271 ἐπὶ
3509 2220 3654 2287 τρεῖς
3686 2218 3971 2280 ἐνιαυτοὺς

2398 2314 2730 2384 χωρίζεσθαι
2758 2317 2857 2383 τῆς
2881 2313 3034 2375 θείας
3078 2313 3407 2380 ὑπηρεσίας,
3450 2323 3542 2363 και
3586 2309 3976 2376 μοναστηρὲοις

2398 2404 2805 2474 παραδίδοσθαι.
2834 2405 2894 2456 Εἰ
2917 2403 2973 2455 δὲ
2997 2405 3091 2456 καὶ
3117 2403 3194 2472 τῷ
3211 2402 3395 2469 ψεύδει
3417 2403 3506 2452 τὸν
3524 2402 3684 2470 ὅρκον
3707 2399 3976 2468 προσέθηο

2397 2500 2566 2561 καν,ὁ
2599 2497 2775 2550 κανὼν
2800 2496 2996 2558 αὐτοὺς
3014 2495 3285 2564 προέκοψε
3311 2494 3408 2561 τῆς
3437 2494 3762 2562 ἱερωσύνης.
3797 2492 3975 2558 Ὑπὲρ

2397 2591 2453 2642 δὲ
2489 2588 2915 2658 ἐγκληματικὼν
2939 2588 3128 2640 αἰτιῶν
3159 2589 3209 2639 εἰ
3237 2584 3716 2655 ψευδομαρτυρίαν
3742 2585 3971 2643 είποιεν,

2399 2681 2809 2749 ἐγγραψάμενοι
2867 2678 3148 2748 δηλονότι,
3208 2681 3283 2738 ὼς
3338 2678 3454 2736 τοῖς
3513 2674 3679 2736 θείοις
3736 2673 3973 2740 ὥρισται

2401 2775 2613 2834 κανόσι,
2674 2774 2769 2823 τοῦ
2822 2770 3026 2839 κλήρου
3061 2768 3510 2838 ἀπογυμνοῦνται
3540 2766 3635 2819 καὶ
3664 2768 3784 2829 ταῖς
3818 2767 3976 2834 νομί-

2403 2879 2523 2932 μοις
2560 2863 2772 2923 ποιναῖς
2804 2859 3249 2937 ὑποϐάλλονται..

2478 2952 2734 3023 Ἀρκοῦσι
2773 2953 2908 3023 πρὸς
2934 2951 3208 3013 ἀπόδειξιν
3241 2950 3409 3002 πέντε
3444 2950 3740 3018 μάρτυρες,
3768 2948 3972 3016 ἐγγρὰ-

2401 3062 2515 3114 φων
2542 3044 2614 3114 μὴ
2642 3045 2830 3096 ὄντων·
2857 3043 2905 3094 εί
2933 3043 2989 3094 δέ
3017 3044 3155 3094 είσιν
3191 3041 3470 3109 ἐγγραφα,
3495 3039 3612 3107 ῆτοι
3646 3037 3972 3107 συμὸόλαια,

2401 3139 2545 3208 τρεῖς
2574 3136 2734 3205 μόνον
2763 3133 3050 3203 ἀρκοῦσιν.

808 3231 998 3285 Testes
1032 3249 1092 3285 ex
1126 3234 1314 3288 auditu
1356 3236 1724 3289 testimonium
1763 3253 1828 3290 ne
1863 3237 2080 3302 dicant,
2109 3239 2294 3291 dicen-

2481 3228 2544 3278 Οἱ
2592 3227 2868 3296 μάρτυρες
2918 3227 3056 3293 ἀκοῇ
3106 3225 3180 3292 μὴ
3216 3223 3689 3292 μαρτυρείτωσαν,
3722 3221 3976 3286 λέγοντες

734 3323 962 3377 ιρεεΑι)
1005 3325 1188 3392 aliquo
1231 3326 1566 3390 audivimus,
1597 3327 1742 3379 hunc
1780 3327 2000 3389 debere.
2026 3328 2106 3380 vel
2145 3329 2296 3382 illum

735 3414 1267 3484 solvisse;quamvis
1298 3415 1565 3469 tabellarii
1597 3417 1705 3470 sint
1733 3418 1824 3487 qui
1863 3418 1976 3472 haec
2009 3426 2299 3471 testantur.

736 3503 792 3558 In
830 3507 994 3559 rebus
1022 3507 1166 3560 enim
1191 3508 1571 3562 eritninalibus
1603 3523 1827 3562 necesse
1873 3519 1956 3563 est
2023 3509 2174 3579 ipsos
2224 3518 2304 3563 te-

737 3605 853 3650 stes
885 3597 1136 3666 produci,
1182 3607 1235 3652 et
1268 3614 1374 3653 non
1411 3614 1601 3653 eorum
1644 3599 1828 3652 verba.

805 3769 1059 3825 Testibus
1083 3781 1136 3827 et
1171 3789 1273 3826 non
1309 3773 1637 3828 testimoniis
1667 3772 1998 3826 credendum
2034 3781 2151 3839 est;
2181 3789 2304 3828 nam

739 3863 804 3917 de
829 3864 1150 3918 criminibus
1176 3865 1391 3931 ipsimet
1423 3868 1829 3934 interrogantur
1854 3883 1882 3918 a
1911 3867 2189 3934 judieibus
2215 3883 2229 3933 ;
2252 3875 2308 3922 et

739 3956 829 4024 qui
863 3972 968 4008 non
994 3957 1188 4024 probat
1225 3957 1366 4026 quod
1405 3957 1733 4019 intenderat,
1765 3957 2060 4026 relegatur.

812 4132 1086 4202 Pauperes
1135 4143 1298 4187 testes
1346 4149 1452 4187 non
1492 4143 1635 4186 sunt.
1669 4133 1879 4202 Pauper
1922 4150 2049 4189 vero
2078 4147 2179 4201 est,
2215 4136 2308 4205 qui

743 4239 847 4277 non
885 4226 1048 4276 habet
1075 4225 1439 4276 substantiam
1481 4223 1548 4277 50
1583 4223 1902 4277 solidorum.

813 4315 1211 4370 Testimonium
1267 4333 1374 4369 non
1435 4317 1566 4368 dicit
1617 4317 1844 4371 libertus
1914 4317 1967 4370 in
2021 4327 2305 4386 patronum

742 4407 931 4477 ejusve
970 4409 1162 4462 tilium.

816 4502 990 4554 Minor
1019 4500 1208 4572 viginti
1236 4502 1394 4554 annis
1429 4500 1586 4553 testis
1615 4513 1738 4553 esse
1765 4481 2109 4575 ιιοηᾷιοιρεκ
2135 4517 2308 4570 neque

744 4593 836 4660 qui
872 4594 923 4645 in
968 4593 1184 4660 publico
1222 4593 1428 4661 judicio
1475 4594 1762 4644 damnatus
1817 4601 1938 4650 est.
1974 4600 2026 4644 et
2084 4605 2190 4643 non
2254 4593 2307 4644 in
2341 4574 2384 4628 ι)

745 4684 1014 4749 integrum
1048 4683 1373 4746 restituitur,
1414 4697 1509 4736 nec
1543 4681 1708 4751 quiin
1738 4681 1970 4734 vinculis
2000 4683 2313 4737 custodiave

746 4773 959 4841 publica
992 4785 1107 4838 est;
1152 4790 1250 4827 nec
1280 4775 1370 4843 qui
1405 4773 1474 4826 ob
1498 4774 1869 4825 testimonium
1896 4772 2186 4825 dicendum
2219 4783 2314 4827 aut

749 4880 855 4918 non
879 4865 1167 4918 dicendum
1199 4865 1457 4932 pecunias
1489 4863 1772 4931 accepisse
1808 4863 2097 4918 convictus
2126 4862 2309 4930 fuerit,

749 4971 923 5025 neque
951 4957 1043 5026 qui
1079 4957 1130 5008 in
1168 4956 1418 5009 adulterii
1444 4955 1650 5023 judicio
1682 4955 1991 5007 damnatur.

821 5066 989 5119 Filius
1021 5067 1183 5134 patri,
1215 5077 1305 5118 aut
1328 5075 1479 5134 pater
1516 5064 1646 5129 lilio,
1681 5065 1834 5118 testis
1863 5079 1967 5118 non
1996 5073 2098 5118 est.

822 5178 930 5234 Nec
955 5181 1240 5248 quisquam
1275 5181 1326 5232 in
1361 5194 1420 5234 re
1449 5194 1571 5232 sua.

827 5272 1031 5325 Servus
1093 5271 1243 5324 testis
1293 5287 1399 5324 non
1433 5280 1534 5324 est.
1573 5270 1756 5324 Servis
1803 5270 1948 5324 enim
1993 5279 2180 5325 contra
2219 5273 2314 5326 do-

755 5363 935 5416 minos
1017 5363 1327 5415 dicentibus
1387 5377 1494 5414 non
1575 5371 1780 5414 temere
1838 5362 1994 5415 tidem
2057 5363 2314 5417 adhibere

753 5461 990 5520 Oportet,
1024 5452 1220 5521 quippe
1247 5452 1391 5520 quod
1429 5466 1618 5506 servus
1656 5468 1684 5504 a
1724 5462 1916 5505 natura
1950 5453 2170 5505 domino
2206 5455 2313 5508 ini-

760 5545 932 5597 micus
963 5545 1054 5597 sit.

825 5634 924 5700 Qui
969 5636 1022 5688 in
1077 5636 1310 5703 aliquem
1372 5632 1740 5688 testimonium
1795 5631 1951 5698 dixit,
2015 5650 2208 5692 rursus
2259 5639 2311 5694 in

758 5743 882 5783 eum
920 5728 1138 5794 produci
1177 5744 1282 5779 non
1317 5739 1507 5794 potest.

833 5819 1224 5874 Testimonium
1252 5822 1376 5875 dare
1404 5822 1755 5876 ureltibcntur
1777 5823 2043 5888 impubes,
2089 5824 2309 5888 surdus,

2405 3319 2480 3379 ὡς
2526 3319 2870 3386 Ἰἰκούσαμεν
2908 3316 2970 3368 ἐκ
2997 3333 3142 3377 τινος
3192 3316 3342 3367 τόνδε
3369 3317 3690 3383 χρεωστεῖν,
3744 3315 3777 3382 ἢ
3827 3314 3975 3364 τόνδε

2406 3407 2864 3471 καταδὰλλεσθαι,
2917 3407 3020 3458 κᾶν
3074 3407 3124 3458 εί
3163 3405 3512 3474 ταὸουλάριοι
3564 3403 3671 3456 εἷεν
3714 3407 3764 3455 ot
3798 3403 3977 3455 ταῦτα

2411 3500 2837 3569 μαρτυροῦντες.
2888 3498 3009 3550 Ἐπὶ
3037 3497 3143 3566 γὰρ
3173 3497 3280 3548 τῶν
3316 3495 3742 3563 ἐγκληματικῶν
3759 3495 3979 3562 ἀνάγκη

2407 3596 2559 3646 πᾶσα
2598 3591 2946 3661 παραχθῆναι
2986 3591 3111 3653 τοὺς
3146 3589 3450 3659 μάρτυρας,
3481 3588 3573 3641 καὶ
3615 3587 3691 3656 μὴ
3733 3587 3834 3647 τὰς
3868 3603 3979 3653 φω-

2407 3686 2502 3747 νὰς
2538 3684 2740 3738 αὐτῶν.

2479 3777 2603 3837 Τοῖς
2647 3776 2883 3844 μάρτυσι
2925 3775 3016 3827 καὶ
3050 3775 3110 3825 οὐ
3139 3776 3250 3836 τοῖς
3286 3771 3607 3842 μαρτυρίοις
3636 3767 3976 3821 πιστευτέον

2409 3868 2853 3938 αὑτοπροσώπως
2884 3867 2992 3936 γὰρ
3024 3866 3337 3937 ἐρωτῶνται
3369 3865 3520 3933 παρὰ
3558 3865 3666 3914 τῶν
3701 3864 3978 3914 δικαστῶν

2409 3961 2504 4012 ἐπὶ
2532 3960 2638 4012 τῶν
2665 3959 3048 4026 ἐγκλημάτων,
3081 3958 3176 4010 καὶ
3209 3959 3237 4008 6
3275 3957 3348 4028 μὴ
3377 3957 3588 4016 δεικνὺς
3624 3955 3683 4005 τὸ
3714 3955 3844 4022 παρ’
3875 3954 3980 4004 αὖ.

2409 4051 2502 4104 τοῦ
2532 4051 2796 4120 προτεθὲν
2833 4051 3161 4119 ἐξορίζεται.

2483 4143 2544 4194 Οἱ
2580 4143 2810 4208 πένητες
2858 4143 2919 4192 οὐ
2976 4138 3336 4208 μαρτυροῦσισ
3371 4139 3538 4207 πένης
3577 4137 3631 4189 δέ
3665 4137 3816 4188 ἐστιν
3847 4137 3874 4187 6
3909 4138 3986 4205 μὴ

2411 4233 2550 4302 ἔχων
2579 4233 2619 4284 v'
2649 4233 3004 4301 νομισμάτων
3040 4230 3378 4297 περιουσίαν.

2483 4326 2558 4377 Οὐ
2621 4325 2892 4393 μαρτυρεῖ
2949 4321 3314 4390 ἀπελεύθερος
3375 4320 3518 4373 κατὰ
3574 4319 3886 4387 πάτρωνος,
3952 4318 3984 4384 ἦ

2411 4413 2602 4476 παιδὸς
2637 4413 2826 4465 αὑτοῦ.

2478 4508 2551 4558 Οὐ
2595 4507 2868 4574 μαρτυρεῖ
2913 4505 2940 4556 ὁ
2995 4504 3173 4571 ἥττων
3221 4499 3327 4552 τῶν
3365 4499 3441 4550 κε’
3478 4498 3632 4561 ἐτῶν,
3687 4497 3812 4548 οὗτε
3855 4499 3881 4548 6
3931 4501 3987 4547 ἐν

2413 4598 2658 4667 δημοσίῳ
2680 4595 3018 4664 δικαστηρίῳ
3055 4592 3496 4652 καταδικασθεὶς,
3532 4592 3624 4641 καὶ
3664 4589 3738 4657 μὴ
3771 4591 3987 4640 6:07.1-

2411 4689 2639 4751 ταστάς,
2663 4689 2694 4757 ἦ
2720 4689 2774 4738 ὲν
2805 4688 3044 4754 δεσμοῖς,
3080 4687 3111 4755 ἢ
3142 4688 3198 4736 ἐν
3225 4684 3459 4751 δημοσία
3493 4683 3710 4749 φρουρᾷ
3741 4681 3987 4747 βληθείς·

2413 4776 2536 4829 οὔτε
2574 4779 2601 4828 6
2636 4777 2918 4844 ἐλεγχθεὶς
2950 4774 3136 4825 λαὸεῐν
3169 4775 3425 4841 χρήματα
3453 4773 3542 4822 ἐπὶ
3571 4771 3648 4838 τῷ
3696 4771 3976 4837 μαρτυρῆ-

2415 4885 2527 4931 σαι,
2574 4867 2605 4934 ἦ
2644 4866 2720 4935 μὴ
2753 4865 3102 4936 μαρτυρῆσαι
3129 4880 3141 4891 ’
3179 4863 3301 4915 οὒτε
3358 4863 3386 4914 6
3436 4861 3861 4922 καταδικασθεὶς
3894 4862 3987 4912 ἐπὶ

2415 4959 2653 5030 μοιχείᾳ.

2487 5070 2604 5132 Υίδς
2637 5067 2828 5137 πατρὶ,
2866 5067 2898 5138 ἢ
2928 5066 3109 5137 πατὴρ
3144 5063 3266 5134 υίῷ,
3296 5064 3354 5116 οὐ
3393 5065 3683 5133 μαρτυρεῖ.

2487 5182 2624 5235 Οὔτε
2658 5181 2973 5250 οίοσδήποτε
3006 5182 3063 5232 ἐν
3106 5180 3222 5248 ἰδίῳ
3252 5178 3563 5246 πράγματι.

2488 5276 2548 5327 '0
2581 5275 2766 5335 δοῦλος
2816 5274 2877 5324 οὐ
2935 5273 3242 5341 μαρτυρεῖ·
3287 5271 3345 5321 οὑ
3385 5271 3492 5338 γὰρ
3545 5271 3648 5338 χρῆ
3705 5271 3984 5322 πιστεύειν

2415 5367 2700 5436 προπετῶς
2756 5367 2867 5426 τοῖς
2921 5366 3160 5423 οἰκέταις
3208 5362 3428 5429 λέγουσι
3469 5364 3608 5413 κατὰ
3660 5363 3944 5416 δεσποτῶν

2415 5459 2575 5526 φύσει
2606 5458 2712 5525 γὰρ
2740 5459 2766 5507 6
2791 5456 2974 5515 δοῦλος
3002 5454 3080 5524 τῷ
3111 5455 3349 5525 δεσπότῃ
3381 5454 3662 5524 πολέμιος.

2517 5637 2556 5688 0
2585 5635 2724 5687 κατὰ
2755 5650 2896 5694 τινος
2928 5632 3026 5700 ῆδη
3072 5632 3427 5701 μαρτυρήσας
3477 5631 3537 5683 οὐ
3573 5635 3849 5700 μαρτυρεῖ
3885 5634 3977 5685 πά-

2415 5730 2497 5781 λιν
2529 5727 2647 5779 κατ’
2684 5726 2872 5777 αὑτοῦ.

2488 5819 2768 5874 κωλύεται
2805 5817 3102 5886 μαρτυρῶ)
3132 5814 3351 5884 ἄνηϐος,
3379 5815 3578 5882 κωφὶις,
3608 5814 3831 5882 ἄλαλος,
3867 5837 3978 5885 μαι.
