4184 6444
222 412 366 478 1249

1218 418 1619 479 SYNTAGMA
1662 421 2296 486 ALPHABETICUM.
2339 451 2407 463 —
2446 431 2505 489 Δ.

3326 434 3461 497 1250

221 525 467 588 νόμινος,
495 523 722 588 ἄσωτος,
761 523 872 587 υίὸς
904 524 1003 577 ύπε
1016 521 1245 591 εούσιος,
1270 528 1399 581 ὅταν
1430 530 1457 581 ό
1481 530 1659 601 πατὴρ
1690 529 1785 583 αύ-

1892 542 2103 600 mutus,
2141 535 2387 602 insanus,
2435 537 2690 609 prodigus
2723 553 2740 603 ;
2792 547 2849 595 et
2892 536 3308 607 llliusfamilias,
3337 558 3460 598 cum

220 616 316 669 :06
357 616 487 686 παρ’
514 615 674 669 ἄλλου
702 618 886 687 γραφῇ
917 617 1256 689 κληρονόμος
1284 621 1341 673 ἐν
1370 620 1623 693 διαθήκῃ.

296 793 368 847 Ἦ
398 795 739 863 παραγραφὴ
786 796 925 849 κατὰ
959 796 1056 865 μέν
1089 798 1213 858 τοὺς
1244 797 1444 866 νόμους
1483 797 1787 869 πολλαχῶς,

214 889 360 940 κατὰ
419 888 478 939 δὲ
535 889 661 950 τοὺς
694 890 931 957 ῥήτορας
956 889 1238 959 τετραχῶς
1265 891 1475 957 γίνεται
1504 907 1518 921 ο
1550 892 1656 945 ἀπὸ
1693 891 1788 945 τοῦ

214 978 497 1037 λείποντος
522 996 537 1010 ο
564 972 678 1030 οἷον
702 979 914 1031 ἀσώτου
947 982 1132 1051 πατὴρ
1183 982 1396 1051 ἀφανὴς
1426 983 1661 1049 ἐγένετο,
1696 984 1792 1036 καὶ

215 1073 383 1140 φόνου
406 1074 435 1126 δ
461 1073 576 1135 υίὸς
606 1073 798 1139 φεύγει
823 1090 868 1134 ⁸,
890 1075 999 1127 ἀπὸ
1030 1074 1123 1128 τοῦ
1167 1077 1597 1146 ὑπερϐάλλοντος
1615 1091 1631 1107 ⁸
1680 1074 1792 1132 οἷον

213 1162 351 1215 δέκα
376 1163 487 1216 νέοι
515 1164 873 1231 ἐπωμόσαντο
897 1164 973 1236 μὴ
995 1166 1191 1234 γῆμαι,
1212 1168 1303 1220 καὶ
1331 1168 1592 1235 φεύγουσι
1616 1170 1789 1225 κακοῦ

217 1256 340 1325 βίου
363 1272 376 1285 ·
400 1256 433 1324 ἢ
462 1256 557 1323 ἀφ’
583 1250 656 1308 ὧν
680 1256 857 1326 ἕτεροι
894 1260 1262 1326 πεποιήκασιν
1287 1260 1347 1311 οὐ
1376 1261 1456 1312 δεῖ
1487 1261 1790 1330 κρίνεσθαι,

215 1342 333 1397 οἷον
360 1349 388 1399 6
421 1348 834 1417 τρισαριστεὺς,
869 1342 931 1402 06
964 1350 1148 1402 είκόνα
1178 1350 1417 1419 ἔστησαν
1446 1353 1492 1403 οί
1520 1336 1789 1420 πολέμιοι,

218 1440 316 1491 καὶ
347 1441 635 1509 προδοσίας
670 1443 890 1509 φεύγων
911 1460 923 1473 ·
964 1442 997 1511 ἢ
1037 1443 1177 1495 κατὰ
1229 1422 1442 1513 χρόνον,
1474 1442 1587 1497 οἷον
1614 1443 1789 1498 δειλοῦ

217 1532 352 1593 παῖς
381 1530 690 1601 ἠρίστευσε,
718 1536 810 1587 καὶ
843 1533 1084 1603 μοιχείας
1130 1535 1304 1603 κρίνει
1337 1536 1436 1605 τήν
1462 1536 1717 1603 γυναῖκα.

392 1707 521 1760 Ἔτι
550 1706 818 1774 περὶτῶν
840 1709 1093 1774 ἐνδίκως
1118 1709 1611 1779 καθαιρεθέντων.

306 1794 368 1848 '0
399 1796 440 1848 δ’
489 1801 666 1851 κανὼν
724 1801 821 1868 τῆς
873 1802 929 1854 ιν
957 1799 1260 1871 Ἀντιοχείᾳ
1307 1804 1549 1867 συνόδου,
1589 1803 1653 1857 '0
1684 1804 1789 1857 61:6

222 1886 444 1938 συνόδου
478 1866 845 1958 καθαιρεθείς,
876 1890 1061 1958 φησὶν,
1098 1866 1417 1956 ἐπίσκοπος,
1444 1866 1541 1945 In,
1572 1892 1629 1945 δέ
1656 1910 1789 1962 πρε-
1821 1866 1859 1919 Β

221 1975 504 2044 σδύτερος,
560 1978 595 2050 ἢ
635 1978 899 2042 διάκονος,
961 1980 1066 2033 61:6
1111 1982 1205 2034 :06
1249 1983 1381 2035 ἰδίου
1412 1982 1569 2035 τοῦτο
1598 1983 1787 2036 παθὼν

219 2067 547 2134 ἐπισκόπου,
586 2071 635 2121 εί
690 2070 972 2139 μετελθεῖν
1020 2070 1200 2125 ὁτιοῦν
1260 2072 1571 2162 βουληθείη,
1605 2074 1641 2128 ἃ
1677 2077 1787 2137 τοῖς

219 2158 465 2225 ίερεῦσιν
494 2160 636 2223 ἔθος,
672 2162 746 2229 μὴ
784 2161 989 2227 ἐξεῖναι
1032 2162 1211 2232 τούτῳ
1248 2158 1449 2227 ἀδίκως
1482 2163 1563 2217 ἔτι
1593 2165 1790 2217 διατει-

220 2251 436 2321 νομένῳ
464 2252 660 2305 παθεῖν
703 2252 868 2324 ἐέέρᾳ
902 2255 1191 2323 προσιέναι
1229 2255 1451 2327 συνόδῳ,
1481 2258 1575 2311 καὶ
1603 2257 1789 2327 ζητεῖν

219 2340 468 2405 ἐξετάσει
495 2342 563 2394 τὰ
598 2344 718 2396 κατ’
751 2344 912 2412 αὐτὸν
949 2344 1190 2413 δοθῆναι,
1225 2346 1359 2415 μηδὲ
1420 2348 1607 2425 χώραν
1656 2349 1790 2401 ἀπο-

219 2428 411 2493 λογίας
437 2431 584 2500 αύτῷ
642 2435 915 2502 μετεῖναι’
969 2434 1097 2499 τοὺς
1136 2436 1192 2488 δέ
1250 2454 1314 2505 γε
1356 2439 1665 2501 συνειδότας
1689 2439 1788 2509 τὴν

221 2520 346 2572 κατ’
395 2521 561 2574 αὑτοῦ
599 2522 874 2590 ἀπόφασιν
896 2563 911 2585 ,
956 2526 1049 2577 καὶ
1089 2530 1368 2580 κοινωνεῖν
1406 2528 1554 2599 αὐτῷ
1591 2529 1788 2602 τολμή-

221 2627 449 2673 σαντας,
482 2614 576 2665 καὶ
603 2614 826 2677 τούτους
857 2617 954 2685 τῆς
977 2616 1303 2703 Ἐκκλησίας
1325 2621 1706 2676 ἐκκόπτεσθαι.

300 2704 363 2757 Ὅ
382 2705 440 2757 δὲ
463 2706 529 2775 ιβ’
550 2707 641 2758 τδν
689 2708 792 2760 61:6
809 2708 902 2761 :06
936 2709 1069 2762 ἰδίου
1096 2709 1249 2773 αὖθις
1270 2714 1570 2766 ἐπισκόπου
1596 2715 1788 2768 καθαι-

218 2794 475 2862 ρεθέντα,
496 2798 917 2870 πρεσϐύτερονή
940 2799 1201 2863 διάκονον,
1234 2802 1265 2871 ἢ
1296 2804 1400 2855 61:6
1427 2805 1647 2857 συνόδου
1671 2805 1788 2857 ἐπί-

220 2902 450 2951 σκοπον,
480 2888 817 2957 ἀπαγορεύει
842 2892 1129 2961 προσιέναι
1154 2892 1229 2960 τῷ
1255 2892 1489 2962 βασιλεῖ,
1518 2895 1614 2947 καὶ
1649 2894 1787 2966 παρ’

216 2977 373 3046 αὑτῷ
402 2979 585 3047 ζητεῖν
617 2982 715 3050 τὴν
747 2982 1019 3052 ἐξέτασιν,
1055 2984 1190 3037 ἀλλὰ
1227 2986 1437 3053 μείζονι
1467 2988 1787 3041 ἐπισκόπων

218 3069 446 3138 συνόδῳ,
476 3072 566 3123 καὶ
592 3072 627 3124 ἃ
644 3072 856 3141 νομίζει
884 3073 1070 3127 δίκαια
1092 3075 1269 3144 ἔχειν,
1282 3078 1496 3139 τούτοις
1513 3061 1787 3147 προσανα-

1893 635 2044 691 pater
2084 627 2202 697 ejus
2256 629 2324 683 ab
2386 629 2494 683 alio
2533 630 2706 686 heres
2765 632 2820 685 in
2854 641 3181 688 testamento
3228 634 3464 704 scriptus

1894 713 2079 770 fuerit.

1966 808 2226 879 Exceptio
2263 803 2571 867 secundum
2602 813 2748 884 leges
2784 817 3069 887 multiplex
3121 827 3224 883 est,
3264 833 3463 872 secun-

1891 901 2020 956 dum
2048 918 2175 956 vero
2223 903 2476 960 rhetoras
2506 905 2845 976 quadruplex
2882 924 2896 961 :
2929 910 2996 961 ab
3029 910 3279 971 absente,
3311 911 3462 964 velut

1892 994 2099 1065 prodigi
2133 1003 2286 1063 pater
2316 1012 2420 1050 non
2458 1009 2704 1068 apparet,
2735 1008 2787 1053 et
2819 999 2961 1056 illius
2990 1000 3267 1054 homicidii
3300 1016 3460 1054 accu-

1892 1093 2077 1149 satur;
2114 1086 2180 1138 ab
2225 1100 2479 1153 excessu,
2511 1098 2568 1140 ut
2628 1088 2818 1143 decem
2844 1090 3068 1155 juvenes
3113 1090 3367 1158 jurarunt
3401 1105 3461 1145 se

1892 1189 2001 1228 non
2054 1190 2279 1230 uxorem
2314 1178 2602 1243 ducturos,
2638 1189 2692 1232 et
2746 1180 2902 1234 mala:
2945 1182 3065 1235 vita:
3098 1177 3458 1249 accusantur;

1895 1270 1976 1321 vel
2008 1267 2076 1320 ab
2102 1283 2189 1330 eo,
2227 1270 2371 1338 quod
2422 1270 2546 1338 quis
2581 1270 2647 1326 de
2697 1272 2761 1325 iis
2790 1288 2908 1341 quae
2936 1273 3025 1326 alii
3070 1273 3319 1328 fecerunt
3353 1289 3458 1328 non

1894 1366 2166 1423 teneatur,
2199 1367 2259 1412 ut
2313 1357 2664 1425 fortissimus,
2702 1362 2856 1429 cujus
2911 1363 3198 1433 imaginem
3256 1365 3458 1419 inimici

1891 1455 2204 1510 erexerunt,
2232 1448 2554 1515 proditionis
2579 1460 2899 1516 accusatur;
2929 1453 3006 1506 vel
3044 1454 3198 1521 juxta
3222 1464 3453 1522 tempus,

1892 1546 1950 1591 ut
1987 1538 2158 1591 timidi
2209 1539 2352 1592 lilius
2388 1540 2491 1592 dux
2525 1539 2858 1599 fortissimus
2904 1545 3096 1609 evasit,
3129 1554 3183 1598 et
3231 1562 3455 1601 uxorem

1890 1643 2044 1683 suam
2080 1631 2335 1684 adulterii
2377 1644 2620 1687 accusat.

2001 1720 2155 1789 105
2185 1721 2366 1774 Adhuc
2394 1724 2456 1776 de
2491 1725 2557 1777 iis
2587 1727 2677 1793 qui
2701 1726 2845 1794 juste
2872 1726 3093 1792 depositi
3128 1727 3345 1793 fuerint.

1958 1812 2146 1866 Canon
2184 1813 2216 1866 4
2256 1830 2372 1883 syn.
2405 1816 2685 1879 Antioclt.,
2752 1817 3072 1887 Episcopus,
3121 1820 3316 1888 inquit,
3360 1822 3451 1890 qui

1887 1899 1917 1958 ε
1952 1906 2159 1975 synodo
2192 1905 2474 1974 depositus
2521 1907 2701 1974 fuerit,
2752 1925 2851 1962 nec
2884 1926 2986 1963 non
3040 1912 3340 1983 presbyter,
3369 1915 3451 1965 Vel

1887 1997 2150 2051 diaconus
2192 1998 2330 2053 idem
2379 2016 2408 2054 a
2443 2002 2661 2069 proprio
2699 2001 2951 2068 episcopo
2988 2018 3203 2071 passus,
3254 2004 3296 2057 si
3353 2005 3452 2057 ali-

1888 2088 2017 2156 quid
2076 2104 2261 2143 eorum
2317 2092 2526 2159 cperari
2589 2092 2842 2156 voluerit,
2905 2109 3026 2162 qua!
3078 2094 3449 2149 sacerdotibus

1888 2179 2066 2235 facere
2114 2198 2232 2237 mos
2267 2192 2369 2247 est,
2420 2199 2486 2237 ne
2533 2184 2692 2238 liceat
2733 2186 2803 2247 ei,
2841 2186 3095 2253 quamvis
3144 2202 3203 2242 se
3253 2188 3453 2255 injuste

1886 2275 1995 2344 pati
2027 2275 2343 2342 praetendat,
2378 2275 2603 2328 alteram
2637 2277 2907 2345 synodum
2955 2277 3125 2337 adire,
3158 2289 3211 2331 et
3244 2290 3448 2346 petere,

1888 2373 1948 2417 ut
1972 2379 2093 2433 quas
2122 2365 2167 2419 ei
2204 2365 2413 2433 objecta
2444 2375 2573 2420 sunt
2603 2368 3009 2427 examinentur.
3042 2377 3135 2421 aut
3172 2366 3451 2423 delensio-

1888 2456 1973 2511 nis
2034 2456 2214 2509 locum
2282 2457 2500 2509 habere.
2572 2457 2610 2508 li
2683 2469 2862 2511 autem
2927 2458 3066 2526 qui,
3124 2460 3448 2513 sententiam

1888 2547 2148 2600 adversus
2177 2562 2300 2599 eum
2333 2546 2500 2599 latam
2536 2546 2794 2610 scientes,
2840 2562 2961 2601 cum
2997 2548 3115 2616 ipso
3150 2550 3455 2603 commutti-

1888 2651 2014 2690 care
2041 2638 2161 2689 ausi
2189 2635 2405 2699 fuerint,
2438 2654 2500 2690 cx
2523 2637 2759 2692 Ecclesia
2793 2639 3132 2694 abdirentur.

1959 2730 2182 2793 Insuper
2202 2745 2326 2783 can.
2356 2731 2423 2784 12
2448 2732 2817 2802 presbyterum
2850 2736 2931 2787 vel
2960 2735 3243 2788 diaconum
3270 2752 3296 2788 a
3326 2751 3453 2804 pro-

1887 2821 2007 2890 prio
2036 2821 2291 2889 episcopo
2319 2821 2648 2890 depositum,
2684 2826 2766 2876 vel
2805 2826 3121 2894 episc0putn
3157 2842 3184 2879 a
3216 2830 3449 2896 synodo,

1888 2926 2071 2981 regem
2106 2912 2259 2965 adire
2288 2923 2447 2972 vetat.
2483 2925 2535 2967 et
2559 2917 3018 2969 examinationetn
3053 2918 3121 2970 ab
3149 2907 3444 2987 eoipetvre,

1888 3003 1983 3059 sed
2037 3006 2101 3058 ad
2169 3005 2430 3073 majorem
2485 3008 2866 3075 episcoporqu
2925 3010 3193 3077 synodum
3246 3011 3345 3076 ire,
3398 3024 3452 3064 et

1882 3094 1997 3162 jus,
2027 3095 2169 3164 quod
2206 3090 2263 3150 se
2297 3098 2499 3150 habere
2530 3106 2701 3166 putat,
2737 3099 2803 3151 ad
2844 3113 2938 3153 eos
2974 3099 3198 3165 referre,
3230 3117 3450 3154 eorum-

218 3159 437 3228 φέρειν,
464 3161 558 3213 καὶ
579 3161 678 3231 τὴν
710 3164 841 3230 παρ’
864 3165 1046 3217 αὐτῶν
1074 3166 1323 3231 ἐξέτασιν
1343 3168 1663 3256 ἐκδέχεσθαι
1695 3172 1787 3223 καὶ

1892 3204 1993 3256 que
2012 3190 2471 3243 exatniuationem
2499 3199 2551 3242 et
2576 3189 2841 3254 judicium
2867 3193 3164 3260 suscipere.
3187 3192 3239 3245 Si
3268 3194 3450 3261 itaque

215 3253 524 3323 ἐπίκρισιν.
578 3256 639 3308 El
668 3256 724 3308 δέ
757 3274 841 3320 τις
869 3258 1077 3312 τούτων
1107 3260 1457 3331 ὀλιγωρήσας
1497 3253 1789 3333 ἐνοχλῆσαι

215 3343 482 3414 τολμήσει
526 3346 603 3414 τῷ
660 3348 892 3417 βασιλεῖ,
932 3352 1133 3420 μηκέτι
1185 3346 1372 3423 χώραν
1406 3355 1553 3424 ἔχειν
1585 3358 1787 3409 ἀπολο-

211 3436 370 3504 γίας,
401 3438 537 3508 μηδέ
572 3440 767 3493 ἐλπίδα
806 3443 1111 3513 μελλούσης
1133 3434 1667 3511 ¹ἀποκαταστάσεως.
1727 3450 1787 3502 El

213 3530 329 3598 γὰρ
358 3531 451 3587 καὶ
477 3533 642 3585 παντὶ
678 3536 1172 3608 καταδικαζομένῳ
1192 3540 1285 3591 καὶ
1323 3540 1632 3624 ἀδικεῖσθαι
1680 3544 1787 3594 olo-

216 3621 373 3690 μένῳ
484 3624 581 3691 τῆς
607 3624 942 3694 Ὶιῖκκλησίας
970 3628 1192 3698 βοήθεια
1234 3621 1627 3694 δέδοταιίάλλ⁹
1662 3634 1787 3687 ἐπεί

216 3714 305 3764 τοί
331 3729 396 3778 γε
428 3714 535 3767 τῶν
564 3719 922 3787 πατριαρχῶν
949 3720 1005 3771 αἱ
1033 3721 1211 3789 ψῆφοι
1238 3723 1491 3792 ἐκκλήτῳ
1518 3726 1618 3793 οὐχ
1654 3725 1787 3778 61:6-

216 3816 458 3863 κεινται,
488 3804 516 3853 ό
545 3804 895 3873 πειρώμενος
941 3807 1210 3876 εκκλητον
1239 3811 1320 3873 ειίς
1370 3810 1598 3879 βασιλέα
1631 3814 1786 3883 ποιή-

216 3892 442 3956 σασθαι,
507 3897 646 3963 μετὰ
715 3898 814 3968 τὴν
868 3899 964 3952 :06
1013 3902 1361 3971 πατριάρχου
1407 3902 1783 3973 ἐξενεχθεῖσαν

212 3984 517 4051 ἀπόφασιν,
553 3991 878 4057 τιμωρεῖται
908 3991 1049 4042 κατὰ
1076 3992 1167 4043 τὸν
1198 3993 1445 4059 παρόντα
1486 3994 1707 4049 κανόνα.

297 4075 358 4125 Ὅ
379 4076 436 4128 δὲ
462 4084 546 4146 κη’
570 4078 678 4129 τῶν
704 4080 877 4146 ἁγίων
910 4082 1227 4135 ἀποστόλων
1253 4082 1432 4135 κανὼν
1476 4084 1568 4137 τὸν
1590 4086 1783 4139 καθαι-

217 4165 444 4232 ρεθέντα
476 4168 699 4232 δικαίως
737 4170 1053 4234 ἐπίσκοπον,
1092 4172 1123 4242 ἢ
1173 4175 1565 4246 πρεσϐύτερον,
1601 4178 1633 4247 ἢ
1664 4177 1781 4231 διά-

214 4275 394 4324 κονον,
423 4260 514 4311 ἐπὶ
543 4262 852 4329 ἐγκλήμασι
879 4267 1161 4333 φανεροῖς,
1187 4265 1281 4319 καὶ
1308 4268 1552 4336 ἅψασθαι
1578 4270 1777 4340 τολμή·

215 4365 387 4400 σαντα
426 4352 524 4419 τῆς
557 4351 958 4421 ἀφαιρεθείσης
1010 4355 1157 4425 αὐτῷ
1194 4357 1562 4449 λειήουργίας,
1619 4360 1779 4413 ἐκκό-

210 4440 447 4491 πτεσθαι
484 4445 806 4495 παντάπασι
831 4445 1047 4496 κελεύει
1085 4448 1182 4508 τῆς
1207 4440 1559 4516 Ἐκκλησίας,
1593 4450 1685 4502 διά
1716 4468 1775 4504 τε

1890 3281 2201 3349 quisquam,
2248 3282 2332 3335 his
2387 3284 2754 3350 contemptis,
2818 3282 3127 3350 imperatori
3192 3285 3449 3339 lltOlBSlUS

1887 3383 2007 3422 esse
2059 3386 2226 3425 ausus
2275 3372 2458 3435 fuerit,
2513 3374 2559 3427 is
2621 3372 2955 3427 delensionis
3007 3374 3188 3429 locum
3241 3377 3446 3431 nullum

1888 3461 2107 3524 habeat,
2166 3474 2257 3517 aut
2300 3479 2448 3533 spem
2503 3464 2700 3519 futurae
2748 3466 3130 3522 restitutionis.
3184 3466 3446 3533 Quamvis

1886 3557 2030 3607 enim
2065 3555 2208 3607 omni
2249 3556 2527 3621 damnato,
2572 3567 2624 3609 et
2659 3572 2716 3611 se
2757 3556 2952 3627 injuria
3002 3558 3145 3612 afﬁci
3177 3559 3443 3621 credenti,

1886 3645 2145 3701 Ecclesiae
2213 3647 2479 3700 auxilium
2548 3648 2913 3713 conceditur;
2991 3649 3249 3717 quoniam
3320 3665 3447 3704 vero

1885 3739 2318 3805 patriarcharum
2341 3739 2624 3793 sententiae
2645 3740 2993 3807 appellationi
3018 3755 3120 3792 non
3144 3740 3447 3810 subjiciun-

1884 3818 2102 3895 tur.qui
2130 3838 2252 3897 post
2277 3829 2437 3881 latam
2464 3828 2785 3897 patriarchae
2816 3830 3139 3883 sententiam
3169 3830 3234 3884 ad
3266 3844 3443 3899 regem

1882 3918 2296 3986 appellationem
2362 3919 2538 3974 facere
2591 3934 2845 3983 conatur,
2906 3920 3061 3989 juxta
3117 3933 3441 3990 praesentem

1881 4022 2144 4063 canonem
2184 4011 2424 4078 punitur.

1950 4097 2118 4153 Porro
2169 4108 2342 4154 sanct.
2394 4100 2621 4169 apostol.
2674 4115 2796 4155 can.
2844 4100 2915 4156 28
2953 4101 3305 4171 episcopum,
3354 4101 3440 4157 vel

1878 4190 2275 4260 presbyterum,
2311 4189 2391 4243 vel
2415 4191 2728 4256 diaconum,
2762 4192 2850 4260 qui
2882 4194 3028 4261 juste
3056 4193 3126 4245 ob
3152 4192 3439 4249 manifesta

1879 4281 2107 4335 crimina
2168 4276 2487 4349 depositus,
2576 4282 2939 4344 ministerium
3019 4283 3121 4337 sibi
3194 4284 3433 4338 ablatum

1877 4374 2140 4442 attingere
2195 4376 2410 4436 audeat,
2476 4375 2544 4427 ab
2604 4373 2846 4429 Ecclesia
2910 4376 3133 4429 omnino
3189 4376 3435 4432 abscindi

1874 4463 2049 4533 jubet,
2143 4472 2254 4516 tum
2316 4465 2385 4516 ob
2447 4480 2715 4518 summam
2786 4468 2924 4520 forte
2991 4468 3433 4536 impudentiam,

209 4530 373 4599 τυχὸν
392 4531 492 4600 τῆς
526 4532 817 4595 αὐθαδείας
840 4535 901 4586 τδ
932 4536 1142 4603 περιὸν,
1168 4539 1261 4589 καὶ
1293 4540 1377 4591 δτι
1411 4539 1588 4602 ἄλλως
1611 4542 1773 4594 κολα-

1892 4564 1995 4608 tum
2050 4555 2195 4623 quod
2248 4555 2358 4624 jam
2408 4557 2687 4623 depositus
2737 4558 2894 4612 aliter
2939 4558 3201 4613 canonice
3260 4558 3438 4628 puniri

210 4620 410 4686 σθῆναι
441 4624 744 4685 κανονικῶς
771 4627 873 4678 οὐκ
906 4626 986 4678 ἔνι
1026 4628 1116 4679 τὸν
1143 4629 1244 4698 ἤδη
1280 4631 1701 4701 καθαιρεθέντα.

293 4709 355 4761 ’0
382 4711 439 4762 δὲ
471 4712 544 4777 ξε]
571 4713 670 4780 τῆς
701 4716 757 4767 ἐν
821 4717 1173 4787 Καρθαγὲνῃ,
1226 4721 1453 4783 δικαίως
1510 4722 1773 4792 κληρικοῦ

207 4801 730 4865 καταδικασθέντος,
754 4804 911 4871 φησι,
934 4807 1072 4874 πρὸς
1100 4808 1193 4860 τοῦ
1223 4811 1425 4863 οἰκείου
1445 4813 1772 4878 ἐπισκόπου,

210 4890 418 4957 μηκέτι
441 4890 695 4960 ἐκκλήτῳ
717 4892 1112 4962 βοηθουμένου,
1139 4896 1235 4949 τοῦ
1258 4898 1522 4967 κληρικοῦ
1546 4881 1769 4972 δηλαδή,

206 4984 335 5041 τοὺς
362 4985 508 5049 χειρὶ
540 4983 881 5053 χρωμένους,
939 4987 1034 5038 καὶ
1066 4988 1380 5051 κωλύοντας
1413 4991 1516 5059 τὴν
1536 4991 1776 5060 ὁρισθεῖ-

213 5090 313 5125 σαν
344 5074 465 5126 κατ⁹
519 5074 686 5126 αὑτοῦ
733 5076 916 5144 ψῆφον
946 5079 1040 5131 τὸν
1094 5080 1399 5133 ἐπίσκοπον
1429 5083 1770 5151 ἐπενεγκεῖν,

208 5165 479 5217 αἰτεῖσθαι
508 5166 613 5234 χρὴ
642 5166 741 5232 τὴν
772 5168 993 5246 σύνοδογ
1023 5171 1157 5239 πρὸς
1191 5169 1286 5223 τοῦ
1315 5172 1580 5241 βασιλέως
1611 5177 1768 5245 ποινῇ

205 5262 433 5319 τούτους
465 5261 811 5327 χρηματικῇ,
850 5262 944 5313 καὶ
978 5263 1268 5329 ἀφαιρέσει
1300 5266 1398 5335 τῆς
1432 5268 1596 5335 τιμῆς
1636 5267 1772 5320 61:0-

205 5343 520 5403 ϐάλλεσθαι,
556 5346 667 5396 εἴτε
694 5346 793 5415 τῆς
815 5348 1148 5419 Ἐκκλησίας
1184 5349 1293 5405 εἷεν
1324 5358 1373 5407 οί
1406 5355 1644 5408 τοιοῦτοι
1674 5358 1770 5427 δή-

204 5451 334 5499 που,
359 5436 467 5487 είτε
498 5435 593 5488 τοῦ
621 5437 775 5503 λαοῦ,
806 5439 907 5492 κᾶν
948 5443 1141 5509 ὁποίας
1172 5439 1275 5499 ὦσι
1306 5450 1397 5501 καὶ
1432 5449 1649 5518 ήλικίας
1676 5454 1769 5504 καὶ

208 5544 276 5579 ου
286 5544 443 5589 σεως.

284 5618 345 5669 '0
373 5619 427 5669 δὲ
456 5626 498 5671 ν’
523 5622 614 5674 καὶ
649 5622 760 5675 τῶν
790 5625 1111 5678 ἐπισκόπων
1143 5630 1269 5693 τοὺς
1301 5630 1374 5700 μὴ
1406 5636 1531 5695 ταῖς
1564 5636 1767 5705 ψήφοις

207 5710 622 5776 ὓποκύπτοντας
671 5717 769 5783 τῆς
810 5718 1031 5770 συνόδου
1068 5722 1130 5791 τῇ
1157 5722 1266 5773 τῶν
1303 5724 1584 5791 ἀρχόντων
1610 5729 1764 5794 ἐξου-

204 5802 296 5871 σίᾳ
336 5805 547 5859 κελεύει
574 5808 811 5863 δίδοσθαι
831 5827 848 5845 ο
878 5810 1017 5881 πλὴν
1051 5815 1149 5867 οὐκ
1189 5815 1413 5883 ἔννομον
1438 5819 1562 5883 τοὺς
1603 5822 1763 5876 ίεοω-

1878 4657 2132 4717 nequeat.

1947 4741 2134 4794 Canon
2165 4741 2324 4795 etiam
2356 4734 2425 4793 65
2453 4754 2572 4809 syu.
2605 4737 2825 4801 Cartlt.,
2852 4736 2908 4790 Si
2950 4736 3209 4802 clericus,
3238 4737 3436 4807 inquit,

1877 4843 1907 4882 a
1963 4832 2182 4899 proprio
2236 4832 2493 4900 episcopo
2544 4829 2690 4896 juste
2747 4828 3025 4896 depositus
3087 4828 3278 4889 fuerit,
3336 4844 3438 4884 nec

1876 4922 2255 4992 appellationis
2284 4922 2543 4976 auxilium
2594 4922 2788 4974 habeat
2857 4922 2956 4974 iste
2986 4920 3241 4986 clericus,
3273 4935 3437 4990 syno-

1876 5014 1977 5070 dus
2020 5029 2049 5067 a
2095 5028 2219 5083 rege
2264 5013 2516 5082 postulet,
2567 5021 2625 5065 ut
2671 5014 2763 5080 qui
2812 5011 3049 5080 potentia
3108 5020 3337 5065 utuntur
3381 5020 3436 5065 et

1876 5105 2186 5173 episcopum
2223 5104 2481 5173 prolatam
2511 5111 2695 5155 contra
2749 5117 2871 5153 eum
2922 5101 3245 5155 sententiam
3292 5100 3437 5153 inlli-

1876 5214 2000 5268 gere
2056 5214 2163 5253 non
2224 5200 2447 5260 sinunt,
2488 5211 2661 5266 poenae
2718 5194 3045 5264 pecuniariae
3106 5201 3160 5245 et
3214 5191 3436 5246 honoris

1874 5288 2157 5356 privationi
2223 5288 2631 5354 subjiciantur,
2694 5287 2811 5339 sive
2875 5284 2984 5336 sint
3052 5281 3432 5347 ecclesiastici,

1875 5377 1989 5430 sive
2035 5375 2192 5441 laici,
2231 5385 2282 5430 et
2331 5375 2709 5444 eujuscunque
2761 5373 2932 5427 aetatis
2972 5371 3053 5426 vel
3102 5370 3434 5426 conditionis

1872 5466 2095 5523 iuerint.

1935 5644 2160 5711 Insuper
2190 5657 2314 5696 can.
2354 5641 2420 5695 50
2450 5643 2753 5711 episcopos,
2794 5643 2885 5711 qui
2919 5640 3109 5710 synodi
3143 5641 3430 5693 sententiis

1870 5749 1977 5787 non
2018 5750 2075 5787 se
2134 5734 2479 5796 submittunt,
2531 5736 2582 5787 in
2635 5737 3048 5797 magistratuum
3109 5739 3429 5801 potestatem

1871 5827 2081 5881 tradere
2126 5825 2310 5889 iubet;
2349 5840 2528 5881 ternm
2578 5825 2780 5889 justum
2839 5839 2946 5879 non
2999 5832 3099 5889 cst,
3122 5832 3180 5879 ut
3234 5822 3431 5880 sacrati
