4184 6444
732 380 873 446 19.55
1915 373 2283 437 ΜΛΤΤΠᾸΞΙ
2326 376 2384 435 Bi

2326 373 2749 435 BLASTARIS
3836 363 3973 428 1.9.56

730 494 866 549 bens
895 511 908 545 :
939 509 956 543 ι
1000 491 1204 545 Doceas
1248 501 1436 543 servos
1493 487 1610 543 suis
1643 487 1880 544 dominis
1908 490 2127 559 subjici,
2162 499 2216 543 et
2247 491 2299 544 in
2329 501 2375 557 Α

2329 501 2375 557 Α
2407 488 2592 555 γεσίας
2611 483 3133 556 ἀντιλαμϐανόμενοι
3152 497 3168 513 ⁸
3198 499 3216 535 ι
3244 481 3337 535 καί
3369 480 3505 551 πρὸς
3534 480 3624 534 τὸν
3643 480 3786 534 θεῖον
3819 481 3978 535 αὖθις

729 585 985 639 omnibus
1022 581 1159 634 bene
1194 579 1472 647 placentes
1503 595 1648 644 esse,
1689 595 1797 634 non
1834 583 2295 647 contradicentes,

2399 578 2557 631 Τίτον
2578 594 2591 609 ο
2622 595 2642 629 ‹
2678 578 2910 630 Δίδασκε
2935 576 3152 637 δούλους
3186 574 3409 635 οἰκείοις
3433 574 3723 635 δεσπόταις
3741 574 3982 626 ὑποτάσ-

731 690 840 729 non
873 680 1210 743 arrogantes,
1243 668 1339 726 sed
1395 671 1553 726 (idem
1602 686 1823 727 omnem
1873 672 2070 727 bonam
2101 680 2292 727 osten-

2403 668 2609 724 σεσθαι.
2634 669 2729 720 καὶ⁵
2759 669 2817 720 ἐν
2840 667 3004 721 πᾶσιν
3026 665 3354 733 εὐαρέστους
3377 657 3537 727 εἰναι,
3563 662 3637 732 μὴ
3666 662 3979 727 ἀντιλέγον-

732 767 942 820 dentes.
991 781 1011 814 ι
2399 779 2520 823 τας,
2546 761 2619 831 μὴ
2648 760 3090 831 νοσφιζομένους,
3120 758 3255 811 ἀλλὰ
3280 758 3462 811 πίστιν
3487 757 3669 810 πᾶσαν
3702 757 3981 808 ἐνδεικνυ-

2408 855 2600 923 μένους
2631 853 2863 922 ἀγαθήν.
2894 870 2913 903 ι

2489 945 2548 998 '0
2571 946 2627 999 δέ
2659 944 2748 1014 πβ⁰
2780 944 2891 997 τῶν
2913 944 3082 1011 ἁγίων
3112 943 3454 1001 ἀποστόλων,
3480 941 3664 994 πᾶσαν
3694 939 3981 1010 πρόφασιν

2407 1035 2703 1090 σκανδάλου
2734 1036 3057 1104 περιαιρῶν,
3106 1034 3206 1087 οὐκ
3261 1032 3548 1101 ἐπιτρέπει
3590 1029 3782 1083 δοῦλον
3822 1027 3984 1080 ἀλλό-

2406 1143 2557 1196 τριον
2586 1126 2736 1195 παρὰ
2766 1124 2993 1194 γνώμην
3017 1124 3113 1177 τοῦ
3145 1123 3405 1176 δεσπότου
3454 1119 3789 1191 κληροῦσθαι
3811 1133 3826 1147 ⁸
3859 1119 3983 1171 ὅλου

2407 1216 2518 1287 γὰρ
2551 1217 2701 1269 οίκου
2728 1216 3009 1286 ἀνατροπὴ
3037 1215 3149 1268 ἐσθ’
3178 1217 3267 1267 ὅτε
3299 1216 3509 1282 γίνεται
3538 1211 3717 1273 τοῦτο,
3750 1210 3853 1263 καὶ
3888 1208 3982 1261 λύ-

2410 1324 2521 1377 πης
2545 1310 2637 1361 καὶ
2659 1308 2880 1376 ἀτιμίας
2912 1308 3084 1360 αἴτιον
3100 1304 3177 1376 τῷ
3200 1306 3453 1374 δεσπότῃ.
3477 1304 3548 1356 Ἢ
3578 1304 3685 1372 γὰρ
3709 1302 3804 1353 τοῦ
3834 1300 3983 1353 οἴκου

2408 1399 2600 1452 τοῦτον
2628 1393 2742 1469 εἷχε
2764 1398 3058 1467 διοικητὴν,
3088 1400 3120 1467 ἦ
3152 1397 3513 1465 ἐργαστηρίου
3556 1394 3983 1465 προϊστάμενον,

750 1492 871 1544 fidei
897 1490 1117 1543 credita:
1139 1498 1295 1542 erant
1319 1490 1564 1557 pecunia:
1593 1490 1657 1542 ad
1686 1489 2129 1558 negotiationem.
2153 1490 2308 1555 Quod

2411 1492 2444 1562 ἢ
2476 1492 2736 1561 χρήματα
2766 1492 2843 1554 εἰς
2884 1490 3154 1561 ἐμπορίαν
3188 1489 3539 1542 πεπίστευτο.
3590 1486 3738 1540 Em
3760 1485 3916 1550 ἄξιος
3960 1486 3985 1535 ὀ

750 1583 795 1637 si
836 1597 1028 1636 servus
1084 1581 1253 1650 gradu
1298 1594 1457 1633 sacro
1534 1579 1731 1646 dignus
1781 1580 2144 1642 existimetur.
2201 1581 2315 1647 epi-

2412 1584 2633 1651 οἰκέτης
2686 1583 2962 1654 ἱερατικοῦ
3011 1583 3227 1653 κριθείη
3267 1579 3497 1651 βαθμοῦ,
3526 1578 3844 1633 κοινοῦσθαι
3880 1576 3983 1646 χρὴ

763 1688 992 1741 scopum
1029 1672 1175 1725 deeo
1220 1669 1435 1737 negotio
1483 1684 1607 1723 cum
1641 1669 1861 1724 domino
1908 1673 2317 1725 communicare
2413 1696 2415 1708 ι

2413 1675 2504 1727 τὸν
2529 1674 2827 1727 ἐπίσκοπον
2858 1675 2924 1728 τὰ
2980 1676 3105 1741 περὶ
3162 1674 3331 1726 αὑτοῦ
3376 1673 3453 1741 τῷ
3500 1670 3757 1738 δεσπότῃ.
3816 1668 3918 1720 καὶ
3939 1667 3987 1719 εί

754 1774 988 1833 oportet,
1022 1771 1085 1814 et
1118 1762 1165 1815 si
1212 1761 1259 1813 is
1288 1761 1657 1820 consenserit,
1694 1774 1910 1813 servum
1944 1774 2135 1813 secure
2161 1760 2313 1813 ordi-
2348 1832 2373 1835 Α

2348 1832 2373 1835 Α
2417 1768 2669 1819 κάκεῖνον
2723 1765 2874 1835 σχοίη
2930 1766 3268 1834 πειθόμενον,
3320 1764 3650 1834 χειροτονεῖν
3681 1759 3860 1821 ἀδεῶς
3899 1758 3987 1810 τὸν

756 1832 907 1910 nare.
962 1854 1187 1921 Magnus
1240 1853 1439 1905 etenim
1506 1851 1709 1905 Paulus
1749 1849 2098 1913 Onesimum,
2141 1832 2393 1904 Phile-B

2346 1832 2393 1891 Β
2421 1858 2656 1926 οἰκέτην.
2832 1832 2872 1909 ὁ-
2889 1859 3062 1925 μέγας
3091 1832 3219 1927 -γὰρ
3276 1832 3484 1918 Παῦλος
3520 1855 3612 1907 τὸν
3662 1853 3984 1921 Ὀνήσιμον,

758 1947 940 2004 monis
972 1959 1213 2006 servum,
1247 1943 1403 2010 cujus
1438 1940 1800 1994 ministerium
1846 1940 1948 1994 sibi
2000 1940 2130 1994 utile
2171 1940 2318 2011 judi-

2417 1947 2602 2001 δοῦλον
2626 1948 2754 2001 ὄντα
2777 1948 3101 2017 Φιλήμονος,
3129 1949 3220 2003 καί
3253 1965 3335 2000 τοι
3360 1947 3664 2016 εῦχρηστον
3689 1942 3842 2011 αὐτῷ
3872 1960 3989 2009 κρι-

759 2039 938 2099 cabat,
977 2036 1094 2090 sine
1139 2034 1345 2086 domini
1392 2033 1670 2085 voluntate
1699 2032 1945 2088 detinere
1979 2033 2176 2097 noluit,
2225 2034 2319 2089 sed

2418 2039 2578 2093 θέντα
2615 2039 2695 2101 εἰς
2721 2040 3015 2100 διακονίαν,
3040 2040 3190 2104 ὅμως
3228 2039 3357 2092 ἄνευ
3390 2037 3613 2105 γνώμης
3646 2035 3743 2089 τοῦ
3788 2034 3987 2087 δεσπόο

757 2132 934 2201 ipsum
959 2126 1024 2181 ad
1053 2126 1422 2179 Philemonem
1458 2122 1690 2176 remisit.
2418 2146 2512 2181 του
2545 2130 2794 2197 κατέχειν
2823 2132 2922 2183 οὐκ
2940 2128 3075 2200 ᾤετο
3098 2130 3229 2194 δεῖν,
3253 2128 3365 2182 ἀλλ’
3391 2127 3632 2196 ἐπεμψεν
3661 2126 3827 2180 αὑτὸν
3852 2124 3988 2194 πρὸς

803 944 994 1001 Canon
1042 958 1172 997 vero
1211 943 1280 997 8?.
1322 948 1501 997 sanet.
1551 951 1729 1010 apost.
1780 955 2000 995 omnem
2054 938 2299 995 scandali

737 1039 1086 1093 occasionem
1120 1036 1339 1099 tollens,
1369 1049 1475 1087 non
1512 1033 1781 1103 permittit
1811 1048 2028 1088 servum
2055 1033 2173 1087 sine
2200 1032 2303 1085 do-

741 1127 874 1181 mini
903 1127 1059 1181 venia
1092 1127 1146 1179 in
1197 1125 1403 1179 clerum
1459 1124 1729 1192 provehi;
1786 1123 1891 1177 hoc
1936 1125 2081 1177 enim
2136 1124 2306 1178 totius

747 1217 1045 1287 aliquando
1076 1216 1273 1271 domus
1316 1215 1533 1271 eversio
1565 1214 1645 1277 ﬁt,
1686 1223 1741 1268 et
1769 1215 2075 1269 molestiam
2126 1228 2180 1270 et
2205 1216 2307 1270 tri-

750 1311 957 1367 stitiam
989 1308 1212 1362 domino
1254 1308 1365 1361 dat.
1399 1307 1491 1359 Vel
1542 1307 1685 1360 enim
1720 1322 1911 1362 servus
1967 1308 2070 1361 iste
2116 1310 2309 1363 domus

748 1411 1071 1469 procurator
1098 1408 1235 1461 erat,
1266 1398 1352 1452 vel
1394 1398 1635 1453 tabernae
1668 1399 2013 1468 praepositus,
2061 1411 2115 1453 et
2149 1400 2309 1469 cujus

831 2335 1063 2400 insuper
1116 2330 1150 2383 4
1194 2345 1317 2383 can.
1383 2344 1437 2382 tv
1481 2342 1601 2398 syn.
1648 2324 2117 2380 excommunicari
2166 2326 2324 2396 jubet

768 2441 894 2481 eum
959 2420 1051 2493 qui
1083 2435 1301 2475 servum
1349 2419 1402 2472 in
1434 2416 1827 2471 monasterium
1867 2416 2080 2486 recipit,
2115 2427 2175 2472 ut
2204 2433 2324 2471 mo-

772 2518 986 2573 naclius
1019 2514 1132 2577 ﬁat,
1164 2514 1283 2568 sine
1313 2510 1516 2581 proprii
1550 2509 1759 2563 domini
1790 2510 1970 2564 venia.

1456 2601 1635 2671 Leges.

836 2698 946 2751 Lex
983 2696 1049 2751 ad
1088 2694 1228 2750 servi
1255 2693 1553 2747 libertatem
1583 2690 1827 2745 suliicere
1854 2691 2010 2758 dicit,
2030 2690 2173 2761 quod
2194 2691 2331 2745 sciat

770 2790 1027 2843 dominus
1075 2802 1199 2841 eum
1234 2786 1289 2838 in
1322 2785 1529 2839 clerum
1583 2782 1853 2851 cooptari,
1887 2792 1940 2838 et
1974 2798 2081 2837 non
2113 2791 2332 2837 contra-

774 2882 942 2937 dicat.

841 2970 1063 3025 Novella
1095 2979 1274 3023 autem
1307 2968 1507 3022 Leonis
1527 2965 1827 3034 Sapientis,
1874 2964 2096 3030 Servus,
2132 2963 2330 3034 inquit,

769 3064 863 3130 qui
893 3064 947 3115 in
974 3062 1177 3115 clerum
1220 3069 1506 3129 promotus
1555 3067 1638 3111 est
1695 3057 1973 3110 nesciente
2013 3056 2253 3118 domino,
2281 3062 2335 3108 et

2418 2220 2551 2275 Φιλή
2562 2237 2717 2275 μονα.

2504 2240 2514 2271 ι.
2602 2237 2717 2275 ονα.

2504 2222 2652 2366 ’ἓμδὲ
2679 2314 2720 2367 δ’
2754 2313 2850 2384 τῆς
2887 2313 3152 2380 τετάρτης
3206 2313 3423 2366 συνόδου
3476 2310 3573 2363 καὶ
3622 2307 3992 2374 ἀκοινώνητον

2424 2401 2564 2458 εἰναι
2614 2405 2826 2459 κελεύει
2855 2411 2945 2459 τὸν
2981 2405 3270 2474 δεχόμενον
3292 2404 3373 2465 εἰς
3412 2401 3773 2471 μοναστήριον
3804 2398 3989 2452 δοῦλον

2427 2498 2520 2551 ἐπὶ
2544 2495 2621 2567 τῷ
2659 2497 2890 2567 μονάσαι
2920 2497 3083 2566 παρὰ
3114 2496 3342 2563 γνώμην
3371 2491 3467 2545 τοῦ
3505 2491 3635 2544 ἰδίου
3667 2488 3951 2542 δεσπότου.

2660 2630 2663 2633 ς
2786 2612 2790 2617 ·
2897 2605 2904 2611 ”
3107 2590 3311 2655 Νόμοι.
3866 2620 3867 2623 η
3952 2632 3955 2635 λ

2513 2680 2575 2736 Ὀ
2641 2681 2698 2735 δέ
2750 2680 2911 2750 νόμος
2957 2679 3146 2751 ἀρκεῖν
3200 2682 3279 2741 εἰς
3340 2678 3654 2748 ἐλευθερίαν
3707 2681 3846 2748 φησὶ
3896 2677 3992 2730 τοῦ

2430 2771 2617 2826 δούλου
2673 2773 2735 2823 τὸ
2775 2772 2973 2833 εἰδότος
3002 2773 3097 2823 τοῦ
3132 2770 3391 2824 δεσπότου
3439 2773 3534 2824 καὶ
3568 2773 3644 2842 μὴ
3679 2771 3991 2839 ἀντιλέγον-

2431 2879 2542 2925 τος,
2570 2861 2645 2930 τῷ
2676 2863 2862 2932 κλήρῳ
2890 2861 3055 2915 αὐτὸν
3092 2860 3479 2927 καταλεγῆναι.

2517 2954 2581 3006 Ἢ
2608 2954 2665 3007 δέ
2699 2953 2870 3022 νεαρὰ
2911 2952 3005 3006 τοῦ
3029 2952 3192 3020 σοφοῦ
3224 2953 3474 3015 Λέοντος,
3509 2952 3612 3005 Τὸν
3642 2950 3997 3021 κληρωθέντα

2432 3045 2638 3109 δοῦλον,
2669 3046 2856 3116 φησὶν,
2881 3062 2886 3069 ‘
2910 3045 3230 3112 ἀγνοοῦντος
3280 3043 3376 3096 τοῦ
3407 3045 3691 3105 δεσπότου,
3716 3043 3857 3095 ἀλλὰ
3890 3044 3998 3111 μὴν

771 3154 863 3221 qui
900 3152 1223 3215 monachus,
1261 3150 1343 3202 vel
1377 3150 1669 3218 episcopus
1723 3148 1801 3209 lit,
1841 3146 1906 3200 ad
1950 3145 2185 3215 priorem
2238 3142 2404 3234 do-C

2358 3171 2404 3234 Ο
2435 3140 2530 3192 καὶ
2562 3138 2654 3193 τδν
2696 3137 3149 3217 μονάσαντα,·καὶ
3169 3137 3259 3189 τὸν
3291 3137 3552 3205 γεγονότα
3574 3134 3998 3204 ἐπίσκοπον,τῷ

775 3244 983 3297 niinnm
1044 3242 1250 3296 invitus
1298 3248 1619 3302 revertatur,
1677 3238 1812 3291 nihil
1868 3237 1938 3291 ab
1992 3235 2333 3291 ordinatione

773 3331 1013 3401 adjutus.
1044 3329 1308 3383 Dominus
1361 3338 1541 3382 autem
1580 3326 1861 3380 indeﬁnite
1904 3340 2028 3380 eum
2079 3339 2336 3379 revocare

774 3422 981 3490 nequit.
1015 3422 1109 3474 sed
1143 3422 1286 3473 intra
1330 3418 1701 3483 triennium,a
1736 3425 1976 3487 tempore
2001 3430 2113 3487 quo
2130 3415 2332 3470 factum

776 3513 1081 3578 resciverit,
1114 3511 1533 3565 numerandum.

846 3686 1227 3740 Personarum
1247 3685 1423 3755 prima
1448 3686 1648 3742 divisio
1674 3686 1789 3741 haec
1822 3694 1906 3742 est
1930 3702 1945 3741 :
1978 3683 2227 3740 homines
2244 3682 2335 3738 alii

778 3787 906 3832 sunt
940 3776 1118 3839 liberi,
1154 3778 1244 3830 alii
1292 3786 1472 3831 autem
1510 3777 1694 3842 servi;
1746 3787 1801 3831 et
1851 3776 2076 3831 libertas
2120 3775 2337 3844 quidem

777 3876 882 3929 est,
911 3867 1069 3936 108
1089 3868 1319 3923 facultas
1340 3868 1604 3923 naturalis
1624 3868 1847 3922 cuilibet
1863 3881 2126 3922 concessa
2147 3865 2339 3935 agendi

777 3973 900 4025 quae
935 3959 1085 4021 velit,
1119 3959 1223 4013 nisi
1249 3959 1331 4012 lex
1357 3959 1439 4012 vel
1481 3960 1559 4013 vis
1584 3958 1863 4027 impediat.
1891 3957 2135 4012 Servitus
2158 3965 2336 4010 autem

779 4058 863 4104 est
911 4049 1043 4119 legis
1083 4050 1313 4103 etlmicae
1372 4058 1423 4103 et
1471 4049 1608 4117 juris
1643 4049 1768 4102 belli
1789 4048 2013 4102 enectus
2044 4062 2060 4111 ;
2095 4063 2188 4115 per
2217 4061 2338 4101 eam

781 4140 978 4207 aliquis
1008 4141 1235 4194 alterius
1253 4141 1500 4209 potestati
1533 4139 1853 4207 subjicitur;
1881 4138 2026 4208 quod
2054 4137 2153 4207 legi
2184 4146 2342 4191 natu-

782 4230 879 4283 rali
931 4232 1263 4286 contrarium
1307 4240 1413 4287 est.
1468 4229 1672 4285 Natura
1725 4230 1867 4284 enim
1917 4244 2106 4284 omnes
2143 4229 2341 4283 liberos

783 4322 1054 4389 produxit.

855 4410 1065 4465 Rursus
1090 4412 1248 4466 liberi
1279 4412 1602 4467 dividuntur
1633 4412 1945 4480 dupliciter,
1976 4410 2030 4463 in
2058 4409 2339 4476 ingenuos,

2436 3229 2685 3300 προτέρῳ
2712 3228 2946 3297 δεσπότῃ
3002 3222 3095 3280 καί
3126 3227 3331 3280 ἄκοντα
3360 3226 3855 3288 ἀποκαθίστασθαι,
3888 3242 3997 3294 μη-

2436 3323 2526 3375 δέν
2547 3322 2645 3390 τῆς
2679 3319 3011 3389 χειροτονίας
3044 3320 3410 3388 ἀπονάμενον.
3434 3374 3440 3379 ,
3468 3320 3544 3371 Οὐ
3576 3318 3682 3387 μὴν
3712 3318 4001 3389 ἀπροσδιο-

2439 3414 2638 3485 ρίστως
2686 3408 2914 3467 δύναταί
2959 3414 2987 3464 ὁ
3045 3412 3313 3479 δεσπότης
3346 3410 3737 3465 ἀνακαλεῖσθαι
3785 3411 3999 3475 τοῦτον,

2332 3559 2337 3563 .
2436 3506 2551 3559 ἀλλ’
2600 3504 2750 3566 ἐντὸς
2800 3505 3046 3574 τριετίας
3082 3504 3217 3573 μετὰ
3266 3502 3326 3555 τὸ
3357 3501 3541 3555 λαϐεῖν
3595 3503 3757 3555 αὐτὸν
3792 3504 4002 3574 εἴδησιν

2435 3595 2531 3649 τοῦ
2555 3611 2838 3663 γεγονότος
2866 3594 3301 3665 ἀριθμουμένης.

2517 3687 2585 3739 Ἦ
2609 3687 2717 3739 τῶν
2742 3686 3049 3759 προσώπων
3078 3686 3221 3754 ἄκρα
3243 3685 3505 3752 διαίρεσις
3529 3686 3668 3754 αῦτη
3698 3686 3847 3738 ἐστίν
3870 3702 3884 3717 ·
3922 3688 4005 3741 ὅτι

2438 3776 2547 3830 τῶν
2570 3776 2871 3843 ἀνθρώπων
2906 3777 2954 3829 οἰ
2982 3776 3080 3845 μέν
3112 3776 3250 3828 εἰσιν
3283 3764 3577 3843 ἐλεύθεροι,
3610 3778 3659 3827 οἱ
3692 3777 3747 3828 δὲ
3778 3777 3958 3829 δοῦλοι
3987 3795 4001 3808 ·

2439 3867 2532 3921 καὶ
2562 3867 2843 3935 ἐλευθερία
2868 3868 2964 3937 μέν
3019 3869 3166 3921 ἐστιν
3218 3867 3466 3936 εὐχέρεια
3498 3867 3724 3937 φυσικὴ,
3786 3869 4004 3937 ἑκάστῳ

2443 3958 2798 4028 συγχωροῦσα
2830 3961 3087 4026 πράττειν
3109 3958 3144 4013 ἃ
3171 3959 3437 4029 βούλεται,
3469 3962 3515 4012 εἰ
3545 3961 3619 4029 μὴ
3648 3960 3811 4027 νόμος
3839 3961 3871 4030 ἦ
3915 3961 4006 4029 βία

2445 4050 2642 4103 κωλύει
2662 4064 2675 4076 ·
2707 4049 2919 4102 δουλεία
2950 4050 3008 4102 δέ
3064 4052 3212 4103 ἐστιν
3267 4051 3482 4104 ἐθνικοῦ
3507 4054 3671 4119 νόμου
3723 4052 4005 4106 διατύπω-

2444 4158 2530 4204 σις
2576 4141 2671 4193 καὶ
2704 4142 2956 4208 πολέμων
2988 4141 3222 4205 ἐπίνοια,
3251 4140 3309 4205 ἐξ
3338 4135 3405 4212 ἧς
3434 4159 3514 4204 τις
3543 4142 3909 4195 ὑποδάλλεται
3936 4148 4002 4212 τῇ

2444 4232 2632 4302 ἐτέρου
2688 4231 2999 4300 δεσποτεία,
3026 4231 3363 4293 ὑπεναντίως
3412 4233 3506 4285 τοῦ
3545 4232 3779 4300 φυσικοῦ
3802 4234 4003 4304 νόμου*

2443 4325 2476 4393 ἡ
2498 4324 2602 4393 γὰρ
2628 4321 2788 4391 φύσις
2820 4321 3026 4383 πάντας
3047 4320 3366 4392 ἐλευθέρους
3387 4324 3727 4392 προήγαγεν.

2514 4415 2685 4467 Πάλιν
2715 4414 2764 4465 οἰ
2817 4413 3090 4482 ἐλεύθεροι
3117 4413 3451 4492 διαιρουνται
3483 4418 3557 4477 εἰς
3581 4416 3697 4476 δύο,
3729 4420 3809 4480 εἰς
3848 4420 4005 4485 εὖγε-

782 4510 835 4553 et
864 4502 1109 4555 libertos.
1135 4502 1201 4555 Et
1235 4503 1506 4570 ingenuus
1542 4501 1762 4569 quidem
1796 4510 1898 4559 est.
1936 4498 2028 4567 qui
2057 4498 2243 4551 statim
2274 4510 2340 4550 ac
2370 4508 2420 4565 ι)

2370 4506 2557 4565 ῡνετς
2594 4504 2687 4555 καὶ
2740 4502 3155 4572 ἀπελευθέρους.
3220 4503 3329 4554 Καὶ
3363 4504 3586 4572 εὐγενὴς
3646 4506 3744 4572 μέν
3800 4508 3947 4559 ἐστιν
3979 4510 4005 4559 ό

785 4599 944 4644 natus
984 4598 1087 4655 est,
1141 4591 1275 4644 liber
1305 4591 1538 4654 exsistit,
1570 4604 1622 4645 et
1650 4590 1934 4645 servitutis
1959 4589 2149 4657 jugum
2200 4603 2341 4640 nun-

782 4696 945 4749 quam
982 4684 1255 4749 gustavit;
1285 4683 1515 4737 libertus
1547 4698 1692 4748 vero,
1734 4682 1826 4751 qui
1854 4697 1917 4737 ex
1948 4695 2106 4735 servo
2143 4693 2341 4732 manu-

782 4771 953 4824 misso
980 4781 1143 4825 natus
1174 4781 1276 4827 est.

853 4860 1040 4916 Potest
1070 4864 1269 4931 aliquis
1302 4879 1521 4918 servum
1554 4878 1714 4919 suum
1743 4865 2147 4931 manumittere,
2176 4867 2261 4921 vel
2287 4867 2340 4920 in

783 4954 1147 5007 sanctissimis
1187 4955 1461 5019 ecclesiis,
1500 4958 1581 5008 vel
1611 4970 1794 5008 coram
1831 4955 2079 5023 praeside,
2135 4958 2215 5011 vel
2250 4972 2344 5011 co-

784 5057 900 5095 ram
956 5044 1146 5099 amicis
1198 5046 1443 5114 quinque
1501 5047 1568 5100 ad
1615 5048 1715 5100 hoc
1750 5048 1981 5111 vocatis,
2027 5047 2111 5101 vel
2169 5048 2344 5104 tribus

784 5137 1277 5202 subseribentibus,
1308 5140 1388 5192 vel
1423 5155 1518 5208 per
1550 5140 1782 5202 litteras,
1808 5142 1891 5194 vel
1914 5142 1965 5194 in
1989 5150 2343 5210 testamento,

785 5226 867 5278 vel
908 5242 1521 5297 quacunqueextrema
1563 5232 1861 5284 voluntate.
1917 5231 1982 5285 Et
2025 5233 2068 5285 si
2122 5249 2343 5287 servum

784 5332 945 5369 suum
980 5335 1225 5386 personae
1270 5320 1455 5373 liberie
1506 5323 1706 5389 junxit,
1746 5323 1828 5375 vel
1862 5338 1984 5377 eum
2023 5334 2215 5391 praeter
2248 5340 2345 5378 vo-

785 5407 1051 5462 luntatem
1081 5426 1231 5463 suam
1258 5412 1507 5479 junctum
1534 5414 1783 5477 audiens,
1823 5414 1874 5467 id
1904 5415 2158 5482 patiatur.

860 5498 1060 5553 Servus
1082 5502 1172 5567 qui
1198 5504 1403 5555 sciente
1448 5504 1743 5557 dominoin
1777 5506 2026 5557 militiam
2060 5506 2176 5559 abit
2227 5522 2342 5561 ma-

789 5590 1123 5642 numiltitur.

858 5677 959 5740 Qui
991 5680 1189 5732 caedem
1222 5679 1423 5735 domini
1466 5681 1550 5742 sui
1588 5683 1814 5746 indicat.
1851 5687 2340 5743 manumissionem

792 5764 985 5822 habeat
1022 5785 1120 5839 pro
1155 5772 1399 5841 praemio.

2440 4594 2642 4656 εὐθέως
2685 4593 2803 4664 ἅμα
2835 4593 2911 4661 τῷ
2949 4594 3205 4662 τεχθῆναι
3236 4592 3519 4662 ἐλεύθερος
3568 4592 3664 4656 ὥν,
3704 4598 3801 4648 καὶ
3835 4599 4001 4665 μήπω

2421 4682 2534 4737 ’τοῦ
2566 4683 2731 4752 ζυγοῦ
2782 4683 2885 4752 τῆς
2931 4684 3174 4746 δουλείας
3226 4685 3595 4752 γευσάμενος·
3636 4686 4004 4759 ἀπελεύθερος

2440 4776 2497 4830 δέ
2528 4776 2555 4827 ὁ
2586 4778 2650 4828 ἐκ
2678 4774 2864 4828 δούλου
2890 4774 3345 4844 ἐλευθερωθέντος
3372 4777 3677 4845 γεννηθείς.

2512 4868 2743 4921 Δύναταί
2793 4885 2876 4931 τις
2932 4866 3251 4937 ἐλευθεροῦν
3293 4868 3386 4920 τὸν
3418 4868 3615 4922 ἐαυτοῦ
3649 4868 3837 4923 δοῦλον
3888 4873 3922 4940 ἦ
3955 4874 4008 4925 ἐν

2443 4961 2563 5021 ταῖς
2615 4959 2951 5025 ἁγιωτάταις
3002 4958 3342 5026 ἐκκλησίαις,
3371 4957 3403 5027 ἢ
3434 4959 3528 5009 ἐπὶ
3551 4960 3836 5028 ἄρχοντος,
3856 4962 3889 5030 ἢ
3922 4966 4007 5013 ἐπὶ

2446 5053 2613 5120 φίλων
2639 5051 2799 5104 πέντε
2834 5049 3105 5104 ἐπὶτοῦτο
3133 5050 3601 5118 προσκληθέντων,
3642 5052 3673 5119 ἢ
3707 5055 3805 5104 καὶ
3848 5055 4009 5122 μέχρι

2444 5142 2608 5210 τριῶν
2657 5142 3150 5210 ἀπογραφομένων,
3178 5139 3210 5210 ἢ
3239 5139 3304 5192 δι’
3335 5140 3642 5208 ἐπιστολῆς,
3675 5141 3706 5209 ἢ
3739 5142 3798 5192 ἐν
3823 5143 4008 5211 διαθή-

2448 5248 2541 5305 κῃ,
2568 5234 2600 5302 ἢ
2636 5235 2693 5284 ἐν
2719 5232 3013 5301 οἰᾳδήποτε
3043 5230 3326 5301 τελευταίᾳ
3352 5233 3620 5301 βουλήσει.
3654 5234 3765 5284 Καὶ
3801 5235 3898 5285 ἐὰν
3928 5238 4010 5286 τὸν

2449 5324 2577 5375 ῐόιον
2601 5322 2783 5374 δοῦλον
2816 5322 3085 5389 ἐλευθέρῳ
3116 5321 3393 5390 προσώπῳ
3429 5322 3612 5391 ζεύξῃ,
3640 5323 3672 5390 ἦ
3700 5324 3856 5391 παρὰ
3879 5327 4011 5391 γνὼ.

2452 5432 2560 5484 μην
2594 5411 2759 5465 αὐτοῦ
2788 5411 3154 5479 ζευγνύμενον
3190 5411 3430 5472 ἀκούσας
3467 5414 3797 5479 ἀνασχηται.

2523 5503 2713 5563 Δοῦλος
2743 5502 3165 5572 στρατευόμενος
3192 5501 3395 5569 εἰδήσει
3420 5501 3510 5554 τοῦ
3528 5504 3728 5555 οἰκείου
3749 5506 4005 5559 δεσπότου

2452 5594 2855 5663 ἐλευθεροῦται.

2537 5686 2594 5735 '0
2628 5684 2852 5753 μηνύων
2884 5683 2975 5736 τὸν
3032 5685 3189 5752 φόνον
3245 5685 3339 5737 τοῦ
3371 5686 3570 5740 οἰκείου
3601 5687 3866 5749 δεσπλτρυ
3918 5690 4005 5758 τὴν

2455 5776 2768 5845 ἐλευθερίαν
2800 5775 2968 5844 ἐχέτω
3018 5776 3092 5839 ώς
3126 5774 3374 5831 ἔπαθλον.
