4184 6444
225 416 360 476 123⁵7
1214 416 1618 482 SYNTAGMA
1660 417 1785 479 Λιὶ

1890 416 2276 477 lBETlCUM.
2318 438 2379 453 ·-·
2407 413 2472 475 Ε.

3335 410 3474 475 125$

291 525 484 587 Ποινὰς
522 525 805 593 ὑφίσταται
841 528 866 578 ὁ
915 527 1279 598 ἀπελεύθερος
1338 531 1412 600 μὴ
1461 532 1638 600 τιμῶν
1667 530 1785 591 τοὺς

1964 528 2163 583 Poenas
2195 529 2285 582 dat
2320 528 2546 581 libertus
2575 529 2665 598 qui
2691 527 2904 598 patroni
2937 527 3020 581 sui
3062 526 3199 580 filios
3229 540 3338 581 non
3375 528 3479 578 lio-

212 617 413 677 παῖδας
445 617 536 668 τοῦ
574 617 702 670 ἰδίου
743 618 1024 686 πάτρωνος
1054 635 1066 647 ·
1095 621 1121 672 6
1151 621 1206 674 δὲ
1240 621 1480 693 ὑϐρίζων
1535 622 1794 675 καταδουο

211 706 401 760 λοῦται
443 709 536 760 ὑπ’
568 709 732 763 αὑτοῦ
769 711 842 772 ὼς
870 712 1187 780 ἀχάριστος.

286 801 393 850 Τὸν
436 801 735 868 πενόμενον
784 799 1042 868 πάτρωνα
1087 801 1462 869 ἀναγκάζεται
1494 803 1715 872 τρέφειν
1769 821 1794 854 ο

209 891 604 961 ἀπελεύθερος.

474 983 722 1035 ΚΕΦΑΛ.
780 983 856 1034 IB'
895 981 1068 1055 [lA'].
1120 983 1253 1050 Περὶ
1287 982 1538 1049 δωρεῶν.

901 1076 1106 1141 Νόμοι.

287 1167 449 1218 Πᾶσα
470 1166 648 1236 δωρεὰ
689 1166 867 1218 τελεία
895 1168 1165 1236 γενομινη
1201 1167 1301 1219 οὐκ
1329 1167 1720 1237 ἀνατρέπεται,
1748 1165 1793 1216 εἰ

215 1259 292 1327 μὴ
331 1260 387 1324 ἐξ
421 1260 770 1330 ἀχαριστίας.

301 1351 430 1402 Ἐὰν
455 1353 482 1403 6
510 1353 609 1420 τὴν
642 1351 851 1421 δωρεὰν
875 1348 1112 1420 εἰληφὼς
1177 1351 1470 1421 ἀχάριστος
1502 1349 1642 1416 ὀφθῇ
1669 1351 1794 1417 περ)⁵

213 1441 306 1492 τῆν
343 1441 754 1511 δωρησάμενον,
804 1441 1019 1501 σκαιαῖς
1066 1440 1188 1492 κατ’
1245 1439 1410 1492 αὑτοῦ
1448 1437 1794 1507 χρησάμενος

215 1532 466 1600 ὕϐρεσιν,
493 1531 524 1600 ἢ
551 1535 738 1600 χεῖρας
772 1532 992 1593 ἀδίκους
1019 1533 1294 1602 ἐπαγάγῃ,
1329 1530 1360 1598 ἢ
1399 1529 1602 1598 ζημίαν
1638 1529 1793 1597 μεγίο

215 1641 352 1693 στην
379 1626 673 1694 ἐπενέγκῃ,
707 1623 738 1692 ἦ
769 1624 849 1686 είς·
869 1626 967 1692 τὴν
996 1624 1137 1692 ζωὴν
1173 1614 1615 1692 ὲπῖὁουλεύσῃ,ἢ
1644 1623 1707 1673 τα
1737 1621 1794 1670 ἑν

211 1721 280 1787 τῇ
309 1718 487 1786 δωρεᾷ
509 1717 685 1768 πάντα
717 1717 826 1768 εῖςε
852 1717 1146 1785 ἐγγράφως
1176 1714 1208 1784 ἢ
1240 1716 1499 1784 ἀγράφως
1533 1713 1794 1780 γεγονότα

215 1811 293 1878 μὴ
329 1809 615 1879 πληρώσῃ,
649 1809 748 1878 μία
782 1809 890 1878 γὰρ
932 1811 995 1861 ὲκ
1033 1808 1242 1860 τούτων
1285 1808 1393 1859 τῶν
1443 1806 1635 1858 αἰτιῶν
1699 1805 1793 1856 ἐὰν

1898 628 2079 672 norat.
2110 618 2212 683 Qui
2245 633 2372 671 vero
2409 633 2502 671 eos
2554 619 2883 673 contumelia
2911 618 3093 679 afficit,
3139 627 3196 671 ut
3227 619 3470 688 ingratus

1903 710 1956 762 in
1992 711 2315 764 servitutem
2343 710 2410 763 ab
2442 725 2506 762 eo
2532 709 2835 764 reducitur.

1973 798 2225 856 Libertus
2270 811 2562 871 patronum
2615 817 2908 870 pauperem
2957 802 3200 856 enutrirc
3236 801 3474 872 cOgitur.

2162 985 2314 1040 CAP.
2351 985 2441 1038 XII
2474 985 2659 1057 [XIV].
2691 985 2767 1038 De
2802 982 3196 1038 donationibus.

2611 1076 2793 1145 Leges.

1967 1167 2159 1222 Omnis
2197 1167 2445 1230 donatio,
2504 1169 2550 1222 si
2615 1169 2854 1235 perfecta
2911 1166 3097 1234 fuerit,
3152 1181 3259 1225 non
3318 1184 3476 1222 revo-

1899 1268 2080 1323 catur,
2117 1259 2224 1312 nisi
2266 1259 2683 1326 ingratitudinis
2718 1274 2903 1313 causa.

1973 1347 2028 1402 Si
2061 1350 2153 1416 qui
2175 1349 2380 1403 donum
2404 1351 2705 1420 acceperit,
2737 1366 2864 1419 erga
2893 1351 3190 1423 donantem
3223 1353 3474 1422 ingratus

1900 1439 2168 1504 videatur,
2214 1451 2426 1495 atroces
2465 1443 2519 1495 in
2579 1458 2704 1496 eum
2745 1443 2981 1510 injurias
3033 1441 3341 1508 effundens,
3390 1445 3475 1499 vel

1902 1547 2098 1586 manus
2123 1532 2357 1600 injustas
2394 1534 2442 1587 ei
2466 1536 2732 1598 intulerit,
2760 1545 2855 1589 aut
2880 1538 3140 1590 damnum
3192 1553 3356 1606 grave
3393 1539 3478 1591 in-

1900 1623 2117 1687 flixerit,
2161 1625 2244 1679 vel
2278 1627 2400 1680 vita:
2455 1627 2743 1682 insidiatus
2787 1628 2970 1689 fuerit,
3004 1631 3088 1683 vel
3134 1630 3318 1682 omnia
3356 1643 3480 1699 qua

1901 1718 1952 1768 in
2000 1717 2298 1772 donatione
2333 1719 2450 1772 sive
2485 1719 2708 1787 scriptis
2755 1719 2836 1772 vel
2887 1719 3006 1772 sine
3048 1719 3269 1787 scriptis
3315 1729 3472 1788 pacta

1899 1816 2048 1874 sunt,
2084 1823 2193 1862 non
2228 1808 2437 1876 fecerit,
2491 1812 2536 1865 si
2586 1826 2694 1864 una
2733 1825 2799 1864 ex
2843 1810 2928 1864 his
2957 1812 3140 1864 causis
3181 1811 3234 1864 in
3267 1811 3473 1879 judicio

214 1903 272 1952 ὲν
327 1878 660 1970 δικαστηρίῳ
700 1899 840 1952 κατά
877 1899 1136 1952 σύστασιν
1184 1899 1434 1968 φανερῶς
1464 1897 1785 1968 ἀποδειχθῇ,

1901 1915 1998 1968 per
2021 1903 2386 1957 assertionem
2411 1912 2596 1973 aperte
2633 1902 2916 1972 probetur,
2951 1899 3109 1956 facta:
3143 1878 3472 1958 donationes

215 1991 726 2060 ἁνατραπέσθωσαν
754 1993 806 2044 αί
842 1993 1137 2062 γενόμεναι
1157 1992 1378 2061 δωρεαί.

287 2084 425 2136 Οὔτε
460 2082 679 2152 ἄνηϐος,
733 2081 856 2136 οὔτε
890 2085 1051 2145 ἄνους
1084 2084 1313 2137 δύναται
1366 2081 1692 2150 δωρεῖσθαι·
1736 2084 1795 2136 ἐν

214 2177 394 2228 οᾷδενὶ
424 2177 532 2245 γὰρ
563 2176 768 2228 τούτων
805 2177 926 2228 ἐστὶ
956 2176 1233 2245 βούλησις.

301 2268 430 2320 Ἐὰν
471 2267 765 2336 χαρίσηταί
815 2286 896 2329 τις
924 2267 1127 2336 ἀφήλιξ
1177 2267 1285 2319 τινὶ
1321 2268 1554 2336 πρᾶγμα
1601 2265 1788 2328 αὐτοῦ,

212 2358 468 2422 δύναται,
498 2359 636 2427 μετά
660 2359 719 2410 τδ
751 2360 1043 2429 παρελθεῖν
1063 2359 1132 2412 τὰ
1155 2358 1230 2412 κε’
1255 2359 1372 2427 ἔτη,
1401 2358 1551 2417 ἐντὸς
1569 2375 1792 2426 τετραε-

211 2453 336 2513 τίας
369 2453 590 2521 ἀγωγὴν
618 2454 912 2518 ποιεῖσθαι,
953 2454 1047 2506 καὶ
1083 2453 1145 2506 τὺ
1169 2455 1370 2506 οἰκεῖον
1401 2451 1790 2520 ἐπαναλαμϐά-

210 2560 328 2595 νειν
361 2545 616 2612 πρᾶγμα.

284 2635 356 2687 Εῖ
377 2652 457 2697 τις
492 2635 700 2706 δωρεὰν
728 2637 967 2706 ἀμετρον
996 2637 1076 2701 εἷς
1126 2654 1248 2690 τινα
1282 2637 1314 2707 ἧ
1344 2654 1491 2698 τινας
1522 2636 1629 2690 τῶν
1662 2633 1789 2688 παίο

209 2726 322 2778 δων
353 2725 658 2794 ποιήσαιτο,
683 2727 928 2793 ἀνάγκην
957 2727 1070 2796 ἔχει
1097 2729 1153 2779 ὲν
1177 2730 1239 2797 τῇ
1268 2727 1498 2794 διανομῇ
1526 2725 1621 2776 τοῦ
1651 2725 1788 2794 κλή-

214 2833 336 2884 ρου,
364 2817 617 2870 τοσοῦτον
651 2818 870 2886 ἑκάστῳ
904 2817 1012 2869 τῶν
1062 2818 1266 2871 παίδων
1311 2818 1600 2884 φυλάττειν
1631 2815 1688 2866 τὸ
1722 2816 1787 2866 ὲκ

209 2907 306 2959 τοῦ
361 2908 526 2977 νόμου
571 2910 758 2978 μέρος,
815 2911 937 2962 ὅσον
986 2905 1054 2979 ἦν
1100 2911 1227 2978 πρὶν
1287 2910 1320 2977 ἢ
1377 2908 1478 2977 τὴν
1525 2906 1786 2976 δωρεὰνό

209 2998 399 3068 πατὴρ
454 3000 534 3060 είς
591 3002 714 3063 τοὺς
749 2999 940 3062 παῖδας
997 3001 1124 3062 τοὺς
1179 2999 1349 3070 ταύτῃ
1384 3000 1784 3068 τετιμημένους

207 3087 528 3156 ποιήσαιτο.

561 3180 749 3232 ΑΡΧΗ
791 3181 927 3234 ΤΟΥ
966 3183 1005 3236 Ε
1047 3181 1431 3234 ΣΤΟΙΧΕΙΟΥ.

583 3273 838 3326 ΚΕΦΑΛ.
874 3273 954 3327 Α’.
993 3275 1131 3341 Περὶ
1161 3275 1406 3340 ἐγγύης.

316 3365 361 3417 Ο
396 3364 494 3432 μὲν
520 3371 564 3417 κ’
602 3366 710 3416 τῶν
759 3366 933 3432 ἁγίων
976 3367 1292 3418 ἀποστόλων
1355 3365 1556 3427 κανὼν,
1617 3365 1784 3432 μηδὲν

208 3458 344 3525 περὶ
379 3457 645 3524 διαφορᾶς
677 3457 880 3524 ἐγγύης
928 3457 1394 3524 διαστειλάμενος,
1440 3457 1787 3527 ἀπροσδιορί-

209 3558 358 3608 στως
404 3549 618 3600 κελεύει
652 3550 743 3600 τδν
795 3548 999 3615 ἐγγύας
1029 3549 1242 3601 διδόντα
1293 3549 1554 3617 κληρικὸν
1587 3549 1786 3601 καθαι-

213 3638 450 3705 ρεῖσθαι.
478 3638 671 3690 Δίδωσι
699 3639 756 3690 δέ
778 3655 862 3701 τις
893 3638 1097 3706 ἐγγύας
1127 3640 1158 3708 ἢ
1184 3639 1324 3707 ὑπὲρ
1355 3639 1570 3704 ἑαυτοῦ,
1591 3640 1623 3709 ἢ
1647 3641 1785 3710 ὑπὲρ

208 3727 374 3780 ἄλλον
399 3743 413 3756 ·
450 3731 540 3780 καὶ
571 3730 620 3780 εί
657 3731 757 3798 μὲν
785 3731 862 3792 είς
913 3731 1270 3799 δικαστήριον
1306 3732 1494 3800 ἀχθεὶς
1530 3732 1556 3782 6
1590 3733 1782 3800 κληρι-

211 3821 329 3884 κὸς,
357 3823 445 3872 καὶ
482 3821 687 3888 ἐγγύας
718 3824 1183 3891 είσπραττόμενος
1221 3823 1362 3892 δοίη,
1415 3824 1509 3876 τοῦ
1545 3825 1618 3893 μὴ
1647 3827 1782 3876 ἁπο-

209 3915 404 3980 δρᾶ-και
434 3915 612 3982 τυχὸν,
641 3913 794 3965 οὐδὲν
828 3914 958 3984 περὶ
994 3917 1054 3966 τὸ
1085 3916 1286 3967 οἰκεῖον
1318 3916 1534 3986 ἀξίωμα
1569 3917 1782 3986 ζημιω-

209 4005 459 4075 ϐήσεται.

294 4098 449 4149 Ἐπεὶ
477 4099 568 4150 καὶ
606 4101 652 4151 oi
695 4101 751 4151 ὲν
791 4103 858 4170 τῇ
908 4100 1267 4171 οίκουμενικῇ
1305 4102 1540 4172 τετάρτη
1577 4104 1780 4174 συνόδῳ

208 4189 348 4240 θεῖοι
373 4189 634 4259 Πατέρες,
660 4191 753 4261 (ὡς
780 4192 808 4242 6
838 4189 881 4243 λ’
913 4193 1084 4261 αὐτῆς
1112 4193 1336 4256 διέξεισι
1357 4196 1582 4265 κανὼν),
1608 4199 1698 4248 καὶ
1734 4199 1780 4247 οί

209 4281 463 4342 συνόντες
487 4281 698 4344 τούτοις
728 4285 790 4334 ὲκ
814 4284 913 4352 τῆς
942 4285 1278 4354 συγκλήτου,
1310 4287 1536 4353 ὲγγύας;
1565 4287 1780 4357 ἀπῄτη-

210 4389 314 4423 σαν
345 4376 469 4434 τοὺς
509 4373 600 4426 ἀπ’
630 4375 908 4442 Αἰγύπτου
941 4377 1277 4440 ἐπισκόπους
1321 4380 1645 4448 προσεδρίας
1683 4382 1779 4448 χά-

210 4482 321 4534 ριν,
351 4466 381 4534 ἧ
407 4467 612 4518 τούτων
663 4469 1029 4537 ἀποροῦντας,
1064 4469 1367 4538 ἐξωμοσίαν
1419 4471 1774 4538 ποιήσασθαι,

1812 3212 1859 3273 C

1901 2005 2244 2046 revocentur.

1968 2081 2153 2151 Neque
2184 2085 2459 2152 impubes,
2487 2101 2588 2140 nec
2619 2087 2849 2141 insanus
2876 2091 3088 2141 donare
3130 2093 3382 2154 possunt,
3411 2085 3470 2140 in

1899 2180 2092 2226 neutro
2127 2175 2274 2227 enim
2308 2189 2496 2229 eorum
2526 2179 2778 2232 voluntas
2814 2187 2920 2232 est.

1969 2264 2027 2318 Si
2061 2267 2240 2321 minor
2283 2268 2486 2337 aliquid
2515 2285 2582 2323 ex
2623 2270 2787 2324 rebus
2819 2271 2935 2325 suis
2967 2270 3133 2324 alicui
3161 2271 3466 2328 donaverit.

1895 2362 2019 2420 post
2065 2355 2247 2422 lapsos
2285 2355 2354 2407 25
2398 2373 2596 2421 annos,
2655 2359 2799 2412 intra
2841 2360 3268 2428 quadriennium
3298 2363 3470 2416 actio-

1897 2457 2019 2495 nem
2055 2458 2298 2509 movere,
2339 2455 2390 2499 et
2427 2463 2538 2500 rem
2572 2462 2727 2501 suam
2763 2464 3088 2519 recuperare
3118 2459 3320 2519 potest.

1967 2625 2020 2678 Si
2050 2626 2174 2695 quis
2197 2622 2546 2684 donationem
2587 2632 2704 2686 sine
2738 2647 2997 2686 mensura
3021 2633 3187 2687 alicui
3239 2635 3323 2686 vel
3364 2631 3467 2686 aii-

1891 2717 2092 2784 quibus
2115 2735 2177 2772 ex
2207 2720 2332 2774 filiis
2365 2722 2576 2785 fecerit,
2624 2739 2846 2779 necesse
2873 2726 3038 2779 habet
3071 2726 3122 2778 in
3155 2727 3323 2780 sortis
3347 2729 3467 2780 dis-

1892 2808 2194 2865 tributione
2243 2820 2449 2867 tantam
2521 2827 2732 2884 partem
2792 2832 2891 2885 pro
2944 2819 3193 2886 quolibet
3241 2820 3352 2872 lilio
3395 2834 3462 2874 es

1890 2901 2278 2958 distributione
2323 2921 2666 2970 conservare,
2729 2919 2932 2978 quanta
2989 2919 3126 2972 erat,
3160 2918 3461 2981 antequam

1890 3000 2043 3059 pater
2070 2993 2420 3049 donationem
2459 2997 2582 3051 fiiiis
2617 3013 2678 3051 ea
2715 3000 2936 3052 donatis
2975 3000 3197 3054 fecerat.

2159 3175 2319 3245 109
2382 3175 2646 3232 INtrtuu
2703 3178 3029 3235 LlTTER/E
3089 3183 3150 3238 Ε.

2327 3269 2475 3324 CAP.
2506 3271 2542 3325 Ι.
2581 3273 2652 3324 De
2678 3274 3032 3341 ﬁtlejussione.

1960 3361 2148 3416 Canon
2173 3363 2242 3415 20
2270 3372 2446 3419 sanet.
2475 3368 2871 3432 apostolorum,
2901 3369 3040 3422 inter
3057 3369 3302 3425 diversas
3331 3368 3464 3424 tide-

1885 3457 2170 3525 jussiones
2207 3455 2342 3507 nihil
2400 3456 2766 3524 distinguens,
2805 3459 3086 3515 indetinite
3115 3461 3294 3529 jubet,
3345 3466 3461 3519 cleo

1891 3550 2066 3602 ricunt
2093 3548 2476 3614 fidejubentem
2499 3547 2716 3620 deponi.
2746 3549 3031 3620 Fidejubet
3051 3565 3232 3607 autem
3259 3557 3459 3626 aliquis

1889 3641 1974 3692 vel
2006 3655 2103 3708 pro
2131 3655 2213 3703 se,
2245 3639 2327 3692 vel
2353 3655 2449 3707 pro
2491 3642 2636 3706 alio;
2672 3655 2725 3695 et
2749 3644 2984 3699 clericus
3013 3646 3058 3699 si
3096 3647 3158 3698 ad
3185 3648 3457 3713 judicium

1890 3734 2107 3796 ductus,
2138 3735 2561 3789 satisdationem
2597 3745 2838 3799 coat'tus,
2873 3747 3110 3805 praestet,
3151 3739 3288 3793 forte
3311 3742 3459 3810 quod

1891 3840 1996 3876 non
2042 3823 2306 3893 aufugiet,
2352 3825 2418 3880 de
2468 3825 2732 3893 dignitate
2764 3841 2861 3881 sua
2901 3828 2951 3880 iu
2997 3830 3300 3896 periculum
3348 3847 3456 3886 non

1889 3929 2088 3970 ventct.

1967 4101 2418 4172 Quandoquidem
2457 4104 2508 4154 in
2540 4103 2874 4156 mcumenica
2903 4117 3094 4170 quarta
3132 4107 3341 4174 synodo
3371 4109 3458 4162 dia

1888 4197 1998 4250 vini
2030 4195 2240 4256 Patres,
2275 4191 2440 4261 (sicut
2469 4191 2537 4245 50
2555 4206 2733 4245 canon
2767 4192 3312 4263 demonstrauetqui
3351 4214 3456 4249 una

1884 4305 1951 4344 ex
1993 4297 2184 4340 senatu
2218 4290 2608 4348 convenerant,
2629 4282 2696 4334 ab
2733 4282 3004 4351 Aigyptiis
3032 4286 3302 4354 episcopis
3329 4288 3457 4340 fide-

1880 4377 2378 4448 jussionesjudicio
2402 4375 2812 4430 sistendicausa
2855 4378 3160 4445 exigebant,
3193 4383 3274 4433 vel
3299 4383 3365 4433 ab
3391 4384 3456 4434 iis

1884 4472 1976 4539 qui
2002 4469 2456 4522 satisdationibus
2475 4467 2930 4530 destituebantur,
2956 4468 3253 4535 jurameuti
3273 4488 3458 4526 susce-

210 4557 505 4627 ὑπέρθεσιν
529 4558 821 4628 ζητοῦντας
849 4560 1062 4630 καιροῦ,
1088 4563 1180 4612 καὶ
1211 4561 1361 4612 οὐδὲν
1383 4561 1556 4612 οὐδενὶ
1581 4560 1776 4629 βλάόος

1890 4560 2149 4629 ptionem,
2180 4560 2308 4612 dum
2337 4568 2548 4626 tempus
2565 4558 2842 4609 dilationis
2863 4569 3136 4625 quaerunt,
3159 4561 3338 4613 nullus
3357 4578 3456 4615 ex-

207 4651 273 4700 ὲκ
325 4649 516 4701 τούτου
551 4651 874 4719 γεγένηταιο
911 4652 1261 4720 τρισκαίδεκα
1293 4653 1402 4721 γὰρ
1461 4652 1612 4714 ὄντες
1647 4655 1695 4704 oi
1723 4653 1782 4715 ἐξ

208 4742 489 4809 Αἰγύπτου
516 4747 812 4812 ἀρχιερεῖς,
841 4745 1163 4812 γράμμασιν
1194 4744 1292 4794 οὐκ
1317 4744 1594 4794 ἐπείθοντο
1623 4744 1688 4793 τὰ
1714 4746 1780 4812 τῇ

206 4836 342 4904 ἁγία
371 4836 806 4903 δογματισθέντα
847 4836 1047 4905 συνόδῳ
1075 4836 1559 4904 ὑποσημήνασθαι,
1594 4836 1638 4886 εί
1686 4837 1780 4887 καὶ

205 4928 336 4988 τοὺς
367 4929 491 4995 περὶ
523 4927 614 4978 τὸν
675 4928 967 4996 Διόσκορον
1010 4929 1101 4979 καὶ
1144 4928 1388 4996 Εὑτυχέα
1423 4928 1642 4995 συνάμα
1672 4930 1780 4990 τοῖς

207 5019 389 5079 ἄλλοις
420 5019 496 5088 τῷ
527 5019 824 5084 ἀναθέματι
853 5021 1233 5073 καθυπὲὁαλον
1256 5036 1271 5050 ·
1300 5020 1650 5094 παρῃτοξντο
1672 5021 1781 5089 γὰρ

206 5112 306 5178 οὐχ
329 5110 402 5172 ὡς
433 5113 872 5180 ἀπαρεσκόμενοι
895 5115 1007 5173 τοῖς
1041 5113 1360 5181 δρωμένοις,
1395 5112 1529 5163 ἀλλά
1555 5112 1628 5178 τῷ
1661 5112 1781 5173 ἔθος

208 5202 376 5268 ἔχειν,
414 5201 486 5261 ὡς
519 5201 724 5267 ἔλεγον,
752 5203 919 5270 μηδέν
950 5221 999 5254 τι
1027 5205 1292 5271 πράττειν
1324 5203 1780 5270 ἐκκλησιαστικὸν

210 5291 338 5359 δίχα
373 5292 724 5360 ῖνώμη;·“τοῦ
756 5294 906 5360 σφῶν
942 5279 1132 5346 αὐτόν
1157 5294 1524 5361 πατριάρχου,
1557 5293 1651 5346 τοῦ
1681 5294 1780 5360 τῆς

221 5381 631 5453 Ἀλεξανδρείας
669 5384 889 5452 δηλαδὴ,
924 5377 984 5434 οὗ
1021 5384 1321 5454 τηνικαῦτα
1357 5385 1385 5435 6
1412 5386 1601 5452 θρόνος
1633 5387 1779 5436 ἐκεῖ·

211 5491 300 5527 νος
336 5475 582 5542 χηρεύων
629 5472 717 5544 ἦν.
755 5467 969 5544 Ἀμέλει
1002 5477 1117 5556 καὶ.
1145 5479 1337 5545 καιρὸν
1377 5478 1600 5546 ᾐτοῦντο
1629 5478 1779 5546 σφίσι

211 5568 433 5634 δοθῆναι
459 5570 649 5636 μέχρις
683 5569 748 5620 ἂν
779 5569 1190 5639 Ἀλεξανδρείας
1212 5571 1510 5632 ἐπίσκοπος
1532 5573 1776 5638 γένηται.

214 5659 322 5711 Καὶ
351 5661 399 5709 oi
437 5659 532 5726 μὲν
567 5661 663 5728 τῆς
689 5663 906 5714 συνόδου
929 5662 1062 5713 θεῖοι
1096 5663 1357 5730 Πατέρες,
1385 5663 1479 5728 τὴν
1511 5664 1780 5730 ἀναϐολὴν

211 5750 630 5815 ὑποπτεύοντες,
666 5746 768 5802 οἶοί
804 5769 861 5803 τε
893 5749 1032 5820 ἦσαν
1075 5755 1397 5818 καθαίρεσιν
1425 5756 1647 5807 ἐκείνων
1681 5772 1778 5808 κα-

209 5841 641 5909 τιιξηφίσασοαι.
687 5845 747 5895 υι
787 5843 842 5894 δὲ
873 5845 968 5912 τῆς
1005 5846 1534 5916 συγκλήτου-μένειν
1582 5847 1777 5910 αὐτοὺς

531 5938 796 5997 Pnnoc.
830 5939 947 6001 GR.
989 5941 1089 6000 CX
1106 5941 1251 6000 Lli'.

1891 4653 2016 4706 inde
2033 4654 2292 4705 damnum
2317 4650 2532 4718 aliquod
2560 4651 2843 4703 sustinuit.
2865 4649 3000 4704 Cum
3021 4652 3165 4703 enim
3195 4654 3455 4707 tredecim

1887 4751 2150 4796 essentex
2173 4740 2403 4809 [Egypto
2431 4739 2727 4802 antistites,
2760 4740 3052 4793 noluerunt
3071 4757 3238 4809 quam
3263 4754 3456 4798 sancta

1888 4835 2097 4901 synodo
2131 4834 2554 4896 definiebantur,
2591 4835 2808 4902 scriptis
2832 4833 3180 4897 confirmare,
3202 4837 3458 4904 quamvis

1889 4929 2211 4982 Dioscorum
2232 4935 2286 4979 et
2303 4925 2655 4993 Eutychetem
2677 4939 2798 4978 cum
2818 4925 2940 4978 aliis
2958 4927 3295 4981 anathemati
3319 4929 3453 4981 sub-

1881 5016 2134 5084 jicerent.
2157 5015 2212 5068 id
2234 5015 2377 5068 enim
2403 5024 2747 5079 recusarunt,
2771 5031 2875 5069 non
2906 5017 3049 5083 quod
3073 5031 3134 5068 ea
3157 5031 3278 5084 qua:
3308 5019 3453 5070 facta

1883 5115 2038 5157 erant
2088 5106 2268 5157 minus
2302 5106 2612 5172 probarent,
2651 5104 2744 5157 sed
2776 5106 2921 5172 quod
2970 5107 3448 5170 consuetudinem,

1887 5209 1943 5249 ut
1983 5195 2222 5260 ait-bant,
2259 5197 2541 5259 haberent,
2597 5195 2734 5246 nihil
2765 5196 2830 5248 de
2869 5197 3031 5249 rebus
3067 5197 3454 5252 ecclesiasticis

1885 5293 2216 5342 constituere
2245 5287 2555 5340 inconsulto
2583 5287 2890 5355 patriarcha
2923 5305 3048 5352 suo,
3080 5291 3452 5344 Alexandrino

1884 5383 2113 5445 scilicet,
2152 5382 2309 5449 cujus
2337 5389 2462 5433 tunc
2501 5379 2764 5448 temporis
2814 5382 3043 5434 thronus
3071 5397 3277 5436 vacuus
3310 5393 3452 5436 erat.

1884 5473 2123 5541 Tempus
2177 5474 2359 5541 itaque
2390 5473 2492 5527 sibi
2536 5474 2652 5525 dari
2698 5472 3067 5541 postulabant,
3117 5473 3292 5527 donec
3339 5475 3455 5542 epi-

1884 5580 2085 5632 scopus
2110 5566 2508 5620 Alexandrinus
2533 5565 2708 5618 factus
2735 5574 2898 5617 esset.
2935 5563 3129 5618 Ver-unt
3160 5567 3348 5634 synodi
3373 5567 3453 5618 di-

1884 5661 1992 5713 vini
2014 5660 2200 5713 Patres
2223 5660 2627 5712 cunctationem
2651 5658 3017 5724 suspicantes,
3055 5657 3452 5725 depositionent

1883 5768 2074 5806 eorum
2116 5760 2444 5807 statuerunt.
2502 5753 2608 5805 Sed
2667 5762 2952 5804 senatores
2991 5766 3085 5802 eos
3134 5750 3187 5803 in
3227 5755 3452 5820 proprio

1892 5844 2079 5897 habitu
2113 5859 2334 5898 manere
2360 5853 2612 5913 oportere
2638 5843 2951 5906 censebant,
2987 5843 3029 5893 si
3061 5844 3446 5898 satisdationes

2983 5933 3056 5992 40
