4214 6434
763 396 899 459 1263

1944 397 2311 459 ΜΑΤΤῙΙΕΙ
2349 398 2776 459 BLASTARIS

3871 390 4006 457 135i

754 511 947 563 Nonne
996 523 1060 563 ex
1093 509 1194 563 hac
1242 523 1349 564 non
1383 507 1659 580 publicata
1705 516 1758 563 et
1807 525 2003 566 arcana
2041 514 2316 578 doctrina,
2350 525 2393 577 Α

2350 525 2393 577 Α
2422 531 2534 579 τος,
2563 516 2655 567 καὶ
2682 514 2743 565 τὸ
2775 513 2953 564 ἔλαιον
2988 510 3084 580 τῆς
3118 511 3371 582 χρῖσεως,
3413 510 3506 565 καὶ
3556 508 3780 580 προσέτι
3833 512 4003 563 αὑτὸν

752 617 918 670 quam
955 602 1006 654 in
1038 601 1263 655 minime
1284 602 1503 669 curioso
1529 612 1583 656 et
1628 618 1967 673 nequaquam
1996 606 2116 674 plus
2146 621 2311 675 quam

752 703 969 759 oportet
1024 693 1384 761 investigante
1414 694 1632 749 silentio
1688 694 1876 751 Patres
1908 698 2310 761 custodierunt,

753 796 899 838 recte
927 784 1002 836 illi
1036 783 1214 837 edocti
1259 799 1379 852 qua:
1410 793 1536 839 sunt
1562 785 1615 838 in
1665 788 1939 856 mysteriis
1970 789 2226 856 praeclara
2258 798 2313 843 et

752 875 1051 929 veneranda
1084 875 1300 930 silentio
1325 879 1582 932 servare?
1615 878 1746 943 Qua:
1775 880 1916 933 enim
1950 896 2015 933 ne
2042 881 2310 949 suspicari

747 968 964 1034 quidem
1019 967 1143 1020 licet
1195 968 1260 1020 lis
1293 968 1384 1035 qui
1425 982 1531 1021 non
1587 977 1713 1022 sunt
1765 970 2035 1040 mysteriis
2085 970 2307 1033 initiati,

747 1058 1024 1124 quomodo
1083 1067 1517 1113 t'onsentaneum
1550 1071 1636 1114 est
1689 1075 1876 1114 eorum
1909 1061 2214 1115 doctrinam
2254 1063 2307 1115 iu

747 1151 966 1220 scriptis
1028 1149 1406 1218 triumphare?
1467 1150 1591 1204 Haec
1646 1159 1728 1204 est
1789 1167 1975 1205 eorum
2026 1166 2146 1221 quae
2199 1166 2307 1205 non

747 1242 948 1309 scripta
981 1248 1107 1293 sunt
1133 1239 1440 1293 traditionis
1485 1241 1644 1303 ratio,
1699 1250 1757 1292 ut
1789 1255 1855 1293 ne
1890 1241 2088 1310 saepius
2108 1240 2307 1308 agitata

746 1337 1060 1399 dogmatum
1080 1330 1315 1400 cognitio
1335 1331 1519 1385 multis
1540 1330 1663 1383 vilis
1686 1344 1737 1384 et
1765 1332 2157 1387 centemnenda
2185 1330 2308 1384 red-

745 1426 905 1478 datur
961 1432 1180 1493 propter
1247 1423 1723 1477 consuetudinem.
1788 1423 1948 1477 Aliud
2010 1433 2093 1477 est
2157 1424 2303 1477 enim

747 1517 966 1584 dogma,
995 1527 1046 1569 et
1077 1514 1224 1567 aliud
1267 1514 1615 1582 prreilicatio;
1653 1516 1903 1581 do-émata
1950 1514 2096 1568 enim
2124 1523 2305 1568 tacen-

748 1615 857 1669 tur,
912 1603 1331 1672 pmilicationes
1391 1619 1518 1657 vero
1571 1604 1940 1672 publicantur.
1983 1603 2078 1658 Est
2124 1615 2304 1659 autem

743 1698 910 1751 etiam
938 1696 1141 1751 silentii
1175 1696 1385 1765 species
1415 1696 1745 1761 obscuritas,
1774 1712 1880 1765 qua
1912 1696 2084 1751 utitur
2116 1696 2303 1765 Scrip-

745 1800 886 1852 tura,
920 1803 1041 1857 qua!
1094 1786 1271 1840 reddit
1318 1790 1633 1855 dogmatum
1688 1788 2012 1841 sententiam
2064 1798 2303 1841 eontemv

2419 604 2509 657 τὸν
2542 603 2967 673 βαπτιζόμενον,
3030 602 3165 655 ἀλλὰ
3195 604 3292 656 καὶ
3344 602 3513 671 αὐτὴν
3560 602 3659 673 τὴν
3682 603 3778 656 τοῦ
3811 602 4002 656 ἐλαίου

2417 697 2618 766 χρίσιν,
2656 696 2751 748 καὶ
2777 698 2843 748 τὰ
2869 694 2969 747 ὅσα
2999 694 3129 762 περὶ
3162 694 3222 747 τὸ
3246 693 3529 764 βάπτισμα
3550 710 3565 727 ·
3593 694 3653 746 τὸ
3682 694 4002 747 ἀποτάσσεο

2417 788 2540 842 σθαι
2579 787 2655 857 τῷ
2683 788 2889 856 σατανᾷ
2946 786 3038 839 καὶ
3069 788 3180 849 τοῖς
3223 786 3477 853 ἀγγέλοις
3510 784 3699 850 αὐτοῦ,
3732 787 3800 838 ἐκ
3835 786 4001 848 ποίας

2414 877 2532 951 ἐστὶ
2564 878 2819 948 Γραφῆς;
2851 878 3037 930 οὐκέκ
3070 876 3168 944 τῆς
3201 876 3627 946 ἀδημοσιεύτου·
3654 877 3866 946 ταύτης
3908 877 4003 929 καὶ

2412 968 2727 1039 ἀπορρήτου
2777 967 3143 1033 διδασκαλίας,
3201 966 3269 1037 ἢν
3326 967 3384 1019 ὲν
3436 965 3999 1038 ἀπολυπραγμονήτῳ

2412 1058 2509 1112 καὶ
2576 1059 2895 1129 ἀπεριέργῳ
2932 1060 3137 1127 σιγῇ·ιὶ
3192 1057 3437 1128 Πατέρες
3484 1057 3644 1127 ἡμῶν
3696 1057 3999 1125 ἐφύλαξαν,

2413 1148 2590 1211 καλῶς
2616 1149 2811 1202 ἐκεῖνοι
2836 1148 3211 1216 δεδιδαγμένοι
3246 1148 3356 1201 τῶν
3392 1150 3709 1219 μυστηρίων
3730 1148 3803 1201 τὰ
3827 1148 4003 1216 σεμνά

2414 1240 2594 1308 σιωπῇ
2627 1238 3096 1302 διασώζεσθαι;⁴¹Α
3147 1238 3254 1307 γὰρ
3306 1238 3427 1291 οὑδέ
3467 1237 3794 1291 ἐποπτεύειν
3821 1236 4002 1299 ἔξεστι
4038 1282 4041 1285 .

2408 1330 2519 1390 τοῖς
2551 1330 2839 1397 ἀμυήτοις.
2873 1330 3063 1381 τούτου
3093 1326 3207 1390 πῶς
3228 1323 3296 1398 ἦν
3335 1328 3480 1389 εἰκὸς
3510 1327 3610 1398 τὴν
3640 1327 3999 1381 διδασκαλίαν

2410 1419 2766 1489 θριαμϐεύειν
2794 1421 2851 1470 ἐν
2876 1418 3241 1488 γράμμασιν;
3297 1410 3467 1478 Οὗτος
3500 1418 3528 1469 δ
3560 1417 3715 1484 λόγος
3746 1416 3851 1483 τῆς
3892 1416 3999 1467 τῶν

2407 1511 2673 1579 ἀγράφων
2704 1510 2844 1562 ἐθῶν
2894 1509 3268 1579 παραδόσεως,
3292 1509 3368 1571 ὡς
3405 1508 3481 1579 μὴ
3515 1507 3997 1576 καταμεληθεῖσα)

2408 1602 2516 1653 τῶν
2546 1600 2829 1672 δογμάτων
2853 1600 2950 1669 τὴν
2972 1600 3194 1668 γνῶσιν,
3223 1600 3696 1669 εὐκαταφρόνητον
3720 1602 3838 1659 τοῖς
3864 1597 3997 1649 πολ-

2407 1691 2518 1753 λοῖς
2549 1690 2809 1759 γενέσθαι
2858 1692 2948 1743 διὰ
2978 1690 3292 1760 συνήθειαν.
3321 1689 3483 1742 Ἀλλο
3512 1688 3611 1759 μὲν
3637 1689 3749 1757 γὰρ
3786 1688 3992 1754 δόγμα,

2416 1784 2511 1835 καὶ
2542 1782 2669 1836 ἀλλο
2690 1785 2972 1852 κήρυγμα.
3032 1782 3111 1833 Τὰ
3144 1782 3241 1851 μὲν
3272 1781 3378 1852 γὰρ
3407 1781 3655 1851 δόγματα
3692 1779 3993 1842 σιωπᾶται,

743 1881 893 1949 platu
945 1879 1245 1944 dilIicilem,
1293 1879 1357 1931 ad
1394 1895 1584 1933 eorum
1641 1880 1932 1933 utilitatem
1993 1880 2086 1949 qui
2150 1881 2201 1934 in
2244 1896 2307 1935 ea
2342 1856 2380 1913 Β

2342 1856 2380 1913 Β
2411 1875 2477 1928 τὰ
2514 1874 2569 1927 δέ
2598 1874 2933 1944 κηρύγματα
2990 1873 3413 1942 δημοσιεύεταιι
3474 1872 3686 1939 σιωπῆς
3737 1871 3796 1923 δὲ
3850 1866 3994 1931 εἶδος

741 1971 1016 2024 incidunt.
1070 1970 1212 2034 Quin
1258 1980 1309 2045 et
1360 1970 1716 2038 apostolicum
1761 1985 1882 2024 esse
1931 1970 2212 2035 existimo,
2253 1970 2310 2024 iu

742 2063 1283 2143 traditionibusumon
1320 2062 1552 2130 «scriptis
1622 2077 1960 2131 permanere.
2026 2062 2083 2115 lu
2132 2062 2307 2132 prima

740 2155 882 2208 enim
926 2154 1100 2223 Epist.
1156 2172 1221 2206 au
1275 2152 1792 2225 Thessalonicenses
1826 2171 1839 2206 :
1881 2174 1898 2203 ι
1931 2154 2080 2208 State
2117 2154 2303 2223 igitur,

743 2246 956 2305 fratres,
983 2253 1035 2296 et
1063 2241 1386 2295 traditiones
1416 2250 1653 2306 servate,
1702 2258 1841 2312 quas
1865 2243 2156 2303 didicistis.
2190 2244 2306 2300 sive

741 2351 835 2402 per
876 2346 1182 2395 sermones,
1233 2331 1351 2386 sive
1398 2346 1492 2399 per
1541 2323 1876 2401 epistolas.)
1944 2335 2055 2389 Iloc
2083 2336 2306 2404 insuper

744 2425 805 2479 ι).
847 2423 1275 2491 Chrysostomus
1306 2421 1630 2490 explicans:
1669 2421 1896 2487 Exinde,
1936 2422 2130 2491 inquit,
2190 2437 2305 2475 ma-

740 2515 998 2570 nifestum
1025 2522 1130 2578 est,
1150 2506 1319 2583 'quod
1355 2529 1463 2567 non
1495 2514 1682 2567 omnia
1705 2527 1811 2583 per
1840 2515 2104 2584 epistolas
2133 2514 2303 2569 tradi-

739 2608 956 2667 derunt,
996 2605 1087 2659 sed
1120 2604 1289 2657 multa
1320 2604 1440 2658 sine
1471 2604 1711 2674 scriptis.
1758 2604 2022 2661 Similiter
2051 2616 2156 2659 tam
2187 2605 2303 2659 haec

739 2713 901 2767 quam
942 2698 1032 2750 illa
1066 2697 1169 2750 lidc
1203 2697 1366 2762 digna
1421 2709 1567 2759 sunt,
1615 2706 1673 2751 ut
1737 2698 2083 2751 traditionem
2123 2698 2300 2772 eccleo

739 2789 1013 2843 siastiram
1077 2787 1179 2841 tide
1233 2787 1451 2856 dignam
1503 2802 1856 2855 censeamus;
1915 2789 2135 2844 traditio
2190 2798 2298 2857 est,

739 2881 874 2935 nihil
910 2879 1145 2950 amplius
1169 2894 1405 2949 (pueras.

1015 3145 1166 3200 CAP.
1196 3146 1285 3201 lli.
1312 3144 1386 3199 De
1415 3147 1640 3200 moribus
1679 3147 2018 3203 ercanicis.

810 3238 1197 3309 Sexagesimus
1230 3240 1506 3292 seruulus
1535 3254 1585 3291 vi
1619 3255 1742 3308 syn.
1776 3254 1897 3294 can.
1933 3238 2117 3293 ﬁdeles
2146 3237 2293 3293 Grae-
2324 3205 2374 3268 ο

736 3328 942 3383 cauicis
997 3328 1242 3381 moribus
1289 3329 1471 3388 inn.ti,
1502 3329 1863 3396 perniciosum
1898 3328 2067 3382 ducit.
2105 3327 2301 3383 Kalen-

734 3422 832 3474 das
863 3421 1065 3487 itaque,
1096 3418 1333 3480 et_Bota,
1356 3429 1408 3471 et
1438 3418 1733 3480 Brunialia,
1765 3428 1817 3472 et
1848 3419 2159 3487 huiusmodi
2195 3419 2299 3473 alia

736 3514 985 3568 meminit
1045 3515 1098 3566 in
1140 3513 1339 3581 quibus
1397 3510 1570 3566 Graeci
1610 3513 1869 3582 mysteria
1901 3513 2176 3566 celebrare
2206 3527 2300 3568 so-

736 3608 939 3661 lebant.
980 3604 1045 3657 Et
1101 3605 1301 3658 festum
1353 3603 1573 3671 quidem
1628 3603 1991 3657 Kalendarum
2039 3604 2091 3657 in
2122 3604 2298 3672 prima

732 3696 974 3751 Januarii
1037 3698 1238 3749 mensis
1289 3695 1376 3748 die
1440 3695 1733 3763 quotannis
1784 3694 2183 3758 celebrabatur,
2234 3708 2298 3747 eo

733 3790 876 3858 quod
910 3799 1038 3842 tunc
1071 3789 1331 3856 temporis
1365 3790 1493 3840 luna
1523 3796 1836 3849 renovetur,
1870 3794 1924 3839 et
1956 3786 2075 3852 ejus
2105 3786 2299 3840 funda-

731 3890 976 3933 mentum
1032 3878 1229 3931 ahhiuc
1278 3877 1556 3941 statuitur,
1608 3877 1752 3945 quod
1790 3884 1959 3931 totum
2000 3885 2212 3945 tempus
2238 3890 2297 3931 se

728 3970 970 4038 jucunde
1027 3954 1403 4021 traitsaciuros
1449 3968 1856 4021 existimabant.
1911 3966 1968 4020 In
2020 3967 2125 4021 tria
2165 3980 2296 4021 vero

732 4062 1002 4114 mensium
1040 4058 1155 4111 dies
1211 4045 1515 4111 diviSeruut
1565 4058 1831 4110 liouiani:
1885 4057 2020 4111 alias
2076 4057 2296 4127 quidem

734 4150 1018 4204 Kalendas
1047 4151 1428 4229 nu‘minarunt,
1470 4150 1603 4202 alias
1631 4164 1759 4203 vero
1783 4147 1987 4211 Nonas,
2018 4149 2154 4202 alias
2203 4163 2300 4202 au-

735 4255 842 4297 tem
876 4244 1027 4295 l'lus.
1085 4241 1213 4293 Bota
1277 4239 1527 4315 equidem
1591 4238 1748 4303 Pani,
1794 4250 1849 4293 ut
1899 4240 2063 4294 habet
2094 4240 2297 4307 fabula,

732 4320 1078 4398 dedit-artrut,
1129 4320 1388 4409 tanquam
1449 4333 1741 4409 pecoribus
1772 4342 1824 4385 et
1869 4333 2061 4387 ovibus
2091 4335 2303 4402 prospi-

735 4431 919 4482 cienti.
952 4425 1228 4477 Bru’malia
1264 4436 1442 4477 autem
1475 4412 1837 4490 vei'Rusalia,
1878 4424 2040 4478 etiam
2077 4428 2235 4480 hodie
2269 4441 2298 4479 a

2415 1968 2513 2020 xui
2539 1968 2571 2035 ἡ
2599 1966 2861 2033 ἀσάφεια,
2954 1966 3151 2036 χρῆται
3178 1968 3211 2034 ἡ
3239 1964 3451 2035 ι’ραερὴ,
3484 1964 3863 2034 δυσθεώρητον
3888 1979 3992 2014 κα-

2411 2058 2825 2122 τασκευάζουσα
2855 2058 2959 2110 τῶν
2992 2057 3273 2126 δογμάτων
3304 2056 3394 2110 τὸν
3418 2056 3587 2143 ¹λαβὼν,
3624 2056 3762 2125 πρὸς
3794 2055 3856 2107 τὸ
3886 2054 3993 2106 τῶν

2413 2149 2852 2218 ἐντυγχανόντων
2881 2147 3158 2209 λυσιτελές
3184 2161 3198 2175 ⁵
3225 2148 3318 2200 καὶ
3339 2142 3698 2199 ἀποστολικὶν
3725 2146 3781 2198 δὲ
3815 2142 3991 2213 οἶμαι,

2408 2238 2468 2290 τὸ
2492 2241 2610 2299 ταῖς
2640 2240 2912 2306 ἀγράφοις
2947 2236 3283 2308 παραδόσεσι
3339 2227 3702 2305 παραμένειν.
3739 2236 3829 2288 Ἐν
3857 2234 3992 2303 γοῦν

2406 2331 2475 2399 τῇ
2508 2328 2646 2400 πρὸς
2698 2329 3112 2390 Θεσσαλονικεῖς
3160 2327 3376 2401 πρώτῃ,
3420 2329 3564 2399 Ἀρα
3593 2322 3707 2390 οὖν,
3734 2326 3988 2394 ἀδελφοὶ,

2358 2444 2363 2451 -
2410 2412 2637 2489 στήκετε
2669 2418 2761 2471 καὶ
2787 2421 3038 2489 κρατεῖτε
3066 2418 3165 2481 τὰς
3190 2415 3519 2488 παραδόσεις
3547 2418 3610 2480 ἃς
3641 2418 3988 2488 ἐδιδάχθητε,

2407 2512 2517 2564 εῖτε
2541 2510 2630 2564 διά
2667 2510 2862 2579 λόγων,
2917 2511 3028 2564 εἴτε
3083 2510 3149 2563 δι’
3183 2505 3512 2577 ἐίπιστολῶν,
3552 2510 3726 2563 τοῦτο
3768 2511 3938 2563 πάλιν
3962 2513 3991 2565 ὁ

2409 2603 2551 2666 θεῖος
2609 2602 2972 2672 ἐξηγούμενος
3020 2602 3428 2672 Χρυσόστομος,
3465 2601 3769 2667 Ἐντεῦθεν,
3823 2605 3988 2672 φησι,

2404 2694 2583 2764 δῆλον,
2620 2696 2700 2748 ὅτι
2733 2696 2793 2747 οὐ
2816 2695 2992 2747 πάντα
3015 2692 3084 2746 δι’
3118 2694 3407 2761 ἐπιστολῆς
3436 2693 3815 2762 παρεδίδοσαν,
3840 2692 3981 2744 ἀλλα

2403 2785 2572 2839 πολλά
2594 2785 2689 2840 καὶ
2726 2784 3007 2855 ἀγράφως.
3052 2783 3286 2853 Ὁμοίως
3316 2783 3371 2836 δὲ
3427 2784 3653 2836 κάκεῖνα
3686 2783 3779 2835 καὶ
3807 2781 3989 2835 ταῦτά

2404 2878 2552 2930 ἐστιν
2576 2874 2887 2941 ἀξιόπιστα,
2919 2874 3059 2927 ὥστε
3095 2873 3187 2927 καὶ
3218 2870 3315 2938 τὴν
3371 2872 3675 2941 παράδοσιν
3709 2872 3801 2941 τῆς
3852 2872 3983 2924 Ίικ-

2401 2969 2631 3041 κλησίας
2657 2967 2964 3033 ἀξιόπιστον
2984 2964 3264 3037 ἡγούμεθα
3281 2982 3293 2996 ο
3317 2964 3617 3033 παράδοσίς
3639 2965 3781 3029 ἐστι,
3808 2963 3981 3034 μηδὲν

2402 3063 2562 3116 πλέον
2593 3063 2763 3133 ζήτει.

2681 3157 2931 3212 ΚΕΦΔΛ.
2951 3157 3025 3212 Ι”.
3054 3159 3195 3226 Περὶ
3214 3153 3781 3223 ἐθῶνΈλληνικῶν.

2491 3246 2553 3303 Ὀ
2586 3246 2662 3312 ξδ’
2690 3248 2788 3316 τῆς
2818 3255 2871 3312 ς’
2930 3244 3144 3301 συνόδου
3190 3247 3370 3302 κανὼν
3400 3246 3462 3299 τὸ
3503 3246 3801 3316 ἐλληνικοῖς
3835 3241 3987 3296 ἔθεσι

2407 3340 2533 3403 τοὺς
2573 3342 2797 3401 πιστοὺς
2856 3340 3228 3411 προσανέχειν,
3280 3340 3388 3392 τῶν
3432 3337 3691 3407 ὀλεθρίων
3741 3337 3983 3405 ἡγεῖται.

2408 3432 2690 3492 Καλάνδας
2720 3431 2871 3499 γοῦν,
2906 3434 2997 3485 καὶ
3033 3432 3183 3500 βοτά,
3212 3433 3305 3484 καὶ
3335 3431 3657 3501 βρουμάλια,
3688 3430 3782 3482 καὶ
3804 3427 3987 3481 τοιαῦ-

2405 3541 2475 3578 τα
2507 3524 2775 3594 μέμνηται
2808 3522 2962 3585 ἅττα,
2997 3523 3055 3574 ἐν
3078 3516 3159 3585 οἷς
3196 3522 3416 3583 τελετάς
3445 3521 3597 3590 ἄγειν
3634 3522 3743 3582 τοῖς
3782 3519 3985 3588 Ἕλλη-

2410 3630 2493 3666 σιν
2525 3613 2745 3666 εἴθιστο.
2776 3614 2884 3665 Καὶ
2918 3615 2951 3682 ἡ
2981 3613 3079 3681 μὲν
3106 3612 3214 3665 τῶν
3242 3612 3518 3665 καλανδῶν
3561 3613 3725 3681 ἐορτὴ
3754 3611 3985 3679 ἐτησίως

2409 3705 2466 3756 ἐν
2500 3706 2567 3773 τῇ
2602 3702 2646 3757 α’
2700 3702 2792 3755 τοῦ
2837 3704 3167 3774 Ἰανουάριον
3220 3704 3449 3756 ἐτελεῖτο
3500 3705 3689 3772 μηνὸς,
3724 3701 3804 3772 τῷ
3831 3719 3985 3771 τηνι-

2409 3793 2583 3848 καῦτα
2612 3794 2708 3864 τὴν
2732 3796 2958 3869 σελήνην
2984 3794 3445 3858 ἁνακαινίζεσθαι,
3477 3794 3571 3848 καὶ
3603 3794 3695 3845 τὸν
3729 3793 3986 3863 θεμέλιον

2407 3886 2606 3956 ταύτης
2639 3872 2860 3939 αὐτόθεν
2880 3884 3228 3955 ψηφίζεσθαι,
3256 3886 3534 3955 οἰομένους
3573 3884 3692 3953 μετ’
3715 3884 3984 3953 εὐθυμίας

2408 3979 2498 4030 τδν
2526 3978 2645 4029 ὅλον
2669 3976 2875 4047 διάγειν
2905 3976 3115 4046 χρόνον.
3139 3977 3230 4039 Είς
3260 3976 3386 4045 τρία
3422 3976 3478 4028 δὲ
3506 3975 3729 4045 διῄρουν
3760 3977 3813 4028 οἰ
3853 3975 3984 4029 Ῥω-

2411 4072 2560 4140 μαῖοι
2588 4070 2694 4121 τῶν
2724 4050 2909 4139 μήν’ὦν
2939 4069 3034 4143 τὰς
3057 4070 3268 4140 ἡμέρας
3291 4086 3305 4099 ο
3339 4068 3433 4122 καὶ
3457 4069 3552 4132 τὰς
3572 4070 3669 4139 μὶν
3700 4068 3983 4137 ὠνόμαζον

2408 4158 2697 4222 καλάνδας,
2744 4161 2839 4221 τὰς
2871 4158 2949 4221 δὲ,
2987 4159 3208 4225 νόννας,
3264 4159 3360 4219 τάς
3387 4159 3465 4223 δὲ,
3502 4158 3696 4222 εἰδούς,
3745 4159 3816 4210 τὰ
3840 4158 3898 4210 δέ
3920 4175 3982 4225 γε

2410 4247 2537 4318 βοτά
2560 4248 2633 4316 τῷ
2668 4249 2820 4311 Πανὶ,
2845 4248 2919 4311 ὡς
2947 4250 2975 4300 ὁ
2996 4249 3156 4318 λῆρος
3191 4249 3325 4318 ἔχει,
3369 4250 3599 4313 ἀνεῖντο,
3627 4242 3714 4300 οἷα
3749 4248 3862 4301 τῶν
3892 4249 3981 4317 βο-

2407 4338 2537 4402 τῶν,
2578 4340 2694 4409 ἡτοι
2720 4338 2827 4390 τῶν
2863 4338 3148 4408 προϐάτων
3182 4339 3383 4409 ὲφόρῳ.
3413 4339 3492 4391 Td
3524 4340 3707 4407 μέντοι
3738 4338 3981 4408 βρουμά-

2407 4430 2494 4483 λια
2522 4430 2557 4499 ἢ
2590 4429 2865 4500 ρουσάλια,
2901 4431 2995 4482 καὶ
3028 4430 3087 4481 τὸ
3119 4430 3355 4498 τήμερον
3407 4424 3547 4481 εἶναι
3576 4429 3715 4497 μετὰ
3743 4429 3805 4480 τὸ
3828 4430 3983 4495 ἅγιον

738 4518 967 4572 rusticis
1009 4526 1130 4585 post
1165 4522 1412 4568 sanetum
1446 4498 1653 4569 Pascha
1688 4516 1955 4570 celebrari
1991 4518 2297 4582 viduantur,
2330 4548 2376 4603 υ

2330 4548 2376 4603 υ
2409 4498 2600 4590 Πάσχα
2632 4523 2688 4572 ἐν
2720 4522 2829 4581 τοῖς
2863 4520 3119 4589 ἀγρόταις
3156 4523 3422 4590 γενόμενα
3453 4521 3553 4573 ῖδοι
3599 4536 3682 4581 τις
3716 4519 3804 4582 ἂν,
3838 4520 3981 4586 ἅπερ

734 4627 855 4679 qua:
886 4609 1100 4663 llaccho
1135 4623 1163 4660 a
1214 4607 1417 4659 Gueeis
1453 4608 1717 4679 celebrata
1775 4607 2014 4660 fuerunt.
2044 4608 2298 4662 Bromius

734 4704 877 4755 (‘llilll
920 4702 1060 4768 apud
1096 4701 1217 4751 illos
1249 4708 1330 4750 est
1362 4699 1434 4750 illi
1477 4684 1797 4765 epithelutu.
1832 4699 1967 4751 Tolli
2000 4699 2163 4752 etiam
2188 4701 2301 4753 vult

735 4812 854 4847 can.
894 4804 946 4846 et
972 4794 1167 4845 festum
1197 4792 1247 4842 in
1278 4791 1448 4855 prima
1476 4790 1661 4864 Magis
1683 4792 1770 4843 die
1818 4790 2171 4855 celebratum,
2206 4806 2303 4859 pro

736 4887 861 4940 anni
904 4883 1087 4938 torsau
1149 4890 1534 4951 tempestatum
1576 4890 1630 4934 et
1661 4883 1806 4935 aeris
1839 4884 2141 4950 temperie;
2175 4898 2301 4937 nam

735 4978 982 5031 Graecum
1019 4985 1137 5028 erat
1170 4985 1220 5026 et
1250 4974 1372 5030 hoc.
1420 4973 1485 5025 lit
1508 4970 1793 5051 publicas‘
1820 4974 2109 5027 mulierum
2138 4975 2302 5028 salta-

736 5072 934 5129 tiones,
968 5076 1223 5132 tanquani
1261 5068 1332 5138 ad
1360 5049 1995 5142 libidiueuilescitantes,
2029 5066 2299 5133 prohibet;

735 5169 789 5209 et
816 5154 1133 5208 muliebrem
1172 5161 1371 5205 vestem
1397 5151 1571 5213 virus,
1606 5150 1685 5205 vel
1720 5163 1924 5204 vestem
1957 5152 2071 5205 viro
2103 5166 2301 5206 conve-

738 5248 978 5301 nientem
1022 5245 1304 5298 mulierem
1352 5244 1599 5307 induere,
1677 5254 1736 5295 ut
1787 5244 2006 5309 quidem
2057 5242 2302 5297 fecerunt

738 5338 830 5406 qui
874 5336 1086 5390 Baccho
1146 5333 1343 5387 festum
1402 5334 1657 5401 agebant.
1711 5331 1879 5385 Porro
1932 5344 1980 5385 et
2040 5349 2302 5402 personas

738 5428 977 5481 c0tnicas
1008 5427 1255 5490 induere,
1284 5440 1406 5493 qua:
1438 5427 1503 5476 ad
1546 5424 1810 5491 quosdam
1847 5434 2146 5478 scominate
2178 5441 2301 5493 per-

738 5518 1084 5587 stringendos
1136 5518 1293 5586 112
1323 5498 1682 5569 exercentur:
1734 5515 1815 5568 vel
1876 5518 2133 5585 tragicas,
2181 5533 2302 5586 quae

740 5618 960 5663 moveut
994 5606 1219 5660 aﬂ'ectus
1268 5616 1323 5659 et
1378 5605 1618 5659 inferunt
1644 5608 1821 5660 luctus
1853 5625 1863 5660 :
1900 5612 1980 5661 vel
2010 5612 2298 5678 satyricae,

741 5715 861 5768 quae
893 5700 945 5753 in
985 5699 1180 5753 Bacchi
1205 5700 1473 5753 honorem
1516 5717 1542 5751 a
1577 5699 1784 5770 Satyris
1810 5711 1860 5752 et
1909 5704 2128 5756 Bacchis
2161 5705 2301 5757 erle-

739 5791 985 5846 brautur.
1021 5791 1213 5846 Bacchi
1257 5806 1381 5846 vero
1420 5806 1617 5846 nomen
1655 5794 1706 5845 in
1753 5794 2029 5846 toreularil
2056 5809 2116 5845 us
2148 5796 2301 5849 invo—

2404 4608 2682 4661 ἐτελοῦντὸ
2708 4625 2838 4661 ποτε
2862 4609 2939 4679 τῷ
2961 4609 3196 4679 Διονύσῳ
3220 4611 3367 4679 παρά
3398 4614 3508 4671 τοῖς
3530 4609 3776 4678 Ἕλλησι.
3813 4608 3983 4679 Βρού-

2408 4717 2503 4768 μος
2534 4701 2641 4770 γὰρ
2671 4702 2797 4770 παρ’
2826 4702 3003 4763 αὐτοῖς
3035 4701 3202 4767 τούτῳ
3237 4702 3506 4754 ἐπίθετν
3558 4702 3983 4770 Περιαιρεθῆναι

2403 4792 2459 4844 δὲ
2497 4789 2745 4860 βούλεται
2779 4795 2806 4845 ὁ
2837 4792 3015 4846 κανὼν
3042 4793 3134 4845 καὶ
3163 4796 3261 4860 τὴν
3309 4796 3367 4844 ἐν
3392 4796 3458 4861 τῇ
3517 4799 3564 4845 α’
3594 4793 3688 4844 τοῦ
3729 4794 3981 4863 Μαρτίου

2402 4884 2733 4953 τελουμένην
2786 4884 2976 4952 ἐορτὴν
3014 4884 3290 4953 (ἐλληνικὴ
3321 4885 3376 4936 δὲ
3406 4879 3474 4952 ἦν
3499 4884 3593 4935 καὶ
3618 4881 3807 4952 αὕτη),
3842 4885 3981 4955 ὑπὲρ

2401 4974 2498 5042 τῆς
2520 4975 2627 5027 τῶν
2658 4975 2814 5045 ὡρῶν
2839 4975 2976 5044 τάχα
3005 4974 3208 5028 καὶτοῦ
3238 4976 3396 5044 ἀέρος
3419 4974 3736 5043 εὐκρασίας.
3764 4975 3983 5027 κωλύει

2404 5066 2495 5117 καὶ
2528 5067 2623 5129 τὰς
2655 5066 2761 5119 τῶν
2794 5066 3029 5134 γυναίων
3062 5067 3325 5137 δημοσίας
3382 5067 3658 5135 ὀρχήσεις,
3708 5066 3786 5129 ὡς
3845 5068 3985 5136 πρδς

2360 5172 2376 5200 ἰ
2404 5159 2697 5212 ἀκολασίαν
2752 5159 3097 5227 ἐρεθιζούσας
3126 5175 3139 5190 ·
3183 5161 3277 5213 καὶ
3326 5160 3385 5211 τὸ
3417 5157 3734 5226 γυναικείαν
3787 5159 3983 5230 στολὴν

2376 5251 2527 5311 ’τοὺς
2588 5250 2784 5317 ἄνδρας
2837 5248 3134 5314 ἐνδύεσθαι,
3199 5250 3232 5317 ἦ
3273 5252 3537 5317 γυνλῖκας
3576 5249 3674 5318 τὴν
3717 5250 3984 5320 ἀνδράσιν

2406 5341 2682 5410 ἁρμόδιον,
2718 5339 2791 5401 ὥς
2825 5356 2888 5408 γε
2914 5340 2978 5409 δὴ
3005 5339 3171 5413 ἐδρων
3201 5339 3249 5391 οἱ
3283 5339 3364 5408 τῷ
3412 5339 3653 5403 Διονύσῳ
3677 5338 3982 5409 βακχεύον-

2402 5432 2642 5493 τες.Ἔτι
2670 5447 2728 5482 τε
2744 5431 3064 5499 προσωπεῖα
3088 5429 3308 5497 κωμικὰ
3332 5428 3674 5492 ὑποδύεσθαι,
3691 5430 3773 5491 είς
3801 5432 3985 5499 σκώμ-

2407 5541 2547 5594 ματα
2584 5524 2729 5574 ἐστιν
2760 5515 2834 5574 ὧν
2874 5520 3308 5589 ἐπιτηδευόμενα
3332 5536 3345 5549 ·
3375 5521 3407 5589 ἢ
3440 5521 3697 5589 τραγικὰ,
3730 5521 3800 5573 τὰ
3828 5538 3982 5590 περι-

2405 5616 2573 5684 παθῆ,
2620 5616 2711 5666 καὶ
2765 5614 2997 5683 θρήνους
3028 5613 3359 5682 ἐμποιοῦντα
3386 5630 3397 5643 ·
3429 5613 3462 5682 ἢ
3490 5615 3780 5683 σατυρικὰ,
3805 5616 3875 5667 τὰ
3905 5618 3981 5677 εἰς

2402 5710 2564 5775 τιμὴν
2622 5706 2695 5774 τις)
2744 5706 2982 5773 Διονύσῳ
3021 5705 3320 5774 τελούμενα
3374 5706 3527 5774 παρὰ
3578 5705 3837 5775 Σατύρων
3890 5717 3980 5766 καὶ

2403 5798 2647 5866 Βάκχων.
2686 5795 2757 5849 Τὸ
2794 5795 2849 5847 δέ
2882 5798 2937 5849 ἐν
2970 5797 3078 5859 τοῖς
3122 5795 3297 5866 ληνοῖς
3323 5797 3381 5848 τὸ
3419 5794 3511 5849 τοῦ
3563 5798 3818 5853 Διονύσον
3860 5802 3975 5855 ἐπι-
