4214 6434
244 420 383 485 Ῑὲὂδ

1297 432 1703 494 SYNTAGMA
1747 432 2371 493 ALPHABETICUM.
2506 434 2566 495 Ε.

3395 432 3529 497 1266

246 529 430 597 λέγειν
462 531 649 603 ὄνομα,
685 534 780 587 καὶ
825 537 936 601 τοῖς
969 537 1146 601 πίθοις
1180 539 1537 612 ἐπιχεομένου
1568 544 1662 597 τοῦ
1693 547 1827 599 οίνοι

1944 556 2088 603 care,
2122 550 2179 595 et
2233 543 2360 594 vino
2414 542 2577 595 doliis
2630 540 2813 595 infuso
2867 539 3207 603 cachinuari,
3241 543 3524 609 quomodo

245 621 662 693 ὲπικαγχάζειν,
697 628 814 691 πῶς
842 630 942 682 οὑκ
972 631 1213 701 ἀτεχνῶς
1238 633 1528 698 δυσσεϐές;
1566 635 1626 688 '0
1658 638 1839 688 τοίνυν

244 714 429 767 κανὼν
462 717 586 779 τοὺς
637 719 696 772 ἐν
725 719 922 788 γνώσει
954 725 1197 777 τοιοῦτόν
1225 742 1276 778 τι
1326 728 1646 791 ποιοῦντας,
1674 729 1839 799 ίερω-

243 803 446 869 μένους
473 806 572 874 μὶν
604 808 784 875 ὄντας,
808 812 1192 885 καθαιρεῖσθαι
1217 820 1544 886 προστάττει
1566 834 1579 850 ⁸
1615 821 1837 883 λαῖκοὺς

240 893 319 956 δὲ.
353 899 739 966 ἀφορίζεσθαι.
784 937 797 949 ο

326 987 389 1039 '0
408 988 469 1041 δὲ
504 989 574 1054 Et!
596 992 775 1046 καὶτὸ
810 996 951 1049 κατά
993 998 1091 1061 τάς
1112 1001 1414 1070 νουμηνίας
1453 1005 1728 1072 πυρκαϊὰς
1774 1007 1834 1059 ὲν

254 1080 369 1142 ταῖς
399 1082 687 1148 πλατείαις
710 1084 992 1150 ἀνάπτειν.
1042 1091 1139 1143 καὶ
1174 1092 1576 1162 ὑπεράλλεσθαι
1604 1097 1833 1162 τούτων,

263 1172 321 1233 ἶις
368 1174 624 1239 ἀσεϐείας
663 1178 975 1248 ὴρτυμένον
1016 1182 1322 1252 ἑλληνικῆς,
1364 1186 1711 1257 ἐξαιρεθῆναι
1744 1206 1834 1241 τεο

260 1262 382 1327 .ἐως
430 1266 680 1321 κελεύει*
712 1270 771 1333 ὃς
795 1270 852 1324 δὲ
902 1270 1063 1326 τοῦτὸ
1101 1275 1272 1328 ποιῶν
1301 1279 1605 1348 φωραθείη,
1642 1278 1833 1332 τοῦτον

266 1353 369 1420 Liv,
408 1358 673 1427 κληρικὸν
701 1362 852 1427 ὄντα,
885 1366 1294 1436 καθαιρεῖσθαι,
1322 1352 1603 1435 λαῖκδίδὲ,
1641 1371 1836 1440 ἀφορί-

260 1446 459 1504 εσθαι.
510 1450 602 1503 Ἐκ
626 1452 683 1504 δὲ
711 1453 812 1520 τῆς
862 1456 1133 1526 τετάρτης
1164 1458 1274 1511 τῶν
1308 1458 1626 1526 Βασιλειῶν,
1678 1464 1836 1515 ἀπει-

256 1542 480 1608 ὶημένον
508 1541 648 1597 εἶναι
682 1547 840 1600 τοῦτο
874 1550 968 1602 καὶ
1001 1551 1081 1620 τῷ
1112 1554 1329 1623 παλαιῷ
1380 1554 1623 1609 δείκνυσι
1658 1557 1830 1628 νόμῳ,

256 1631 373 1685 Ϊνθα
419 1638 577 1705 φησὶ,
615 1656 635 1689 ι
679 1639 789 1691 Καὶ
825 1640 1147 1712 ᾠκοδόμησε
1189 1646 1497 1715 Μανασσῆς
1525 1648 1831 1720 θυσιαστή-

250 1738 359 1773 οιον
383 1723 529 1795 πάσῃ
573 1730 637 1796 τῇ
689 1732 919 1802 στρατιᾷ
952 1733 1045 1784 τοῦ
1075 1734 1327 1802 ούρανοῦ,
1366 1736 1461 1789 καὶ
1499 1737 1733 1808 διήγαγε
1768 1743 1832 1793 τὰ

254 1813 406 1867 ;ἐκνα
438 1815 605 1869 αὑτοῦ
634 1820 692 1872 ὲν
721 1823 875 1890 πυρὶ,
906 1823 1003 1875 καὶ
1032 1824 1432 1896 ὲκλῃδονίζετο,
1455 1830 1561 1881 καὶ
1586 1829 1829 1895 οίωνίζε⁹

1943 649 2051 685 non
2088 644 2172 687 est
2213 635 2565 687 vehementer
2602 634 2877 701 impium?
2928 633 3113 688 Cauou
3152 634 3372 701 quidem
3406 649 3526 697 eos,

1941 724 2033 793 qui
2096 726 2334 780 scienter
2371 728 2472 779 hoc
2532 725 2760 788 faciunt,
2797 726 2841 779 si
2882 727 2994 779 sint
3055 727 3276 795 quidem
3314 726 3526 792 clerici,

1940 816 2160 883 deponi,
2231 818 2273 870 si
2319 832 2449 871 vero
2485 816 2633 877 laici,
2667 818 2939 885 segregari
2971 815 3146 885 jubet.

2012 994 2402 1063 Sexagesimus
2458 1010 2588 1050 vero
2616 996 2843 1065 quintus
2883 1012 3060 1052 canon
3091 997 3246 1059 illud,
3289 998 3437 1066 quod
3470 998 3527 1051 lit

1939 1086 2086 1139 circa
2136 1086 2441 1147 noviluuia.
2495 1090 2597 1142 hoc
2653 1098 2756 1150 est,
2788 1104 2952 1158 rogos
2997 1090 3052 1142 in
3096 1088 3291 1157 plateis
3323 1102 3522 1142 accen-

1939 1176 2090 1239 dere,
2121 1184 2173 1229 et
2210 1192 2374 1244 supra
2407 1177 2530 1231 illos
2567 1178 2788 1240 saltare,
2822 1187 2879 1231 ut
2908 1179 3152 1232 Graecam
3189 1178 3523 1248 impietatem

1937 1266 2535 1329 cxbibentrs,omnino
2570 1267 2683 1320 tolli
2711 1267 2888 1336 jubet.
2912 1265 3017 1331 Qui
3049 1282 3176 1319 vero
3209 1266 3311 1319 hoc
3345 1264 3527 1320 facere

1938 1357 2395 1427 deprehenditur,
2434 1358 2480 1413 si
2513 1358 2753 1414 clericus
2785 1359 3005 1428 quidem
3044 1359 3135 1421 sit,
3169 1360 3479 1423 deponatur
3510 1373 3526 1422 ;

1941 1448 2024 1502 sin
2069 1463 2194 1501 vero
2224 1447 2421 1508 laicus.
2476 1459 2811 1518 segregetur.
2844 1450 2910 1503 Et
2941 1449 3046 1503 hoc
3070 1448 3237 1504 veteri
3260 1448 3374 1516 lege
3403 1462 3528 1501 esse

1937 1539 2165 1591 vetitum
2198 1553 2264 1592 ex
2289 1547 2487 1607 quarto
2519 1539 2727 1607 ltegum
2762 1539 3098 1603 ostenditur,
3162 1538 3254 1591 ubi
3291 1538 3521 1606 legitur:

1943 1646 1962 1681 ι
2000 1630 2064 1683 Et
2098 1628 2683 1685 :ediiicavitManasses
2717 1631 2889 1684 altare
2917 1632 3184 1684 universae
3218 1629 3341 1683 τοιΙὶ
3386 1629 3529 1682 mili.

1939 1721 2054 1783 tite,
2090 1730 2143 1775 et
2186 1721 2327 1776 ﬁlios
2356 1738 2489 1777 suos
2517 1738 2612 1792 per
2661 1723 2838 1792 ignem
2880 1722 3146 1787 traduxit,
3184 1730 3238 1775 et
3279 1723 3524 1790 auguriis

1938 1813 2322 1884 auspiciisque
2354 1830 2488 1868 usus
2518 1824 2621 1880 est,
2655 1825 2709 1869 et
2739 1814 2869 1870 fecit
2900 1815 3300 1883 ventriloquus,
3332 1823 3387 1866 et
3437 1813 3523 1868 di-

233 1919 319 1969 το,
340 1905 433 1957 καὶ
466 1908 721 1978 ἐποίησεν
749 1913 1011 1986 ἑγγαστρι
1021 1916 1247 1985 μύθους,
1272 1919 1365 1971 καὶ
1389 1919 1639 1987 γνώστας
1662 1923 1827 1994 ἐπλή-

1945 1904 2224 1959 vinatores
2260 1905 2667 1975 multiplicavit,
2699 1916 2752 1961 et
2792 1905 2925 1960 fecit
2957 1907 3161 1960 malum
3199 1920 3385 1960 coram
3422 1905 3525 1958 Do.

234 1994 387 2058 θυνε,
420 2000 512 2049 καὶ
564 1999 790 2070 ἐποίησε
846 2001 907 2055 τὸ
936 2006 1175 2074 πονηρὸν
1214 2006 1447 2075 ενώπιον
1478 2006 1571 2063 τοῦ
1623 2012 1827 2083 Κυρίου

1942 1994 2113 2061 mino,
2150 2005 2211 2049 ut
2242 1996 2392 2050 illum
2434 1998 2500 2051 ad
2529 1997 2665 2052 iram
2694 2008 3040 2068 provocaret.
3072 2016 3091 2049 ι
3116 1998 3175 2050 lu
3223 1995 3518 2051 noviluuiis

232 2087 331 2139 τοῦ
356 2091 687 2160 παροργίσαι
715 2094 898 2151 αὐτόν.
924 2116 943 2149 ι
988 2098 1075 2152 Ἐν
1103 2099 1205 2167 μὲν
1226 2099 1321 2154 οὖν
1346 2103 1467 2166 ταῖς
1485 2118 1489 2122 ‘
1508 2109 1827 2177 voupqviat;

1938 2086 2108 2155 igitur
2138 2102 2256 2142 mos
2285 2097 2490 2143 eratet
2547 2087 2752 2145 Juda-is
2801 2098 2855 2145 et
2909 2088 3116 2145 Grarcis
3152 2089 3351 2144 festum
3384 2090 3525 2143 Cuic-

233 2180 441 2234 εῖθιστο
491 2186 584 2236 καὶ
626 2186 904 2253 Ἰουδαίοις
953 2192 1045 2246 καὶ
1092 2194 1354 2266 Ἕλλησιν
1399 2198 1705 2269 ἑορτάζειν
1737 2182 1827 2254 και

1938 2176 2097 2233 brare
2140 2188 2192 2233 et
2226 2193 2369 2247 genu
2400 2180 2640 2245 flectere,
2681 2190 2739 2234 ut
2793 2190 2966 2236 totum
3003 2181 3208 2235 mensis
3242 2181 3522 2234 residuum

234 2271 369 2338 γόνυ
404 2275 632 2340 κλίνειν,
678 2278 754 2342 ὡς
798 2282 858 2335 τὸ
894 2286 1149 2353 μηνιαῖον
1194 2267 1827 2359 διάστημαδιέλθοινεύ⁶

1937 2267 2165 2325 feliciter
2200 2272 2595 2341 transigerent;
2620 2274 2689 2329 de
2714 2275 2917 2344 quibus
2952 2284 3007 2329 et
3048 2274 3193 2328 Deus
3227 2273 3523 2342 aliquando

232 2364 443 2432 τυχῶς,
481 2368 611 2437 περὶ
638 2363 713 2423 ὧν
745 2374 839 2427 καὶ
870 2377 898 2428 ὁ
930 2375 1063 2440 Θεὸς
1092 2379 1281 2451 εἴρηκέ
1308 2365 1416 2434 που
1442 2376 1543 2436 διὰ
1573 2374 1827 2457 τοῦνειρο-

1937 2362 2158 2418 locutus
2189 2376 2272 2418 est
2314 2362 2881 2435 pel-prophetam”
2932 2366 3222 2422 Novilunia
3256 2379 3435 2420 vesua
3471 2375 3524 2418 et

239 2456 440 2523 φήτου,
478 2477 496 2509 ι
538 2459 651 2523 Τὰς
673 2466 973 2534 νουμηνίας
1003 2437 1156 2536 ὑμῶν
1195 2437 1290 2524 καὶ
1311 2472 1380 2525 τά
1409 2438 1655 2537 σάὸὄατά
1681 2437 1827 2545 μύσει

1938 2450 2178 2508 Sabbata
2216 2455 2343 2509 odio
2377 2456 2545 2511 habet
2574 2445 2907 2529 auima'mea
2938 2475 2964 2535 ις
3007 2477 3025 2510 ι
3063 2468 3122 2513 ut
3148 2459 3314 2526 igitur
3362 2466 3416 2511 et
3466 2458 3520 2510 in

233 2546 269 2613 ἡ
297 2545 446 2617 ψυχή
473 2566 598 2618 μου,
642 2569 661 2601 ι
696 2551 887 2625 ὥσπερ
911 2552 1003 2609 οὖν
1036 2560 1127 2611 καὶ
1157 2561 1216 2614 ἂν
1243 2560 1320 2632 τῷ
1346 2564 1483 2627 τέως
1508 2564 1646 2618 Θεοῦ
1672 2558 1842 2637 χάριὲ

240 2653 318 2702 τι,
351 2638 512 2707 εὐχαὶ
538 2643 672 2711 πρὸς
695 2642 831 2697 Θεὸν
864 2646 1165 2718 ίλαστήριοι
1199 2651 1335 2721 πρὸς
1367 2653 1462 2706 τοῦ
1483 2655 1677 2708 πιστοῦ
1700 2657 1829 2711 λαοῦ

236 2729 509 2796 γίνονται,
550 2733 646 2786 καὶ
676 2736 961 2806 ἀγιασμοὶ,
995 2742 1091 2793 καὶ
1140 2741 1218 2812 τῷ
1246 2743 1401 2798 ὕδατι
1429 2746 1528 2816 τῆς
1573 2748 1830 2817 εὐλογίας

236 2823 530 2892 χριόμεθα.
596 2827 884 2898 Πυρκαῖάς
936 2832 994 2884 δὲ
1047 2835 1380 2902 ἀνάπτοντες
1434 2841 1825 2913 ὑπερήλλοντο,

237 2915 375 2977 ίσως
398 2915 658 2985 οίόμενοι,
693 2922 761 2973 τὰ
790 2921 891 2990 μὲν
916 2923 1201 2993 φθάσαντα
1233 2928 1507 2999 δήπουθεν
1558 2932 1821 3003 δυσχερῆ,

234 3004 487 3076 ὡσπερεὶ
543 3011 954 3081 κατακαιόμινα
990 3015 1199 3084 φροῦδα
1238 3017 1503 3085 γίνεσθαι,
1560 3022 1714 3075 αίσια
1765 3023 1824 3075 δὲ

234 3095 577 3153 ἀνακύπτειν
605 3100 916 3155 είσέπειταο
953 3108 1215 3175 στρατιὰν
1249 3109 1432 3178 μέντοι
1465 3109 1559 3163 τοῦ
1586 3113 1821 3181 οὐρανοῦ

236 3187 371 3249 τοὺς
408 3188 643 3258 ἀστέρας
667 3193 907 3261 νοητέον.
934 3194 1041 3247 Καὶ
1070 3195 1117 3247 oi
1167 3196 1266 3266 μὲν
1302 3198 1436 3251 θεῖοι
1465 3192 1613 3253 οὗτοι
1642 3201 1821 3255 Πατέ-

1888 2568 1891 2571 ·
1934 2560 2126 2617 eorum
2163 2548 2285 2601 loco
2317 2563 2410 2617 per
2446 2549 2536 2603 Dei
2593 2550 2826 2619 gratiam
2888 2546 3079 2620 preces
3120 2550 3522 2619 propitiatur-ia:

1906 2614 1999 2695 wet
2039 2614 2504 2721 sanctiﬁcat—tiones
2531 2657 2561 2695 a
2596 2614 2741 2697 iideli
2772 2620 2989 2711 populo-
3012 2640 3127 2721 Deo
3160 2651 3519 2711 peraguntur,

1933 2742 1989 2786 et
2018 2746 2161 2800 aqua
2201 2714 2604 2806 benedictionis
2654 2734 3021 2803 iuuugimur.,
3047 2718 3151 2799 Qui
3189 2748 3318 2788 vero
3354 2748 3516 2802 rogus

1932 2822 2328 2887 accendebant,
2379 2837 2543 2891 super
2598 2824 2724 2878 illos
2774 2824 3074 2890 saltabant,
3129 2825 3534 2880 existimantes

1930 2910 2145 2978 forsan,
2182 2904 2371 2982 Hqudd,
2423 2929 2544 2983 qua:
2598 2916 2753 2984 prius
2802 2915 2915 2969 illis
2959 2915 3303 2988 (accidissent
3354 2917 3519 2981 mala,

1928 2986 2084 3073 quasi
2122 3005 2412 3059 combusta
2441 3007 2671 3060 evanida
2702 2992 3067 3077 ﬁeri,‘ipostea
3118 3024 3249 3063 vero
3301 3010 3356 3063 in
3406 3025 3522 3064 me-

1927 3096 2063 3151 liora
2093 3106 2364 3151 mutatum
2397 3098 2485 3151 iri.
2516 3097 2617 3152 Per
2642 3100 2897 3153 militiam
2922 3101 3145 3170 quidem
3173 3102 3295 3155 (ξαιίὶ
3320 3102 3524 3156 intelli-

1924 3192 2099 3258 genda
2136 3198 2266 3244 sunt
2303 3200 2496 3244 astra:
2533 3200 2585 3245 et
2616 3191 3037 3264 divini.qu0_que
3076 3194 3155 3247 illi
3192 3193 3404 3256 Patres.
3451 3195 3520 3249 il-

240 3296 336 3348 ρες
355 3279 440 3344 τὸ,
472 3281 734 3351 διήγαγεν
764 3287 821 3337 ἐν
860 3287 1014 3354 πυρὶ,
1044 3287 1165 3341 ἀντὶ
1211 3290 1304 3342 τοῦ
1336 3291 1660 3363 ὑπερπηδξω
1703 3296 1819 3357 τοῖς

1930 3280 2049 3343 lud,
2091 3282 2333 3335 traduxit
2360 3296 2459 3350 per
2487 3282 2686 3352 ignem,
2720 3299 2817 3352 pro
2844 3281 2976 3359 hoc,
3003 3285 3165 3352 jussit
3192 3286 3318 3341 filiis
3344 3297 3499 3342 trans

234 3371 454 3432 τέκνοις
482 3374 797 3439 ἐπέταττεν,
818 3376 1156 3441 ἐξελάθοντο.
1193 3380 1250 3433 '0
1282 3382 1339 3435 δὲ
1384 3384 1540 3452 ἆγιος
1564 3386 1829 3455 Κύριλλος

250 3460 688 3531 Ἀλεξανδρείας,
727 3467 818 3519 τὸν
848 3469 1134 3539 προφήτην
1174 3470 1540 3542 ἐξηγούμενος
1575 3475 1822 3543 Ἠσαίαν,

235 3554 364 3607 ἀντὶ
403 3554 522 3618 τοῦ,
553 3555 942 3613 ὡλοκαύτωσεν
991 3561 1157 3615 αὑτοῦ
1185 3567 1296 3627 τοῖς
1327 3567 1606 3636 δαίμοσιν,
1640 3570 1826 3641 ἡρμή-

236 3657 424 3695 νευσε.
480 3644 708 3715 Κλῃδὼν
765 3643 822 3699 δέ
855 3650 1001 3702 ἐστιν
1036 3652 1070 3722 ή
1103 3652 1191 3707 διά
1222 3672 1384 3708 τινων
1413 3658 1653 3727 σημείων
1694 3676 1829 3728 μαν-

235 3731 380 3794 τεία.
417 3732 725 3790 οὑτινοσοῦν
755 3738 1033 3805 ἐθέλοντος
1072 3744 1173 3811 τὴν
1209 3744 1345 3798 ἰδίαν
1378 3748 1547 3818 τύχην
1575 3768 1827 3821 καταμαι

238 3822 380 3877 θεῖν.
417 3826 723 3897 Οίωνισμδς
765 3830 822 3882 δέ
852 3832 965 3885 ἐστι
993 3835 1053 3886 τὸ
1083 3837 1372 3906 ἐπιτηρεῖν
1413 3842 1511 3903 τὰς
1542 3841 1651 3895 τῶν
1680 3842 1837 3913 ὀρνίο,

239 3913 350 3967 θων
374 3917 605 3986 πτήσεις
624 3936 683 3972 τε
708 3922 799 3973 καὶ
832 3922 1103 3991 κλαγγὰς,
1128 3927 1157 3980 ὃ
1174 3930 1265 3982 καὶ
1292 3932 1654 3985 οἰωνοσκοπέα
1674 3934 1826 4004 παρά

237 4006 354 4067 τοῖς
393 4007 1022 4082 Ἐλλησινώνομάζετω
1089 4018 1554 4090 Ἐγγαστρίμυθοι
1614 4024 1667 4077 δὲ
1732 4026 1827 4079 καὶ

238 4099 478 4166 γνῶσται
508 4100 755 4169 λέγονται
806 4107 856 4158 οἱ
904 4111 1210 4174 σατανικῶς
1268 4112 1676 4182 ἐνθουσιῶντες,
1731 4118 1825 4172 καὶ

239 4190 599 4259 προλέγοντες
645 4196 805 4264 δῆθεν
864 4199 932 4251 τά
970 4199 1245 4267 ἄγνωστα,
1298 4199 1409 4258 οἷαί
1453 4209 1593 4261 είσιν
1621 4211 1675 4262 αί
1713 4212 1824 4264 τῶν

254 4283 591 4351 ’Δθιγγάνων
631 4293 907 4356 γυναῖκες,
946 4293 1040 4344 καὶ
1083 4297 1138 4348 αί
1188 4297 1275 4350 διὰ
1300 4298 1411 4353 τῶν
1444 4300 1649 4369 κριθῶν
1684 4320 1825 4373 μαν-

239 4377 553 4444 τευόμεναι.
592 4380 650 4432 Ei
690 4382 872 4435 τοίνυν
905 4387 1055 4457 παρά
1102 4391 1216 4445 τοῖς
1239 4391 1554 4461 δεξαμένοις
1583 4396 1676 4448 τὸν
1699 4398 1825 4450 ἀτε-

240 4466 495 4537 λέστερον
539 4472 702 4538 νόμον
735 4478 943 4545 πονηρά
971 4478 1147 4534 ταῦτα
1184 4483 1385 4549 ἐδόκει,
1411 4486 1505 4538 καὶ
1530 4488 1630 4557 τὴν
1652 4488 1822 4559 ὀργὴν

240 4555 451 4624 Κυρίου
481 4560 721 4628 ἠρέθιζε,
761 4566 912 4635 πόσει
970 4570 1171 4638 μᾶλλον
1222 4575 1339 4636 τοῖς
1370 4576 1463 4628 τὸν
1492 4555 1821 4648 τελεώτερον

240 4650 339 4701 καὶ
380 4657 895 4727 πνευματικώτερον
926 4662 1091 4729 νόμον
1110 4667 1525 4735 παραλασοῦσιν
1561 4673 1719 4741 ἡμῖν,
1744 4675 1820 4737 ὡς

240 4739 458 4810 ἄθεσμα
488 4746 582 4797 καὶ
630 4746 803 4818 ἀσεϐῆ
854 4753 1205 4808 παντάπασιν
1231 4758 1616 4829 ἀπεστράφθαι
1653 4781 1820 4835 προσ-

240 4833 369 4902 ήκει
397 4851 413 4898 ;

327 4925 385 4978 '0
411 4925 466 4978 δὲ
494 4928 574 4980 οα¹
600 4932 692 4983 καὶ
729 4937 841 4999 τοῖς
878 4937 1282 5009 διδασκομένοις
1331 4947 1458 5009 τοὺς
1513 4950 1823 5014 πολιτικοὺς

240 5017 445 5085 νόμους
476 5021 780 5091 ἀφορισμὸν
810 5028 1246 5097 ἐπανατείνεται,
1284 5035 1332 5087 εί
1366 5037 1446 5089 ἔτι
1472 5026 1598 5101 τοῖς’
1612 5041 1825 5110 ἑλληνι-

242 5107 365 5167 κοῖς
392 5106 538 5162 ἔθεσι
567 5116 896 5182 κεχρημένοι
950 5121 1145 5184 στολὰς
1179 5122 1511 5188 ἑνδύσονται,
1544 5130 1678 5192 ἰδίας
1724 5134 1822 5201 μὲν

241 5199 293 5250 οί
327 5198 435 5251 τῶν
470 5204 807 5273 μαθημάτων
860 5211 1173 5281 ἀρχόμενοι,
1230 5217 1365 5280 ίδίας
1396 5220 1452 5271 δὲ
1481 5222 1530 5272 οί
1583 5223 1690 5275 τῶν
1726 5198 1823 5276 ντε-

240 5288 527 5360 λεωτέρων
555 5296 894 5367 ὲφικὸμενοι,
924 5306 1036 5363 τοῖς
1071 5324 1127 5359 τε
1161 5309 1253 5363 ἐπὶ
1282 5309 1524 5377 θεάτρων
1554 5313 1817 5379 ἀνιοῦσιν,

241 5381 380 5434 ἀλλὰ
422 5384 485 5455 δὴ
519 5390 612 5442 καὶ
656 5390 754 5453 τὰς
805 5392 1106 5462 λεγομένας
1163 5399 1456 5470 κυλίστρας
1505 5404 1818 5469 παίζουσιν,

240 5473 424 5525 ὁποῖαί
458 5476 571 5530 ποτ’
592 5479 657 5531 ἂν
694 5476 855 5552 ἦσαν.
904 5486 1089 5540 Ταῦτα
1116 5488 1224 5559 γ’ὰρ
1254 5490 1469 5545 ἅπαντα
1497 5495 1684 5563 εὐχαῖς
1707 5498 1817 5549 τῶν

242 5562 549 5640 θεσπεσίων
577 5571 781 5625 τούτων
812 5576 1119 5645 νομοθετῶν
1144 5580 1203 5632 τὸ
1236 5584 1475 5653 τήμερον
1509 5581 1647 5639 εἶναι
1678 5588 1821 5640 σεσί-

244 5668 433 5722 γηται.

496 5751 741 5808 ΚΕΦΑΛ.
777 5759 848 5810 Δ’.
883 5761 1021 5827 Περί
1048 5762 1202 5815 ἐθῶν
1226 5767 1571 5823 πολιτικῶν.

934 5856 1149 5923 Νόμος.

323 5929 552 6004 Περ¹ιῶν
596 5939 865 6011 ἔγγραφος
896 5944 954 5996 οὗ
986 5947 1162 6001 κεῖται
1215 5949 1398 6017 νόμος,
1455 5952 1809 6019 παραφυλάτ-

1930 3372 2106 3436 silire,
2136 3376 2494 3442 acceperunt.
2547 3374 2973 3431 Sanctus-vero.
3005 3371 3243 3448 Cyrillus
3278 3379 3516 3432 Alexan-

1940 3458 2072 3512 driae
2098 3459 2390 3533 episcopus
2427 3458 3311 3535 prophetamlsaiam.explicans,
3349 3467 3516 3521 inter-

1928 3558 2176 3616 pretatus
2208 3559 2291 3604 cst
2324 3550 2458 3631 illud
2499 3570 2511 3606 :
2541 3552 2647 3607 Pro
2684 3536 3160 3637 hoe'dazmquihus
3182 3554 3317 3627 suis
3362 3562 3515 3615 holo-

1932 3650 2182 3694 caustum
2212 3625 2431 3709 obtulit.
2491 3645 2624 3701 Sors
2699 3634 2880 3702 autem
2917 3659 3001 3704 est
3043 3630 3139 3720 per
3179 3654 3332 3723 signa
3364 3670 3514 3724 qua:-

1935 3732 2061 3786 dam
2095 3725 2387 3802 divinatio,
2419 3740 2639 3807 quando
2689 3743 2815 3811 quis
2850 3728 2972 3797 vult"
3014 3738 3294 3815 propriam
3356 3746 3511 3801 addi-

1928 3837 2081 3877 scere
2120 3824 2419 3880 fortunam.
2453 3828 2771 3898 Auspicium
2808 3814 2946 3887 νει-ο.
2971 3845 3076 3899 est,
3130 3851 3253 3889 cum
3293 3839 3508 3891 volatus

1928 3916 2106 3969 avium
2129 3926 2182 3970 et
2211 3917 2435 3988 clangor
2470 3923 2865 3978 observantur:
2889 3926 3033 3994 quod
3067 3927 3283 3996 quidem
3305 3943 3333 3980 a
3366 3928 3512 3982 Grie-

1929 4006 2008 4060 cis
2036 4008 2399 4061 οἰωνοσκοπία
2445 4011 2755 4067 dicebatur.
2799 4006 3342 4085 Ventriloquiautem
3380 4036 3511 4074 aru-

1926 4098 2212 4167 spicesque
2237 4100 2515 4167 dicuntur,
2531 4103 2626 4174 qui
2645 4108 3083 4174 satauiceaﬂlati,
3111 4110 3411 4179 prazdicunt
3442 4127 3507 4168 ea

1926 4205 2049 4258 qua:
2079 4194 2339 4261 cognosci
2360 4210 2469 4249 non
2494 4207 2744 4265 possunt,
2772 4201 2962 4268 quales
2986 4210 3115 4256 sunt
3140 4202 3503 4271 Athingarum

1925 4282 2209 4347 mulieres,
2243 4294 2297 4340 et
2323 4302 2444 4356 qua:
2473 4303 2569 4357 per
2609 4290 2811 4345 hordea
2847 4295 3225 4363 auspicantur.
3258 4296 3314 4350 Si
3339 4296 3505 4367 igitur

1925 4376 1991 4427 ab
2026 4374 2115 4439 iis,
2142 4377 2237 4446 qui
2288 4378 2468 4433 minus
2503 4381 2803 4448 perfectam
2855 4384 3071 4439 vivendi
3126 4384 3297 4456 legem
3343 4403 3505 4442 acce-

1922 4476 2140 4535 perunt,
2186 4471 2301 4525 h:ec
2351 4473 2538 4541 iniqua
2586 4489 2704 4527 esse
2740 4484 2794 4529 et
2851 4477 2987 4530 iram
3036 4477 3252 4533 Domini
3309 4495 3503 4550 provo—

1926 4574 2051 4614 care
2096 4562 2481 4617 existimantur
2514 4583 2527 4618 :
2561 4576 2769 4634 quanto
2812 4570 2987 4638 magis
3023 4571 3206 4637 nobis,
3257 4574 3352 4641 qui
3385 4587 3504 4626 ma-

1928 4650 2010 4719 gis
2066 4652 2358 4720 perfectam
2434 4657 2718 4727 magisque
2782 4660 3127 4729 Spiritualem
3189 4663 3506 4732 accepimus

1929 4744 2125 4813 legem,
2182 4757 2239 4799 ut
2309 4746 2497 4817 iniqua
2544 4760 2597 4803 et
2648 4750 2814 4821 impia
2892 4754 3119 4808 omnino
3181 4758 3353 4811 averti
3411 4758 3505 4811 dc-

1926 4836 2056 4892 beut
2078 4838 2101 4891 ?

1996 4930 2446 5002 Septuagesimus
2477 4936 2687 5005 primus
2726 4954 2904 4993 canon
2942 4940 3026 4994 eis
3087 4943 3179 5011 qui
3231 4943 3502 4998 docentur

1926 5023 2072 5094 leges
2107 5027 2319 5091 civiles,
2361 5032 2787 5099 segregationem
2844 5034 3101 5099 intendit,
3150 5037 3198 5090 si
3257 5040 3495 5108 amplius

1924 5115 2126 5173 Graecis
2159 5122 2404 5176 moribus
2440 5124 2543 5189 usi,
2579 5125 2749 5180 stolas
2779 5127 3008 5182 iuduent
3040 5131 3328 5198 (peculiari
3378 5134 3501 5202 quis

1922 5211 2044 5267 dem
2078 5222 2303 5268 utuntur
2352 5217 2444 5284 qui
2495 5219 2805 5274 studiorum
2861 5225 3199 5279 curriculum
3247 5227 3500 5295 ingrede-

1925 5315 2133 5371 rentur,
2161 5314 2216 5360 et
2252 5308 2513 5374 peculiari
2552 5312 2719 5366 etiam
2780 5330 2905 5368 cum
2942 5331 3132 5370 eorum
3181 5331 3383 5374 metam
3417 5333 3497 5375 at.

1924 5396 2219 5466 tigisseut),
2270 5414 2394 5452 cum
2448 5401 2499 5454 in
2553 5403 2829 5459 theatrum
2880 5406 3347 5476 ingrederentur;
3400 5413 3494 5465 sed

1923 5487 2143 5556 quidem
2201 5489 2463 5561 Cylistras
2503 5492 2681 5549 dictas
2732 5486 3085 5567 peragebant,
3145 5516 3494 5571 quaecunque

1923 5580 2167 5638 fuerunt.
2196 5584 2317 5642 Haec
2343 5587 2488 5641 enim
2519 5590 2704 5643 omnia
2743 5592 2883 5645 votis
2923 5591 3241 5648 divinorum
3270 5595 3490 5650 illorum

1922 5676 2294 5746 legislatorum
2329 5681 2489 5735 hodie
2521 5683 2775 5737 silentur.

2125 5771 2277 5840 ιιι
2315 5773 2332 5793 ⁶
2367 5772 2520 5829 CAP.
2555 5773 2644 5830 IV.
2677 5776 2749 5830 De
2776 5778 3007 5831 moribus
3037 5781 3294 5848 politicis.

2640 5865 2771 5923 ιτα).

2000 5954 2069 6010 Dc
2112 5956 2176 6010 iis
2204 5971 2432 6020 quorum
2468 5974 2573 6015 non
2602 5970 2777 6017 exstat
2815 5962 2900 6018 lcx
2938 5964 3162 6034 scripta,
3197 5970 3501 6021 moremct.
