4214 6434
264 430 403 496 1269

1240 440 1647 505 SYNTAGMA
1690 445 2309 515 ALPHABETICUM.
2355 478 2422 491 -
2466 454 2534 513 Ε.

3377 451 3515 517 12ῒο

336 547 545 612 Παντὸς
605 548 915 618 μιμητικῶς
967 551 1370 625 εἰκονιζομένου
1434 559 1533 629 οὐχ
1584 561 1832 632 ἡφύσις,

2005 571 2283 641 Quidquid
2316 570 2620 625 imitatione
2653 567 2940 639 ﬁguratur,
2974 582 3081 623 non
3126 566 3248 637 ejus
3288 576 3509 643 natura,

262 641 385 695 ἀλλ’
412 643 446 711 ἡ
470 642 763 706 ὑπόστασις
814 644 1141 709 εἰκονίζεται
1167 665 1181 679 ·
1213 650 1308 701 καὶ
1338 650 1426 704 διὰ
1460 651 1620 707 τοῦτο
1649 655 1844 708 ταύτὸν

262 732 343 801 τῷ
370 733 664 805 ἀρχετύπῳ
694 736 725 804 ἠ
751 735 915 790 εἰκὼν
947 737 1133 804 αὐτοῦ,
1161 740 1221 792 οὗ
1253 743 1319 809 τῇ
1358 742 1560 811 φύσει,
1592 745 1731 800 ἀλλὰ
1775 750 1841 818 τῇ

262 824 582 890 ὑποστάσει,
618 828 787 897 ἤγουν
817 832 883 899 τῇ
916 831 1143 901 μιμήσει
1173 834 1273 898 τῆς
1300 835 1673 901 ὑποστάσεως.

307 921 451 982 ,Τὰς
508 922 659 993 ἱερὰς
711 924 929 997 εἰκόνας
974 926 1429 999 ἁναστηλοῦμεν,
1496 932 1585 986 ἵνα
1640 934 1845 997 ταύτας

262 1009 525 1080 ὁρῶντες,
556 1012 623 1064 δι’
662 1014 844 1066 αὐτῶν
873 1015 1122 1086 δοκῶμεν
1176 1020 1310 1090 ὁρᾷν
1339 1021 1408 1073 τὰ
1446 1023 1651 1075 τούτων
1684 1025 1848 1095 ἀρχέο

263 1117 437 1161 τυπα,
470 1106 565 1156 καὶ
598 1105 855 1171 γίνωνται
904 1108 1037 1177 ἡμῖν
1065 1110 1439 1180 ὑπομνήματα
1469 1114 1565 1166 καὶ
1597 1132 1846 1183 παρηγο-

269 1196 366 1266 ρία
406 1197 500 1249 τοῦ
537 1200 743 1263 πόθου,
799 1204 895 1255 τοῦ
954 1206 1091 1270 πρὶς
1126 1208 1196 1259 τὰ
1238 1208 1447 1261 τούτων
1490 1209 1845 1278 πρωτότυπα.

268 1289 440 1341 Ὅσον
468 1291 576 1360 γὰρ
610 1294 848 1362 συνεχῶς
881 1296 935 1347 αἰ
964 1297 1169 1360 εἰκόνες
1214 1299 1468 1367 ὁρῶνται,
1516 1301 1771 1353 τοσοῦτον
1800 1303 1848 1354 οί

269 1381 477 1441 ταύτας
503 1384 739 1451 ὁρῶντες
778 1385 1153 1441 διανίστανται
1188 1391 1324 1457 πρὸς
1353 1390 1451 1459 τὴν
1477 1392 1591 1445 τῶν
1617 1392 1850 1462 ἀρχετύ-

270 1488 391 1524 πων
420 1475 642 1543 μνήμην
672 1477 767 1528 καὶ
794 1477 1140 1547 ἐπιπόθησιν.

356 1564 421 1616 Ἦ
465 1565 563 1634 μὲν
585 1568 641 1619 ὲν
675 1567 945 1638 πνεύματι
978 1572 1073 1622 καὶ
1106 1572 1332 1644 ἀληθείᾳ
1361 1573 1586 1643 λατρεία
1644 1578 1708 1643 τῇ
1744 1592 1850 1645 μα·

272 1655 443 1725 καρὶᾳ
498 1657 686 1725 Τριάδι
718 1659 872 1730 παρὰ
920 1660 1032 1713 τῶν
1067 1662 1362 1731 ὀρθοόόξων
1397 1666 1806 1735 ἀπονενέμηται
1835 1682 1850 1697 ·

269 1748 394 1808 ταῖς
440 1747 499 1799 δὲ
550 1748 735 1815 ἁγίαις
793 1752 1002 1803 εἰκόσιν
1041 1753 1102 1804 ού
1155 1752 1380 1824 λατρεία
1434 1758 1674 1822 πάντως,
1718 1756 1853 1812 ἀλλά

271 1842 669 1911 προσκύνησις,
703 1844 793 1896 καὶ
814 1844 1123 1914 ἀσπασμὸς,
1151 1850 1244 1900 καὶ
1274 1849 1430 1918 τιμή.
1458 1848 1519 1901 Ei
1547 1849 1656 1920 γὰρ
1698 1850 1789 1903 καὶ
1819 1852 1855 1921 ἠ

1952 666 2045 721 sed
2082 678 2315 733 persona
2370 663 2635 733 ﬁguratur
2668 678 2683 716 :
2740 670 2797 716 et
2846 661 2917 716 ob
2951 660 3027 727 id,
3054 660 3200 716 idem
3239 661 3387 730 quod
3429 675 3517 715 ar-

1950 758 2216 827 chetypus
2250 756 2370 824 ejus
2402 764 2486 810 est
2517 755 2719 821 imago,
2739 767 2849 808 non
2885 761 3102 819 natura,
3124 752 3217 809 sed
3250 766 3509 824 persona,

1948 848 2062 905 sive
2096 849 2401 903 inuitatione
2439 861 2704 917 personae.

2022 940 2220 995 Sacras
2256 940 2516 1009 imagines
2550 940 2849 1009 pingimus,
2894 945 2954 994 ut
2996 952 3090 994 eas
3117 937 3390 1003 videntes,
3419 951 3517 1007 per

1947 1044 2043 1086 eas
2078 1032 2261 1087 videre
2295 1032 2513 1087 illarum
2546 1032 2872 1103 archetypos
2902 1030 3211 1092 videamur.
3244 1038 3299 1085 et
3331 1030 3386 1084 in
3416 1045 3517 1085 no—

1949 1124 2035 1179 bis
2060 1123 2383 1178 memoriam
2429 1134 2484 1179 et
2521 1125 2853 1180 desiderium
2890 1125 3313 1194 archetyporum
3363 1123 3517 1178 exci-

1951 1224 2091 1271 tent.
2146 1215 2282 1271 Nam
2354 1218 2601 1287 quandiu
2656 1218 2923 1286 imagines
2978 1217 3176 1272 crebro
3244 1217 3518 1280 videntur,

1953 1310 2136 1363 tandiu
2169 1310 2261 1379 qui
2311 1325 2406 1364 eas
2438 1310 2642 1374 vident,
2689 1310 2756 1364 ad
2804 1313 3229 1385 archetyporum
3267 1310 3521 1367 recorda—

1954 1400 2155 1455 tionem
2186 1410 2240 1456 et
2264 1402 2597 1457 desiderium
2629 1404 2965 1459 excitantur.

2025 1580 2216 1641 Cultus
2245 1580 2465 1651 quidem
2501 1582 2556 1637 in
2590 1583 2783 1650 spiritu
2819 1592 2872 1639 et
2934 1586 3188 1651 veritate,
3215 1601 3335 1655 quae
3364 1587 3521 1643 latria

1954 1670 2180 1736 dicitur,
2208 1670 2379 1727 beatae
2430 1672 2682 1727 Trinitati
2733 1676 2802 1729 ab
2856 1677 3181 1732 orthodoxis
3221 1679 3520 1733 tribuitur:

1957 1766 2163 1821 sanctis
2194 1775 2374 1821 autem
2408 1765 2745 1835 imaginibus
2779 1782 2889 1821 non
2932 1770 3158 1823 omnino
3200 1770 3386 1835 latria,
3428 1771 3523 1827 sed

1958 1858 2222 1924 adoratio,
2250 1859 2510 1914 salutatio
2555 1869 2607 1914 et
2640 1859 2836 1914 honor.
2885 1858 3037 1915 Licet
3067 1862 3214 1916 enim
3270 1862 3525 1933 imaginis

275 1933 411 2001 τιμὴ
449 1933 548 2002 τῆς
585 1935 791 1998 εἰκόνος
812 1936 903 1988 ἐπὶ
928 1938 988 1990 τὸ
1020 1938 1383 2007 πρωτότυπον
1405 1940 1694 2008 διαϐαίνει,
1740 1941 1857 1995 ἀλλ’

1967 1950 2136 2004 honor
2158 1949 2224 2004 ad
2252 1958 2600 2020 prototypum
2647 1949 2866 2015 transit,
2892 1949 3050 2003 latria
3102 1960 3284 2005 tamen
3317 1962 3401 2005 est
3430 1967 3526 2006 so-

276 2029 309 2093 ή
338 2026 564 2094 λατρεία
592 2028 688 2095 τῆς
722 2029 1001 2098 μακαρίας
1038 2031 1205 2102 μόνης
1237 2032 1357 2085 ἐστὶ
1388 2032 1643 2103 Τριάδος,
1670 2036 1765 2090 καὶ
1791 2035 1851 2089 ού

276 2116 388 2168 τῶν
417 2118 631 2171 σεπτῶν
692 2120 947 2186 εἰκόνων,
999 2123 1086 2177 ἵνα
1148 2123 1224 2193 μὴ
1260 2126 1719 2197 κτισματολάτραι
1762 2130 1857 2184 καὶ

278 2210 480 2262 ὑλολάτ
490 2228 580 2279 ραι
615 2212 875 2281 δόξωμεν.

361 2303 480 2355 Ἐπ’
509 2304 675 2358 αὐτοῦ
724 2306 824 2376 μὲν
851 2306 945 2359 τοῦ
972 2306 1208 2378 Χριστοῦ
1239 2310 1577 2386 λατρευτικὴ
1625 2314 1658 2385 ή
1688 2332 1857 2387 προσ-

276 2395 509 2464 κύνησις
564 2399 661 2451 καὶ
747 2400 984 2470 φυσική*
1045 2402 1073 2455 ό
1121 2406 1447 2473 προσκυνῶν
1504 2408 1611 2477 γὰρ
1694 2408 1857 2463 αὐτὸν

279 2492 696 2559 συμπροσκυνεϊ
746 2493 961 2546 καὶτὸν
1016 2496 1232 2567 Πατέρα
1281 2500 1378 2551 καὶ
1426 2500 1486 2553 τὸ
1537 2500 1761 2570 Πνεῦμα
1797 2504 1857 2556 τὸ

279 2581 456 2648 ἆγιον,
492 2585 595 2652 τὴν
617 2586 675 2636 ὲν
702 2585 893 2656 Τριάδι
925 2588 1053 2656 μίαν
1080 2588 1264 2657 φύσιν,
1296 2592 1430 2662 ὅπερ
1463 2594 1610 2646 ἐστὶν
1637 2595 1669 2666 ἡ
1697 2613 1848 2663 τρια-

277 2673 405 2744 and:
455 2677 829 2748 προσκύνησις
870 2682 959 2733 καὶ
984 2682 1237 2752 λατρεία.
1280 2684 1404 2738 Ἐπὶ
1432 2685 1488 2739 δὲ
1516 2688 1614 2756 τῆς
1649 2690 1857 2753 εἰκόνος

278 2768 378 2819 τού
430 2767 692 2837 Χριστοῦ,
748 2771 1035 2842 σχετικὴή
1072 2776 1445 2846 προσκύνησις
1496 2779 1591 2831 κα)⁵
1645 2781 1860 2850 ὁμώνυ-

286 2873 387 2924 μος
409 2875 424 2889 ·
454 2860 481 2908 ὁ
514 2860 836 2927 προσκυνῶν
865 2860 975 2930 γὰρ
1017 2863 1188 2930 αὐτὴν
1216 2864 1276 2917 ού
1317 2872 1729 2936 συμπροσκυνεϊ
1765 2870 1859 2923 τὸν

280 2949 505 3017 Πατέρα
538 2950 633 3002 καὶ
670 2951 764 3003 τὸν
793 2952 941 3015 Υίδν,
973 2953 1107 3006 ἀλλὰ
1148 2955 1307 3023 μόνον
1345 2959 1435 3009 τὸν
1461 2959 1519 3009 ὲν
1540 2959 1676 3031 αὐτῇ
1728 2959 1861 3030 Χρι-

284 3042 434 3106 στὸν,
467 3042 558 3094 τδν
578 3044 665 3096 διὰ
694 3044 756 3098 τὸ
789 3047 1144 3116 σαρκωθῆναι
1172 3049 1575 3121 εἰκονιζόμενον
1600 3056 1740 3109 κατὰ
1762 3056 1859 3126 τὴν

284 3136 632 3205 σωματοειδῆ
663 3136 792 3190 θέαν
821 3138 1010 3203 αὐτοῦ,
1048 3141 1183 3209 ὅπερ
1211 3141 1326 3194 ἐστὶ
1356 3145 1579 3215 σχετικὴ
1616 3147 1860 3216 προσκύ-

283 3246 442 3291 νησις
466 3230 559 3282 καί⁵
592 3232 954 3301 ὑποστατική.

1955 2040 2064 2095 lius
2122 2042 2293 2095 beatae
2347 2038 2659 2103 Trinitatis,
2702 2053 2811 2093 non
2862 2040 3029 2093 etiam
3087 2041 3523 2096 venerandarum

1956 2132 2281 2202 imaginum,
2318 2148 2387 2187 ne
2416 2144 2793 2188 creaturarum
2825 2139 2879 2186 et
2901 2132 3258 2188 materiarum
3283 2134 3522 2190 cultores

1956 2237 2078 2277 esse
2136 2222 2439 2277 videamur.

2031 2314 2147 2368 Soli
2202 2315 2422 2386 quidem
2482 2316 2703 2372 Christo
2765 2332 2862 2387 per
2916 2319 3136 2373 latriam
3172 2327 3225 2373 et
3258 2318 3526 2372 naturalis

1958 2407 2208 2462 adoratio
2264 2410 2558 2462 convenit:
2612 2425 2735 2465 nam
2798 2412 2893 2482 qui
2938 2427 3064 2467 eum
3111 2412 3321 2476 adorat,
3358 2412 3523 2466 simul

1958 2500 2151 2553 adorat
2180 2507 2235 2553 et
2262 2498 2460 2554 Filium
2490 2508 2543 2555 et
2576 2500 2791 2557 Patrem
2840 2510 2894 2557 et
2938 2501 3197 2573 Spiritum
3248 2511 3526 2566 sanctum,

1960 2605 2124 2645 unam
2158 2592 2211 2645 in
2264 2590 2530 2647 Trinitate
2562 2602 2836 2660 naturam,
2872 2605 2927 2650 et
2960 2597 3072 2651 haec
3110 2606 3195 2651 est
3230 2595 3524 2651 Trinitatis

1958 2682 2206 2737 adoratio
2241 2691 2296 2738 et
2329 2683 2507 2738 latria.
2537 2684 2767 2755 lmagini
2800 2703 2929 2742 vero
2962 2687 3162 2744 Christi
3198 2691 3257 2743 ﬁt
3279 2689 3528 2744 adoratio

1959 2774 2184 2828 relativa
2228 2782 2283 2829 et
2330 2776 2630 2845 aequivoca.
2666 2775 2769 2842 Qui
2810 2778 2956 2831 enim
3011 2794 3132 2833 eam
3180 2780 3391 2843 adorat,
3419 2795 3526 2833 non

1960 2866 2124 2920 simul
2184 2866 2378 2922 adorat
2430 2866 2647 2923 Patrem
2684 2878 2739 2924 et
2768 2868 2990 2935 Filium,
3026 2872 3119 2926 sed
3152 2872 3330 2927 solum
3373 2874 3426 2926 in
3464 2888 3527 2927 ea

1959 2958 2259 3023 Christum,
2288 2974 2354 3013 eo
2389 2960 2531 3028 quod
2557 2976 2777 3015 carnem
2803 2963 3183 3031 assumpserit,
3208 2978 3528 3032 expressum

1962 3052 2264 3105 secundum
2298 3052 2639 3121 corporalem
2663 3053 2782 3123 ejus
2800 3063 3109 3123 aspectum,
3141 3071 3262 3125 qua:
3290 3066 3374 3112 est
3399 3055 3531 3110 ado-

1961 3144 2101 3197 ratio
2127 3144 2347 3198 relativa
2376 3152 2431 3198 et
2464 3143 2823 3215 bypostatica.

367 3323 428 3373 '0
454 3324 551 3388 μὲν
579 3323 810 3389 Χριστὸς
842 3300 1030 3391 όρύῖται
1083 3325 1141 3377 ὲν
1183 3328 1252 3396 τῇ
1281 3329 1451 3381 εἰκόνι
1496 3329 1686 3394 αὑτοῦ,
1720 3331 1857 3401 αῦτη

2033 3323 2289 3381 Christus
2339 3328 2557 3396 quidem
2610 3330 2665 3383 in
2715 3345 2811 3384 sua
2847 3330 3083 3401 imagine
3108 3332 3374 3396 cernitur,
3409 3345 3529 3402 que

282 3414 341 3468 δὲ
375 3415 670 3477 ὑφίσταται
702 3418 759 3467 ἐν
816 3415 980 3486 αὐτῷ,
1031 3420 1168 3488 ὅπερ
1202 3422 1233 3488 ἡ
1270 3423 1396 3474 σκιὰ
1425 3422 1503 3491 τῷ
1537 3423 1771 3493 σώματι,
1802 3420 1862 3479 οὗ

285 3510 381 3559 καὶ
417 3509 736 3577 μερισθῆναι
770 3509 978 3577 ταύτην
1033 3511 1342 3580 ἀμήχανον,
1375 3514 1477 3566 κᾶν
1512 3515 1582 3585 μὴ
1614 3516 1699 3568 διὰ
1730 3535 1864 3570 παν-

282 3602 375 3661 τὸς
417 3601 555 3668 αὕτη
583 3602 864 3669 φαίνηται.
919 3602 1060 3653 Ἀλλ’
1092 3602 1278 3672 ὥσπερ
1307 3606 1335 3673 ἡ
1373 3606 1499 3657 σκιὰ
1531 3609 1595 3676 τῇ
1633 3607 1865 3676 ἐπιλάμ-

282 3695 379 3762 ψει
407 3693 680 3747 δείκνυται
718 3692 811 3747 τοῦ
843 3694 1016 3763 ἡλίου,
1052 3694 1194 3748 οὕτω
1243 3700 1337 3750 καὶ
1360 3700 1393 3767 ἡ
1426 3700 1661 3770 Χριστοῦ
1701 3701 1865 3756 εἰκὼν

284 3786 355 3853 τῇ
382 3784 713 3835 διατυπώσει
746 3783 846 3850 τῆς
887 3783 1038 3853 ὕλης.

362 3878 471 3943 Οὐχ
500 3877 575 3936 ὠς
618 3875 774 3939 θεοὺς
828 3875 928 3938 τὰς
980 3876 1197 3939 εἰκόνας
1252 3879 1686 3950 προσκυνοῦμεν,
1743 3882 1864 3935 οὐδὲ

285 3967 385 4030 τὰς
414 3970 634 4030 ἐλπίδας
664 3971 763 4039 τῆς
797 3969 1069 4037 σωτηρίας
1103 3970 1159 4020 ὲν
1188 3969 1378 4032 αὑταῖς
1408 3972 1628 4041 ἔχομεν,
1657 3973 1777 4025 οὐδὲ
1807 3975 1866 4026 τὸ

287 4061 434 4113 θεῖον
483 4062 646 4128 σέϐας
707 4064 899 4125 αὐταῖς
938 4062 1313 4132 ἀπονέμομεν,
1361 4063 1435 4126 ὡς
1473 4066 1523 4117 οἱ
1596 4066 1866 4136 Ἑλλήνων

290 4154 501 4217 παῖδες,
528 4153 664 4206 ἀλλὰ
694 4155 856 4223 μόνον
909 4155 1007 4224 τὴν
1038 4155 1224 4223 σχέσιν
1259 4155 1358 4207 καὶ
1392 4157 1487 4223 τὴν
1522 4158 1747 4227 ἀγάπην
1771 4162 1867 4227 τῆς

286 4245 448 4315 ἡμῶν
471 4247 671 4315 ψυχῆς,
717 4250 783 4317 ῆν
817 4248 1016 4317 ἔχομεν
1061 4250 1137 4311 είς
1171 4249 1238 4300 τὰ
1268 4250 1627 4318 πρωτότυπα,
1656 4251 1744 4304 διὰ
1771 4254 1869 4320 τῆς

285 4336 548 4402 τοιαύτης
580 4339 1000 4405 προσκυνήσεως
1043 4338 1433 4406 ὲμφανὶζομεν.
1458 4338 1621 4391 Ὅθεν
1653 4339 1745 4391 τοῦ
1775 4357 1871 4408 χα-

292 4429 566 4498 ρακτῆρος
595 4429 867 4494 λυθέντος,
890 4430 963 4492 ὡς
993 4429 1149 4495 ξύλον
1175 4432 1365 4499 ἀργὸν,
1398 4430 1498 4500 τήν
1528 4446 1659 4482 ποτε
1694 4447 1867 4485 κατα·

288 4522 520 4589 καίομεν
550 4520 759 4575 εἰκόνα.

840 4612 978 4679 Περὶ
1023 4610 1311 4679 σταυροῦ.

362 4706 468 4758 Τὸν
500 4703 596 4756 τοῦ
630 4702 865 4769 σταυροῦ
897 4702 1068 4754 τύπον
1100 4704 1162 4755 ἐκ
1214 4703 1309 4755 δύο
1363 4702 1536 4768 ξύλων
1568 4706 1865 4759 συνάπτον·

286 4815 401 4859 τες,
437 4796 597 4864 ἡνίκα
644 4812 727 4858 τις
761 4796 892 4864 ἡμῖν
942 4795 1049 4847 τῶν
1102 4795 1343 4848 ἀπίστων
1389 4797 1867 4863 ἐγκαλέσαιεν.ὡς

292 4887 450 4952 ξύλον
481 4886 871 4955 προσκυνοῦσι,
908 4885 1184 4954 δυνάμεθα
1216 4887 1283 4937 τὰ
1307 4886 1399 4938 δύο
1436 4886 1568 4949 ξύλα
1594 4887 1864 4958 χωρίσαν-

288 4996 407 5043 τες,
437 4979 531 5031 καὶ
560 4978 649 5030 τὸν
676 4977 846 5029 τύπον
892 4976 983 5028 τοῦ
1017 4976 1249 5046 σταυροῦ
1298 4976 1669 5041 διαλύσαντες,
1698 4977 1867 5030 ταῦτα

292 5073 713 5140 νομίζεινρργὰ
740 5071 894 5135 ξύλα,
929 5072 1023 5123 καὶ
1065 5072 1157 5122 τὶιν
1201 5071 1429 5123 ἄπιστον
1464 5071 1864 5141 ἐπιστομίζειν,

290 5168 375 5219 ὅτι
405 5166 464 5217 ού
500 5165 561 5217 τὸ
585 5162 779 5230 ξύλον,
818 5163 953 5216 ἀλλὰ
981 5163 1071 5215 τὸν
1100 5162 1194 5216 τοῦ
1246 5162 1480 5232 σταυροῦ
1510 5162 1681 5215 τύπον
1717 5163 1868 5214 σεϐό-

296 5255 463 5324 μεθα.

368 5351 472 5403 Σὺν
508 5349 658 5417 φόϐῳ
687 5349 783 5402 καὶ
808 5347 1036 5416 ἀληθείᾳ
1078 5349 1387 5417 προσιτέον,
1424 5349 1518 5401 καὶ
1554 5364 1865 5417 προσκυνηο

292 5443 416 5495 τέον
444 5441 538 5503 τὰς
559 5441 721 5508 ἁγίας
751 5440 993 5503 εἰκόνας,
1025 5442 1120 5491 καὶ
1155 5442 1475 5492 πιστευτέον
1520 5441 1680 5509 χάριν
1715 5440 1867 5493 θείαν

296 5533 584 5600 ἑπιξοιτᾷν
621 5534 675 5582 ὲν
699 5530 910 5594 αὐταῖς,
948 5531 1221 5597 ἀγιασμοῡ
1253 5531 1635 5598 μεταδοτικήν.

319 5621 578 5690 Διαφορὰ
614 5621 733 5674 τῶν
760 5619 1002 5675 σεπτῶν
1028 5623 1277 5674 εἰκόνων
1313 5620 1459 5687 πρὸς
1488 5620 1557 5673 τὰ
1587 5621 1827 5674 εῖδωλα.

378 5714 445 5766 Ἠ
481 5713 753 5782 σεϐασμία
811 5714 977 5766 εἰκὼν
1033 5714 1169 5783 πρὸς
1208 5714 1267 5765 τὸ
1310 5712 1598 5781 βδελυκτὸν
1649 5713 1865 5765 εἴδωλον

295 5804 499 5871 ταύτην
524 5804 636 5873 ἔχει
658 5803 756 5872 τὴν
788 5801 1077 5870 διαφορὰν,
1109 5803 1190 5855 ὃτι
1223 5802 1331 5854 τῶν
1366 5801 1464 5870 μὲν
1506 5801 1739 5854 εἰδώλων
1800 5802 1865 5854 τὰ

296 5896 628 5961 πρωτότυπα
656 5894 827 5965 ψευδῆ
856 5894 1138 5964 τυγχάνει,
1172 5893 1310 5945 θεῶν
1342 5892 1449 5961 γὰρ
1492 5893 1863 5962 ἐκτυπὼματα

1963 3424 2016 3471 et
2046 3416 2101 3471 in
2143 3421 2262 3486 ipso
2301 3419 2555 3475 subsistit
2582 3431 2640 3475 ut
2669 3423 2858 3476 umbra
2912 3424 2967 3477 in
3004 3438 3252 3492 corpore,
3283 3441 3311 3477 a
3343 3439 3451 3493 quo
3477 3432 3532 3479 et

1964 3509 2111 3563 illam
2163 3513 2406 3581 separari
2447 3511 2788 3583 impossibile
2831 3525 2937 3579 est,
2992 3517 3118 3571 licet
3170 3518 3261 3571 illa
3316 3531 3531 3585 semper

1965 3617 2073 3655 non
2110 3614 2351 3671 apparet.
2383 3603 2485 3659 Sed
2524 3607 2982 3676 quemadmodum
3018 3609 3208 3663 umbra
3241 3610 3533 3679 splendore

1966 3694 2095 3747 solis
2120 3706 2367 3764 apparet,
2397 3696 2464 3749 ad
2495 3698 2744 3751 eumde
2773 3700 2993 3753 modum
3030 3706 3085 3753 et
3109 3699 3314 3755 Christi
3349 3700 3528 3769 imago

1967 3787 2209 3838 materia:
2238 3787 2583 3853 ﬁguratione.

2038 3874 2154 3927 Non
2212 3883 2270 3928 ut
2302 3878 2433 3929 deos
2494 3876 2756 3943 imagines
2812 3876 3131 3940 adoramus,
3176 3890 3352 3946 neque
3383 3877 3435 3930 in
3466 3876 3534 3932 iis

1969 3984 2120 4038 spem
2154 3968 2346 4023 salutis
2378 3970 2664 4032 habemus,
2693 3983 2869 4037 neque
2899 3969 3105 4023 cultum
3139 3969 3382 4023 divinum
3421 3969 3530 4022 illis

1969 4060 2294 4129 praebemus,
2325 4071 2383 4114 ut
2412 4061 2696 4130 gentilium
2730 4061 2825 4114 ﬁlii
2852 4081 2865 4114 :
2904 4061 2999 4115 sed
3031 4061 3205 4115 solum
3247 4060 3416 4114 animi
3441 4075 3533 4114 nov

1970 4151 2070 4204 stri
2101 4151 2351 4205 allectum
2382 4161 2434 4205 et
2476 4153 2827 4217 charttatem,
2859 4167 2963 4220 qua
2997 4163 3317 4222 pretotypos
3351 4167 3533 4222 prose-

1969 4242 2211 4311 quimur,
2248 4243 2557 4311 hujnsmodi
2597 4242 2913 4297 adoratione
2957 4242 3324 4297 ostendimus.
3382 4241 3533 4297 Unde

1969 4332 2286 4387 charactere
2333 4335 2535 4397 soluto,
2598 4343 2656 4388 ut
2707 4337 2908 4405 lignum
2939 4335 3204 4402 otiosum,
3260 4336 3449 4401 talem,
3484 4337 3529 4392 si

1969 4426 2189 4495 quando
2220 4425 2407 4491 fuerit,
2433 4427 2814 4484 comburimus
2844 4428 3160 4497 imaginem.

2617 4604 2694 4658 De
2720 4621 2893 4659 cruce.

2041 4697 2234 4753 Crucis
2270 4697 2499 4767 ﬁguram
2550 4712 2617 4752 ex
2667 4698 2881 4753 duobus
2911 4699 3077 4768 lignis
3117 4714 3531 4773 componentes,

1970 4790 2013 4845 si
2047 4791 2262 4859 quando
2286 4790 2584 4844 inﬁdelium
2618 4790 2817 4859 aliquis
2851 4807 2948 4846 nos
2972 4795 3353 4861 reprehendat,
3383 4800 3529 4865 quod

1970 4884 2174 4953 lignum
2210 4885 2537 4947 adoremus;
2572 4897 2886 4951 possumus.
2915 4884 3130 4939 duobus
3165 4885 3327 4955 lignis
3379 4903 3535 4956 sepa-

1968 4976 2123 5039 ratis,
2158 4984 2212 5031 et
2244 4977 2429 5030 crucis
2464 4977 2634 5043 ﬁgura
2682 4975 2969 5037 dissoluta,
3002 4990 3063 5029 ea
3110 4975 3323 5029 inutilia
3384 4977 3528 5047 ligna

1967 5076 2216 5127 censere,
2242 5071 2295 5115 et
2316 5063 2547 5116 inﬁdelis
2578 5078 2640 5117 os
2668 5064 2975 5125 obStruere,
2999 5062 3143 5131 quod
3164 5078 3273 5117 non
3299 5065 3547 5135 lignutn,.

1969 5154 2063 5208 sed
2098 5154 2279 5209 crucis
2320 5145 2545 5223 ﬁguram
2584 5170 2927 5209 veneremur.

2040 5336 2096 5390 ln
2126 5337 2317 5390 timore
2350 5345 2402 5391 et
2434 5335 2666 5389 veritate
2711 5350 2896 5389 sacras
2942 5334 3210 5402 imagines
3263 5334 3530 5390 accedere

1967 5441 2021 5485 et
2068 5431 2301 5485 adorare
2339 5437 2572 5498 oportet,
2614 5437 2667 5482 et
2719 5427 2941 5482 credere
3000 5424 3240 5505 divinam
3295 5426 3524 5495 gratiam

1969 5523 2075 5576 illis
2112 5523 2311 5585 inesse,
2335 5537 2455 5590 qua:
2491 5519 2976 5574 sanctilicatiunem
3006 5517 3336 5585 impertitur.

1976 5614 2045 5667 De
2083 5614 2384 5681 differentia
2442 5611 2860 5667 venerandarum
2918 5609 3210 5677 imaginum
3246 5608 3310 5659 ab
3345 5607 3525 5661 idolis.

2042 5705 2360 5759 Veneranda
2397 5706 2574 5772 imago
2602 5704 2670 5755 al)
2704 5698 3056 5755 abominabili
3094 5698 3240 5752 idolo
3270 5697 3409 5752 hanc
3436 5698 3531 5750 ha-

1968 5798 2057 5851 bet
2094 5796 2480 5859 diﬁ‘erentiam,
2503 5794 2646 5862 quod
2678 5792 2897 5861 quidem
2930 5790 3201 5844 idolorum
3239 5798 3519 5858 prototypa

1968 5898 2095 5945 sunt
2122 5889 2275 5953 falsa,
2305 5888 2528 5941 deormn
2564 5885 2707 5940 enim
2739 5882 2939 5951 etligies
2964 5881 3109 5936 dicta
3142 5892 3303 5935 sunt:
3334 5894 3386 5933 at
3417 5894 3519 5934 non
