4214 6434
708 382 841 449 1⁸271

1896 388 1953 446 Μ
1964 387 2270 449 ΑΤΤΗᾸΞΙ
2312 388 2737 452 BLASTARIS

3827 383 3965 450 1272

700 498 927 549 deorum
975 501 1125 559 sunt,
1184 492 1279 550 sed
1335 492 1665 560 daemonum,
1699 501 1761 549 ut
1816 492 1950 550 dicit
1990 496 2313 565 Prophetaj

2384 498 2509 557 εἰναι
2534 501 2828 570 λεγόμενα,
2874 501 2937 555 ού
2975 500 3135 566 θεῶν,
3195 500 3329 556 ἀλλά
3368 499 3643 571 δαιμόνων
3695 502 3858 567 εἰσὶν,
3888 499 3966 564 ὣς

698 582 844 648 «ευοὰ
888 598 1107 639 «omnes
1139 582 1383 653 gentium
1438 582 1513 637 dii
1564 592 1693 639 sunt
1716 582 2005 638 daemonia'
2041 602 2060 635 ι
2099 586 2271 640 hono-

702 678 1000 730 randarum
1048 684 1230 729 autem
1278 674 1579 746 imaginum
1620 689 1749 731 vera
1800 685 1926 730 sunt
1971 677 2156 731 omnia
2187 692 2273 731 ar-

701 768 955 839 chetypa.
1014 768 1190 823 Unius
1228 769 1376 824 enim
1426 776 1513 823 est
1563 766 1855 835 Christus;
1892 770 2118 826 alterius
2175 769 2272 823 Dei

704 868 919 925 mater;
952 859 1179 915 alterius
1209 857 1522 916 Praecursor
1547 876 1562 923 ;
1586 868 1639 914 et
1670 860 2108 930 uniuscujusque
2147 874 2275 914 san-

702 960 915 1006 ctorum
973 952 1210 1008 aliorum
1253 952 1471 1022 aliquis.
1510 952 1756 1018 Quorum
1798 968 1929 1008 vero
1983 962 2271 1023 prototypa

705 1054 834 1098 sunt
889 1044 1051 1107 falsa.
1108 1061 1298 1100 eorum
1359 1042 1555 1118 neque.
1588 1046 1855 1115 imagines
1911 1060 2090 1114 neque
2130 1045 2273 1099 idola

709 1137 867 1208 113
894 1138 1043 1205 juste
1076 1139 1331 1194 dicantur
1363 1154 1506 1205 esse,
1535 1141 1629 1194 sed
1665 1138 1989 1207 simpliciter
2014 1151 2276 1192 manuum

711 1230 997 1285 hominum
1046 1247 1210 1301 opera
1263 1247 1404 1287 vana
1458 1242 1510 1286 et
1561 1231 1800 1295 inutilia,
1833 1242 1885 1286 et
1916 1241 2078 1287 terra}
2112 1230 2281 1284 surda

710 1322 958 1378 materia.
1016 1322 1081 1377 Et
1142 1324 1195 1377 in
1247 1324 1576 1394 imaginibus
1606 1323 1825 1390 quidem
1859 1324 2305 1393 protmyporum'

706 1412 899 1468 forma:
958 1416 1345 1477 ostenduntur,
1405 1417 1460 1469 in
1516 1416 1679 1469 idolis
1728 1429 1857 1468 vero
1905 1426 2275 1482 nequaquam.

706 1504 842 1560 Nam
883 1506 1015 1560 idoli
1080 1506 1232 1562 Jovis
1280 1516 1631 1577 prototypum
1668 1517 1749 1562 est
1802 1506 2008 1571 aether;
2049 1502 2280 1558 lunonis

710 1614 859 1660 vero,
895 1614 1024 1661 aer;
1064 1598 1322 1668 Neptuni,
1354 1615 1531 1670 aqua;
1562 1599 1803 1665 Cereris,
1848 1609 1992 1655 terra
2029 1613 2044 1663 ;
2078 1596 2283 1667 Apolli-

710 1689 816 1754 nis,
868 1691 989 1754 sol;
1032 1690 1237 1756 Dianae,
1286 1691 1453 1757 luna;
1489 1691 1697 1754 Martis,
1750 1692 2010 1756 animus;
2062 1688 2282 1750 Bacchi,

706 1781 946 1837 ebrietas
979 1798 993 1846 ;
1030 1776 1276 1847 Veneris,
1311 1782 1559 1848 lascivia,
1611 1792 1664 1838 et
1719 1782 1978 1838 similiter
2005 1783 2071 1835 de
2109 1779 2233 1833 aliis
2265 1796 2279 1832 :

707 1882 760 1924 ιιι
791 1872 1027 1925 maxime
1056 1872 1123 1925 de
1155 1871 1447 1928 duodecim
1481 1872 1909 1941 antiquioribus.
1931 1871 2079 1926 ldola
2111 1870 2280 1940 igitur
2312 1866 2313 1871 “

2384 1876 2611 1945 λαγνεία
2636 1915 2650 1939 ,
2703 1875 2797 1926 καὶ
2848 1870 2958 1924 τῶν
2993 1868 3167 1923 ἄλλων
3198 1866 3401 1933 δμοῖως
3429 1880 3441 1893 ·

710 1964 902 2017 horum
940 1963 1187 2018 omnium
1219 1966 1515 2019 humanam
1558 1963 1803 2018 referunt
1855 1962 2115 2031 speciem.
2150 1960 2283 2027 Quae

708 2072 840 2110 vero
871 2056 1134 2111 dicuntur
1182 2066 1464 2127 prototypa
1506 2057 1693 2111 talium
1726 2057 2054 2125 imaginum,
2086 2054 2282 2123 partim

708 2150 931 2215 quidem
992 2150 1194 2204 habent
1245 2148 1492 2203 diversas
1564 2147 1796 2213 formas,
1849 2156 1908 2201 ut
1965 2147 2281 2207 elementa;

710 2242 904 2309 partim
935 2250 1063 2295 sunt
1099 2240 1325 2295 omnino
1364 2242 1573 2309 absque
1617 2239 1816 2317 formal,
1845 2250 1904 2294 ut
1945 2240 2236 2308 passiones
2268 2252 2284 2303 ;

708 2334 896 2388 nuinia
929 2347 1060 2388 vero
1086 2334 1195 2387 vita
1243 2335 1489 2388 carentia
1520 2343 1575 2387 et
1606 2333 1971 2387 insensibilia.

1154 2422 1308 2479 CAP.
1337 2424 1448 2479 Vll.
1472 2425 1545 2478 De
1569 2423 1830 2479 incendio.

1411 2513 1594 2584 Leges.

786 2606 843 2661 Si
893 2607 1037 2676 quis,
1079 2605 1300 2676 stipulae
1327 2605 1413 2661 sui
1443 2606 1633 2675 praedii
1666 2605 2061 2661 comburendae
2096 2618 2286 2668 causa,

712 2702 793 2756 illi
824 2703 1000 2772 ignem
1043 2700 1336 2754 immiserit
1364 2739 1379 2763 ,
1418 2708 1473 2755 et
1504 2698 1646 2770 ignis
1687 2700 1920 2755 ulterius
1958 2712 2289 2769 progressus

714 2792 894 2845 aliena
952 2790 1233 2847 exusserit
1290 2788 1518 2859 praedia,
1574 2789 1660 2843 vel
1714 2789 1955 2842 alienum
2020 2789 2287 2848 vinetum,

717 2892 936 2955 oportet
962 2883 1278 2937 audientem
1316 2882 1666 2945 examinare;
1703 2888 1758 2935 et
1805 2880 1851 2934 si
1884 2894 1981 2948 per
2006 2878 2289 2949 negligen-

718 2976 851 3032 tiam
891 2975 979 3028 vel
1019 2972 1344 3042 imperitiam
1399 2970 1755 3026 accendentis
1798 2971 1901 3026 iste
1938 2970 2082 3041 ignis
2117 2969 2321 3022 conti»

718 3067 889 3136 gerit,
914 3065 1001 3119 vel
1037 3066 1081 3120 si
1134 3078 1244 3117 non
1284 3063 1413 3117 totis
1448 3063 1661 3117 viribus
1689 3060 1939 3125 cavebat,
1976 3076 2045 3114 ne
2071 3058 2290 3113 ﬂamma

720 3158 955 3213 ulterius
1012 3156 1457 3226 progrederetur,
1508 3162 1567 3208 ut
1626 3154 1910 3224 negligens
1966 3163 2022 3207 et
2064 3153 2292 3225 ignavus

718 3248 844 3301 talis
876 3248 1300 3300 condemnatur.
1333 3245 1389 3298 Si
1423 3257 1553 3298 vero
1594 3220 1910 3297 omnia‘illc
1940 3220 2291 3302 observabat,

722 3342 948 3407 repente
991 3346 1175 3390 autem
1224 3343 1424 3389 ventus
1476 3342 1702 3389 exortus
1748 3334 1891 3403 ignis
1932 3330 2205 3385 ﬂammam
2244 3331 2296 3382 in

723 3427 1111 3500 combustibile
1177 3427 1511 3493 immiserit,
1573 3425 1690 3481 sine
1749 3425 1908 3494 culpa
1968 3424 2061 3497 qui
2120 3424 2296 3493 ignem

723 3520 970 3575 accendit
998 3518 1295 3588 iudicatur.

800 3697 857 3753 Si
912 3713 1042 3753 casu
1097 3697 1283 3766 aliquo
1329 3696 1526 3749 domus
1584 3691 1818 3758 alicujus
1865 3689 2206 3750 incendatur,
2246 3696 2301 3740 et

728 3790 927 3845 exinde
960 3789 1440 3859 ignis-excurrens,
1464 3784 1769 3854 adjacentia
1801 3780 2075 3845 incendat,
2096 3779 2301 3834 nemini

730 3884 1023 3954 subjicitur
1060 3881 1154 3953 qui
1202 3880 1382 3949 primo
1419 3878 1733 3933 incendium
1778 3891 1979 3945 passus
2006 3886 2108 3928 est.
2146 3874 2301 3940 Quod

732 3979 889 4042 titiex
914 3990 1045 4029 casu
1082 3972 1416 4033 incendium,
1450 3972 1809 4025 condonatur.

801 4069 905 4135 Qui
939 4069 1161 4121 domum
1182 4064 1267 4118 vel
1301 4064 1618 4117 thesaurum
1653 4061 1818 4115 tritici
1844 4058 2082 4113 scienter
2115 4058 2303 4112 incen-

731 4160 833 4222 dit,
867 4159 1042 4228 primo
1077 4156 1417 4218 verberatus,
1444 4152 1644 4207 deinde
1678 4152 2057 4205 comburatur.

806 4251 909 4318 Qui
940 4252 1165 4305 domum
1206 4246 1439 4317 alicujus
1479 4259 1577 4317 per
1602 4242 1787 4298 dolum
1828 4243 2091 4305 incendit,
2130 4240 2307 4311 capite

735 4347 1020 4416 puniatur.

810 4436 868 4490 Si
909 4435 1057 4502 quis,
1099 4429 1358 4485 incendio
1396 4428 1561 4495 tacto,
1594 4434 1653 4480 ut
1684 4423 1958 4495 propriam
1998 4431 2306 4479 conservet.

2376 608 2545 662 φησιν
2576 593 2604 644 6
2633 591 2946 662 προφήτης,
2993 591 3076 643 ὅτι
3114 608 3133 643 ι
3169 591 3370 654 πάντες
3405 592 3454 643 οἰ
3500 588 3614 642 θεοὶ
3640 588 3751 640 τῶν
3796 586 3969 640 ὲθνιῖιν

2373 682 2630 752 δαιμόνια
2651 697 2663 710 ·
2679 699 2697 733 ι
2726 680 2836 735 τῶν
2853 681 2909 733 δὲ
2935 681 3132 750 τιμίων
3153 680 3377 733 εἰκόνων
3396 679 3571 748 ἀληθῆ
3592 677 3660 730 τὰ
3681 676 3970 747 ἀρχέτυπα

2376 778 2577 830 πάντα.
2607 775 2721 842 Τῆς
2749 774 2847 843 μὲν
2870 774 2975 843 γὰρ
3010 776 3037 825 6
3055 773 3310 842 Χριστὸς,
3332 773 3431 841 τῆς
3476 770 3531 824 δὲ
3562 772 3593 838 ἡ
3624 769 3928 838 Θεομήτωρ
3948 784 3967 803 ο

2377 868 2476 937 τῆς
2522 868 2578 921 δὲ
2609 870 2636 919 6
2666 867 3004 936 Πρόδρομοςο
3026 865 3121 918 καὶ
3144 865 3384 932 ἑκάστης
3402 862 3635 924 ἕκαστος
3650 860 3760 913 τῶν
3788 858 3970 914 ἄλλων

2380 962 2573 1024 ἁγίων.
2606 956 2711 1013 Ὦν
2748 960 2802 1012 δὲ
2854 958 2923 1012 τὰ
2981 957 3320 1028 πρωτότυπα
3367 953 3566 1023 ψευδῆ,
3602 951 3817 1005 τούτων
3845 950 3970 1002 οὐδὲ

2380 1054 2608 1116 εἰκόνες,
2636 1051 2757 1104 οὐδὲ
2795 1049 2993 1103 εἴδωλα
3022 1045 3250 1114 λέγοιντ’
3275 1045 3338 1098 ἂν
3363 1043 3607 1105 δικαίως,
3633 1040 3748 1092 ἀλλ’
3774 1038 3969 1099 ἁπλῶς

2381 1146 2520 1216 ἔργα
2549 1142 2750 1214 χειρῶν
2786 1142 3091 1213 ἀνθρώπων
3148 1138 3355 1205 μάταια
3402 1134 3499 1188 καὶ
3532 1134 3809 1202 ἄχρηστα,
3873 1128 3971 1180 καὶ

2382 1240 2485 1307 γῆς
2515 1236 2617 1305 ὕλη
2640 1218 2839 1309 κωφήᾎ
2874 1234 2968 1287 καὶ
2988 1233 3109 1294 ταῖς
3150 1230 3249 1300 μὲν
3289 1230 3493 1281 εἰκόσιν
3519 1228 3573 1278 αἰ
3609 1224 3820 1295 μορφαὶ
3854 1220 3969 1272 τῶν

2384 1326 2760 1399 πρωτοτύπων
2795 1322 3176 1392 ὲμφαίνονται,
3232 1322 3342 1379 τοῖς
3396 1316 3639 1377 εἰδώλοις
3696 1313 3755 1364 δὲ
3810 1314 3970 1364 0661-

2388 1398 2669 1490 μῶςίΤοῦ
2702 1416 2802 1485 μὲν
2831 1413 2939 1482 γὰρ
2981 1411 3200 1464 εἰδώλου
3252 1408 3343 1463 τοῦ
3383 1408 3502 1469 Διὸς
3533 1404 3893 1475 πρωτότυπον
3943 1400 3972 1450 6

2384 1513 2549 1582 αἰθήρ
2575 1528 2588 1543 ·
2620 1511 2720 1579 τῆς
2778 1508 2833 1560 δὲ
2864 1507 3065 1575 Ἥρας.
3108 1506 3136 1557 6
3168 1504 3277 1571 ἀήρ
3300 1518 3314 1531 ’
3363 1498 3459 1553 τοῦ
3491 1495 3851 1556 Ποσειδῶνος.
3912 1492 3973 1543 τὸ

2388 1603 2567 1671 ὕδωρ’
2614 1602 2712 1669 τῆς
2776 1597 3094 1667 Δήμητρας,
3144 1594 3177 1662 ἡ
3234 1592 3341 1659 γῆν
3388 1588 3484 1643 τοῦ
3537 1585 3899 1647 Ἀπόλλωνος,
3943 1583 3971 1632 6

2385 1696 2569 1766 ἥλιος·
2625 1692 2725 1757 τῆς
2796 1688 3137 1758 Ἀρτέμιδος,
3176 1688 3210 1755 ἡ
3249 1683 3483 1752 σελήντγ
3538 1678 3635 1732 τοῦ
3671 1680 3912 1743 Ἄρεως,
3946 1674 3975 1724 6

2389 1765 2592 1853 θυμός·
2634 1781 2729 1835 τοῦ
2786 1778 3069 1841 Διονύσου,
3127 1778 3160 1846 ἡ
3193 1774 3372 1844 μέθη·
3414 1772 3513 1843 τῆς
3557 1768 3906 1839 ⁹Αφροδίτης,
3939 1765 3972 1831 ἡ

3495 1861 3591 1917 καὶ
3620 1858 3827 1930 μᾶλλον
3860 1857 3973 1907 τῶν

2382 1969 2590 2022 δώδεκα
2615 1964 2727 2019 τῶν
2782 1961 3181 2031 παλαιοτέρων.
3241 1958 3323 2010 Τά
3357 1956 3455 2025 μὲν
3490 1952 3585 2007 οὖν
3616 1950 3817 2005 εἰδωλα
3844 1947 3971 1999 τού-

2383 2078 2493 2114 των
2522 2061 2740 2114 πάντων
2765 2054 3215 2125 ἀνθρωπόμορφα
3237 2068 3249 2080 “
3300 2051 3370 2103 τὰ
3408 2049 3465 2102 δὲ
3509 2045 3784 2114 λεγόμενα
3816 2058 3970 2110 πρω-

2387 2154 2595 2205 πτότυπα
2624 2149 2733 2203 τῶν
2754 2147 3016 2201 τοιούτων
3044 2143 3276 2197 εἰδώλων
3303 2184 3316 2205 ,
3373 2142 3439 2193 τὰ
3476 2138 3573 2208 μὲν
3599 2135 3972 2206 ἑτερόμορφα,

2386 2247 2529 2310 λέγω
2556 2244 2619 2314 δὴ
2647 2244 2715 2295 τὰ
2747 2240 3010 2309 στοιχεῖα,
3037 2236 3108 2289 τὰ
3138 2235 3197 2288 δὲ
3239 2231 3521 2292 παντελῶς
3554 2230 3803 2299 ἄμορφα,
3828 2225 3973 2292 φημὶ

2390 2334 2451 2400 δὴ
2474 2333 2538 2387 τὰ
2568 2332 2716 2400 πάθη
2738 2349 2750 2362 ’
2794 2330 2972 2383 πάντα
2998 2326 3052 2379 δὲ
3083 2324 3237 2387 ἀξωα
3267 2323 3362 2377 καὶ
3394 2318 3719 2386 ἀναίσθητα.

2722 2420 2977 2475 ΚΕΦΑΛ.
2997 2419 3069 2471 Ζ’.
3100 2414 3239 2483 Περὶ
3266 2409 3647 2484 ἐμπρησμοῦ.

3067 2509 3283 2575 Νόμος.

2462 2608 2530 2662 Εἰ
2559 2624 2641 2669 τις
2674 2604 2931 2670 καλάμην
2988 2600 3085 2652 τοῦ
3137 2595 3269 2648 ἰδίου
3304 2590 3587 2663 χωραφίου
3642 2586 3972 2658 βουλόμενος

2391 2703 2615 2762 καῦσαι,
2667 2695 2891 2750 ἐνέϐαλε
2922 2690 3046 2746 κατ’
3074 2687 3242 2744 αὐτοῦ
3278 2683 3414 2753 πῦρ,
3438 2681 3498 2736 τὸ
3524 2681 3582 2735 δὲ
3614 2678 3723 2748 πῦρ
3750 2676 3843 2727 καὶ
3874 2689 3973 2725 πε-

2395 2793 2630 2866 ραιτέρω
2668 2787 2931 2861 προελθὸν
2960 2785 3027 2837 τά
3055 2780 3310 2849 ἀλλότρια
3342 2774 3647 2831 κατέκαυσε
3690 2768 3969 2866 χωράφια,

2391 2855 2424 2957 ἧ
2454 2855 2857 2951 τὸν-ἀλλότριον
2883 2874 3212 2946 ἀμπελῶνα,
3241 2869 3326 2922 δεῖ
3356 2866 3448 2920 τὸν
3478 2861 3757 2933 ἀκροατὴν
3785 2855 3975 2921 ἐξετά-

2392 2950 2543 3039 ξειν⁸
2592 2972 2689 3024 καὶ
2731 2950 2780 3021 εἰ
2839 2966 2939 3037 μὲν
2996 2961 3138 3017 κατὰ
3187 2957 3457 3031 ρᾳθυμίαν
3503 2954 3537 3024 ἢ
3573 2950 3835 3018 ἀπειρίαν
3879 2963 3975 2998 του

2393 3048 2698 3130 ἀνάψαντας
2744 3060 2803 3112 τὸ
2830 3056 2941 3128 πῦρ
2973 3054 3129 3108 τοῦτο
3157 3051 3406 3119 γέγονεν,
3446 3046 3478 3116 ἢ
3518 3046 3569 3098 εἰ
3604 3044 3678 3114 μὴ
3726 3056 3977 3110 παρεφυ-

2395 3156 2600 3221 λάξατο
2624 3156 2775 3223 πάσῃ
2825 3140 3082 3217 δυνάμει,
3116 3142 3211 3196 τοῦ
3249 3140 3324 3211 μὴ
3359 3137 3645 3209 προελθεῖν
3674 3135 3775 3192 τὴν
3800 3132 3977 3200 φλόγα

2399 3246 2735 3319 περαιτέρω,
2768 3242 2843 3304 ώς
2874 3238 3156 3307 ἀμελήσας
3194 3236 3221 3286 6
3255 3229 3496 3291 τοιοῦτος
3524 3228 3618 3281 καὶ
3650 3224 3978 3295 ῥαθυμήσας

2400 3313 2852 3401 καταδικάξεται.
2884 3332 2947 3384 Εἰ
2974 3329 3030 3382 δὲ
3073 3326 3251 3381 πάντα
3286 3322 3385 3392 μὲν
3410 3321 3618 3380 ἐκεῖνος
3649 3313 3975 3385 παρεφλά-

2403 3435 2549 3498 ξατο,
2593 3427 2788 3497 ἀθρόον
2834 3424 2891 3477 δὲ
2923 3419 3139 3489 πνεῦμα
3187 3411 3501 3486 προσπεσὸν
3530 3411 3629 3477 τὴν
3675 3406 3771 3460 τοῦ
3804 3405 3980 3470 πυρὸς

2403 3493 2579 3592 τέλόγα
2610 3493 2701 3573 ἐπὶ
2742 3516 2834 3569 τὸν
2871 3510 3179 3584 βλαφθέντα
3236 3506 3590 3575 μετήνεγκεν,
3626 3495 3920 3555 ἀνεύθυνος
3954 3493 3981 3543 6

2402 3616 2462 3667 τὸ
2485 3614 2596 3680 πῦρ
2616 3609 2825 3677 ἀνάψας
2858 3602 3117 3658 διατελεῖ.

2486 3677 2614 3756 Ἐἀν
2662 3700 2770 3753 ἀπό
2796 3712 2939 3757 τινος
2968 3694 3139 3762 τύχης
3170 3687 3317 3751 οἶκός
3359 3702 3504 3748 τινος
3535 3680 3855 3752 ὲμπρησθῇ,
3884 3677 3984 3729 κά.

2404 3797 2585 3852 κεῖθεν
2609 3794 2668 3845 τδ
2690 3790 2801 3859 πῦρ
2840 3785 3114 3856 ὲκδραμὸν
3135 3782 3201 3835 τὰ
3233 3771 3980 3854 συμπαρακείμεναιὲμπρήο

2409 3906 2501 3957 σῃ.
2543 3884 2694 3938 οὐδὲν
2723 3856 3011 3933 ὑπόκειται
3066 3876 3094 3927 6
3136 3871 3256 3925 κατ’
3286 3868 3462 3938 ἀρχὰς
3502 3859 3871 3933 ὲμπρησθείς.
3922 3856 3980 3906 Ὂ

2406 3954 2549 4034 κατὰ
2581 3977 2755 4047 τύχην
2786 3971 3078 4041 γενόμενος
3107 3960 3441 4034 ἐμπρησμὸς
3490 3954 3951 4023 συγγινώσκεται.

2486 4067 2548 4122 '0
2595 4043 2773 4120 οἰκίαν
2808 4063 2841 4131 ἢ
2895 4058 3069 4127 σωρὸν
3109 4057 3258 4109 σίτου
3286 4050 3496 4110 καύσας
3542 4049 3601 4099 ὲν
3627 4043 3855 4111 εἰδήσει,
3883 4055 3980 4090 τυ-

2410 4158 2565 4226 φθείς
2605 4156 2869 4222 πρότερον
2896 4149 3264 4217 πυρίκαυστος
3293 4142 3525 4208 γίνεται.

2495 4250 2554 4301 '0
2591 4246 2733 4301 κατά
2762 4244 2913 4298 δόλον
2944 4239 3155 4301 καύσας
3180 4230 3328 4289 οἶκόν
3357 4248 3526 4294 τινος,
3556 4224 3873 4295 κεφαλικῶς
3908 4239 3985 4274 τι-

2417 4345 2704 4415 μωρεῖται.

2484 4406 2550 4485 έῖ
2588 4448 2670 4492 τις
2719 4421 3050 4497 ἐμπρησμοῦ
3098 4417 3415 4487 γενομένου,
3472 4410 3557 4464 διὰ
3588 4410 3650 4462 τὸ
3690 4409 3865 4460 σῶσαι
3900 4406 3991 4456 ’ἣν

737 4528 906 4583 vicini
941 4527 1163 4580 domum
1209 4522 1565 4586 subverterit,
1600 4530 1780 4575 cessat
1812 4517 1896 4570 lex
1936 4516 2151 4586 Aquilia
2191 4515 2307 4567 sive

2384 4546 2388 4575 ι
2419 4527 2553 4578 ῐδιον
2586 4518 2757 4580 οἶκον,
2794 4513 3160 4583 καταστρέψει
3190 4508 3283 4561 τὸν
3322 4504 3416 4558 τοῦ
3467 4505 3731 4569 γείτονος,
3782 4499 3946 4567 ἀργεῖ
3968 4499 3993 4547 6

740 4625 1023 4685 damnum,
1084 4620 1200 4673 sive
1235 4616 1378 4686 ignis
1413 4612 1779 4683 praecsscrit,
1840 4611 1954 4665 sive
2021 4608 2174 4677 prius
2218 4620 2314 4657 ex-

740 4714 976 4769 stinctus
1010 4715 1105 4766 sit.

1126 4801 1279 4859 CAP.
1314 4800 1451 4856 Vill.
1478 4798 1551 4853 De
1583 4794 1926 4864 cmphyteusi.

814 4898 1009 4964 Quaere
1051 4896 1105 4949 in
1161 4893 1228 4947 i6
1259 4907 1380 4959 cap.
1418 4888 1702 4961 praesentis
1732 4887 1952 4950 litterae,
1985 4898 2111 4937 can.
2147 4881 2212 4932 l2
2244 4896 2312 4933 vu

740 4992 958 5062 synodL

1466 5074 1595 5129 Lex.

816 5175 1130 5232 Centesima
1174 5186 1304 5225 vero
1347 5177 1401 5221 et
1442 5164 1703 5219 vicesima
1754 5160 2045 5217 Iustiniani
2108 5157 2317 5211 novella

748 5263 1270 5325 ait:lnterdicimus
1307 5256 1633 5320 (nconomis,
1667 5264 1721 5307 et
1754 5249 2315 5309 administratoribus,

748 5368 804 5414 et
836 5354 1191 5414 chartulariis
1242 5347 1636 5405 venerabilium
1687 5346 1998 5406 domorum,
2039 5350 2092 5394 et
2127 5354 2317 5392 eorum

750 5450 1076 5521 parentibus
1108 5454 1163 5500 et
1192 5444 1402 5505 liberis,
1438 5441 1519 5495 vel
1550 5440 1674 5494 aliis
1705 5437 1983 5491 afﬁnitatis
2011 5435 2132 5502 jure
2167 5433 2323 5485 aliter

752 5538 1083 5611 conjunctis,
1120 5536 1510 5605 empliyteuses
1540 5543 1592 5586 et
1621 5529 1921 5584 locationes
1944 5526 2027 5579 vel
2055 5524 2321 5595 liypothe-

752 5650 846 5691 cas
881 5646 1065 5688 rerum
1121 5627 1509 5686 immobilium,
1561 5639 1683 5693 quae
1717 5622 1780 5675 ad
1820 5622 1938 5673 ilias
1986 5617 2323 5671 venerabiles

756 5727 950 5783 domos
975 5722 1270 5794 pertinent,
1300 5719 1507 5773 subire.
1543 5717 1623 5767 vel
1662 5731 1752 5783 per
1789 5730 1865 5775 se,
1904 5712 1985 5765 vel
2022 5727 2114 5780 per
2151 5711 2323 5762 inter-

766 5819 969 5889 positas
1002 5828 1281 5887 pet'senns,
1311 5811 1438 5881 quia
1470 5809 1680 5863 irritam
1716 5822 1833 5861 csse
1861 5804 2314 5871 pcrrnutatinmtn

2431 4610 2752 4668 Ἀκουῖ).ιος,
2805 4606 2924 4674 ἦτοι
2978 4603 3011 4671 ὴ
3070 4598 3264 4668 ζημία,
3325 4594 3431 4645 εἴτε
3480 4591 3541 4644 τὸ
3574 4588 3681 4657 πῦρ
3735 4587 3992 4650 ἔφθασεν,

2420 4703 2530 4756 εἴτε
2560 4717 2692 4771 προε
2702 4697 2926 4764 σῦἐσθη.

2688 4790 2941 4845 ΚΕΦᾹΛ.
2976 4782 3060 4838 H'.
3106 4780 3239 4847 Περὶ
3270 4773 3711 4845 ὲιιεςυτεύσεως.

2493 4886 2652 4954 Ζήτει
2702 4884 2758 4934 ὲν
2790 4879 2867 4949 τῷ
2901 4883 2975 4942 ις’
3007 4892 3132 4943 κεφ.
3164 4871 3259 4925 τοῦ
3289 4870 3556 4938 παρόντος
3592 4863 3865 4931 στοιχείου
3897 4880 3994 4915 κα·

2422 4978 2551 5031 νόνα
2584 4974 2655 5028 ιϐ’
2686 4973 2786 5043 τῆς
2814 4972 2857 5035 ζ’
2892 4969 3136 5023 συνόδου.

3092 5059 3315 5126 Νόμος.

2505 5160 2570 5211 ’ἰί
2608 5158 2665 5211 δὲ
2699 5164 2777 5227 ρκ’
2823 5154 3250 5214 ’ῐουστινιάνειος
3306 5150 3494 5217 νεαρὰ,
3530 5142 3997 5214 ’Δπαγορεύομεν,

2426 5254 2576 5321 φησι,
2612 5253 2725 5311 τοῖς
2753 5248 3075 5314 οἰκονόμοις.
3116 5247 3209 5298 καὶ
3255 5243 3576 5308 διοικηταῖς,
3633 5238 3727 5290 καὶ
3769 5252 3998 5303 χαρτου-

2422 5345 2631 5415 λαρῐοις
2656 5342 2764 5394 τῶν
2798 5338 3010 5404 εύαγῶν
3036 5338 3199 5390 οἴκων
3224 5374 3237 5397 ,
3268 5335 3497 5393 καὶτοῖς
3550 5330 3733 5383 αὐτῶν
3776 5326 3996 5394 «(ovs-hi

2424 5454 2484 5489 τε
2521 5438 2617 5489 καὶ
2647 5434 2855 5493 παισὶν,
2898 5430 2931 5499 ἢ
2988 5428 3130 5480 κατά
3163 5426 3321 5493 γένος
3370 5423 3542 5482 ἄλλως
3596 5420 3993 5487 προσήκουσιν,

2426 5522 2788 5594 ὲμφυτεύσεις
2819 5537 2877 5571 τε
2906 5518 3001 5571 καὶ
3035 5515 3347 5585 μισθώσεις,
3369 5514 3534 5583 ἤγουν
3564 5510 3845 5577 ὑποθήκας
3880 5508 3998 5557 ἀκι-

2426 5619 2603 5684 νήτων
2632 5612 3109 5682 πραγμάτων,τοῖς
3141 5608 3321 5666 αὐτοῖς
3341 5602 3597 5671 εὖαγέσιν
3626 5602 3796 5660 οἴκοις
3832 5615 3997 5665 προε-

2426 5707 2692 5774 ηκόντων,
2763 5704 3089 5760 ύπεισιέναι,
3120 5700 3149 5766 ἢ
3187 5696 3251 5748 δι’
3282 5694 3511 5755 ἑαυτῶν,
3548 5693 3579 5761 ἧ
3612 5692 3700 5743 διὰ
3730 5688 3997 5759 παρενθέ-

2431 5816 2534 5851 των
2562 5795 2885 5865 προσώπων,
2925 5793 3045 5843 ἐπεὶ
3087 5788 3375 5852 ἐιίἕτχυρον
3439 5779 3575 5835 εἶναι
3608 5779 3907 5847 κελεύομεν
3938 5780 3987 5828 τλ
