4214 6434
292 444 433 508 1273

1259 448 1666 548 SYNTAGblA
1709 453 2340 514 ALPHABETICUM.
2396 479 2447 487 τ-
2493 453 2558 511 Ε.

3419 448 3551 514 ὶῖά

290 561 648 631 συνάλλαγμα
670 579 683 592 ·
720 562 815 615 καὶ
842 559 1133 615 ὶκπίπτειν
1160 560 1262 631 μὲν
1285 562 1377 616 τὸν
1398 564 1875 633 ὲμφυτευσάμενον

1981 569 2240 636 jubemus
2271 585 2284 621 :
2320 577 2374 621 et
2400 567 2619 635 quidem
2649 564 3057 635 emphyteutan.
3090 574 3134 616 et
3167 574 3361 617 mnum
3384 576 3552 619 totum

289 657 386 708 καὶ
412 652 903 723 ἑκμισθωσὰμινον
934 652 1029 706 τοῦ
1059 653 1486 722 ὶμφυτευθέντος
1518 657 1866 727 πράγματος,

287 747 621 815 ζημιοῦσθαι
652 747 708 799 δὲ
761 747 857 799 καὶ
888 747 989 815 τὴν
1036 746 1472 813 καταϐληθεῖσαν
1514 751 1591 812 εἰς
1627 750 1761 801 αὐτὸ
1795 768 1871 802 τι-

289 838 401 907 μήν
422 852 438 867 ·
469 838 594 899 τοὺς
629 838 685 890 δὲ
721 838 818 907 τὴν
845 837 1099 906 τοιαύτην
1128 840 1463 907 ὲμφύτευσιν
1492 838 1871 909 διαπραξαμέ-

285 947 413 993 νους
469 932 797 999 οἰκονόμους
832 930 1085 983 τοσοῦτον
1116 930 1449 1000 ζημιοῦσθαι
1485 932 1578 983 καὶ
1630 947 1871 1008 προσκυ-

288 1023 522 1092 ροῦσθαι
574 1023 652 1092 τῷ
687 1024 841 1093 οἴκῳ,
872 1024 1007 1091 ὅσην
1037 1024 1129 1076 καὶ
1176 1024 1205 1075 ό
1234 1026 1718 1092 ὲμφυτευσὰμενος
1773 1024 1870 1086 τῆς

285 1115 727 1185 καταϐληθείσης
758 1118 922 1185 τιμῆς
957 1115 1166 1183 ὑπέστη
1200 1114 1422 1184 ζημίαν.
1459 1115 1521 1166 Εἰ
1546 1116 1601 1167 δὲ
1632 1118 1660 1183 ἡ
1696 1114 1862 1182 ἐμφύ-

286 1224 473 1269 τευσις
539 1206 683 1259 κατὰ
734 1206 891 1271 λόγον
943 1204 1239 1275 πραχθείη,
1296 1205 1388 1258 τὸν
1434 1204 1779 1274 ὲμφυτευτὴν
1813 1204 1871 1255 τὸ

288 1302 500 1352 πακτον
527 1299 704 1351 τελεῖν
735 1297 878 1352 κατὰ
904 1297 1005 1368 τὴν
1045 1298 1278 1366 δύναμιν
1306 1295 1416 1350 τῶν
1449 1295 1869 1366 ἐμφυτευτικῶν

291 1393 670 1461 συμϐολαίων.

364 1485 432 1535 Al
462 1485 689 1553 κτήσεις
723 1483 1077 1553 τῶνεεύαγῶν
1127 1483 1295 1536 οἴκων
1333 1481 1588 1534 δύνανται
1647 1480 1869 1549 μισθοῦ-

290 1573 418 1626 σθαι
442 1575 538 1628 καὶ
557 1572 985 1643 ἐμφυτεύεσθαι,
1039 1576 1257 1627 πάντων
1291 1575 1400 1625 τῶν
1433 1572 1681 1641 μοναχῶν
1706 1572 1739 1641 ἢ
1766 1572 1870 1623 τῶν

288 1667 570 1736 κληρικῶν
598 1669 655 1719 ὲν
681 1667 757 1736 τῷ
793 1666 1109 1735 συμϐολαίῳ
1135 1666 1233 1731 τῆς
1264 1665 1520 1734 πράξεως
1558 1665 1872 1717 συναινούν-

286 1777 423 1825 των,
463 1759 557 1813 καὶ
585 1759 965 1829 φανερούντων
994 1759 1299 1829 συμφέρειν
1319 1758 1377 1811 τὸ
1406 1759 1710 1828 γινόμενον.

377 1937 437 1990 ὐ
493 1937 840 2008 ὲμφυτευτὴς
900 1938 996 1991 καὶ
1042 1938 1391 2006 ἑκμισθωτὴς
1455 1938 1547 1990 ἐπὶ
1585 1937 1791 1990 διετίαν
1840 1940 1871 2008 ἢ

288 2030 535 2099 τριετίαν
566 2030 901 2099 ἀγνωμονῶν
936 2034 1065 2100 περὶ
1092 2032 1151 2082 τὸ
1180 2033 1395 2100 ἐτήσιον
1424 2031 1651 2095 πάκτον,
1685 2032 1717 2102 ἢ
1758 2036 1871 2100 χεῖ-

293 2137 390 2191 ρον
424 2120 600 2172 ποιῶν
628 2120 691 2171 τὸ
742 2121 998 2189 πρᾶγμα,
1064 2121 1416 2173 ὲκδαλλέσθω
1462 2121 1559 2189 τῆς
1598 2122 1841 2189 ὲμφυτεύ

293 2230 456 2276 σεως,
490 2213 563 2283 μὴ
618 2212 917 2281 δυνάμενος
953 2230 1080 2284 σιερι
1120 2215 1219 2283 τῆς
1249 2214 1517 2283 ἐργασίας
1559 2218 1732 2267 κινεῖν
1778 2213 1871 2266 τοῦ

291 2307 469 2375 ἀγροῦ
492 2324 506 2336 ·
540 2307 639 2358 οὐκ
680 2306 1003 2359 ἔκϐαλλεται
1055 2307 1134 2371 δὲ,
1163 2307 1248 2374 ἐφ’
1278 2306 1401 2359 ὅσον
1435 2306 1623 2359 δίδωσι
1670 2306 1731 2357 τὸ
1758 2307 1872 2375 ὁρι-

296 2395 426 2448 σθὲν
469 2394 699 2456 πάκτον,
731 2395 779 2447 εἰ
823 2395 920 2448 καὶ
970 2396 1121 2466 παρὰ
1150 2394 1244 2449 τοῦ
1290 2396 1554 2467 δημοσίου
1582 2396 1874 2465 ἑνεφυτεύ-

296 2506 327 2541 σ
333 2506 451 2542 ατο.

367 2581 443 2632 Ού
473 2579 698 2634 δύναται
734 2578 987 2631 ἐκϐαλεῖν
1038 2580 1239 2632 ἄκοντα
1273 2577 1364 2631 τὸν
1396 2576 1816 2646 μισθωσάμενον
1846 2578 1875 2629 δ

296 2669 603 2740 μισθώσας,
658 2669 761 2722 κᾶν
791 2670 949 2731 ἄλλος
1008 2669 1231 2723 πλείονα
1252 2672 1446 2724 τούτου
1488 2670 1761 2739 εἰσαγάγῃ
1790 2686 1877 2737 μι-

297 2762 589 2832 σθώματα,
622 2762 863 2828 δηλονότι
920 2760 1027 2830 πρὸ
1052 2760 1148 2813 τοῦ
1180 2761 1492 2830 ὡρισμένου
1528 2762 1745 2831 χρόνου,
1782 2762 1876 2814 καὶ

294 2856 394 2910 ἑὰν
423 2858 739 2927 εὑγνωμονῇ
767 2858 974 2921 ἐκεῖνος
1003 2856 1131 2926 περὶ
1155 2855 1183 2907 δ
1224 2856 1543 2925 ὼμολό,ἠσε
1573 2853 1758 2907 δοῦναι
1786 2852 1877 2922 μία

300 2946 521 3016 σθωμα.

296 3060 551 3113 ΚΕΦΔΛ.
573 3059 650 3112 Θ¹.
672 3057 810 3127 Περὶ
825 3056 1176 3127 ἐνδυμάτων
1190 3057 1489 3126 ἀρμοδίων
1507 3057 1630 3123 τοῖς
1644 3057 1877 3127 Ιερωμέο

1004 3145 1157 3194 νοις.

378 3223 439 3277 '0
470 3224 552 3284 κζ’
578 3224 678 3293 τῆς
708 3223 768 3287 ς’
797 3222 1013 3275 συνόδου
1046 3220 1246 3280 κανὼν,
1277 3222 1484 3290 Μηδεὶς
1513 3221 1620 3273 τῶν
1656 3223 1713 3273 ὲν
1740 3222 1875 3292 κλή-

296 3335 379 3388 ρῳ
408 3315 868 3382 κατειλεγμένων,
922 3314 1106 3382 φησὶν,
1163 3312 1434 3365 ἀνοίκειον
1485 3313 1877 3380 ἀμφιεννύσθω

294 3408 525 3479 χιτῶνα,
568 3406 693 3477 μήτ’
718 3409 775 3458 ὲν
804 3406 957 3457 πόλει
985 3405 1210 3472 διάγων,
1244 3406 1380 3474 μήτε
1408 3406 1514 3474 μὴν
1558 3407 1615 3457 ὲν
1644 3404 1747 3474 ὁδῷ
1779 3404 1877 3473 βα-

293 3503 484 3566 δίζων,
535 3500 671 3554 ἀλλὰ
722 3498 885 3567 στολῇ
944 3497 1255 3567 κεχρήσθω,
1302 3498 1419 3565 ἢνὸ
1468 3498 1658 3568 χρόνος
1716 3499 1873 3567 καὶὴ

298 3593 557 3661 συνήθεια
612 3591 933 3660 συμϐαίνειν
967 3589 1043 3659 τῷ
1072 3590 1181 3641 τῶν
1241 3588 1518 3659 κληρικῶν
1545 3589 1751 3653 ἐδεδαξε
1782 3592 1876 3642 τά-

296 3684 569 3755 γματι.⁹0
590 3683 646 3736 δὲ
673 3683 801 3750 περὶ
834 3679 1116 3749 ἐλαχίστου
1146 3680 1423 3748 τιθέμενος
1451 3680 1545 3732 τοῦ
1573 3685 1878 3751 προσήκον-

294 3795 388 3840 τος
422 3776 611 3829 τούτου
648 3777 924 3843 σχήματος
969 3773 1069 3841 τὴν
1117 3772 1426 3839 συνήθειαν,
1482 3774 1574 3825 ἐπὶ
1606 3774 1879 3844 ἑϐδομάδα

300 3869 435 3940 μίαν
464 3867 827 3936 ἀφῳιζὲσθω.

380 3964 441 4015 'O
473 3963 527 4015 δὲ
554 3964 651 4029 τῆς
681 3960 724 4024 ζ’
753 3966 826 4025 ις’
861 3959 960 4012 οὐκ
1013 3961 1186 4012 οῐεται
1228 3959 1336 4011 δεῖν
1390 3959 1663 4026 ίερατικὸν
1710 3958 1879 4027 ἄνδρα

298 4055 649 4109 πολυτελέσιν
683 4053 919 4123 ἱματίοις
970 4052 1306 4123 κεχρῆσθαι’
1363 4053 1519 4106 Πᾶσα
1560 4052 1689 4120 γὰρ,
1724 4053 1875 4118 φησι,

298 4147 529 4217 βλακεεα
558 4145 648 4198 καὶ
693 4145 965 4212 κόσμησις
998 4143 1285 4212 σωματικὴ
1337 4124 1632 4210 elinguia;
1668 4141 1765 4207 τῆς
1807 4142 1877 4191 is-

301 4244 401 4312 ρᾶς
434 4240 614 4308 ἔχουσι
660 4238 887 4301 τάξεως.
927 4237 1064 4297 Τοὺς
1117 4234 1209 4289 οὖν
1264 4234 1492 4295 ἑαυτοὺς
1539 4233 1877 4301 κοσμοῦντας

296 4334 632 4392 ἐπισκόπους
664 4330 695 4401 ἢ
729 4330 1027 4399 κληρικοὺς
1055 4328 1319 4397 ἀνθηραῖς
1351 4328 1565 4397 ἐσθῆσι,
1597 4328 1717 4378 δέον
1745 4328 1877 4378 ἐαυ-

295 4423 424 4484 τοὺς
459 4419 826 4489 διορθοῦσθαι,
890 4417 1249 4487 ἐπιτιμᾶσθαι
1283 4418 1338 4469 δὲ
1388 4417 1465 4487 τῷ
1496 4417 1650 4485 κακῴ
1686 4416 1879 4482 ὲπιμέο

296 4533 529 4578 νοντας·
564 4515 828 4577 ὡσαύτως
877 4515 971 4566 καὶ
1019 4514 1145 4574 τοὺς
1188 4514 1254 4565 τὰ
1313 4513 1461 4580 μύρα
1514 4510 1872 4579 χρωμένους·

1982 676 2095 714 ιηιιη
2127 661 2179 714 in
2216 658 2598 729 empbyteusin
2642 658 2823 711 datam
2870 660 3143 716 amitten.
3185 670 3236 708 υἱ
3285 659 3455 725 pmtio
3501 676 3553 710 lil

1980 769 2099 806 eam
2129 753 2386 821 imposito
2412 750 2666 815 multari;
2698 750 2819 802 illos
2842 758 3024 803 autem
3050 751 3142 817 qui
3166 752 3326 802 inium
3353 750 3556 801 faciunt.

1978 828 2359 912 einpbyteusin
2388 856 2726 903 ueconomos,
2768 852 2978 895 tantum
3003 844 3110 909 pati
3132 844 3389 895 damnum
3412 844 3555 913 quod

1979 933 2144 987 domo
2180 934 2542 1002 adjudicetnr,
2585 946 2849 1002 quantum
2884 934 3049 987 etiam
3099 935 3191 1002 qui
3229 936 3294 987 ad
3331 938 3559 1005 empby-

1982 1025 2162 1078 teusin
2204 1027 2479 1079 concessit
2533 1026 2779 1093 impositi
2828 1027 2984 1094 pretii
3024 1027 3289 1079 damnum
3330 1029 3551 1083 Slll.l\'-l.

1983 1116 2039 1171 Si
2069 1132 2199 1170 vero
2227 1116 2383 1184 juxta
2408 1118 2676 1170 rationem
2696 1120 2753 1170 lit
2777 1119 3173 1188 einpbyteusis,
3202 1121 3553 1189 emphyleuta

1982 1216 2199 1277 pactum
2232 1218 2471 1275 praestet,
2513 1208 2813 1263 secundum
2852 1211 2959 1263 vim
3001 1220 3285 1279 pactorum
3332 1212 3557 1282 empby-

1984 1304 2204 1356 teulicot
2224 1318 2335 1353 um.

2054 1483 2214 1554 114
2236 1482 2614 1538 Possessiones
2632 1484 3024 1537 venerabilium
3046 1483 3337 1537 domorum
3354 1483 3557 1540 elocari

1979 1588 2036 1631 et
2068 1577 2120 1628 in
2152 1576 2537 1644 empbytrusiu
2580 1575 2800 1629 concedi
2852 1586 3099 1644 possunt.
3139 1576 3182 1629 si
3216 1592 3406 1631 omnes
3444 1592 3560 1633 mo-

1982 1669 2143 1722 nachi
2176 1669 2256 1720 vel
2277 1669 2458 1721 clerici
2489 1669 2555 1721 ad
2579 1668 3009 1722 confirmandam
3030 1669 3302 1723 actionem
3327 1679 3560 1725 consen-

1982 1760 2139 1823 tiant,
2171 1768 2225 1812 et
2264 1760 2557 1815 ostendant
2588 1761 2739 1825 illud,
2788 1760 2937 1830 quod
2966 1760 3172 1815 factum
3221 1772 3327 1826 est,
3360 1778 3559 1818 conve-

1982 1867 2122 1906 mre.

1910 1941 1951 1994 Β
2053 1944 2108 1999 Si
2150 1946 2503 2015 empbyteuta
2550 1954 2604 1999 et
2639 1948 2944 2000 conductor
2998 1962 3095 2016 per
3141 1948 3425 2002 biennium
3474 1948 3559 2003 vel

1979 2038 2277 2090 triennium
2317 2038 2704 2093 sitcmitnmax
2745 2040 2803 2092 in
2828 2041 2995 2093 annui
3029 2042 3556 2109 partipraeslatione.

1976 2130 2059 2183 vel
2094 2131 2422 2183 deteriorem
2458 2146 2571 2184 rem
2607 2132 2781 2200 ipsam
2844 2132 3055 2197 reddat,
3106 2134 3175 2186 ab
3217 2134 3558 2203 enipbyteusi

1975 2221 2256 2290 ejiciatur,
2291 2238 2389 2276 nec
2418 2232 2742 2291 potestatem
2776 2224 2977 2278 habeat
3008 2227 3061 2278 in
3086 2240 3218 2293 agro
3248 2222 3507 2293 operandi
3541 2243 3555 2279 :

1977 2323 2035 2367 at
2095 2330 2202 2367 non
2262 2314 2479 2382 ejicitur
2518 2316 2737 2383 quando
2794 2317 2958 2368 solvit
2993 2324 3256 2370 statutum
3310 2325 3555 2386 pactum,

1976 2405 2197 2461 etiamsi
2226 2405 2303 2460 rei
2327 2406 2555 2475 publica:
2578 2407 2649 2461 sit
2678 2407 3071 2477 empbyteusis.

2048 2584 2281 2640 Invitum
2340 2585 2541 2655 ejicere
2588 2588 2981 2641 conducentem
3045 2605 3149 2642 non
3198 2600 3376 2655 potest
3422 2606 3558 2647 con-

1978 2685 2193 2742 ductor,
2240 2677 2367 2732 licet
2414 2678 2556 2731 alius
2592 2678 2685 2732 illo
2718 2678 2980 2746 majorem
3022 2681 3177 2732 duret
3226 2684 3553 2749 mercedem,

1979 2786 2175 2840 nempe
2207 2781 2331 2823 ante
2357 2779 2622 2824 statutum
2657 2780 2892 2837 tempus,
2925 2773 3027 2826 etsi
3058 2783 3352 2828 contumax
3385 2778 3456 2830 sit
3486 2776 3556 2830 de

1979 2875 2065 2925 ea,
2088 2876 2251 2931 quam
2273 2861 2404 2915 dare
2435 2862 2712 2930 promisit,
2748 2863 3018 2917 mercede.

2051 3062 2206 3119 CAP.
2238 3062 2332 3117 IX.
2368 3062 2443 3116 De
2477 3060 2699 3115 vestibus
2722 3062 2789 3114 ad
2819 3071 3054 3115 sacratos
3078 3045 3483 3129 pertinentibits.

2055 3222 2363 3276 Vicesimus
2398 3221 2664 3289 septimus
2690 3230 2855 3274 sextae
2886 3222 3080 3289 synodi
3118 3236 3292 3275 canon
3333 3222 3509 3291 inquit
3536 3239 3553 3278 :

1980 3312 2175 3367 Nullus
2210 3327 2424 3374 eorum,
2460 3313 2551 3379 qui
2599 3312 2649 3363 in
2687 3311 2816 3364 cleri
2868 3312 3178 3378 catalogum
3214 3312 3366 3365 relati
3403 3321 3553 3376 sunt,

1979 3414 2183 3459 vestem
2234 3404 2337 3459 sibi
2384 3418 2490 3457 non
2528 3402 2943 3457 convenientem
2998 3405 3211 3467 induat,
3267 3419 3445 3473 neque
3500 3406 3556 3459 in

1980 3495 2203 3551 civitate
2233 3496 2455 3565 degens,
2482 3510 2655 3563 neque
2680 3494 2901 3563 quidem
2932 3496 3037 3547 iter
3060 3494 3373 3563 ingrediens
3407 3512 3419 3547 :
3459 3496 3553 3549 sed

1980 3598 2133 3645 veste
2153 3598 2536 3656 utatur,quam
2558 3598 2772 3655 tempus
2791 3597 2843 3641 et
2863 3588 3205 3641 consuetudo
3226 3588 3555 3642 clericorum

1980 3684 2159 3739 ordini
2183 3682 2472 3737 convenire
2492 3682 2697 3735 docuit.
2719 3680 2821 3745 Qui
2847 3695 2976 3733 vero
2990 3682 3155 3749 hujus
3176 3682 3557 3738 convenientis

1983 3777 2207 3831 babitus
2235 3775 2691 3829 consuetudinem
2724 3775 3046 3838 contemnit,
3071 3789 3167 3842 per
3194 3789 3355 3827 unam
3384 3774 3555 3843 septi-

1982 3883 2200 3922 manam
2242 3875 2581 3936 segregctur.
2985 3863 2996 3870 ’

2056 3957 2313 4026 Septima;
2371 3956 2563 4026 synodi
2621 3956 2869 4010 decimus
2934 3964 3120 4011 sextus
3182 3971 3358 4011 canon
3446 3972 3556 4011 non

1980 4050 2261 4103 existimat
2285 4057 2540 4116 opai-tere
2565 4047 2910 4101 sacerdotem
2945 4047 3284 4116 sumptuosis
3309 4047 3558 4100 vestibus

1986 4143 2061 4195 uti
2092 4157 2104 4193 :
2142 4142 2333 4194 Omnis
2372 4141 2540 4201 enim,
2576 4139 2774 4206 inquit,
2811 4139 2974 4193 luxus
3005 4149 3059 4193 et
3103 4150 3330 4193 ornatus
3358 4154 3557 4205 corpo-

1982 4230 2109 4285 reus
2156 4247 2184 4283 a
2233 4212 2561 4283 sacerdotali
2621 4232 2814 4283 ordine
2858 4234 2926 4283 sit
2962 4231 3196 4284 alienus.
3262 4231 3558 4299 Episcopus

1983 4327 2147 4395 igitur
2179 4328 2260 4379 vel
2293 4326 2550 4389 clericos,
2574 4326 2666 4393 qui
2692 4341 2749 4377 se
2774 4324 2984 4378 ﬂoridis
3002 4334 3274 4377 exornant
3298 4326 3557 4388 vestibus,

1983 4436 2040 4472 se
2070 4418 2353 4487 corrigere
2390 4399 2631 4485 Oportet;
2669 4418 2851 4485 puniri
2894 4432 3045 4481 vero,
3090 4418 3135 4470 si
3180 4420 3230 4470 in
3265 4417 3408 4469 malo
3438 4432 3561 4485 per-

1983 4510 2203 4571 sistant,
2251 4509 2505 4563 similiter
2557 4521 2609 4561 et
2658 4509 2752 4576 qui
2802 4518 2930 4562 sunt
2970 4519 3255 4575 unguento
3308 4507 3558 4560 delibuti.

299 4611 436 4680 πρὸς
485 4608 561 4670 δὲ,
592 4608 685 4661 καὶ
728 4607 853 4668 τοὺς
898 4605 1242 4672 ὲγ,γεὲ.ὦντας
1271 4607 1390 4665 ταῖς
1419 4603 1514 4673 τὴν
1548 4603 1740 4671 εὐτελῆ
1782 4604 1875 4655 καὶ

1981 4600 2152 4655 Porro
2185 4610 2239 4654 et
2272 4602 2363 4669 qui
2401 4601 2508 4655 illis
2562 4600 2793 4655 irrident
2828 4601 2920 4667 qui
2970 4602 3128 4654 vilem
3167 4612 3220 4654 et
3254 4603 3559 4655 modestum

301 4702 507 4772 σεμνὴν
561 4698 982 4773 περικειμένους
1014 4698 1308 4766 ἁμφίεσιν,
1346 4698 1457 4757 τοῖς
1510 4697 1883 4765 προσήκουσιν

300 4795 600 4863 ἐπιτιμίοις
658 4790 1018 4863 διορθοῦσθαι.
1065 4790 1159 4841 Ἐκ
1200 4789 1308 4858 γὰρ
1347 4788 1457 4840 τῶν
1503 4787 1713 4842 ἄνωθεν
1752 4789 1883 4857 χρό-

301 4908 430 4951 νων,
470 4890 576 4949 πᾶς
612 4885 885 4955 ίερατικδς
921 4883 1059 4951 ἀνὴρ
1095 4883 1233 4951 μετὰ
1267 4881 1504 4951 μετρίων
1534 4882 1629 4934 καὶ
1669 4881 1883 4948 σεμνῶν

298 4980 524 5051 ἁμφίων
568 4977 935 5041 ἐπολιτεύετο,
1000 4976 1113 5028 Πᾶν
1150 4976 1258 5043 γὰρ
1317 4974 1344 5025 δ
1402 4974 1476 5043 μὴ
1520 4974 1632 5042 διὰ,
1665 4974 1878 5044 χρείαν,

298 5074 439 5128 ἀ)λὰ
468 5072 555 5124 διὰ
587 5070 973 5136 καλλωπισμὸν
1001 5066 1511 5136 παραλαμϐάνεται,
1542 5064 1881 5134 περπερςίας

300 5166 419 5235 ἔχει
454 5163 809 5231 κατηγορίαν,
837 5163 865 5213 ὁ
904 5159 1077 5229 μέγας
1103 5160 1205 5227 ἔφη
1238 5157 1539 5219 Βασίλειος.
1582 5155 1767 5225 Ταύτῃ
1798 5173 1879 5207 τοι

301 5258 416 5312 δᾷδ’
462 5259 527 5309 ὲκ
586 5236 830 5324 σῆρικῶν
863 5252 1202 5321 ὑφασμάτων
1264 5250 1498 5317 ἐσθῆτας
1556 5248 1876 5309 ὲνεδέδυντο,

302 5348 560 5416 ύςαντῶν
594 5347 915 5415 περιεργείᾳ
947 5345 1392 5412 πεποικιλμένας,
1416 5342 1533 5394 ούδέ
1567 5358 1686 5393 τινα
1708 5358 1878 5409 προσ-

307 5443 560 5495 ετίθεσαν
614 5439 908 5508 ἑτερόχροα
966 5438 1316 5507 ὲπιὸλὴξέιατα
1356 5438 1470 5496 τοῖς
1531 5435 1722 5502 ἄκροις
1772 5434 1879 5485 τῶν

303 5533 536 5598 ἱματίων
557 5548 569 5563 ⁸
608 5532 849 5598 ἥκουσαν
880 5532 986 5597 γὰρ
1017 5526 1112 5596 τῆς
1148 5526 1476 5593 ϐεοφθόγγου
1514 5522 1777 5590 γλώττης,
1798 5522 1879 5573 ὅτι

301 5626 352 5679 οἱ
384 5625 454 5676 τὰ
515 5623 733 5692 μαλακὰ
780 5622 1070 5691 φοροῦντες
1126 5622 1182 5671 ἐν
1228 5622 1340 5681 τοῖς
1379 5619 1545 5677 οἴκοις
1578 5615 1687 5667 τῶν
1728 5615 1879 5684 βασι-

303 5719 440 5771 λέων
488 5716 613 5769 εἰσί.
640 5717 797 5784 Ζήτει
833 5714 893 5780 τὸ
929 5714 1005 5766 κδ’
1061 5731 1183 5780 κεφ.
1212 5712 1303 5763 τοῦ
1336 5712 1373 5761 Γ
1409 5709 1695 5777 στοιχείου.

390 5812 451 5858 ’0
491 5809 548 5861 δὲ
581 5806 676 5875 τῆς
718 5810 773 5857 ἐν
833 5806 1117 5873 Λαοδικείᾳ
1166 5804 1383 5855 συνόδου
1420 5802 1521 5861 κθ,
1568 5803 1659 5852 καί
1697 5800 1723 5849 ό
1770 5816 1869 5863 κγ,

307 5899 379 5951 0.
410 5900 507 5957 οεῐ,
537 5915 638 5964 ξιχτ

652 5919 683 5959 -,
722 5897 802 5948 1h,
850 5897 1141 5966 )rnfirqv,
1182 5895 1295 5961 ἦτοι
1328 5894 1697 5952 ·Ξῖ.οτ5ιάκο·ιον,
1734 5891 1842 5954 “te?

1993 4694 2253 4747 amictum
2305 4694 2479 4747 induti
2542 4702 2692 4756 sunt,
2754 4693 3215 4746 convenientibus
3272 4692 3561 4761 suppliciis

1993 4787 2310 4855 punientur.
2343 4786 2385 4837 Α
2413 4785 2793 4853 superioribus
2821 4785 2965 4837 enim
2992 4800 3167 4853 usque
3200 4784 3559 4851 temporibus,

1992 4877 2170 4929 omnis
2204 4877 2465 4928 sacerdos
2497 4890 2620 4927 cum
2665 4874 2959 4927 moderatis
3000 4883 3053 4927 et
3093 4873 3355 4926 modestis
3398 4872 3560 4925 indu-

1992 4969 2191 5022 mentis
2220 4967 2660 5021 administrabat.
2703 4965 2979 5031 Quidquid
3014 4965 3157 5019 enim
3193 4980 3300 5018 non
3340 4974 3560 5034 propter

1992 5075 2176 5121 usum,
2218 5060 2312 5111 sed
2350 5058 2773 5111 ostentatorium
2821 5067 3081 5111 ornatum
3125 5058 3446 5122 assumitur,
3504 5058 3559 5109 in

1992 5153 2152 5205 luxus
2215 5151 2449 5203 incurrit
2512 5149 3022 5217 reprehensionem,
3093 5149 3270 5216 inquit
3331 5163 3561 5215 magnus

1990 5246 2246 5300 Basilius.
2271 5243 2617 5311 Quapropter
2639 5258 2813 5310 neque
2828 5257 2893 5294 ex
2922 5242 3115 5295 sericis
3144 5241 3376 5295 texturis
3399 5239 3561 5293 vesti-

1990 5345 2170 5390 menta
2209 5334 2531 5399 induebant,
2570 5341 2844 5385 textorum
2881 5332 3199 5385 curiositate
3232 5333 3505 5397 variegata
3542 5345 3559 5383 :

1989 5444 2165 5497 neque
2194 5427 2247 5480 in
2275 5426 2723 5480 vestimentorum
2771 5423 3002 5477 ﬂiiibriis
3031 5424 3243 5492 adjecta
3265 5433 3422 5476 erant
3449 5424 3556 5477 ulla

1988 5521 2150 5575 alieni
2193 5518 2391 5571 coloris
2439 5516 2833 5569 additamenta.
2872 5514 3215 5568 Audiverunt
3243 5513 3387 5567 enim
3422 5514 3561 5568 divi-

1988 5629 2114 5667 num
2155 5626 2490 5671 sermonem,
2515 5608 2659 5677 quod
2692 5626 2708 5657 ι
2750 5607 2848 5672 Qui
2881 5606 3140 5659 mollibus
3175 5607 3480 5659 vestiuntur
3502 5606 3557 5659 in

1986 5704 2193 5758 aedibus
2225 5718 2408 5772 regum
2443 5709 2589 5752 sunt.
2632 5717 2649 5748 ι
2695 5698 2887 5762 Quare
2906 5696 2977 5749 24
3046 5712 3165 5766 cap.
3202 5698 3392 5750 littera:
3427 5697 3487 5751 Γ.

2058 5796 2379 5849 Laodicenm
2422 5794 2611 5862 synodi
2654 5807 2829 5846 canon
2865 5790 3158 5845 vicesimus
3196 5787 3473 5843 secundus
3502 5798 3555 5841 et

1990 5889 2279 5942 Vicesimus
2316 5889 2509 5944 tertiu:
2538 5884 2689 5939 aimit
2720 5902 2731 5938 :
2766 5882 2882 5937 Non
2909 5880 3065 5937 decet
3098 5878 3433 5944 ministrum,
3470 5881 3550 5931 vel
