4214 6434
270 440 410 505 1277

1228 441 1637 503 SYNTAGMA
1688 444 2317 507 ALPHABETICUM.
2348 472 2415 482 -
2455 450 2520 510 E.

3384 444 3526 509 i278

268 556 373 625 μὲν
412 551 819 625 Ἀλεξανδρείας
852 553 920 607 τά
960 551 1020 606 ιν
1069 550 1351 624 Αίγύπτῳ,
1382 558 1475 608 καὶ
1510 556 1709 629 Λιϐύῃ,
1748 558 1845 612 καὶ
1877 566 1917 618 Α

1877 566 1917 618 Α
1948 559 2151 626 quibus
2194 559 2486 630 iligyptus,
2520 571 2572 614 et
2603 558 2796 629 Libya,
2846 569 2898 615 et
2933 557 3253 628 Pentapolis
3295 556 3521 613 Alexan-

267 647 601 700 Πενταπόλει
643 645 962 716 ἐνείμαντο·
992 644 1070 715 τῷ
1098 645 1153 698 δέ
1187 663 1251 715 γε
1295 647 1650 718 Ἀντιοχείας,
1686 650 1753 704 τά
1786 667 1844 701 τε

1948 652 2109 705 drino
2148 653 2405 721 episcopo
2435 663 2564 708 sunt
2610 655 2897 720 ascriptae;
2938 654 3284 708 Autiocheuo
3314 668 3444 708 vero
3472 664 3522 708 et

265 739 369 807 τῆς
398 739 622 809 Συρίας.
668 738 759 791 καὶ
800 739 900 807 τῆς
946 739 1149 807 Κοίλης
1196 739 1419 809 Συρίας,
1449 740 1545 793 καὶ
1589 741 1847 805 Κιλικίας

267 831 565 899 ἑκατέρας,
606 831 703 884 καὶ
740 830 1207 901 Μεσοποταμίας⁶
1262 830 1339 900 τῷ
1373 830 1431 884 δὲ
1477 830 1721 903 Ῥώμης,
1752 832 1841 886 νό-

272 937 375 990 μος
410 921 637 990 ἀρχαῖος
671 922 779 977 τῶν
818 918 1126 993 Ἐσπερίων
1172 924 1396 991 κρατεῖν
1421 939 1436 955 ο
1478 925 1573 976 καὶ
1622 924 1850 994 γνώμης

268 1013 402 1066 ἄνευ
448 1014 558 1066 τῶν
606 1012 939 1083 είρημινων,
990 1014 1195 1084 μηδένα
1230 1013 1339 1066 τῶν
1379 1017 1478 1085 τῆς
1520 1015 1851 1084 Ἐκκλησίας

270 1105 493 1172 θεσμῶν
517 1106 645 1168 τοὺς
672 1106 776 1158 ὑπὸ
804 1109 963 1175 χεῖρα
987 1106 1182 1169 τελεῖν,
1210 1100 1285 1159 ὧν
1318 1108 1350 1177 ἡ
1397 1107 1629 1176 κορωνὶς
1661 1108 1693 1176 ή
1742 1107 1863 1167 τῶν,

270 1198 592 1251 ἐπισκόπων
640 1199 984 1268 καθέστηκεν
1031 1200 1232 1267 ἐκλογή
1262 1214 1275 1228 ·
1324 1202 1438 1262 τοῖς
1482 1200 1850 1269 πατριάρχαις

275 1294 373 1343 καὶ
414 1292 524 1363 γὰρ
591 1293 720 1356 τοὺς
768 1294 859 1345 ὑπ’
911 1294 1104 1356 αὐτοὺς
1149 1293 1550 1363 μητροπολίτας
1594 1297 1622 1348 ό
1675 1297 1853 1346 κανὼν

274 1384 535 1436 ὑπείκειν
570 1385 875 1450 νομοθετεῖ,
908 1386 1004 1439 καὶ
1031 1386 1243 1448 τούτοις
1278 1387 1434 1449 αὖθις
1462 1389 1587 1447 τοὺς
1631 1388 1853 1439 ἐπισκό-

277 1493 433 1535 πους.
472 1475 534 1544 El
571 1478 747 1527 τοίνυν
778 1476 1006 1546 γνώμης
1030 1477 1158 1530 ἀνευ
1188 1477 1284 1530 τοῦ
1324 1477 1724 1547 μητροπολίτου
1756 1495 1857 1529 κα-

274 1568 513 1635 τασταίη
549 1567 869 1630 ὲπίσκοπον,
900 1568 1090 1621 τοῦτον
1127 1570 1202 1638 μὴ
1227 1565 1366 1622 εἶναι
1405 1570 1707 1622 ἐπίσκοπον
1734 1570 1854 1621 δια-

276 1661 557 1713 τάττεται.
587 1661 650 1713 El
682 1661 791 1731 γάρ
828 1664 923 1713 καὶ
955 1658 1023 1731 ἦν
1052 1663 1141 1714 ὅτε
1172 1658 1262 1722 ἦν,
1308 1663 1375 1715 τὰ
1404 1662 1584 1731 πλήθη
1616 1662 1724 1713 τῶν
1758 1662 1856 1713 πό-

277 1751 417 1803 λεων
449 1752 548 1815 τὰς
572 1753 683 1805 τῶν
713 1753 1034 1805 ἐπισκόπων
1059 1753 1334 1805 ποιεῖσθαι
1365 1755 1598 1823 ψήφους,
1622 1755 1757 1806 ἀλλά
1789 1771 1853 1821 γε

280 1845 379 1896 καὶ
418 1844 542 1896 τότε
574 1844 634 1898 ὃν
668 1847 696 1897 ό
730 1846 1139 1915 μητροπολίτης
1189 1845 1480 1915 ἐδοκίμασε
1515 1846 1627 1898 τῶν
1678 1847 1854 1899 ἀλλων

282 1934 728 2004 ἀπολεξάμενος,
798 1937 898 2005 τῆς
967 1936 1303 2006 χειροτονίας
1364 1938 1571 1998 ἐκεῖνος
1633 1938 1852 2005 ἠξίωτο.

278 2026 478 2093 Ψήφου
533 2027 614 2087 δὲ.
672 2030 829 2097 φησὶ,
887 2028 1209 2097 γενομένης,
1272 2028 1348 2091 ὡς
1409 2030 1457 2080 oi
1523 2028 1715 2096 θεσμοὶ
1762 2030 1857 2096 τῆς

290 2117 622 2184 Ἐκκλησίας
663 2117 1065 2187 διαγορεύουσι,
1123 2118 1219 2171 καὶ
1272 2119 1383 2171 τῶν
1442 2120 1540 2188 μὲν
1592 2118 1859 2171 πλειόνων

281 2210 750 2277 συμφωνούντων,
782 2209 875 2263 δύο
904 2210 961 2265 δὶ
998 2211 1030 2279 ἢ
1061 2208 1227 2279 τριῶν
1276 2211 1599 2279 φιλονείκως
1651 2211 1860 2264 ἀντιλε-

279 2302 511 2368 γόντων,
545 2303 578 2371 ἡ
612 2302 722 2355 τῶν
744 2302 1010 2355 πλειόνων
1039 2301 1221 2371 ψῆφος
1247 2300 1544 2371 κρατείτω.

364 2394 428 2450 ’0
464 2395 520 2447 δὲ
553 2394 597 2459 ξ’
633 2394 725 2447 τὸν
758 2393 949 2458 Αίλίας
999 2390 1248 2456 θεσπίζει
1294 2392 1618 2455 ιπίσκοπον,
1645 2392 1756 2446 τῶν
1802 2394 1859 2445 ὲν

280 2486 644 2555 Παλαιστίνῃ.
706 2476 945 2555 ’Δραῦίσζ
1000 2490 1099 2547 τε,
1152 2483 1247 2536 καὶ
1292 2483 1515 2552 Φοινίκῃ
1564 2484 1857 2553 κατάρχειν

281 2579 518 2641 πόλεων,
574 2575 696 2645 μηδ’
745 2574 922 2628 ὁτιοῦν
978 2571 1560 2644 παρευδοκιμουμὲνης
1604 2574 1732 2640 περὶ
1787 2574 1859 2626 τὰ

281 2672 462 2723 οίκεῖα
525 2667 795 2737 πρεσϐεῖά
848 2682 908 2719 τε
963 2666 1056 2718 καὶ
1112 2665 1385 2734 προνόμια
1434 2663 1533 2733 τῆς
1583 2664 1723 2717 κατά
1760 2662 1859 2734 τὴν

288 2761 655 2830 Παλαιστίνην
701 2757 1092 2829 μητροπόλεως
1137 2756 1517 2824 Καισαρείας,
1567 2755 1715 2825 ἥπερ
1766 2756 1860 2807 καὶ

280 2856 380 2907 τοῦ
414 2855 731 2922 Στράτωνος
753 2849 1083 2918 ὀνομάζεται
1102 2865 1128 2922 ,ί
1154 2847 1327 2917 ταύτῃ
1350 2846 1459 2915 γάρ
1485 2862 1610 2897 ποτε
1644 2848 1676 2915 ἡ
1702 2845 1859 2899 Δίλία

285 2916 584 3000 ὑπέκειτο·
625 2916 930 3013 χρόνοις-δὲ
979 2916 1214 3007 ὕστερον
1247 2916 1666 3011 ἀποσπασθεῖσα
1716 2937 1859 2988 τετί·

289 3056 487 3109 μηται,
548 3037 686 3088 αίδοί
714 3034 822 3086 τῶν
875 3034 933 3085 ὲν
969 3032 1105 3100 αὐτῇ
1154 3027 1521 3081 τελεσθέντων
1576 3027 1858 3092 σωτηρίων

282 3129 381 3183 τοῦ
418 3126 654 3197 Χριστοῦ
709 3125 1050 3194 παθημάτων
1084 3140 1178 3175 και
1212 3125 1276 3174 ὲκ
1326 3118 1560 3173 παλαιοῦ
1607 3119 1705 3186 μὲν
1731 3118 1857 3187 ἄχρι

1951 740 2131 812 Syria,
2172 754 2224 795 et
2257 741 2579 813 leesyria.
2613 755 2667 797 et
2716 744 2922 797 Cilicia:
2954 753 3223 813 utraeque,
3263 752 3318 798 et
3349 742 3529 799 Meso-

1951 836 2219 903 potamia;
2257 836 2535 890 Romanus
2563 837 2727 890 etiam
2772 838 3075 889 secundum
3121 837 3405 905 antiquam
3450 837 3530 892 le-

1952 942 2071 996 gem
2106 928 2537 982 occidentalibus
2567 935 2821 996 pracerat,
2849 937 2903 981 et
2942 927 3063 981 sine
3094 928 3366 981 dictorum
3398 942 3526 983 sen-

1954 1023 2120 1075 tentia
2145 1023 2350 1075 nullam
2384 1020 2817 1075 ecclesiasticam
2844 1020 3295 1074 coiistitutioneiu
3344 1022 3414 1074 ab
3443 1020 3529 1075 his

1954 1115 2045 1182 qui
2082 1114 2186 1166 illis
2240 1112 2472 1180 subjecti
2506 1121 2636 1165 sunt
2661 1113 2927 1177 exerceri,
2973 1127 3208 1181 quarum
3258 1114 3527 1181 ριίιδοίριιε

1953 1214 2037 1259 est
2100 1204 2339 1275 episcopi
2395 1204 2615 1259 elei-tio.
2681 1204 3014 1259 Patriarchis
3076 1206 3245 1268 enim,
3308 1205 3399 1273 qui
3448 1206 3529 1259 eis

1955 1298 2345 1365 subjiciuntur,
2407 1298 2863 1371 metropolitauos
2904 1297 3125 1350 obedire
3176 1312 3350 1350 canon
3395 1311 3531 1364 prm—

1957 1391 2123 1457 cipit;
2182 1401 2237 1441 et
2291 1392 2378 1442 his
2428 1391 2613 1442 itidem
2656 1391 2969 1458 episcopos.
3027 1389 3081 1441 Si
3132 1389 3256 1457 quis
3303 1388 3529 1454 proinde

1956 1485 2163 1550 absque
2179 1483 2580 1549 metropolitani
2606 1484 2873 1535 sententia
2893 1492 3110 1535 creatus
3126 1484 3195 1535 sit
3214 1482 3524 1548 episcopus,

1954 1591 2079 1631 eum
2120 1594 2227 1629 non
2260 1592 2383 1629 esse
2427 1576 2740 1644 cpisciipum
2782 1576 3042 1627 decernit.
3079 1574 3212 1627 Nam
3265 1573 3365 1627 etsi
3396 1573 3527 1625 olim

1957 1668 2144 1737 popo'i
2192 1668 2471 1736 suifragiis
2502 1668 2742 1735 episcopi
2782 1671 2833 1718 in
2872 1668 3105 1719 urbibus
3145 1666 3481 1735 eligerentur
3513 1683 3525 1718 :

1957 1761 2329 1814 adhuctamen
2355 1776 2516 1828 qumn
2542 1760 2896 1828 approbasset
2914 1758 3370 1823 iiieti-opolitanus
3391 1758 3534 1808 inter

1959 1854 2096 1905 alios
2150 1853 2484 1921 eligendum,
2538 1852 2582 1905 is
2625 1867 2884 1904 manuum
2934 1849 3285 1916 impositiOue
3336 1848 3535 1915 dignus

1965 1943 2287 1996 habebatur.
2329 1941 2383 1996 Si
2412 1958 2562 2004 vero,
2597 1943 2792 2009 inquit,
2817 1956 2939 1993 cum
2970 1939 3111 1993 facta
3137 1939 3207 2009 sit
3228 1938 3441 1999 electio,
3478 1947 3535 1991 ut

1963 2034 2109 2103 leges
2151 2035 2534 2088 ecclesiasticae
2586 2033 2832 2095 edicunt,
2879 2030 3226 2085 consentiant
3279 2031 3420 2083 inter
3476 2043 3535 2082 se

1961 2118 2200 2196 plurium
2234 2126 2515 2191 suﬂragia,
2550 2135 2602 2178 et
2632 2125 2849 2178 duobus
2886 2123 3127 2176 tribusve
3166 2120 3535 2175 contenIiOuis

1961 2219 2144 2273 studio
2171 2216 2692 2278 contradicentibus,
2728 2216 2948 2269 vincant
2986 2213 3224 2281 plurium
3252 2212 3533 2282 δυσί-σείει.

2034 2400 2314 2467 Septimus
2349 2412 2477 2449 vero
2505 2396 2663 2450 {Elim
2690 2396 3006 2464 episc0pum
3042 2394 3363 2454 Palmsliuae,
3396 2395 3532 2446 Ara-

1962 2492 2065 2545 bia:
2099 2501 2153 2544 et
2210 2489 2508 2543 thiiciae
2556 2488 2782 2543 urbibus
2834 2501 3069 2556 praeesse
3120 2487 3380 2549 decernit,
3423 2501 3531 2539 non

1960 2585 2103 2654 quod
2138 2587 2251 2638 suis
2286 2582 2488 2652 114*
2515 2581 2813 2647 privilegiis
2835 2588 2889 2633 et
2922 2578 3293 2646 prmrogativis
3328 2585 3534 2630 metro-

1962 2675 2108 2745 poliu
2146 2674 2445 2727 Palaestina:
2482 2673 2786 2727 Caesaream
2829 2658 3144 2723 celi-briate
3173 2670 3373 2734 vincat,
3413 2685 3535 2737 quae

1960 2779 2014 2822 et
2053 2766 2326 2821 Stratonis
2351 2767 2575 2819 nomine
2603 2765 2769 2821 dicta.
2811 2764 2899 2815 cui
2932 2762 3073 2815 Ailia
3107 2762 3399 2828 aliquando
3434 2760 3535 2815 fuit

1962 2858 2228 2925 subjecta,
2251 2868 2305 2911 at
2341 2857 2579 2923 antiquis
2613 2856 2949 2917 temporibus
2996 2855 3294 2905 abstracta.
3354 2851 3536 2906 Hono-

1965 2961 2114 3003 ratur
2176 2960 2393 3019 propter
2436 2946 2750 3000 salutiferas
2783 2944 2987 2998 Cllristi
3047 2943 3327 3011 passiones
3371 2941 3425 2994 in
3470 2956 3532 2995 et

1962 3052 2233 3111 peractas.
2271 3041 2407 3093 Olim
2445 3041 2696 3106 equidem
2733 3048 2785 3089 et
2842 3054 2985 3088 nimo
3049 3037 3212 3086 etiam
3260 3033 3422 3096 :Elia,
3480 3045 3536 3085 et

1962 3136 2215 3188 universa
2246 3136 2391 3186 circa
2427 3134 2573 3184 illam
2609 3130 2779 3197 regio,
2824 3128 3123 3181 l‘almstime
3165 3141 3362 3179 noiucn
3391 3126 3534 3178 obti-

284 3221 381 3275 τοῦ
410 3221 589 3291 δεῦρο,
624 3221 658 3290 ἡ
685 3236 742 3271 τε
788 3217 965 3278 Αἰλία,
999 3218 1091 3268 καὶ
1121 3214 1386 3282 σύμπασα
1435 3214 1468 3281 ἡ
1512 3212 1645 3277 περὶ
1688 3211 1860 3278 αὐτὴν
1889 3255 1930 3309 c

1889 3255 1930 3309 ϐ
1968 3228 2085 3279 nuit
2114 3246 2126 3278 :
2166 3228 2297 3280 urbs
2322 3242 2447 3277 vero
2479 3226 2593 3289 ipsa
2620 3225 2689 3274 ab
2718 3223 2944 3286 antiquo
2970 3230 3210 3286 tempme
3236 3217 3454 3287 Solyma
3482 3227 3533 3269 et

284 3314 466 3385 χώρα,
498 3289 831 3379 Παλαιστίνη
863 3307 1239 3377 ἐπεφημίζετο
1259 3321 1274 3335 ο
1320 3306 1354 3375 ἠ
1385 3305 1444 3356 δέ
1500 3319 1562 3370 γε
1592 3304 1771 3364 πόλις,
1799 3302 1859 3353 τὸ
1890 3289 1930 3309 “

291 3406 393 3471 μὲν
425 3405 672 3473 ἀρχαῖον,
704 3402 940 3469 Σόλυμα,
970 3401 1065 3452 καὶ
1101 3398 1304 3460 Ἰεσοῦς
1336 3397 1607 3450 ἐκαλεῖτο.
1656 3394 1775 3463 Ἀφ’
1802 3387 1860 3447 οὗ

289 3501 349 3553 δὲ
381 3500 519 3569 πρὸς
535 3496 630 3550 τοῦ
662 3495 1009 3564 Σολομῶντος
1031 3494 1059 3545 ό
1090 3491 1398 3562 περιφανὴς
1420 3492 1628 3552 ἐκεῖνος
1650 3488 1861 3558 ἠγέρθη

289 3590 452 3657 νεὼς,
486 3593 581 3643 καὶ
611 3590 677 3643 τά
711 3590 831 3658 ίερά
860 3588 957 3657 τῆς
987 3585 1234 3647 Παλαιᾶς
1267 3586 1324 3638 ὲν
1360 3583 1509 3652 αὺτῷ
1541 3581 1862 3652 είσῳκίσθη,

289 3686 392 3753 τὴν
443 3684 552 3734 τῶν
620 3679 1014 3751 Ἰεροσολύμων
1066 3676 1360 3745 ἀπειλήφει
1421 3672 1860 3743 ’προσωνυμίαν.

304 3775 635 3830 Ἀναστάτου
673 3775 728 3828 δὲ
755 3772 1055 3841 γενομένης
1086 3770 1192 3823 ὑπὸ
1227 3766 1534 3838 Ῥωμαίων,
1557 3769 1583 3818 ό
1612 3764 1867 3834 βασιλεὺς

307 3866 609 3935 Ἀδριανὸς,
660 3868 686 3918 ό
729 3865 822 3917 καὶ
875 3863 1076 3927 Αἴλιος,
1125 3859 1283 3923 αὖθις
1340 3857 1650 3927 ἀνεγείρας,
1683 3855 1869 3909 Διλίαν

294 3960 468 4028 αὐτὴν
497 3958 871 4023 ἐπωνόμασεν.

377 4023 437 4102 ’ό
465 4048 519 4100 δὲ
547 4045 592 4117 β’
616 4045 797 4099 κανὼν
816 4044 916 4112 τῆς
940 4042 1198 4112 δευτέρας
1225 4041 1447 4094 συνόδου
1497 4039 1591 4094 τδν
1624 4043 1871 4109 ’Δλεξαν-
1927 4023 1941 4033 “

295 4143 480 4213 δρείας
511 4138 807 4192 ἐπίσκοπον
837 4137 905 4190 τὰ
964 4138 1024 4190 ἐν
1053 4134 1315 4205 Αἰγύπτῳ
1338 4133 1549 4204 διέπειν
1581 4135 1829 4201 θεσπίζει
1852 4151 1866 4167 ⁸

295 4237 424 4298 τοὺς
456 4233 512 4286 δὲ
559 4232 893 4293 ἐπισκόπους
920 4228 1028 4281 τῶν
1060 4227 1236 4281 ἄλλων
1279 4225 1559 4296 ἐπαρχιῶν
1595 4227 1730 4297 πρὸς
1761 4227 1870 4281 τῶν

302 4328 447 4379 ίξίων
479 4324 711 4377 συνόδων
751 4322 893 4375 κατά
927 4337 987 4373 τε
1014 4319 1075 4372 τὸ
1124 4318 1357 4371 παλαιὸν
1388 4318 1512 4382 ἔθος
1544 4323 1873 4388 χειροτονεί-

299 4418 427 4471 σθαι
460 4432 473 4448 ο
508 4413 667 4468 τοῦτο
702 4412 759 4466 δὲ
794 4414 906 4472 τοῖς
931 4410 1123 4463 ἔπειτα
1153 4410 1262 4464 τῶν
1309 4409 1471 4463 θείων
1508 4410 1749 4464 κανόνων
1778 4411 1867 4464 θε-

302 4511 459 4579 σμοῖς
489 4507 685 4567 τελέως
711 4504 1001 4574 ἀνῄρηται.

1963 3318 2130 3371 Jehus
2150 3318 2413 3384 appellata
2452 3318 2571 3368 fuit.
2613 3316 2685 3366 Ex
2715 3331 2823 3377 quo
2850 3322 3029 3365 autem
3062 3326 3154 3377 per
3185 3310 3533 3363 Salonimn-Iu

1964 3410 2377 3463 celeberrimum
2429 3408 2562 3459 illud
2602 3407 2868 3474 templum
2926 3404 3027 3455 luit
3077 3412 3442 3460 exstructum,
3484 3410 3537 3454 et

1964 3514 2117 3552 sacra
2164 3500 2374 3553 Veteris
2424 3498 2760 3551 Testamenli
2797 3500 2849 3549 in
2889 3512 2955 3549 eo
3006 3496 3227 3548 fuerunt
3278 3494 3534 3562 reposita,

1965 3593 2470 3663 Hierosolymorum
2497 3591 2717 3644 nomine
2747 3590 2849 3643 fuit
2880 3590 3173 3642 celebrata.
3204 3590 3241 3639 Α
3273 3586 3538 3641 Romanis

1964 3691 2144 3735 autem
2170 3691 2456 3751 postquam
2485 3680 2590 3733 fuit
2615 3696 2827 3741 eversa,
2869 3680 3146 3731 Adrianus
3176 3678 3312 3744 imp.
3355 3677 3450 3745 qui
3486 3685 3540 3729 et

1965 3772 2149 3827 Elius
2178 3774 2505 3843 appellatus,
2531 3787 2725 3826 rursus
2744 3772 3091 3836 instauravit,
3118 3780 3171 3823 et
3190 3764 3392 3822 Alliam
3417 3782 3537 3823 eam

1965 3862 2323 3934 nuncupavit.

2041 4043 2327 4099 Secundus
2360 4059 2482 4115 syn.
2516 4059 2553 4097 tt
2601 4058 2724 4097 can.
2778 4042 2847 4095 ab
2876 4042 3246 4095 Alexandrino
3284 4040 3543 4108 episcopo

1969 4150 2091 4205 qua:
2119 4145 2248 4189 sunt
2267 4137 2321 4189 in
2344 4136 2576 4207 Αἰεχριο
2600 4136 2977 4207 adminisrrari
2996 4135 3278 4195 decernit;
3306 4133 3539 4186 aliarum

1970 4240 2153 4282 autem
2195 4228 2600 4297 provinciarum
2640 4228 2932 4296 episcopos
2968 4242 2997 4280 a
3037 4226 3273 4296 prOpriis
3317 4224 3542 4294 synodis

1973 4320 2272 4375 secundum
2294 4321 2464 4389 legem
2490 4320 2770 4387 antiquam
2796 4318 3037 4371 ordinari
3060 4335 3075 4383 ;
3100 4319 3199 4370 hoc
3216 4332 3343 4370 vero
3364 4326 3544 4384 poste-

1973 4412 2215 4465 rioribus
2258 4412 2566 4464 divinorum
2599 4425 2874 4464 canonum
2921 4408 3410 4463 constitutionibus
3441 4407 3544 4461 luit

1972 4507 2202 4561 omnino
2232 4508 2531 4562 sublatum.

300 4623 441 4690 Περὶ
482 4621 601 4675 τῶν
636 4619 968 4690 πρεσϐείων
1018 4616 1128 4681 τῆς
1168 4617 1868 4690 Κωνσταντινουπόλεως
1901 4593 1944 4649 D

1901 4593 2050 4676 DDe
2131 4620 2384 4675 Ecclesia
2461 4618 3075 4689 Constantiuopalitanw
3153 4617 3538 4686 prwrogativi..

906 4688 1287 4752 Ἑκκλησίας.

382 4785 444 4835 ’0
482 4783 536 4835 δὲ
572 4788 639 4847 γ’,
676 4780 781 4833 Τὸν
828 4780 1030 4847 μέντοι,
1053 4781 1206 4849 φησὶ,
1242 4780 1872 4843 Κωνσταντινουπόλεως

2041 4780 2260 4834 Tertius
2297 4792 2427 4832 vero
2458 4777 2654 4846 inquit.
2711 4776 2778 4830 Ut
2820 4776 3016 4828 habeat
3044 4772 3545 4840 Constantinopoli.

302 4874 601 4928 ἐπίσκοπον
630 4870 772 4939 ἔχειν
802 4870 1138 4938 θεσπίζομεν
1159 4870 1230 4922 τά
1259 4868 1523 4938 πρεσϐεῖα
1564 4872 1664 4939 τῆς
1703 4871 1873 4939 τιμῆς

1976 4871 2137 4926 t'anus
2167 4875 2463 4940 episcopus
2505 4868 2734 4921 honoris
2772 4866 3052 4936 privilegia
3087 4875 3207 4932 p0st
3241 4862 3541 4916 llomanum

308 4966 449 5036 μετά
484 4964 577 5016 τδν
617 4961 838 5032 Ῥώμης
890 4962 1208 5023 ἐπίσκοπον,
1268 4960 1358 5012 διὰ
1408 4962 1468 5013 τὸ
1522 4956 1662 5014 εῖναι
1705 4961 1875 5033 αὐτὴν

1975 4967 2318 5035 episcopum,
2366 4978 2432 5016 eo
2463 4962 2608 5030 quod
2636 4960 2752 5027 ipsa
2783 4960 2851 5011 sit
2889 4970 3023 5008 nova
3077 4955 3268 5016 Roma,
3295 4956 3544 5007 decerni-

304 5062 432 5111 νέαν
473 5056 714 5123 Ῥώμην.
759 5053 987 5122 ’Δρχπιία
1020 5053 1117 5121 μὲν
1146 5052 1255 5122 γάρ
1288 5053 1439 5115 πόλις
1468 5049 1536 5122 ἦν
1566 5053 1626 5106 τὺ
1659 5054 1873 5116 Βυζάν-

1978 5074 2121 5113 mus.
2161 5056 2399 5124 Antiqua
2435 5053 2702 5122 siquidem
2748 5045 2878 5104 urbs
2916 5046 3017 5100 fuit
3052 5047 3391 5107 szantium,
3422 5062 3543 5115 qua:

304 5164 441 5212 τιον,
481 5146 604 5198 καθ’
645 5145 808 5196 ἑαυτὸ
864 5142 1258 5213 διοικούμενον.
1314 5144 1438 5197 Ἐπὶ
1494 5144 1552 5195 δὲ
1606 5146 1872 5216 Σευήρου,

1978 5150 2217 5221 propriis
2274 5148 2564 5217 regebatur
2622 5146 2855 5217 legibus.
2920 5147 3035 5201 Sub
3096 5146 3300 5201 Severo
3357 5154 3538 5199 autem

310 5239 577 5312 βασιλέως
620 5236 928 5304 Ῥωμαίων,
963 5237 1043 5297 είς
1091 5238 1241 5305 τρεῖς
1286 5236 1569 5287 ἐνιαυτοὺς
1598 5236 1702 5287 ὑπὸ
1740 5236 1874 5289 Ῥω-

1977 5242 2350 5297 Romanorum
2371 5241 2504 5308 imp.
2529 5240 2934 5308 pertrienniuin
2958 5256 2985 5293 a
3007 5239 3270 5293 Romanis
3295 5238 3541 5302 obsessa,

313 5330 492 5398 μαίων
524 5327 901 5398 πολιορκηθὲν,
953 5326 1179 5394 ὕστερον
1225 5327 1386 5390 ἑάλω,
1421 5327 1530 5378 τῶν
1560 5327 1877 5393 ἀναγκαίων

1982 5334 2220 5393 tandem,
2254 5330 2468 5384 civibus
2499 5330 2553 5383 in
2585 5345 2648 5383 ea
2689 5346 2869 5383 rerum
2898 5330 3334 5383 necessariarum
3360 5328 3543 5396 inopia

311 5420 677 5474 ἐπιλιπόντων
706 5422 818 5479 τοῖς
850 5421 907 5471 ὲν
939 5420 1112 5489 αὐτῷ,
1149 5422 1242 5477 κει)⁹
1266 5419 1545 5488 καθῄρητο
1578 5420 1675 5487 μὲν
1711 5419 1877 5473 αὐτοῦ

1982 5423 2352 5477 laborantibus
2383 5433 2538 5491 capta
2566 5421 2687 5489 fuit,
2716 5432 2770 5475 et
2793 5436 2980 5474 eversa
3016 5430 3144 5475 sunt
3174 5419 3293 5485 ejus
3320 5418 3542 5482 minoia,

311 5513 381 5564 τά
410 5513 585 5581 τείχη,
615 5510 870 5581 ἀφῃρέθη
905 5511 960 5562 δὲ
990 5511 1059 5562 τὰ
1108 5509 1363 5563 πολῗιτικά
1386 5510 1595 5571 δίκαια.
1627 5513 1722 5564 καὶ
1746 5511 1881 5563 ὑπε-

1877 5539 1881 5550 -
1981 5529 2043 5568 ac
2073 5513 2250 5567 ablata
2298 5514 2419 5581 jura
2451 5512 2654 5577 civilia,
2691 5504 2745 5566 et
2793 5511 2911 5580 ipsa
2948 5509 3051 5564 iuit
3085 5508 3379 5563 Perinthiis
3407 5506 3541 5562 sub-

313 5604 444 5673 τὲθη
484 5603 830 5672 Πειρινθίοις.
878 5602 1161 5672 Πειρινοος
1199 5602 1256 5656 δέ
1304 5604 1454 5655 ἔστιν
1481 5604 1515 5671 ἠ
1560 5602 1875 5672 Ἡράκλεια.
1975 5657 1977 5667 λ

1481 5604 1515 5671 η
1560 5602 1875 5672 Ἡράκλεια.
1975 5601 2146 5669 jecta;
2187 5600 2479 5656 Perinthus
2507 5613 2691 5655 autem
2721 5610 2806 5655 est
2845 5599 3120 5654 Heraclea.

387 5717 488 5769 Διὰ
548 5714 604 5767 τί
635 5713 754 5768 ὑπὸ
808 5713 915 5767 τοῦ
960 5712 1320 5792 Ἡρακλείας
1368 5714 1400 5766 ὀ
1440 5711 1811 5781 πάτριὰρχης

882 5797 1320 5851 χειροτονείτω.

398 5877 541 5945 Παρδ
574 5874 630 5930 δὲ
660 5876 751 5929 καὶ
774 5878 848 5945 τῲ
885 5856 1206 5944 Ἡρακλείας
1243 5875 1272 5943 ἡ
1309 5873 1606 5942 χειροτονία
1638 5872 1732 5927 τοῦ
1764 5891 1871 5926 πα-

1984 5712 2165 5777 Quare
2195 5712 2259 5765 ab
2291 5712 2617 5765 Heracliemi
2645 5711 2884 5779 episcopo
2905 5709 3213 5779 patriarcha
3240 5708 3544 5762 ordinatur.

2056 5869 2122 5925 Et
2172 5872 2296 5928 hinc
2329 5873 2545 5933 quidem
2593 5869 2928 5928 Hcracliensi
2962 5868 3189 5926 antistiti
3230 5868 3546 5927 patriarcha:
