4214 6434
762 421 900 482 1279

1948 415 1997 470 Μ
2012 414 2151 470 ATT
2163 415 2203 468 tl
2220 411 2310 467 ,ΕΙ
2355 409 2491 467 BLA
2501 411 2588 469 ST
2594 414 2636 468 Α
2651 412 2694 468 ιι
2709 411 2779 469 ιδ

3880 408 4018 473 1280

754 532 1039 585 ordinatio
1076 529 1379 593 tribuitur;
1428 530 1631 598 quippe
1657 528 1892 581 obtinuit
1938 528 2163 594 antiqua
2197 539 2331 577 cou-

2434 526 2701 596 τριάρχου
2750 528 3181 597 ἀπονενέμηται,
3216 530 3311 582 ἆτι
3342 530 3608 598 πρότερον
3637 528 3759 590 ἔθος
3787 528 3850 582 ὂν
3882 528 4016 597 πρὸς

752 623 1008 681 suetndo,
1056 632 1112 674 ut
1155 635 1252 689 per
1288 620 1440 673 illum
1480 619 1726 686 Byzantii
1768 618 2062 685 episcopus
2096 615 2322 669 ordina-

758 723 925 766 retur.
961 710 1189 779 Magnus
1223 726 1352 765 vero
1382 710 1775 765 Constantinus
1806 709 1942 761 hanc
1979 708 2031 760 in
2067 706 2325 759 amoenis-

757 806 899 857 simo
951 804 1142 856 mundi
1210 805 1333 858 loco
1381 803 1536 856 sitam
1601 803 1814 862 urbem,
1868 800 2229 869 magnitudini
2274 807 2328 853 et

756 896 1153 966 pulchritudini
1179 897 1243 949 ad
1272 911 1433 965 quain
1456 896 1700 963 pervenit
1724 894 2021 961 adaugens,
2044 894 2126 947 sui
2156 893 2329 961 ipsius

759 987 985 1041 donavit
1040 988 1284 1049 nomine,
1320 996 1374 1039 et
1427 1001 1580 1040 novae
1618 987 1799 1039 “OIIHB
1832 985 1992 1038 titulo
2027 984 2327 1053 insignivit.

836 1077 1142 1132 Vicesimus
1196 1089 1420 1131 octavus
1458 1094 1509 1130 tv
1543 1094 1662 1148 syn.
1712 1077 1807 1141 ait,
1850 1078 2062 1138 eadem,
2102 1093 2225 1146 qua:
2298 1076 2331 1128 3

760 1185 939 1224 canon
977 1172 1018 1222 ll
1052 1170 1244 1240 synodi
1291 1189 1303 1224 :
1351 1169 1461 1223 Nos
1494 1185 1706 1237 quoque
1737 1169 2084 1223 decernimus
2139 1178 2191 1222 et
2221 1178 2331 1222 sta-

761 1265 988 1323 tuimus,
1023 1263 1460 1317 ntsanctissimze
1482 1261 2109 1329 Constantinopolitanae
2141 1260 2331 1313 Eccle-

761 1356 855 1407 sia:
892 1356 1122 1407 thronus
1150 1356 1457 1422 aequalibus
1491 1371 1612 1407 cum
1646 1355 1944 1420 antiquinri
1971 1353 2138 1406 Roma
2167 1353 2334 1421 priti-

759 1444 917 1512 lcgiis
971 1444 1220 1507 l'tuatur;
1264 1445 1464 1512 quippe
1511 1460 1634 1510 qua:
1672 1445 1903 1512 imperio
1938 1454 1992 1499 et
2024 1454 2217 1498 senatu
2251 1452 2335 1498 est

763 1534 1049 1587 honorata.
1106 1534 1259 1587 Unde
1289 1535 1451 1587 etia‘n
1503 1552 1611 1588 non
1652 1552 1811 1591 secus
1857 1553 1919 1590 ac
1973 1536 2121 1587 illam
2154 1537 2336 1589 eccle-

761 1626 1000 1679 siasticis
1034 1626 1335 1693 privilegiis
1385 1628 1663 1679 honestari
1713 1638 1946 1693 oportet,
1993 1643 2054 1681 ac
2102 1628 2335 1695 primum

760 1718 981 1785 quidem
1024 1719 1164 1771 inter
1208 1719 1344 1771 alias
1386 1720 1669 1781 ecclesias,
1722 1720 2024 1773 secundum
2060 1734 2186 1773 vero
2217 1727 2342 1787 post

762 1810 913 1862 illam
937 1812 1111 1861 locum
1139 1811 1405 1872 obtinere,
1433 1826 1557 1863 nam
1584 1812 1843 1865 omnibus
1868 1811 2047 1866 modis
2069 1812 2331 1879 aequalem

2424 617 2622 670 ἀὐτοῦ
2649 620 3072 688 χειροτονεῖσθαι
3118 622 3209 673 τὸν
3248 622 3546 674 ὶπίσκοπον
3595 620 3916 681 Βυζαντίου.
3962 620 4020 672 '0

2431 708 2610 776 μέγας
2641 708 2695 761 δὲ
2729 711 3139 773 Κωνσταντῖνος
3164 712 3263 780 τὴν
3294 713 3351 763 ὲν
3379 712 3649 781 καλλίστῳ
3671 711 3768 764 τοῦ
3800 712 4017 779 κόσμου

2430 799 2690 868 κειμένην
2724 804 2955 870 ταυτηνὶ
3000 801 3176 866 πόλιν,
3217 803 3311 855 καὶ
3348 802 3615 871 μεγέθους
3655 804 3753 855 καὶ
3782 803 4023 863 κάλλους

2432 888 2493 944 εὖ
2524 893 2766 961 ἥκουσαν
2796 894 3112 964 ἀνεγείρας,
3146 896 3245 964 τὴν
3291 896 3428 948 ἰδίαν
3462 896 3842 964 αὐτῇ·κλῆσιν
3880 898 4021 949 ἁπι-

2432 984 2719 1052 χαρίσατο,
2757 986 2848 1037 καὶ
2881 986 3006 1040 νέαν
3030 988 3502 1057 προσεπωνόμασε
3536 986 3779 1057 Ῥώμην.

2518 1074 2579 1127 '0
2615 1075 2672 1127 δὲ
2709 1074 2793 1145 κη’
2823 1077 2920 1143 τῆς
2950 1079 2991 1130 δ’
3035 1079 3277 1140 συνόδου,
3304 1079 3383 1131 Τὰ
3415 1080 3555 1132 αὐτὰ
3592 1081 3689 1132 xal.
3721 1081 3889 1149 ἡμεῖς
3912 1078 4024 1148 δρί-

2436 1166 2625 1235 ζομεν,
2665 1170 2819 1236 φησὶ,
2860 1170 2938 1239 τῷ
2972 1176 3023 1237 γ’
3070 1170 3167 1240 τῆς
3208 1170 3253 1239 β’
3286 1169 3507 1223 συνόδου
3540 1172 3750 1232 κανόνι,
3787 1173 3887 1223 καὶ
3916 1172 4023 1239 ψη-

2437 1248 2731 1327 φιζόμεθα,
2783 1262 2876 1312 τὸν
2922 1261 3109 1329 θρόνον
3162 1262 3262 1327 τῆς
3313 1262 3625 1331 ἁγιωτάτης
3678 1262 4018 1329 Ἐκκλησίας

2439 1351 3073 1414 Κωνσταντινουπόλεως
3106 1353 3175 1405 τὰ
3218 1351 3309 1409 ίσα
3342 1352 3531 1420 φέρειν
3561 1354 3659 1421 τῆς
3704 1354 4019 1420 πρεσϐυτέ-

2441 1456 2538 1508 ρας
2580 1440 2801 1509 Ῥώμης
2856 1442 3145 1511 πρεσϐεῖα,
3176 1441 3273 1496 ατε
3312 1443 3560 1513 βασιλείᾳ
3591 1445 3684 1495 καὶ
3721 1444 4017 1512 συγκλήτῳ

2441 1532 2790 1601 τιμηθεῖσαν.
2828 1534 3014 1603 Ταύτη
3041 1553 3144 1597 τοι,
3176 1537 3268 1589 καὶ
3300 1531 3390 1590 οἷά
3421 1554 3528 1606 περ
3554 1537 3789 1604 ἐκείνην,
3820 1539 3883 1589 ὲν
3905 1540 4015 1598 τοίς

2439 1625 2919 1693 ὲκκλησιαστικοίς
2958 1627 3040 1678 δεῖ
3094 1626 3497 1695 μεγαλύνεσθαι
3528 1630 3871 1698 προνομίοις,
3914 1647 4017 1680 πα-

2443 1715 2553 1767 σῶν
2609 1716 2709 1784 μὲν
2758 1716 2868 1768 τῶν
2906 1718 3084 1770 ἄλλων
3140 1721 3587 1790 προτιμωμένην,
3641 1719 3911 1788 δευτέραν
3960 1721 4014 1772 δὲ

2447 1806 2567 1874 μετ’
2596 1808 2814 1875 ἐκείνην
2862 1808 3233 1877 ὑπάρχουσαν,
3267 1810 3375 1862 τῶν
3409 1810 3539 1863 ἴσων
3580 1810 3689 1878 γὰρ
3716 1812 3777 1862 ὲν
3804 1810 4014 1863 ἂπασιν

762 1900 1067 1967 intelligere
1099 1916 1207 1953 non
1248 1916 1543 1969 possumus
1578 1922 1589 1955 :
1625 1904 1749 1956 lieet
1795 1906 2017 1972 quidam
2070 1904 2333 1974 pra'posi-

2442 1896 2723 1958 ἀξιοῦσθαι
2746 1898 2949 1967 ταύτην
2974 1901 3256 1968 ἀμήχανον
3278 1914 3292 1930 ⁸
3327 1901 3376 1952 εί
3400 1900 3494 1953 καί
3526 1918 3670 1963 τινες
3699 1901 3800 1970 τὴν
3832 1902 4011 1969 μετὰ,

760 1992 987 2055 tionem,
1033 2002 1178 2061 post,
1220 1994 1448 2047 omnino
1501 1996 1847 2061 amrmative,
1902 1998 2140 2051 maxime
2198 2012 2329 2051 vero

764 2084 987 2137 indocte
1008 2093 1062 2139 et
1098 2086 1368 2154 imperite,
1404 2087 1842 2156 interpretantes,
1872 2106 1978 2143 non
2013 2089 2328 2144 inferiorem

763 2174 870 2227 loci
924 2184 978 2228 et
1027 2177 1311 2244 dignitatis
1348 2180 1600 2245 gradum,
1642 2182 1733 2234 sed
1778 2181 2038 2250 temporis
2080 2182 2329 2234 ordinem

765 2266 1075 2334 signiﬁcare
1109 2271 1515 2324 existimarere.
1561 2270 1697 2324 Nam
1742 2273 1795 2325 in
1848 2273 2167 2328 nominibus
2198 2275 2333 2327 reci-

765 2357 944 2410 tandis
996 2373 1215 2414 necesse
1274 2368 1359 2414 cst
1391 2370 1448 2415 ut
1504 2378 1670 2415 unum
1719 2364 1892 2432 prius,
1923 2366 2153 2419 alterum
2204 2382 2333 2419 vero

768 2450 1042 2515 posterius
1067 2451 1409 2518 proferatur;
1445 2462 1502 2506 ut
1529 2463 1582 2506 et
1613 2455 1663 2507 in
1691 2471 1978 2521 consessu,
2014 2458 2244 2512 etctiam
2275 2458 2329 2511 itt

767 2538 1260 2609 subscriptionibns
1275 2546 1523 2599 accidere
1543 2547 1703 2600 solet.

840 2628 1076 2697 Insignis
1140 2630 1241 2685 hoc
1296 2633 1427 2688 dicit
1488 2634 1755 2698 Zonaras,
1808 2636 1884 2690 Ne
1939 2637 2080 2693 forte
2134 2639 2335 2694 dixerit

767 2720 1064 2789 quispiam,
1088 2725 1346 2791 quoniam
1368 2727 1538 2780 divini
1575 2728 1786 2799 Patres,
1806 2729 2047 2785 futurum
2074 2742 2331 2801 tanquam

768 2831 1007 2883 praesens
1051 2819 1433 2886 praevidentes,
1468 2822 1768 2876 Romanam
1805 2840 1995 2893 nempe
2036 2825 2331 2879 Ecclesiam

768 2920 993 2975 propter
1020 2926 1240 2965 errores
1273 2927 1405 2965 suos
1429 2915 1496 2967 ab
1520 2916 1952 2969 orthodoxorum
1978 2927 2119 2971 coetu
2148 2934 2331 2982 segre-

765 3000 1025 3064 gandam,
1060 3011 1225 3069 atque
1257 3004 1323 3056 ab
1354 3006 1501 3057 omni
1536 3005 1777 3059 lideliunt
1807 3010 2087 3063 consortio
2109 3010 2336 3063 elimati-

767 3093 891 3145 dam
921 3096 1057 3155 lore,
1088 3096 1294 3164 primas
1323 3097 1449 3150 huic
1481 3099 1818 3166 detulerunt,
1848 3110 2011 3169 atque
2037 3102 2108 3155 ita
2141 3102 2330 3156 iisdem

768 3184 1070 3252 privilegiis
1094 3202 1212 3239 eam
1266 3188 1615 3253 decorarnnt,
1643 3206 1762 3260 quae
1803 3201 1857 3245 ut
1893 3193 1980 3245 illa
2014 3194 2329 3262 aliquando,

2435 1988 2715 2058 πρόθεσιν,
2748 1990 2890 2042 πάνυ
2920 1990 3319 2059 βεϐιασμένως,
3355 1991 3555 2061 μᾶλλον
3575 1994 3633 2046 δὲ
3664 1994 4014 2056 ἀπαιδεύτως

2436 2080 2793 2149 καὶ-ἀμαθῶς
2823 2081 3243 2151 ἑρμηνεύοντες,
3280 2086 3376 2154 οὐχ
3400 2083 3657 2153 ὑφεδρίας
3686 2086 3783 2138 καὶ
3822 2086 4014 2137 ὑποϐι-

2433 2167 2669 2237 ϐασμοῦ.
2710 2170 2902 2238 χρόνου
2952 2170 3011 2223 δὲ
3072 2166 3212 2223 εἶναι
3270 2173 3580 2243 δηλωτικὴν
3632 2174 4011 2237 ἁξ.οὖσιν.Ἐν

2435 2264 2543 2332 γὰρ
2572 2266 2689 2325 ταῖς
2718 2262 2825 2314 τῶν
2853 2262 3135 2331 ὀνομάτων
3168 2265 3470 2333 ἀναφοραῖς
3493 2265 3730 2334 ἀνάγκη.
3758 2267 3851 2317 τὸν
3913 2268 4011 2334 μὲν

2436 2354 2743 2422 πρότερον,
2805 2352 2897 2403 τὸν
2948 2352 3004 2404 δὲ
3067 2350 3296 2422 ὕστερον
3352 2353 3754 2420 ὲκφωνεῐσθαι·
3821 2354 3901 2418 ὡς
3954 2355 4007 2407 δὲ

2434 2445 2537 2495 κᾶν
2570 2445 2688 2505 ταῖς
2735 2443 3044 2513 καθέδραις,
3083 2445 3185 2498 κάν
3214 2446 3335 2509 ταῖς
3388 2445 3735 2515 ὕπογραιραίς
3794 2448 4011 2516 συμϐή-

2437 2547 2612 2583 σεται.

2506 2622 2568 2674 Εί
2602 2622 2784 2691 μήπου
2822 2639 2905 2685 τις
2948 2622 3116 2686 είποι,
3148 2625 3176 2675 ό
3218 2623 3507 2694 ὑπερφυὴς
3537 2630 3632 2682 καὶ
3659 2627 3821 2682 τοῦτό
3872 2648 4007 2698 φησι

2436 2713 2714 2781 Ζωναρᾶς,
2745 2714 2829 2766 ὅτι
2874 2714 2936 2766 τὸ
2972 2715 3189 2783 μᾶλλον,
3225 2716 3301 2779 ώς
3354 2719 3553 2788 παρὸν,
3588 2722 3637 2772 ol
3666 2721 3801 2774 θεῖοι
3832 2724 4008 2775 Πατέ-

2437 2822 2527 2874 ρες
2582 2806 3037 2875 ἐνοπτριζόμενοι,
3096 2807 3170 2870 ὡς
3222 2810 3679 2880 ἀποτμηθήσεται
3739 2814 3839 2881 τῆς
3893 2814 4005 2866 τῶν

2434 2899 2732 2969 δρθυδόξων
2762 2899 3081 2970 ὁλοκληρίας
3116 2903 3147 2971 ἡ
3197 2903 3305 2957 τῶν
3344 2903 3636 2972 Ῥωμαίων
3681 2904 4003 2979 Ἐκκλησία,

2436 2992 2528 3043 καὶ
2555 2990 2652 3059 τῆς
2679 2991 2789 3042 τῶν
2820 2992 3026 3044 πιστῶν
3055 2993 3378 3064 ὁμηγύρεως
3421 2994 4000 3066 ὲξοστρακισθήσετιιι,

2433 3080 2696 3150 δόγμασιν
2724 3083 3052 3152 ὲτερεδόξοις
3097 3084 3533 3155 καθυπαχθεῖσα,
3568 3086 3797 3158 πρώτην
3830 3090 4005 3157 ἐλογί-

2438 3190 2600 3225 σαντο
2621 3174 2846 3244 ταύτην,
2867 3178 2963 3228 καὶ
2992 3176 3133 3230 οὕτω
3152 3178 3261 3231 τῶν
3284 3179 3465 3231 αὐτῶν
3485 3180 3666 3251 ἑκείνῃ
3696 3183 4003 3247 πρεσϐείων

767 3278 1131 3351 principatum
1171 3280 1223 3332 in
1268 3283 1522 3334 omnibus
1565 3283 1695 3336 olim
1731 3285 2014 3339 obtinebit.
2068 3287 2142 3340 De
2187 3268 2362 3338 (Σοιιο4

2437 3265 2695 3333 ἠξίωσαν,
2751 3268 3076 3343 πρεσϐεύειν
3120 3271 3175 3321 ὲν
3204 3270 3373 3323 ἅπασι
3424 3270 3744 3339 μέλλουσαν,
3778 3269 3870 3326 οἷά
3901 3292 4003 3343 περ

769 3368 1271 3436 stantinopolitana:
1308 3387 1470 3438 porro
1505 3371 1764 3427 Ecclesiae
1785 3375 2085 3444 privilegiis
2118 3376 2333 3430 abunde

769 3458 1046 3513 disserens
1071 3476 1270 3524 canon,
1307 3463 1375 3518 de
1406 3465 1734 3519 dioecesibus
1773 3468 1937 3520 etiam
1967 3468 2042 3520 illi
2074 3468 2334 3534 subjectis
2380 3494 2383 3497 λ

767 3549 1091 3616 constituit;
1162 3554 1320 3624 115
1375 3556 1499 3609 illas
1547 3573 1676 3611 vero
1722 3557 1855 3612 dicit
1907 3574 2029 3615 esse
2072 3561 2335 3615 dimceses

766 3634 929 3699 Asiae,
980 3637 1132 3693 Ponti
1178 3653 1230 3695 et
1291 3642 1558 3698 Thracias.
1588 3644 1654 3699 Et
1683 3647 1897 3700 Asiante
1943 3648 2163 3716 quidem
2195 3650 2331 3702 dice-

767 3737 922 3779 ceses
957 3739 1104 3792 sunt,
1136 3746 1255 3797 quae
1302 3735 1367 3786 ad
1400 3732 1641 3787 Taurum
1680 3752 1852 3804 usque
1884 3747 2119 3790 montem
2147 3747 2336 3790 exten-

769 3818 1006 3885 duntur;
1038 3821 1273 3877 Ponticae
1296 3842 1445 3887 vero,
1473 3842 1594 3895 qum
1623 3829 1795 3883 Ponto
1828 3829 2037 3883 Euxino
2056 3831 2331 3897 adjacent,

769 3906 1166 3977 Trapezuntem
1211 3931 1379 3985 usque
1416 3928 1470 3971 et
1496 3918 1763 3982 interius;
1800 3919 2080 3975 Thracica‘.
2132 3931 2332 3985 autem,

769 3995 889 4069 qua:
916 4014 1043 4057 sunt
1071 4022 1240 4075 usque
1277 4009 1537 4078 adipsunt
1570 4011 1983 4080 Dyrrhachium.

770 4239 947 4305 Quare
1017 4243 1493 4301 Thessalonicensis
1556 4252 1826 4320 episcopus
1892 4253 2000 4321 fuit
2045 4270 2209 4323 .papw
2256 4254 2333 4307 le-

1472 4331 1648 4387 gntus.

840 4447 1163 4516 Quanquam
1182 4450 1309 4502 olim
1344 4452 1515 4519 episc.
1550 4450 2097 4509 Thessalonicensem
2120 4465 2173 4509 et
2198 4456 2334 4524 alios

2436 3364 2615 3431 ἐκείνη
2642 3365 2794 3417 ποτέ.
2826 3365 2958 3432 Περὶ
2990 3366 3088 3432 μὲν
3110 3365 3174 3434 δὴ
3192 3366 3301 3417 τῶν
3330 3366 3634 3435 πρεσϐείων
3664 3368 3761 3437 τῆς
3779 3369 4004 3435 Ἐκκλη-

2437 3456 2556 3516 σίας
2586 3456 3213 3519 Κωνσταντινουπόλεως
3242 3457 3362 3520 ἅλις
3416 3458 3817 3527 διαταξάμενος
3843 3463 3873 3512 ό
3906 3478 4003 3512 κει⁹

2400 3546 2563 3609 ενὼν,
2622 3548 2713 3599 καὶ
2779 3549 2911 3615 περὶ⁵
2974 3548 3081 3600 τῶν
3118 3550 3562 3618 ὑποκεισομὲνων
3612 3552 3747 3619 αὐτῇ
3774 3552 3999 3617 διέξεισι

2435 3638 2773 3705 διοικήσεων.
2801 3637 3017 3701 Ταύτας
3061 3639 3118 3691 δὲ
3148 3635 3287 3691 εἷναί
3342 3657 3473 3709 φησι
3505 3643 3602 3702 τὰς
3631 3644 3728 3707 τῆς
3796 3644 3999 3705 Ἄσίας,

2399 3732 2404 3737 ’
2436 3731 2526 3783 τοῦ
2564 3732 2788 3795 Πόντου,
2821 3732 2915 3783 καὶ
2940 3732 3037 3800 τῆς
3064 3730 3283 3801 Θρᾴκης
3309 3748 3325 3763 ·
3358 3736 3454 3786 καὶ
3496 3734 3742 3786 Ἀσιαναὶ
3771 3735 3872 3802 μέν
3900 3738 4000 3786 εἱσι

2435 3824 2728 3894 διοικήσεις
2760 3825 2816 3877 αἱ
2850 3823 3015 3892 μέχρι
3042 3840 3153 3875 των
3183 3825 3475 3893 Ταυρικῶν
3500 3825 3639 3893 ὀρῶν
3671 3828 3961 3894 διήκουσαι
3987 3844 3996 3855 ·

2437 3914 2693 3966 Ποντικαὶ
2741 3914 2818 3977 δὲ,
2850 3916 2904 3966 αἱ
2948 3914 3025 3981 τῷ
3056 3914 3296 3984 Εὐξείνῳ
3344 3917 3531 3985 Πόντῳ
3567 3919 4003 3986 παρακείμεναι,

2437 4006 2849 4077 Τραπεζοῦντος
2874 4008 3001 4076 ἄχρι
3034 4009 3127 4061 καὶ
3154 4009 3413 4078 ἐνδοτέρω
3438 4026 3451 4037 ·
3484 4009 3755 4080 Θρᾳκικαὶ
3816 4012 3895 4073 δὲ,
3948 4014 4005 4063 αἱ

2440 4099 2601 4168 μέχρι
2640 4098 2732 4151 τοῦ
2759 4100 3083 4171 Δυρραχίου.

2473 4249 2575 4304 Διά
2599 4253 2654 4304 τί
2682 4248 2758 4322 ἦν
2784 4256 2815 4306 ό
2859 4255 3316 4321 Θεσσαλονίκης
3346 4256 3597 4325 ,ιεγάτος
3632 4256 3737 4309 τοῦ
3769 4256 3968 4311 Urina.

2508 4455 2570 4507 Εί
2599 4455 2705 4522 γὰρ
2748 4457 2841 4510 καὶ¹
2883 4456 3049 4509 πάλαι
3079 4459 3171 4509 τόν
3201 4473 3260 4509 τε
3293 4456 3701 4523 Θεσσαλονίκης
3754 4459 3852 4510 καὶ
3888 4460 4006 4511 ἑτέ-

767 4542 1143 4597 Ot-cidentales
1162 4543 1471 4610 episCOpos,
1498 4543 1859 4606 Athenarum,
1882 4546 2026 4608 dico,
2057 4545 2329 4611 Corinthi,
2359 4575 2362 4583 ι

2440 4564 2566 4617 ρους
2596 4548 2847 4610 δυτικοὺς
2878 4549 3231 4611 ἐπισκόπους,
3263 4548 3354 4600 τὸν
3394 4548 3656 4618 Ἀθηνῶν,
3690 4553 3856 4617 φημὶ,
3910 4552 4005 4602 τὸν

766 4634 1079 4699 Patraium,
1112 4645 1166 4686 et
1202 4633 1493 4695 Ravennae,
1544 4635 1751 4703 legatos
1794 4637 1978 4689 habuit
2016 4653 2172 4705 papa,
2206 4647 2328 4690 tan-

766 4742 931 4794 quam
978 4727 1046 4777 ab
1088 4726 1207 4790 ejus
1249 4724 1388 4777 fat-ie
1430 4725 1583 4794 (illud
1616 4726 1761 4778 enim
1808 4729 1947 4794 apud
1996 4725 2215 4781 Graecos
2249 4728 2328 4782 si-

767 4817 991 4885 gniﬁcat
1045 4816 1404 4885 vocabulum)
1462 4825 1551 4879 ut,
1594 4816 1815 4892 quando
1864 4818 2096 4886 publicis
2139 4819 2332 4874 adesse

766 4909 1032 4973 quosdam
1070 4922 1100 4959 e
1130 4908 1374 4974 partibus
1407 4923 1560 4976 papae
1589 4924 1725 4977 opus
1754 4918 1898 4961 esset
1932 4911 2287 4963 conventibus
2314 4954 2327 4975 ,

767 4998 913 5051 illius
968 4999 1145 5052 locum
1201 4999 1560 5066 supplerent;
1619 5014 1649 5052 e
1691 5010 1880 5052 nostro
1931 5008 2111 5052 tamen
2171 5017 2331 5070 grege

768 5094 940 5146 fuere.
969 5091 1083 5145 Non
1114 5094 1258 5147 enim
1289 5102 1365 5147 tot
1397 5104 1546 5147 extra
1584 5111 1710 5148 suos
1748 5095 1881 5147 lines
1909 5095 2191 5164 episc0pos
2227 5096 2327 5148 sibi

766 5184 1043 5251 subjectos
1092 5186 1310 5250 habuit,
1369 5195 1428 5238 ttt
1484 5186 1606 5240 illos
1650 5187 1965 5251 ordinaret;
2012 5196 2070 5239 ut
2110 5186 2328 5254 quidam

766 5274 1177 5327 existimarunt.
1215 5275 1590 5343 Excogitatum
1628 5286 1710 5330 est
1753 5286 1931 5329 autem
1976 5278 2077 5330 hoc
2108 5287 2331 5345 propter

767 5366 867 5418 via:
912 5367 1326 5434 longitudinem,
1359 5384 1424 5421 ne
1455 5370 1617 5422 taedio
1649 5369 1989 5423 adicerentur
2042 5370 2097 5432 ii,
2134 5370 2223 5437 qui
2264 5369 2331 5421 il-

767 5458 875 5511 linc
908 5459 1065 5510 nobis
1111 5474 1205 5527 per
1248 5460 1416 5512 maria
1448 5461 1598 5514 missi
1650 5459 1867 5514 fuerint.
1920 5460 2073 5526 Quod
2107 5470 2163 5514 et
2204 5460 2331 5514 hinc

770 5549 1117 5603 titaaitestum
1156 5561 1263 5615 est,
1296 5553 1439 5620 quod
1471 5568 1574 5605 non
1604 5568 1819 5623 semper
1845 5554 1921 5607 illi
1959 5570 1987 5607 a
2020 5553 2159 5607 facie
2182 5569 2331 5623 papae

771 5640 1048 5695 constituti
1105 5654 1253 5707 sunt,
1308 5645 1400 5698 sed
1440 5644 1734 5712 aliquando
1792 5659 1845 5702 et
1879 5647 1992 5713 alii,
2040 5662 2179 5718 quos
2234 5662 2330 5718 pro

773 5738 1018 5801 tempore
1051 5748 1186 5802 papa
1219 5733 1400 5790 Roma:
1432 5736 1611 5806 elegit.

2438 4636 2727 4705 Κορίνθου,
2785 4636 2875 4688 τὸν
2922 4637 3172 4705 Πατρῶν,
3232 4638 3323 4689 τὸν
3363 4636 3675 4706 Ῥαϐέννης,
3736 4639 4005 4703 λεγάτους

2438 4726 2581 4797 εἶχεν
2630 4730 2658 4781 ό
2692 4730 2905 4791 Πάπας,
2957 4729 3119 4780 οἱονεὶ
3177 4733 3237 4780 ὲκ
3278 4730 3573 4797 προσώπου
3619 4730 3787 4782 αὑτοῦ
3828 4733 4007 4799 (τοῦτο

2438 4821 2547 4891 γὰρ
2602 4818 3022 4888 καθ’Ἕλληνας
3074 4820 3107 4888 ἡ
3159 4816 3302 4881 λέξις
3358 4820 3529 4889 δηλοῖ)
3572 4819 3638 4871 ἶν’
3674 4822 3761 4872 ὅτε
3818 4822 4005 4889 δεήσει

2439 4911 2691 4981 παρεῖναί
2722 4927 2871 4972 τινας
2901 4910 3009 4961 τῶν
3042 4910 3135 4962 τοῦ
3160 4911 3321 4963 Πὰπα
3350 4914 3470 4972 ταῖς
3498 4914 3703 4973 κοιναῖς
3743 4913 4002 4964 συνελεύ-

2440 5020 2610 5065 σεσιν,
2646 5001 3031 5071 ἀναπληρῶσιν
3083 4995 3224 5054 οὗτοι
3273 5003 3363 5054 τὸν
3396 5003 3605 5055 ἐκείνου
3644 5003 3833 5066 τόπον,
3864 5005 4003 5057 ἀλλᾶ

2437 5094 2538 5157 τῆς
2570 5092 2845 5162 ἡμετέρας
2875 5092 3171 5160 ἐτύγχανον
3204 5092 3356 5155 ὄντες
3395 5092 3627 5161 ἀγέλης.
3664 5094 3740 5145 Οὐ
3774 5094 3885 5161 γὰρ
3916 5112 4004 5147 το-

2440 5184 2663 5247 σούτους
2703 5181 2845 5254 εἶχεν
2898 5185 3219 5253 ὑπερορίους
3273 5185 3604 5247 ἐπισκόπους
3654 5186 3744 5251 ὑφ’
3784 5186 4003 5251 ἑαυτὸν,

2438 5274 2578 5327 ῶστε
2638 5274 2734 5325 καὶ
2789 5277 3108 5342 χειροτονεῖν
3161 5274 3379 5339 αὐτοὺς,
3439 5276 3513 5339 ῶς
3574 5293 3721 5337 τινες
3774 5276 4001 5330 οἴονται.

2451 5367 2831 5435 Ἐπινενόηται
2879 5367 2932 5419 δὲ
2980 5365 3245 5419 τοῦτοδιὰ
3297 5368 3357 5419 τὸ
3398 5368 3497 5434 τῆς
3531 5367 3651 5419 ὁδοῦ
3685 5368 3887 5435 μῆκος,
3920 5370 4002 5421 ἵνα

2443 5462 2516 5528 μὴ
2545 5459 2915 5511 ἀποκναίωσιν
2948 5460 2997 5509 at
3044 5459 3181 5527 πρὸς
3221 5460 3361 5528 ἡμᾶς
3408 5459 3617 5511 ἐκεῖθεν
3656 5460 4001 5528 στελλόμενοι

2438 5551 2773 5603 διαπόντιοι·
2825 5552 2915 5601 καὶ
2966 5548 3122 5616 δῆλον
3186 5552 3249 5601 ὲκ
3314 5548 3408 5603 τοῦ
3461 5550 3535 5619 μὴ
3565 5548 3775 5612 τούτοις
3801 5552 3889 5603 ἀεὶ
3939 5552 4000 5602 ἐκ

2440 5641 2733 5712 προσώπου
2804 5640 2893 5693 τοῦ
2964 5642 3128 5693 Ili-ea
3193 5640 3594 5706 καθίστασθαι,
3650 5641 3769 5693 ἀλλ’
3829 5643 3999 5694 ἐνίετε

2441 5734 2536 5784 καὶ
2562 5733 2801 5802 ἑτέρους,
2836 5732 2927 5797 οὓς
2956 5736 2983 5787 ὁ
3016 5735 3154 5788 κατὰ
3182 5735 3409 5805 καιροὺς
3440 5735 3540 5804 τῆς
3578 5733 3796 5804 Ῥώμης
3827 5736 4001 5789 είλετο

2439 5827 2651 5886 Παπας.
