4214 6434
305 428 442 495 Ῑῖθδ

1294 429 1703 489 SYNTAGMA
1752 426 2374 487 ALPHABETICUM.
2408 450 2465 461 -
2510 420 2569 487 Ε.

3425 417 3555 481 iﬁlli

386 547 444 600 Ὀ
474 548 528 599 δὲ
562 551 648 610 ος¹
693 544 789 611 τῆς
852 541 903 607 ς’
946 541 1165 595 συνόδου
1220 542 1401 596 κανὼν
1451 544 1600 597 ἔνδον
1643 544 1751 597 τῶν
1784 546 1882 610 τῆς

2056 540 2502 610 Septuagesimum
2572 543 2763 590 sextus
2802 552 2851 589 \‘l
2912 534 3106 605 synodi
3157 548 3358 597 canon,
3423 538 3566 591 intra

302 638 603 707 ἐκκλησίας
666 636 830 704 ἱερῶν
903 635 1206 705 περιϐόλων
1289 638 1586 705 καπηλεῖον
1645 634 1882 709 εἷναι,ή

299 732 541 798 ἐδώδιμα
581 729 896 800 προτιθέναι
936 730 1015 792 είς
1056 730 1284 798 πρᾶσιν,
1317 729 1349 797 ἢ
1381 729 1545 798 ἕτερα
1594 732 1729 784 ἀττα
1763 734 1883 785 κατ’

301 823 599 892 ἐμπορίαν,
661 821 770 873 τῶν
828 820 1025 890 κομιδῃ
1062 820 1321 889 ἀθέσμων
1377 821 1704 892 ἡγούμενος.
1748 825 1883 891 ἀφο-

303 916 487 986 ρισμῷ
518 916 609 967 τὸν
634 912 779 967 οὕτω
798 913 1056 966 ποιοῦντα
1097 912 1518 968 καθυποϐάλλει.
1552 916 1666 968 Οὐκ
1696 915 1885 986 εἴρηκε

296 1011 381 1071 δὲ,
423 1009 520 1076 τῆς
556 1006 853 1075 ἐκκλησίας
903 1006 1073 1069 ἔνδον,
1109 1005 1271 1059 τοῦτο
1302 1007 1409 1075 γάρ
1443 1006 1553 1059 οὐδ’
1577 1007 1642 1059 ἂν
1670 1003 1749 1070 εἷς
1777 1008 1886 1061 τῶν

299 1100 556 1152 εὐσεϐεῖν
596 1099 964 1170 αἱρουμένων,
996 1099 1091 1150 καὶ
1132 1098 1330 1168 φρενὸς
1374 1099 1603 1169 μετρίας
1638 1099 1886 1169 μετειλη-

300 1193 419 1258 φὼς
451 1192 756 1258 ἐννοήσειεν
783 1208 797 1221 ·
831 1188 990 1250 ἀλλά,
1015 1189 1123 1243 τῶν
1157 1190 1321 1259 ἱερῶν
1375 1191 1704 1257 περιϐόλων,
1738 1191 1884 1245 ᾶπα-

300 1302 402 1336 σαν
451 1284 553 1352 τὴν
604 1287 704 1353 τῆς
745 1282 1043 1350 ἐκκλησίας
1096 1283 1273 1353 δηλῶν
1364 1285 1651 1354 περιοχὴν.
1696 1287 1766 1340 τά
1816 1303 1877 1339 τε

300 1376 789 1445 προτεμενίσματα
828 1377 923 1427 καὶ
954 1375 1023 1428 τὰ
1062 1375 1354 1445 προαύλια.
1420 1376 1542 1429 Ἐπὶ
1572 1380 1745 1447 τούτῳ
1773 1379 1881 1444 γάρ

298 1472 397 1519 καὶ
424 1470 450 1519 ὁ
480 1467 685 1536 Κύριος
729 1468 1146 1535 ἀγανακτήσας,
1180 1467 1498 1537 φραγγελίῳ
1538 1469 1662 1531 τοὺς
1689 1468 1884 1521 θεοκα-

308 1560 511 1622 πήλους
558 1559 653 1612 τοῦ
688 1559 839 1629 ἱεροῦ
888 1560 1157 1629 ἀπήλασε,
1210 1559 1308 1612 καὶ
1336 1560 1396 1612 te
1436 1563 1641 1629 κέρμα,
1672 1560 1792 1629 ἦτοι
1822 1562 1882 1614 τὸ

302 1652 549 1720 νόμισμα
601 1650 783 1719 ἐξέχεε
832 1652 944 1704 τῶν
998 1650 1396 1716 κολλυϐιστῶν,
1444 1652 1555 1705 τῶν
1608 1652 1676 1703 τὰ
1715 1652 1888 1707 λεπτά

298 1746 617 1813 νομίσματα
646 1743 848 1814 δηλαδή
882 1744 1229 1798 πωλούντων.

386 1838 445 1889 ’0
474 1837 530 1889 δὲ
567 1843 657 1906 πη⁹
690 1839 814 1897 τοὺς
875 1838 1047 1907 χωρὶς
1103 1840 1351 1907 ἀνάγκης
1380 1838 1579 1907 κτῆνος
1612 1840 1889 1908 οίονδηπο-

1990 642 2209 687 sanctos
2236 633 2484 686 ecclesia:
2514 629 2753 682 ambitus
2785 627 3233 696 canponatoriam
3285 628 3558 683 ollicinmn

1988 734 2132 783 esse.
2185 723 2267 775 vel
2319 722 2594 774 esculenta
2656 719 2863 772 venalia
2929 733 3256 787 proponere,
3311 720 3391 773 Vel
3456 722 3563 774 alia

1989 830 2323 885 quascunque
2352 819 2418 866 ad
2458 822 2846 875 mercaturam,
2880 811 3108 863 omnino
3149 810 3397 864 illicitum
3439 827 3563 866 esse

1983 906 2261 974 judicans,
2292 905 2651 974 segregationi
2682 904 2859 970 illum,
2900 906 2992 974 qui
3018 906 3091 959 ita
3125 904 3278 967 facit,
3318 906 3560 974 subiicit.

1992 997 2107 1052 Non
2137 999 2273 1053 dixit
2300 1014 2450 1061 vero,
2484 999 2623 1051 intra
2656 998 2941 1053 ecclesiam
2968 1015 2984 1061 ;
3015 1013 3138 1051 nam
3168 1000 3302 1052 illud
3333 1000 3566 1063 nemini,

1989 1091 2083 1160 qui
2120 1090 2319 1160 pietate
2349 1100 2431 1146 est
2465 1090 2728 1154 imbutus,
2761 1092 2842 1144 vel
2880 1092 3094 1145 modico
3138 1107 3303 1145 sensu
3364 1093 3566 1161 praedi-

1992 1192 2099 1246 tus,
2134 1185 2186 1235 in
2222 1194 2460 1236 mentem
2493 1184 2673 1247 venit;
2708 1181 2825 1247 sed,
2859 1197 3049 1237 sacros
3100 1184 3362 1247 ainbitus,
3404 1199 3573 1239 Omne

1988 1275 2238 1331 ecclesia:
2267 1285 2483 1344 septum
2518 1285 2571 1329 et
2602 1292 2763 1330 areas
2807 1288 2860 1329 et
2894 1276 3160 1330 vestibula
3218 1277 3566 1346 cignilicans.

1993 1366 2105 1421 Hoc
2132 1368 2279 1421 enim
2311 1382 2454 1436 agre
2493 1366 2674 1421 ferens
2702 1365 2986 1433 Dominus,
3022 1366 3235 1435 ﬂagello
3271 1367 3568 1435 sacrilegos

1994 1458 2392 1513 nundinatores
2428 1475 2459 1513 a
2492 1460 2693 1527 templo
2723 1460 2952 1528 expulit,
2975 1468 3029 1513 et
3061 1465 3564 1513 nummulariorum

1990 1563 2066 1603 aes
2096 1550 2175 1602 vel
2216 1549 2495 1604 numisma
2518 1547 2728 1614 ell‘udit,
2756 1564 2947 1603 eorum
2991 1565 3192 1619 nempe
3243 1554 3337 1619 qui
3372 1551 3570 1618 exigua

1992 1640 2319 1695 numismata
2352 1641 2678 1695 vendebant.

2063 1819 2187 1875 Illos
2218 1834 2346 1874 vero
2400 1821 2516 1889 qui,
2563 1820 2707 1874 nulla
2738 1820 3064 1875 necessitate
3113 1829 3364 1890 urgente,
3429 1822 3569 1875 intra

301 1930 431 1980 τοῦν
472 1900 642 1990 ἐντὸς*
668 1900 975 1998 ἐκκλησίας·
1050 1900 1398 1997 εἰσάγοντας,
1450 1900 1743 1999 κληρωτοὺς
1776 1900 1884 2000 ’μὲν

1991 1926 2177 1967 sacras
2207 1913 2678 1982 adesiumentum
2711 1914 2945 1981 quodvis
2967 1914 3347 1979 introducunt,
3380 1914 3424 1968 si
3456 1915 3563 1969 εῑιιι

298 2024 464 2087 ὄντας
514 2022 787 2092 καθαιρεῖ,
851 2022 1074 2085 λαῖκοὺς
1126 2023 1181 2075 δὲ
1222 2024 1497 2094 ἀφορίζει.
1560 2022 1620 2078 Et
1664 2025 1718 2077 δέ
1777 2044 1881 2089 τις,

302 2116 463 2184 φησὶ,
515 2115 784 2185 χειμῶνος
831 2114 998 2183 τυχὸν
1046 2115 1363 2185 ὁδοιπορῶν,
1410 2117 1502 2167 καὶ
1552 2117 1773 2185 ἀπορῶν
1804 2121 1884 2180 εἰς

305 2207 625 2276 καταμονὴν
684 2206 956 2272 οἰκίσκον,
1011 2208 1091 2270 είς
1134 2207 1224 2261 τὸν
1270 2207 1397 2262 ναδν
1436 2210 1638 2273 είσέδυ,
1695 2213 1791 2262 καὶ
1825 2212 1886 2263 τὸ

303 2300 497 2369 κτῆνος
530 2300 709 2370 ἑαυτῷ
748 2302 1165 2368 συνεισήγαγεν,
1204 2303 1302 2353 οὐκ
1340 2302 1405 2355 ἂν
1449 2302 1704 2371 ὀφλήσεις
1741 2303 1885 2373 μέμ.⁴

303 2394 419 2459 tiu,
461 2391 547 2446 οἶα
583 2395 659 2465 μή
691 2394 906 2466 γνώμῃ,
955 2395 1071 2447 ἀλλ’
1110 2395 1326 2466 ἀνάγκῃ
1356 2395 1512 2447 τοῦτο
1545 2395 1884 2465 πεποιηκὼς,

299 2487 600 2553 ἀγωνιῶν,
652 2490 727 2553 μὴ
770 2488 878 2556 ἄρα
927 2487 1021 2540 τοῦ
1081 2488 1316 2556 κτήνους
1373 2485 1763 2554 διαφθαρέντος
1813 2489 1888 2555 τῷ

306 2581 489 2647 κρύει,
522 2580 617 2632 καὶ
651 2579 813 2642 αὐτὸς
846 2579 1238 2643 κινδυνεύσειε,
1280 2578 1355 2649 μὴ
1383 2577 1491 2641 οἷός
1523 2597 1579 2632 τε
1608 2578 1684 2632 ὣν
1716 2580 1887 2650 χωρὶς

307 2669 523 2721 ἐκείνου
554 2669 759 2735 βαίνειν
790 2671 884 2722 ἐπὶ
915 2670 986 2722 τά
1015 2670 1224 2738 πρόσω,
1260 2672 1307 2722 εί
1340 2670 1549 2723 καὶτὸν
1580 2674 1641 2723 ὲκ
1669 2671 1760 2729 τοῦ
1787 2672 1890 2741 ψύ-

307 2780 433 2830 χους
469 2763 702 2814 θάνατον
740 2764 883 2817 κατά
932 2780 995 2828 γε
1030 2765 1088 2815 τὸ
1123 2756 1296 2832 παρ’δν
1329 2764 1476 2827 ἔδοξε
1526 2762 1886 2832 διαπεφευγέ-

304 2872 417 2907 ναι.
475 2852 547 2905 Τὸ
596 2855 869 2909 σάϐϐατον
918 2855 1047 2923 γάρ,
1106 2858 1261 2923 φησὶ,
1329 2855 1418 2908 διὰ
1474 2860 1567 2908 τὸν
1603 2856 1888 2923 ἄνθρωπον

306 2949 624 3015 γεγένηται,
654 2946 741 2998 ἵνα
770 2947 1154 3013 ἀναπαύσηται
1178 2948 1204 2997 ό
1230 2945 1416 3008 δοῦλός
1444 2964 1536 2998 σου
1562 2948 1651 2998 καὶ
1677 2948 1735 2998 τὸ
1760 2948 1891 2999 ὐπο-

307 3038 499 3106 ζύγιον
521 3058 533 3069 ο
562 3039 701 3091 ὥστε
731 3042 765 3109 ή
788 3039 878 3091 τοῦ
906 3039 1199 3105 ὑποζυγίου
1224 3040 1533 3101 ἀνάπαυσις
1556 3041 1615 3092 οὑ
1642 3039 1711 3092 δι’
1735 3040 1886 3103 αὐτὸ,

307 3131 445 3181 ἀλλὰ
473 3130 561 3182 διὰ
595 3131 684 3181 τδν
716 3130 1005 3200 ἄνθρωπον
1049 3132 1489 3200 νενομοθέτηται,
1525 3130 1611 3182 ἵνα
1642 3133 1891 3183 ἀναπαυ-

1990 2005 2211 2073 quidem
2246 2004 2454 2069 clerici,
2486 2004 2744 2074 deponit;
2788 2005 2873 2060 sin
2902 2016 3085 2058 autem
3123 2005 3269 2067 laici,
3318 2018 3571 2077 segregat

1991 2100 2366 2168 octogesimus
2391 2108 2617 2153 octavus
2650 2112 2846 2152 canon.
2886 2096 2941 2152 Si
2979 2098 3103 2167 quis
3134 2108 3337 2163 autem,
3367 2098 3569 2167 inquit,

1994 2188 2169 2245 hieme
2223 2189 2365 2244 forte
2420 2191 2520 2243 iter
2582 2189 2811 2253 faciens,
2840 2199 2891 2243 et
2938 2190 3103 2243 domo
3157 2190 3223 2244 ad
3284 2191 3565 2262 hospitano

1988 2283 2115 2338 dum
2148 2284 2418 2354 indigens,
2450 2286 2504 2338 in
2545 2284 2802 2352 templum
2832 2282 3129 2345 diverterit.
3167 2292 3222 2337 et
3257 2285 3565 2353 iumentum

1991 2392 2177 2431 secum
2212 2378 2600 2441 introduxerit,
2644 2391 2751 2430 non
2806 2376 3037 2430 omnino
3086 2377 3569 2446 reprehensionem

1992 2468 2253 2532 incurrit;
2291 2477 2353 2523 ut
2385 2468 2477 2537 qui
2508 2483 2614 2522 non
2647 2483 2711 2522 ex
2753 2468 3046 2531 sententia,
3097 2469 3189 2523 sed
3239 2470 3569 2525 necessitate

1990 2560 2097 2617 hoc
2148 2562 2275 2615 fecit
2326 2562 2380 2614 in
2430 2562 2676 2631 periculo
2716 2561 3074 2618 constitutus.
3147 2561 3339 2617 Nonne
3391 2564 3562 2627 enim,

1992 2664 2252 2721 pereunte
2274 2662 2496 2723 prepter
2526 2653 2697 2721 frigus
2754 2653 2907 2722 121
2941 2656 3210 2723 iumento,
3236 2657 3352 2725 ipse
3399 2659 3562 2711 etiam

1992 2743 2360 2810 periclitatur,
2390 2752 2451 2797 ut
2519 2744 2613 2813 qui
2640 2743 2847 2811 absque
2878 2746 2973 2799 illo
3001 2760 3105 2799 non
3140 2754 3317 2814 potest
3340 2747 3571 2803 ulterius

1991 2833 2267 2904 progredi,
2290 2834 2419 2890 licet
2442 2844 2671 2888 mortem
2707 2850 2771 2887 ex
2796 2834 3001 2904 frigore
3020 2840 3432 2906 prm'enientem
3466 2842 3571 2896 hoc

1992 2934 2239 2993 tempore
2286 2926 2493 2997 fugisse
2579 2928 2828 2982 videtur?
2877 2930 3181 2986 Sabbatum
3241 2933 3412 2998 enim,
3469 2934 3569 2997 ait,

1993 3030 2218 3088 propter
2248 3019 2527 3073 hominem
2566 3018 2772 3074 factum
2810 3030 2915 3085 est,
2957 3033 3017 3077 ut
3068 3025 3319 3093 quiescat
3381 3042 3572 3081 servus

1995 3121 2124 3166 tuus
2171 3120 2225 3166 et
2269 3111 2579 3181 iumentum
2639 3122 2816 3166 tuum.
2880 3114 3065 3179 Quare
3128 3116 3361 3186 iumenti
3415 3118 3572 3187 quies

308 3240 547 3291 σαμενον
575 3222 673 3292 ἔχῃ
704 3223 866 3275 τοῦτο
894 3225 1175 3275 εἰσέπειτα
1209 3224 1606 3290 ἀκμαιότερον·
1640 3223 1714 3284 ὡς
1743 3224 1836 3277 καὶ
1860 3226 1885 3277 6

1992 3217 2100 3256 non
2129 3202 2302 3272 ipsius
2338 3201 2595 3271 iumenti,
2623 3204 2717 3257 sed
2771 3204 3010 3259 hominis
3069 3207 3241 3275 gratia
3301 3219 3571 3278 praecepti

314 3316 493 3383 μέγας
525 3317 660 3383 φησὶ
684 3314 915 3379 Παῦλος·
955 3317 1075 3384 (Μὴ
1103 3316 1211 3369 τῶν
1235 3314 1375 3385 βοῶν
1406 3315 1559 3383 μέλει
1590 3316 1668 3385 τῷ
1686 3316 1806 3385 Θεῷ
1833 3334 1879 3383 ς»

307 3406 425 3457 ἀλλ’
456 3406 576 3458 οὐδὲ
622 3407 732 3458 τῶν
759 3407 1023 3458 πετεηῶν
1068 3406 1186 3458 ἔνια
1236 3403 1514 3475 προσῆκον
1542 3405 1883 3472 εἰσάγεσθαι,

300 3498 400 3549 ἶνα
432 3499 507 3566 μὴ
554 3500 619 3567 τῇ
669 3497 919 3567 ὲκκρίσει
952 3496 1156 3549 τούτων
1204 3496 1272 3548 τά
1321 3494 1441 3547 θεῖα
1486 3495 1886 3567 καθυϐρίζηται

308 3589 699 3657 ἀχρειούμενα.

391 3773 451 3823 ὐ
486 3769 544 3821 δὲ
597 3766 705 3836 ις’,
724 3767 853 3829 τοὺς
898 3767 1117 3835 γυναιξὶ
1166 3765 1571 3829 συνοικοῦντας,
1622 3767 1718 3818 καὶ
1757 3770 1887 3837 περὶ

306 3862 588 3923 ελάττονος
617 3861 714 3929 τήν
759 3861 839 3922 είς
869 3858 937 3912 τὰ
970 3860 1090 3911 θεῖα
1132 3858 1453 3926 τιθεμένους
1502 3857 1661 3921 αἰδὼ,
1690 3861 1747 3910 ὲν
1773 3860 1886 3921 τοῖς

309 3956 438 4024 περὶ
470 3952 567 4023 τὴν
597 3952 895 4021 ἐκκλησίαν
947 3952 1117 4021 ἱεροῖς
1155 3951 1342 4013 τόποις
1394 3950 1729 4019 ἐσκηνῆσθαι
1767 3952 1884 4004 τολ-

310 4045 525 4113 μῶντας
562 4046 654 4097 καὶ
701 4043 775 4114 μὴ
815 4042 1227 4105 διαστέλλοντας
1264 4043 1366 4095 άνά
1404 4045 1572 4111 μέσον
1603 4042 1757 4110 ἁγίου
1790 4045 1885 4096 καὶ

310 4137 545 4205 βεϐήλου
597 4137 740 4191 κατᾶ
770 4137 829 4189 τὸ
861 4137 1066 4203 λόγιον,
1107 4134 1312 4188 τούτων
1354 4136 1612 4187 ἀπάντων
1643 4136 1733 4187 καὶ
1777 4135 1887 4187 τῶν

309 4231 621 4299 λεγομένων
650 4228 1129 4298 κατηχουμενείων
1162 4225 1488 4291 ἐξωθεῖσθαι
1520 4228 1883 4291 προστάττεισ

306 4326 436 4387 τοὺς
468 4325 523 4376 δὲ
560 4325 633 4395 μή
684 4324 1065 4393 πειθομένους,
1100 4323 1396 4392 κληρικοὺς
1434 4323 1532 4391 μὲν
1568 4323 1751 4388 ὄντας,
1789 4341 1889 4377 κα-

306 4416 577 4485 θαιρέσει,
603 4416 826 4477 λαῖκοὺς
852 4415 909 4467 δὲ
962 4413 1259 4484 ἁφορισμῷ
1291 4413 1608 4482 ὑποτίθησι.

983 4596 1203 4660 Νόμος.

379 4690 490 4743 Καὶ
530 4689 639 4757 γάρ
671 4690 763 4742 καὶ
799 4691 827 4742 ό
872 4688 1131 4757 ἀνωτέρω
1167 4685 1353 4756 ῥηθεὶς
1381 4688 1542 4755 νόμος
1572 4688 1695 4741 οὐδὲ
1757 4691 1882 4751 τοὺς

304 4784 635 4850 πρόσφυγας
693 4781 981 4849 ἐπιτρέπει
1036 4780 1185 4832 ἔνδον
1236 4778 1330 4831 τοῦ
1393 4779 1526 4831 ναοῦ
1591 4781 1793 4833 ὑπνοῦν
1850 4783 1882 4852 ἦ

304 4872 528 4925 ἐσθίειν.
573 4871 735 4925 ’Λλλά
766 4870 858 4924 καὶ
904 4871 937 4938 ἡ
964 4878 1042 4937 ογ*
1074 4870 1247 4940 νεαρά
1276 4870 1370 4922 τοῦ
1403 4870 1671 4940 βασιλέως
1719 4875 1883 4927 Λέον-

301 4985 397 5031 τος
426 4967 516 5020 τοῦ
544 4966 723 5035 Σοφοῦ
762 4964 1133 5034 τιμωρεῖσθαι
1166 4964 1379 5017 κελεύει
1411 4966 1535 5027 τοὺς
1561 4967 1883 5035 ἐπιτρέπον-

303 5077 404 5122 τας
434 5059 617 5119 ἄλλοις
649 5062 706 5109 εν
738 5059 851 5119 τοῖς
885 5057 1367 5126 κατηχουμενείοις
1411 5057 1667 5127 σκηνοῦν.

307 5173 560 5225 ΚΕΦΔΛ.
594 5173 714 5237 ις’.
771 5170 903 5240 "Qu
959 5170 1079 5240 τῶν
1135 5169 1488 5240 ἐκκλησιῶν
1533 5171 1883 5240 exprimant

375 5236 747 5306 ὀνεκποίήτα
783 5236 937 5293 εἶναι
969 5239 1081 5305 δεῖ,
1115 5242 1213 5294 καὶ
1262 5236 1423 5307 ὅπως
1456 5239 1553 5293 δεῖ
1587 5236 1735 5308 τούξ
1760 5244 1886 5295 ἐπι-

378 5317 658 5377 σκόπους
682 5311 870 5364 ταῦτα
902 5311 1172 5365 διοικεῖν.

389 5425 446 5479 ’0
477 5427 556 5492 λη’
592 5425 699 5477 τῶν
727 5426 900 5492 ἁγίων
928 5425 1245 5479 ἀποστόλων
1305 5425 1486 5480 κανὼν
1513 5427 1733 5480 πάντων
1782 5426 1880 5493 μὲν

302 5520 416 5571 τῶν
486 5520 581 5584 τῆς
637 5519 933 5587 ἐκκλησίας
1016 5521 1361 5587 πραγμάτων
1407 5522 1497 5573 τὸν
1584 5522 1881 5574 ἐπίσκοπον

303 5616 451 5682 ἔχειν
488 5617 588 5683 τὴν
622 5612 881 5683 φροντίδα
926 5612 1163 5674 κελεύει,
1196 5616 1289 5666 καὶ
1329 5615 1404 5676 ὡς
1442 5614 1545 5665 ὑπὸ
1588 5614 1711 5680 Θεῷ
1745 5614 1883 5681 μάρ-

302 5721 428 5770 τυρι
457 5703 680 5755 διοικεῖν
706 5700 876 5754 ταῦτα
903 5716 916 5728 ·
953 5701 1030 5771 μὴ
1072 5700 1271 5767 ἐξεῖναι
1322 5704 1377 5757 δὲ
1409 5703 1560 5773 αὑτῷ
1617 5702 1794 5757 ὁτιοῦν
1822 5702 1882 5768 ἐξ

300 5796 486 5849 αὐτῶν
541 5792 1045 5863 σφετερίζεσθαι,ἢ
1091 5796 1411 5862 συγγενέσιν
1470 5795 1622 5858 ἰδίοις
1670 5795 1738 5846 τὰ
1784 5795 1878 5848 τοῦ

299 5889 436 5945 Θεοῦ
475 5889 835 5961 χαρίζεσθαι·
882 5889 932 5940 εί
981 5889 1033 5940 δὲ
1079 5891 1308 5960 πένητες
1362 5884 1491 5946 εἷεν.
1527 5890 1880 5961 ἐπιχορηγεῖν

1989 3296 2324 3359 est,utillo
2368 3306 2493 3365 post
2548 3298 2789 3366 quietem
2841 3300 3116 3367 vegetiore
3174 3316 3295 3355 mox
3360 3311 3570 3358 utatur.

1988 3389 2144 3456 Quod
2185 3404 2414 3458 magnus
2431 3406 2649 3460 quoque
2679 3388 2881 3445 Paulus
2901 3392 3123 3456 asserit,
3161 3393 3467 3463 anmquid
3497 3394 3567 3449 de

1990 3484 2164 3537 bobus
2187 3498 2317 3537 cura
2347 3494 2434 3538 est
2466 3479 2578 3538 Deo
2597 3483 2651 3536 ἲ»
2683 3482 2787 3537 Sed
2821 3498 2996 3552 neque
3026 3487 3274 3540 volucres
3294 3488 3434 3543 ullas
3486 3489 3573 3541 in-

1988 3573 2280 3629 troducere
2347 3575 2627 3642 convenit,
2653 3591 2721 3630 ne
2768 3576 2984 3630 illarum
3035 3582 3399 3634 excrementis
3451 3580 3568 3635 loca

1988 3675 2177 3721 sancta
2225 3666 2556 3736 polluantur.

2059 3756 2163 3824 Qui
2212 3770 2337 3810 cum
2375 3756 2700 3812 mulieribus
2732 3758 3077 3821 cohabitant,
3117 3770 3172 3812 et
3210 3758 3473 3814 indecore
3512 3775 3571 3817 et

1990 3848 2360 3904 irreverenter
2404 3864 2531 3920 erga
2578 3865 2735 3905 sacra
2769 3851 2884 3905 loca
2926 3865 2984 3905 se
3028 3862 3300 3921 gerentes,
3339 3850 3394 3906 in
3428 3854 3569 3908 locis

1984 3943 2136 3997 circa
2191 3941 2481 3997 ecclesiam
2514 3942 2747 3997 sacratis
2806 3940 3053 3996 habitare
3085 3942 3306 4003 audent,
3360 3943 3567 3998 nullum

1987 4035 2214 4089 omnino
2268 4035 2411 4087 inter
2467 4044 2742 4088 sacratum
2799 4044 2852 4088 et
2917 4034 3207 4103 profanum
3263 4036 3563 4090 discrimen

1992 4126 2254 4181 facientes
2310 4125 2464 4192 iuxta
2501 4124 2809 4185 oraculum,
2839 4125 2908 4177 ab
2962 4124 3219 4178 omnibus
3260 4125 3367 4188 his,
3408 4134 3459 4179 et
3498 4128 3567 4179 ab

1989 4217 2071 4271 eis
2116 4232 2239 4287 quae
2281 4216 2540 4269 dicuntur
2585 4215 3041 4279 catecltumeniis,
3098 4213 3396 4284 ejiciendo:
3445 4232 3569 4271 esse

1989 4308 2238 4362 decernit
2265 4307 2333 4363 97
2367 4322 2541 4361 canon
2574 4325 2588 4363 :
2632 4311 2837 4375 quique
2877 4322 2986 4359 non
3026 4307 3334 4375 paruerint,
3368 4307 3415 4361 si
3454 4310 3568 4361 sint

1988 4401 2211 4471 quidem
2254 4400 2462 4463 clerici,
2513 4398 2864 4468 depositioni,
2922 4399 2968 4453 si
3005 4413 3135 4452 vero
3189 4398 3333 4463 laici,
3383 4415 3566 4469 segre-

1987 4495 2195 4567 gationi
2225 4492 2470 4564 subiicit.

2715 4585 2844 4642 Lex.

2064 4683 2277 4736 Etenim
2328 4682 2584 4749 superius
2626 4683 2790 4734 etiam
2823 4680 2984 4735 citata
3033 4680 3118 4733 lex
3146 4720 3167 4745 ,
3216 4682 3275 4733 ut
3322 4678 3567 4747 profuga:

1990 4775 2130 4827 intra
2164 4775 2423 4843 templum
2456 4774 2807 4828 obdormiant
2839 4775 2919 4827 vel
2954 4774 3265 4833 comedent,
3298 4787 3405 4825 non
3446 4787 3577 4839 pera

1990 4866 2175 4919 mittit.
2238 4865 2343 4919 Sed
2398 4875 2453 4920 et
2508 4865 2910 4935 septuagesima
2985 4864 3145 4919 tertia
3214 4865 3566 4930 imperatoris

1989 4956 2189 5011 Leonis
2224 4955 2501 5024 Sapientis
2542 4958 2749 5011 novella
2800 4956 2979 5025 puniri
3030 4956 3185 5024 jubet
3221 4954 3346 5009 illos
3375 4956 3466 5024 qui
3510 4956 3565 5007 in

1985 5051 2419 5105 catechumeniis
2452 5051 2697 5104 habitare
2719 5050 2841 5104 aliis
2871 5049 3214 5118 permittunt.

1986 5163 2138 5217 CAP.
2183 5162 2321 5218 XVI.
2370 5163 2524 5229 Quod
2567 5163 2799 5217 ecclesia:
2843 5163 2978 5215 bona
3027 5162 3393 5216 inalienabilia
3450 5179 3563 5215 esse

2057 5244 2282 5316 oportet,
2330 5246 2377 5288 et
2428 5238 2690 5303 quomodo
2738 5234 2922 5287 debent
2968 5234 3202 5302 episcopi
3249 5234 3343 5286 illa
3387 5241 3567 5287 adnu-

2056 5316 2306 5358 ηισινανε.

2056 5419 2383 5473 Sanctorum
2467 5419 2838 5486 apostolorum
2911 5433 3088 5472 canon
3170 5419 3240 5472 38
3312 5421 3561 5476 omnium

1986 5527 2167 5565 rerum
2202 5512 2706 5565 ecclesiasticarum
2750 5515 3069 5581 ep‘scopum
3099 5527 3290 5567 curam
3341 5529 3557 5584 gerere,

1985 5614 2038 5660 et
2071 5615 2329 5674 tanquam
2360 5604 2469 5657 Deo
2502 5604 2751 5663 intuente
2797 5605 2884 5658 illa
2934 5604 3320 5660 administrare
3363 5607 3517 5675 iubet
3545 5626 3561 5664 :

1987 5715 2091 5754 non
2141 5700 2266 5752 licet
2298 5708 2478 5751 autem
2512 5698 2587 5751 illi
2628 5714 2693 5752 ex
2738 5698 2819 5753 eis
2863 5698 2967 5751 sibi
3017 5699 3224 5768 aliquid
3258 5699 3562 5766 vindicare,

1983 5793 2068 5845 vel
2097 5790 2337 5859 propriis
2358 5789 2626 5858 cognatis,
2654 5804 2774 5859 qua
2802 5789 2892 5842 Dei
2924 5800 3071 5857 sunt,
3099 5791 3309 5862 largiri.
3344 5790 3400 5846 Si
3434 5808 3564 5846 vero

1986 5886 2095 5942 sint
2127 5899 2420 5955 pauperes,
2472 5885 2577 5938 illis
2621 5885 2814 5940 eodem
2870 5886 3032 5941 modo
3079 5900 3142 5940 ac
3189 5886 3310 5942 aliis
3359 5902 3561 5959 paupe-
