4214 6434
334 392 461 457 1321

328 506 569 568 κεῖσθαι,
601 505 695 557 καὶ
729 504 1056 574 εὐαρέστους
1096 499 1235 558 εἶναι
1264 504 1386 575 Θεῷ
1406 522 1419 536 ·
1446 510 1672 561 σκοπεῖν
1704 525 1763 575 γε
1796 508 1906 578 μὴν

2010 507 2349 576 pejeraruut,

323 600 406 652 δεῖ
443 600 537 650 καὶ
566 598 625 650 τὸ
653 595 789 660 εἶδος
829 596 923 650 τοῦ
952 598 1141 665 ὅρκου,
1179 598 1272 651 καὶ
1301 598 1369 651 τὰ
1402 599 1649 669 ῥήματα,
1682 599 1775 652 καὶ
1800 600 1900 669 τὴν

324 691 590 753 διάθεσιν,
635 690 726 758 ἀφ’
771 684 838 760 ἦς
870 691 1217 758 ὀμωμόκασι,
1254 694 1351 745 καὶ
1382 692 1483 755 τὰς
1530 692 1672 747 κατὰ
1699 694 1900 747 λεπτὸν

327 787 383 833 ἐν
416 784 530 844 τοῖς
572 781 781 852 ῥήμασι
810 782 1150 849 προσθήκας,
1186 782 1259 851 μὴ
1287 783 1396 851 ἄρα
1440 785 1505 835 ὲκ
1535 784 1901 854 μικροψυχίας

328 873 512 942 τυχὸν,
544 874 636 925 καὶ
665 873 765 926 οὐκ
800 874 858 937 ἐξ
878 874 1218 941 ἀμεταθέτου
1253 876 1478 945 γνώμης
1505 875 1903 975 ὀμόσαιξτροή-

326 964 536 1032 χθησαν
560 978 574 993 ο
613 963 884 1032 μηδεμιᾶς
926 964 982 1017 δὲ
1013 964 1369 1033 παραμυθίας
1409 963 1764 1036 φαινομένηξ,
1811 969 1903 1020 ἐα-

325 1056 447 1107 τέον
490 1055 727 1118 αὐτούς’
760 1057 830 1108 τὰ
883 1056 941 1108 δὲ
996 1056 1146 1123 ἑξῆς,
1187 1058 1436 1127 Λογγίνῳ
1484 1059 1593 1109 τινὶ
1625 1058 1791 1126 ἀγρὸς
1836 1054 1904 1127 ἦν

325 1147 659 1217 καλούμενος
691 1148 957 1213 Μίνδαλα,
987 1152 1052 1218 τῇ
1104 1150 1379 1220 ἐπισκοπῇ
1412 1150 1653 1213 Μισθίας
1682 1150 1904 1204 ὑποκεί-

328 1256 513 1305 μενος.
550 1239 787 1308 Σεὸἦρος
816 1240 871 1291 δέ
905 1256 1012 1303 τις,
1041 1240 1315 1294 Μασάδων
1350 1242 1668 1305 ἐπίσκοπος,
1695 1245 1903 1314 Κυρια-

327 1330 424 1381 κόν
461 1348 580 1383 τινα
614 1332 693 1393 εἰς
721 1332 814 1382 τὸν
842 1333 903 1384 ἑν
929 1332 1084 1403 ἀγρῷ
1108 1335 1232 1387 ναὸν
1258 1335 1628 1404 πρεσϐύτερον
1660 1354 1906 1406 κεχειρο-

323 1422 572 1491 τόνηκεν,
608 1424 883 1493 ὀμόσαντα
932 1427 1277 1494 παραμένειν
1312 1444 1369 1479 τε
1418 1426 1493 1495 τῷ
1542 1428 1656 1497 ναῷ
1700 1431 1793 1481 καὶ
1839 1432 1902 1498 τῇ

324 1517 600 1585 ἐπισκοπῇ
622 1516 788 1568 αὑτοῦ
825 1517 1167 1569 ὑποκεῖσθαι.
1205 1517 1344 1571 Ἀλλ’
1368 1522 1393 1572 ό
1425 1520 1522 1589 τῆς
1550 1522 1734 1590 χώρας
1763 1523 1900 1573 ὲκεί-

325 1625 425 1676 νης
450 1608 748 1670 ἐπίσκοπος
784 1610 1091 1678 ἱερουργεῖν
1126 1611 1333 1664 ἐκώλυε
1366 1616 1457 1664 τὸν
1495 1615 1791 1683 κυριακὸν,
1817 1609 1907 1666 οἷα

328 1698 462 1767 παρ’
538 1700 727 1766 ἐτέρου
786 1699 1239 1770 χειροτονηθέντα
1294 1704 1352 1753 ὲν
1400 1703 1667 1772 ἐκκλησίᾳ
1724 1703 1908 1768 διαιρε-

330 1790 501 1862 ρούση
538 1789 683 1857 αὐτῷ
707 1806 720 1819 ·
754 1791 1031 1859 τοιγάρτοι
1066 1794 1160 1845 καὶ
1185 1792 1503 1845 καταλιπὼν
1535 1795 1703 1864 αὐτὴν
1735 1794 1763 1845 ό
1801 1795 1911 1846 Κυ-

1318 395 1720 457 SYNTAGMA
1761 394 2377 459 ALPIIABETICUM.
2422 420 2467 427 -η
2524 395 2566 450 Ε

3446 391 3582 455 1322

2434 507 2657 557 minime
2696 503 2902 571 accepti
2933 509 3081 567 sunt,
3119 517 3223 558 nec
3276 503 3385 558 Deo
3419 508 3577 559 amici

2006 598 2344 666 iudicantur.
2389 597 2609 664 Oportet
2642 593 2865 663 quidem
2909 595 3208 664 juramenti
3236 595 3501 664 speciem,
3533 610 3585 647 et

2006 688 2203 752 verba,
2243 688 2521 755 animique
2553 685 2829 749 allectum,
2869 688 3275 756 quojurarunt,
3308 702 3370 741 ac
3405 689 3588 742 minu-

2006 791 2090 838 tas
2119 799 2366 852 quasque
2392 783 2443 836 in
2476 783 2655 835 verbis
2688 781 2994 834 additiones
3033 783 3389 837 considerare
3418 801 3433 848 ;
3463 800 3585 837 nam

2007 872 2146 927 forte
2172 891 2235 927 ex
2265 874 2739 943 pusillauiutitate,
2775 884 2827 926 et
2857 889 2962 926 non
3000 888 3064 925 ex
3100 875 3347 927 mutabili
3392 892 3587 944 propo-

2008 965 2113 1019 sito
2155 966 2343 1033 jurare
2394 966 2568 1019 coacti
2604 978 2730 1019 sunt
2766 982 2922 1019 :cum
2952 966 3098 1019 nulla
3150 981 3283 1019 vero
3329 978 3588 1035 appareat

2006 1060 2423 1120 excusatio,eos
2454 1074 2575 1113 esse
2605 1060 2974 1113 admittendos
2998 1074 3223 1113 censeo.
3251 1060 3391 1112 Audi
3433 1060 3588 1110 deiu-

2007 1162 2157 1216 ceps.
2203 1147 2490 1216 Longinus
2548 1148 2768 1215 quidam
2809 1163 2996 1217 agrum
3047 1149 3270 1212 habuit,
3300 1150 3386 1201 cui
3447 1148 3588 1199 Min.

2007 1239 2128 1291 dala
2176 1254 2373 1292 nomen
2411 1248 2551 1301 erat,
2587 1239 2816 1292 Misthize
2863 1240 3196 1308 episcopatui
3251 1241 3584 1309 subjectum.

2013 1331 2252 1384 Severus
2281 1331 2502 1399 quidam
2532 1330 2875 1385 Masadarum
2940 1333 3230 1402 episcopus
3287 1335 3579 1404 (Syriacum

2010 1421 2297 1488 quemdam
2330 1423 2536 1490 templi,
2573 1425 2718 1489 quod
2767 1425 2818 1475 in
2849 1439 2979 1492 agro
3014 1424 3108 1476 illo
3146 1426 3386 1493 positum
3443 1437 3585 1485 erat.

2013 1511 2396 1581 presbyterum
2445 1513 2753 1574 constituit,
2795 1514 2889 1582 qui
2928 1515 3138 1582 juravit
3185 1530 3244 1568 se
3294 1516 3346 1568 in
3385 1517 3586 1584 templo

2014 1617 2475 1671 permansurum,
2528 1613 2600 1661 ,ει
2641 1603 2784 1656 illius
2838 1605 3176 1674 episcopatui
3232 1605 3348 1661 {ore
3400 1609 3590 1678 subje-

2013 1704 2184 1747 ctum.
2231 1692 2432 1747 Verutu
2466 1695 2612 1747 illius
2646 1695 2887 1763 regionis
2939 1697 3243 1766 episcopus
3292 1697 3587 1767 Cyriacum

2012 1787 2328 1841 ministrare
2355 1787 2650 1855 prohibuit.
2679 1787 2881 1857 quippe
2937 1790 3028 1858 qui
3086 1790 3139 1843 in
3170 1793 3433 1855 ecclesia,
3467 1809 3591 1862 qua:

330 1884 518 1951 ριακός
542 1883 734 1952 ᾤχετο.
773 1884 829 1936 ’0
858 1884 914 1935 δὲ
941 1885 1203 1951 Λογγῖνος
1220 1884 1557 1954 λυπούμενος
1584 1886 1792 1954 ἠπείλει
1821 1889 1908 1936 τᾶν

2017 1880 2099 1931 sui
2127 1879 2269 1947 juris
2297 1887 2435 1941 erat,
2470 1879 2539 1931 ab
2567 1880 2674 1932 alio
2709 1880 2992 1934 ordinatus
3032 1894 3219 1947 esset;
3255 1895 3591 1953 quapropter

327 1977 457 2027 ναὸν
491 1975 823 2044 ἐρημώσειν,
858 1979 947 2028 καὶ
982 1977 1059 2039 είς
1092 1976 1286 2046 ἔδαφος
1328 1979 1703 2047 καθαιρήσειν.
1742 1980 1877 2047 Ἡρη

325 2064 511 2133 τηθεὶς
546 2061 639 2117 οὖν
674 2067 702 2117 ό
736 2067 914 2132 ὰγιος,
940 2064 1084 2129 ἀξιοῖ
1112 2066 1203 2117 τὸν
1230 2068 1420 2135 ἀγρὸν,
1464 2068 1519 2117 ὲν
1632 2067 1909 2133 ἐπεκηρύ-

328 2158 432 2224 ·ίθη
467 2159 493 2208 ό
525 2158 826 2226 κυριακὸς,
856 2160 921 2226 τῇ
956 2160 1235 2227 ἐπισκοπῇ
1266 2159 1537 2211 Μασάδων
1564 2158 1907 2227 ύποτεθῆναι,

328 2251 379 2299 εἰ
422 2251 515 2299 καὶ
554 2248 746 2317 ὲιέρας
774 2244 842 2315 ἦν
875 2249 1109 2316 ὲνορίας,
1155 2251 1249 2301 καὶ
1291 2251 1381 2300 τὸν
1423 2250 1701 2318 κυριακὸν
1734 2253 1910 2302 ἐκεῖσε

328 2340 485 2401 αὖθις
520 2339 949 2409 ὲπαναοτρὲψαι.
989 2340 1144 2393 Οὕτω
1170 2341 1301 2410 γὰρ,
1334 2345 1486 2410 φησὶ,
1527 2343 1623 2393 καὶ
1662 2343 1823 2411 ήμεῖς
1848 2346 1908 2394 ού

327 2428 553 2494 δόξομεν
587 2432 736 2497 παρὰ
768 2431 996 2492 κανόνας
1028 2433 1227 2494 ποιεῖν,
1278 2430 1355 2501 τῷ
1406 2432 1674 2502 Κυριακῷ
1704 2451 1913 2501 συμπε-

331 2522 708 2590 ριιρερόμενοι,
736 2523 829 2575 καὶ
859 2525 1067 2585 ἐκεῖνος
1092 2523 1182 2575 τὸν
1206 2524 1368 2593 ὅρκον
1393 2526 1454 2577 οὺ
1487 2525 1874 2595 παραϐήσεται
1896 2541 1908 2554 ·

328 2613 451 2664 οὐδὲ
491 2614 595 2681 γὰρ
646 2616 964 2684 πρόσκειται
1009 2615 1086 2684 τῷ
1125 2618 1294 2685 ὅρκῳ,
1328 2616 1402 2678 ὡς
1436 2616 1559 2669 οὐδὲ
1610 2616 1784 2687 βραχὺ
1817 2619 1908 2669 τοῦ

328 2706 505 2775 ἀγροῦ
540 2708 893 2777 ἀναχωρήσει
914 2724 927 2739 ⁸
972 2709 1065 2760 καὶ
1094 2713 1120 2761 ό
1151 2710 1415 2776 Λογγῖνος
1441 2709 1538 2778 τὴν
1605 2711 1907 2779 ὲκκλησίαν

329 2802 431 2851 οὐκ
480 2802 777 2869 ἐρημώσει,
824 2802 917 2853 καὶ
966 2801 1065 2872 τὴν
1116 2802 1310 2856 ἑαυτοῦ
1347 2803 1407 2854 ού
1467 2802 1657 2870 βλάψει
1704 2804 1905 2874 ψυχήν-

361 2896 477 2960 Op:
515 2894 628 2954 πῶς
664 2895 728 2945 ἐκ
768 2893 868 2961 τῆς
902 2894 1008 2946 τῶν
1037 2894 1297 2965 ῥημάτων
1328 2895 1627 2959 ἐξετάσεως
1664 2898 1753 2949 τὸν
1788 2896 1911 2948 νοῦν

332 2987 625 3053 ἐθήρευσεν
670 2989 698 3038 ό
754 2985 930 3053 ἅγιος,
978 2986 1117 3039 ὥστε
1166 2990 1240 3056 μὴ
1287 2988 1462 3039 δοκεῖν
1510 2991 1786 3058 ἐπιορκεῖν
1818 2991 1911 3041 τὸν

333 3078 633 3143 ὀμόσαντα.
690 3078 798 3129 Τοῦ
851 3080 907 3131 δὲ
961 3080 1203 3149 Σεόήρου
1254 3080 1655 3149 ὲγκαλουμένου
1690 3082 1749 3132 τὺ
1782 3085 1909 3150 παρ’

2016 1987 2077 2025 ea
2102 1971 2387 2035 derelicta,
2426 1972 2696 2042 Cyriacus
2743 1973 3057 2029 discedebat
3090 1993 3102 2026 :
3159 1985 3269 2030 tum
3305 1975 3590 2047 Longinus

2017 2079 2284 2124 mmrens,
2313 2062 2589 2117 desertum
2619 2081 2677 2118 se
2720 2068 2979 2133 templum
3026 2068 3365 2122 redditurum
3408 2071 3587 2123 mina-

2019 2156 2178 2208 batur
2219 2192 2234 2217 ,
2268 2164 2325 2208 et
2382 2154 2502 2208 solo
2570 2164 2944 2221 aequaturum.
2995 2157 3367 2229 Interrogatus
3424 2162 3589 2231 igitur

2014 2256 2257 2308 sanctus,
2309 2261 2528 2314 {equum
2585 2260 2707 2301 esse
2739 2249 3017 2312 censebat,
3067 2265 3282 2318 agrum.
3334 2254 3424 2306 cui
3462 2254 3591 2307 sub-

2017 2338 2245 2391 stitutus
2279 2344 2398 2388 erat
2455 2333 2721 2405 Cyriacus
2755 2376 2771 2399 ,
2836 2336 3181 2392 Masadarum
3244 2342 3588 2413 episcopatui

2016 2426 2235 2496 aubjici.
2266 2428 2478 2482 etiamet
2509 2428 2735 2483 alterius
2757 2437 2903 2484 esset
2955 2431 3218 2500 regionis,
3255 2450 3320 2487 ac
3367 2452 3587 2492 rursum

2017 2519 2145 2573 illuc
2170 2520 2349 2574 redire
2377 2518 2682 2589 Cyriaeum.
2719 2519 2794 2573 lta
2832 2536 3091 2591 namque,
3124 2525 3222 2589 ait,
3261 2537 3314 2580 et
3348 2544 3447 2583 nos
3480 2546 3588 2585 non

2015 2613 2323 2668 videbimur
2343 2616 2611 2667 adversus
2642 2628 2883 2669 canones
2916 2629 3098 2684 agere,
3138 2619 3441 2689 morigeros
3490 2639 3589 2678 nos

2016 2722 2143 2774 erga
2189 2704 2483 2776 Cyriacum
2517 2705 2842 2774 praebentes,
2876 2723 3051 2776 neque
3077 2708 3165 2763 ille
3198 2710 3515 2781 jusjurant‘it
3538 2733 3587 2769 tu

2018 2798 2283 2861 \iolabit;
2328 2798 2587 2865 quoniam
2654 2814 2753 2853 nec
2805 2799 3121 2867 juratuento
3186 2805 3432 2860 addi'int
3485 2826 3583 2871 est,

2018 2890 2165 2958 quod
2200 2906 2307 2942 non
2341 2890 2405 2942 ad
2449 2891 2612 2943 breve
2657 2902 2872 2959 tempus
2900 2896 3115 2949 secedet
3152 2911 3323 2966 agro;
3357 2909 3410 2953 et
3443 2900 3552 2951 'Jw
3575 2931 3591 2942 .

2020 2984 2179 3049 ginus
2226 2982 2514 3036 ecclesiam
2559 2998 2663 3035 non
2726 2984 2997 3039 desertam
3059 2990 3348 3058 relinquet,
3411 3010 3589 3064 nequi:-

2019 3084 2289 3127 suammet
2336 3076 2573 3127 animam
2640 3074 2898 3133 oﬂ'endet.
2938 3079 3148 3136 Videsis
3200 3088 3475 3151 quomodo
3522 3104 3583 3141 ex

334 3169 549 3238 ἐνορίαν
587 3169 986 3240 χειροτονῆσαι,
1009 3173 1105 3225 καὶ
1138 3173 1305 3242 λήθην
1337 3174 1795 3243 προδαλλομένου,
1823 3176 1908 3240 Τῷ

2020 3163 2309 3217 verborum
2336 3164 2723 3231 disquisitione
2746 3169 3072 3222 sententiam
3107 3182 3332 3229 sanctus
3359 3178 3588 3247 indagav

330 3259 449 3329 Θεῷ
486 3263 605 3329 μὲν,
640 3264 805 3331 φησὶν
852 3264 879 3313 ό
910 3264 1083 3329 ἆγιος,
1116 3264 1212 3332 τὴν
1246 3264 1529 3333 ἐκδίκησιν
1560 3268 1907 3334 ἀνατίθεμεν,

332 3352 413 3421 τῷ
442 3354 550 3406 τῶν
589 3357 847 3423 κρυπτῶν
895 3356 1108 3427 γνώστῃ
1157 3357 1251 3408 καὶ
1298 3358 1596 3428 ὲξεταστῇο
1652 3361 1811 3427 ἡμεῖς
1850 3359 1906 3412 δὲ

333 3445 665 3516 ἀδιακρίτως
706 3448 895 3501 τοῦτον
945 3450 1235 3518 δεχόμεθα.
1297 3454 1629 3520 συγγνώμην
1674 3450 1906 3515 διδόντες

329 3538 657 3605 ἀνθρωπίνῳ
688 3540 870 3602 πάθει,
902 3543 965 3610 τῇ
1003 3541 1142 3613 λήθῃ
1174 3542 1191 3611 (
1217 3544 1277 3593 ού
1310 3542 1415 3612 γάρ
1441 3545 1608 3607 ἐσμεν
1628 3542 1736 3595 τῶν
1765 3561 1899 3613 καρ-

330 3627 462 3679 διῶν
492 3632 697 3698 κριταὶ,
740 3633 854 3684 ἀλλ’
879 3632 940 3696 ἐξ
969 3626 1043 3683 ὧν
1075 3633 1347 3702 ἀκούομεν
1394 3635 1696 3703 κρίνομεν),
1728 3636 1775 3687 εί
1806 3634 1903 3686 καὶ

330 3719 432 3787 τὴν
464 3723 762 3791 ἐκκλησίαν
831 3724 1189 3793 πολυτρόπως
1221 3724 1546 3794 ἐλυμήνατο,
1595 3726 1903 3794 χειροτονή-

332 3830 432 3874 σας
464 3813 563 3880 μὲν
588 3814 716 3883 παρ’
750 3814 962 3882 ἐνορίαν
992 3815 1381 3881 ἀκανονίστως,
1410 3818 1557 3885 ὅρκῳ
1587 3816 1641 3869 δὲ
1676 3816 1903 3868 καταδεο

336 3905 554 3973 σμήσας
592 3908 742 3975 παρὰ
782 3906 848 3957 τὰ
897 3906 1216 3972 εὐαγγέλια,
1266 3909 1545 3976 ἐπιορκεῖν
1587 3906 1642 3962 δὲ
1692 3907 1908 3970 διδάξας

330 3999 400 4049 δι’
431 3993 504 4050 ὧν
540 3998 801 4065 μετετέθη
847 4000 873 4050 ό
927 3998 1323 4067 πρεσϐύτερος.
1353 3998 1679 4069 ψευδόμενος
1719 3999 1775 4051 δὲ
1814 3998 1909 4051 νῦν

329 4088 399 4140 δι’
434 4083 509 4139 ὧν
546 4090 641 4157 τήν
667 4088 834 4157 λήθην
870 4088 1288 4158 σχηματίςεται.

2017 3257 2116 3321 vit,
2149 3266 2209 3309 ut
2262 3257 2352 3323 qui
2405 3258 2766 3324 jurejurando
2836 3275 2893 3313 se
2922 3262 3290 3319 obstrinxerat
3341 3282 3589 3336 pejerarc

2018 3363 2123 3401 non
2162 3348 2429 3401 videatur.
2461 3348 2662 3402 Severo
2700 3360 2881 3404 autem
2913 3365 3194 3417 accusata,
3246 3360 3411 3425 quod
3443 3362 3587 3414 ultro

2018 3440 2306 3494 ordinabat
2338 3440 2390 3493 in
2421 3456 2573 3495 suam
2612 3442 2898 3509 dimcesin,
2939 3453 2992 3498 et
3026 3445 3357 3503 oblivaonem
3398 3466 3590 3519 praetc-

2015 3542 2178 3587 xente
2204 3550 2216 3585 :
2241 3531 2371 3597 Deo,
2400 3533 2576 3602 inquit
2608 3548 2851 3601 sanctus,
2876 3537 3169 3592 vindictam
3226 3543 3587 3614 relinquimus

2008 3626 2100 3693 qui
2122 3626 2338 3677 occulta
2374 3626 2657 3693 cognoscit
2688 3635 2739 3678 et
2773 3637 3054 3683 scrutatur
3081 3647 3095 3694 ;
3118 3647 3217 3687 nos
3244 3651 3371 3690 vero
3408 3637 3587 3691 indis-

2012 3717 2341 3770 crimiuatim
2407 3719 2557 3769 illum
2624 3719 2941 3784 recipimus,
2977 3732 3030 3775 et
3058 3724 3152 3793 qui
3197 3726 3471 3784 humanus
3506 3746 3589 3785 (ιςι

2012 3809 2225 3878 lapsus,
2251 3808 2515 3862 oblivioni
2555 3810 2932 3877 ignoscentrs;
2975 3816 3417 3886 quandoquidem
3474 3839 3579 3875 non

2024 3916 2220 3956 sumus
2250 3902 2504 3955 cordium
2564 3901 2899 3973 cognitores.
2939 3907 3031 3958 sed
3090 3920 3255 3976 prout
3307 3913 3583 3977 audimus,

2015 3992 2353 4061 iudicamus.
2409 3992 2560 4047 Licet
2606 3995 2894 4049 ecclesiam
2959 4000 3322 4055 multifariam
3384 4007 3586 4061 danuto

2020 4087 2225 4149 affecit,
2284 4086 2377 4155 qui
2432 4088 2576 4140 ultra
2643 4103 2799 4142 suam
2836 4090 3097 4147 ditecesin
3156 4107 3349 4150 contra
3416 4114 3587 4154 cauo-

343 4196 442 4233 nes
462 4181 1168 4250 ordinavit,etjnramcnto
1193 4195 1387 4251 prarter
1413 4182 1701 4252 Evangelia
1720 4180 2012 4245 astrinxit;
2053 4179 2298 4248 pejerare
2371 4193 2498 4233 vero
2561 4180 2747 4235 docuit
2791 4198 2858 4236 co
2937 4187 3082 4253 quod
3135 4188 3433 4245 translatus
3503 4205 3588 4248 est

330 4280 655 4346 presbyter;
696 4294 844 4332 nunc
877 4286 1063 4332 autem
1096 4281 1361 4333 incutitus
1396 4290 1478 4333 est
1509 4281 1771 4344 quoniam
1804 4277 2134 4330 oblivionem
2169 4291 2281 4345 ρεαδ
2312 4291 2369 4330 se
2397 4275 2519 4331 fert.

414 4371 508 4426 Ἐν
539 4373 595 4425 δὲ
615 4373 692 4441 τῷ
738 4374 802 4436 ιζ’
834 4375 1021 4426 κανόνι
1056 4375 1226 4427 ταῦτα
1256 4376 1565 4445 διείληπται
1588 4393 1603 4407 ο
1639 4378 1900 4436 Ἀπιστός

323 4479 409 4524 τις
433 4462 615 4531 λαχὼν
647 4464 838 4533 ἄρχειν
882 4464 1220 4533 Ἀντιοχέων,
1262 4466 1513 4526 ἀπειλαῖς
1543 4466 1896 4533 καταπλήξας

2096 4374 2152 4427 lu
2190 4387 2315 4428 can.
2339 4373 2554 4427 decimo
2580 4376 2814 4443 septimo
2844 4376 2960 4432 lta’c
2992 4377 3394 4448 disceptantur.
3458 4380 3581 4436 inti--

2012 4465 2152 4519 delis
2187 4463 2346 4534 134
2373 4464 2599 4533 quidam
2634 4467 2939 4522 Antiochia:
3005 4470 3300 4539 imperium
3326 4477 3578 4539 sortitus,

323 4553 431 4603 τῶν
467 4551 697 4604 ἐνταῦθα
725 4552 915 4621 ἱερέων
942 4553 1119 4615 ἐνίους
1147 4555 1226 4616 εἰς
1258 4554 1414 4606 τοῦτο
1444 4554 1562 4623 βίας
1604 4556 1781 4624 ἡγαγε
1807 4556 1902 4607 καὶ

2013 4560 2306 4613 nonnullos
2340 4560 2411 4612 ibi
2447 4560 2799 4630 presbyteros
2826 4562 2991 4617 nimis
3023 4567 3330 4633 percellens
3352 4576 3502 4624 tanta
3530 4572 3579 4623 vi

323 4644 594 4710 ἀνάγκης,
625 4642 766 4695 ὥστε
817 4644 1017 4712 ὀμόσαι
1050 4646 1149 4713 τῆς
1194 4646 1493 4715 ἱερωσύνης
1544 4648 1895 4700 πεπαῦσθαι·

322 4734 528 4786 τούτων
559 4731 638 4797 εἷς
677 4751 782 4801 τις,
832 4735 1046 4807 Βιάνωρ
1069 4736 1264 4807 ὄνομα,
1292 4740 1369 4800 είς
1402 4740 1462 4791 τὸ
1511 4741 1732 4793 Ἰκόνιον
1766 4750 1897 4809 μετ-

322 4828 553 4896 ῳκίσθη,
628 4829 756 4897 περὶ
804 4825 864 4881 οὒ
898 4830 987 4881 τὸν
1040 4832 1216 4899 μέγαν
1263 4830 1563 4895 Βασίλειον,
1606 4833 1698 4885 τοῦ
1751 4833 1900 4886 θείου

322 4916 588 4985 ἐρομένου
633 4919 1005 4987 Ἀμφιλοχίου.
1043 4923 1228 4989 φάναι,
1275 4923 1357 4975 ὅτι
1392 4924 1585 4975 Κοινὸν
1634 4923 1901 4993 ἐξεθέμην

323 5011 450 5075 ὅρον
494 5008 585 5059 καὶ
616 5008 813 5059 κανόνα
848 5009 976 5078 περὶ
1022 5011 1128 5061 τῶν
1172 5014 1229 5063 ὲν
1275 5012 1578 5083 Ἀντιοχείᾳ
1607 5012 1900 5083 ὀμωμοκό-

324 5121 431 5154 των
487 5103 891 5171 πρεσὸυτέρων,
931 5104 1017 5156 ἵνα
1072 5104 1179 5155 τῶν
1221 5105 1320 5172 μὲν
1379 5106 1573 5158 κοινῶν
1628 5105 1901 5174 συλλόγων

325 5194 660 5261 ἀπέχωνται,
706 5194 810 5262 ἰδίᾳ
839 5193 894 5245 δὲ
932 5194 999 5245 τὰ
1025 5194 1131 5246 τῶν
1160 5196 1552 5266 πρεσϐυτέρων
1580 5196 1898 5266 ὲνεργῶσιν,

323 5288 478 5346 ὅπως
517 5285 591 5353 μὴ
621 5288 731 5347 τοῖς
756 5285 953 5337 εἰδόσιν
992 5284 1187 5349 αὐτοὺς
1219 5289 1286 5340 τὰ
1316 5289 1412 5357 τῆς
1448 5290 1757 5359 ἱερουργίας
1785 5290 1903 5353 ἑξο-

329 5377 694 5443 μοααμὲνους,
721 5378 881 5428 αίτιοι
916 5377 1211 5429 σκανδάλου
1238 5377 1480 5444 γένοιντο
1500 5396 1511 5407 ·
1541 5379 1713 5448 τούτῳ
1739 5380 1795 5431 δὲ
1823 5378 1901 5447 τῷ

328 5469 564 5537 Βιάνωρι
600 5468 801 5536 μᾶλλον
824 5469 1007 5521 ἄδειαν
1043 5470 1272 5539 παρέχει
1295 5472 1431 5540 πρὸς
1452 5471 1550 5540 τὴν
1578 5471 1898 5539 ὑπηρεσίαν,

325 5559 410 5609 ὅτι
436 5558 536 5609 οὐκ
568 5560 625 5609 ὲν
660 5560 978 5627 Ἀντιοχείᾳ,
1002 5560 1118 5611 ἀλλ’
1152 5564 1207 5611 ἐν
1248 5560 1451 5627 Ἰκονίῳ
1478 5563 1544 5613 τὰ
1570 5561 1664 5629 τῆς
1689 5562 1902 5630 ἱερουρ-

327 5649 456 5714 γῖας
507 5650 688 5717 μέλλει
743 5652 1033 5719 πράττειν·
1082 5653 1268 5713 δεκτὸς
1320 5651 1411 5704 οὖν
1463 5654 1608 5705 ἔστιν
1646 5653 1904 5705 ἀπαιτού-

332 5758 495 5811 μενος
527 5745 671 5814 παρὰ
703 5744 799 5809 τῆς
830 5743 1116 5806 εὐλαϐείας
1160 5762 1252 5797 σου
1290 5745 1689 5815 μεταμέλεσθαι
1721 5748 1811 5798 ἐπὶ
1836 5751 1899 5816 τῇ

326 5833 548 5904 εὐκολίᾳ
576 5834 670 5886 τοῦ
695 5836 882 5904 ὅρκου,
929 5838 986 5889 εν
1015 5839 1109 5888 ἐπὶ
1141 5837 1230 5890 τοῦ
1262 5839 1506 5904 ¹ἀπίστου
1542 5838 1730 5905 ἀνδρὸς
1768 5838 1899 5901 Lim-

610 5931 882 5991 ΡΑτιιυι..
933 5931 1047 5990 Gn.
1093 5933 1274 5991 CXLI
1295 5935 1358 5993 ι’.

2010 4660 2065 4706 et
2092 4651 2421 4705 necessitate
2484 4654 2918 4722 constringebat,
2962 4664 3022 4709 ut
3058 4672 3120 4711 se
3169 4675 3197 4711 a
3262 4663 3582 4718 sacerdotio

2014 4750 2335 4795 cessatores
2360 4742 2626 4809 jurarint.
2649 4741 2851 4797 Horum
2879 4758 3044 4809 unus,
3071 4747 3273 4803 Bianor
3336 4754 3579 4815 nomine,

2013 4832 2257 4887 Iconium
2298 4835 2734 4904 transmigravil,
2759 4840 2824 4890 de
2848 4853 2957 4905 quo
2994 4852 3228 4910 magnus
3255 4841 3516 4907 Basilius,
3551 4865 3580 4899 ιι

2011 4933 2204 4979 sancto
2228 4925 2617 4994 Amphilochia
2652 4929 3043 4999 interrogatus,
3073 4933 3236 4996 dixit,
3272 4935 3583 4991 Columnae

2008 5014 2290 5071 decretum
2343 5028 2398 5073 et
2431 5031 2697 5073 canonem
2724 5019 2791 5075 de
2830 5024 3192 5094 presbyteris,
3253 5028 3347 5098 qui
3390 5031 3583 5084 Antio-

2006 5108 2143 5163 chiaa
2177 5109 2457 5178 jurarunt,
2485 5112 2781 5176 edidimus,
2814 5122 2873 5168 ut
2906 5116 2943 5169 ti
2972 5132 3000 5167 α
3034 5117 3267 5185 publicis
3301 5125 3572 5176 conventi-

2008 5201 2109 5255 bus
2130 5203 2730 5271 ahstineant.privatim
2765 5214 2944 5261 tamen
2971 5209 3416 5281 presbyterorum
3459 5228 3582 5266 mtt-

2006 5309 2131 5347 nera
2148 5296 2460 5352 obeantzue
2486 5296 2596 5353 illis
2622 5337 2636 5361 ,
2659 5299 2751 5367 qui
2774 5315 2870 5355 eos
2899 5315 3055 5356 sacra
3086 5302 3332 5371 ejurasse
3374 5307 3575 5367 sciunt.

2006 5386 2490 5440 scamtalicausam
2520 5388 2817 5455 praebeant.
2852 5385 2932 5445 Eo
2950 5393 3123 5460 magis
3152 5400 3335 5448 autem
3381 5394 3580 5450 Bianor

2015 5476 2379 5531 ministerium
2411 5478 2648 5532 obeundi
2679 5479 2954 5534 licentiam
2979 5484 3193 5536 obtinet
3215 5522 3232 5549 ,
3264 5487 3409 5554 quod
3469 5504 3577 5540 non

2003 5568 2346 5630 Antiochize,
2398 5574 2490 5623 sed
2559 5570 2728 5625 lcouii
2803 5586 2959 5626 sacra
3027 5574 3408 5629 celebraturus
3484 5580 3575 5631 sit.

2008 5659 2405 5727 Suscipiendus
2463 5674 2545 5716 est
2593 5680 2748 5733 ergo,
2791 5680 2820 5718 a
2857 5673 2947 5718 tua
2992 5667 3194 5734 pietate
3230 5669 3576 5729 admonitus.

2009 5761 2065 5805 ut
2094 5752 2474 5820 objuramenti
2512 5755 2848 5819 facilitatem,
2874 5760 3017 5827 quod
3052 5761 3156 5814 sub
3213 5761 3417 5815 inﬁdeli
3460 5764 3580 5815 viro

2005 5844 2232 5909 μηδι-ιι,
2262 5862 2386 5899 eum
2422 5850 2703 5913 [(Blliitlitl,
2762 5866 2886 5903 cum
2920 5854 3075 5920 parvi
3130 5854 3282 5909 illius
3345 5857 3577 5925 periculi

3111 5942 3184 6004 42
