4214 6434
264 357 285 419 1
299 360 405 422 329

1290 364 1698 428 SYNTAGMA
1727 367 2344 434 ALPHABETICUM.
2386 399 2457 409 -·
2476 374 2544 434 Ε.

3375 370 3517 432 1330

261 476 482 530 λοῦνται
514 477 664 547 παρά
688 477 797 530 τῶν
830 476 1033 549 νόμων,
1063 477 1156 533 καὶ
1187 478 1257 533 τά
1278 480 1563 551 ἀμφότερα
1584 480 1839 535 ὑπελθεῖν

1958 482 2011 534 lo
2044 498 2073 537 a
2110 484 2317 553 legibus
2352 495 2636 547 vocantur,
2668 494 2898 554 utraque
2933 482 3121 540 subire
3157 498 3264 537 non
3326 485 3512 553 prohi-

268 568 323 622 δύ
394 568 729 622 κωλύονται·
793 570 993 632 πάντες
1063 569 1119 624 δδ
1180 573 1335 641 κοινῇ
1404 573 1839 642 έκκλησιαστικά

267 660 573 729 πράγματα
600 662 845 730 ἐνεργεῖν
869 661 970 714 οὐκ
1003 660 1407 731 ἐμποδίζονται,
1434 665 1529 715 καὶ
1560 663 1681 732 δίχα
1706 680 1833 733 προ-

268 754 470 825 τροπῆς
508 755 826 808 ἐπισκόπου.

947 847 1155 915 Νόμοι.

336 937 480 1001 Τοὺς
511 938 960 1007 θεοφιλεστάτους
992 940 1326 1003 ἐπισκόπους
1369 941 1403 1010 ἢ
1455 941 1722 1011 μοναχοὺς
1777 942 1839 993 ὲκ

266 1027 496 1097 μηδενὸς
524 1030 689 1096 νόμου
721 1030 1052 1099 ἐπιτρόπους
1078 1030 1113 1101 ἢ
1139 1031 1480 1101 κουράτορας
1525 1032 1841 1102 οίουδήποτε

267 1118 567 1187 προτώπου
605 1122 850 1187 γίνεσθαι
893 1122 1314 1193 σιγχωροῦμενο
1351 1124 1735 1195 ἐπιτροπεύειν
1785 1122 1842 1175 δὲ

268 1214 378 1264 τῶν
409 1214 549 1283 ὑπὲρ
586 1213 767 1283 ψυχῆς
817 1213 1144 1281 ὀφειλόντων
1184 1214 1445 1277 δίδοσθαι,
1483 1214 1578 1266 καὶ
1620 1215 1844 1267 διοικεῖν

270 1306 809 1376 προσκαλουμένους,
840 1308 901 1359 οὐ
951 1308 1259 1375 κωλύομεν.
1296 1308 1409 1360 Καὶ
1440 1308 1551 1378 γὰρ
1590 1310 1703 1370 τοῖς
1746 1310 1843 1377 ἀρα

269 1398 515 1467 χιερεῦσι
561 1400 765 1469 μᾶλλον
793 1402 821 1453 ὁ
854 1400 997 1469 ὑπὲρ
1041 1399 1151 1452 τῶν
1194 1401 1688 1471 πλημμελημάτων
1724 1401 1846 1453 ίλα-

268 1496 408 1558 σμὸς
438 1491 766 1562 ἀφιέρωται.

343 1584 485 1643 Τοὺς
509 1584 935 1654 πρεσϐυτέρους,
963 1585 1059 1637 καὶ⁵
1092 1583 1400 1647 διακόνους.
1435 1585 1530 1638 καὶ
1561 1586 1848 1639 ὑποδιακό-

270 1692 417 1739 νους,
445 1674 524 1744 τῷ
545 1676 741 1745 δικαίῳ
777 1676 925 1746 μόνῳ
951 1675 1053 1744 τῆς
1089 1676 1411 1742 συγγενείας
1438 1679 1517 1740 είς
1546 1678 1846 1748 ἐπιτροπὴν

1944 572 2163 626 bentur.
2196 572 2399 630 Omnes
2428 590 2559 630 vero
2588 576 2955 630 communiter
3012 575 3382 630 ecclesiastica
3427 593 3521 632 ne-

1943 668 2115 733 gotia‘
2169 668 2555 722 administrare
2612 686 2719 723 non
2807 669 3198 739 impediuntur,
3259 669 3341 721 vel
3400 670 3519 725 sine

1942 759 2237 826 episwpali
2263 761 2650 829 permissione.

2626 853 2786 923 Leges
2797 895 2808 907 .

2019 942 2488 1013 Religiosissimos
2521 948 2806 1015 episcopos
2839 946 2918 1000 vel
2941 946 3239 1000 monachos
3274 961 3338 998 ex
3371 944 3518 997 nulla

1947 1035 2065 1104 lege
2104 1044 2310 1091 tutores
2342 1038 2426 1091 vel
2476 1046 2762 1092 curatores
2828 1037 3209 1106 cujuscunque
3275 1050 3525 1105 persona:

1947 1125 2061 1179 εἰει-ἰ
2099 1127 2491 1181 concedimus:
2518 1126 2612 1180 sed
2649 1141 2838 1179 eorum
2872 1142 2993 1195 quze
3017 1126 3082 1179 ad
3122 1125 3364 1179 animam
3398 1139 3525 1194 per-

1948 1217 2142 1279 tinent,
2174 1218 2401 1271 tutelam
2436 1217 2740 1287 suscipere,
2776 1227 2830 1270 et
2882 1227 3101 1271 vocatos
3133 1216 3524 1271 administrare

1948 1323 2058 1361 non
2083 1309 2453 1376 prohibemus.
2512 1309 2722 1363 Etenim
2764 1308 3104 1363 antistitibus
3134 1308 3370 1363 maxime
3427 1323 3525 1378 pro

1947 1398 2159 1453 delictis
2187 1400 2422 1468 placatio
2456 1400 2742 1455 incumbit.

2021 1596 2372 1668 Presbyteros
2431 1609 2483 1651 ct
2515 1599 2780 1652 diaconos
2806 1608 2862 1652 et
2893 1599 3257 1652 subdiaconus
3283 1599 3401 1651 solo
3431 1613 3528 1651 co-

1948 1690 2224 1758 gnationis
2249 1691 2375 1759 jure
2405 1691 2471 1744 ad
2506 1692 2730 1745 tutelam
2757 1690 2837 1745 vel
2864 1690 2929 1745 ad
2956 1691 3255 1744 curatclam
3308 1699 3529 1743 vocatos

271 1767 303 1831 ἣ
357 1770 438 1829 είς
476 1767 869 1838 κουρατορείαν
907 1767 1296 1836 καλουμένους,
1352 1769 1450 1839 τὴν
1503 1770 1847 1840 λειτουργίαν

1956 1783 2483 1837 administrationem
2519 1783 2799 1851 suscipere
2830 1783 3211 1838 comedimus.

270 1854 302 1906 ὑ
320 1855 632 1925 ῖοδέχεσθαι
668 1857 1078 1927 συγχωροῦμεν.

355 1947 844 2017 Ἐπιτροπεύονται
900 1950 957 2003 δὲ
1014 1951 1153 2004 κατὰ
1204 1953 1297 2004 τὸν
1352 1951 1630 2005 πολιτικὸν
1684 1954 1848 2019 νόμον

272 2035 573 2108 ἐλεύθεροι,
608 2041 656 2092 οἱ
695 2040 783 2093 διὰ
828 2040 927 2110 τὴν
978 2041 1194 2111 ἠλικίαν
1243 2041 1477 2094 ἐκδικεῖν
1510 2042 1743 2104 ἑαυτοὺς
1774 2041 1850 2110 μὴ

268 2131 579 2199 δυνάμενοι.

357 2222 658 2293 Ἀλλότριος
683 2224 899 2293 οίκέτης
917 2226 976 2277 ιν
1000 2224 1232 2297 διαθήκῃ
1257 2225 1540 2296 ἀχρήστως
1558 2224 1852 2296 ἐπίτροπος

270 2320 494 2373 δίδοται.

344 2414 462 2467 οὐκ
497 2412 848 2482 ἐπιτροπεύει
876 2414 996 2467 οὐδὲ
1026 2414 1415 2485 κουραιορεύει
1450 2419 1477 2467 ὁ
1515 2415 1713 2484 μείζων
1744 2416 1852 2470 τῶν

276 2504 652 2573 ἑϐδομήκοντα
686 2504 845 2571 ἑτῶν,
899 2507 1021 2558 οὐδὲ
1062 2508 1088 2558 δ
1137 2506 1374 2560 ὲλάττων
1402 2507 1509 2560 τῶν
1538 2514 1624 2567 ,κε’
1680 2508 1849 2561 Attii-2'

274 2595 396 2659 πῶς
432 2596 542 2665 γὰρ
572 2596 599 2648 ό
634 2596 887 2666 δεόμενος
916 2596 1077 2652 ἄλλου
1107 2598 1431 2669 κηδεμονίας
1457 2616 1469 2661 ;

348 2774 589 2830 Ἀσωτοι
638 2774 734 2828 καὶ
788 2774 1121 2844 μαινόμενοι,
1179 2772 1281 2827 κάν
1330 2775 1577 2843 μείζονες
1626 2770 1730 2828 ὦσι
1785 2778 1851 2846 τῇ

272 2868 487 2936 ἡλικία,
525 2868 1017 2935 κουρατορεύονται
1047 2865 1154 2917 ὑπὸ
1185 2865 1293 2918 τῶν
1330 2866 1477 2918 ἰδίων
1511 2867 1812 2935 συγγενῶν.

346 2957 537 3016 οὐδεὶς
567 2953 864 3025 ἐγχειρίζει
897 2954 1060 3009 πλέον
1092 2954 1199 3008 τῶν
1230 2956 1396 3024 τριῶν
1442 2956 1779 3026 ὲπιτροπῶν.

348 3047 442 3117 Τῷ
478 3046 579 3116 υίῷ
628 3046 722 3100 τοῦ
776 3047 1123 3117 αἰχμαλώτου
1175 3049 1470 3117 ἐπίτροπος
1516 3048 1578 3100 ού
1631 3047 1852 3115 δίδοται,

2028 1961 2261 2017 Tutores
2296 1963 2533 2016 habeant
2576 1963 2753 2017 liberti
2784 1964 3087 2017 secundum
3142 1963 3286 2032 leges
3319 1962 3529 2026 civiles,

1953 2052 2044 2121 qui
2080 2065 2298 2123 propter
2345 2063 2557 2107 mtatem
2627 2055 2839 2123 seipsos
2890 2055 3169 2109 vindicare
3230 2062 3530 2123 nequeunt.

2030 2227 2255 2279 Alienus
2310 2238 2500 2280 servus
2556 2226 2610 2277 in
2662 2234 2989 2280 testamento
3054 2226 3255 2280 frustra
3311 2235 3532 2281 curator

1956 2322 2291 2389 designatur.

2029 2412 2216 2483 Neque
2249 2416 2471 2469 tutelam
2504 2430 2682 2486 neque
2704 2414 3009 2469 curatelam
3042 2422 3215 2481 gerat,
3245 2411 3338 2481 qui
3406 2426 3533 2479 sep-

1956 2509 2199 2577 tuaginta
2220 2510 2379 2564 annis
2409 2521 2493 2566 est
2514 2509 2712 2580 major,
2744 2523 2920 2577 neque
2950 2508 3043 2577 qui
3072 2506 3260 2575 viginti
3290 2505 3535 2575 quinque

1957 2612 2040 2655 est
2075 2602 2424 2658 minurmam
2451 2603 2729 2673 quomodo
2757 2601 3057 2656 curatelam
3085 2610 3258 2671 gerat,
3284 2599 3374 2669 qui
3401 2601 3538 2655 alte-

1960 2695 2074 2748 rius
2091 2708 2221 2748 cura
2255 2696 2502 2765 indiget?

2032 2784 2363 2843 Decoctores
2390 2797 2445 2844 et
2466 2797 2734 2853 amentes,
2764 2788 2892 2843 licet
2925 2788 3266 2853 pubertatem
3328 2785 3538 2855 egressi

1959 2879 2089 2942 sint,
2120 2894 2149 2932 a
2179 2879 2414 2949 prapriis
2434 2882 2682 2949 cognatis
2713 2881 2766 2934 in
2797 2880 3021 2935 tutelam
3063 2881 3441 2948 suscipiuntu:

2036 2971 2193 3041 137
2230 2972 2402 3027 Nemo
2426 2973 2716 3042 plusquam
2759 2982 2871 3027 tres
2906 2982 3117 3027 tutores
3150 2971 3403 3025 assumit.

2031 3064 2245 3133 Captivi
2285 3065 2399 3118 lilio
2459 3074 2611 3119 tutor
2681 3080 2789 3118 non
2825 3071 2990 3119 datur
3015 3104 3029 3129 ,
3065 3066 3159 3119 sel
3217 3060 3543 3117 substantiae

276 3141 415 3193 ἁλλά
442 3142 508 3208 τῇ
548 3138 704 3209 οὐσίᾳ
757 3139 1047 3209 κουράτωρ
1074 3156 1086 3169 ·
1132 3138 1566 3207 ὑποστρέφοντος
1612 3138 1721 3209 γὰρ
1761 3141 1855 3193 τού

1959 3164 2365 3222 curator-mam
2400 3171 2623 3212 reverso
2654 3167 2827 3224 patre,
2867 3156 2946 3210 illi
2988 3155 3273 3221 subiectus
3317 3153 3446 3218 erit,
3477 3166 3543 3206 ac

280 3232 509 3301 πατρὸς,
542 3231 755 3297 γίνεται
800 3230 967 3283 αὑτοῦ
1019 3229 1355 3294 ύπεξούσιος,
1386 3231 1462 3294 ὼς
1491 3234 1541 3285 εί
1586 3232 1855 3302 μηδέποτε

1966 3248 2010 3302 si
2048 3263 2328 3317 nunquam
2369 3249 2421 3301 in
2463 3248 2837 3317 captivitatem
2876 3247 3073 3303 fuisset
3117 3247 3396 3302 redactus.

275 3323 694 3394 ᾐχμαλωτίσθη.

352 3415 444 3484 Τῷ
476 3414 651 3482 ἔχοντι
684 3414 979 3484 ἐπίτροπον
1009 3412 1291 3479 νοσοῦντα,
1316 3414 1349 3484 ἢ
1380 3416 1632 3485 γέροντα,
1660 3415 1860 3470 δίδοται

279 3507 574 3574 κουράτωρ
601 3504 754 3576 παρὰ
793 3505 887 3557 τοῦ
918 3506 1206 3575 ἄρχοντος.

364 3600 495 3651 Ἐὰν
522 3597 794 3664 κλέψωσιν
826 3599 875 3650 ol
910 3598 1197 3669 ἐπίτροποι
1224 3599 1527 3669 πράγματα
1550 3601 1861 3672 ἀφηλίκων,

278 3689 511 3751 ἕκαστος
549 3688 729 3741 αὐτῶν
750 3690 829 3751 εἰς
857 3688 919 3741 τὸ
951 3688 1176 3743 διπλοῦν
1204 3690 1468 3760 ἐνέχεται.

356 3781 742 3850 Προτιμῶνται
790 3780 901 3833 τῶν
958 3780 1189 3851 Θηλειῶν
1241 3782 1291 3835 οἱ
1346 3781 1596 3854 ἄρρενες,
1653 3784 1863 3848 τελείας

281 3874 500 3944 ἡλικίας
549 3874 923 3943 ὑπάρχοντες·
974 3874 1114 3944 γυνὴ
1166 3872 1273 3944 γὰρ
1322 3874 1382 3927 ού
1437 3876 1858 3947 κουρατορεύει,

280 3966 408 4019 οὐδὲ
445 3966 515 4018 τὰ
550 3966 648 4034 τῆς
697 3966 1001 4036 ἐπιτροπῆς
1051 3965 1350 4036 ὑπέρχεται
1397 3967 1859 4039 λειτουργήματα,

283 4061 332 4113 ει
377 4062 559 4130 μήπου
592 4060 778 4131 μήτηρ
806 4059 837 4127 ἢ
868 4060 1070 4129 μάμμη
1099 4060 1209 4129 εῖηυ

370 4154 432 4205 Ὀ
487 4152 879 4221 τιλησιέστερος
930 4150 1198 4223 συγγενὴς
1255 4153 1646 4223 ἐπιτροπεύει·
1705 4157 1753 4209 εί
1806 4154 1864 4209 δὲ

286 4242 477 4295 πολλοὶ
514 4243 607 4295 τὸν
641 4242 805 4295 αὑτὸν
840 4241 1097 4311 ἐπέχουσι
1127 4242 1356 4312 βαθμὸν,
1399 4244 1599 4309 πάντες
1641 4246 1863 4317 ἐπιτρο-

284 4335 568 4388 πεύουσιν.

359 4427 523 4498 Ζὴτει
561 4426 655 4480 καὶ
674 4428 732 4480 έν
764 4426 845 4495 τῷ
878 4434 940 4480 ιε’
968 4444 1095 4493 κεφ.
1116 4425 1211 4479 τοῦ
1238 4428 1286 4479 Μ
1324 4428 1614 4497 στοιχείου.

598 4518 851 4572 ΚΕΦΑΛ.
887 4520 1009 4573 ΛΔ’.
1048 4520 1184 4586 Περὶ
1212 4521 1546 4589 εὐνούχων.

370 4612 430 4665 '0
467 4612 565 4681 μὲν
615 4610 702 4664 κα¹
729 4612 837 4663 τῶν
869 4612 1040 4679 ἁγίων
1070 4613 1386 4665 ἀποστόλων
1416 4612 1621 4679 κανὼν,
1659 4613 1861 4667 Εὐνοῦ-

284 4722 403 4775 χος,
441 4704 630 4774 φησιν.
665 4704 712 4756 εἰ
748 4702 847 4771 μὲν
888 4703 947 4768 ἐξ
979 4701 1247 4772 ἐπηρείας
1273 4702 1582 4773 ἀνθρώπων
1617 4721 1701 4767 τις
1735 4705 1862 4769 έγε-

287 4798 459 4861 γόνει,
494 4795 526 4865 ἤ
564 4796 620 4847 ὲν
650 4793 878 4863 διωγμῷ
911 4795 980 4847 τὰ
1010 4794 1117 4847 τῶν
1148 4794 1361 4865 ἀνδρῶν
1391 4795 1664 4868 ἀφῃρέθη,
1705 4797 1738 4866 ἢ
1769 4795 1864 4849 οὖ-

286 4906 395 4951 τως
420 4888 545 4954 ἔφυ,
577 4887 624 4938 εί
674 4886 765 4937 καὶ
796 4887 823 4938 ὁ
857 4883 969 4949 βίος
1008 4883 1157 4953 αύτῷ
1191 4886 1386 4953 σεμνὸς
1422 4887 1509 4954 εἴη
1563 4886 1659 4938 καὶ
1689 4885 1867 4957 ἄμεμ-

288 4996 443 5040 πτος,
479 4979 559 5040 εἰς
590 4975 890 5046 ίερωσύνην
919 4974 1357 5042 προσιὸαζέσοω.

370 5157 431 5211 σο
457 5155 513 5209 δὲ
538 5154 657 5226 κβνο
705 5155 765 5209 '0
801 5154 992 5207 ἑαυτὸν
1022 5155 1446 5226 ἀκρωτηριάσας
1481 5157 1737 5226 κληρικδς
1790 5160 1865 5227 μὴ

288 5250 548 5317 γινέσθω·
581 5249 835 5318 αὐτόχειρ
862 5250 974 5319 γὰρ
1006 5249 1171 5301 αὐτοῦ
1212 5250 1401 5318 γέγονε
1444 5249 1523 5319 τῷ
1570 5251 1867 5322 παραϐόλῳ

285 5341 384 5396 τοῦ
425 5340 778 5412 πράγματος,
808 5340 990 5410 ἑαυτῷ
1020 5340 1112 5392 τὸν
1137 5340 1369 5395 θάνατον
1392 5341 1581 5412 ὥσπερ
1613 5344 1867 5413 προμνώ-

291 5448 476 5502 μενος,
518 5432 614 5484 atat
649 5432 716 5500 τῇ
758 5429 854 5481 τοῦ
889 5428 1023 5482 Θεοῦ
1053 5429 1384 5502 δημιουργία
1427 5431 1679 5502 πολεμῶν
1712 5433 1867 5487 ἀντι-

290 5540 451 5595 κρυς.

370 5617 433 5669 Ὅ
477 5615 535 5668 δὲ
569 5613 689 5683 κγ’·
724 5614 791 5668 Εἴ
817 5632 921 5681 τις,
955 5614 1220 5685 κληρικὸς
1250 5615 1349 5679 ὢν,
1384 5618 1577 5671 ἑαυτὸν
1611 5621 1864 5691 ἀκρωτη-

292 5707 554 5780 ριάσειεν,
589 5707 663 5772 ὡς
696 5706 1067 5779 προδηλότατα
1100 5706 1366 5775 θανατῶν,
1402 5711 1794 5782 καθαιρείσθω.

1889 4514 1953 4573 Β.

2032 3405 2113 3460 Illi
2151 3406 2306 3472 cujus
2348 3418 2497 3462 tutor
2532 3409 2614 3463 vcl
2646 3410 2837 3464 morbo
2868 3410 3103 3471 laborat,
3127 3407 3209 3461 vel
3233 3406 3389 3461 senio
3415 3421 3545 3460 con-

1964 3499 2139 3554 lectus
2161 3509 2264 3565 est,
2303 3516 2332 3553 a
2371 3501 2697 3572 magistratu
2732 3502 2897 3556 datur
2926 3512 3168 3557 curator.

2037 3592 2094 3647 Si
2120 3594 2463 3663 impuberum
2496 3595 3010 3651 facultatestutores
3025 3597 3348 3666 surripiant,
3373 3614 3545 3654 unus-

1964 3688 2199 3759 quisque
2254 3703 2447 3743 eorum
2482 3688 2536 3742 in
2574 3688 2802 3758 duplum
2843 3698 3083 3745 tenetur.

2032 3776 2410 3832 Praaleruntur
2441 3778 2664 3833 feminis
2697 3778 2952 3842 masculi,
2973 3796 3098 3835 cum
3132 3790 3264 3836 sunt
3288 3782 3545 3851 perfecta:

1966 3870 2170 3926 aetatis.
2207 3869 2402 3924 Mulier
2451 3871 2599 3925 enim
2652 3873 2953 3926 curatelam
3014 3888 3123 3927 non
3158 3885 3332 3943 gerat,
3369 3892 3545 3945 neque

1965 3964 2151 4019 tutelae
2219 3964 2755 4020 administrationem
2791 3964 3013 4031 subeat,
3072 3965 3178 4019 nisi
3237 3967 3320 4021 vel
3372 3979 3546 4022 mater

1966 4057 2051 4111 vel
2076 4056 2198 4110 avia
2233 4056 2327 4111 sit.

2037 4147 2330 4205 Proximus
2399 4158 2663 4216 cognatus
2738 4158 2975 4203 tutorem
3039 4159 3207 4219 agat:
3273 4148 3371 4204 sin’
3412 4164 3543 4204 vero

1967 4241 2078 4295 sint
2109 4239 2293 4309 plures
2320 4238 2567 4309 ejusdem
2600 4239 2831 4308 gradus,
2866 4250 2981 4296 tum
3013 4256 3208 4296 omnes
3238 4241 3539 4296 curatclam

1969 4341 2185 4403 gerant.

2041 4422 2266 4489 Quaeras
2292 4422 2456 4478 etiam
2492 4425 2546 4477 in
2586 4425 2653 4479 l5
2678 4440 2800 4493 cap.
2848 4426 3041 4480 litterae
3066 4426 3137 4479 Μ.

2323 4513 2476 4568 CAP.
2510 4513 2751 4569 XXXIV.
2803 4515 2879 4570 De
2910 4518 3186 4571 eunuchis.

2046 4607 2376 4663 Sanctorum
2418 4607 2796 4675 apostolorum
2855 4608 3164 4663 vicesimus
3202 4611 3417 4678 primus
3448 4626 3542 4663 ca-

1974 4712 2105 4762 non,
2154 4696 2477 4763 Eunuchus,
2536 4697 2738 4765 inquit,
2766 4698 2813 4753 si
2852 4713 2918 4752 ex
2955 4698 3159 4768 injuria
3191 4700 3412 4768 quidem
3444 4702 3545 4754 ho-

1974 4787 2182 4841 minum
2206 4786 2387 4840 factus
2429 4786 2520 4852 sit,
2551 4787 2633 4840 vel
2664 4787 2717 4840 iu
2742 4789 3127 4856 persecutione
3156 4789 3406 4844 virilibus
3429 4792 3543 4861 pri4

1974 4889 2131 4933 vatus
2158 4878 2251 4943 sit,
2278 4878 2361 4933 vel
2397 4878 2480 4933 sic
2511 4888 2672 4933 natus
2724 4877 2887 4934 fuerit
2914 4898 2928 4945 ;
2956 4880 3255 4935 dummodo
3277 4880 3397 4950 ejus
3436 4882 3543 4936 vita

1975 4974 2047 5027 sit
2079 4982 2266 5026 sancta
2295 4981 2349 5025 et
2374 4972 2892 5041 irreprehensibilis,
2925 4973 2978 5026 in
3017 4973 3389 5027 sacerdotium
3419 4989 3546 5044 pro-

1975 5074 2280 5119 moveatur.

2049 5154 2354 5211 Vicesimus
2388 5157 2665 5212 secundus
2700 5172 2832 5212 vero
2866 5174 2879 5212 :
2915 5156 3018 5225 Qui
3048 5158 3288 5227 seipsum
3326 5158 3545 5212 mutila-

1974 5248 2072 5314 vit,
2102 5264 2170 5304 ne
2225 5249 2299 5303 sit
2355 5249 2588 5306 clericus
2616 5268 2630 5317 ;
2664 5251 2781 5321 ipse
2812 5251 2959 5305 enim
2992 5250 3078 5305 sui
3130 5250 3304 5319 ipsius
3334 5259 3420 5304 est
3451 5252 3548 5302 ho-

1975 5343 2176 5398 micida
2205 5354 2427 5414 propter
2468 5342 2599 5399 lacti
2650 5344 2948 5407 diritatem,
2980 5353 3215 5399 mortem
3251 5342 3359 5398 sibi
3387 5342 3545 5413 quasi

1976 5436 2274 5508 spondens,
2310 5446 2364 5493 et
2405 5436 2497 5492 Dei
2527 5437 2731 5508 opiﬁcii
2758 5437 2932 5493 hostis
2963 5438 3142 5507 palam
3175 5436 3374 5490 factus.

2046 5616 2112 5670 Et
2147 5616 2217 5671 25
2247 5632 2263 5672 :
2299 5616 2355 5673 Si
2384 5617 2530 5687 quis,
2561 5634 2687 5674 cum
2740 5619 2812 5674 sit
2845 5618 3104 5682 clericus,
3150 5617 3390 5686 seipsum
3426 5629 3547 5669 mu-

1975 5710 2232 5772 tilaverit,
2271 5719 2531 5781 tanquam
2567 5712 2674 5769 sibi
2715 5711 3011 5769 manifesto
3064 5720 3294 5766 mortem
3329 5716 3547 5776 Optatis,

1978 5803 2302 5868 deponatur.
