4214 6434
730 353 857 414 1331

729 559 1023 625 mutilavit,
1081 564 1255 619 tribus
1304 571 1462 625 annis
1520 585 1856 642 segregetur.
1914 581 2042 647 quia
2075 590 2162 634 est
2197 585 2287 635 sui

727 650 904 718 ipsius
941 654 1062 707 vita:
1091 655 1399 714 insidiator.
1449 662 1738 730 Prwterea,
1791 683 1912 722 cum
1949 671 2001 722 in
2049 673 2291 726 virorum

727 751 976 794 naturam
1007 743 1148 799 Deus
1180 747 1329 816 ipsos
1360 752 1636 818 lormavit,
1668 757 1720 809 in
1753 758 1917 811 aliam
1951 761 2018 814 ab
2046 777 2109 814 ea
2142 778 2296 829 pror-

727 847 825 885 sus
869 832 1144 888 diversam
1196 853 1319 892 sese
1365 844 1864 904 transformarunt:
1899 851 1970 904 ita
2009 860 2066 904 ut
2120 868 2296 919 neque

727 923 830 975 viri
863 924 996 986 sint,
1023 926 1152 993 quia
1186 932 1505 986 seminalem
1542 938 1749 1005 pariter
1782 955 1846 992 ac
1898 942 2292 1009 gener-atricem

729 1011 1041 1067 facultatem
1096 1017 1452 1085 abjecernnt,
1511 1040 1688 1094 neque
1728 1027 1964 1092 feminae,
2018 1030 2149 1098 quia
2184 1047 2293 1086 non

730 1101 929 1155 habent
957 1105 1287 1170 parturiendi
1321 1119 1594 1166 naturam.

797 1190 994 1244 Eadem
1028 1195 1188 1248 etiam
1219 1203 1506 1254 constituit
1540 1219 1554 1254 ι
1585 1220 1704 1272 syn.
1738 1207 1762 1260 l
1797 1222 1925 1263 can.
1962 1229 1972 1262 :
2009 1209 2291 1276 nimirum,

729 1292 783 1334 ut
817 1284 906 1349 qui
939 1297 966 1334 a
1002 1286 1228 1340 medicis
1263 1288 1315 1340 in
1356 1294 1546 1346 morbo
1575 1295 1816 1360 excisus,
1853 1299 1936 1352 vel
1969 1313 2000 1354 a
2037 1300 2292 1355 barbaris

731 1371 1056 1436 genitalibus
1113 1377 1374 1433 membris
1414 1381 1678 1449 privatur,
1723 1401 1752 1439 e
1792 1386 1940 1440 clero
1999 1403 2105 1440 non
2146 1389 2295 1440 exci-

731 1463 819 1513 dat
848 1479 861 1526 ;
905 1465 1214 1533 quicunque
1248 1479 1450 1534 autem,
1480 1487 1600 1526 cum
1650 1486 1795 1530 esset
1824 1493 2011 1543 sanus,
2038 1495 2102 1532 ex
2137 1480 2294 1532 indu-

733 1552 866 1603 stria
906 1554 1144 1620 seipsum
1203 1562 1472 1624 enecuit,
1501 1580 1605 1616 non
1640 1569 1798 1620 modo
1839 1569 1891 1619 in
1923 1571 2292 1622 sacerdotium

735 1659 842 1696 non
879 1654 1188 1714 c00ptetur,
1232 1652 1326 1704 sed
1359 1655 1521 1707 etiam
1561 1657 1613 1708 in
1664 1659 1809 1711 clero
1853 1661 2174 1724 recensitns,
2202 1662 2294 1729 eji-

730 1734 911 1787 ciatur
941 1752 955 1799 ;
1010 1737 1088 1791 illi
1124 1751 1307 1793 autem
1367 1743 1419 1795 in
1481 1746 1686 1798 clerum
1718 1749 2101 1814 admittuntur,
2138 1751 2230 1818 qui
2264 1766 2290 1802 a

729 1826 979 1880 barbaris
1017 1830 1095 1882 vel
1161 1831 1397 1888 dominis
1441 1832 1568 1889 sunt
1621 1841 1866 1903 castrati,
1906 1843 1948 1894 si
2012 1857 2129 1895 eam
2174 1857 2295 1911 quae

729 1920 1037 1972 sacerdotio
1066 1925 1337 1988 convenit,
1364 1927 1529 1980 vitam
1568 1932 1837 1992 prosecuti
1870 1933 1998 1984 sint.

800 2011 1001 2080 Synodi
1041 2029 1169 2067 vero
1199 2030 1212 2066 ι
1245 2025 1298 2069 et
1329 2034 1365 2070 ιι
1389 2017 1547 2073 dictae
1578 2019 1610 2073 8
1634 2036 1809 2074 canon
1860 2039 2009 2086 eum,
2034 2027 2126 2094 qui
2154 2027 2289 2078 alios

729 2113 950 2156 exsecat
1007 2108 1288 2174 (tanquam
1337 2109 1433 2161 Dei
1493 2112 1714 2177 Opiticio
1753 2114 2007 2181 injuriatn
2035 2115 2290 2184 faciens),

728 2194 840 2246 sive
873 2197 1109 2264 propriis
1165 2199 1440 2262 manibus,
1486 2202 1600 2255 sive
1629 2203 1780 2271 jussu
1811 2244 1827 2268 ,
1865 2206 1910 2260 si
1948 2208 2018 2261 sit
2068 2209 2288 2276 quidem

728 2286 984 2349 clericus,
1023 2288 1221 2356 deponi
1252 2289 1407 2357 jubet
1434 2333 1448 2354 ,
1489 2293 1571 2346 sin
1611 2309 1737 2347 vero
1770 2296 1963 2360 laicus,
1993 2299 2287 2367 segregari;

731 2377 831 2428 nisi
872 2379 1095 2433 morbus
1136 2382 1294 2435 alicui
1337 2383 1583 2438 incidens
1640 2401 1759 2438 eunt
1801 2389 1866 2439 ad
1924 2382 2286 2443 eisecandutn

730 2477 1085 2533 :egrotantem
1142 2474 1396 2540 encgerit.
1453 2474 1634 2542 Neque
1688 2479 1832 2530 enim
1888 2480 2287 2534 condemnandi

732 2573 858 2614 sunt
887 2565 1221 2628 sacerdotes,
1250 2569 1341 2634 qui
1373 2569 1565 2624 morbo
1598 2571 1908 2629 laborantes
1942 2575 2168 2627 castrari
2195 2574 2288 2642 ju-

733 2651 858 2703 In-nt
886 2671 896 2700 :
925 2669 1101 2722 neque
1130 2656 1275 2718 laici,
1308 2659 1401 2726 qui
1434 2662 1673 2729 propriis
1706 2665 1958 2718 manibus
1983 2665 2048 2717 ad
2076 2675 2289 2719 castra-

736 2739 936 2792 tinnent
987 2753 1232 2798 utuntur.
1284 2746 1396 2801 Hoc
1425 2751 1570 2802 enim
1627 2751 1798 2804 morbi
1833 2768 1953 2806 esse
1997 2755 2287 2818 medelam,

733 2844 839 2881 non
882 2841 1060 2884 autem
1121 2845 1386 2890 creatura:
1448 2839 1674 2894 insidias
1718 2843 1856 2905 ﬁeri,
1901 2845 1982 2897 vel
2012 2844 2289 2912 opiﬁcium

733 2920 930 2987 injuria
968 2924 1102 2977 allici
1143 2927 1542 2984 existimamus.

809 3014 935 3068 Vide
963 3018 1126 3070 etiam
1161 3018 1213 3071 in
1237 3019 1310 3073 19.
1331 3036 1450 3090 cap.
1482 3024 1674 3078 litlcrtr.
1698 3026 1757 3090 Γ,
1783 3026 1996 3096 synodi.
2015 3043 2065 3081 Vl
2089 3041 2209 3081 can.
2235 3029 2289 3082 5.

1334 3201 1493 3270 138
1518 3202 1692 3272 Leges-

805 3290 1067 3344 .lubenius
1099 3301 1157 3343 ut
1207 3294 1388 3348 nullus
1426 3296 1706 3352 Romanus
1741 3309 2040 3365 castretur,
2071 3316 2138 3354 ne
2169 3303 2292 3368 qui-

737 3381 854 3431 dem
890 3393 1041 3434 extra
1089 3381 1396 3438 Romanum
1453 3388 1652 3452 solum,
1695 3399 1748 3443 et
1787 3399 1843 3444 ut
1882 3392 2064 3445 nullus
2099 3393 2297 3446 Roma-

736 3486 862 3521 nuni
913 3481 1208 3525 castratum
1262 3485 1409 3530 emat
1445 3495 1458 3528 :
1493 3478 1585 3531 sed
1623 3488 1677 3532 et
1705 3495 1852 3544 eum,
1876 3483 1967 3549 qui
2013 3484 2293 3546 castravit,

735 3572 786 3614 et
841 3578 964 3614 cun
1021 3566 1110 3631 qni
1147 3565 1296 3627 emit,
1339 3575 1391 3620 et
1428 3569 1800 3636 tabcllionem,
1827 3582 1881 3626 et
1921 3573 2295 3640 publicanum,

736 3657 831 3718 qui
875 3656 1149 3723 vectigalis
1207 3657 1413 3725 aliquid
1470 3674 1567 3728 pro
1608 3676 1674 3715 eo
1730 3666 1958 3732 accepit,
1991 3665 2296 3732 puniendos

736 3762 875 3798 esse.
915 3747 1148 3800 Barbara
1201 3759 1381 3803 autem
1432 3753 1723 3821 mancipia,
1753 3770 1875 3823 quae
1904 3767 2062 3810 extra
2091 3755 2295 3810 Roma-

743 3855 868 3888 num
901 3840 1074 3890 solum
1128 3851 1461 3905 castrantur,
1489 3843 1647 3898 liceat
1690 3846 1945 3899 onmibus
1977 3848 2295 3901 mercatori-

743 3931 839 3979 luis
869 3939 918 3980 rt
950 3945 1130 3984 emere
1158 3941 1212 3985 et
1237 3934 1484 3988 vendere.
1514 3934 1569 3990 Si
1604 3937 1725 4004 quis
1771 3953 1960 3992 servus
1985 3955 2013 3993 a
2048 3937 2205 3994 nobis
2230 3940 2300 3993 sit

742 4031 1033 4083 castratos,
1068 4023 1247 4075 statim
1285 4025 1358 4077 illi
1391 4026 1696 4082 libertatem
1727 4029 1870 4094 dari,
1903 4029 2028 4084 licet
2055 4030 2123 4084 ob
2154 4047 2302 4084 mor-

745 4112 869 4162 liuut
903 4123 1172 4166 eastratus
1209 4115 1330 4168 fuit.
2156 4130 2158 4132 ⁷

812 4202 912 4266 Qui
947 4204 1015 4255 ob
1051 4205 1380 4273 voluptatem
1433 4209 1515 4262 vel
1557 4219 1919 4278 mercaturam
1953 4213 2171 4282 aliquos
2205 4228 2298 4267 ca-

741 4303 896 4354 strat,
917 4296 959 4347 si
990 4296 1058 4348 sit
1088 4298 1304 4365 quidem
1337 4300 1560 4364 nobilis,
1589 4302 1728 4356 bona
1758 4303 1876 4371 ejus
1903 4303 2253 4373 publicantur
2285 4321 2298 4368 ;

745 4383 988 4449 plebeius
1029 4400 1154 4436 vero
1183 4386 1364 4452 gladio
1394 4397 1456 4440 et
1480 4388 1666 4442 bestiis
1695 4390 1973 4458 objicitur.

815 4474 1155 4540 lmpt-ratmis
1211 4491 1338 4527 vero
1384 4476 1580 4531 Leonis
1631 4477 1908 4547 Saplentis
1941 4481 2153 4535 novella
2203 4497 2300 4534 eu-
2339 4486 2381 4539 D

743 4569 1010 4632 nuclium,
1037 4569 1127 4633 qui
1161 4568 1399 4635 legitime
1434 4570 1649 4624 mulieri
1687 4572 2041 4647 matrimonio
2070 4573 2304 4642 conjun-

744 4661 908 4722 gitur,
961 4661 1310 4714 scortationis
1350 4675 1523 4728 pana:
1568 4661 1764 4730 subjici
1808 4661 2003 4730 jubet,
2033 4670 2088 4716 et
2117 4677 2305 4715 sacer-

745 4749 949 4809 dutein,
1002 4749 1092 4816 qui
1145 4748 1370 4817 profane
1407 4749 1558 4803 illum
1617 4749 1915 4818 capulavit,
1977 4749 2306 4806 sacerdotali

745 4839 1009 4907 dignitate
1045 4840 1243 4904 privari
1280 4857 1291 4891 :
1327 4840 1787 4908 permittitautem
1817 4840 2106 4904 eunuchis,
2138 4855 2308 4909 quos—

749 4947 964 4998 cunque
995 4933 1186 4985 volunt
1225 4932 1481 5001 adoptare
1528 4939 1584 4985 et
1609 4931 1664 4985 in
1707 4931 1940 4992 ﬁliorum
1972 4941 2178 4988 sortem
2207 4933 2308 4986 eli-

748 5036 893 5092 gere.

1040 5110 1191 5164 CAP.
1224 5111 1440 5165 XXXV.
1468 5113 1542 5165 De
1566 5130 1775 5176 precum
1802 5116 2005 5170 ordine.

820 5203 1265 5272 Septuagesimus
1302 5205 1526 5271 quintus
1548 5214 1714 5259 sexta:
1743 5208 1933 5276 synodi
1973 5224 2170 5272 canon,
2201 5211 2312 5262 vult

754 5304 811 5349 ut
839 5295 932 5361 qui
969 5294 1021 5346 in
1075 5293 1304 5348 ecclesia
1344 5303 1638 5362 precantur
1670 5304 1723 5348 et
1747 5298 2006 5363 psallunt,
2031 5311 2134 5349 non
2167 5296 2315 5349 inor-

750 5386 920 5438 dinati
978 5385 1278 5448 accedant,
1313 5400 1483 5453 neque
1566 5385 1803 5440 intentas
1864 5387 2112 5442 emittant
2171 5387 2316 5440 voci-

749 5476 1071 5540 ferationes,
1103 5475 1197 5530 sed
1261 5490 1386 5529 cum
1447 5475 1683 5530 contrito
1736 5478 1936 5542 corde,
1967 5488 2019 5532 et
2073 5479 2315 5531 moribus

752 5568 1072 5636 compositis
1099 5609 1112 5630 ,
1145 5578 1198 5621 et
1235 5568 1431 5622 mentis
1482 5569 1799 5631 attentione,
1849 5583 2036 5637 preces
2077 5578 2131 5624 et
2174 5569 2316 5637 psal-

755 5659 968 5714 tuodias
1034 5672 1336 5728 peragant:
1397 5661 1538 5713 unde
1581 5671 1634 5713 et
1694 5660 1924 5715 internis
1963 5662 2208 5715 moribus
2263 5674 2315 5716 et

759 5759 982 5811 externa
1054 5752 1234 5822 specie
1296 5749 1390 5806 Dei
1447 5751 1827 5807 misericordia
1885 5756 1939 5807 in
1997 5763 2315 5824 peccatores

1901 375 2266 436 MATTHJEI
2309 379 2738 439 BLASTARIS

799 467 1106 524 Vicesimus
1155 485 1386 543 quartus
1430 479 1594 536 item:
1629 483 1845 548 Laicus,
1898 490 1989 557 qui
2046 492 2286 558 seipsuni
2319 497 2362 554 Α

3831 388 3974 452 1332

2475 494 2534 545 ὐ
2564 496 2621 545 δέ
2654 494 2752 547 κδ’·
2807 497 3004 556 Λαῐκὺς
3039 497 3226 548 ἑαυτὸν
3266 500 3706 566 ἀκρωτηριάσας,
3753 504 3832 563 είς
3865 505 3966 570 ἔτη

2399 585 2744 651 ἀφοριζέσθω
2789 586 2932 654 τρία,
2986 587 3060 648 ὼς
3111 588 3390 651 ἐπίϐουλος
3419 591 3518 656 τῆς
3547 593 3739 644 ἑαυτοῦ
3773 593 3918 660 ζωῆς
3947 611 3962 624 ·

2399 675 2572 738 ἄλλως
2621 695 2676 728 τε
2731 679 2822 729 καὶ
2863 681 2942 740 εἰς
2995 679 3208 747 ἀνδρῶν
3249 681 3408 745 φύσιν
3437 683 3530 734 τοῦ
3564 685 3698 737 Θεοῦ
3738 687 3968 749 τούτους

2395 767 2917 834 δημιουργήσαντος,
2950 772 3028 831 εἰς
3076 770 3270 837 ἐτέραν
3300 772 3584 825 ἀλλόκοτον
3631 777 3784 828 αὐτοὶ
3829 779 3964 829 ἐαυο

2395 859 2520 920 τοὺς
2554 860 3043 926 μεταπλάττουσιν,
3080 861 3219 914 ὥστε
3268 864 3406 931 μήτε
3439 866 3634 933 ἄνδρας
3661 866 3821 926 εἶναι,
3868 871 3967 921 καὶ

2397 953 2779 1033 σπερματικὴν
2811 951 2903 1002 καὶ
2927 952 3021 1003 τοῦ
3051 953 3239 1033 ὁμοίου
3266 955 3553 1023 γενετικὴν
3576 957 3805 1025 δύναμιν
3829 959 3967 1010 ἀπο-

2395 1027 2768 1108 ϐεϐληκότας(
2790 1043 2927 1110 μήτε
2975 1027 3254 1110 γυναῖκας,
3290 1045 3351 1097 οὐ
3375 1045 3483 1113 γάρ
3529 1047 3731 1100 τίκτειν
3775 1048 3964 1117 ἐχουσι

2397 1129 2580 1196 φύσιν.

2467 1223 2548 1275 Τά
2578 1221 2715 1275 αὐτά
2749 1221 2842 1273 καὶ
2868 1223 2896 1273 ό
2922 1221 2968 1274 α’
2993 1223 3090 1290 τῆς
3120 1222 3173 1274 α’
3195 1225 3414 1276 συνόδου
3438 1225 3619 1278 κανὼν
3640 1225 3963 1294 διορίζεται,

2395 1315 2486 1366 τὸν
2524 1316 2581 1364 ἐν
2630 1314 2768 1383 νόσῳ
2809 1314 2913 1366 ὑπὸ
2972 1315 3173 1382 ἰατρῶν
3231 1317 3714 1384 χειρουργηθέντα,
3767 1319 3799 1384 ἢ
3859 1319 3965 1368 ὑπὸ

2397 1405 2688 1473 βαρϐάρων
2719 1405 2828 1456 τῶν
2859 1405 3193 1472 παιδογόνων
3223 1407 3426 1476 μορίων
3453 1408 3839 1476 ἀφαιρεθέντα,
3863 1408 3962 1458 τοῦ

2395 1497 2596 1565 κλήρου
2638 1495 2712 1563 μὴ
2749 1497 3094 1548 διαπίπτειν·
3125 1498 3273 1560 ὅστις
3315 1515 3378 1564 γε
3412 1499 3487 1566 μὴ
3527 1500 3808 1563 ὑγιαίνων,
3836 1499 3963 1550 ἐπί-

2395 1588 2553 1654 τηδες
2594 1586 2848 1652 ἐξέτεμεν
2882 1587 3096 1650 ἐαυτὸν,
3133 1590 3321 1639 τοῦτον
3372 1589 3446 1657 μὴ
3476 1590 3558 1641 ὃτι
3598 1588 3959 1657 κληροῦσθαι,

2397 1679 2530 1730 ἀλλά
2554 1678 2649 1730 καὶ
2668 1678 2744 1745 τῷ
2772 1678 2959 1746 κλήρῳ
2984 1679 3387 1745 ἐξεταζόμενον,
3412 1679 3728 1740 ἐξωθεῖσθαι
3750 1695 3763 1707 ·
3794 1696 3964 1746 προε-

2399 1769 2573 1822 {scian
2598 1769 2655 1820 δέ
2679 1770 2756 1829 είς
2785 1768 2985 1837 κλῆρον
3012 1772 3139 1830 τοῦς
3170 1771 3276 1820 ὐπδ
3303 1769 3596 1838 βαρϐάρων
3619 1772 3652 1838 ἦ
3680 1769 3962 1821 δεσποτῶν

2396 1859 2861 1927 εὐνουχισθέντας,
2893 1862 2945 1911 εί
2969 1859 3335 1926 συμδαίνοντα
3354 1864 3420 1929 τῇ
3454 1861 3720 1930 ἱερωσύνῃ
3751 1861 3844 1911 καὶ
3873 1863 3961 1909 τὸν

2394 1949 2510 2017 βίον
2541 1949 2816 2017 μετιόντες
2837 1944 2970 2000 εἷεν.

2473 2041 2530 2091 '0
2561 2039 2616 2089 δὲ
2647 2038 2743 2105 τῆς
2791 2039 3092 2105 λεγομένης
3140 2037 3188 2088 α’
3221 2040 3312 2090 καὶ
3362 2037 3408 2107 β’
3438 2039 3652 2090 συνόδου
3701 2037 3882 2089 κανὼν
3907 2038 3959 2104 η’

2393 2132 2485 2181 καὶ
2517 2129 2604 2180 τὸν
2632 2129 2854 2196 ἐτέρους
2897 2129 3248 2195 ἐκτέμνοντα,
3299 2129 3373 2190 ὡς
3421 2127 3516 2195 τῆς
3563 2128 3655 2179 τοῦ
3697 2127 3832 2180 Θεοῦ
3868 2129 3958 2194 δη-

2395 2218 2685 2288 μιουργίας
2720 2218 2997 2286 ὑϐριστὴν,
3052 2218 3164 2270 εῐτε
3198 2219 3544 2288 αὐτοχειρίᾳ,
3582 2219 3690 2270 εἴτε
3735 2219 3795 2280 ἐξ
3837 2220 3958 2269 ἐπι-

2389 2313 2688 2378 τάγματος,
2722 2310 2981 2379 κληρικὸν
3008 2309 3106 2378 μὲν
3152 2309 3279 2360 ὄντα
3310 2309 3688 2377 καθαιρεῖσθαι
3716 2309 3954 2369 κελεύει,

2390 2402 2573 2453 λαῖκδν
2603 2400 2659 2452 δὲ
2703 2399 3064 2468 ἀφορίζεσθαι
3084 2414 3098 2426 °
3135 2400 3182 2449 εί
3215 2399 3398 2466 μήπου
3424 2398 3637 2466 νόσημά
3665 2415 3770 2448 τινι
3793 2413 3958 2465 προσ-

2391 2493 2556 2544 πεσὶν
2599 2492 2736 2561 πρὸς
2763 2491 2859 2559 τὴν
2889 2493 3128 2559 ἐκτομὴν
3148 2490 3242 2542 τοῦ
3265 2490 3593 2550 πεπονθότος
3615 2490 3953 2557 ἠνάγκασε-δ’

2390 2583 2512 2635 οὕτε
2545 2584 2653 2652 γὰρ
2688 2583 2869 2650 ἱερέας
2903 2583 3195 2645 αἰτιατέον,
3226 2585 3337 2643 τοῖς
3381 2581 3630 2632 νοσοῦσιν
3678 2581 3735 2644 ἐξ
3769 2583 3958 2631 ἐπιτα·

2391 2693 2599 2744 γματος
2649 2674 2976 2742 ἐφιστάντας
3034 2673 3123 2725 τὸν
3183 2672 3599 2740 εὐνουχίζοντα,
3671 2671 3791 2722 οὐτε
3850 2671 3957 2736 μὴν

2392 2766 2613 2827 λαῖκοὺς
2642 2765 2957 2834 αὐτοχειρίᾳ
2988 2763 3303 2832 χρωμένους
3324 2778 3338 2792 '
3368 2761 3525 2814 τοῦτο
3571 2761 3678 2828 γὰρ
3711 2761 3958 2828 ἰατρείαν

2391 2856 2486 2908 τοῦ
2517 2857 2842 2924 νοσήματος,
2886 2855 2998 2906 ἀλλ’
3028 2856 3131 2905 οὐκ
3158 2851 3448 2921 ἐπιϐουλὴν
3475 2851 3570 2904 τοῦ
3611 2851 3956 2918 πλάσματος,

2393 2951 2426 3018 ἢ
2456 2950 2556 3014 τῆς
2590 2948 2836 3010 πλάσεως
2865 2948 3020 3017 ὓϐριν
3041 2946 3393 3014 λογιζόμεθα.

2466 3038 2625 3106 Ζήτει
2657 3038 2753 3088 καὶ
2774 3038 2829 3088 ἐν
2859 3036 2935 3104 τῷ
2961 3036 3025 3086 ιθ¹
3051 3051 3173 3102 κεφ.
3200 3032 3292 3085 τοῦ
3321 3034 3358 3084 Γ
3391 3032 3653 3102 στοιχείου
3691 3031 3888 3082 κανόνα
3913 3037 3955 3079 ε’

2318 3151 2362 3210 C
2394 3130 2491 3198 τῆς
2520 3127 2571 3191 ς’
2609 3128 2851 3180 συνόδου.

3078 3215 3281 3282 Νόμοι.

2473 3307 2776 3373 Κελεύομεν
2803 3305 3002 3373 μηδένα
3045 3304 3326 3371 Ῥωμαίων
3361 3300 3779 3370 εὐνουχίζεσθαι,
3819 3301 3960 3367 μηδέ

2401 3398 2504 3461 ἔξω
2532 3398 2640 3448 τῶν
2679 3394 2964 3463 Ῥωμαίων
2995 3393 3116 3461 γῆς,
3152 3393 3285 3460 μηδὲ
3317 3392 3608 3459 ἀγοράζειν
3639 3390 3841 3458 μηδένα
3871 3389 3960 3440 τὸν

2399 3487 2809 3557 εὐνουχισθέντα
2842 3485 3112 3553 Ῥωμαῖον
3130 3502 3142 3514 ·
3172 3482 3305 3536 ἀλλὰ
3329 3483 3422 3536 καὶ
3437 3482 3527 3534 τὸν
3549 3482 3957 3548 εὐνουχίσαντα,

2401 3581 2495 3632 καὶ
2525 3581 2612 3630 τὸν
2646 3578 3010 3645 ἀγοράσαντα,
3045 3575 3136 3627 καὶ
3178 3575 3266 3627 τὸν
3301 3573 3828 3641 συμδολαιογράφον,
3862 3571 3956 3623 καὶ

2399 3673 2490 3725 sm
2527 3670 2763 3737 τελώνην
2797 3669 2884 3719 τὸν
2914 3667 3282 3734 κομισάμενον
3311 3665 3460 3723 τέλος
3491 3681 3543 3715 τι
3574 3665 3711 3731 ὐπέρ
3742 3663 3961 3723 τούτου,

2401 3757 2794 3826 τιμωρεῖσθαι·
2850 3756 2917 3806 τά
2963 3755 3018 3807 δὲ
3079 3753 3182 3816 ἔξω
3236 3752 3330 3804 τοῦ
3385 3751 3692 3820 Ῥωμαϊκοῦ
3732 3751 3963 3816 ἐδάφους

2402 3850 2818 3919 εὐνουχιζόμενα
2866 3847 3172 3916 ἀνδράποδα
3249 3846 3494 3916 βάρόαρα
3549 3846 3748 3908 ἐξεῖναι
3797 3845 3965 3895 πᾶσιν

2405 3943 2665 4011 ἐμπόροις
2713 3940 3004 4009 ἀγοράζειν
3043 3956 3111 4014 τε,
3151 3942 3242 3990 καὶ
3279 3938 3610 4007 πιπράσκειν
3638 3956 3649 3967 ·
3684 3937 3748 3989 ἂν
3790 3938 3847 3987 δέ
3883 3952 3967 3996 τις

2405 4037 2535 4103 παρ’
2589 4039 2719 4104 ἡμῖν
2763 4035 3081 4102 εὐνουχισθῇ
3139 4033 3342 4095 δοῦλος,
3398 4032 3596 4083 αὐτίκα
3643 4028 3815 4094 τούτῳ
3865 4027 3966 4096 τὴν

2407 4124 2716 4192 ἐλευθερίαν
2742 4124 2997 4179 δίδοσθαι,
3029 4122 3132 4173 κᾶν
3155 4121 3239 4172 διὰ
3269 4122 3421 4172 νόσον
3443 4118 3782 4185 εὐνουχισθῇ.

2488 4217 2548 4268 '0
2579 4216 2647 4270 δι’
2673 4215 2864 4284 ἡδονὴν
2890 4215 2922 4284 ἢ
2947 4215 3214 4282 ἐμπορίαν
3232 4209 3542 4279 εὐνουχίσας
3567 4211 3707 4269 τινα,
3739 4205 3969 4275 εὐγενὴς

2409 4310 2509 4378 μὲν
2547 4309 2644 4371 ὢν,
2674 4306 3007 4376 δημεύεται’
3050 4302 3269 4370 εὐτελὴς
3311 4303 3389 4366 δὲ,
3438 4303 3579 4367 ξίφει
3623 4301 3712 4351 καὶ
3760 4298 3969 4366 θηρίοις

2411 4400 2790 4453 ὑποϐάλλεται.

2488 4492 2554 4542 'll
2600 4489 2658 4541 δὲ
2708 4486 2876 4557 νεαρὰ
2926 4485 3021 4539 τοῦ
3061 4485 3321 4554 βασιλέως
3371 4484 3598 4544 Λέοντος
3645 4479 3738 4531 τοῦ
3797 4477 3970 4542 Σοροῦ

2409 4582 2499 4635 τὸν
2537 4579 2757 4648 γυναικὶ
2802 4578 2951 4648 νόμῳ
2981 4578 3158 4646 γάμου
3205 4575 3542 4645 συναφθέντα
3588 4570 3861 4639 εὐνοῦχον,
3903 4571 3970 4634 τῇ

2410 4672 2509 4740 τῆς
2538 4671 2792 4739 πορνείας
2826 4666 3144 4721 ὑποκεῖσθαι
3190 4665 3409 4718 κολάσει
3463 4660 3694 4722 κελεύει,
3739 4659 3832 4709 καί⁵
3881 4656 3974 4707 τὸν

2413 4764 2642 4834 άνιέρως
2687 4761 3108 4830 συναρμόσαντα
3152 4757 3301 4827 ίερέα
3356 4755 3455 4824 τῆς
3487 4750 3767 4822 ίερατικῆς
3811 4749 3971 4810 ἀξίας

2414 4850 2858 4922 ἀπογυμνοῦσθαι
2881 4866 2894 4880 ο
2925 4849 3110 4916 ἐφίησι
3145 4846 3200 4898 δὲ
3242 4847 3350 4903 τοῖς
3395 4843 3688 4910 εὐνούχοις,
3721 4839 3818 4899 οὓς
3850 4836 3974 4906 βού-

2412 4943 2594 4998 λονται
2626 4944 2906 5006 εἰσποιεῖν,
2937 4941 3031 4993 καὶ
3059 4941 3139 5002 είς
3171 4940 3363 5009 μοῖραν
3400 4936 3613 4990 τάττειν
3642 4932 3796 4984 υἱῶν.

2630 5119 2877 5172 ΚΕΦΑΑ.
2911 5115 3032 5170 AE'.
3062 5114 3198 5183 Περὶ
3236 5112 3430 5181 εὐχῶν
3459 5113 3760 5176 εὐταξίας.

2499 5215 2557 5265 Ὀ
2583 5212 2655 5264 σε’
2683 5211 2780 5278 τῆς
2822 5215 2873 5271 ς’
2901 5207 3120 5260 συνόδου
3157 5206 3336 5257 κανὼν
3377 5207 3500 5266 τοὺς
3560 5205 3887 5273 εὐχομένους
3925 5205 3979 5254 ἐν

2417 5300 2682 5370 ἐκκλησίᾳ⁵
2739 5301 2831 5352 καὶ
2873 5297 3176 5367 ψάλλοντας
3240 5295 3315 5364 μὴ
3376 5295 3642 5354 ἀτάκτους
3685 5295 3976 5362 προΐεσθαι

2420 5395 2512 5446 καὶ
2541 5389 2936 5459 ἐπιτεταμένας
2967 5389 3292 5456 ἐπισκήπτει
3325 5385 3526 5453 φωνάς,
3557 5384 3673 5436 ἀλλ’
3702 5386 3760 5435 ἐν
3796 5401 3983 5435 συντε-

2419 5483 2691 5554 τριμμένῃ
2737 5481 2950 5550 καρδίᾳ,
2986 5481 3079 5533 καὶ
3123 5478 3242 5548 ἤθει
3279 5477 3716 5546 κατεσταλμένῳ,
3757 5477 3850 5527 καὶ
3882 5475 3977 5528 νοῦ

2421 5578 2659 5645 προσοχῇ
2691 5574 2786 5636 τάς
2831 5572 2993 5640 εὐχάς
3042 5571 3308 5623 ποιεῖσθαι
3345 5570 3438 5622 καὶ
3466 5569 3805 5639 ψαλμῳδίας,
3835 5564 3981 5636 ἐφίῖ)

2419 5666 2496 5734 τῷ
2534 5682 2591 5718 τε
2619 5663 2768 5726 ἐντὸς
2808 5663 2947 5732 ἤθει,
2993 5661 3085 5714 καὶ
3109 5660 3187 5728 τῷ
3214 5661 3368 5721 ἐκτὸς
3408 5660 3557 5724 εῖδει,
3593 5657 3684 5709 τοῦ
3715 5658 3852 5710 Θεοῦ
3893 5663 3981 5710 τὶν

2421 5759 2567 5810 ἒλεον
2591 5755 2677 5807 ἐπὶ
2704 5756 2810 5817 τοῖς
2835 5752 3245 5824 ἡμαρτημένοις
3279 5750 3524 5806 ἐλκύσαι.
3560 5748 3821 5811 Εὐλασεῖς
3854 5751 3980 5818 γᾶζι,
