4214 6434
690 372 823 446 13i3

1115 485 1379 550 lNlTlUM
1422 487 1747 544 LlTTElhE
1795 492 1839 545 Ι.

915 602 1067 657 CAP.
1105 602 1144 657 Ι.
1186 603 1259 658 De
1287 605 1455 658 sacris
1479 606 1616 658 vasis
1650 614 1699 659 et
1734 604 2035 675 sacrilegia.

761 710 1209 779 Septuagesimus
1276 715 1550 768 secundus
1610 722 1932 769 sani-torum
1982 711 2263 781 apostolo-

692 816 834 858 rum.
869 814 925 854 ιιι
957 813 1011 855 et
1062 803 1161 865 75,
1195 819 1343 867 eum,
1371 805 1464 872 qui
1522 805 1591 859 ab
1642 806 1877 859 ecclesia
1933 820 2114 858 ceram
2178 803 2262 857 vel

690 893 871 948 oleum
922 895 1120 959 aufert,
1156 912 1317 964 porro
1357 907 1412 949 et
1456 897 1550 963 qui
1599 912 1693 949 vas
1750 895 2150 950 sanctificatum
2196 910 2260 948 ex

694 1000 834 1040 auro
880 989 961 1040 vel
996 996 1223 1057 argento
1256 989 1483 1052 factum,
1517 986 1600 1041 vel
1634 989 1860 1041 linteum
1896 986 1948 1040 in
1978 989 2261 1057 proprium

690 1089 851 1129 usum
888 1080 1176 1142 convertit,
1221 1090 1275 1132 et
1307 1094 1602 1133 commune
1634 1078 1792 1139 facit,
1825 1079 1868 1130 si
1902 1094 2007 1131 non
2042 1079 2265 1132 sacrile-

687 1167 797 1233 gii,
828 1175 1083 1237 tanquam
1136 1169 1361 1224 sceleris
1413 1178 1595 1223 autem
1651 1169 1934 1237 praemium
1976 1179 2263 1239 reportan-

690 1268 820 1321 tein,
849 1262 1217 1329 segregationi
1243 1263 1560 1330 subjiciunt.
1597 1260 1730 1314 Nam
1768 1262 1973 1328 Achar,
2004 1279 2125 1330 quae
2152 1263 2262 1316 Deo

689 1366 790 1403 nee
820 1352 999 1405 oblata
1044 1364 1218 1416 erant,
1255 1368 1353 1407 nec
1398 1354 1759 1419 sanctiﬁcata,
1794 1356 1886 1409 sed
1918 1356 2095 1408 solum
2138 1370 2262 1423 pro-

695 1441 885 1502 missa,
930 1444 1281 1503 subtrahens,
1311 1455 1588 1499 extremas
1633 1446 1782 1499 dedit
1821 1461 2011 1516 pinnas
2044 1446 2112 1500 ab
2138 1448 2264 1501 uni-

688 1544 844 1583 verso
876 1533 1076 1599 populo
1116 1533 1389 1602 lapidibus
1422 1535 1673 1586 obrutus.

758 1622 1013 1677 Decimus
1047 1640 1174 1678 vero
1219 1627 1407 1693 prima:
1446 1636 1500 1679 et
1550 1628 1814 1681 secundat
1855 1627 2011 1682 dieue
2044 1630 2261 1699 synodi,

686 1716 1068 1771 diliicidiorem
1116 1718 1308 1771 borum
1339 1735 1612 1775 canonum
1664 1721 2059 1789 interpretatus
2105 1738 2259 1776 men-

1870 377 2231 437 MATTliAst
2276 386 2699 438 BLAb'lAlUS

2294 510 2344 571 Δ

3803 372 3955 437 1344

2722 489 2911 544 ΑΡΧΗ
2953 492 3092 545 ΤΟΥ
3138 494 3156 547 1
3196 490 3586 546 ΣΤΟΙΧΕΙΟΥ.

2368 604 2616 659 ΚΕΦΑΛ.
2660 607 2736 659 A'.
2780 607 2919 673 Περὶ
2954 606 3127 673 ἱερῶν
3167 604 3409 660 σκευῶν
3442 605 3539 659 καὶ
3575 605 3951 672 ἱεροσυλίας.

2446 719 2505 772 '0
2528 718 2605 787 οβ’
2633 719 2744 772 τῶν
2778 720 2952 788 ἀγίων
2975 719 3307 786 ζάποστόλων
3339 719 3543 781 κανὼν,
3571 718 3709 772 ἀλλά
3736 718 3802 784 δὴ
3850 725 3954 769 και

2365 816 2392 867 ὁ
2438 812 2516 880 ογ¹
2550 812 2644 867 τὸν
2685 816 2793 868 ἀπὸ
2848 814 2947 884 τῆς
2978 814 3280 883 ἐκκλησίας
3319 814 3651 882 ἀφελόμενον
3689 811 3885 879 κηρὸν,
3916 811 3951 879 ἢ

2367 904 2563 971 ἔλαιον,
2596 906 2677 959 ἐτι
2722 907 2777 960 δὲ
2823 905 3013 970 σκεῦος
3070 906 3358 970 ἀγιασθέν,
3391 903 3602 974 χρυσοῦ
3632 903 3666 974 ἢ
3700 903 3953 973 ἀργύρου

2367 1000 2758 1070 πεποιημένον,
2785 1000 2819 1070 ἢ
2844 998 3041 1069 ὀθόνην
3066 999 3146 1062 είς
3176 998 3386 1051 οἰκείαν
3415 1000 3612 1067 χρῆσιν
3630 994 3954 1065 σφετεριζό-

2369 1107 2528 1159 μενον
2561 1090 2655 1143 καὶ
2686 1089 2997 1155 κοινοῦντα,
3034 1090 3150 1159 εἴγε
3186 1091 3262 1161 μὴ
3298 1088 3630 1160 ἱεροσυλίας.
3664 1089 3739 1149 ὡς
3775 1086 3821 1138 δ’
3856 1085 3957 1139 οὖν

2366 1183 2718 1253 παρανομίας
2751 1183 2909 1247 δίκας
2955 1184 3250 1251 ὑπέχοντα,
3282 1181 3577 1251 ἀφορισμῷ
3612 1179 3959 1232 ὑποϐάλλου-

2366 1288 2473 1325 σιν.
2514 1274 2573 1325 '0
2612 1275 2790 1343 Ἀχσρ
2818 1273 2895 1336 δέ,
2945 1275 3037 1325 καὶ
3074 1273 3218 1341 ἅπερ
3266 1271 3481 1324 οὐδέπω
3516 1269 3637 1339 Θεῷ
3677 1270 3961 1337 προσήνε-

2366 1378 2516 1422 κται,
2552 1361 2676 1414 οὑτε
2738 1362 2847 1431 μὴν
2896 1362 3170 1430 ἡγίασται,
3211 1359 3348 1414 ἀλλά
3402 1358 3565 1427 μόνον
3608 1356 3959 1426 ἐπήγγελται

2367 1450 2719 1520 ὑφελόμενος,
2750 1452 2849 1521 τὴν
2887 1452 3125 1522 ἐσχάτην
3153 1450 3319 1503 ἔδωκε
3359 1450 3519 1519 δίκην
3557 1446 3959 1509 καταλευσθεὶς

2368 1543 2672 1612 παγγενής.

2449 1633 2507 1687 '0
2536 1634 2591 1686 δέ
2628 1632 2657 1686 ι’
2695 1634 2797 1703 τῆς
2827 1632 3132 1703 λεγομένης
3176 1632 3225 1687 α’
3255 1633 3350 1685 καὶ
3380 1631 3424 1702 β’
3455 1630 3697 1694 συνόδου,
3726 1628 3962 1698 ἐκδηλό-

2365 1738 2525 1793 τερον
2576 1725 2688 1776 τῶν
2724 1725 2970 1778 κανόνων
3006 1725 3234 1776 τουτωνὶ
3284 1724 3375 1775 τὸν
3423 1722 3549 1774 νοῦν
3602 1721 3959 1790 ἑρμηνεύων.

690 1820 795 1862 tein
828 1847 841 1872 ,
902 1812 1027 1876 Eos,
1061 1812 1259 1880 inquit,
1291 1814 1383 1880 qui
1414 1828 1542 1868 vasa
1573 1814 1656 1867 vel
1702 1826 1881 1868 vestes
1907 1825 2057 1868 extra
2089 1817 2260 1870 altare

2371 1815 2509 1877 Τοὺς
2538 1814 3032 1885 σφετεριζομένους
3061 1815 3130 1868 τὰ
3155 1816 3334 1877 ἐκτὸς,
3358 1815 3511 1883 φησὶ,
3535 1813 3628 1865 τοῦ
3658 1813 3962 1878 θυσιαστη-

686 1902 750 1952 :id
786 1902 1064 1969 proprium
1110 1918 1269 1955 usum
1303 1914 1650 1963 convertunt,
1679 1920 1800 1972 qua:
1830 1904 1895 1957 ad
1928 1904 2114 1972 templi
2164 1920 2254 1958 or-

687 2001 869 2043 natum
925 1991 1264 2047 sanctiﬁcata
1325 1993 1567 2058 fuerunt,
1596 1996 1848 2048 lucernas
1899 1995 2055 2049 verbi
2096 2012 2146 2049 c.
2178 1998 2258 2050 vel

687 2085 961 2147 aiilaza,et
996 2086 1060 2138 ad
1116 2101 1272 2138 nsum
1326 2086 1616 2154 profanum
1680 2087 1782 2141 sibi
1834 2088 1966 2155 ipsis
2007 2087 2090 2142 vel
2138 2089 2262 2143 aliis

688 2178 1204 2238 :ccomodaverint,
1243 2178 1576 2245 apostolicus
1631 2196 1806 2234 canon
1858 2189 2148 2249 segregat,
2209 2190 2263 2234 et

690 2280 790 2317 nos
848 2280 952 2318 una
1002 2280 1376 2334 segregamus.
1424 2267 1529 2323 Eos
1588 2279 1801 2333 autem,
1862 2270 1955 2339 qni
2008 2280 2258 2324 sanctum

687 2356 939 2422 calicem,
966 2358 1049 2413 vel
1078 2359 1313 2421 discum,
1337 2361 1415 2412 vel
1449 2361 1741 2430 forcipem,
1774 2362 1854 2415 vel
1883 2363 2259 2417 venerandum

688 2448 1091 2510 indumentum,
1125 2450 1204 2503 vel
1253 2465 1432 2503 aerem
1463 2451 1666 2506 dictum
1724 2454 1795 2520 (id
1831 2463 1908 2507 est
1932 2454 2259 2520 sudaiium),

687 2542 795 2605 vel,
836 2550 894 2594 ut
924 2544 1238 2596 summatim
1271 2544 1489 2609 dicam,
1520 2560 1687 2599 unum
1740 2546 1961 2611 aliquod
1990 2560 2053 2599 ex
2090 2548 2265 2601 sacris

687 2633 833 2685 vasis
855 2644 910 2685 et
943 2636 1085 2685 intra
1120 2634 1310 2686 altaria
1349 2650 1503 2688 sacra
1558 2635 1940 2699 sanetilicatis,
1978 2636 2056 2689 vel
2101 2636 2265 2689 vesti-

685 2734 868 2779 menta
901 2726 953 2779 in
984 2729 1264 2796 proprium
1298 2728 1529 2791 lucrum,
1572 2728 1856 2797 diripiunt,
1888 2728 1970 2781 vel
2008 2730 2061 2781 in
2104 2744 2262 2782 usum

688 2816 981 2886 profanum
1034 2805 1359 2872 convertunt
1415 2819 1545 2883 (hoc
1599 2821 1745 2872 enim
1802 2827 1885 2872 est
1940 2818 2262 2888 profanare,

688 2909 819 2963 illud
877 2925 1006 2964 vero
1042 2911 1326 2979 surripere
1388 2909 1593 2979 sacra),
1628 2910 1898 2963 absoluta:
1934 2910 2265 2981 depositioni

686 3000 1030 3066 subjicimus,
1071 3011 1128 3053 ut
1170 3001 1262 3069 qni
1296 3001 1523 3069 impium
1550 3014 1687 3067 Opus
1718 2998 1988 3052 fecerunt.

757 3094 822 3147 Ει
850 3108 1080 3154 nia-mus
1116 3092 1413 3161 Gregorius
1442 3090 1720 3163 Nysseniis
1742 3092 1795 3145 in
1821 3100 2017 3145 octavo
2047 3104 2149 3143 suo
2172 3104 2266 3142 ca-

2368 1908 2484 1978 ρὶου
2544 1907 2714 1979 σκεύη
2853 1909 3055 1975 ἀμφια,
3089 1907 3129 1961 ἀ
3162 1907 3226 1978 δὴ
3266 1907 3404 1975 πρὸς
3439 1907 3642 1975 κόσμον
3686 1904 3796 1957 τοῦν
3820 1904 3979 1958 ναοῦ-

2365 1998 2694 2065 ἀφιέρωται,
2725 1997 2947 2067 λυχνίας
2976 1998 3157 2066 τυχὸν,
3188 1997 3220 2066 ἢ
3257 1996 3487 2059 ἔπιπλα,
3517 1997 3609 2048 καὶ
3636 1997 3718 2057 εἱς
3749 1995 3961 2064 χρῆσιν

2364 2089 2585 2156 ἀνίερον
2611 2089 2827 2150 ἑαυτοῖς
2854 2088 2886 2157 ἢ
2914 2087 3126 2156 ἐτέροις
3147 2086 3511 2154 παρέχοντας,
3538 2087 3566 2137 ό
3590 2086 3961 2149 ἀποστολικὸς

2364 2178 2621 2248 ἀφορίζει
2679 2180 2882 2244 κανὼν,
2944 2178 3041 2231 καὶ
3100 2178 3262 2245 ἡμεῖς
3323 2176 3779 2244 συναφορίζομεν.
3813 2176 3963 2238 Τοὺς

2368 2271 2553 2340 μέντοι
2585 2270 2645 2323 τὸ
2673 2271 2831 2334 ἆγιον
2861 2270 3148 2339 ποτήριον,
3181 2268 3214 2336 ἢ
3246 2266 3337 2321 τὸν
3367 2268 3574 2330 δίσκον,
3606 2269 3639 2337 ἢ
3669 2268 3769 2338 τὴν
3799 2266 3963 2321 λασί-

2365 2363 2456 2425 δα,
2487 2363 2519 2433 ἢ
2550 2363 2652 2432 τὴν
2681 2363 2986 2433 σεϐασμίαν
3009 2362 3252 2432 ἐνδυτὴν,
3280 2361 3313 2432 ἦ
3345 2360 3435 2413 τὸν
3464 2359 3763 2428 λεγόμενον
3790 2360 3959 2430 ἀέρα,

2367 2454 2398 2524 ἢ
2433 2453 2621 2517 ἀπλῶς
2668 2454 2729 2508 έν
2761 2473 2813 2508 τι
2855 2453 2963 2507 τῶν
3003 2455 3062 2506 ἐν
3095 2453 3171 2523 τῷ
3201 2454 3345 2522 ἀγίῳ
3377 2451 3756 2522 θυσιαστηρίῳ
3791 2452 3961 2520 ἱερῶν

2366 2546 2462 2598 καὶ
2496 2545 2671 2610 ἁγίων
2716 2544 2993 2613 σκευῶνῆ
3032 2544 3437 2612 ἀμφιεσμάτων
3470 2545 3549 2605 εἱς
3588 2543 3723 2594 [διον
3762 2542 3961 2610 κέρδος

2370 2636 2821 2707 ὑφαρπάζοντας,
2853 2637 2886 2707 ἢ
2937 2638 3019 2694 εἰς
3049 2638 3245 2706 χρῆσιν
3277 2635 3598 2704 χρωμένους
3628 2633 3845 2701 ἀνίερον
3873 2632 3962 2700 (τὸ

2374 2727 2473 2795 μὲν
2508 2728 2615 2795 γάρ
2652 2728 2769 2779 ἐστι
2819 2726 3153 2797 βεϐηλῶσαι,
3193 2725 3252 2778 τὸ
3296 2726 3372 2790 δὲ,
3411 2725 3643 2794 συλῆσαι
3681 2724 3752 2777 τά
3777 2722 3958 2791 ἅγια),

2368 2818 2629 2871 παντελεῖ
2671 2819 2992 2889 καθαιρέσει
3026 2818 3545 2888 καθυπο6ἀλλομεν,
3581 2817 3659 2880 ὡς
3693 2816 3961 2879 δυσσεϐὲς

2369 2909 2530 2979 ἔργον
2554 2911 3055 2980 διαπραξαμένους.

2452 3098 2515 3148 '0
2543 3095 2600 3148 δέ
2629 3094 2854 3164 Νὑσσης
2901 3094 3073 3163 μέγας
3102 3092 3427 3164 Γρηγόριος,
3464 3092 3523 3144 ἐν
3553 3090 3632 3159 τῷ
3658 3098 3707 3161 η’
3744 3091 3957 3157 κανόνι,

691 3200 856 3250 none,
884 3186 1267 3254 Sacrilegiuin,
1295 3186 1391 3245 ait,
1438 3184 1490 3237 in
1541 3183 1724 3236 divina
1764 3192 1814 3237 et
1867 3183 2091 3249 antiqua
2119 3180 2269 3234 Scri-

2383 3188 2447 3240 Ἦ
2484 3188 2781 3257 ἱεροσυλία,
2816 3187 2976 3256 φησὶ,
3003 3186 3154 3256 παρά
3185 3186 3284 3253 μὲν
3332 3187 3397 3254 τῇ
3442 3184 3647 3255 ἀρχαία
3687 3186 3786 3236 καὶ
3832 3183 3959 3253 θείᾳ

689 3288 872 3345 plura,
895 3277 1057 3329 eahlis
1089 3275 1306 3343 quidem
1341 3272 1801 3328 condemnatione
1833 3288 1941 3325 non
1978 3271 2152 3325 visum
2188 3281 2269 3324 est

690 3368 997 3438 indignum.
1048 3366 1311 3421 Similiter
1362 3365 1507 3419 enim
1549 3375 1604 3418 et
1650 3365 1743 3433 qui
1785 3362 1948 3417 caedis
1987 3363 2269 3417 convictus

689 3469 831 3524 erat,
858 3469 911 3512 et
940 3459 1028 3527 qui
1061 3453 1149 3513 res
1177 3457 1283 3511 Deo
1316 3456 1597 3512 dedicatas
1624 3456 1945 3521 abstulerat,
1982 3454 2268 3523 lapidatio-

691 3555 777 3607 nis
830 3552 1153 3620 supplicium
1217 3550 1459 3604 subibat.
1495 3548 1880 3605 Ecclesiastica
1915 3559 2097 3603 autent
2137 3564 2271 3603 con-

691 3647 925 3698 suetudo
970 3644 1215 3705 lenitate,
1254 3643 1441 3695 nescio
1496 3641 1795 3710 quomodo.
1834 3650 2019 3705 utens,
2067 3642 2271 3695 tolera-

692 3736 855 3787 bilius
913 3735 1060 3788 illius
1120 3734 1293 3787 morbi
1360 3733 1634 3803 piaculum
1713 3732 2074 3787 existimavit.
2132 3731 2269 3787 Nam

695 3826 933 3879 breviori
991 3834 1237 3894 tempore
1285 3824 1581 3894 sacrilegos
1628 3839 1793 3893 quam
1858 3824 2134 3879 adulteros
2166 3841 2270 3894 pu-

694 3918 891 3981 nivit;
956 3917 1234 3971 adulteros
1291 3927 1477 3971 autem
1526 3918 1594 3972 18
1667 3933 1838 3973 annos
1925 3932 1954 3971 a
2026 3932 2271 3971 commu-

694 4008 857 4061 nione
911 4010 1151 4076 expellit.
1195 4009 1437 4064 Consule
1498 4009 1552 4061 in
1619 4008 1687 4063 16
1748 4009 1925 4079 capite
1985 4009 2178 4063 littera:
2227 4008 2270 4063 E

694 4115 819 4153 can.
856 4101 891 4151 2
916 4101 1087 4154 sancti
1145 4100 1430 4168 Cyrilli,et
1462 4116 1582 4169 quae
1615 4100 1685 4155 ibi
1714 4102 1907 4171 positae
1935 4111 2061 4157 sunt
2092 4102 2269 4172 legum

695 4202 854 4260 caput
887 4191 942 4247 4.

1389 4304 1571 4375 Leges.

767 4419 1049 4489 StCl'llt‘gil
1095 4420 1300 4473 eriincii
1356 4418 1534 4473 simile
1577 4426 1663 4471 est
1697 4417 1914 4471 crimini
1965 4416 2105 4471 liesze
2158 4432 2267 4469 ma-

689 4514 925 4582 jo-statis.

767 4608 964 4658 Contra
1025 4607 1169 4658 illum
1231 4604 1501 4671 saerilegii
1547 4603 1690 4657 actio
1736 4613 2025 4667 ui0vctur,
2061 4607 2154 4674 qui
2203 4623 2267 4662 cx

700 4701 864 4752 rebus
921 4698 1093 4751 sacris
1140 4697 1342 4763 aliquid
1400 4695 1710 4755 abstulerit,
1764 4705 1815 4747 et
1882 4696 1933 4747 in
1988 4698 2266 4765 p'opriuin

701 4807 858 4843 usum
892 4788 1245 4848 converterit,
1276 4786 1359 4839 vel
1394 4787 1486 4855 qui
1521 4787 1713 4838 borum
1739 4784 1942 4855 aliquid
1966 4786 2093 4841 dolo
2128 4787 2270 4842 malo

695 4882 878 4937 facere.
904 4892 1197 4948 aggressus
1224 4887 1331 4930 est.

772 4971 929 5042 145
952 4971 1052 5036 Qui
1078 4968 1283 5038 aliquid
1309 4968 1415 5023 Deo
1440 4967 1679 5022 nondum
1703 4967 2010 5022 dedicatum
2038 4967 2271 5034 furatur,

701 5074 964 5131 tanquam
1002 5063 1089 5117 fur
1128 5062 1346 5117 actione
1384 5070 1602 5114 tenetur
1638 5080 1650 5115 :
1692 5076 1819 5114 nam
1851 5076 1937 5115 res
1972 5063 2213 5130 privatas
2242 5079 2272 5118 a

703 5156 904 5223 templo
939 5156 1238 5223 surripere,
1265 5154 1611 5221 sacrilegium
1638 5169 1745 5207 non
1780 5164 1885 5217 est,
1913 5156 2007 5209 sed
2044 5156 2270 5209 furtum.

702 5247 805 5312 Qui
832 5260 1011 5300 autem
1043 5246 1151 5300 Deo
1183 5256 1508 5301 consecrata
1540 5246 1775 5310 furatur,
1817 5247 1940 5301 licet
1969 5262 2031 5301 ex
2066 5248 2275 5316 privato

712 5342 835 5394 loco
870 5338 1083 5395 furatus
1118 5348 1223 5403 est,
1259 5339 1529 5409 sacrilegii
1560 5349 1794 5394 tenetur.
1829 5339 2099 5405 Quoniam
2128 5341 2272 5392 enim

706 5442 836 5486 sunt
882 5433 1130 5500 quaedam
1176 5447 1333 5486 sacra
1370 5433 1478 5485 Deo
1527 5446 1634 5485 non
1668 5440 2011 5491 consecrata,
2059 5441 2115 5484 et
2150 5439 2278 5485 sent

710 5524 1000 5590 imagines,
1038 5541 1156 5593 quae
1186 5524 1252 5577 ad
1289 5540 1387 5578 nos
1417 5526 1667 5592 privatim
1702 5524 2001 5587 pertinent,
2032 5523 2275 5576 nonduin

708 5615 928 5682 templis
967 5615 1051 5668 \el
1117 5614 1470 5669 monasteriis
1507 5615 1786 5676 dedicatae,
1840 5614 1962 5667 ideo
1997 5613 2133 5667 dicit
2169 5613 2277 5677 lex,

711 5707 885 5761 locum
932 5708 1111 5763 faciere
1169 5708 1370 5763 furtum
1434 5710 1515 5763 vel
1578 5707 1946 5776 sacrilegium.
1992 5706 2127 5760 Nam
2182 5706 2273 5775 qui

711 5808 957 5855 sanctam
1019 5800 1331 5871 imaginum,
1387 5817 1506 5871 quin
1569 5802 1618 5854 in
1681 5811 1863 5853 nostra
1915 5797 2107 5852 cellula
2175 5807 2276 5861 cst,

2373 3282 2566 3351 Γραφῇ
2618 3282 2739 3333 οὑδέ
2807 3279 3066 3349 ἐνομίσθη
3129 3279 3228 3345 τῆς
3280 3278 3509 3347 φονικῆς
3566 3278 3961 3347 κατακρίσεως

2370 3372 2739 3441 ἀνεκτότερα·
2772 3372 2973 3440 ὁμοίως
3000 3372 3109 3439 γὰρ
3139 3373 3166 3425 ὃ
3197 3388 3254 3423 τε
3294 3372 3443 3440 φόνῳ
3478 3370 3663 3433 ἁλοὺς,
3695 3374 3793 3423 καὶ
3829 3373 3857 3423 ό
3891 3370 3961 3425 τὰ

2374 3468 2714 3521 ἀνατεθέντα
2754 3466 2829 3535 τῷ
2868 3465 2988 3535 Θεῴ
3018 3464 3370 3533 ὑφελόμενος,
3398 3465 3501 3533 τὴν
3528 3464 3616 3517 διὰ
3648 3465 3759 3516 τῶν
3792 3464 3961 3517 λίθων

2370 3559 2645 3629 τιμωρίαν
2694 3559 2942 3625 ἐπέσχον.
2987 3558 3047 3610 Ὀ
3091 3558 3147 3609 δὲ
3180 3558 3276 3626 τῆς
3302 3557 3631 3626 Ἐκκλησίας
3671 3557 3958 3626 συνήθεια,

2374 3649 2779 3716 συγκαταῦἀσει
2807 3651 2907 3700 οὒκ
2952 3642 3049 3699 οἷδ’
3075 3649 3225 3709 ὅπως
3270 3649 3619 3717 χρησαμένη,
3658 3648 3961 3699 ἀνεκτότε-

2375 3758 2468 3809 ρον
2533 3740 2593 3791 in
2642 3740 2740 3807 τῆς
2790 3738 3046 3805 τοιαύτης
3092 3740 3248 3790 νόσου
3294 3738 3593 3806 καθάρσιον
3629 3737 3958 3804 ἐλογίσατο³

2372 3832 2618 3883 ἐλάττονι
2657 3828 2767 3899 γὰρ
2792 3829 2970 3898 χρόνῳ
3000 3829 3125 3890 τους
3163 3827 3468 3897 ἱεροσύλους
3498 3829 3530 3896 ἢ
3565 3829 3693 3887 τοὺς
3730 3828 3961 3896 μοιχοὺς

2370 3922 2667 3975 ἐκολάσατο
2695 3937 2707 3951 ·
2745 3921 2870 3981 τοὺς
2903 3915 2995 3972 οὖν
3025 3921 3249 3988 μοιχοὺς
3282 3920 3361 3981 εἱς
3388 3918 3456 3985 ιη’
3496 3919 3590 3988 ἐτη
3628 3919 3727 3986 τῆς
3759 3935 3960 3970 κοινωσ-

2371 4015 2492 4073 νίας
2520 4012 2797 4081 ἀπείργει.
2834 4011 2997 4078 Ζήτει
3021 4012 3116 4061 καὶ
3150 4011 3206 4061 ἐν
3232 4008 3309 4076 τῷ
3342 4008 3417 4072 ις’
3443 4026 3566 4075 κεφ.
3590 4008 3684 4060 τοῦ
3718 4008 3759 4060 Ε
3784 4026 3960 4076 στοιχ.

2372 4105 2575 4157 κανόνα
2609 4103 2651 4172 β’
2692 4101 2788 4155 τοῦ
2821 4102 2979 4164 ἁγίου
3012 4102 3305 4169 Κυριλλου,
3352 4100 3447 4152 καὶ
3484 4100 3593 4151 τῶν
3624 4101 3805 4151 ἐκεῖσε
3839 4116 3961 4150 κει-

2378 4195 2558 4265 μένων
2579 4195 2760 4264 νόμων
2784 4192 2845 4245 τὺ
2874 4194 2916 4244 δ’
2946 4194 3267 4261 κεφάλαιον.

3057 4307 3262 4374 Νόμοι.

2445 4423 2519 4474 Τὸ
2551 4424 2679 4490 περὶ
2708 4422 3020 4491 ἱεροσυλίας
3072 4420 3326 4488 ἔγκλημα
3353 4420 3541 4486 ὅμοιόν
3580 4419 3696 4470 ἐστι
3735 4417 3811 4485 τῷ
3856 4418 3959 4480 τῗς

2304 4524 2351 4582 D
2378 4516 2792 4577 καθοσιώσεως.

2457 4611 2514 4662 Ὀ
2547 4609 2675 4676 περὶ
2710 4609 2809 4675 τῆς
2838 4606 3146 4675 ἱεροσυλίας
3195 4606 3428 4656 κινεῖται
3474 4605 3637 4669 νόμος
3678 4603 3825 4654 κατά
3858 4601 3955 4653 τοῖο

2374 4700 2704 4769 ὑφελομὶνου
2742 4703 2803 4752 ἐκ
2842 4699 2950 4752 τῶν
2985 4699 3145 4766 ἱερῶν
3169 4698 3489 4766 χρημάτων,
3525 4695 3557 4764 ἡ
3596 4697 3954 4764 χρησαμένου

2373 4792 2585 4852 τούτοις
2630 4792 2710 4853 εἰς
2750 4790 2885 4853 ἱδίας
2925 4786 3199 4858 χρείας,ἢ
3244 4791 3779 4857 παρασκευάσαντος
3809 4788 3957 4841 κατά

2379 4888 2533 4941 δόλον
2556 4886 2812 4955 γενέσθαι
2840 4902 2893 4938 τι
2919 4884 3153 4938 τούτων.

2464 4980 2523 5032 'U
2554 4980 2803 5030 κλέπτων
2828 4978 2890 5029 τὸ
2914 4977 3083 5046 μήπω
3104 4976 3223 5044 Θεῷ
3244 4975 3601 5045 καθιερωθὲν.
3624 4976 3698 5036 ὡς
3715 4976 3955 5047 κλέπτης

2378 5064 2631 5133 ἐνάγεται
2653 5081 2668 5096 ⁶
2702 5064 2763 5117 τὸ
2801 5064 2911 5135 γὰρ
2935 5062 3227 5131 ὑφελέσθαι
3258 5064 3363 5115 ἀπὸ
3392 5063 3485 5115 τοῦ
3513 5062 3661 5128 laps?)
3694 5066 3954 5133 χρήματα

2381 5154 2629 5208 ἰδιωτικὰ
2682 5155 2783 5207 οὑκ
2814 5154 2966 5207 ἐστιν
3002 5154 3301 5224 ἱεροσυλία,
3329 5153 3464 5207 ἀλλὰ
3495 5154 3704 5222 κλοπή·
3734 5156 3762 5207 ὁ
3800 5155 3856 5207 δέ
3887 5156 3955 5208 τὲ

2376 5243 2773 5313 ἀνατεθειμὲνα
2822 5243 2900 5311 τῷ
2933 5243 3055 5315 Θεῷ
3103 5243 3371 5306 κλέπτων,
3430 5246 3532 5297 κᾶν
3580 5243 3640 5309 ἐξ
3680 5244 3953 5299 ίδιωτικοῦ

2376 5337 2547 5389 τόπου
2584 5335 2781 5407 κλέψῃ,
2837 5337 2911 5396 (τις
2948 5335 3224 5406 ἱερόσυλος
3251 5334 3513 5404 ἐνέχεται.
3561 5335 3714 5389 Ἐπεὶ
3745 5336 3803 5388 δέ
3847 5338 3953 5389 εἱσὶ

2379 5445 2501 5481 τινα
2538 5428 2660 5497 ἱερά
2710 5429 2785 5499 μὴ
2816 5428 3215 5497 ἀνατεθειμένα
3254 5428 3332 5498 τῷ
3364 5428 3507 5495 Θεῷ,
3542 5428 3617 5490 ὡς
3656 5428 3723 5481 τὰ
3773 5429 3955 5492 ίδικῶς

2380 5522 2515 5591 ἡμῖν
2552 5520 2879 5591 διαφέροντα
2908 5520 3284 5589 είκονίσματα,
3315 5519 3485 5589 μήπω
3524 5519 3675 5582 ναοῖς
3714 5519 3748 5588 ἢ
3786 5538 3955 5589 μονα-

2383 5615 2623 5686 στηρίοις
2646 5614 2992 5679 ἀνατεθέντα,
3023 5610 3165 5667 κατᾶ
3191 5612 3349 5666 τοῦτό
3379 5628 3547 5682 φησιν
3576 5615 3604 5665 ό
3640 5613 3829 5682 νόμος,
3865 5616 3955 5667 τὸν

2382 5706 2547 5759 τόπον
2599 5710 2777 5760 ποιεῖν
2820 5708 2919 5776 τὴν
2960 5706 3171 5775 κλοπὴν
3208 5705 3241 5775 ἢ
3286 5706 3386 5775 τὴν
3416 5704 3752 5773 ἱεροσυλίαν·
3780 5710 3809 5759 ό
3849 5708 3953 5777 γαρ

2386 5800 2485 5869 τὴν
2536 5802 2592 5852 ἐν
2647 5800 2723 5869 τῷ
2772 5800 2999 5869 οἱγὶσκῳ
3024 5799 3182 5869 ἡμῶν
3209 5796 3374 5852 οὖσαν
3416 5797 3584 5864 ἁγίαν
3618 5797 3801 5851 εἰκόνα
3836 5800 3950 5852 κλέ-
