4214 6434
247 396 391 459 1355

1262 402 1658 460 SYNI‘AGMA
1702 400 2291 461 ALPUABEI’ICLWI
2362 430 2393 433 π
2460 405 2503 459 K

3348 399 3487 466 1366

324 513 389 564 Of
410 513 474 565 ικ
518 514 625 566 τῶν
649 513 827 567 αὐτῶν
872 513 1074 581 γονέων
1110 511 1304 576 φύντες
1351 509 1567 575 ἀδελφοὶ
1597 509 1819 575 πρώτην
1851 515 1892 566 Α

1851 515 1892 566 Α
1995 509 2212 563 Ριυιιιιηιδ
2246 529 2305 560 ex
2348 514 2536 561 iisdem
2573 510 2888 574 parentibus
2924 508 3031 560 nati
3056 548 3067 565 .
3102 516 3160 564 ut
3192 507 3375 564 fratris
3406 512 3494 566 sui

246 602 438 665 {lauat
464 604 613 666 τάξιν
659 607 738 667 είς
763 604 823 657 τὸ
845 602 1252 670 κληρονομῆσαι
1284 601 1373 651 τὸν
1408 599 1536 650 ῖδιον
1562 599 1787 663 ἀδελφόν
1807 614 1819 626 ·

246 693 389 745 ἀλλά
422 694 486 762 δὴ
515 695 609 749 καὶ
638 698 686 747 οῑ
721 697 908 758 παῖδες
950 693 1042 746 τοῦ
1069 692 1431 749 ἀποθανιὶντος
1465 690 1718 755 ἀδελφοῦ,
1758 692 1820 741 οὐ

255 785 422 850 μόνον
462 787 798 855 ὁμομητρίου
824 788 915 839 καὶ
958 786 1314 853 ὁμοπατρίου.
1358 783 1493 834 ἀλλά
1535 785 1629 835 καὶ⁵
1650 781 1824 849 ἀμφι-

252 873 475 929 θαλοῦς.
507 875 565 926 Ei
588 876 643 926 δὲ
787 874 1001 927 ὕπεισιν
1041 874 1276 940 ἀδελφοὶ,
1301 874 1334 941 ἢ
1366 872 1553 932 παῖδες
1581 870 1825 938 ἀδελφῶν

253 965 535 1027 τοιούτων,
554 967 673 1017 τότε
698 967 747 1017 οῑ
774 969 836 1018 ἐκ
864 966 1133 1032 διαφόρων
1154 965 1354 1031 γονέων
1385 964 1581 1029 φύντες
1608 962 1827 1030 ἀδελφοὶ

256 1058 662 1125 κληρονομοῦσι
686 1060 775 1109 τὸν
798 1058 1131 1111 ἀποθανόντα
1172 1056 1416 1121 ἀδελςόν.

342 1148 470 1201 Ἐάν
518 1166 599 1201 τις
632 1148 931 1220 τελευτήσῃ
958 1150 1048 1200 ἐπὶ
1090 1147 1305 1216 ἀδελφῷ
1334 1148 1396 1198 εκ
1437 1145 1713 1213 διαφόρων
1738 1160 1829 1210 γο-

260 1239 399 1289 νέων
446 1239 760 1308 ὑπάρχοντι,
806 1240 897 1291 καὶ
929 1241 1021 1292 ἐπὶ
1066 1239 1200 1298 υἱοῖς
1227 1234 1460 1302 ἀδελφοῦ
1491 1237 1830 1305 ὁμοπατρίου

262 1330 356 1379 καὶ
407 1331 762 1398 ὁμομητρίου,
818 1332 867 1383 οι
919 1329 1267 1397 τεκνάδελφοι
1324 1327 1695 1395 προτιμῶνται
1739 1326 1830 1379 τοῦ

262 1408 497 1487 ἀδελφοῦ
529 1423 606 1482 είς
640 1423 738 1490 τὴν
768 1423 981 1475 ἐκείνου
1012 1422 1397 1489 κληρονομίαν.

346 1513 409 1565 ’11
455 1516 637 1582 μήτηρ
664 1515 1096 1585 συγκληρονομεῖ
1114 1517 1222 1577 τοῖς
1257 1515 1406 1573 ίδίοις
1454 1515 1681 1573 τέκνοις,
1727 1513 1833 1563 τῶν

264 1605 705 1671 τελευτησάντων
732 1605 899 1673 αὐτῆς
936 1607 1035 1673 μὲν
1068 1606 1294 1668 παίδων,
1337 1605 1561 1657 ἐκείνων
1587 1605 1644 1655 δὲ
1677 1604 1831 1655 ἀδελο

269 1692 410 1757 φῶν,
446 1693 561 1755 tvo;
590 1694 819 1759 ἀδελφοῦ
850 1696 1417 1764 μέροςλαμὸἀνουσα.

344 1783 468 1833 Ὀτι
495 1783 575 1836 δεῖ
616 1784 706 1837 τὸν
740 1787 815 1855 μη
845 1786 1393 1857 δευτερογαμήσαντα
1428 1789 1593 1856 ἄνδρα
1621 1789 1833 1857 λαμδάο

273 1890 387 1923 νειν
407 1876 471 1925 ὲκ
495 1875 587 1943 τῆς
634 1878 853 1945 προικὸς
889 1878 1075 1940 παιδὸς
1102 1878 1219 1941 ἐνὸς
1270 1882 1463 1948 μοῖραν
1486 1881 1623 1931 κατὰ
1648 1880 1838 1933 δεσπο-

276 1965 453 2015 τείανῖ

362 2056 617 2123 Ἀδελροῦ
650 2057 723 2127 μὴ
749 2058 1027 2127 ὑπόντοςῆ
1056 2061 1463 2127 ἀδελφόπαιδος,
1492 2064 1541 2115 οῖ
1581 2064 1755 2116 λοιποὶ
1779 2066 1841 2116 ἐκ

280 2147 512 2209 vti-sylon
553 2150 835 2215 συγγενεῖς
879 2151 1187 2213 καλοῦνται,
1233 2154 1282 2205 οί
1313 2152 1390 2222 τῷ
1432 2154 1626 2224 βαθμῷ
1661 2156 1841 2223 μέντοι

279 2256 341 2302 γε
372 2240 520 2300 ὄντες
552 2242 838 2310 ἑγγύτεροι
861 2259 874 2272 ·
903 2244 995 2293 καὶ
1023 2245 1071 2294 εί
1107 2244 1380 2311 εὑρεθεῖεν
1419 2246 1599 2301 πολλοὶ
1628 2247 1719 2298 τοῦ
1748 2246 1842 2298 αὐ-

277 2327 375 2380 τοῦ
402 2328 629 2397 βαθμοῦ,
668 2330 849 2399 ἑξίσης
880 2330 1325 2401 κληρονομοῦσιν.

352 2419 416 2469 Oi
443 2420 503 2468 ὲκ
531 2419 801 2489 διαψόρων
831 2421 1123 2473 παλλακῶν
1162 2424 1351 2483 παῖδες
1383 2425 1443 2476 οὐ
1484 2426 1846 2495 κληρονομοῦ-

282 2524 370 2559 σιν
400 2510 643 2564 ὑπόντων
672 2513 938 2579 φυσικῶν,
972 2515 1004 2582 ἢ
1035 2516 1355 2585 γαμετῆς,ἢ
1391 2516 1566 2570 ἄλλων
1588 2519 1847 2588 διαδόχων

282 2604 483 2657 αὐτῶν.

358 2696 528 2752 Νόθοε
558 2700 687 2761 παῖς
719 2702 1005 2768 γενόμενος
1033 2703 1272 2771 γνήσιος,
1308 2703 1470 2770 μόνου
1496 2703 1590 2756 τοῦ
1648 2706 1848 2773 πατρός

286 2789 453 2839 αὐτοῦ
490 2790 697 2853 γίνεται
756 2793 998 2860 γνήσιος,
1029 2794 1210 2846 οὐκέτι
1254 2794 1309 2846 δὲ
1361 2795 1454 2846 καὶ
1490 2796 1599 2847 τῶν
1638 2797 1849 2848 κατιόν-

285 2893 416 2943 των,
448 2880 480 2945 ἢ
532 2881 639 2931 τῶν
668 2883 943 2945 ἀνιόντων,
992 2884 1024 2954 ἢ
1072 2883 1181 2935 τῶν
1210 2886 1274 2937 lx
1316 2884 1542 2953 πλαγίου
1574 2888 1850 2953 συγγενῶν

288 2968 384 3021 τοῦ
424 2972 626 3039 πατρός
650 2989 663 3001 ·
688 2975 807 3025 οὐδὲ
841 2974 1168 3043 κληρονομεῖ
1200 2978 1416 3041 αὐτοὺς,
1443 2977 1561 3029 οὐδὲ
1592 2980 1850 3049 κληρονοο

294 3059 476 3123 μεῖται
506 3059 565 3122 ἐξ
594 3061 775 3111 αὐτῶν
806 3063 968 3129 χωρὶς
998 3062 1282 3133 διαθήκης.

368 3149 425 3199 Εἰ
464 3152 643 3219 πατὴρ
689 3152 983 3217 προικίζων
1016 3155 1110 3223 τὴν
1155 3156 1348 3208 ἑαυτοῦ
1383 3158 1652 3227 θύγατερ]
1704 3178 1851 3212 συνε-
1881 3164 1917 3215 (ἶ

292 3238 547 3306 φιῦνητεν
604 3242 887 3310 ἀρκεῖσθαι
937 3243 1105 3312 αὐτὴν
1149 3248 1214 3312 τῇ
1246 3247 1459 3317 δοθείσῃ
1508 3250 1647 3318 ὑπὲρ
1678 3254 1845 3320 αὐτῆς

296 3332 503 3396 προικὶ.
540 3331 629 3381 καὶ
660 3332 733 3398 μὴ
777 3333 917 3400 ἔχειν
954 3334 1116 3400 μέρος
1154 3337 1216 3387 ἐκ
1254 3339 1353 3405 τῆς
1388 3339 1549 3391 αὐτοῦ
1590 3343 1849 3409 κληρονοο

299 3417 451 3479 μίας,
492 3418 591 3468 οὐκ
618 3419 850 3487 ἔρρωται
885 3420 943 3472 τὸ
966 3422 1255 3488 σύμφωνον
1284 3422 1460 3485 τοῦτο,
1488 3426 1610 3477 οὐδὲ
1638 3428 1848 3480 κωλύε-

297 3525 388 3558 ται
418 3510 775 3577 κληρονομεῖν
812 3512 1090 3564 ἁδιάθετον
1121 3514 1284 3565 αὑτὸν
1324 3514 1659 3572 τελευτῶντα
1689 3520 1720 3586 ἡ
1756 3518 1850 3571 θυ-

299 3600 500 3667 γάτηρ,
526 3602 623 3667 τὴν
668 3605 869 3671 προῖκα
897 3606 1007 3664 τοῖς
1034 3604 1373 3667 ὑπεξουσίοις
1414 3608 1657 3674 μείνασιν
1683 3612 1849 3680 αὐτῆς

302 3691 547 3756 ἀδελφοῖς
588 3694 1033 3761 ευνεισφέρουσα.
1080 3693 1245 3745 Ἀλλὰ
1295 3696 1388 3747 καὶ
1415 3697 1511 3765 τὴν
1541 3700 1644 3767 πρὸ
1675 3702 1852 3767 γάμου

298 3778 527 3844 δωρεὰν,
572 3778 759 3846 ὥσπερ
818 3782 913 3848 τὴν
975 3784 1195 3849 προῖκα,
1260 3780 1341 3833 δεῖ
1382 3787 1849 3855 συνεισφέρεσοαι,

299 3868 579 3922 ὰδιλθέτου
635 3871 989 3931 τελευτῶντος
1050 3870 1140 3923 τοῦ
1208 3873 1411 3940 ταύτην
1452 3877 1854 3943 ὲπιδεδωκότος,

302 3957 412 4007 εἴτε
450 3959 627 4026 μήτηρ
655 3961 796 4010 ἐστὶν
847 3963 954 4012 εἴτε
997 3964 1197 4029 πατὴρ,
1232 3965 1265 4033 ἡ
1300 3981 1384 4026 τῖς
1438 3965 1544 4017 τῶν
1576 3969 1854 4030 ἀνιόντων,

301 4047 334 4115 ἦ
368 4048 501 4115 πρὸς
524 4052 722 4119 πατρὸς
751 4052 781 4119 ἢ
816 4055 947 4119 πρὸς
976 4056 1202 4123 μητρός.

386 4140 574 4193 Ἢνίκα
621 4145 993 4213 τελευτήσειεν
1028 4150 1231 4217 ἀνὴρῆ
1286 4152 1496 4218 γαμετὴ
1560 4151 1855 4215 ἀδιάθετοι,

304 4235 396 4283 καὶ
436 4233 629 4300 μηδένα
666 4237 727 4288 ἐκ
782 4238 888 4289 τῶν
928 4241 1205 4302 ἀνιόντων,
1241 4242 1272 4311 ἡ
1317 4243 1425 4294 τῶν
1470 4246 1779 4304 κατιόντων,
1824 4246 1855 4315 ἢ

300 4324 408 4375 τῶν
436 4326 496 4375 ὲκ
533 4327 761 4392 πλαγίου
806 4330 1087 4400 ἐννομονῆ
1141 4337 1369 4399 φυσικὸν
1404 4334 1661 4401 σχοίησαν
1686 4335 1859 4387 διάδοο

302 4430 414 4478 χον,
448 4415 567 4465 τότε
594 4418 620 4467 ό
664 4417 801 4484 ἀνὴρ
838 4420 916 4481 είς
944 4420 1041 4488 τὴν
1074 4421 1171 4487 τῆς
1200 4424 1457 4486 γυναικὸς
1484 4424 1750 4474 καλείσθω
1802 4423 1861 4485 ἐξ

1931 601 2058 653 fiant
2109 603 2371 660 haeredes.
2429 606 2659 667 primum
2710 602 2910 652 habent
2952 599 3196 653 ordinem
3246 616 3260 661 ;
3312 615 3498 652 verum

1929 696 2090 746 etiam
2137 706 2185 745 et
2233 695 2276 743 dx
2304 694 2471 745 functi
2518 694 2701 745 fratris
2742 691 2833 743 lilii
2861 730 2873 750 .
2914 706 3017 742 non
3059 690 3221 744 modo
3256 687 3501 758 ejusdem

1931 785 2120 837 matris
2160 797 2211 837 et
2256 786 2446 852 patris,
2495 787 2585 836 sed
2632 787 2796 837 etiam
2840 784 2999 850 cujus
3043 791 3196 851 pater
3237 791 3290 835 et
3332 792 3506 834 mater

1931 878 2107 930 adhuc
2141 880 2463 941 superstites
2497 884 2646 929 sunt.
2697 875 2750 928 Si
2787 890 2913 929 vero
2951 890 3057 928 non
3094 874 3368 940 supersint
3402 872 3482 926 fra

1934 984 2040 1023 tres
2078 971 2158 1023 vel
2205 971 2297 1023 filii
2338 972 2526 1023 talium
2574 970 2828 1031 fratrum,
2865 977 2992 1021 tunc
3034 982 3096 1020 ex
3144 967 3376 1019 diversis
3416 979 3509 1033 pa-

1935 1060 2178 1111 rentibus
2210 1058 2318 1111 uati
2356 1058 2551 1111 fratres
2587 1056 2825 1111 defuncti
2857 1057 3038 1109 fratris
3072 1056 3207 1107 tiunt
3239 1054 3502 1107 ha-redes.

2004 1148 2057 1203 Si
2100 1151 2222 1218 quis
2262 1166 2386 1205 cum
2431 1150 2595 1203 fratre
2634 1165 2698 1201 ex
2739 1148 2972 1200 diversis
3014 1146 3334 1214 parentibus
3378 1154 3507 1198 nato

1937 1245 2220 1306 moriatur,
2266 1253 2314 1295 et
2363 1258 2487 1297 cum
2539 1244 2661 1295 ﬁlii~~
2710 1241 2899 1294 fratris
2946 1241 3190 1307 ejusdem
3240 1239 3408 1305 patris
3451 1245 3505 1288 et

1939 1334 2162 1393 matris.
2198 1333 2382 1385 fratris
2416 1333 2506 1384 lilii
2543 1333 2641 1399 ipsi
2680 1331 2831 1384 fratri
2866 1328 3260 1400 przeponnntur
3291 1328 3355 1381 ad
3390 1326 3508 1394 ejus

1939 1426 2326 1476 ltmreditatetn.

2008 1513 2178 1565 Mater
2206 1529 2311 1565 uua
2342 1529 2465 1564 cum
2527 1513 2651 1565 filiis
2678 1513 2793 1565 suis
2846 1511 3213 1563 itmrmlilalem
3259 1508 3506 1568 sortitur,

1939 1603 2207 1657 defunctis
2229 1604 2446 1671 quidem
2472 1604 2590 1670 ejus
2616 1604 2740 1656 filiis
2769 1604 3009 1669 ipsorum
3035 1601 3315 1661 fratribus,
3345 1597 3509 1651 unius

1942 1694 2120 1747 fratris
2155 1696 2456 1760 portionem
2491 1694 2790 1761 accipiens.

2011 1783 2165 1848 Quod
2215 1793 2428 1853 oportet
2474 1785 2671 1846 virum,
2718 1784 2809 1851 qui
2862 1782 3156 1835 secundam
3204 1796 3309 1832 non
3363 1780 3510 1831 ducit

1946 1889 2187 1939 uxorem,
2239 1890 2337 1944 pro
2382 1874 2627 1929 dominio
2674 1875 2825 1942 pueri
2877 1875 3040 1929 unius
3091 1871 3391 1940 portionem
3443 1886 3505 1922 ex

1945 1979 2067 2020 dote
2092 1968 2358 2035 accipere.
2814 2040 2825 2048 η

2013 2056 2148 2109 Cum
2182 2071 2286 2109 non
2311 2065 2553 2124 supereSI
2590 2054 2758 2107 frater
2786 2056 2867 2107 vel
2905 2055 3086 2107 fratris
3121 2055 3288 2117 filius,
3320 2052 3512 2118 reliqui

1948 2164 1975 2199 a
2016 2148 2184 2201 latere
2220 2147 2430 2214 cognati
2472 2157 2757 2205 vocantur.
2792 2148 2884 2214 qui
2924 2156 3053 2199 sunt
3088 2146 3256 2215 gradu
3299 2146 3513 2213 propiu-

1947 2238 2167 2303 quiores
2195 2255 2207 2288 :
2234 2248 2286 2289 et
2312 2238 2354 2288 si
2384 2237 2625 2303 ejusdem
2656 2237 2859 2306 gradus
2889 2238 3105 2303 plurimi
3138 2238 3511 2297 inveniantur,

1947 2329 2226 2397 mqualiter
2257 2329 2574 2399 sortiantur.

2021 2416 2139 2470 Filii
2173 2433 2234 2469 ex
2270 2418 2499 2471 diversis
2540 2418 2734 2471 scortis
2770 2434 2877 2471 non
2913 2429 3040 2471 sunt
3078 2420 3353 2485 lueredes,
3387 2436 3512 2473 cum

1951 2520 2244 2577 supersunt
2303 2510 2597 2574 naturales,
2642 2512 2722 2565 vel
2780 2527 2955 2574 uxor,
3006 2515 3088 2566 vel
3133 2513 3221 2566 alii
3269 2514 3511 2583 ipsorqu

1952 2614 2316 2653 successores.

2021 2688 2227 2744 Norhus
2261 2690 2531 2757 legitimus
2569 2694 2744 2747 factus
2791 2693 2963 2747 solius
3027 2695 3196 2762 patris
3230 2695 3312 2749 sul
3349 2694 3404 2747 fit
3441 2699 3517 2747 Ie—

1954 2782 2206 2847 gitimus,
2260 2797 2603 2852 nequaquam
2656 2800 2784 2838 vero
2832 2796 2884 2838 et
2933 2786 3381 2839 descendentium
3434 2788 3517 2840 vel

1956 2872 2384 2933 ascendentium.
2432 2875 2512 2926 vel
2554 2890 2742 2927 eorum
2789 2875 2881 2943 qui
2922 2892 2986 2928 ex
3036 2886 3346 2930 transverso
3391 2889 3517 2931 sunt

1959 2962 2127 3029 patris
2155 2965 2399 3032 cognati;
2432 2981 2602 3032 neque
2634 2968 2849 3018 illorum
2885 2967 3054 3020 lrzeres
3089 2969 3201 3035 ipse
3233 2969 3310 3031 fit,
3340 2983 3516 3036 neque

1960 3054 2165 3121 absque
2193 3064 2346 3122 pacto
2377 3056 2449 3113 illi
2478 3057 2596 3123 ejus
2627 3058 2762 3110 fiunt
2793 3059 3055 3112 lizeredes.

2028 3144 2082 3197 Si
2112 3157 2261 3212 pater
2287 3148 2408 3200 tilia:
2434 3163 2543 3201 suae
2568 3149 2744 3201 dotem
2774 3150 2963 3202 tribuit
3008 3159 3060 3201 et
3087 3150 3340 3204 convenit
3367 3151 3512 3204 illam

1953 3235 2074 3289 dote
2103 3238 2203 3302 ipsi
2233 3239 2352 3290 data
2381 3241 2745 3305 acquiescere,
2772 3252 2823 3293 et
2850 3241 3055 3293 nullam
3086 3242 3256 3309 ipsius
3292 3243 3518 3296 haeredi-

1955 3330 2076 3379 tatis
2106 3340 2309 3395 partem
2341 3332 2642 3393 detrahere,
2673 3349 2774 3383 non
2806 3334 2945 3385 valet
2979 3332 3120 3387 istud
3154 3343 3395 3401 partum,
3427 3350 3517 3388 ne.

1954 3435 2057 3487 que
2096 3422 2386 3488 quominus
2452 3422 2597 3475 illius
2635 3426 2804 3477 hreres
2842 3426 2954 3484 fiat,
2991 3425 3033 3477 si
3075 3424 3363 3479 intcstatus
3406 3443 3520 3480 mo-

1957 3514 2144 3574 riatur,
2184 3513 2301 3579 ejus
2337 3515 2440 3565 tilia
2483 3516 2822 3581 prohibetur.
2859 3517 3035 3569 dotem
3076 3520 3190 3573 suis
3232 3519 3514 3580 fratribus.

1955 3603 2045 3670 qni
2080 3603 2182 3655 sub
2216 3612 2475 3668 potestate
2511 3613 2727 3658 manent
2750 3646 2763 3665 ,
2796 3606 3048 3662 afl'erens.
3089 3608 3196 3663 Sed
3227 3619 3280 3663 et
3310 3610 3514 3663 donum

1958 3702 2081 3745 ante
2115 3694 2516 3746 matrimonium
2548 3696 2752 3751 datum.
2785 3708 3040 3766 tanquam
3072 3699 3276 3765 dotem,
3305 3708 3519 3769 oportet

1960 3780 2181 3845 inferri,
2216 3782 2259 3835 si
2296 3784 2582 3837 intestatus
2615 3786 2875 3838 moriatur
2905 3787 2998 3855 qui
3032 3787 3159 3841 illud
3191 3790 3372 3854 dedit,
3404 3792 3520 3847 sive

1962 3886 2131 3927 mater
2158 3877 2229 3929 sit
2255 3878 2369 3930 sive
2413 3887 2587 3946 pater,
2619 3880 2699 3934 vel
2731 3882 3139 3936 ascendentium
3177 3884 3398 3953 aliquis,
3427 3899 3520 3943 aut

1958 3985 1986 4020 a
2020 3978 2167 4039 patre
2195 3984 2285 4027 aut
2314 3985 2342 4022 a
2373 3979 2562 4025 matre.

2029 4148 2471 4219 Quandocunque
2512 4152 2738 4206 maritus
2774 4153 2853 4206 vel
2892 4154 3093 4222 coniux
3135 4155 3372 4209 intestati
3411 4171 3524 4209 mo—

1962 4238 2191 4301 riantur,
2261 4247 2313 4292 et
2361 4239 2562 4291 nullum
2609 4256 2670 4292 ex
2716 4242 3134 4296 ascendentibus
3174 4244 3256 4297 vel
3299 4244 3524 4298 descen-

1963 4330 2248 4392 dentibus,
2278 4331 2358 4383 vel
2390 4331 2482 4399 qui
2512 4346 2575 4384 ex
2607 4342 2913 4386 transverso
2944 4342 3101 4398 sunt,
3136 4335 3436 4403 legitimum
3468 4346 3522 4391 et

1966 4420 2266 4470 naturalem
2306 4419 2538 4473 habeant
2572 4435 2941 4475 successorem
2966 4461 2980 4484 ,
3018 4431 3147 4475 tunc
3182 4424 3264 4477 vir
3296 4424 3360 4477 ad
3400 4441 3520 4479 mu-

302 4504 594 4572 ὁλοκλήρου
620 4508 1004 4578 κληρονομίαν,
1056 4519 1150 4564 και
1184 4516 1215 4581 ἡ
1248 4514 1382 4583 γυνὴ
1411 4514 1736 4583 διαδεχέσοω
1778 4516 1866 4567 τὸν
1898 4512 1943 4566 D

1860 4512 1943 4566 ιι)
1974 4510 2121 4561 lieris
2170 4509 2479 4564 universam
2532 4511 2895 4564 hereditatem
2944 4521 3185 4577 vocetur,
3233 4524 3285 4567 et
3332 4516 3524 4570 mulier

306 4597 493 4665 ἄνδρα.

391 4687 512 4737 Ἐὰν
545 4688 572 4738 ό
602 4689 739 4757 ἀνὴρ
778 4694 1110 4763 συμφωνήσῃ
1170 4696 1304 4763 πρὸς
1350 4697 1448 4766 τὴν
1492 4701 1747 4763 γυναῖκα,
1778 4700 1865 4751 ἴνα

306 4780 644 4834 τελευτῶσαν
673 4784 841 4852 αὐτὴν
866 4787 1265 4859 κληρονομήσῃ.
1298 4790 1355 4842 τὸ
1381 4791 1667 4859 σύμφωνον
1700 4792 1864 4862 ἄχρη-

310 4870 432 4919 στᾶν
474 4872 634 4923 ἐστιν.

377 4961 533 5021 Ζριτει
562 4964 648 5013 και
672 4962 727 5011 έν
753 4963 828 5030 τῷ
871 4965 954 5027 ις’,
988 4983 1109 5030 κεερ,
1150 4967 1242 5018 τοῦ
1278 4970 1319 5019 Π
1362 4970 1645 5037 στοιχείου.
1706 4974 1866 5041 Ζήτει

310 5050 403 5100 καὶ
438 5050 495 5100 τὸ
525 5057 565 5102 ε’
598 5069 718 5119 κεφ.
757 5053 852 5106 τοῦ
891 5055 934 5106 Υ
965 5058 1251 5123 στοιχείου.

816 5145 1104 5212 Ψήφισμα
1138 5151 1375 5213 νεαρόν.

380 5227 453 5277 Τὸ
490 5228 543 5279 δὲ
576 5230 830 5299 ψηφῑσμα
865 5234 958 5283 τοῦ
993 5235 1295 5299 ἀγιωτάτου
1326 5241 1662 5307 πατριάρχου
1710 5240 1867 5290 Ἀθα-

310 5320 497 5369 νασίου
530 5327 622 5372 καὶ
664 5324 763 5391 τῆς
793 5325 883 5374 ὑπ’
909 5326 1069 5376 αὐτὸν
1092 5328 1327 5392 συνόδου,
1355 5330 1382 5381 ὃ
1412 5333 1631 5395 γέγονεν
1654 5331 1866 5399 ὁρισμῷ

309 5410 402 5460 τοῦ
434 5412 676 5481 ἀοιδίμου
708 5414 968 5481 βασιλέως
999 5418 1338 5491 Ἀνδρονίκου
1363 5421 1452 5471 τοῦ
1479 5422 1865 5488 Παλαιολόγου,

315 5502 645 5571 Κελεύομεν,
678 5506 829 5573 φησι,
864 5509 986 5569 τοὺς
1018 5510 1272 5571 ἀτέκνους
1304 5512 1635 5579 χηρεύοντας
1668 5512 1868 5582 ἄνδρας

312 5608 369 5641 τε
424 5596 515 5644 καὶ
552 5597 813 5660 γυναῖκας
860 5597 936 5666 μὴ
997 5598 1252 5667 ἁρπαγὴν
1286 5602 1508 5669 ὑπέχειν
1541 5602 1647 5654 τῶν
1693 5604 1867 5671 ὑπαρ-

315 5683 533 5747 χόντων,
566 5686 706 5753 μήτε
752 5688 900 5753 παρὰ
929 5690 1033 5738 τῶν
1063 5689 1128 5740 τὰ
1162 5691 1393 5758 δημόσια
1429 5692 1864 5761 διενεργούντων,

322 5775 459 5842 μήτε
488 5775 594 5828 τῶν
624 5778 700 5840 εἰς
734 5780 1025 5847 παροικίαν
1070 5781 1289 5841 τούτους
1330 5784 1581 5850 ἑχόντων,
1641 5786 1775 5837 ἀλλὰ
1805 5788 1863 5837 τὸ

1968 4600 2219 4652 succedat
2251 4601 2389 4654 viro.

2036 4688 2090 4741 Si
2118 4690 2199 4742 vir
2221 4706 2342 4743 cum
2373 4691 2569 4745 femina
2615 4700 2806 4760 pactus
2832 4694 3017 4758 fuerit,
3044 4706 3121 4762 ut,
3145 4711 3208 4750 ea
3235 4696 3520 4759 meriente,

1969 4780 2080 4847 ipse
2110 4781 2259 4836 ﬁeret
2288 4783 2479 4850 haeres,
2510 4795 2723 4853 pactum
2757 4797 2840 4841 est
2870 4789 3077 4844 inutile.

2043 4958 2170 5014 Vide
2201 4969 2255 5013 et
2286 4962 2337 5015 in
2370 4961 2580 5015 decimo
2604 4965 2834 5033 septimo
2866 4965 3045 5032 capite
3076 4966 3267 5019 litterae
3301 4967 3366 5019 [1.
3391 4963 3527 5020 Vide

1968 5054 2129 5104 etiam
2167 5054 2216 5105 in
2251 5055 2442 5122 quinto
2477 5058 2650 5121 capite
2689 5055 2879 5109 litterae
2916 5056 2981 5108 Υ.

2353 5145 2511 5213 156
2549 5145 2821 5200 Decretum
2856 5149 3138 5203 novellum.

2039 5234 2321 5288 Decretum
2358 5236 2688 5289 sanctissimi
2725 5238 3048 5305 patriarchae
3106 5240 3390 5295 Athanasii
3440 5256 3525 5309 sy-

1974 5328 2206 5393 nodique
2236 5326 2339 5380 sub
2365 5342 2429 5380 eo
2462 5326 2689 5390 habitat,
2740 5330 2887 5397 quod
2948 5329 3177 5382 illustris
3233 5330 3519 5398 imperatu-

1972 5423 2045 5472 ris
2088 5420 2380 5473 Andronici
2425 5417 2713 5488 Palzeologi
2780 5420 3062 5473 voluntate
3119 5420 3322 5475 factum
3377 5421 3521 5478 fuit,

1969 5511 2253 5574 Jubemns,
2322 5512 2516 5579 inquit,
2575 5520 2635 5564 ut
2687 5512 2833 5564 vidui
2898 5512 2994 5564 viri
3066 5521 3121 5565 et
3161 5511 3395 5573 feminae.
3432 5517 3524 5579 qui

1976 5602 2095 5657 sine
2128 5599 2311 5653 liberis
2342 5608 2491 5662 sunt,
2521 5600 2720 5655 nullam
2744 5599 3008 5653 bonorum
3034 5600 3389 5669 direptionem
3411 5619 3531 5657 sus-

1974 5694 2199 5752 tineant,
2234 5705 2407 5758 neque
2442 5691 2509 5742 ab
2570 5690 2633 5741 iis
2666 5690 2755 5757 qni
2793 5690 2954 5745 ﬁscos
2987 5692 3399 5751 administrant.
3436 5710 3529 5747 ne-

1974 5801 2075 5851 quc
2109 5785 2175 5834 ab
2211 5783 2277 5837 iis
2312 5784 2361 5834 in
2400 5798 2627 5850 quorum
2663 5782 2859 5837 vicinio
2893 5784 3111 5852 degunt.
3174 5783 3278 5838 Sed
3312 5784 3525 5837 tertiam
