4214 6434
262 420 398 481 1377

1283 418 1628 478 SYNTAGM
1641 421 1682 476 Α
1718 419 2140 477 ΑΙ.ΡΗΛΒΕΤΙ
2155 421 2248 479 (.‘U
2261 422 2329 480 Μ.

3365 422 3497 487 1378

260 531 518 597 ἑτοίμους
581 527 669 578 ἀεὶ
717 528 923 590 πάντας
981 528 1296 596 βουλόμενοι
1331 527 1469 580 εἶναι
1507 531 1601 580 καὶ
1646 527 1829 593 ἀξίους
1859 531 1904 587 Α

1827 531 1904 587 :A
1937 544 2128 591 nones,
2176 540 2508 597 pra-paratos
2563 547 2776 598 simpcr
2815 548 3004 586 onums
3069 546 3120 588 ct
3186 538 3491 594 dl\'.l|0l't||ll

256 626 357 689 τῆς
379 626 486 676 τῶν
508 624 669 675 θείων
698 624 985 685 κοινωνίας
1016 625 1397 690 άγιασμάτων,
1429 626 1749 688 ἐπίσκοπον,
1785 625 1817 694 ἢ

256 714 654 783 πρεσϐύτερον,
690 715 722 783 ἢ
759 715 1028 777 διάκονον,
1069 716 1168 782 ’τῆς
1199 717 1350 783 ίερᾶς
1393 716 1500 766 τῶν
1527 715 1684 765 θείων
1721 731 1820 778 μυ-

259 808 502 874 στηρίων
535 805 880 872 λειτουργίας
907 809 1378 874 προσφερομένης,
1406 807 1514 857 τῶν
1543 805 1822 872 ἀγιαομά-

257 917 367 955 των
400 901 510 960 τοῖς
540 899 716 960 ἄλλοις
743 899 816 977 μὴ
851 899 1279 966 κοινωνήσαντα,
1310 897 1408 965 τὴν
1434 895 1609 950 αἰτίαν
1637 896 1826 947 κελεΰη

256 1007 412 1041 ουσιν
447 991 709 1041 ἀνειπεῖν·
750 991 840 1040 καὶ
889 989 936 1040 εἰ
987 988 1086 1054 μὲν
1139 988 1494 1055 εὐπρόσωπος
1545 989 1652 1054 εἴη,
1693 1003 1825 1052 συγ-

253 1079 477 1146 γνώμης
507 1080 816 1146 τυγχάνειν,
848 1083 895 1131 εἱ
914 1081 953 1131 δ’
971 1078 1082 1138 οὖν,
1107 1077 1483 1145 ἀφορίζεσθαι.
1509 1079 1693 1144 Λαϐἡν
1713 1080 1822 1146 γὰρ

257 1171 556 1221 σκανδάλου
597 1174 689 1222 καὶ
747 1169 1000 1230 ὑπονοίας
1035 1171 1220 1222 δίδωσι
1273 1170 1350 1237 τῷ
1391 1168 1506 1236 λαῷ
1541 1170 1684 1221 κατά
1726 1169 1819 1220 τοῦ

256 1258 718 1325 προσενεγκόντος
743 1259 843 1326 τὴν
871 1259 1210 1326 ἀναίμακτον
1245 1257 1436 1309 θυσίαν
1476 1259 1685 1325 ἱερέως,
1735 1253 1822 1308 οἷά

252 1363 305 1398 τι
357 1347 612 1408 συνειδὼς
653 1348 802 1413 αὐτῷ
851 1348 1078 1416 κώλυμα
1131 1347 1267 1416 πρὸς
1320 1348 1418 1414 τὴν
1486 1349 1820 1414 ἱερουργῐαν.

265 1437 431 1488 Ἀλλὰ
466 1439 706 1498 καὶτοὺς
731 1439 996 1500 εἰσιόντας
1026 1438 1118 1490 τοῦ
1153 1439 1280 1489 λαοῦ
1313 1439 1557 1501 πιστοὺς,
1599 1438 1691 1489 καὶ
1717 1438 1824 1490 τῶν

256 1530 428 1594 ἁγίων
479 1530 711 1596 Γραφών
744 1531 1064 1592 ἀκούοντας,
1100 1533 1192 1582 καὶ
1224 1530 1298 1599 μὴ
1329 1533 1390 1596 τῇ
1425 1532 1697 1596 προσευχῇ
1731 1529 1825 1580 καὶ

253 1623 320 1688 τῇ
370 1620 500 1689 ἁγίᾳ
534 1620 946 1689 παραμένοντας
977 1622 1312 1690 μεταλήψει,
1355 1618 1714 1689 ἀφορίζεσθαι
1749 1622 1824 1684 ὡς

255 1711 548 1769 ἀτάκτους.

333 1845 552 1912 Συνῳδά
583 1845 756 1912 τούτῳ
793 1847 886 1896 καὶ
919 1848 945 1896 ό
980 1845 1080 1908 τῆς
1133 1847 1189 1897 ὲν
1231 1847 1536 1918 Ἀντιοχείᾳ
1575 1848 1618 1917 β’
1649 1849 1818 1918 διορί-

1929 620 2310 687 mysteriorum
2375 621 3001 687 participationedignos
3049 639 3172 678 esse
3232 630 3493 688 toll-mes,

1927 710 2266 774 episcopum,
2310 710 2391 763 ιιι-Ι
2436 713 2836 779 presbyterum,
2869 717 2946 764 vel
2995 716 3305 775 di.-conum,
3340 735 3493 772 sacra

1928 793 2244 846 divinorum
2309 799 2691 864 mysteriorum
2729 800 2998 855 oblatione
3062 805 3352 865 celebrata,
3403 810 3495 876 qui

1926 898 2267 937 sacramenta
2314 888 2436 939 aliis
2497 903 2600 941 non
2674 894 3066 956 communicat,
3135 911 3356 950 causam
3415 901 3497 950 di-

1926 990 2048 1027 cere
2070 976 2258 1037 jubcttt
2289 994 2304 1034 :
2337 993 2456 1046 quae
2480 979 2523 1032 si
2548 983 2888 1036 rationabilis
2915 983 3094 1046 fuerit,
3127 987 3336 1039 veniam
3363 1003 3496 1041 con-

1926 1076 2250 1131 sequantur,
2303 1068 2385 1121 sin
2426 1068 2628 1130 minus,
2663 1085 3034 1140 segregantur.
3074 1073 3322 1127 Srandali
3349 1079 3493 1128 enim

1925 1165 1976 1206 et
2002 1157 2332 1221 suspicionis
2381 1157 2642 1211 adversus
2695 1162 3173 1231 sacerdotem,qui
3229 1166 3494 1217 sacriﬁcia

1923 1246 2118 1297 obtulit
2145 1248 2421 1301 incruenta
2445 1251 2662 1316 populo.
2686 1251 2772 1304 dat
2797 1256 3310 1318 apprehemionem,
3337 1255 3465 1324 qoip

1926 1351 1989 1400 pc
2017 1335 2284 1404 162qni
2337 1339 2781 1404 impedimenttun
2834 1343 3049 1410 aliquod
3083 1345 3130 1396 ci
3153 1348 3319 1401 sciret
3349 1348 3484 1401 ines-

1925 1441 1983 1478 se
2027 1430 2092 1478 ad
2119 1429 2469 1483 sacriﬁcium.
2509 1431 2611 1484 Sed
2642 1448 2782 1484 omni
2803 1448 2827 1488 ε
2860 1435 3039 1501 populi
3065 1436 3268 1502 ﬁdeles,
3292 1440 3379 1505 qui
3411 1440 3498 1491 iu-

1926 1517 2248 1583 grediuntur
2298 1530 2348 1570 ct
2377 1535 2561 1573 san-as
2593 1523 2902 1581 Scripturas
2937 1524 3184 1588 audiunt,
3222 1530 3272 1580 in
3309 1544 3493 1596 prcca-

1927 1616 2075 1661 ttoue
2115 1620 2295 1660 autem
2327 1619 2375 1660 el
2415 1625 2568 1661 sacra
2606 1627 2702 1660 con
2730 1614 2986 1665 munione
3027 1631 3130 1666 non
3153 1632 3492 1684 permanent,

1927 1706 2184 1763 tanquam
2238 1699 2528 1753 inordinati
2567 1703 2984 1770 participatione
3020 1709 3402 1764 excludantur.

1998 1830 2132 1885 lluic
2164 1849 2404 1885 consona
2473 1834 2713 1889 decernit
2778 1840 2937 1891 etiam
2994 1844 3268 1896 secundus
3308 1848 3493 1900 Antio-

256 1936 432 1994 ξεται.
497 1937 704 1997 Πάντας
733 1939 838 2003 γάρ
881 1938 1004 1998 τοὺς
1054 1940 1319 2000 είσιόντας
1363 1942 1441 2002 είς
1488 1942 1586 2008 τὴν
1625 1943 1818 2009 ὲκκλη-
1854 1911 1894 1964 Β

1854 1911 2109 1977 Bcltenaa
2169 1925 2382 1993 synodi.
2465 1925 2666 1982 Omnes
2710 1930 2852 1982 enim
2918 1933 3006 1999 qui
3074 1934 3124 1986 in
3207 1936 3489 1990 ecclesiam

258 2031 396 2084 σῗαν,
434 2029 524 2077 καὶ
562 2026 670 2077 τῶν
705 2027 865 2094 ἱερῶν
905 2027 1136 2096 Γρσφῶν
1166 2030 1477 2092 ἐπαΐοντας,
1523 2032 1595 2099 μὴ
1629 2049 1822 2082 κοινω-

254 2115 483 2177 mira-ca;
533 2117 588 2170 δὲ
643 2117 741 2187 τῆς
793 2119 955 2188 εὐχῆς
1013 2121 1129 2188 ἅμα
1167 2122 1241 2190 τῷ
1270 2122 1404 2190 λαῷ,
1454 2125 1485 2190 ἢ
1529 2123 1627 2190 τὴν
1662 2123 1822 2190 ἁγίαν

258 2206 561 2274 μετάληψιν
612 2212 710 2278 τῆς
769 2210 1134 2278 Εὖχαριστίας
1185 2215 1717 2281 ἀποστρεφομένους,
1763 2215 1822 2278 ἐξ

253 2297 538 2356 αὐθαδείας
580 2298 730 2361 ἴσως,
765 2300 796 2368 ἦ
832 2299 1075 2363 ἀταξίας,
1110 2301 1142 2370 ἢ
1173 2304 1644 2372 περιφρονήσεως,
1679 2305 1819 2356 ἀπο⁸

256 2389 484 2458 ϐλὴτους
539 2392 634 2457 τῆς
687 2392 985 2459 ἐκκλησίας
1042 2394 1292 2460 γίνεσθαι
1369 2393 1544 2460 ἀξιοῖ,
1598 2395 1703 2457 ἕως
1755 2396 1819 2447 ἂν

255 2481 504 2547 καρποὺς
541 2483 827 2550 μετανοίας
854 2482 921 2534 δι’
948 2484 1395 2552 ἐξομολογήσεως
1423 2475 1819 2553 ἐπιδειξάμενοι

257 2571 588 2640 συγγνώμης
619 2575 845 2641 τύχωσι.
883 2573 1020 2624 Φασὶ
1060 2575 1117 2626 δέ
1148 2593 1291 2637 τινες
1326 2577 1449 2646 περὶ
1480 2576 1590 2627 τῶν
1623 2579 1822 2646 ἱερατι-

255 2665 369 2716 κών
413 2665 521 2715 τῶν
566 2667 622 2715 ἰν
673 2665 748 2732 τῷ
783 2665 989 2734 βήματι
1032 2667 1333 2732 τηνικαῦτα
1394 2668 1822 2736 ἱερουργούντων

254 2758 383 2818 τοὺς
415 2759 644 2818 κανόνας
675 2757 847 2810 ταῦτα
874 2758 1206 2825 νομοθετεῖν,
1249 2760 1343 2811 καὶ
1394 2760 1575 2827 μέντοι
1617 2760 1822 2811 λαῖκῶν

256 2849 365 2900 τῶν
409 2849 482 2917 μὴ
512 2851 916 2918 περιμενόντων
951 2850 1109 2918 ἄχρις
1144 2851 1209 2902 ἂν
1255 2853 1286 2919 ἡ
1343 2851 1650 2919 μετάληψις
1684 2853 1820 2920 πρὸς

253 2940 365 2992 τῶν
380 2940 544 3003 ἀξίων
566 2942 809 3007 γένηται.
847 2942 1112 3008 Ἐπαχθὲς
1139 2943 1246 3010 γάρ
1279 2943 1482 3010 σφόδρα
1513 2944 1602 2994 καὶ
1626 2944 1817 3012 βίαιον,

255 3033 664 3098 ἀναγκάζεσθαι
714 3033 921 3093 πάντας
976 3033 1214 3101 ἑκάστης
1271 3032 1733 3102 μεταλαμϐάνειν,

255 3124 633 3194 ἀφορίζεσθαι..
671 3126 792 3185 Πῶς
825 3125 932 3192 γὰρ
977 3118 1087 3176 οἷόν
1131 3141 1190 3176 τε
1235 3124 1328 3175 τὸν
1375 3126 1432 3175 ὲν
1473 3125 1621 3193 μέσῳ
1662 3138 1819 3190 στερε-

1925 2015 2302 2082 ingrcdiuntur
2349 2027 2402 2071 et
2444 2034 2627 2073 sacras
2656 2021 2967 2090 Scripturas
3003 2028 3252 2092 audiunt,
3287 2033 3493 2084 orando

1922 2121 2100 2160 autem
2145 2127 2248 2161 una
2290 2128 2412 2164 cum
2472 2116 2672 2180 pepqu
2734 2132 2839 2168 non
2902 2121 3344 2174 communicant-
3411 2127 3491 2177 vvl

1921 2209 2163 2253 sanctam
2220 2201 2574 2258 Eueltaristiae
2617 2208 3087 2275 participationem
3142 2224 3488 2277 aversantur,

1921 2307 1986 2346 ex
2051 2295 2356 2362 arrogantia
2412 2298 2638 2360 scilicet,
2677 2301 2758 2351 vel
2797 2304 3179 2369 perversitate,
3225 2308 3306 2359 vel
3356 2324 3480 2360 con-

1924 2393 2151 2452 temptu,
2183 2387 2254 2449 ab
2305 2376 2535 2442 ecclesia
2573 2393 2766 2457 expelli
2812 2394 3022 2462 justum
3055 2396 3285 2463 judicat.
3318 2399 3490 2452 donec.

1923 2477 2255 2542 paenitentiae
2310 2478 2522 2534 fructus
2570 2485 2920 2537 ostendentes
2964 2502 3059 2554 per
3089 2489 3485 2543 confessionem

1924 2568 2131 2620 veniam
2167 2582 2600 2638 consequantur.
2672 2575 2866 2630 Dicunt
2907 2596 3036 2631 vero
3081 2581 3343 2648 quidam,
3394 2598 3486 2636 ca-

1923 2675 2090 2714 nones
2150 2663 2284 2715 istos
2315 2665 2380 2716 de
2412 2667 2812 2730 sacerdotibus,
2867 2672 2958 2738 qui
2993 2681 3124 2726 tunc
3167 2687 3320 2725 sacra
3369 2689 3490 2742 per-

1922 2755 2151 2819 agebant
2209 2755 2318 2808 lucc
2355 2757 2640 2822 ordinare,
2698 2774 2755 2813 ut
2799 2772 2850 2812 et
2893 2763 2958 2815 de
3005 2763 3190 2825 laicis,
3235 2766 3326 2831 qui
3382 2784 3486 2817 nou

1920 2848 2359 2911 perseverabant,
2422 2849 2594 2902 donec
2621 2853 3025 2907 communionis
3075 2856 3489 2923 participatione

1920 2935 2068 3001 digni
2102 2937 2310 2989 ﬁerent.
2339 2937 2513 2993 Grave
2536 2943 2734 2994 etenim
2771 2944 3065 2996 admodum
3091 2956 3170 2998 est
3199 2955 3253 2998 et
3285 2948 3492 3000 violen-

1922 3033 2031 3077 tutn
2057 3028 2383 3095 compellere
2413 3043 2604 3084 omnes
2624 3032 2912 3098 cujuslibet
2935 3039 3336 3090 communionis
3356 3052 3486 3107 par-

1923 3119 2112 3187 ticipes
2158 3118 2270 3172 ﬁeri
2309 3122 2386 3173 vel
2441 3125 2736 3192 segregari.
2797 3127 3081 3189 Quomodo
3151 3128 3300 3181 enim
3371 3130 3483 3182 ﬁeri

255 3217 511 3284 φόμενον,
551 3219 779 3278 καὶτοῖς
812 3216 902 3268 τοῦ
940 3219 1144 3280 κόσμου
1193 3215 1482 3284 πράγμασι
1520 3216 1816 3285 μολυνόμε-
1843 3237 1887 3296 C

1843 3237 1887 3296 ρ
1921 3220 2116 3278 potest,
2181 3221 2240 3264 ut
2292 3214 2383 3280 qui
2431 3214 2482 3266 in
2541 3215 2716 3268 medio
2754 3226 3000 3271 versatus
3039 3229 3142 3282 est,
3197 3231 3253 3274 et
3306 3236 3481 3274 smnu-

254 3323 365 3368 νυν,
403 3304 640 3373 καθαρὸν
670 3307 730 3356 τὸ
765 3307 862 3370 τῆς
908 3305 1087 3373 ψυχῆς
1123 3305 1329 3372 δοχεῖον
1375 3305 1638 3372 παρέχειν
1685 3305 1818 3356 ἑκά-

256 3413 422 3448 στθτε
476 3397 609 3464 πρὸς
644 3397 742 3465 τὴν
773 3396 864 3448 τοῦ
898 3395 1271 3464 πνευματικοῦ
1305 3395 1478 3464 μύρου
1507 3395 1817 3464 ἀποδοχήνς

266 3487 578 3552 Ἀγαπητδν
623 3486 752 3557 γάρ,
788 3488 835 3538 εἰ
879 3488 1051 3539 πάντα
1078 3487 1124 3537 τ’
1171 3487 1306 3539 ἄλλα
1346 3486 1587 3556 παριδών
1613 3503 1698 3549 τις
1729 3487 1822 3538 καὶ

256 3578 443 3644 πόρρω
480 3575 722 3643 θέμενος,
760 3578 854 3628 καὶ
904 3577 1000 3628 ἕνα
1047 3576 1241 3627 τοῦτον
1295 3579 1497 3628 σκοπὸν
1549 3577 1819 3645 συστησά-

258 3685 442 3733 μενος,
479 3669 718 3736 μηδεμιᾷ
752 3669 794 3720 δ’
832 3669 995 3736 ἑτέρα
1028 3671 1264 3738 κακίστη
1288 3668 1584 3730 δουλεύσας
1632 3669 1820 3721 ἐπιθυ-

255 3759 380 3828 μίᾳ,
406 3753 523 3810 εἶτα
544 3757 779 3814 δύναιτο.
796 3761 889 3809 σὺν
915 3756 1032 3824 Θεῷ
1056 3757 1450 3825 βοηθῷ,τοὺτου
1473 3760 1816 3825 κατατυχεῖν.

265 3850 410 3900 Ἀλλ’
440 3849 613 3916 ἔγωγε
642 3845 820 3917 οἶμαι.
851 3851 960 3909 τοῖς
995 3850 1161 3901 πάλαι
1183 3852 1392 3910 πιστοῖς
1423 3852 1518 3918 οὐχ
1541 3845 1703 3918 ἦττον
1725 3849 1818 3900 τοῦ

257 3941 535 3991 πιστεύειν
584 3940 761 4008 ὀρθῶς
809 3942 866 3992 τό
921 3939 1110 4008 βιῶναι
1179 3941 1356 4006 ὀρθῶς
1414 3939 1814 4002 ἐσπουδάζετο·

254 4032 449 4099 τοιγάρ
475 4048 555 4082 τοι
592 4032 688 4084 καὶ
726 4031 897 4082 πολλὰ
935 4031 1042 4082 τῶν
1093 4032 1396 4100 τηνικαῦτα
1439 4034 1550 4093 τοῖς
1600 4031 1818 4082 κανόσιν

257 4124 680 4190 ὲκιρωνηθὲντιυν
746 4125 948 4190 ἑτέρως
999 4123 1030 4192 ἢ
1094 4122 1257 4173 τανῦν
1313 4122 1815 4190 ἔχοντα,φαίνεται.

254 4212 412 4264 Οὕτω
446 4213 498 4263 δὲ
529 4213 674 4282 ἡμᾶς
716 4213 776 4262 τὸ
824 4211 1170 4280 ἠμελημένον
1223 4213 1312 4263 καὶ
1349 4211 1537 4262 σκαιόν
1570 4210 1662 4260 τοῦ
1701 4212 1815 4277 βίου

254 4303 530 4369 διέθηκεν,
560 4302 634 4364 ὡς
668 4303 801 4370 μηδὲ
832 4303 1107 4354 πιστεύειν
1140 4303 1192 4353 εί
1227 4304 1358 4354 ποτέ
1387 4319 1529 4363 τινες
1555 4304 1633 4361 είς
1670 4299 1816 4352 τοῦθ’

253 4389 388 4461 ἧκον
420 4393 619 4461 ἀρετῆς
646 4393 752 4443 τῶν
779 4396 1010 4444 πιστῶν.
1047 4394 1264 4459 ’Λμέλει
1289 4393 1379 4444 καὶ
1407 4393 1558 4460 παρὰ
1588 4392 1813 4456 ταύτην,

254 4477 428 4547 οἶμαι,
457 4481 555 4546 τὴν
581 4480 813 4547 ἀπειλὴν
845 4481 952 4530 τῶν
1001 4480 1160 4532 θείων
1215 4481 1452 4532 κανόνων
1488 4547 1490 4549 γ
1520 4480 1552 4547 ἠ
1600 4477 1694 4529 τοῦ
1723 4482 1815 4528 άν-

1925 3301 2128 3354 laribus
2207 3304 2613 3358 contaminatus
2656 3309 2947 3372 -negotiis,
3017 3325 3210 3378 purutn
3269 3327 3486 3381 semper

1923 3390 2344 3442 liabt-atanimze
2415 3394 2816 3460 receptaculum
2890 3395 2958 3449 ad
3017 3398 3318 3464 spiritualis
3380 3412 3482 3451 un-

1923 3481 2106 3546 guenti
2139 3481 2538 3548 reccptionem?
2566 3483 2857 3538 Pulchrum
2878 3496 3058 3540 autem
3089 3489 3248 3547 foret,
3285 3488 3330 3542 si
3361 3492 3481 3558 quis

1920 3570 2102 3621 omnia
2157 3571 2260 3622 alia
2335 3574 2627 3640 negligere:
2715 3585 2768 3629 et
2823 3578 3009 3642 procul
3073 3589 3371 3643 amoveret,
3421 3597 3484 3631 ac

1923 3663 2065 3713 buuc
2097 3678 2261 3713 unum
2301 3679 2525 3729 scopum
2578 3665 2678 3717 sibi
2719 3677 3064 3734 proponeret,
3142 3678 3195 3722 et
3230 3671 3359 3722 nulli
3391 3672 3481 3722 alii

1922 3754 2124 3819 iniqua;
2172 3755 2457 3808 inserviret
2494 3758 2797 3824 cupiditati,
2853 3767 2908 3811 ιιι
2964 3768 3167 3827 posset,
3227 3759 3335 3814 Deo
3385 3776 3482 3815 au-

1921 3843 2109 3894 xilium
2142 3843 2437 3910 praebente,
2470 3844 2600 3897 illud
2633 3847 2910 3914 consequi.
2954 3850 3062 3918 ligo
3101 3850 3318 3918 quidem
3370 3853 3485 3904 etii-

1918 3935 2100 3992 stinto,
2156 3933 2298 4000 quod
2334 3932 2516 3986 ﬁdeles
2551 3936 2678 3988 olim
2711 3952 2814 3988 non
2853 3939 3032 3993 minus
3065 3950 3208 3994 recte
3258 3939 3483 3992 credere

1919 4038 2078 4088 qualn
2143 4033 2292 4078 recte
2355 4025 2533 4080 vivere
2609 4027 2900 4080 studebant
2955 4049 2968 4081 :
3019 4044 3140 4082 nam
3237 4042 3478 4098 apparet,

1917 4130 2078 4181 quant
2113 4115 2365 4180 plurima,
2398 4132 2518 4185 qua:
2549 4126 2676 4170 tunc
2707 4120 3006 4172 canonibus
3059 4121 3202 4173 edita
3238 4119 3475 4180 fuerunt,

1918 4203 2074 4255 aliter
2109 4219 2167 4257 se
2206 4206 2429 4270 habere,
2479 4223 2641 4275 quam
2680 4224 2843 4261 nunc.
2887 4209 3001 4262 Vita
3075 4219 3256 4264 autem
3311 4213 3481 4279 negli-

1916 4309 2047 4361 gens
2076 4304 2129 4348 et
2153 4295 2343 4349 stolida
2382 4296 2452 4349 ita
2484 4313 2580 4351 nos
2604 4298 2888 4366 disposuit,
2919 4308 2974 4351 ut
3004 4315 3178 4367 neque
3198 4301 3480 4356 credamtrs

1916 4388 2131 4453 aliquos
2168 4387 2350 4441 ﬁdeles
2388 4388 2458 4441 ad
2487 4397 2692 4440 tantum
2729 4390 2944 4443 virtutis
2997 4405 3237 4459 unquam
3293 4407 3479 4460 perve-

1917 4479 2084 4531 nisse.
2114 4477 2182 4530 At
2233 4489 2428 4545 praeter
2470 4481 2570 4532 bas
2605 4479 2916 4533 divinorum
2972 4497 3243 4535 canonum
3299 4484 3478 4537 minas

255 4570 481 4638 τιδὼρου
513 4571 780 4639 ἐπενοήθη
808 4573 1061 4641 διανομὴ.
1093 4573 1234 4624 ὥστε
1266 4574 1445 4624 πᾶσαν
1476 4567 1619 4624 εἶναι
1649 4573 1812 4639 ἀνάγ·
1844 4567 1887 4621 D
1915 4590 1919 4613 ε

1844 4567 1887 4621 D
1915 4569 2167 4622 existimo
2212 4568 2445 4621 antidori
2501 4569 2938 4623 distributionem
2997 4569 3236 4624 babitatn
3265 4572 3477 4640 fuisse;

254 4677 357 4728 κην
376 4660 595 4722 καὶτοῖς
621 4663 696 4728 μὴ
725 4662 1039 4730 δυναμένοις
1063 4662 1170 4714 τῶν
1195 4663 1476 4725 ζωοποιῶν
1503 4662 1815 4730 μυστηρίων

257 4749 509 4817 μετέχειν
564 4753 893 4819 προσμένειν
927 4755 988 4804 τὸ
1050 4753 1202 4812 τέλος
1257 4753 1355 4821 τῆς
1410 4752 1558 4813 θείας
1618 4753 1817 4821 ίεροτε-

255 4840 495 4904 λεστίας,
515 4840 588 4902 ὼς
619 4840 686 4893 ἂν
718 4843 781 4892 ἐκ
811 4844 996 4910 χειρὸς
1020 4841 1117 4893 τοῦ
1157 4842 1346 4910 ἱερέως
1377 4843 1510 4909 πρὸς
1546 4841 1816 4910 ἁγιασμόν

254 4928 392 4982 αὐτὸ
435 4929 672 4981 λάδοιεν.
705 4931 866 4998 Ζήτει
897 4931 990 4981 καὶ
1025 4931 1081 4980 ἐν
1110 4930 1187 4999 τῷ
1214 4927 1255 4993 ζ’
1288 4947 1414 4998 κειρ.
1451 4930 1543 4983 τοῦ
1583 4932 1626 4983 Π
1675 4949 1817 4984 στοι-

254 5023 404 5091 χείου
441 5026 639 5076 κανόνα
675 5024 763 5088 ἔτ’
792 5025 890 5092 τῆς
925 5024 979 5085 ς’
1015 5025 1254 5078 συνόδου.

339 5242 398 5294 Ὀ
447 5237 502 5293 δὲ
545 5242 597 5294 π’
645 5243 850 5312 ταύτης
924 5246 1050 5306 τοὺς
1099 5247 1154 5295 ὲν
1206 5247 1270 5312 τῇ
1328 5245 1480 5296 πόλει
1533 5244 1814 5310 διάγοντας

254 5335 587 5392 ἐπισκόπους
619 5335 713 5385 καί
747 5333 1172 5404 πρεσϐυτέρους,
1202 5337 1295 5388 καὶ
1325 5337 1402 5396 εἰς
1426 5338 1574 5404 τρεῖς
1609 5336 1814 5403 Κυρια-

257 5425 361 5485 κὰς
418 5425 474 5474 ὲν
557 5424 734 5489 τρισὶν
792 5423 1050 5492 ἑϐδομάσι.
1120 5425 1220 5491 τῆς
1284 5425 1463 5476 αὐτῶν
1519 5424 1814 5492 ἐκκλησίας

256 5514 689 5580 ἀπολειφθέντας
728 5513 950 5582 βαρείας
981 5515 1112 5566 ἄνευ
1139 5515 1435 5582 ’άνάγκης,
1487 5513 1568 5564 ἔτι
1618 5513 1671 5564 δὲ
1724 5515 1816 5566 καὶ

253 5604 383 5664 τοὺς
411 5605 484 5670 μὴ
519 5608 947 5672 συνερχομένους
973 5608 1085 5666 τοῖς
1120 5607 1329 5666 πιστοῖς
1361 5605 1580 5665 λαῐκοὺς
1608 5606 1687 5666 εἰς
1715 5605 1816 5672 τὴν

255 5695 569 5764 ἐκκλησίαν,
615 5696 848 5748 καὶτῶν
908 5697 1082 5765 εὐχῶν
1113 5697 1187 5766 μὴ
1233 5696 1648 5758 κοινωνοῦντας,
1697 5697 1814 5748 ἀλλ’

258 5787 339 5848 τίς
371 5789 515 5854 τρεῖς
549 5787 831 5855 Κυριακάς
859 5786 953 5839 καὶ
978 5789 1172 5849 αὐτοὺς
1214 5786 1622 5854 ὁστερίσαντας,
1665 5789 1810 5839 ἐκεί-

1924 4665 1980 4708 ut
2008 4658 2232 4710 omnino
2270 4673 2490 4711 necesse
2522 4658 2684 4712 fuerit
2712 4660 2780 4713 iis
2829 4659 2922 4729 qui
2976 4661 3312 4715 viviﬁcorum
3359 4678 3477 4732 my-

1920 4750 2206 4802 steriorum
2267 4751 2555 4818 participes
2602 4765 2723 4803 esse
2766 4766 2873 4804 non
2934 4756 3231 4820 potuerint,
3278 4754 3344 4806 ad
3399 4755 3479 4806 di-

1921 4841 2027 4893 vini
2087 4840 2340 4893 sacriﬁcii
2403 4841 2562 4892 ﬁnem
2602 4855 2822 4895 manere
2849 4880 2864 4904 ,
2901 4852 2961 4895 ut
2991 4858 3058 4896 ex
3091 4859 3254 4897 manu
3294 4858 3479 4897 sacer-

1918 4931 2060 4985 dotis
2132 4931 2263 4984 illud
2307 4930 2371 4983 ad
2432 4931 2913 4985 sanctiﬁcationem
2984 4935 3309 5003 acciperent.
3342 4933 3477 4990 Vide

1919 5033 1972 5078 et
2005 5022 2054 5075 in
2087 5022 2317 5091 septimo
2346 5023 2524 5090 capite
2559 5023 2752 5078 littera:
2817 5024 2860 5076 Π
2891 5039 3158 5079 canonem
3205 5025 3274 5081 66
3310 5041 3362 5080 τι
3388 5041 3477 5098 sy-

1921 5116 2072 5168 nodi.

1988 5253 2358 5315 Octogesimus
2388 5268 2518 5307 vero
2576 5255 2818 5322 ejusdem
2859 5255 3146 5325 episcopos
3173 5254 3229 5307 in
3259 5253 3477 5309 civitate

1918 5344 2195 5411 degentes,
2246 5355 2299 5395 et
2344 5344 2712 5414 presbyteros.
2743 5347 2789 5398 si
2837 5346 3010 5400 tribus
3057 5347 3248 5401 diebus
3293 5347 3477 5400 Domi-

1920 5435 2055 5487 nicis
2094 5434 2145 5485 in
2194 5434 2367 5487 tribus
2419 5435 2737 5502 septimanis
2787 5435 2859 5489 ab
2884 5436 3112 5490 ecclesia
3161 5453 3258 5492 sua
3291 5438 3478 5491 abfue-

1921 5527 2028 5577 rint
2079 5525 2284 5593 absque
2323 5526 2475 5594 gravi
2543 5528 2910 5592 necessitate;
2958 5543 3117 5597 porro
3167 5537 3224 5582 et
3284 5528 3474 5591 laicus,

1916 5617 2008 5684 qui
2045 5616 2096 5668 in
2176 5616 2461 5669 ccelesiam
2509 5631 2632 5670 cum
2714 5617 2965 5672 ﬁdelibus
3054 5633 3160 5672 non
3211 5633 3478 5672 convene-

1920 5708 2046 5767 rint,
2101 5713 2154 5756 et
2236 5705 2486 5770 precibus
2562 5721 2666 5759 non
2745 5708 3311 5774 comntunicaverint;
3379 5708 3474 5760 sed

1922 5797 2094 5848 tribus
2126 5795 2318 5848 diebus
2365 5796 2663 5849 Dominicis
2723 5796 3015 5853 defecerint
3049 5814 3066 5864 ;
3099 5799 3221 5853 illos
3254 5798 3474 5867 quidem
