4214 6434
307 420 445 483 1385

1262 416 1661 478 SYNTAGMA
1704 414 2320 475 ALPIIABETICUM.

2382 438 2433 448 ·-·
2482 418 2547 474 k-
3390 407 3524 471 1356

296 537 677 613 προτιμῶντας
709 534 803 605 τῆς
825 535 919 587 τοῦ
944 531 1079 587 Θεοῦ
1103 530 1308 595 εἰκόνος
1339 530 1438 600 τὴν
1465 529 1671 599 ἀψυχον
1704 527 1859 593 ὕλην,
1889 528 1935 587 Α

1855 527 2322 588 ,Ainanimatam
2392 525 2676 581 materiam
2733 521 2822 575 Dei
2882 516 3103 587 imagini
3160 526 3519 584 anteponunt,

296 628 397 678 καὶ
435 627 522 680 διὰ
577 625 786 679 σκευῶν
841 623 1098 678 τοιούτων
1136 622 1413 674 κοινωνεῖν
1460 619 1857 688 πειρωμένους,

296 717 657 788 ἀφορίζεσθαι
679 717 988 782 διορίζεται.
1024 716 1183 782 Ζήτει
1214 710 1306 765 καὶ
1330 712 1388 762 ὲν
1412 709 1488 778 τῷ
1520 708 1559 761 ε’
1582 708 1861 777 κεφαλαίῳ

293 810 390 862 τοῦ
425 812 463 862 Δ
497 810 763 879 στοιχείου
814 808 1018 859 κανόνα
1051 807 1149 875 τῆς
1200 810 1244 856 α’
1306 802 1521 855 συνόδου
1558 808 1645 870 ιη’,
1682 800 1772 852 καὶ
1802 799 1857 850 τλ

296 904 337 954 δ’
362 903 659 971 κεφάλαιον
690 901 791 955 toil
816 898 859 952 Υ
905 899 1191 969 στοιχείου.

295 1015 551 1068 ΚΕΦΑΛ.
601 1014 725 1068 ΛΒ’.
759 1015 889 1068 Ὀτι
931 1012 1221 1076 κοσμικὰς
1274 1011 1600 1079 φροντίδας
1649 1010 1721 1061 οὐ
1771 1008 1866 1059 δεῖ

358 1083 626 1171 matrerm
682 1083 1030 1171 mlnPtxont‘Jc,
1073 1082 1125 1171 ᾒι
1148 1079 1539 1148 μονάζοντας,
1577 1080 1627 1131 εἱ
1652 1079 1857 1146 μήπου

366 1153 496 1206 κατ’
537 1152 869 1220 ἐπιτροπὴν
902 1152 1227 1215 βασιλέως.

373 1264 433 1313 ’0
477 1262 529 1327 ς’
557 1264 667 1315 τῶν
721 1263 891 1329 ἀγίων
937 1262 1249 1315 ἀποστόλων
1304 1260 1483 1313 κανὼν
1540 1262 1855 1322 ἐπίσκοπον,

291 1356 323 1423 ἢ
378 1354 771 1423 πρεσϐύτερον,
828 1354 861 1423 ἢ
911 1354 1194 1413 διάκονον,
1243 1354 1520 1419 κοσμικὰς
1573 1352 1860 1421 φροντίδας

296 1444 374 1513 μὴ
425 1443 833 1511 ἀναλαμϐάνειν
877 1444 1280 1513 παρεγγυᾶται,
1314 1442 1363 1492 εἱ
1411 1441 1467 1493 δὲ
1516 1442 1615 1509 μὴ,
1671 1440 1859 1492 καθαι-

296 1535 535 1603 ρεῖσθαι.
572 1534 833 1587 Βούλεται
865 1535 972 1604 γάρ
1014 1536 1042 1586 ὁ
1096 1532 1276 1585 κανὼν
1307 1533 1431 1595 τοὺς
1465 1532 1861 1601 ἀπηριθμημέ-

291 1640 417 1685 νους
463 1623 569 1687 ἔξω
601 1624 915 1693 συγχύσεως
962 1623 1056 1675 καὶ
1081 1622 1312 1692 θορύϐου
1344 1621 1626 1690 δημώδους
1673 1623 1861 1689 τηρεῖν

287 1716 542 1777 ἑαυτοὺς,
593 1716 688 1767 καὶ
722 1715 1154 1783 ἀπερισπάστως
1199 1713 1295 1781 τῆς
1358 1713 1509 1776 θείας
1561 1711 1862 1782 ὑπηρεσίας

290 1806 735 1875 μεταποιεῖσθαι.

1962 630 2016 673 et
2077 619 2393 689 hujusmodi
2452 614 2806 686 receptaculis
2868 609 3275 667 communicare
3342 611 3521 663 conati

1964 719 2118 776 sunt,
2154 712 2425 782 segregari
2467 708 2730 765 decernit.
2764 704 2898 759 Vide
2944 714 2997 759 et
3040 703 3095 757 in
3122 703 3314 771 quinto
3346 702 3525 768 capite

1966 802 2153 855 litterae
2208 803 2245 853 A
2295 815 2558 855 canonem
2599 798 2666 852 18
2724 796 2912 866 prima:
2953 793 3165 863 synodi,
3219 800 3271 844 et
3321 792 3354 844 4
3402 807 3522 860 (ap.

1962 894 2152 947 littera:
2194 894 2255 945 Υ.

1960 1006 2113 1059 CAP.
2158 1005 2370 1069 XXXII,
2406 1006 2559 1070 Quod
2616 1022 2717 1059 non
2760 1005 2907 1058 decet
2961 1002 3180 1055 clericos
3227 1002 3301 1052 vel
3342 1016 3525 1051 mona-

2027 1080 2146 1127 citos
2201 1077 2483 1130 singulares
2541 1091 2696 1129 cura:
2730 1075 3011 1142 suscipere,
3043 1071 3149 1124 nisi
3176 1084 3239 1121 ea:
3261 1085 3519 1122 consensu

2032 1147 2380 1213 imperatoris.

2034 1258 2234 1313 Sextus
2274 1266 2587 1312 sanctorum
2641 1255 3017 1325 apostolorum
3068 1266 3243 1309 canon
3312 1252 3497 1318 episea

1965 1366 2090 1417 pum
2118 1351 2201 1403 vel
2230 1351 2604 1420 presbyterum
2628 1349 2710 1402 vel
2736 1347 3019 1401 diaconum
3045 1346 3337 1401 sazculares
3366 1359 3528 1399 curas

1965 1456 2072 1494 non
2126 1439 2406 1509 suscipere
2450 1440 2636 1509 jubet;
2686 1438 2889 1507 alioqui
2944 1436 3164 1505 deponi.
3209 1435 3334 1489 V'ult
3380 1436 3525 1488 enim

1964 1548 2139 1587 canon
2203 1532 2365 1587 modo
2416 1543 2766 1585 enumeratos
2814 1546 2873 1587 se
2920 1532 2986 1585 ab
3016 1529 3162 1584 omni
3204 1527 3529 1581 conlusione

1963 1624 2321 1693 popularique
2371 1624 2617 1676 tumultu
2657 1636 2964 1685 asservare,
3015 1635 3078 1673 ac
3125 1624 3312 1690 quleto
3343 1619 3531 1673 animo

1965 1730 2136 1769 sacra:
2169 1714 2559 1769 tninistrationi
2592 1726 2802 1767 vacare.

380 1897 440 1949 '0
502 1898 559 1950 δὲ
608 1903 701 1949 πα¹
748 1897 936 1949 τοῦτον
967 1897 1281 1967 ἐξεπίτηδες
1327 1896 1658 1965 σαφηνίζων,
1695 1896 1755 1949 Et
1786 1896 1860 1965 μὴ
1894 1868 1933 1919 Β
2035 1895 2044 1939 4

1894 1868 1933 1919 Β
2035 1890 2416 1960 Octogesimus
2464 1893 2673 1960 primus
2722 1892 2885 1945 etiam
2931 1890 3079 1944 hunc
3135 1904 3201 1943 ex
3257 1885 3528 1942 Industria

288 1986 592 2050 πείθοιντο,
628 1989 780 2056 φησὶ,
833 1988 942 2041 τῶν
979 1989 1263 2057 κοσμικῶν
1298 1987 1604 2057 ἀποστῆναι
1639 1986 1864 2055 φροντί-

289 2080 425 2143 δων,
458 2081 580 2133 τότε
639 2082 734 2133 καὶ
783 2079 1306 2150 καθαιρεθήσονται.
1358 2078 1419 2131 Ei
1453 2078 1509 2131 δὲ
1544 2078 1861 2140 ἀποσταῖεν,

288 2171 437 2224 ὥστε
475 2173 676 2240 μηκέτι
707 2173 975 2240 δημοσίας
1021 2172 1265 2241 μετιέναι
1294 2172 1606 2240 διοικήσεις,
1640 2170 1731 2222 ἐπὶ
1751 2172 1864 2231 τοῖς

291 2263 536 2331 φθάσασι
581 2265 1119 2333 συγγνωσθήσονται.

381 2442 440 2494 Ὀ
468 2441 524 2495 δὲ
565 2441 655 2509 πγ¹
682 2446 1003 2507 ἐπίσκοπον,
1026 2436 1067 2512 ῆ’
1094 2443 1490 2512 πρεσϐύτερον,
1523 2443 1555 2512 ἢ
1592 2442 1862 2505 διάκονον,

294 2533 384 2585 ἔτι
449 2535 502 2586 τὸ
556 2534 831 2602 ἱερατικὸν
901 2535 1285 2603 περικείμενον
1345 2532 1548 2601 σχῆμα,
1610 2534 1867 2605 στρατείᾳ

296 2626 635 2695 σχο“·άζοντα
672 2667 687 2687 ,
758 2626 1164 2695 στρατιωτικῶν
1254 2627 1598 2695 πραγμάτων
1664 2624 1869 2695 δηλαδὴ

298 2719 637 2787 διοικήσεσιν
687 2719 765 2788 (οὐ
802 2721 908 2788 γάρ
965 2718 1063 2787 τὴν
1114 2718 1234 2787 μεθ’
1259 2719 1437 2771 ὅπλων
1474 2716 1707 2769 ἐνταῦθά
1734 2733 1868 2785 φησι

301 2809 750 2878 μεταχείρησιν),
779 2809 884 2860 ὑπὸ
921 2810 1238 2878 καθαίρεσιν
1272 2808 1501 2876 τίθησιν·
1538 2809 1725 2870 Οὐδεὶς
1760 2806 1867 2876 γὰρ

292 2898 525 2952 δύναται
569 2900 694 2953 δυσὶ
728 2901 938 2970 κυρίοις
985 2900 1280 2965 δουλεύειν,
1313 2899 1453 2952 κατὰ
1485 2901 1545 2951 τὸ
1571 2900 1770 2967 λόγιον.

385 3079 445 3128 ’0
489 3077 545 3131 δὲ
591 3080 690 3147 τῆς
742 3076 783 3130 δ’
831 3078 1050 3130 συνόδου
1118 3076 1163 3143 ζ’
1201 3079 1325 3140 τοὺς
1374 3078 1624 3143 καθάπαξ
1674 3080 1731 3131 ὲν
1792 3080 1869 3149 τῷ

1967 1983 2265 2052 explicans,
2328 1981 2440 2035 Nisi
2504 1980 2797 2042 voluerint,
2848 1979 3043 2048 inquit,
3092 1992 3121 2030 a
3173 1976 3531 2033 secularibus

1968 2075 2113 2128 curis
2162 2073 2456 2135 abstinere,
2489 2079 2620 2125 tunc
2670 2071 2854 2127 statim
2902 2071 3259 2139 deponentur.
3315 2069 3371 2123 Si
3402 2084 3533 2123 vero

1969 2164 2356 2225 abstinuerint.
2407 2164 2477 2217 ita
2520 2170 2579 2217 ut
2637 2178 2744 2216 non
2795 2162 3030 2231 amplius
3062 2161 3306 2231 publicas
3336 2176 3530 2231 aggre-

1968 2254 2188 2307 diantur
2239 2252 2763 2315 administrationes,
2821 2266 3010 2305 eorum
3057 2252 3257 2321 quibus
3308 2248 3534 2305 fuerunt

1968 2344 2213 2412 occupati
2248 2343 2403 2397 venia
2445 2342 2683 2396 dabitur.

2043 2434 2201 2504 166
2234 2431 2614 2500 Octogesimus
2675 2432 2868 2486 tertius
2912 2445 3042 2485 vero
3091 2435 3405 2501 episcopum
3449 2430 3535 2486 vel

1970 2528 2351 2596 presbyterum
2392 2523 2476 2577 vel
2510 2524 2801 2578 diaconum
2841 2523 2954 2593 (qui
2981 2524 3161 2577 adhuc
3209 2524 3535 2579 sacerdotali

1971 2617 2215 2669 induitur
2234 2614 2446 2683 habitu)
2469 2613 2733 2669 exercitui
2764 2623 3067 2679 vacantem,
3095 2614 3408 2667 militarium
3429 2617 3541 2669 sci-

1972 2706 2098 2760 licet
2154 2721 2335 2760 rerum
2369 2705 2829 2761 administrationi
2874 2707 3007 2774 (non
3055 2705 3199 2759 enim
3218 2720 3337 2774 qua:
3368 2708 3539 2759 armis

1973 2795 2030 2848 lit
2058 2797 2148 2850 bic
2169 2796 2303 2850 dicit
2328 2793 2730 2865 tractationem)
2748 2795 3075 2865 depositioni
3096 2795 3316 2863 subjicit
3334 2813 3349 2852 :
3368 2795 3539 2849 Nemo

1971 2888 2140 2952 enim,
2172 2888 2327 2954 juxta
2354 2901 2570 2942 sacrum
2595 2886 2902 2953 oraculum,
2935 2886 3149 2942 duobus
3175 2887 3410 2942 dominis
3441 2902 3535 2956 po—

1974 2986 2078 3033 test
2098 2979 2325 3036 servire.

2043 3070 2263 3137 Quarta:
2296 3070 2489 3142 synodi
2516 3071 2547 3123 7
2580 3084 2757 3125 canon
2793 3085 2887 3127 eos
2936 3072 3029 3141 qui
3078 3072 3131 3126 in
3180 3072 3327 3127 clero
3367 3082 3534 3127 semel

294 3170 490 3239 κλήρῳ
521 3170 999 3239 κατειλεγμένους,
1028 3171 1060 3234 ἢ
1093 3170 1388 3237 μοναστὰς,
1425 3170 1561 3238 μήτε
1588 3172 1678 3221 ἐπὶ
1702 3187 1868 3240 στρα-
1897 3190 1939 3247 C

1897 3190 1939 3247 ο
1973 3164 2210 3220 ordinati
2247 3172 2397 3226 sunt,
2432 3173 2487 3218 et
2512 3163 2695 3217 itidem
2729 3164 3047 3227 monachos,
3097 3178 3195 3219 nec
3223 3164 3292 3219 ad
3333 3166 3536 3218 utilita-

292 3263 474 3325 τείαν,
514 3264 653 3331 μήτε
685 3263 776 3313 ἐπὶ
824 3261 1100 3330 κοσμικὴν
1146 3259 1304 3324 ἀξίαν
1336 3260 1596 3329 ἔρχεσθαι
1635 3261 1867 3327 κελεύει,

298 3355 366 3406 τὸ
422 3354 563 3422 ἱερὸν
625 3354 1075 3422 ἀποδυσαμένους
1125 3354 1335 3422 σχῆμα,
1373 3354 1468 3405 καὶ
1505 3353 1867 3422 μετενδύντας

296 3447 439 3511 ὅπερ
469 3444 601 3513 πρὸς
625 3446 779 3506 ἔθους
803 3446 1054 3508 ἐκείνοις,
1086 3445 1119 3513 ῆ
1153 3444 1278 3503 τοὺς
1332 3445 1490 3496 τοῦτο
1525 3444 1868 3511 τολμῶντας,

296 3538 398 3587 καὶ
438 3537 510 3604 μὴ
542 3536 1036 3604 μεταμελομένους,
1072 3535 1205 3604 μηδὲ
1248 3535 1307 3587 τὸ
1336 3535 1670 3604 κατάλληλον
1712 3536 1872 3601 αὖθις

291 3628 375 3697 τῷ
419 3627 548 3695 ἱερῴ
576 3626 676 3694 βίῳ
710 3626 897 3693 σχῆμα
933 3625 1472 3693 μεταλαμϐάνοντας,
1503 3628 1529 3679 δ
1558 3631 1687 3697 πρὶν
1730 3630 1870 3682 κατά

296 3717 438 3770 Θεὸν
473 3718 699 3779 εἴλοντο,
752 3715 1253 3784 ἀναθεματίζεσθαι
1289 3716 1451 3781 ἀξιοῖ.
1507 3719 1705 3771 Οὐκέτι
1761 3719 1868 3789 γὰρ

298 3808 623 3874 καθαιρέσει
675 3808 703 3857 ὁ
775 3805 988 3857 τοιοῦτό
1035 3824 1087 3858 τι
1134 3805 1410 3874 τολμήσας
1460 3807 1866 3861 ὑποϐάλλεται*

302 3898 429 3950 ἐπεί
454 3896 535 3949 τοί
569 3913 630 3962 γε
657 3895 862 3964 ταύτην
895 3896 1055 3958 αὐτὸς
1089 3894 1282 3948 ἑαυτοῦ
1317 3897 1407 3948 καὶ
1439 3897 1545 3965 πρὸ
1576 3900 1869 3969 καταδίκης

302 3988 743 4056 κατεψηφίσατο,
786 3986 1195 4055 ἀπογυμνώσας
1226 3987 1421 4039 ἑαυτὸν
1450 3988 1548 4056 τῆς
1587 3990 1870 4059 ἱερατικῆς

303 4080 645 4146 ἀμπεχόνης,
697 4078 789 4129 καὶ
827 4078 1013 4137 λαῖκδς
1056 4076 1317 4142 γεγονώς.
1368 4079 1527 4147 Ζήτει
1575 4082 1669 4132 καὶ
1706 4082 1766 4133 τὸ
1804 4083 1869 4132 ιγ’

302 4171 605 4237 κεφάλαιον
636 4169 729 4221 τοῦ
766 4172 802 4221 Ε
847 4169 1136 4239 στοιχείου.

388 4262 446 4314 ὐ
486 4262 540 4314 δὲ
575 4262 672 4329 τῆς
711 4261 1008 4330 λεγομένης
1045 4258 1270 4330 πρώτης
1309 4263 1403 4315 καὶ
1454 4264 1716 4333 δευτέρας
1745 4283 1837 4317 συν

304 4354 428 4403 ὁδον
481 4352 659 4403 κανὼν
694 4351 977 4412 ἑνδέκατος
1027 4351 1151 4413 τοὺς
1190 4352 1453 4423 ῥηθέντας
1485 4354 1715 4415 κανόνας
1747 4357 1867 4407 ἑπι-

302 4442 510 4509 κυρὼν.
562 4442 655 4492 καὶ
712 4441 779 4492 τά
826 4444 1048 4493 ἐκείνων
1077 4441 1333 4505 ἐπεξιὼν,
1366 4443 1559 4510 ἐπάγει
1583 4444 1677 4506 ὡς,
1710 4446 1868 4507 εἴτις

1971 3273 2086 3312 rem
2133 3257 2526 3320 conditionem,
2577 3270 2677 3310 nec
2737 3257 2803 3309 ad
2852 3255 3169 3310 saecularem
3218 3255 3538 3326 dignitatem

1970 3351 2157 3405 venire
2202 3349 2376 3418 jubet,
2417 3362 2638 3403 sacrum
2692 3347 3003 3415 rejicientes
3060 3347 3329 3414 habitum,
3362 3361 3416 3404 et
3444 3350 3539 3418 qui

1971 3456 2068 3511 pro
2102 3455 2254 3494 more
2299 3439 2367 3493 ad
2416 3439 2537 3493 illos
2596 3440 2899 3508 pertinebat
2951 3441 3260 3497 induentes.
3303 3442 3404 3509 Qui
3439 3445 3521 3496 lim

1971 3532 2171 3585 audent
2194 3538 2248 3584 et
2276 3544 2385 3584 non
2413 3540 2826 3595 convertuntur,
2878 3546 3053 3601 neque
3092 3547 3284 3589 rursus
3311 3534 3379 3588 ad
3430 3534 3498 3589 ha

1971 3625 2143 3678 bitum
2187 3623 2363 3684 illum,
2394 3637 2555 3692 quem
2585 3631 2803 3692 propter
2844 3623 3015 3678 Deum
3049 3626 3203 3692 prius
3235 3627 3507 3697 elegeran'

1972 3723 2181 3770 mutato
2206 3714 2443 3767 consilio
2471 3722 2843 3778 revertuntur,
2869 3714 3316 3768 anatltematizari
3343 3716 3539 3784 dignos

1968 3808 2195 3877 iudicat.
2227 3804 2477 3860 Nondum
2520 3806 2666 3858 enim
2701 3804 3025 3874 depositioni
3052 3806 3098 3859 is
3128 3806 3222 3874 qui
3258 3807 3362 3861 tale
3406 3810 3539 3876 qniu

1973 3898 2156 3960 audet,
2190 3897 2520 3964 subjicitur;
2549 3895 2989 3965 quandoquidem
3041 3896 3153 3965 ipse
3204 3896 3349 3952 illius
3380 3897 3431 3950 in
3480 3914 3539 3952 σο

1972 3992 2294 4046 sententiam
2334 3989 2456 4042 tulit
2498 3987 2663 4042 etiam
2696 3996 2823 4040 ante
2852 3986 3384 4050 condemnationem,
3442 3994 3537 4059 qui

1974 4095 2032 4134 se
2059 4095 2211 4134 sacra
2241 4088 2389 4133 veste
2437 4077 2608 4141 exuit,
2663 4085 2717 4131 et
2747 4076 2921 4131 laicus
2970 4076 3149 4132 factus
3182 4088 3282 4133 est.
3311 4077 3444 4134 Vide
3486 4092 3540 4134 et

1976 4172 2040 4225 15
2073 4179 2232 4239 caput
2263 4170 2455 4224 litterae
2490 4168 2553 4221 E.

2048 4262 2379 4317 Undecimus
2420 4262 2609 4331 prima:
2656 4268 2709 4315 et
2738 4260 2989 4314 secundae
3037 4258 3193 4315 dicta:
3230 4259 3420 4330 synodi
3450 4277 3529 4317 ca-

1976 4368 2103 4417 non,
2162 4354 2337 4408 dictos
2401 4367 2636 4407 canones
2697 4352 3048 4417 conﬁrmans,
3099 4364 3152 4407 et
3200 4369 3317 4421 quae
3366 4354 3420 4407 in
3468 4355 3540 4409 iis

1974 4458 2099 4499 sunt
2149 4460 2483 4514 persequens
2523 4443 2698 4509 addit,
2742 4444 2885 4512 quod
2933 4442 2979 4496 si
3022 4443 3148 4511 quis
3192 4445 3536 4498 sacerdomm

302 4534 414 4585 τῶν
469 4533 697 4601 ἱερέων,
734 4532 765 4601 ἦ
807 4534 1090 4595 διακόνων,
1151 4534 1183 4603 ἣ
1225 4536 1358 4596 ὅλως
1410 4535 1519 4586 τῶν
1568 4538 1625 4587 ὲν
1683 4536 1869 4607 κλήρῳ
1905 4527 1950 4584 D

1905 4527 1950 4584 Ι)
1980 4538 2059 4589 vel
2100 4538 2454 4589 diaconorum
2486 4534 2569 4589 vel
2601 4534 2827 4587 omnino
2850 4548 3039 4588 eorum
3064 4534 3155 4602 qui
3184 4533 3237 4587 in
3263 4535 3408 4589 clero
3434 4552 3538 4589 nuo

300 4624 802 4692 κατηριθμημένων
859 4627 1128 4691 κοσμικὰς
1200 4626 1372 4693 ἀρχὰς
1426 4626 1522 4678 καὶ
1582 4629 1866 4695 φροντίδας

305 4714 765 4783 μεταχειρίζοιτο,
798 4714 830 4782 ἢ
873 4717 1271 4785 κουρατορείας
1318 4717 1650 4787 ἀναδέχοιτο,
1679 4719 1867 4773 τοῦτον

297 4805 395 4857 τοῦ
427 4804 627 4856 οἰκείου
678 4805 881 4873 κλήρου
932 4804 1247 4857 διώκεσθαιλ
1282 4807 1343 4858 οὑ
1387 4808 1493 4877 γὰρ
1530 4804 1637 4861 οἷόν
1666 4828 1723 4862 τε
1748 4810 1863 4862 δυσλ

303 4895 664 4962 προσανέχειν
701 4895 936 4963 κυρίοις,
976 4894 1049 4956 ὡς
1079 4894 1311 4964 ἔφημεν.

388 4984 447 5035 ὐ
485 4984 540 5035 δὲ
582 4984 682 5051 τῆς
723 4989 781 5036 ιν
811 4984 1143 5055 Καρθαγένῃ
1181 4984 1254 5049 ις’
1284 4987 1635 5051 ἐπισκόπους,
1667 4987 1699 5059 ἢ
1736 5007 1837 5059 πρε

304 5075 617 5143 σϐυτέρους,
651 5075 684 5144 ἢ
718 5076 1025 5138 διακόνους,
1048 5076 1387 5145 ὲκλήπτορας
1415 5077 1711 5143 ἀλλοτρίων
1737 5097 1867 5150 κτηο

308 5167 518 5234 μάτων,
558 5166 591 5234 ἢ
622 5168 1090 5236 προκουράτορας,
1144 5168 1244 5220 εἴτ’
1269 5164 1362 5221 οὖν
1392 5172 1735 5239 φροντιστὰς,
1771 5173 1865 5225 καὶ

304 5258 606 5326 διοικητὰς,
660 5259 988 5326 ἐπισκήπτει
1037 5259 1111 5328 μὴ
1158 5259 1425 5326 γίνεσθαι,
1466 5260 1602 5329 μηδὲ
1632 5261 1695 5313 ἔκ
1725 5280 1867 5324 τινος

306 5348 535 5417 αἰσχροῦ
565 5350 657 5400 καὶ
692 5349 889 5419 ἀτίμου
925 5349 1251 5418 πράγματος
1289 5349 1493 5420 τροφὴν
1518 5350 1864 5419 πορίζεσθαι·

311 5456 329 5487 ι
359 5439 548 5499 Οὐδεὶς
584 5439 713 5505 γὰρ,
747 5442 904 5507 φησὶ,
938 5440 1370 5507 στρατευρμενος
1393 5439 1727 5508 ἐμπλέκεται
1748 5444 1865 5504 ταῖς

301 5530 397 5582 τοῦ
430 5529 545 5597 βεου
575 5531 1005 5599 πραγματείαις,
1032 5548 1049 5580 ι
1079 5530 1172 5582 καὶ
1218 5531 1286 5581 τὰ
1318 5530 1461 5598 ἑξῆς.
1500 5531 1734 5599 Αἰσχρὺν
1767 5534 1865 5600 μὲν

303 5617 397 5669 οὖν
425 5616 491 5668 ἂν
546 5618 630 5686 εἴη
666 5619 828 5687 τυχὸν
862 5618 922 5669 τὸ
971 5620 1356 5687 πορνοϐοσκεῖν
1384 5636 1395 5649 ·
1449 5621 1642 5689 ἄτιμον
1700 5622 1754 5673 δὲ
1807 5622 1866 5674 τὸ

305 5710 605 5777 καπηλείου
647 5712 1029 5779 προΐστασθαι.

385 5799 446 5853 Ὀ
473 5800 529 5853 δὲ
563 5802 869 5867 ἀγιώτατος
907 5805 1249 5871 πατριάρχης
1302 5804 1509 5865 Λουκᾶς
1559 5805 1651 5859 καὶ
1698 5823 1831 5871 αυρε

623 5898 863 5957 ΡΑτιιοιρ
928 5898 1045 5960 Gn.
1075 5898 1324 5962 CXLIV.

1975 4628 2167 4680 literati
2202 4636 2349 4691 sunt,
2402 4624 2685 4681 smcularia
2716 4623 2892 4679 cilicia
2938 4624 3022 4677 vel
3073 4638 3232 4679 curas
3267 4639 3531 4690 assumat,

1975 4718 2055 4771 vel
2086 4718 2397 4771 curationes
2430 4715 2713 4784 suscipiat,
2735 4714 2782 4769 is
2812 4729 2877 4768 ex
2904 4728 3005 4769 suo
3028 4714 3173 4768 clero
3190 4716 3480 4783 expellatu:

1974 4824 2079 4863 non
2114 4812 2260 4863 enim
2308 4809 2569 4878 possibile
2596 4816 2679 4864 est
2710 4807 2922 4863 duobus
2962 4807 3241 4864 adhaerere
3274 4809 3535 4873 dominis,

1971 4909 2029 4952 ut
2060 4901 2318 4954 diximus.

2039 4990 2485 5060 Cartbaginensis
2523 4989 2588 5045 16
2620 4990 2906 5060 episcopos
2956 4988 3040 5045 vel
3074 4991 3421 5062 presbyteros
3456 4992 3531 5037 ςτι

1969 5083 2269 5145 diaconos,
2326 5083 2689 5137 conductores
2753 5082 2944 5135 aliena:
2998 5082 3361 5150 possessionis
3452 5084 3529 5115 κ·

1971 5182 2355 5241 procuratores
2386 5174 2468 5227 vel
2503 5172 2979 5227 administratores
3006 5175 3090 5226 vel
3117 5183 3395 5227 curatores
3427 5190 3534 5226 mu

1972 5263 2084 5316 tieri
2141 5262 2397 5332 iniungit,
2434 5278 2612 5332 neque
2665 5279 2730 5317 ex
2781 5263 2926 5333 turpi
2980 5263 3161 5332 aliquo
3205 5273 3259 5317 et
3306 5265 3530 5317 sordido

1970 5357 2189 5423 negotio
2223 5356 2421 5408 victum
2474 5355 2575 5409 sibi
2614 5367 2807 5424 parare
2847 5368 2861 5406 ι
2908 5372 2925 5403 t
2964 5353 3134 5408 Nemo
3180 5355 3403 5416 etenim,
3454 5354 3535 5407 iu~

1971 5447 2109 5511 quit,
2167 5444 2428 5508 militans,
2484 5444 2715 5512 negotiis
2772 5458 2893 5512 qua:
2942 5444 3008 5497 ad
3061 5445 3226 5498 vitam
3285 5452 3533 5513 spectant

1971 5534 2293 5603 implicatur,
2331 5553 2347 5584 ι
2404 5546 2459 5588 et
2511 5550 2630 5603 quae
2691 5545 3014 5603 sequuntur.
3052 5532 3232 5605 Turpe
3279 5538 3527 5605 eQuEiIrrr

1970 5624 2150 5690 fuerit,
2184 5626 2417 5695 exempli
2450 5641 2639 5691 causa,
2694 5626 2970 5680 lenoniam
3019 5641 3270 5681 exercere
3309 5646 3320 5679 :
3354 5629 3498 5680 50'le

1968 5717 2096 5770 dum
2132 5730 2263 5771 vero
2293 5718 2618 5786 cauponari.

2040 5806 2429 5864 Sanctissimus
2489 5823 2613 5863 vero
2652 5808 2962 5878 patriarcha
3013 5807 3185 5861 Lucas
3234 5815 3530 5876 unguenta-

3101 5902 3174 5962 44
