4214 6434
648 386 782 452 1387

1836 392 2207 457 ΜΑΤΤΗΕΙ
2248 395 2680 458 BLASTABIS

3763 395 3917 464 1358

643 509 754 562 rias
786 503 1035 563 officinas
1068 506 1153 563 vel
1182 508 1399 563 lavacra
1448 521 1477 563 a
1511 506 1729 567 clericis
1756 511 2002 567 exerceri
2045 509 2227 581 prohi-

2327 511 2464 583 ψικά
2490 514 2832 585 ἐργαστήρια
2861 512 2894 584 ἢ
2926 513 3131 586 λουτρά
3159 517 3292 588 πρὸς
3317 516 3426 571 τῶν
3451 518 3729 591 κληρικῶν
3755 522 3920 593 mp-

642 600 785 668 buit,
813 611 1069 672 tanquam
1098 600 1275 671 turpis
1303 601 1443 657 lucri
1471 611 1526 658 et
1555 603 1967 659 mendaciorum
2000 617 2221 658 causas.

1256 782 1333 839 De
1365 785 1601 839 medicis.

712 893 899 962 NeQue
948 909 1115 966 porro
1154 894 1415 951 diaconos
1452 896 1698 952 medicos
1749 896 1892 951 ﬁerit
1926 896 2220 962 concessit,

638 985 922 1042 medicinae
953 1001 1172 1057 operam
1213 986 1439 1052 dantes,
1488 1003 1598 1043 non
1643 988 1945 1043 convenire
1985 988 2211 1053 dicens,

640 1078 823 1150 utqui
874 1095 999 1134 cum
1054 1079 1259 1133 casulis
1316 1092 1505 1135 sancta
1558 1088 1815 1147 tractant,
1865 1082 2221 1137 saecularibus

639 1173 886 1229 vestibus
916 1172 1231 1238 induantur,
1288 1181 1345 1227 et
1396 1188 1520 1228 cum
1575 1174 1728 1228 laicis
1781 1174 1939 1240 viris,
1994 1174 2223 1230 medicis

637 1263 872 1326 scilicet,
916 1261 1195 1317 incedant.
1230 1261 1354 1317 Fuit
1396 1265 1558 1317 etiam
1606 1262 1853 1334 ejusdem
1887 1265 2223 1334 patriarchas

640 1355 958 1421 declaratio,
1005 1370 1128 1425 quae
1172 1356 1502 1424 depositioni
1551 1358 1786 1427 subjecit
1841 1358 2099 1422 clericos,
2128 1359 2222 1427 qui

636 1448 922 1501 saecularia
954 1457 1010 1503 et
1043 1447 1261 1517 publica
1310 1448 1698 1503 administrant
1730 1451 1947 1520 negotia
1974 1466 1988 1515 ;
2025 1458 2076 1502 et
2108 1448 2215 1503 alia

638 1539 964 1609 patriarcha:
997 1537 1247 1603 Joannis,
1275 1555 1398 1608 qua:
1432 1540 1698 1595 diaconos
1729 1551 1780 1595 et
1817 1540 1955 1594 alios
1989 1540 2222 1594 clericos

638 1632 693 1683 in
726 1631 962 1699 publicis
991 1629 1224 1699 negotiis
1263 1631 1470 1685 versari
1497 1648 1604 1684 non
1631 1631 1894 1700 permittit
1922 1647 1937 1697 ;
1973 1645 2136 1700 porro
2170 1637 2225 1683 et

636 1723 964 1792 patriarchae
1019 1721 1301 1777 Michaelis
1365 1722 1637 1784 Anchiali.
1704 1722 1987 1777 saecularia
2047 1721 2224 1777 ollicia

638 1813 725 1867 vel
777 1822 1097 1868 exactorum
1155 1821 1456 1881 potestates
1492 1812 1576 1866 vel
1626 1815 1942 1869 curationes
1991 1813 2223 1869 clericos

638 1922 750 1963 non
784 1908 1067 1976 suscipere
1099 1908 1351 1979 injungit.

1208 2176 1646 2231 Cousueludincs.

714 2290 851 2347 Cum
883 2306 1017 2347 vero
1046 2293 1081 2347 4
1110 2306 1288 2347 canon
1322 2308 1446 2363 syn.
1483 2300 1714 2361 quartae,
1764 2306 1865 2347 nec
1914 2308 2024 2346 non
2054 2292 2218 2347 etiam

638 2382 674 2437 ι
708 2382 899 2452 prima:
924 2381 1266 2439 etsecunda:
1302 2382 1496 2451 synodi
1540 2384 1705 2451 (quos
1739 2390 1793 2436 et
1821 2383 2046 2438 consule
2074 2383 2131 2437 in
2152 2399 2221 2441 xv

639 2478 820 2546 capite
881 2476 1077 2530 litterae
1109 2474 1205 2545 id),
1264 2489 1372 2530 non
1423 2474 1712 2544 prohibent
1771 2475 2076 2545 episcopos,
2124 2475 2225 2530 ali—

640 2568 858 2637 quando
884 2568 987 2624 sibi
1032 2567 1302 2638 subjectis
1344 2568 1656 2634 monacbis,
1684 2583 1794 2622 non
1822 2567 2001 2624 solum
2037 2584 2220 2622 rerum

639 2660 1138 2717 ecclesiasticarum
1175 2660 1714 2716 administrationem
1765 2660 2087 2727 concedere,
2126 2660 2225 2714 sed

641 2768 705 2809 ea
732 2754 896 2808 etiam
928 2769 1050 2823 quas
1086 2754 1153 2808 ad
1199 2753 1366 2809 vitam
1398 2753 1675 2823 pertinent
1728 2755 1811 2808 vel
1859 2752 2139 2809 saecularia
2169 2761 2225 2808 et

641 2846 854 2913 civilia;
887 2847 1031 2917 quod
1065 2847 1237 2901 multo
1266 2845 1443 2916 magis
1488 2844 1917 2913 imperatoribus
1957 2844 2227 2899 concede-

645 2949 765 3005 tur,
805 2940 898 3010 qui
933 2938 1115 2993 solent
1145 2947 1368 2993 sanctos
1394 2951 1637 2992 canones
1666 2935 1928 3007 religioso
1956 2944 2011 2990 et
2034 2933 2222 2988 divino

643 3032 872 3089 consilio
906 3040 1140 3087 mutare.
1198 3031 1335 3087 Cum
1372 3044 1614 3086 canones
1654 3030 1802 3085 enim
1839 3028 2224 3099 episcoporum

642 3128 944 3181 electiones
975 3125 1249 3195 episcopis
1280 3122 1581 3194 provinciae
1613 3121 2034 3186 commiserunt,
2062 3120 2227 3176 nulli-

642 3234 751 3289 que
782 3218 1090 3288 principum
1146 3216 1309 3270 licere
1361 3214 1450 3270 his
1514 3213 1931 3269 communicare
1972 3213 2225 3282 jubeant,

644 3315 1008 3383 imperatores
1083 3310 1249 3365 etiam
1308 3307 1432 3362 sine
1502 3308 1893 3376 episcoporum
1948 3304 2231 3371 suﬂ‘ragiis

649 3406 998 3474 patriarchas
1029 3413 1085 3458 et
1110 3403 1404 3473 episcopos
1452 3407 1663 3455 creant.
1710 3398 2006 3468 Propterea
2042 3397 2233 3467 igitur,

646 3507 705 3552 ut
736 3497 966 3561 videtur,
1002 3497 1107 3552 sub
1134 3495 1470 3566 imperatore
1514 3492 1780 3548 Michaele
1810 3492 1982 3557 Duca,
2031 3500 2239 3547 metro-

646 3591 927 3661 politanus
957 3589 1049 3644 ille
1080 3586 1239 3642 Sides
1274 3585 1491 3655 imperii
1542 3585 1760 3656 negOtia
1788 3583 2234 3649 administrabat,

652 3684 810 3756 167
864 3690 919 3737 et
970 3680 1434 3738 Neocaesariensis
1484 3679 1938 3748 metropolitanus
1998 3679 2236 3735 civitatis

648 3774 868 3846 negotia
911 3775 963 3828 in
1020 3784 1141 3828 acta
1171 3772 1379 3837 retulit,
1407 3780 1464 3826 et
1510 3771 1652 3841 apud
1679 3785 1779 3826 nos
1824 3769 2027 3840 Nipbo,
2055 3770 2237 3841 Cyzici

648 3866 1018 3936 metropolita,
1071 3873 1126 3917 et
1179 3862 1603 3932 rescriptionem
1654 3869 1710 3916 et
1767 3864 1952 3916 omnia
2018 3862 2233 3932 publica

651 3958 955 4013 ministeria
986 3954 1255 4012 exercuit.

1346 4069 1524 4139 Leges.

724 4185 1066 4255 Octogesima
1112 4189 1267 4238 sexta
1315 4180 1528 4235 novella
1565 4180 1695 4250 imp.
1728 4178 1929 4234 Leonis
1969 4177 2233 4244 decernit,

656 4288 717 4333 ut
748 4291 924 4347 neque
948 4275 1266 4345 cpiscopus,
1287 4286 1465 4342 neque
1491 4271 1637 4326 ullus
1666 4270 1901 4325 clericus
1926 4269 2239 4323 advocatio-

658 4372 844 4437 nibus,
865 4370 948 4423 vel
972 4365 1439 4423 conductionibus
1458 4363 1543 4419 vel
1570 4362 2020 4434 lidejussionibus
2044 4368 2232 4426 vacet;

656 4465 974 4534 quicunque
996 4473 1126 4514 vero
1155 4458 1260 4511 tale
1279 4456 1409 4526 quid
1428 4453 1577 4518 facit,
1598 4454 1651 4508 in
1678 4453 1898 4521 aliquod
1916 4463 2131 4523 tempus
2158 4466 2238 4507 se-

2328 605 2545 673 γεῖσθαι
2574 606 2901 677 ἀπείρηκεν,
2929 605 3004 669 ὠς
3035 609 3265 681 αίσχροῢ
3295 610 3517 681 κέρδους
3548 616 3642 667 καὶ
3670 612 3921 682 ψεύδους

2330 701 2623 770 παραίτια.

2908 794 3047 863 Περὶ
3096 795 3336 863 ίατρὼν.

2398 908 2533 962 Οὔτε
2598 909 2706 979 μὴν
2761 911 2967 979 ίατρῶν
3040 910 3356 981 ἐξηγεῖσθαι
3432 909 3559 978 τοῦς
3624 917 3922 980 διακόνους

2327 997 2662 1069 παρεχώρει,
2714 1000 2973 1071 ἰατρικῆς
3004 1004 3100 1055 καὶ
3133 1004 3331 1065 αὐτοὺς
3366 1008 3919 1078 μεταποιουμένους,

2330 1090 2404 1161 μὴ
2452 1091 2691 1143 ἑοικέναι
2752 1092 2928 1160 λέγων
2974 1096 3099 1157 τοὺς
3160 1096 3299 1164 μετὰ
3330 1097 3632 1167 στιχαρίων
3667 1100 3739 1152 τὰ
3774 1101 3919 1168 ἅγια

2330 1183 2885 1252 μεταχειριζομένους
2934 1187 3210 1255 κοσμικὰς
3244 1188 3436 1250 στολὰς
3471 1189 3780 1257 ἐνδύεσθαι,
3816 1195 3920 1245 καὶ

2328 1274 2469 1345 μετὰ
2498 1274 2709 1331 λαϊκῶν
2765 1277 3009 1346 ἀνδρῶν,
3042 1280 3150 1332 τῶν
3186 1281 3412 1349 ίατρῶν,
3455 1283 3621 1352 φημὶ,
3655 1300 3921 1354 προπομ-

2326 1366 2535 1421 πεύειν.
2568 1369 2767 1437 Γέγονε
2790 1370 2847 1423 δὲ
2875 1373 2969 1422 καὶ
2996 1388 3061 1441 ση
3071 1372 3289 1439 μείωμα
3314 1373 3407 1425 τοῦ
3432 1375 3600 1427 αὑτοῦ
3636 1377 3921 1446 πατριάρο

2326 1475 2442 1529 χου,
2506 1460 2801 1530 ἀφορισμῷ
2854 1462 3270 1518 καθυποὸάλλον
3327 1467 3457 1530 τοὺς
3507 1470 3754 1536 κοσμικά
3812 1471 3921 1522 καὶ

2326 1553 2562 1621 δημόσια
2623 1555 2929 1624 πράγματα
2971 1556 3384 1628 διενεργοῦντας
3445 1558 3744 1631 κληρικούς
3769 1579 3783 1593 ·
3812 1564 3920 1615 καὶ

2324 1646 2516 1717 ἕτερον
2565 1648 2660 1701 τοῦ
2707 1649 3053 1719 πατριάρχου
3094 1650 3347 1705 Ἰωάννου
3377 1693 3393 1718 ,
3445 1653 3521 1721 μὴ
3584 1655 3918 1726 συγχωροῦν

2323 1738 2610 1802 διακόνους
2636 1740 2667 1811 ἢ
2692 1742 2911 1812 ἑτέρους
2946 1743 3241 1812 κληρικοὺς
3270 1745 3509 1817 δημοσίᾳ
3536 1753 3869 1819 συνηγορεῖν
3895 1767 3911 1781 ·

2327 1830 2408 1885 ἔτι
2442 1832 2499 1885 δὲ
2558 1835 2654 1887 καὶ
2697 1834 2793 1887 τοῦ
2822 1837 3165 1908 πατριάρχου
3204 1838 3426 1908 Μιχαὴλ
3458 1840 3555 1892 τοῦ
3590 1840 3914 1911 Ἀγχιάλου,

2254 1918 2298 1974 Β
2328 1927 2568 1996 κοσμικά
2612 1926 2845 1997 ὀφφίκια
2882 1929 2914 1999 ἢ
2957 1930 3336 1999 πρακτορικάς
3366 1933 3672 2003 ἐνεργείας,
3703 1936 3736 2003 ἢ
3777 1952 3916 1988 xeo-

2327 2020 2639 2089 ρατορείας,
2672 2021 2802 2087 τοὺς
2854 2021 3152 2092 κληρικοίις
3204 2024 3551 2093 ὲπισκῆπτον
3599 2026 3676 2098 μὴ
3709 2026 3916 2082 ἀναδέ-

2321 2113 2536 2182 χεσθαι.

2940 2208 3261 2277 Συνήθειαι

2407 2322 2562 2374 Ἐπεὶ
2598 2321 2652 2373 δὲ
2683 2324 2710 2375 ὁ
2750 2322 2791 2374 δ’
2833 2323 3018 2376 κανὼν
3063 2323 3165 2395 τῆς
3197 2323 3240 2378 δ’
3280 2325 3523 2390 συνόδου,
3560 2327 3700 2382 ἀλλά
3723 2326 3791 2399 δὴ
3815 2328 3919 2382 καὶ

2323 2413 2353 2466 ὁ
2376 2412 2417 2465 δ’
2446 2415 2546 2481 τῆς
2586 2422 2633 2467 α’
2671 2418 2769 2470 καὶ
2824 2414 2867 2485 β’
2892 2417 3113 2471 συνόδου
3159 2418 3177 2488 (
3209 2417 3301 2481 οὓς
3343 2419 3437 2471 καὶ
3489 2420 3643 2488 ζήτει
3679 2421 3824 2474 κατά
3849 2421 3919 2473 τὸ

2327 2505 2388 2559 ιε’
2422 2506 2725 2577 κεφάλαιον
2772 2508 2866 2561 τοῦ
2920 2510 2975 2563 Μ
3024 2511 3352 2580 στοιχείου),
3380 2512 3442 2565 οὐ
3478 2512 3753 2565 κωλύουσι
3781 2513 3921 2576 τοὺς

2326 2600 2692 2667 ἐπισκόπους,
2746 2602 2860 2655 ἐσθ’
2890 2603 2979 2655 ὅτε
3034 2606 3148 2665 τοῖς
3190 2603 3285 2656 ὑπ’
3310 2604 3513 2668 αὐτοὺς
3552 2605 3916 2665 ἀνατιθέντας
3972 2651 3981 2659 .

2330 2694 2586 2764 μοναχοῖς
2618 2694 2678 2746 οὐ
2730 2696 2894 2764 μόνον
2930 2696 3412 2765 ἑκκλησιαστικῶν
3443 2697 3798 2769 πραγμάτων
3827 2697 3915 2751 6t-

2324 2786 2566 2855 οίκησιν,
2596 2784 2734 2839 ἀλλά
2778 2803 2840 2853 γε
2895 2786 2991 2839 καὶ
3023 2787 3319 2851 βιωτικῶν,
3356 2788 3537 2841 εῐτουν
3585 2789 3915 2849 πολιτικῶν,

2330 2878 2512 2949 πολλῷ
2567 2879 2729 2931 πλέον
2789 2879 3073 2948 βασιλεῦσι
3121 2880 3276 2932 τοῦτο
3323 2879 3634 2951 δοθήσεται,
3682 2873 3762 2943 οἷς
3792 2877 3917 2940 ἔθος

2329 2970 2476 3023 ἐστιν
2535 2970 2571 3025 ἃ.
2615 2971 2722 3023 τῶν
2762 2971 2921 3041 ἱερῶν
2972 2970 3322 3041 μετατιθέναι
3372 2971 3636 3035 κανόνων,
3692 2972 3917 3025 εὐσεϐεῖ

2333 3063 2519 3131 μέντοι
2551 3062 2747 3135 γνώμῃ
2781 3063 2878 3115 καὶ
2902 3061 3162 3130 φιλοθέῳ.
3191 3062 3314 3115 Τῶν
3355 3063 3464 3132 γάρ
3518 3062 3764 3115 κανόνων
3810 3065 3916 3124 τὰς

2328 3152 2441 3207 τῶν
2488 3154 2810 3206 ἐπισκόπων
2844 3154 3060 3223 ψήφους
3096 3155 3212 3216 τοῖς
3246 3154 3569 3216 ἐπισκόποις
3610 3156 3713 3223 τῆς
3747 3154 3919 3224 ἔπαρ-

2332 3243 2456 3313 χίας
2487 3243 2878 3307 ἀνατιθέντων,
2908 3243 3132 3313 ἄρχοντι
3163 3243 3221 3296 δὲ
3268 3244 3459 3315 μηδενὶ
3480 3246 3687 3297 τούτων
3712 3244 3918 3308 ἐξεῖναι

2340 3336 2674 3390 κελευόντων
2720 3339 3028 3399 κοινωνεῖν,
3068 3338 3118 3390 oi
3173 3337 3416 3408 βασιλεῖς
3467 3340 3559 3392 καὶ
3599 3338 3697 3408 τῆς
3728 3341 3915 3407 ψήφου

2337 3430 2449 3483 τῶν
2485 3431 2808 3482 ἐπισκόπων
2843 3432 3037 3499 χωρὶς,
3076 3430 3173 3484 καὶ
3223 3433 3572 3502 πατριάρχας
3597 3473 3612 3496 ,
3657 3434 3750 3484 καὶ
3795 3435 3916 3483 επι-

2341 3522 2577 3585 σκόπους
2612 3521 3031 3592 προϐάλλονται.
3069 3525 3167 3577 Διά
3215 3523 3344 3591 γοῦν
3386 3523 3566 3589 τοῦτο,
3598 3525 3673 3586 ὡς
3713 3525 3915 3590 ἔοικεν,

2338 3614 2432 3668 ἐπὶ
2465 3614 2559 3668 τοῦ
2602 3614 2873 3684 βασιλέως
2899 3616 3123 3687 Μιχαὴλ
3154 3616 3250 3669 τοῦ
3284 3616 3462 3669 Δούκα
3494 3618 3522 3668 ὁ
3578 3616 3915 3686 μητροπολί-

2338 3723 2439 3776 της
2464 3708 2672 3769 ἐκεῖνος
2724 3707 2886 3778 Σίδης
2935 3710 3006 3762 τὰ
3047 3709 3148 3775 τῆς
3180 3708 3459 3779 βασιλείας
3493 3709 3788 3780 ᾠκονόμει,
3820 3710 3917 3762 καὶ

2338 3801 2366 3851 ὁ
2394 3799 2827 3868 Νεοκαισαρείας
2881 3800 2952 3853 τὰ
3003 3800 3103 3869 τῆς
3150 3801 3360 3864 πόλεως
3410 3801 3781 3871 ἀνεγράψατο,
3824 3800 3919 3853 καὶ

2339 3890 2427 3961 ἐφ’
2458 3890 2616 3960 ἡμῶν
2672 3893 2700 3944 ό
2736 3890 2981 3957 Κυζίκου
3033 3893 3243 3963 Νήφων
3295 3895 3394 3964 τήν
3443 3910 3504 3945 τε
3555 3893 3913 3963 ἀπογραφὴν,

2341 3982 2433 4036 καὶ
2464 3982 2561 4047 τὰς
2594 3982 2688 4036 τοῦ
2720 3983 2984 4055 δημοσίου
3014 3985 3234 4047 ἁπάσας
3265 3986 3537 4055 ἐνήργησε
3565 3984 3841 4049 δουλείας.

3016 4078 3223 4145 Νόμοι.

2421 4168 2487 4221 Ἦ
2520 4167 2578 4222 δὲ
2610 4166 2711 4231 πς⁹
2732 4169 2902 4239 νεαρά
2944 4167 3039 4221 τοῦ
3078 4169 3346 4239 βασιλέως
3384 4170 3615 4234 Λέοντος
3663 4170 3913 4234 θεσπέξει

2341 4262 2479 4332 μήτε
2530 4262 2854 4326 ἐπίσκοπον,
2914 4263 3053 4331 μήτε
3084 4264 3206 4315 τινὰ
3234 4263 3343 4317 τῶν
3380 4264 3472 4316 τοῦ
3502 4264 3733 4335 κληρου,
3788 4282 3917 4319 συν-

2339 4354 2611 4426 ηγορίαις,
2639 4356 2672 4424 ἢ
2714 4355 3069 4423 μισθώσεσιν,
3112 4355 3145 4425 ἢ
3191 4356 3420 4425 ὲγγύαις
3460 4356 3907 4426 ένασχολεῖσθαι·

2338 4447 2430 4500 τὸν
2471 4447 2531 4500 δὲ
2583 4446 2832 4500 τοιοῦτόν
2874 4464 2928 4500 τι
2977 4446 3240 4499 ποιοῦντα
3284 4448 3378 4500 ἐπὶ
3439 4448 3630 4518 χρόνον
3664 4449 3765 4517 μέν
3793 4466 3917 4503 τινα

656 4562 947 4625 ενεεειιιι·;
977 4552 1060 4605 sin
1095 4560 1280 4604 autem
1312 4555 1644 4618 perseveret,
1674 4546 2002 4614 deponatur.
2057 4543 2231 4597 Advo-

2347 4539 2727 4611 ἀφορίζεσθαι·
2759 4540 3091 4606 ἐπιμένοντα
3133 4538 3211 4604 δὲ,
3240 4539 3641 4610 καθαιρεῖσθαι.
3676 4541 3918 4611 Συνηγό-

662 4656 817 4700 catos
840 4660 971 4700 vero
992 4657 1088 4697 eos
1122 4649 1301 4705 vocat,
1326 4639 1495 4710 quiin
1530 4637 1785 4693 civilibus
1824 4633 2050 4707 judiciis
2085 4634 2239 4689 ordi-

659 4741 770 4795 nati
790 4746 941 4805 sunt,
965 4743 1020 4792 et
1046 4736 1112 4789 ab
1132 4735 1465 4804 imperatore
1483 4730 1825 4798 accipiebant
1842 4727 2241 4782 frumentarias

660 4843 924 4895 tesseras,
978 4836 1033 4883 et
1077 4836 1232 4881 erant
1278 4824 1383 4879 sub
1439 4823 1791 4893 pritniceriis,
1832 4829 1887 4875 et
1937 4836 1967 4874 a
2017 4819 2243 4875 saecula-

661 4925 816 4979 ribus
843 4920 1262 4991 magistratibus
1292 4918 1673 4972 characterem
1714 4912 2081 4985 accipiebant,
2117 4926 2241 4980 qua:

660 5014 833 5071 olﬁcia
856 5015 1040 5070 clerici
1072 5010 1509 5083 prohibebantur
1562 5022 1847 5063 exercere.
1910 5005 2018 5059 Pro
2042 5004 2239 5059 amicis

662 5107 935 5178 siquidem
963 5115 1019 5161 et
1067 5106 1189 5160 aliis
1221 5102 1590 5159 familiaribus
1616 5115 1841 5155 causam
1874 5098 2046 5153 libere
2081 5110 2242 5166 agere

662 5200 934 5272 episcopis
955 5208 1010 5255 et
1042 5198 1257 5255 clericis
1293 5212 1403 5251 non
1434 5194 1838 5267 prohibebitur.

737 5292 1046 5348 Centesima
1106 5290 1369 5346 vicesima
1427 5286 1593 5343 tertia
1656 5284 1957 5341 Justiniani
2001 5285 2240 5351 novella,

663 5386 880 5452 Nullus,
912 5384 1111 5454 inquit,
1160 5382 1441 5455 proprium
1481 5380 1690 5435 clerum
1748 5378 2087 5447 relinquens,
2147 5375 2243 5431 fiat

662 5479 885 5533 laicus:
924 5473 1371 5547 quandoquidem
1421 5470 1592 5541 priori
1646 5469 1910 5538 dignitate
1967 5466 2051 5522 vel
2098 5466 2247 5520 mili-

669 5571 742 5625 tia
770 5569 1099 5640 privabitur,
1128 5576 1182 5623 et
1220 5580 1334 5621 sum
1369 5564 1620 5620 civitatis
1661 5561 1928 5617 voluntati
1981 5550 2246 5630 subjicie-

667 5670 779 5714 tur.

740 5751 982 5821 Septima
1034 5764 1165 5805 vero
1226 5758 1281 5804 et
1334 5757 1526 5803 octava
1603 5746 1813 5800 novella
1849 5744 1978 5814 imp.
2048 5741 2248 5795 Leonis

669 5843 897 5903 clericos
954 5853 1009 5900 et
1054 5843 1357 5901 monachos
1400 5839 1845 5905 tt'ansiortuatos,
1894 5850 1944 5895 et
1978 5838 2143 5892 laicos
2171 5835 2253 5889 fa-

2348 4650 2471 4703 ρους
2511 4633 2568 4685 δέ
2618 4649 2751 4702 φησι
2781 4632 2908 4694 τοὺς
2948 4632 3006 4683 ὲν
3042 4633 3155 4695 τοῖς
3206 4632 3507 4695 πολιτικοῖς
3546 4633 3918 4699 τεταγμένους

2343 4722 2739 4793 δικαστηρίοις,
2767 4723 2861 4776 καὶ
2887 4721 3148 4792 βασιλικά
3191 4721 3572 4789 λαμϐάνοντας
3605 4722 3916 4792 σιτηρέσια,

2346 4819 2441 4870 καὶ
2462 4815 2567 4869 ὑπὸ
2596 4814 2996 4885 πριμικηρίους
3033 4813 3215 4881 δντας,
3235 4816 3329 4869 καὶ
3355 4814 3462 4865 ὑπό
3503 4814 3785 4883 κοσμικῶν
3821 4816 3921 4882 ἀρ-

2344 4911 2548 4978 χόντων
2583 4906 3085 4979 σφραγιζομένους,
3116 4900 3197 4969 οἷς
3243 4906 3292 4959 οί
3324 4906 3579 4977 κληρικοὶ
3625 4905 3920 4973 συντάττε-

2348 5000 2471 5054 σθαι
2493 4999 2813 5054 ὲκωλύονετο.
2830 4997 2965 5051 ’Υπὲ
2974 5016 3004 5068 ρ
3029 4998 3200 5066 φίλων
3220 4997 3407 5067 μέντοι
3480 4996 3657 5059 άλλως
3677 4998 3915 5057 οἰκείων,

2345 5094 2636 5146 ἐπίσκοποι
2671 5095 2764 5147 καὶ
2790 5092 3043 5163 κληρικοὶ
3077 5091 3197 5145 κατ’
3232 5090 3557 5162 ἐλευθερίαν
3591 5093 3915 5160 συνηγορεῖν

2345 5189 2408 5242 οὐ
2448 5187 2664 5256 κωλυθή
2677 5204 2884 5240 σονται.

2428 5279 2491 5332 Ἥ
2534 5277 2590 5331 δὲ
2640 5285 2760 5349 ρκγ¹
2802 5276 3240 5342 Ἰουστινιάνειος
3277 5278 3472 5349 νεαρὰ,
3502 5277 3729 5349 Μηδεὶς,
3763 5278 3916 5347 φησι,

2347 5373 2439 5429 τὸν
2468 5374 2681 5426 οίκεῖοψ
2696 5370 2899 5441 κλῆρον
2927 5371 3055 5436 ἑῶν,
3085 5371 3322 5440 γινέσθω
3350 5372 3635 5441 κοσμικός·
3674 5372 3795 5423 ἐπεὶ
3826 5369 3919 5422 καὶ

2347 5467 2446 5534 τῆς
2474 5464 2917 5535 προσγενομένης
2947 5462 3099 5534 αὐτῷ
3126 5460 3282 5527 ἀξίας
3311 5463 3344 5534 ἢ
3374 5460 3664 5533 στρατείας
3689 5462 3919 5514 ἀποστε-

2352 5557 2677 5625 ρηθήσεται,
2712 5557 2809 5610 καὶ
2853 5557 2921 5627 τῇ
2969 5554 3135 5626 βουλῇ
3188 5555 3291 5623 τῆς
3340 5555 3476 5617 ίδίας
3516 5555 3917 5621 ἀποδοθήσεται

2353 5650 2590 5711 πόλεως.

2435 5742 2496 5795 Ἦ
2554 5741 2609 5795 δὲ
2646 5741 2689 5804 ζ’
2754 5741 2848 5794 καὶ
2908 5739 2955 5810 η’
3007 5741 3177 5810 νεαρᾶ
3230 5742 3322 5793 τοῦ
3379 5738 3643 5811 βασιλέως
3696 5735 3919 5797 Λέοντος

2356 5838 2478 5899 τοὺς
2514 5835 2813 5905 κληρικοὺς
2849 5833 2941 5889 καὶ
2970 5834 3243 5905 μοναχοὺς
3284 5828 3919 5905 μετασχηματισθέντας,
