4214 6434
647 359 777 422 1301

1842 371 2206 431 ΜΑΤΤΗΑΠ
2244 375 2662 438 BLASTARIS

3737 385 3884 450 1392

644 477 789 530 hunc
822 477 1178 545 apostolicum
1211 492 1478 536 canonem
1536 481 1749 547 recitat,
1803 493 1856 539 et
1911 496 2085 549 cavet,
2124 500 2190 540 ne
2233 496 2274 551 Α

2262 519 2274 550 ι
2305 494 2511 545 τουτονὶ
2551 493 2749 546 κανόνα
2787 494 3029 560 διέξεισι,
3072 496 3164 549 καὶ
3202 495 3329 559 τοὺς
3349 496 3407 549 έν
3447 500 3510 568 τῇ
3538 499 3692 552 πόλει
3730 499 3881 552 Ῥωο

638 574 729 639 qui
769 573 974 634 sunt.in
1011 572 1384 629 Romanorum
1443 577 1662 631 civitate
1704 579 2202 648 transgrediautur,

640 678 816 730 neque
847 663 899 715 in
931 671 1135 718 sancta
1161 661 1601 735 Quadragesimae
1641 668 1897 723 Sabbatis
1933 669 2208 738 jejunent,

640 760 858 818 propter
909 751 1244 808 oblationem
1309 755 1456 808 omni
1517 754 1754 810 Sabbato
1805 773 1904 828 pro
1952 758 2208 811 omnibus

641 843 838 895 sanctis
868 842 1087 909 factam,
1116 846 1166 896 in
1208 860 1315 914 quo
1349 846 1542 900 fortem
1577 848 1761 918 ligavit
1823 849 2119 912 Dominus,
2156 856 2209 899 et

640 934 825 986 omnia
887 933 1006 1004 ejus
1069 951 1196 989 vasa
1250 937 1519 1006 diripuit;
1564 939 1688 993 licet
1744 954 1840 1007 pro
1887 939 2061 992 nihilo
2107 939 2211 992 illis

640 1026 954 1080 habeantur
983 1045 1102 1097 quae
1134 1038 1258 1082 sunt
1297 1031 1348 1082 in
1383 1047 1618 1085 canone.
1682 1032 1847 1100 Magis
1885 1031 2051 1101 igitur
2093 1048 2210 1085 ma-

637 1115 749 1168 lum
786 1119 1159 1181 extendentes,
1210 1119 1380 1174 totius
1429 1121 1593 1174 etiam
1649 1123 1912 1191 temporis
1954 1123 2209 1176 Sabbatis

639 1207 891 1276 jejunare
925 1224 1029 1264 non
1056 1222 1314 1266 recusant

708 1299 960 1353 Decimus
975 1302 1239 1369 septimus
1261 1319 1386 1357 vero
1405 1305 1593 1374 synodi
1611 1306 1939 1374 Gangreasis
1957 1306 2099 1367 illos,
2114 1305 2206 1374 qui

639 1398 861 1456 propter
889 1408 1006 1444 eam
1063 1409 1183 1460 qua:
1211 1397 1561 1449 existimatur
1589 1397 1731 1464 piam
1767 1398 2208 1450 exercitationem

639 1479 729 1532 die
763 1481 1046 1536 Dominica
1094 1484 1368 1552 jejunant,
1403 1488 1732 1541 anathemati
1781 1487 2022 1555 subjicit.
2057 1487 2209 1543 Tunc

637 1572 782 1624 enim
826 1575 1065 1628 maxime
1090 1575 1287 1630 hilares
1317 1588 1369 1630 et
1397 1577 1550 1631 laetos
1572 1593 1694 1632 esse
1721 1593 1824 1632 nos
1844 1587 2060 1647 oportet
2084 1594 2212 1647 pro-

638 1672 759 1732 pter
794 1664 1009 1719 Domini
1035 1669 1510 1732 resurrectionem,
1542 1678 1594 1722 et
1644 1669 1897 1723 humanae
1944 1683 2149 1724 natura:
2180 1686 2209 1724 a

638 1759 844 1826 peccati
877 1759 1032 1828 lapsu
1057 1759 1442 1814 excitationem
1478 1778 1490 1813 :
1518 1777 1626 1815 non
1658 1771 1837 1815 autem
1867 1777 1976 1830 pra:
1995 1762 2208 1830 jejunio

643 1847 883 1902 demisso
916 1850 1067 1904 vultu
1091 1867 1212 1905 esse
1237 1861 1292 1905 et
1323 1852 1600 1906 tristitiam
1643 1869 1754 1920 prae
1777 1854 1934 1907 nobis
1968 1853 2132 1907 ferre.

718 1938 973 1996 Decimus
999 1942 1221 2010 quintus
1251 1958 1381 1998 vero
1410 1946 1586 1998 sancti
1627 1943 1774 1998 Petri
1803 1944 2156 1999 Alexandrini
2186 1984 2203 2009 ,

639 2026 848 2094 Quarto
898 2031 1004 2094 die,
1049 2033 1638 2102 inquit,jejunandum
1691 2049 1812 2089 esse
1870 2035 2201 2103 accepimus,

638 2137 702 2176 eo
731 2123 873 2190 quod
912 2122 1116 2177 factum
1144 2133 1259 2178 erat
1291 2126 1580 2180 concilium
1616 2142 1644 2179 a
1675 2127 1886 2182 Iudaeis
1906 2127 1972 2182 ad
2005 2127 2194 2180 Domi-‘

641 2232 772 2269 num
808 2219 1150 2285 prodendum
1185 2236 1200 2272 :
1236 2219 1289 2272 in
1321 2219 1621 2275 Parasceve
1653 2236 1807 2284 vero,
1847 2235 1912 2275 eo
1971 2220 2116 2288 quod
2149 2220 2202 2273 in

649 2310 742 2363 illa
777 2325 875 2379 pro
909 2311 1068 2365 nobis
1123 2311 1238 2380 ipse
1267 2326 1459 2380 passus
1484 2321 1583 2366 est.
1643 2312 1976 2364 Dominicam
2025 2319 2203 2364 autem

638 2403 1024 2458 exsultationis
1063 2403 1202 2457 diem
1234 2403 1638 2468 existimamus,
1671 2404 1726 2455 in
1752 2417 1860 2471 qua
1919 2416 1986 2455 ne
2031 2415 2206 2470 genua

639 2492 861 2561 quidem
891 2492 1157 2548 ﬂectenda
1190 2508 1311 2548 esse
1342 2494 1673 2562 accepimus.
1732 2492 1968 2548 Consule
2024 2494 2090 2546 de
2118 2492 2207 2547 die

641 2585 926 2640 Dominica
972 2586 1136 2640 etiam
1186 2586 1240 2639 in
1273 2587 1307 2639 9
1341 2587 1519 2654 capite
1569 2587 1762 2640 litterae
1823 2585 1866 2638 Β
1938 2598 2203 2640 cancnem

640 2688 953 2731 sanctorum
990 2679 1365 2746 apostolorum
1391 2679 1467 2733 .55
1497 2689 1549 2733 et
1573 2679 1628 2733 in
1662 2678 1728 2734 18
1777 2692 1902 2748 cap.
1924 2676 2117 2732 littera
2167 2677 2206 2728 Γ

641 2785 765 2824 can.
788 2770 821 2823 5
856 2770 1147 2826 Timothei.

1029 2865 1102 2920 De
1145 2867 1341 2921 sanet-is
1403 2867 1776 2938 Theophaniis.

712 2955 1050 3026 Theophilus
1075 2959 1503 3024 Alexandrinus,
1539 2971 1855 3015 sanctorum
1912 2959 2208 3028 TheOpha-

641 3045 857 3099 niorum
893 3045 1058 3112 festo,
1096 3049 1152 3101 in
1193 3064 1302 3118 quo
1342 3064 1515 3118 usque
1547 3050 1610 3103 ad
1640 3064 1918 3118 vesperam
1951 3050 2206 3118 jejunare

640 3139 785 3192 soliti
817 3155 1027 3202 sumus,
1068 3139 1122 3193 in
1152 3139 1296 3193 diem
1332 3141 1679 3195 Dominicum
1719 3141 2016 3205 incidente,
2052 3156 2202 3195 con-

643 3228 1242 3299 venienterutrumque
1269 3230 1595 3286 distribuere
1622 3232 1795 3300 jubet.
1828 3231 1968 3285 Dicit
2009 3231 2152 3286 enim
2189 3248 2202 3284 :
2233 3205 2278 3268 (ἶ

643 3323 711 3376 Ει
741 3337 859 3377 mos
895 3335 948 3378 et
975 3324 1233 3379 honestas
1257 3340 1285 3378 a
1306 3327 1465 3381 nobis
1488 3327 1675 3396 exigit,
1703 3334 1760 3379 ut
1809 3340 2027 3380 omnem
2061 3325 2203 3380 diem

646 3413 989 3468 Dominicum
1025 3416 1380 3480 honoremus,
1412 3418 1465 3470 in
1489 3432 1666 3486 eoque
1702 3415 1875 3470 festos
1904 3425 2205 3470 conventus

643 3505 1007 3568 celebremus,
1033 3507 1291 3574 quoniam
1325 3506 1587 3562 Dominus
1631 3517 1819 3560 noster
1867 3505 2024 3561 Jesus
2052 3505 2209 3561 Chri-

644 3607 764 3651 stus
803 3596 1128 3666 praeclarum
1163 3613 1273 3651 suae
1321 3600 1742 3654 resurrectionis
1769 3613 1966 3654 munus
2024 3599 2077 3651 in
2142 3612 2208 3652 eo

645 3689 802 3741 obiit.
848 3688 914 3741 Et
957 3687 1081 3744 ideo
1137 3690 1190 3743 in
1243 3690 1416 3744 sacris
1448 3688 1752 3759 Scripturis
1782 3691 1898 3759 ipse
1920 3698 1973 3743 et
1997 3688 2206 3757 primus

645 3779 967 3848 appellatur,
1016 3789 1076 3833 ut
1119 3781 1211 3849 qui
1260 3781 1332 3836 sit
1387 3780 1547 3836 nobis
1597 3781 1720 3835 vitae
1769 3779 2116 3850 principium,
2151 3787 2205 3833 et

645 3881 891 3937 octavus,
935 3883 994 3926 ut
1026 3873 1115 3940 qui
1165 3872 1479 3927 .Iudieorum
1532 3873 1930 3928 sabbatismum
1974 3885 2207 3939 exsupe-

645 3963 868 4017 raver'u.
907 3962 1068 4033 169
1118 3961 1254 4028 Quia
1316 3978 1445 4032 ergo
1480 3962 1698 4028 accidit,
1768 3970 1828 4016 ut
1894 3971 2207 4018 sanctorum

646 4052 1126 4122 TheOphaniorum
1196 4053 1284 4107 hic
1356 4064 1499 4108 esset
1550 4054 1670 4108 dies
1733 4053 2088 4122 jejuniorum,
2143 4050 2211 4105 ad

644 4153 939 4213 utrumque
962 4144 1195 4198 scienter
1222 4145 1583 4210 accedamus;
1616 4151 1671 4198 et
1723 4143 1988 4211 pauculos
2016 4142 2208 4212 dacty-

644 4235 727 4289 los
748 4243 1046 4300 sumentes,
1085 4234 1246 4287 simul
1274 4245 1327 4287 et
1358 4235 1587 4289 haereses
1609 4235 1867 4298 vitemus,
1888 4249 2008 4304 qtta'
2029 4231 2212 4286 Domi-

647 4327 784 4380 nica'
829 4326 1247 4380 resurrectionis
1287 4326 1428 4378 diem
1483 4339 1592 4379 non
1640 4326 1932 4388 honorant,
1997 4333 2052 4380 et
2099 4325 2206 4380 diei

642 4420 835 4490 jejunii
863 4419 1006 4488 quod
1039 4419 1264 4473 debetur
1298 4420 1605 4484 reddamus,
1641 4420 2010 4489 vespertinum
2072 4435 2204 4474 con-

2315 583 2493 650 μαίων
2527 585 2859 653 ἐπισκήπτει
2895 586 2968 654 μὴ
3000 588 3382 655 παραϐαίνειν,
3417 589 3551 658 μηδὲ
3589 589 3883 658 νηστεύειν

2262 705 2268 710 -
2311 677 2424 736 τοῖς
2456 674 2700 728 Σάϐϐασι
2750 677 2847 746 τῆς
2894 678 3052 746 ἀγίας
3105 679 3578 749 Τεσσαρακοστῆς,
3635 679 3724 731 διά
3775 677 3882 745 τὴν

2313 770 2603 838 γινομένην
2635 770 2774 823 γατά
2825 773 2929 822 πᾶν
2980 771 3261 824 Σάϐϐατον
3313 772 3453 840 ὑπὲρ
3501 770 3718 822 πάντων
3767 769 3883 822 τῶν

2313 861 2482 927 ἁγίων
2515 863 2851 933 προσφορὰν,
2881 864 2936 914 έν
2967 856 3010 929 ᾧ
3035 864 3126 915 τὸν
3155 863 3371 933 ίσχυρδν
3411 864 3438 914 ό
3460 862 3662 930 Κύριος
3692 861 3881 927 ἔδησε,

2314 953 2402 1003 καὶ
2441 951 2508 1003 τὰ
2543 954 2712 1020 σκεύη
2739 953 2932 1005 τούτου
2958 955 3225 1023 διήρπασε
3247 993 3262 1017 ,
3305 955 3356 1007 εί
3386 954 3481 1006 καὶ
3511 955 3590 1015 είς
3627 953 3780 1005 οὐδὲν
3809 951 3883 1003 τὰ

2311 1043 2403 1094 τοῦ
2452 1043 2676 1104 κανόνος
2737 1045 2919 1106 αὐτοῖς
2970 1045 3350 1114 ἐλογίσθησαν.
3384 1044 3600 1098 Μᾶλλον
3639 1045 3736 1113 μὲν
3783 1037 3885 1094 οὖν

2311 1135 2674 1196 ἐπιτείνοντες
2695 1135 2753 1187 τὸ
2787 1137 2979 1196 κακὸν,
3015 1136 3111 1188 καὶ
3137 1137 3202 1188 τά
3233 1137 3324 1188 τοῦ
3350 1137 3471 1189 ὅλου
3500 1135 3694 1204 χρόνου
3737 1133 3884 1184 Σάϐιυ

2315 1226 2455 1280 ϐατα
2479 1228 2758 1290 νηστεύειν
2803 1226 2864 1280 οὐ
2897 1227 3314 1297 παραιτοῦνται.

2398 1320 2455 1372 '0
2498 1320 2554 1370 δὲ
2596 1320 2695 1385 τῆς
2728 1321 2785 1371 έν
2818 1319 3042 1389 Γάγγρᾳ
3092 1320 3158 1383 ιζ’
3209 1321 3335 1381 τοὺς
3385 1317 3474 1369 διὰ
3505 1317 3881 1383 νομιζομένην

2313 1411 2548 1479 ἄσκησιν
2575 1411 2632 1462 έν
2661 1413 2726 1480 τῇ
2751 1412 3004 1479 Κυριακῇ
3041 1408 3400 1476 νηστεύοντας
3445 1408 3524 1476 τῷ
3569 1407 3881 1474 ἀναθέματι

2314 1503 2701 1572 παραπέμπει.
2754 1501 3069 1571 Τηνικαῦτα
3126 1501 3233 1568 γὰρ
3287 1501 3549 1569 φαιδροὺς
3597 1499 3735 1552 εἶναι
3796 1498 3885 1550 δεῖ

2316 1590 2517 1656 μᾶλλον
2578 1589 2671 1642 καὶ
2743 1590 3148 1658 γεγανυμένους
3212 1589 3300 1641 διά
3346 1589 3443 1658 τὴν
3493 1589 3711 1657 ἔγερσιν
3785 1586 3881 1639 τοῦ

2313 1682 2559 1750 Κυρίου,
2609 1682 2701 1733 καὶ
2758 1681 2856 1751 τὴν
2917 1684 3017 1751 τῆς
3071 1680 3323 1750 βροτείας
3388 1679 3603 1747 φύσεως
3669 1681 3733 1732 ὲκ
3781 1678 3881 1730 τοῦ

2315 1772 2609 1842 πτώματος
2663 1772 2765 1841 τῆς
2829 1772 3104 1842 ἀμαρτίας
3140 1773 3462 1824 ἀνάστασιν·
3509 1773 3570 1823 οὐ
3603 1771 3711 1839 μὴν
3746 1785 3882 1821 κατ-

2241 1861 2280 1914 Β
2310 1869 2478 1936 ηφιᾷν
2520 1867 2586 1934 τῇ
2616 1864 2870 1934 νηστείᾳ,
2898 1865 2990 1916 καὶ
3024 1861 3461 1932 σκυθρωπάζειν.

2388 1957 2448 2010 '0
2487 1957 2543 2009 δὲ
2589 1954 2650 2008 ιε’
2699 1955 2792 2008 τοῦ
2839 1955 2999 2022 ἀγίου
3036 1956 3243 2024 Πέτρου
3293 1952 3724 2020 Ἀλεξανδρείας,
3763 1950 3880 2020 Τὴν

2312 2045 2407 2115 μιν
2444 2044 2693 2112 Τετράδα
2731 2045 3174 2114 παρειλήφαμεν,
3216 2043 3391 2112 φησὶ,
3445 2044 3755 2111 νηστεύειν,
3786 2039 3878 2092 δια

2305 2137 2365 2186 τὸ
2397 2135 2622 2200 γεγονὸς
2652 2133 2980 2202 συμϐούλιον
3011 2134 3102 2185 ἐπὶ
3131 2135 3196 2201 τῇ
3232 2132 3493 2202 προδοσίᾳ
3519 2131 3614 2183 τοῦ
3659 2130 3874 2197 Κυρίου

2308 2226 2459 2296 παρά
2490 2227 2595 2279 τῶν
2631 2225 2922 2278 Ἰουδαίωνο
2962 2226 3060 2294 τὴν
3094 2224 3148 2276 δέ
3181 2241 3243 2292 γε
3276 2223 3658 2294 Παρασκευὴν,
3686 2223 3774 2275 διά
3813 2222 3877 2275 τὸ

2309 2319 2472 2372 αὑτὸν
2507 2321 2565 2371 ὲν
2596 2318 2770 2389 ταύτῃ
2810 2317 3140 2370 πεπονθέναι
3173 2316 3311 2385 ὑπὲρ
3331 2317 3514 2384 ἡμῶν.
3543 2315 3655 2382 Τὴν
3685 2316 3872 2381 μέντοι.

2311 2412 2605 2481 Κυριακὴν
2636 2410 2997 2480 χαρμοσύνης
3027 2409 3239 2479 ἡμέραν
3267 2408 3568 2479 ἡγούμεθα,
3594 2410 3650 2460 ὲν
3750 2407 3876 2459 οὐδὲ

2309 2505 2508 2570 γόνατα
2535 2500 2956 2571 παρειλήφαμεν
2987 2500 3211 2553 κλίνειν.
3242 2501 3404 2568 Ζὴτει
3426 2501 3554 2569 περὶ
3588 2499 3874 2566 Κυριακῆς

2309 2595 2404 2648 καὶ
2431 2597 2486 2646 έν
2516 2594 2592 2664 τῷ
2622 2594 2666 2646 θ’
2707 2593 2989 2660 κεφαλαίῳ
3017 2593 3109 2644 τοῦ
3151 2591 3192 2644 Β
3221 2591 3486 2660 στοιχείου
3533 2590 3736 2643 κανόνα
3763 2587 3874 2641 τῶν

2311 2682 2482 2751 ἁγίων
2511 2682 2829 2736 ἀποστόλων
2885 2679 2985 2745 νγ’,
3014 2681 3109 2732 καί
3149 2682 3208 2734 ἐν
3247 2680 3322 2748 τῷ
3363 2686 3434 2750 ιη’
3466 2679 3658 2747 κεφαλ.
3699 2675 3794 2730 τοῦ
3835 2677 3874 2729 Γ

2312 2773 2582 2844 στοιχείου
2614 2773 2815 2827 κανόνα
2840 2779 2880 2825 ε’
2911 2772 3004 2825 τοῦ
3054 2771 3348 2841 Τιμοθέου.

2628 2864 2768 2932 Περί
2803 2861 2922 2916 τῶν
2960 2864 3142 2932 ἁγίων
3191 2863 3549 2930 Θεοφανίων.

2393 2958 2452 3011 '0
2498 2958 2555 3012 δι
2607 2955 3016 3026 ’Δλεξανδρείας
3088 2955 3344 3022 Θεόφιλος
3395 2955 3494 3022 τῆς
3543 2952 3652 3006 τῶν
3700 2951 3873 3019 ἁγίων

2309 3049 2623 3118 Θεοφανίων
2645 3049 2862 3118 ἑορτῆς,
2913 3040 3029 3121 ένῇ
3074 3047 3264 3116 μέχρις
3303 3047 3544 3112 ἑσπέρας
3589 3043 3874 3113 νηστεύειν

2311 3142 2604 3211 εἰώθαμεν,
2633 3141 2822 3210 ἡμέρα
2854 3141 3104 3209 Κυριακῇ
3137 3137 3574 3207 συνδραμούσης,
3603 3138 3663 3188 τὸ
3695 3153 3869 3206 προσ-

2311 3237 2446 3303 ῆκον
2479 3231 2774 3302 ἀπονέμειν
2814 3230 3050 3300 ἑκατέρᾳ
3081 3229 3310 3283 κελεύει.
3343 3230 3480 3297 Φησὶ
3513 3228 3642 3297 γάρ·
3675 3230 3787 3281 Καὶ
3814 3228 3875 3279 τὸ

2311 3325 2454 3390 ἔθος,
2491 3323 2676 3378 καὶτὸ
2716 3324 2926 3392 πρέπον
2957 3323 3104 3391 ἡμᾶς
3144 3322 3391 3382 ἀπαιτεῖ,
3439 3321 3620 3372 πᾶσαν
3660 3319 3875 3383 Κυριαο

2311 3417 2415 3485 κὴν
2446 3416 2633 3485 τιμᾷν,
2681 3414 2776 3466 καὶ
2817 3415 2877 3466 ἐν
2903 3413 3077 3484 ταύτῃ
3110 3412 3527 3482 πανηγυρίζειν,
3571 3411 3874 3477 ἐπειδήπερ

2310 3510 2337 3561 ὁ
2385 3507 2588 3577 Κύριος
2642 3505 2800 3574 ἡμῶν
2859 3504 3067 3575 Ἰησοῦς
3113 3505 3346 3572 Χριστὸς
3396 3507 3455 3556 ὲν
3499 3504 3636 3572 αὐτῇ
3671 3503 3773 3569 τὴν
3808 3503 3874 3554 ἐκ

2313 3599 2524 3669 νεκρῶν
2587 3599 2883 3654 ἀνάστασιν
2937 3599 3068 3666 ἡμῖν
3121 3598 3512 3666 έπρυτάνευσε.
3558 3596 3650 3648 Διδ
3680 3597 3773 3648 καὶ
3816 3597 3876 3646 ὲν

2314 3695 2432 3754 ταῖς
2469 3693 2641 3761 ίεραῖς
2672 3691 2917 3760 Γραφαῖς
2947 3690 3041 3742 καὶ
3083 3690 3271 3757 πρώτη
3303 3688 3584 3754 κέκληται,
3620 3687 3694 3748 ὡς
3724 3685 3873 3755 ἀρχὴ

2315 3783 2461 3851 ζωῆς
2490 3783 2626 3850 ἡμῖν
2658 3781 2999 3852 ὑπάρχουσα,
3031 3780 3126 3834 καὶ
3156 3780 3336 3848 ὀγδόη,
3375 3779 3468 3831 ἀτε
3495 3779 3559 3849 δὴ
3599 3779 3876 3847 ὑπερανα-

2314 3874 2582 3943 ϐεϐηκυῖα
2643 3871 2738 3924 τὸν
2784 3870 2899 3924 τῶν
2960 3870 3236 3922 Ἰουδαίων
3278 3868 3676 3936 σαϐϐατισμόν.
3718 3866 3878 3919 Ἐπεὶ

2313 3961 2406 4020 οὖν
2448 3963 2645 4034 συνέϐη
2681 3963 2781 4029 τὴν
2823 3962 2931 4015 τῶν
2964 3960 3276 4029 Θεοφανίων
3302 3960 3506 4028 ταύτην
3533 3959 3745 4029 ἡμέραν
3783 3959 3879 4028 νήη

2319 4074 2508 4125 στιμον
2530 4051 2693 4119 εἶναι,
2722 4051 3102 4121 ἐπιστημόνως
3139 4053 3480 4122 χωρήσωμεν
3506 4050 3642 4120 πρὸς
3675 4049 3875 4102 ἑκάτε-

2318 4165 2430 4216 ρον,
2481 4145 2577 4199 καὶ
2605 4143 3006 4214 μεταλαϐόντες
3034 4143 3233 4210 ὀλίγων
3281 4142 3540 4209 φοινίκων
3560 4179 3574 4202 ,
3607 4140 3872 4192 ἐκκλίνω-

2316 4254 2417 4306 μεν
2457 4237 2575 4304 ἅμα
2623 4236 2718 4289 καὶ
2771 4234 2869 4297 τὰς
2914 4233 3180 4304 αἱρέσεις,
3219 4233 3315 4295 τάς
3373 4235 3447 4301 μὴ
3491 4231 3741 4300 τιμώσας
3774 4229 3875 4297 τὴν

2314 4330 2686 4397 ἀναστάσιμον
2719 4327 2812 4380 τοῦ
2853 4327 3058 4397 Κυρίου
3097 4327 3331 4396 ἡμέραν,
3365 4325 3456 4377 καὶ
3494 4324 3555 4376 τὸ
3583 4321 3873 4388 ὀφειλόμε-

2313 4438 2402 4473 νον
2447 4421 2514 4487 τῇ
2559 4415 2809 4486 νηστίμῳ
2861 4415 3149 4482 ἀποδῶμεν
3199 4413 3402 4482 ἡμέρα,
3434 4413 3533 4480 τὴν
3576 4412 3874 4478 έσπερινὴν

648 4521 864 4564 ventum
895 4517 1296 4580 exspectantes,
1332 4525 1452 4580 quae
1485 4512 1552 4566 ab
1588 4512 1717 4565 hora
1763 4525 1901 4564 nona
1937 4511 2025 4565 hic
2059 4527 2207 4580 pera-
2234 4529 2278 4588 ι]

2262 4511 2704 4587 )περιμένοντες
2736 4505 2977 4570 σύναξιν,
3018 4505 3137 4574 ἥτις
3186 4503 3293 4556 ἀπὸ
3344 4501 3569 4572 ὲννάτης
3609 4500 3758 4570 ὥρας
3789 4500 3874 4552 έν-

648 4602 812 4670 gitur.

651 4713 803 4776 Quod
829 4714 880 4767 in
904 4714 1179 4768 Dominica
1208 4727 1475 4784 precantes
1500 4716 1841 4786 genuﬂectere
1862 4732 1961 4768 non
1985 4723 2205 4784 oportet.

721 4871 1030 4928 Vicesimus
1057 4889 1182 4928 vero
1213 4874 1401 4943 prima:
1429 4874 1619 4942 synodi
1645 4888 1818 4927 canon
1847 4888 2021 4942 neque
2050 4889 2210 4942 genu-

650 4963 867 5019 ﬂectere
913 4964 965 5018 in
998 4966 1085 5018 die
1136 4966 1417 5019 Dominica
1465 4976 1714 5034 oportere
1760 4968 2063 5031 existimat,
2115 4982 2211 5021 ne-

653 5071 759 5124 que
791 5058 845 5109 in
897 5057 1156 5111 omnibus
1205 5057 1554 5113 Pentecostes
1597 5058 1810 5113 diebus.
1840 5057 2048 5112 Causas
2081 5073 2209 5111 vero

654 5163 885 5217 magnus
916 5147 1150 5203 Basilius
1188 5149 1240 5201 in
1273 5150 1338 5203 57
1371 5152 1436 5201 ad
1473 5157 1725 5204 sanctum
1761 5147 2206 5217 Amphilochium

653 5242 829 5308 capite
849 5241 1132 5306 perspicue
1163 5241 1370 5302 reddit;
1401 5241 1545 5308 quod
1568 5239 1730 5295 etiam
1764 5239 2020 5308 qua-rein
2037 5239 2072 5292 2
2089 5255 2209 5308 cap.

654 5330 846 5384 litterae
881 5329 942 5383 E.

726 5419 1125 5487 Nonagesimus
1161 5421 1321 5472 etiam
1373 5428 1537 5472 sextae
1568 5419 1782 5488 synodi,
1819 5419 1977 5480 Cum.
2013 5421 2210 5488 inquit,

653 5513 848 5565 diebus
879 5511 1170 5565 Dominicis
1200 5527 1304 5563 non
1341 5510 1708 5579 genuﬂectere
1739 5526 1766 5564 a
1804 5510 2003 5565 divinis
2032 5511 2208 5564 Patri-

655 5608 756 5658 bus
787 5605 1066 5673 jubemur,
1102 5604 1304 5656 Christi
1356 5604 1812 5657 resurrectionem
1853 5603 2211 5669 honorantes,

666 5703 881 5762 oportet
927 5705 1052 5765 post
1090 5696 1457 5762 vespertinum
1491 5696 1834 5749 sacerdotum
1863 5696 1925 5745 ad
1959 5697 2128 5748 altare
2159 5695 2209 5746 iu

660 5788 896 5842 Sabbato
951 5789 1277 5858 ingressum,
1311 5797 1368 5842 ut
1402 5804 1561 5842 nemo
1592 5789 1915 5856 genuﬂectat
1949 5803 2116 5856 usque
2143 5791 2206 5839 ad

2310 4600 2486 4654 ταῦθα
2526 4599 2785 4653 τελεῖται.

2313 4713 2444 4764 Ὀτι
2483 4711 2553 4764 ἐν
2601 4705 2866 4775 Κυριακῆ
2925 4703 3155 4827 adiget?
3202 4707 3346 4772 τόνυ
3391 4700 3753 4770 εὐχομένους
3797 4701 3871 4752 οὐ

3081 4791 3152 4827 ει.

3081 4791 3152 4829 ει.

2394 4874 2452 4926 '0
2491 4873 2547 4924 δὲ
2579 4869 2625 4924 κ’
2661 4871 2756 4940 τῆς
2786 4875 2833 4922 α’
2866 4869 3084 4921 συνόδου
3135 4865 3313 4918 κανὼν
3347 4863 3467 4915 οὐδὲ
3513 4864 3639 4929 γόνυ
3668 4863 3872 4913 κλίνειν

2314 4967 2369 5017 έν
2423 4965 2673 5034 Κυριακῇ
2721 4960 2894 5013 οίεται
2953 4960 3094 5018 δεῖν,
3137 4956 3258 5009 οὕτε
3325 4957 3430 5024 μὴν
3490 4956 3546 5005 έν
3601 4956 3720 5014 ταῖς
3772 4953 3872 5021 τῆς

2316 5056 2696 5125 Πεντηκοστῆς
2735 5054 2973 5113 ἀπάσαις
3028 5051 3283 5118 ἡμέραις.
3345 5046 3454 5109 Τάς
3496 5046 3552 5098 δὲ
3611 5045 3786 5105 αίτίας
3846 5049 3873 5095 ἐι

2320 5149 2492 5217 μέγας
2539 5144 2818 5205 Βασίλειος
2859 5146 2916 5193 ὲν
2962 5140 3040 5209 τῷ
3083 5138 3157 5202 λζ’
3214 5139 3322 5190 τῶν
3377 5140 3512 5206 πρὸς
3568 5137 3659 5187 τὸν
3711 5137 3867 5201 ἅγιον

2329 5237 2675 5307 ’Δμφιλόχιον
2703 5233 3010 5302 κεφαλαίων
3035 5231 3215 5298 σαφῶς
3238 5230 3590 5286 ἀναπτύσσει,
3607 5228 3742 5293 ὅπερ
3777 5228 3870 5278 καὶ

2317 5330 2467 5396 ζήτει
2508 5330 2565 5381 ὲν
2590 5326 2667 5395 τῷ
2698 5325 2742 5396 β’
2770 5323 3048 5392 κεφαλαίῳ
3094 5320 3185 5372 τοῦ
3222 5321 3260 5372 Ε
3297 5319 3580 5386 στοιχείου.

2400 5423 2458 5474 '0
2497 5421 2553 5472 δὲ
2599 5424 2635 5484 ίι
2668 5420 2764 5484 τῆς
2813 5421 2863 5479 gl
2921 5415 3162 5476 συνόδου,
3209 5411 3467 5478 Ἐπειδὴ,
3524 5410 3699 5476 φησὶ,
3737 5410 3868 5476 πρὸ,

2317 5511 2423 5564 τῶν
2456 5512 2614 5562 θείων
2666 5506 2922 5570 Πατέρων
2962 5505 3089 5569 γόνυ
3144 5504 3218 5570 μὴ
3258 5502 3461 5553 κλίνειν
3517 5503 3571 5551 έν
3612 5502 3730 5561 ταῖς
3764 5501 3868 5551 Κυο

2321 5603 2531 5670 ριακαῖς
2563 5594 3040 5669 προστεταγμεθα,
3079 5595 3175 5662 τὴν
3201 5593 3293 5644 τοῦ
3326 5594 3560 5661 Χριστοῦ
3598 5592 3867 5656 τιμῶντες

2329 5691 2668 5748 ’Λνάστασιν,
2696 5688 2810 5738 δέον
2836 5685 2973 5753 μετά
3013 5684 3106 5750 τὴν
3139 5682 3280 5734 κατὰ
3315 5683 3372 5734 τὸ
3403 5681 3678 5733 Σαϐϐατον
3707 5681 3868 5731 ἑσπε-

2320 5782 2471 5852 ρινὴν
2500 5780 2606 5831 τῶν
2643 5778 2829 5848 ἱερέων
2879 5776 2954 5837 εἰς
2981 5775 3040 5827 τὸ
3075 5774 3456 5843 θυσιαστήριον
3508 5772 3727 5828 εἴσοδον,
3763 5789 3860 5839 pr.-
