4214 6434
353 374 491 437 1393

1335 389 1744 451 SYNTAGMA
1780 396 2402 463 ALPHABETICUM.
2445 427 2510 437 ο-
2547 402 2617 463 Λ.

3438 408 3576 474 1391

348 484 479 581 Germ.
508 490 713 540 κλινειν
736 487 793 541 τὶ
817 489 947 557 γόνυ
981 491 1144 562 μέχρι
1184 494 1280 563 τῆς
1312 497 1548 568 ἑσπέρας
1580 502 1678 570 τῆς
1703 502 1909 573 Κυρια-
1938 515 1980 569 Λ

1906 534 1909 541 ι
1938 515 1980 569 Λ
2014 508 2278 565 Dominici
2312 512 2419 565 diei
2447 528 2749 582 vesperam,
2770 515 2990 584 quando
3010 529 3205 571 rursus
3228 519 3570 578 sacerdotum

351 572 479 637 κῆς,
507 575 592 625 ὅτε
629 576 785 637 αὖθις
815 580 848 649 ή
878 581 1079 642 εἴσοδος
1106 583 1213 633 τῶν
1243 585 1559 654 ἱερωμένων
1591 572 1822 656 γίνεται·
1858 593 1917 656 ἐξ

354 662 567 716 ἐκείνου
597 668 703 735 γὰρ
747 668 813 721 τὰ
856 673 1057 737 γόνατα
1103 676 1451 742 κάμπτοντες
1503 682 1601 743 τὰς
1645 682 1809 749 εὐχὰς
1838 682 1917 753 τῷ

353 753 543 822 Κυρίῳ
593 762 961 834 προσάγομεν.
1009 765 1122 834 Τῆς
1165 770 1274 838 γὰρ
1318 768 1412 821 τοῦ
1469 771 1721 841 Σωτῆρος
1759 773 1916 842 ήμῶν

354 845 629 914 ἑγέρσεως
663 854 971 925 πρόδρομον
1015 859 1116 927 τὴν
1156 861 1296 928 μετὰ
1343 862 1404 914 τὸ
1437 863 1715 916 Σάδὸατον
1747 864 1916 918 νύκτα

356 938 898 1011 παραλαμϐάνοντες,
944 949 1054 1002 τῶν
1104 950 1288 1019 ὕμνων
1328 953 1576 1007 ἐντεῦθεν
1622 972 1919 1025 πνευματι-

357 1029 470 1093 κῶς
497 1034 879 1106 ἀπαρχόμεθα,
929 1044 1010 1105 είς
1053 1045 1167 1111 φῶς
1195 1048 1260 1099 ὲκ
1304 1046 1528 1109 σκότους
1578 1050 1676 1120 τὴν
1724 1049 1916 1121 ἑορτὴν

355 1124 775 1194 καταλήγοντες,
807 1130 885 1193 ὡς
932 1136 992 1185 έν
1040 1134 1316 1208 ὁλοκλήρῳ
1374 1141 1533 1195 νυκτὶ
1588 1141 1681 1194 καὶ
1734 1142 1917 1214 ἡμέρᾳ

356 1218 748 1287 πανηγυρίζειν
781 1224 950 1292 ήμᾶς,

566 1308 695 1364 Ὀτι
725 1312 795 1365 ἐν
821 1317 1087 1386 κυριακῇ
1118 1321 1189 1373 οὺ
1223 1320 1313 1373 δεῖ
1337 1322 1701 1391 ἐργάζεσθαι.

424 1401 587 1469 Ζήτει
632 1407 712 1466 είς
759 1406 820 1459 τὸ
848 1413 895 1475 γ’
928 1426 1053 1476 κεφ.
1086 1411 1183 1464 τοῦ
1218 1414 1237 1465 l
1288 1414 1556 1483 στοιχείου
1593 1415 1795 1469 κανόνα
1828 1413 1908 1469 κθ¹

348 1492 448 1562 τῆς
487 1494 543 1545 ἐν
574 1494 867 1568 Λαοδικείᾳ
898 1500 1142 1556 συνόδου.

1034 1592 1238 1646 Νόμοι.

1034 1610 1117 1643 tvo
1163 1610 1238 1646 οι.

434 1672 497 1725 Ἦ
528 1675 780 1747 Κυριακὴ
826 1610 1326 1746 ἄπρακτοςμέστω·
1370 1688 1428 1738 ἐν
1483 1688 1621 1758 αὐτῇ
1672 1690 1777 1758 γὰρ
1816 1690 1912 1760 οὐχ

350 1764 832 1833 ὑπομιμνήσκεταί
863 1787 968 1835 τις,
1000 1770 1032 1842 ἧ
1061 1772 1264 1841 ἐγγύας
1290 1778 1630 1843 ἀπαιτείται,
1666 1779 1698 1848 ἢ
1734 1779 1911 1849 δημό-

2018 600 2298 669 ἰηιπεεευε
2363 604 2421 656 iit
2463 620 2589 659 ιρι
2633 607 2727 660 ἰΙΙο
2763 606 2909 660 enim
2965 616 3206 676 tempore
3254 624 3435 678 genua
3483 612 3577 667 lle-

2017 702 2226 749 ctentes
2260 710 2450 764 preces
2480 695 2709 752 Domino
2738 698 3038 753 offerimus.
3078 699 3386 756 Servatoris
3426 702 3571 756 enim

2017 786 2188 839 nostri
2226 788 2641 843 resurrectionis
2691 790 2854 844 veluti
2892 806 3289 860 praecursorem
3334 802 3573 856 noctem,

2017 892 2136 945 qua!
2179 886 2296 947 post
2334 879 2632 935 Sabbatum
2671 892 2773 948 est,
2829 885 3183 954 accipientes,
3237 884 3469 954 hymnos
3505 885 3574 938 ab

2016 984 2076 1022 ea
2111 970 2465 1039 spiritualiter
2511 973 2827 1042 incipimus,
2873 976 3074 1031 festum
3124 992 3192 1031 ex
3243 978 3485 1032 tenebris
3516 978 3571 1031 in

2016 1063 2190 1117 lucem
2221 1067 2674 1132 transmittentes,
2720 1077 2779 1121 ut
2809 1066 2865 1122 in
2910 1069 3121 1141 integra
3173 1081 3336 1126 nocte
3388 1086 3453 1125 ac
3486 1071 3573 1126 die

2018 1168 2116 1207 nos
2138 1154 2494 1213 celebremus.

2144 1330 2298 1395 Quod
2327 1334 2378 1385 in
2407 1334 2492 1388 die
2532 1334 2805 1390 Dominica
2843 1353 2949 1390 non
2989 1345 3194 1405 oportet
3226 1340 3457 1403 operari.

2083 1421 2320 1479 Consule
2363 1424 2418 1478 in
2461 1428 2622 1481 tertio
2676 1428 2853 1498 capite
2896 1429 3091 1485 litterae
3130 1428 3149 1482 Ι
3198 1444 3462 1485 canonem
3501 1429 3573 1482 29

2015 1511 2333 1569 Laodicenm
2357 1515 2577 1584 synodi.

2703 1607 2880 1676 Leges.

2086 1694 2208 1749 Dies
2236 1694 2550 1752 Dominicus
2572 1697 2646 1752 sit
2675 1699 2791 1753 dies
2814 1698 3042 1753 feriatus
3069 1716 3083 1763 ;
3116 1698 3169 1752 in
3199 1714 3266 1754 eo
3283 1700 3429 1753 enim
3462 1698 3576 1751 nul-

2013 1784 2119 1841 lius
2147 1788 2407 1841 memoria
2443 1789 2830 1854 celebrabitur,
2860 1790 2943 1843 vel
2979 1790 3356 1860 tidcjussiones
3389 1793 3569 1860 requi-

354 1867 489 1912 σιον.
518 1853 549 1922 ἢ
596 1856 859 1912 ἰδιωτικὸν
898 1863 1083 1931 χρέος,
1120 1863 1245 1919 οὔτε
1274 1867 1581 1933 δικάζεται,
1622 1870 1747 1923 οὔτε
1779 1886 1911 1939 σκη-
1944 1865 1986 1920 Β
2014 1893 2018 1927 ι

1944 1865 1986 1920 Β
2014 1885 2227 1940 runtur,
2254 1878 2339 1933 vel
2368 1880 2617 1948 vectigal,
2646 1882 2730 1936 vel
2778 1885 3054 1951 privatum
3088 1884 3362 1946 debitum,
3398 1899 3575 1951 neque

356 1946 478 2014 νικη
513 1946 632 2012 θέα,
660 1948 692 2017 ἢ
728 1950 1007 2021 κυνήγιον,
1042 1956 1073 2024 ἢ
1105 1956 1460 2029 ἱπποδρόμιον
1488 1962 1743 2015 τελεῖται.
1772 1963 1910 2015 Ἀλλ’

346 2035 397 2086 si
420 2036 514 2088 καὶ
540 2036 734 2103 φθάσει
767 2039 1033 2106 βασιλέως
1064 2047 1311 2101 νατάλιον
1341 2052 1397 2102 ὲν
1429 2051 1707 2123 κυριακῇ,
1741 2054 1908 2123 ὕπερ-

348 2126 555 2181 τὶθεταῖ
610 2131 670 2184 τὸ
694 2132 953 2204 θεώριον*
994 2139 1022 2191 δ
1060 2139 1117 2192 δὲ
1163 2141 1382 2214 θεωρῶν
1409 2146 1466 2197 ἐν
1500 2148 1746 2217 κυριακῇ
1780 2150 1912 2202 ἀπο-

352 2223 707 2289 στρατεύεται
754 2229 848 2281 καὶ
892 2230 1225 2301 δημεύεται*
1278 2237 1456 2302 ἔξεστι
1502 2240 1558 2292 δὲ
1593 2243 1907 2309 πακτεύειν,

350 2312 447 2365 καὶ
479 2314 742 2384 σύμφωνα
776 2323 984 2388 ποιεῖν,
1036 2325 1130 2378 καὶ
1167 2326 1481 2383 διαλύεσθαι
1531 2332 1588 2385 ὲν
1633 2333 1907 2404 κυριακῇ.

427 2496 687 2569 Ἀλλαχοῦ
717 2501 775 2555 δὲ
835 2504 862 2555 ὁ
912 2507 1071 2575 νόμος
1103 2509 1475 2582 ἀπαραίτητον
1517 2514 1615 2582 μὲν
1668 2516 1767 2587 τὴν
1816 2517 1911 2587 ἀρ-

345 2604 361 2651 ὴ
390 2586 471 2640 κάν
504 2591 561 2641 ἐν
595 2594 659 2662 τῇ
695 2593 949 2667 κυριακῇ
1006 2599 1264 2668 ἀπαιτεῖ,
1300 2604 1413 2656 ἀλλ’
1446 2605 1575 2659 ἄνευ
1601 2586 1910 2679 τῶνγεωρ-

346 2682 497 2740 γώνι
536 2680 665 2743 τείως
712 2686 820 2756 γὰρ
860 2688 967 2741 τῶν
1012 2690 1190 2761 ἔργων
1238 2701 1696 2765 κατεπειγόντων,
1742 2702 1910 2772 ἄλλην

347 2768 445 2837 οὐχ
473 2764 582 2823 οἷόν
621 2790 680 2825 τε
720 2777 929 2844 ἡμέραν
965 2780 1167 2850 εὑρεῖν,
1216 2782 1389 2848 οὕτως
1441 2791 1619 2854 αὐτοῖς
1676 2792 1810 2860 πρὸς
1840 2764 1909 2846 τὰ

348 2862 488 2929 ἔργα
517 2881 581 2915 συ
590 2867 796 2931 μὸαλ).ο
807 2879 999 2939 μένην.

433 2952 498 3044 Ἦ
521 2956 578 3007 δὲ
606 2957 678 3011 νδ¹
700 2960 870 3028 νεαρὰ
899 2962 996 3014 τοῦ
1060 2964 1322 3034 βασιλέως
1369 2971 1595 3037 Λέοντος
1628 2976 1909 3044 σχολάζειν

354 3042 493 3137 κατὰ
541 3044 639 3111 τὴν
686 3045 1045 3118 Κυριώνυμον
1089 3056 1186 3109 καὶ
1229 3059 1353 3122 τοὺς
1405 3042 1692 3133 γεωργοὺς-
1738 3066 1910 3137 διορίυ

350 3130 502 3192 ζεται

631 3229 877 3287 ΚΕΦΑΑ.
906 3236 1035 3290 AH'.
1065 3238 1203 3305 Περὶ
1236 3239 1623 3297 κωδικέλλου.

1013 3331 1217 3399 Νόμοι.

424 3411 762 3479 Κωδίκελλός
821 3417 937 3471 ἐστι
987 3420 1089 3490 τῆς
1146 3425 1203 3476 ἐν
1258 3428 1323 3497 τῇ
1379 3427 1610 3499 διαθήκῃ
1656 3429 1909 3493 ὲλλιποῦς

349 3500 573 3571 γνώμης
600 3504 694 3556 τοῦ
726 3506 1105 3580 διατιθεμένου
1137 3516 1548 3588 ἀναπλήρωσις,
1579 3521 1672 3573 καὶ
1705 3521 1911 3592 ἔγγρα-

348 3606 447 3657 φος
498 3592 785 3649 τελευταία
831 3597 1091 3671 βούλησις
1143 3606 1235 3657 ἐπί
1291 3625 1399 3660 τισι
1456 3610 1766 3679 προσώποις
1817 3612 1911 3664 καὶ

348 3682 672 3753 γράμμασι,
708 3690 819 3752 τοῖς
851 3691 946 3743 καὶ
997 3695 1053 3745 ἐν
1092 3694 1325 3769 διαθήκῃ
1368 3700 1398 3768 ἢ
1434 3703 1907 3769 μνημονευθεῖσιν,

352 3770 385 3840 ἢ
419 3778 857 3849 μνημονευθῆναι
886 3780 1227 3854 δυναμένοις,
1259 3790 1401 3859 πλὴν
1440 3794 1779 3863 κληρονόμου
1812 3796 1909 3848 καὶ

353 3863 739 3936 κληρονομίας.

417 3958 676 4030 Διαφέρει
714 3962 769 4015 δὲ
812 3964 1045 4037 διαθήκη
1081 3970 1430 4040 κωδικέλλου,
1458 3976 1540 4028 ὅτι
1593 3977 1652 4030 ὲν
1704 3978 1806 4047 μὲν
1841 3982 1906 4049 τῇ

350 4049 583 4123 διαθήκῃ
616 4054 711 4107 καὶ
744 4056 1083 4130 κληρονόμον
1123 4064 1215 4115 καὶ
1252 4066 1703 4139 ἀποκληρονόμον
1730 4071 1909 4138 ἔξεστι

352 4142 608 4210 γράφειν,
633 4150 727 4203 καὶ
755 4148 977 4215 λεγάτα,
1010 4154 1105 4206 καὶ
1137 4156 1475 4228 ἐλευθερίας,
1510 4165 1603 4213 καὶ
1630 4163 1905 4236 ἐνστατον,

350 4238 445 4325 και
502 4236 994 4310 ύποκατάστατον,
1043 4247 1102 4299 ὲν
1149 4249 1205 4302 δὲ
1260 4250 1340 4320 τῷ
1384 4254 1696 4325 κωδικέλλῳ
1759 4258 1909 4311 οὐδὲν

345 4339 571 4377 τουτων.

424 4418 716 4509 Ἐνστασίς
745 4424 891 4478 ἐστιν
920 4428 952 4496 ή
989 4418 1179 4499 πρώτῆ
1208 4430 1357 4496 θέσις
1385 4435 1485 4501 τῆς
1518 4436 1904 4509 κληρονομίας,

348 4508 627 4562 τουτέστιν
658 4513 685 4564 δ
726 4514 944 4583 πρῶτος
978 4516 1183 4589 βαθμδς
1222 4524 1330 4576 τῶν
1364 4525 1735 4598 κληρονόμων.

434 4598 905 4669 Ύποκατάστασίς
942 4612 1088 4663 ἐστιν
1120 4613 1152 4682 ὴ
1193 4614 1251 4677 ἐξ
1283 4616 1583 4687 ἀποτυχίας
1613 4620 1705 4672 τοῦ
1755 4622 1909 4688 πρώ-

344 4709 436 4745 του
464 4692 797 4766 κληρονόμου
836 4700 919 4767 ἐφ’
952 4701 1141 4772 ἕτερον
1195 4706 1293 4774 τῆς
1340 4709 1705 4779 κληρονομίας
1746 4715 1910 4781 μετά-

344 4783 491 4843 θεσις
544 4782 675 4853 οἷον,
709 4791 870 4854 εἴτις
906 4795 1071 4857 εἴποι,
1105 4798 1285 4852 Ἔστω
1327 4818 1430 4870 μου
1458 4806 1485 4856 ὁ
1533 4804 1683 4858 δεῖνα
1712 4804 1906 4875 κληρο-

348 4877 546 4945 νόμος·
591 4881 727 4934 εἰδὲ
780 4883 877 4951 μὴ,
920 4885 1060 4939 ἔστω
1099 4890 1127 4939 ὁ
1169 4890 1340 4944 δεῖνα.

434 4967 523 5021 Ἐν
553 4972 868 5043 κωδικέλλῳ
904 4976 1338 5048 φιδεκόμμισσον
1382 4984 1651 5053 γράφεται
1682 4985 1787 5039 ’καὶ
1823 4987 1908 5040 λε-

347 5060 628 5128 γατάριον.

415 5157 740 5212 Συνίσταται
794 5160 853 5213 δὲ
915 5162 944 5214 δ
998 5161 1325 5226 κωδίκελλος
1368 5164 1455 5219 διὰ
1497 5168 1657 5220 πέντε
1696 5168 1902 5238 μαρτύ-

346 5266 475 5303 οων.

652 5368 839 5419 ΑΡΧΗ
906 5369 1045 5421 ΤΟΥ
1097 5372 1140 5423 Λ
1196 5373 1577 5427 ΣΤΟΙΧΕΙΟΥ.

344 5455 599 5509 ΚΕΦᾹΛ.
650 5458 727 5510 A'.
768 5459 908 5512 [Ieci
950 5460 1069 5531 τῶν
1127 5460 1513 5517 ἀπᾶλαῖηιέυν
1579 5465 1898 5531 γινομένων

934 5530 1006 5582 ἐπ
1017 5535 1307 5585 ισκόπων.

424 5615 482 5669 '0
504 5623 557 5670 π’
583 5618 690 5671 τῶν
733 5620 904 5687 ἁγίων
942 5622 1255 5677 ἀποστόλων
1290 5625 1487 5691 κανὼν,
1522 5626 1623 5677 Τὸν
1663 5625 1723 5691 ἐξ
1761 5628 1887 5679 ἐθνι-

342 5709 462 5772 κοῧ,
491 5712 646 5779 φησι,
693 5713 831 5780 βίον,
862 5714 893 5783 ἢ
942 5716 1034 5768 καί
1069 5718 1131 5768 ἐκ
1168 5718 1377 5788 φαύλης
1408 5721 1628 5789 ἀγωγης
1666 5720 1878 5789 ἰιι-ηοελι

342 5798 502 5853 θόντα
532 5805 600 5872 τῇ
626 5806 829 5871 πίστει,
874 5807 932 5858 οὐ
976 5806 1128 5876 θέμις
1160 5808 1361 5873 εὐθέα-ς
1413 5812 1708 5866 ἐπίσκοπον
1768 5830 1886 5881 προ-

2014 1967 2315 2037 judicatur,
2365 1985 2544 2039 neque
2596 1974 2809 2027 scenica
2854 1975 3163 2044 spectacula
3209 1974 3294 2029 vel
3335 1973 3574 2030 ferarum

2019 2060 2233 2114 venatio
2276 2061 2361 2115 vel
2412 2077 2680 2131 equorum
2726 2080 2923 2121 cursus
2972 2066 3272 2134 perﬁcitur.
3320 2066 3425 2119 Sed
3471 2068 3574 2120 etsi

2019 2152 2361 2220 imperatoris
2390 2154 2692 2209 natalitium
2737 2157 2791 2210 in
2831 2158 2972 2212 diem
3006 2158 3347 2213 Dominicum
3372 2157 3569 2212 incide-7

2018 2246 2105 2307 rit,
2122 2246 2495 2312 spectaculum
2514 2246 2804 2311 diﬂ’ertur;
2848 2258 3123 2319 spectator
3146 2257 3328 2303 autem
3363 2249 3452 2304 die
3475 2250 3567 2304 Do-

2018 2334 2219 2389 minica
2244 2344 2633 2392 exauctoratur
2656 2347 2709 2393 et
2733 2340 3097 2407 conliscatur;
3119 2340 3247 2396 licet
3278 2349 3461 2397 autem
3484 2357 3560 2409 pa

2016 2426 2169 2489 cisci,
2205 2435 2260 2481 et
2279 2437 2590 2485 contractus
2621 2430 2802 2486 facere
2835 2440 2890 2486 et
2921 2433 3131 2489 solvere
3165 2434 3220 2488 in
3258 2432 3573 2490 Dominico.

2086 2518 2228 2573 Alibi
2268 2534 2397 2575 vero
2430 2520 2516 2574 lex
2560 2521 2931 2577 inexcusabile
2963 2523 3136 2578 otium
3182 2525 3239 2578 in
3286 2522 3576 2577 Dominico

2017 2608 2207 2678 exigit,
2229 2611 2472 2679 exceptis
2493 2620 2673 2667 tamen
2698 2614 2974 2685 agricolis,
2994 2615 3087 2683 qui
3107 2615 3314 2680 forsan,
3338 2617 3579 2670 instante

2017 2715 2201 2770 opere,
2248 2704 2409 2759 aliam
2446 2704 2591 2759 diem
2635 2707 2882 2761 invenire
2918 2723 3027 2762 non
3071 2714 3325 2778 possunt,
3366 2708 3472 2763 iilis
3510 2707 3580 2762 ad

2017 2808 2182 2864 opera
2203 2797 2507 2866 peragenda
2533 2813 2691 2871 aeque
2715 2801 3155 2855 convenientem.

2090 2976 2225 3046 lmp.
2264 2977 2467 3035 Leonis
2517 2978 2587 3034 84
2625 2978 2840 3034 novella
2881 2977 3142 3044 decernit,
3184 2978 3331 3049 ipsos
3360 2991 3578 3048 quoque

2016 3072 2284 3144 agricolas
2319 3072 2407 3127 die
2437 3072 2722 3128 Dominico
2748 3072 2951 3127 debere
2984 3071 3166 3126 otiari.

2338 3253 2493 3307 CAP.
2531 3250 2820 3306 XXXVIII.
2863 3250 2938 3304 De
2970 3249 3237 3304 codicillo.

2689 3342 2871 3413 Leges.

2081 3435 2379 3492 Codicillus
2400 3443 2483 3491 est
2539 3436 2869 3505 imperfecta:
2920 3434 2974 3487 in
3029 3438 3353 3487 testamento
3380 3429 3573 3485 volutum

2015 3527 2142 3581 talis
2171 3526 2445 3581 testatoris
2474 3525 2952 3594 complementum,
2984 3531 3037 3575 et
3061 3522 3262 3590 scripta
3295 3530 3573 3589 postrema

2013 3619 2267 3673 voluntas
2313 3619 2381 3672 de
2414 3617 2738 3686 quibusdam
2782 3615 3031 3685 personis
3080 3626 3130 3669 et
3191 3614 3406 3680 litteris,
3452 3629 3576 3683 qua;

2014 3713 2177 3766 etiam
2221 3712 2274 3765 in
2312 3719 2635 3765 testamento
2670 3709 2753 3763 vel
2783 3716 3094 3762 memoratae
3144 3716 3292 3770 sunt,
3337 3708 3421 3762 vel
3453 3722 3575 3775 quae

2014 3813 2245 3877 possunt
2278 3803 2591 3868 memorari,
2640 3814 2833 3872 praeter
2885 3799 3155 3855 heredem
3204 3808 3258 3855 et
3292 3798 3577 3854 haeredita-

2012 3912 2142 3955 tem.

2082 3992 2272 4047 Diﬂ‘ert
2316 4004 2443 4045 vero
2480 3996 2866 4044 testamentum
2903 4001 2932 4039 a
2980 3985 3266 4048 codicillo,
3312 3984 3570 4053 quoniam

2013 4083 2066 4136 in
2090 4088 2418 4137 testamento
2452 4080 2581 4134 licet
2614 4079 2881 4133 haeredem
2907 4085 2963 4130 et
2997 4076 3337 4131 exheredem
3368 4075 3574 4130 descri-

2011 4175 2161 4240 bere,
2217 4182 2271 4226 et
2331 4173 2530 4243 legata,
2583 4179 2637 4225 et
2686 4169 2988 4231 libertates,
3036 4176 3091 4221 et
3132 4166 3467 4230 institutum,
3518 4172 3572 4219 et

2012 4265 2368 4322 substitutum
2403 4262 2705 4326 haeredcm;
2760 4260 2815 4314 in
2851 4258 3105 4315 codicillo
3133 4273 3259 4313 vero
3300 4256 3439 4311 nihil
3468 4256 3569 4312 hu-

2016 4356 2273 4412 iusmodi.

2038 4374 2273 4412 usmooi.

2010 4374 2029 4426 l
2082 4446 2363 4502 institutio
2388 4455 2471 4500 est
2490 4446 2669 4514 prima
2697 4443 2896 4514 positio
2940 4442 3302 4505 hereditatis,
3335 4440 3440 4495 hoc
3463 4446 3569 4504 est,

1938 4572 1983 4628 ι)
2012 4541 2216 4611 primus
2248 4540 2447 4610 gradus
2481 4537 2780 4592 haeredum.

2084 4631 2419 4687 Substitutio
2472 4639 2557 4685 est
2585 4630 2656 4684 ob
2698 4629 2857 4697 primi
2911 4626 3141 4682 heredis
3195 4625 3465 4681 defectum
3500 4628 3568 4681 ad

2008 4724 2177 4777 alium
2216 4721 2545 4776 haeredilatis
2597 4720 2899 4783 translatio,
2944 4733 3007 4772 ac
3035 4718 3087 4771 si
3106 4718 3321 4772 diceret,
3344 4717 3565 4786 aliquis,

2008 4813 2093 4867 Sit
2128 4813 2256 4866 mihi
2287 4812 2510 4881 quidam
2554 4811 2751 4873 haeres,
2803 4809 2850 4863 si
2898 4824 3025 4863 vero
3064 4822 3196 4873 non,
3225 4808 3297 4862 sit
3343 4806 3562 4877 quidam

2004 4904 2167 4961 alius.

2078 4997 2134 5050 In
2166 4995 2417 5051 codicillo
2454 4995 2936 5051 fideicommissum
2974 4996 3327 5061 scribitur,et
3355 4994 3561 5063 legata-

2002 5092 2163 5143 rium.

2072 5181 2369 5236 Codicillus
2400 5183 2640 5249 quinque
2674 5181 2905 5236 testibus
2932 5181 3308 5235 conﬁrmatur.

2287 5382 2446 5451 170
2477 5379 2732 5436 lNlTlUM
2780 5379 3102 5435 LITTERIE
3155 5381 3217 5433 A.

2238 5474 2390 5530 CAP.
2430 5474 2471 5528 ι.
2506 5475 2583 5528 De
2615 5475 2872 5544 episcOpis
2903 5490 2935 5525 α
2964 5473 3117 5526 laici:
3147 5472 3322 5525 ’actis.

2070 5628 2395 5683 Sanctorum
2428 5630 2799 5697 apostolorum
2833 5629 2902 5684 80
2934 5644 3113 5685 canon
3165 5643 3310 5690 eum,
3365 5643 3457 5697 qui
3488 5642 3564 5683 es

1991 5720 2201 5789 gentili,
2239 5717 2562 5785 inquit.viia
2595 5721 2675 5775 vel
2702 5737 2767 5776 ex
2800 5721 3055 5790 improba
3087 5719 3300 5772 vivendi
3335 5719 3551 5771 ratione
3587 5750 3602 5763 υ

1994 5812 2058 5867 ad
2125 5811 2283 5868 ﬁdem
2335 5813 2649 5878 accesserit,
2706 5828 2814 5869 non
2866 5821 3080 5876 oportet
3138 5814 3384 5884 protinus
3438 5811 3564 5866 ﬁeri
