4094 6440
1100 559 1838 719 PETRUS
1953 555 2630 713 POSSIN
2647 556 2878 712 US

1663 851 2320 966 LECTORI.

454 1229 509 1292 l.
532 1228 870 1308 Dispungo
903 1245 1047 1290 ecce
1082 1246 1209 1290 non
1242 1236 1422 1290 tetus
1448 1245 1681 1289 nomen
1710 1242 1802 1303 ,et
1834 1243 2023 1305 quam
2057 1229 2290 1289 debere
2318 1234 2461 1288 ante
2491 1227 2610 1287 hoc
2641 1228 2978 1288 biennium
3018 1242 3326 1304 cmperam
3373 1235 3609 1303 partem

374 1333 634 1393 alteram
673 1330 1193 1410 Pachymerianae
1237 1331 1538 1405 historim,
1597 1331 1760 1392 haud
1810 1329 2013 1391 nimis
2055 1348 2221 1403 sera,
2273 1332 2328 1390 si
2362 1332 2565 1391 moles
2615 1331 2965 1391 aestimetur
2999 1329 3236 1406 aperis,
3286 1328 3613 1390 solutione

377 1441 801 1511 repraesento.
846 1433 1166 1494 Describit
1209 1450 1279 1495 ea
1314 1452 1421 1494 sex
1456 1442 1518 1495 et
1563 1432 1788 1509 viginti
1827 1432 2076 1510 priores
2134 1449 2337 1494 annos
2392 1433 2646 1509 imperii
2710 1431 3061 1492 Andronici
3115 1432 3475 1509 Palaeologi,
3536 1434 3616 1492 ah

376 1535 499 1612 ipsi
534 1533 917 1612 cognomine
978 1543 1205 1611 nepote
1264 1551 1380 1596 nec
1443 1536 1624 1595 valde
1674 1536 1991 1595 concorde
2051 1535 2291 1611 collega
2360 1535 2554 1609 vulgo
2605 1533 2924 1610 distingui
2980 1533 3266 1594 Senioris
3314 1534 3615 1611 adjuncto

379 1633 582 1695 soliti.
624 1638 732 1694 Est
788 1634 921 1697 hinc
956 1634 1388 1696 infelicissimi
1428 1635 1822 1713 principatus
1858 1637 2063 1713 imago
2118 1652 2149 1694 a
2212 1643 2429 1694 nostro
2464 1634 2772 1695 historico
2829 1635 3121 1706 formata,
3159 1637 3359 1714 magis
3386 1634 3613 1697 condi-

360 1736 558 1806 tione
628 1746 993 1813 argumenti
1061 1752 1253 1816 quam
1323 1738 1586 1814 ingenio
1675 1738 2022 1816 pingentis,
2083 1736 2519 1798 Parrbasianm
2572 1736 2749 1797 illius
2823 1739 3099 1812 similis,
3173 1756 3299 1818 qua
3365 1738 3613 1799 Plinius

374 1843 650 1898 testatur
704 1837 968 1912 damon,
1027 1839 1167 1899 sive
1224 1841 1561 1916 pupulum,
1618 1840 2077 1901 Atheniensem
2129 1839 2208 1899 ab
2254 1840 2374 1899 isto
2429 1853 2685 1899 summo
2724 1839 2959 1900 artiﬁce
2996 1840 3090 1901 sic
3134 1841 3612 1912 adumbratum,

380 1944 455 1998 ut
502 1951 714 1997 mores
767 1938 906 2016 ejus
967 1946 1332 2016 motusque,
1371 1938 1516 1999 licet
1574 1941 1738 1999 inter
1776 1956 1919 2000 sese
1974 1937 2297 2010 contrarii,
2361 1937 2555 1998 simul
2613 1947 2819 1999 tamen
2860 1941 2923 2001 in
2968 1942 3180 2005 tabula
3210 1943 3310 2004 sui
3344 1960 3607 2006 sensum

374 2040 661 2112 cierent;
710 2050 1211 2120 agnosceretque
1244 2058 1372 2104 uno
1408 2042 1651 2103 intuitu
1711 2032 2031 2119 spectator
2094 2043 2391 2102 eumdem
2457 2042 2701 2102 varium
2754 2052 2814 2102 et
2856 2049 3278 2117 constantem,
3340 2046 3604 2107 iracun-

376 2142 537 2204 dum
622 2149 686 2205 et
745 2146 1180 2220 exorabilem,
1245 2146 1563 2223 iniustum
1636 2153 1696 2207 et
1761 2147 2175 2221 clementem,
2244 2146 2600 2225 gloriosum
2670 2153 2730 2205 et
2790 2144 3146 2219 humilem,
3201 2146 3478 2208 ferocem
3551 2154 3616 2207 ct

380 2241 702 2322 fugacem.
746 2247 880 2308 Pari
932 2246 1251 2326 siquidem
1288 2246 1604 2324 exemplo,
1661 2248 1810 2309 dum
1869 2247 2118 2310 sincera
2159 2248 2523 2309 narratione
2569 2256 2788 2307 noster
2824 2247 3171 2308 Andronici
3228 2255 3362 2308 acta
3396 2247 3615 2323 expri-

382 2347 524 2421 mit,
585 2365 788 2410 unum
828 2350 1038 2427 ipsum
1097 2347 1378 2420 exhibet,
1443 2345 1591 2408 hinc
1643 2348 2146 2409 audacissimum
2214 2349 2551 2427 religionis
2602 2359 3135 2428 contemptorem,
3170 2348 3350 2410 illinc
3378 2366 3615 2427 supcr-

370 2452 827 2514 stitiosissime
880 2451 1421 2524 formidolosum;
1475 2448 1859 2529 plerumque
1918 2450 2272 2514 sollicitum
2349 2451 2815 2514 discordiarum
2867 2450 3169 2513 Ecclesiae
3221 2466 3616 2527 componen-

378 2555 638 2626 darum,
707 2568 853 2614 mox
914 2550 1563 2614 vehementissimam
1619 2552 2114 2615 disturbalorem
2174 2551 2528 2613 conciliata;
2580 2558 2672 2613 tot
2731 2551 3063 2614 laboribus
3117 2568 3152 2613 a
3220 2560 3394 2628 patre
3444 2553 3618 2629 pacis

378 2651 901 2735 Ecclesiarum;\
943 2652 1288 2732 aliquando
1351 2652 1524 2731 frugi
1589 2670 1660 2715 ac
1734 2671 2032 2732 parcum,
2121 2654 2335 2715 statim
2435 2652 2828 2714 effusissime
2909 2653 3296 2730 prodigum;
3371 2670 3622 2730 semper

382 2754 908 2816 versutissimum
969 2755 1034 2815 in
1105 2755 1585 2834 excogitatione,
1642 2759 1962 2818 rationum
2009 2757 2179 2834 quod
2229 2755 2421 2817 vellet
2464 2755 2804 2822 efﬁciendi,
2836 2769 3168 2833 nunquam
3211 2768 3338 2814 non
3380 2753 3625 2829 impru-

380 2854 845 2916 dentissimum
907 2852 975 2915 in
1029 2853 1345 2917 electione
1414 2856 1877 2928 consiliorum;
1929 2853 2305 2933 frequenter
2371 2871 2561 2933 supra
2622 2855 2880 2915 modum
2931 2853 3331 2917 aﬂ'ectantem
3391 2854 3622 2915 famam

386 2956 653 3019 ofﬁciosi
718 2972 867 3035 erga
933 2937 1521 3029 domesticos,’nec
1590 2974 1732 3020 raro
1802 2956 2006 3019 ferina
2087 2956 2418 3035 impietate
2490 2956 3008 3028 debacchantem,
3093 2956 3410 3018 violandis
3481 2957 3624 3017 sine

390 3068 683 3139 xeSpectu
736 3060 1325 3122 necessitudinibus
1383 3060 1830 3131 sanctissimis,
1888 3060 2112 3138 utique
2177 3061 2290 3139 qui
2352 3077 2479 3121 non
2532 3062 2720 3121 modo
2773 3075 2896 3121 non
2933 3059 3017 3119 sit
3101 3059 3341 3121 veritus
3396 3078 3625 3122 anum-

400 3163 624 3224 tissimi
687 3169 749 3225 et
806 3162 1005 3224 nimis
1077 3163 1142 3223 in
1200 3162 1411 3240 ipsum
1462 3163 1728 3224 beneﬁci
1796 3163 2076 3241 parentis
2151 3162 2525 3223 memoriam
2574 3161 2768 3241 justis
2839 3160 3224 3224 funebribus
3289 3164 3621 3233 fraudare;

392 3273 659 3327 matrem
731 3264 987 3325 viduam
1047 3264 1398 3341 tyrannicis
1457 3265 1648 3324 minis
1694 3266 1769 3326 ad
1827 3264 1944 3325 viri
2012 3264 2244 3343 ipsius,
2299 3267 2496 3342 patris
2554 3264 2683 3339 sui,
2735 3263 3055 3342 judicium
3120 3265 3359 3342 scripto
3438 3267 3621 3326 dan.-

392 3369 676 3430 nandum
754 3366 1057 3444 adigere;
1122 3364 1462 3444 conjugem
1537 3366 1706 3445 regis
1764 3366 2067 3442 Ungariaar
2110 3366 2332 3440 filiam,
2399 3366 2585 3445 cujus
2642 3364 2985 3426 tenerrima
3040 3364 3287 3426 dilectae
3356 3374 3623 3428 mortem

390 3469 776 3529 mollissime
824 3467 1132 3537 ﬂevisset,
1197 3484 1274 3528 ex
1335 3467 1455 3528 levi
1510 3466 1906 3544 suspicione,
1942 3472 2296 3546 sepultura)
2357 3469 2600 3528 honore
2673 3465 3280 3542 mnltare;fratrem
3346 3468 3627 3546 Porphy-

382 3566 1241 3645 mgenitum‘circumferre
1297 3564 1603 3628 clathrata
1661 3582 1848 3627 cavea
1909 3576 1970 3627 et
2031 3568 2174 3628 diro
2225 3584 2479 3629 carcere
2535 3566 2613 3628 ad
2674 3573 2942 3628 mortem
2995 3581 3345 3626 macerare:
3401 3585 3622 3629 verum

384 3678 453 3730 et
516 3669 747 3731 horum
807 3675 1052 3748 partem
1115 3684 1241 3730 non
1301 3667 1631 3741 dubitarit,
1694 3667 1786 3729 uti
1839 3667 2117 3729 facinora
2177 3664 2933 3747 prteclara,jactabundis
2989 3666 3266 3744 gloriose
3297 3677 3619 3732 ostentare

380 3766 859 3861 concinnamus.
1004 3814 1011 3819 λ
3247 3766 3254 3773 ’

470 3869 554 3930 ll.
586 3869 877 3931 Moribus
927 3877 1054 3932 tam
1111 3869 1520 3934 instabilibus
1591 3869 1907 3949 principis
1969 3889 2140 3934 unus
2200 3873 2716 3936 constantissime
2799 3874 3128 3954 respondit
3202 3877 3625 3954 perturbatis-

386 3969 601 4030 simus
655 3977 718 4032 et
776 3969 1370 4033 calamitosissimus
1430 3971 1752 4033 universae
1798 3972 2170 4050 reipublicae
2221 3980 2447 4036 status.
2488 3975 2806 4037 Erarium
2875 3977 3303 4052 exinanitum,
3361 3996 3619 4059 semper

389 4071 686 4133 exhausti
758 4072 1021 4135 tributis
1081 4074 1475 4136 immanibus
1531 4075 1777 4153 populi,
1830 4076 2185 4138 interversa
2238 4078 2684 4140 ministrorum
2719 4097 2979 4159 quoque
3029 4083 3452 4160 palatinorum
3504 4103 3625 4147 au-

384 4178 808 4247 ctoramenta,
842 4174 919 4235 ad
958 4173 1425 4249 mendicitatem
1479 4176 1712 4236 redacti
1781 4176 2141 4253 pudendam
2188 4178 2313 4255 ipsi
2348 4180 2648 4242 Ecclesiae
2700 4199 3032 4259 proceres;
3071 4187 3294 4247 classis
3328 4189 3623 4249 funditus

390 4274 710 4349 neglecta,
778 4275 1025 4336 arcium
1093 4275 1571 4338 limitanearum
1628 4277 1921 4354 praesidia
1979 4277 2324 4353 subtracta,
2414 4290 2749 4345 terrestres
2800 4287 3121 4349 exercitus
3190 4288 3375 4365 plane
3430 4289 3624 4351 dissi-

390 4377 555 4452 pati,
620 4375 869 4437 inerme
914 4374 1263 4453 imperium
1317 4373 1582 4436 irritatis
1640 4383 1878 4436 temere
1920 4378 2213 4439 Barbaris
2284 4379 2630 4459 objectum,
2695 4399 2944 4446 summa
3004 4386 3218 4447 tutelaa
3267 4404 3339 4447 ac
3397 4390 3624 4450 salutis

390 4480 675 4557 publicae
722 4479 933 4540 iutidis
981 4479 1158 4553 feris,
1222 4478 1558 4557 rapacibus
1597 4478 1836 4539 exteris
1879 4479 2428 4542 inconsultissime
2497 4485 2857 4555 commissa,
2925 4486 3073 4549 hinc
3126 4487 3338 4549 statim
3400 4506 3626 4551 conse-

390 4582 565 4643 cutis
624 4580 1008 4643 necessariis
1059 4580 1391 4641 effectibus
1450 4579 1667 4640 talium
1707 4596 2069 4653 causarum,
2107 4582 2571 4645 vastationibus
2605 4587 3102 4667 provinciarum,
3151 4589 3628 4666 direptionibus

392 4682 690 4754 urbium,
747 4681 1245 4758 deprmitatione,
1299 4678 1687 4756 captivitate,
1735 4683 1928 4753 crede,
1990 4679 2137 4758 fuga
2175 4683 2582 4760 populorum,
2652 4688 3047 4750 desolatione
3086 4691 3377 4752 omnium
3439 4692 3631 4755 fando

395 4798 688 4860 unquam
755 4782 1119 4843 auditarum
1220 4779 1606 4853 tristissima,
1688 4788 2059 4842 cunctarum
2126 4782 2435 4845 latissime
2505 4786 2574 4848 in
2657 4798 2929 4868 utraque
2988 4792 3156 4852 Asiae
3226 4796 3631 4876 Europarque

395 4885 771 4951 continente
843 4886 1129 4946 Romano
1184 4884 1613 4962 subjectarum
1675 4885 1949 4962 imperio
1979 4885 2361 4964 regionum;
2420 4890 2557 4966 ipsa
2617 4892 2720 4951 vix
2778 4895 2937 4954 urbe
2989 4894 3184 4971 regia,
3243 4895 3426 4973 cujus
3480 4914 3625 4975 por-

398 4989 624 5060 tubus,
686 4989 868 5065 cujus
926 4985 1124 5065 portis
1184 4987 1338 5047 mari
1407 4986 1642 5047 classes
1710 4986 2015 5063 piratica),
2063 4997 2228 5049 terra
2277 4988 2790 5053 latrocinantium
2849 4992 3101 5054 infestaa
3172 4997 3343 5057 acies
3400 4998 3631 5059 Barba-

402 5106 623 5151 rorum
684 5091 951 5167 impune
1004 5105 1261 5166 semper
1323 5088 1744 5162 insultabant,
1797 5088 1957 5166 ipsa,
2000 5091 2291 5169 inquam,
2350 5093 2610 5172 imperii
2669 5098 2818 5159 sede
2898 5100 3454 5179 Constantinopoli
3527 5101 3625 5161 vix

405 5192 682 5252 liberum
756 5191 1061 5269 spiritum
1128 5206 1311 5249 muro
1384 5199 1442 5250 et
1507 5192 2006 5271 pr0pngnziculis
2060 5202 2327 5266 tutante,
2407 5196 2578 5260 inter
2644 5211 3036 5277 grassantem
3114 5203 3292 5265 intus
3370 5204 3631 5273 famem,

398 5291 771 5351 smvientem
832 5290 1004 5350 luem
1046 5311 1090 5362 ·,
1137 5290 1533 5352 seditionum
1593 5291 1765 5353 ferro
1812 5292 1948 5354 face
2022 5296 2538 5374 deprmliantium
2597 5307 3045 5382 sanguinarios
3098 5306 3377 5377 furores,
3413 5315 3630 5365 terrm-

368 5401 639 5463 ;motus,
720 5388 856 5450 dira
932 5387 1257 5460 incendia,
1324 5394 1387 5447 et
1455 5389 1517 5449 id
1577 5407 1782 5466 genus
1839 5391 2164 5455 immissas
2214 5398 2532 5460 divinitus
2596 5403 2845 5476 clades;
2905 5420 3053 5482 quae
3105 5405 3403 5466 dubitare
3459 5403 3633 5464 cives

400 5488 803 5549 miserrimos
864 5491 1166 5563 cegerent
1231 5494 1371 5546 utra
1429 5497 1601 5548 esset
1659 5488 1870 5550 minus
1920 5491 2289 5555 calamitosa
2342 5497 2624 5574 fortuna,
2680 5504 3168 5580 gementiumne
3246 5504 3367 5566 sub
3431 5503 3631 5563 servi-

364 5598 534 5650 -tute
603 5585 938 5651 barbarica
1008 5583 1207 5644 semel
1266 5586 1715 5660 ahductorum,
1780 5607 1858 5651 an
1922 5593 2127 5653 adhuc
2201 5596 2324 5655 sub
2383 5605 2547 5659 tecto
2619 5603 2822 5678 patrio
2890 5606 3194 5665 extremis
3277 5600 3633 5665 terroribus

400 5687 840 5763 metuentium,
908 5692 969 5742 et
1021 5699 1153 5759 quo
1229 5698 1376 5741 casu
1438 5685 1702 5759 perituri
1775 5704 1919 5748 mox
1978 5686 2220 5764 forent,
2290 5696 2619 5757 cruciabili
2698 5702 3017 5764 anxietate
3068 5703 3488 5763 incertorum.

350 5832 425 5855 η,
472 5866 479 5873 _
520 5788 989 5875 .ggwl’nnou
1044 5787 1157 5845 Gn.
1202 5782 1458 5869 CXLIV.
1817 5860 1823 5865 _
2668 5858 2673 5869 ,
3206 5800 3238 5859 1

58 6080 73 6093 ι
290 6060 305 6077 ⁸
324 6064 335 6067 ‘
350 6046 373 6087 "7

300 6110 309 6115 '
405 6109 442 6146 ἐξ.
494 6108 511 6125 ί(
518 6104 591 6143 ξιέκ
598 6112 601 6117 ’
608 6112 619 6115 Ἴ

58 6138 71 6151 ι
295 6139 300 6144 .
363 6137 368 6144 .
393 6139 400 6142 .
427 6135 456 6142 .-
472 6132 545 6147 ,κν
598 6138 601 6145 ς
640 6146 645 6149 Δ

60 6154 67 6157 ‘
208 6154 275 6193 ceri;
307 6155 322 6192 ,’
349 6183 360 6190 ς
377 6135 537 6194 15.3;
546 6152 569 6187 *E
760 6156 763 6159 ’

198 6208 217 6221 ἡ
245 6203 254 6222 .‘
275 6192 310 6218 ιθ·
415 6201 456 6218 -“ι.,
473 6191 516 6222 ’ξς
560 6192 571 6203 ⁴¹

204 6238 207 6241 ς
222 6221 260 6250 η
439 6227 444 6252 ς
493 6225 587 6254 τ’·...ζ
618 6238 621 6243 ,

180 6262 195 6271 μ
223 6255 256 6266 --—-
287 6257 298 6262 --
511 6255 524 6272 .-
643 6266 665 6274 ν
688 6266 691 6267 ν

223 6287 228 6290 .
561 6278 611 6298 ,³““
651 6281 656 6284 “
672 6278 707 6297 π,-”ν

511 6295 520 6298 “
575 6295 586 6316 '--
615 6297 624 6322 Ξ
652 6302 703 6321 “si:
728 6308 733 6311 ι
756 6308 763 6311 -

122 6340 147 6347 -7
183 6337 186 6342 Ι
507 6333 512 6336 .
585 6325 608 6346 ’.ιρ
658 6334 675 6339 γ,
690 6330 719 6345 ,ξι
738 6338 741 6341 .
760 6330 769 6339 ι⁷

110 6374 117 6379 γ
135 6363 146 6366 ··
621 6349 668 6378 ἰν.-
691 6344 772 6381 VS:

609 6385 678 6414 _~¢.s'
728 6390 763 6405 ε
