4094 6442
463 366 521 431 ιι
1806 365 2038 427 PETRI
2080 339 2386 427 Possm
3664 361 3731 427 19.:

538 481 648 543 Ill.
736 477 885 541 Tam
959 486 1138 540 atrox
1194 479 1339 541 irati
1416 479 1718 543 Numinis
1797 478 2069 541 vindicta
2161 481 2400 557 quibus
2455 487 2602 541 tunc
2661 476 3018 541 sceleribus
3063 486 3541 557 provocaretur,
3588 476 3721 538 uis-

459 581 775 661 quisitum
829 597 865 643 a
920 579 1219 657 plurimis
1289 579 1504 653 anxie,
1580 581 1797 660 ipsum
1889 596 2153 659 quoque
2222 599 2292 643 se
2345 597 2475 643 non
2534 580 2954 643 dissimulans
3028 576 3172 657 ejus
3238 582 3552 643 abstrusa)
3629 579 3724 641 rei

459 688 916 750 sciscitatorem
979 682 1340 752 curiosum,
1413 699 1540 744 non
1600 682 1797 743 semel
1884 683 2309 761 Pachymeres
2377 684 2667 751 afﬁrmat.
2731 692 3116 769 Aperiamus
3195 688 3316 749 hoc
3398 702 3517 749 nos
3582 684 3721 745 illis

402 804 789 875 parcanum,
834 791 897 847 et
952 782 1374 861 indigitemus
1455 784 1723 857 trabem,
1796 799 1991 863 quam
2062 786 2214 863 quia
2299 786 2556 849 inﬁxam
2609 799 2842 868 gerunt
2918 792 3149 862 oculis,
3234 790 3453 852 videre
3536 786 3722 849 illusi

465 898 823 970 nequeunt.
895 887 1195 965 Relapsio
1267 886 1335 947 in
1396 886 1728 960 haaresim,
1774 891 1975 949 sancti
2064 888 2340 966 Spiritus
2414 893 2895 968 processionem
2949 912 2984 957 e
3047 896 3226 956 Patre
3299 890 3490 952 simul
3572 903 3719 947 cum

462 991 634 1054 Filio
719 991 1080 1067 negantem,
1140 985 1480 1061 repetitum
1544 986 1847 1061 schisma,
1919 986 2190 1049 rebellio
2257 988 2481 1052 iterata
2530 990 2599 1053 in
2657 992 2893 1055 Christi
2955 994 3262 1055 vicarium
3356 991 3720 1050 Romanum

466 1090 859 1173 pontificem,
917 1094 1150 1161 vestra,
1184 1085 1552 1165 Byzantini,
1618 1086 1737 1148 hoc
1800 1103 1997 1165 Opere
2076 1089 2399 1165 publicata
2475 1091 2742 1156 crimina
2810 1101 2983 1157 sunt.
3062 1096 3155 1156 Ne
3228 1090 3497 1171 quaarite
3569 1086 3723 1147 alias

467 1191 735 1257 istarum
797 1192 920 1253 sub
981 1189 1223 1270 quibus
1282 1189 1542 1269 gemitis
1605 1190 1992 1262 exitialium,
2029 1198 2250 1254 tenore
2304 1178 2806 1259 continuissimo
2859 1215 3197 1271 nexaruin,
3253 1206 3433 1257 aucta
3468 1208 3723 1268 semper

467 1293 772 1373 gradibus
852 1293 1181 1355 atrocitate
1252 1290 1677 1351 crescentium
1747 1306 1974 1352 causas
2049 1293 2505 1356 calamitatum.
2574 1297 2916 1377 Utcunque
2979 1298 3195 1377 probi,
3244 1271 3476 1368 mites,
3554 1290 3721 1371 justi

470 1394 799 1473 principes
857 1395 1048 1456 vestri
1086 1393 1445 1464 videantur,
1479 1392 1760 1470 populus
1800 1392 1953 1454 satis
2008 1395 2430 1471 compositus,
2496 1396 2710 1459 clerus
2768 1400 2980 1478 gravis
3040 1407 3101 1461 et
3141 1400 3480 1470 honestus,
3514 1409 3721 1461 unum

469 1503 563 1557 est
629 1495 778 1557 odio
860 1498 929 1556 in
995 1509 1107 1556 vos
1193 1494 1304 1557 Dei
1386 1493 1764 1556 concitando
1818 1493 1929 1571 .vel
2004 1491 2519 1557 efﬁcacissimum
2593 1497 2933 1578 ﬂagitium,
3013 1504 3305 1579 pertinax
3385 1499 3719 1574 amplexus

471 1595 726 1674 reprobi
788 1599 1131 1675 dogmatis,
1194 1595 1494 1673 pervicax
1574 1601 1979 1671 contemptus
2033 1612 2356 1673 supremae
2413 1597 2862 1662 ecclesiasticae
2932 1600 3332 1666 auctoritatis
3400 1600 3471 1659 in
3547 1598 3719 1658 Petri

470 1715 842 1761 successore
896 1701 1178 1760 Romano
1231 1695 1534 1773 episcOpo
1591 1693 1829 1757 Christi
1890 1693 2094 1773 ipsius
2159 1696 2573 1762 institutione
2619 1702 3007 1766 constitutae.
3052 1705 3201 1765 Haec
3262 1701 3446 1764 vobis
3514 1701 3719 1761 Lerna

473 1801 815 1874 malorum,
858 1798 1040 1875 origo
1099 1797 1400 1870 cladium,
1438 1795 1584 1857 fons
1641 1793 2150 1858 infortuniorum
2190 1800 2402 1860 omnis
2449 1801 2709 1879 generis
2764 1818 2938 1864 unus
2991 1811 3086 1865 est
3116 1803 3440 1866 omnium.
3474 1798 3723 1862 Doletis

469 1914 717 1970 vestros
751 1902 1074 1964 exercitus
1105 1896 1701 1966 numerosissimos,
1734 1896 2033 1957 ductante
2074 1915 2192 1977 per
2238 1915 2308 1959 se
2349 1898 2491 1978 ipso
2519 1907 2726 1963 vestro
2755 1905 3048 1982 Augusto
3079 1904 3392 1967 Michaele
3430 1902 3724 1971 Jnniere,

472 2024 645 2072 nunc
703 2002 1155 2081 incompositis
1186 2017 1302 2062 nec
1344 1999 1562 2062 multis
1606 2000 1935 2077 oppositos
1996 2001 2065 2061 in
2096 2002 2246 2064 Asia
2285 2004 2605 2078 Barbaris,
2658 2022 2831 2068 nunc
2877 2007 2941 2069 in
3011 2009 3297 2071 Occidua
3350 2006 3725 2069 continente

473 2110 694 2189 paucis
756 2106 1086 2185 imparatis
1146 2103 1514 2165 extorribus
1579 2101 1860 2179 objectos
1919 2103 2056 2166 acie
2108 2104 2370 2178 Latinis,
2416 2112 2661 2169 terrore
2729 2109 2935 2174 fuisse
2983 2120 3426 2173 consternatos
3464 2107 3719 2187 panico,

470 2216 677 2288 fusos,
713 2208 994 2288 fugatos,
1030 2204 1444 2284 proﬂigatos?
1483 2203 1953 2277 Consternavit,
1995 2203 2270 2283 disjecit,
2326 2207 2604 2284 perdidit
2642 2208 2862 2271 divina
2921 2211 3242 2285 Nemesis,
3301 2209 3597 2272 haeresim
3658 2210 3726 2271 in

475 2317 656 2380 vobis
714 2323 775 2375 et
833 2308 1112 2372 schisma
1163 2307 1520 2368 vindicans.
1580 2309 1677 2366 An
1755 2322 1905 2366 vero
1968 2323 2046 2367 ex
2118 2324 2250 2384 quo
2321 2307 2680 2387 legitimum
2750 2313 3127 2386 antistitem,
3198 2311 3542 2373 orthodoxi
3599 2310 3722 2372 do-

473 2417 705 2499 gmatis
763 2414 843 2475 de
908 2410 1321 2488 processione
1353 2407 1556 2468 sancti
1588 2406 1863 2483 Spiritus
1918 2424 1995 2466 ex
2062 2408 2241 2469 Patre
2278 2408 2580 2488 Filioque
2633 2413 3175 2486 eruditissimum,
3212 2412 3723 2474 disertissimum

475 2520 1205 2592 constantissimamque
1285 2511 1718 2586 defensorem,
1785 2512 2016 2574 throno
2074 2509 2481 2588 patriarchali
2542 2512 2852 2575 Joannem
2938 2515 3215 2578 Veccum
3303 2513 3727 2587 deturbastis,

472 2634 685 2689 vestra
735 2635 1023 2700 unquam
1083 2618 1146 2678 in
1210 2613 1340 2675 ulla
1393 2613 1489 2674 vel
1544 2615 1777 2695 umbra.
1811 2611 2293 2692 tranquillitatis
2348 2614 2724 2694 conquievit
2777 2616 3111 2681 Ecclesia?
3170 2620 3310 2680 Non
3363 2616 3473 2679 ille
3524 2633 3717 2693 quem

476 2745 593 2809 pro
662 2728 864 2789 Vecco
921 2719 1292 2786 intrusistis‘
1341 2717 1691 2794 Gregorius
1757 2715 2058 2796 Cyprius,
2097 2716 2561 2811 jactationibus
2632 2735 2987 2782 concussus
3064 2719 3368 2793 assiduis,
3443 2734 3727 2797 princeps

475 2834 726 2896 tandem
760 2828 915 2890 sede
943 2822 1225 2889 corruit?
1248 2838 1374 2884 non
1403 2819 1578 2900 paria
1606 2837 1836 2900 passus
1868 2818 1965 2882 illi
1988 2818 2298 2882 suffectus
2323 2818 2760 2882 Athanasius?
2788 2821 2960 2898 paria
2990 2821 3272 2884 Joannes
3295 2815 3604 2883 Cosmus?
3627 2818 3721 2880 si-

475 2933 678 3005 milia,
756 2930 888 2990 imo
964 2927 1202 3005 pejora,
1251 2924 1487 2989 iterum
1553 2930 1771 2984 contra
1817 2922 1927 3001 jus
1992 2919 2219 2999 fasque
2284 2920 2605 2998 repositus
2660 2920 2730 2983 in
2792 2931 2962 2983 recte
3021 2921 3235 2983 ablato
3292 2918 3720 2999 patriarchatu

476 3032 863 3098 Athanasius
922 3029 1124 3102 idem,
1198 3024 1385 3088 vobis
1444 3023 1720 3101 insuper
1768 3023 1929 3101 ipsis
1995 3022 2465 3086 infestissimus
2529 3030 2591 3085 et
2647 3023 3305 3086 abominatissimus?
3360 3021 3524 3095 Quid
3578 3034 3722 3081 me-

479 3154 721 3199 morem
771 3148 997 3201 saevas,
1062 3129 1402 3198 immanes,
1461 3124 1734 3187 rabiosis
1800 3125 2180 3187 commissas
2243 3131 2306 3187 et
2364 3123 2691 3185 vobiscum
2759 3130 2823 3186 et
2882 3124 3161 3187 invicem
3222 3124 3458 3203 jurgiis
3515 3130 3721 3186 sectas

475 3237 1011 3303 Arsenianorum,
1073 3225 1575 3304 Josephitarum,
1608 3220 2225 3301 Hyacinthinorum,
2274 3220 2576 3294 aliorum,
2636 3220 2828 3281 modo
2861 3221 3124 3303 Georgii
3186 3221 3720 3298 Moschamparis,

479 3342 673 3404 modo
736 3332 938 3399 Marci
1014 3328 1319 3407 discipuli
1373 3328 1614 3407 Cyprii,
1682 3310 1873 3388 modo
1937 3324 2286 3386 Andronici
2361 3323 2718 3397 Sardensis,
2787 3325 2976 3387 modo
3029 3325 3297 3388 Joannis
3374 3323 3716 3403 Ephesini,

476 3447 668 3511 modo
725 3443 966 3504 Nicetaa
1038 3429 1600 3511 Dyrrhachiensis,
1676 3428 1864 3490 modo
1939 3426 2276 3504 'l‘heolepti
2361 3424 2945 3505 Philadelphiensis
3054 3434 3265 3505 partes
3343 3425 3728 3490 tuentium?

474 3563 628 3629 quis
667 3550 863 3604 astus
920 3531 1411 3612 implacabiliter
1460 3529 1856 3593 rixantium?
1913 3542 2107 3608 quam
2159 3524 2656 3589 immedicabilis
2683 3524 2867 3589 furor
2915 3526 3176 3591 obnixis
3202 3525 3720 3590 irrevocabiliter

474 3645 711 3715 studiis
766 3659 910 3705 sese
973 3643 1197 3699 mutuo
1260 3631 1754 3700 infestantium?
1801 3632 1959 3697 ccelo
2015 3631 2187 3710 ipso,
2241 3631 2426 3709 cujus
2492 3632 2571 3694 de
2625 3631 2850 3694 vestris
2885 3631 3351 3695 controversiis
3392 3632 3716 3709 judicium

471 3755 588 3818 illo
652 3740 1147 3824 Atramyttiensi
1204 3744 1526 3803 conventu
1580 3754 1692 3815 per
1747 3737 2091 3815 quamdam
2132 3733 2589 3812 superstitiose
2622 3734 2945 3797 curiosam
2978 3733 3449 3815 pyromantiam
3487 3734 3721 3813 explo-

476 3864 685 3919 ratum
745 3845 1034 3915 iveratis,
1072 3840 1270 3920 partis
1330 3840 1673 3919 utriusque
1727 3835 1987 3914 scriptis
2017 3852 2199 3899 sacra
2246 3834 2502 3899 ﬂamma
2561 3836 3071 3911 concremandis,
3105 3836 3469 3901 luculenter
3506 3836 3723 3921 deela-

475 3965 661 4021 rante
717 3966 904 4032 teque
967 3945 1186 4009 omnia
1250 3949 1462 4007 vestra
1519 3938 1972 4009 conventicula
2032 3940 2169 4001 Deo
2229 3953 2372 3999 esse
2419 3953 2493 3999 ac
2545 3938 2804 4016 superis
2837 3955 3054 4001 exosa.

555 4061 665 4121 IV.
751 4053 873 4117 Sed
929 4050 1171 4113 frustra
1228 4043 1596 4107 laboramus
1675 4039 2099 4105 admonendis
2162 4040 2245 4102 iis
2323 4053 2490 4119 quos
2564 4039 2927 4105 voluntaria
3008 4042 3256 4105 caecitas
3324 4060 3362 4105 a
3415 4040 3723 4109 videndo,

476 4161 653 4245 quod
705 4158 907 4239 palam
973 4159 1091 4225 est,
1152 4146 1470 4227 prohibet.
1520 4147 1648 4207 Nos
1707 4143 1925 4222 potius
1985 4142 2158 4207 hunc
2204 4142 2491 4205 fructum
2545 4160 2623 4206 ex
2660 4142 2854 4225 hujus
2903 4122 3200 4209 ‘historiaa
3232 4146 3510 4209 lectione
3558 4143 3727 4208 refe-

478 4277 721 4333 ramus,
756 4267 826 4323 ut
891 4270 1025 4318 non
1055 4249 1482 4315 dubitandum
1517 4253 1818 4325 putemus
1872 4245 2152 4325 amplius
2184 4249 2344 4326 quin
2400 4246 2475 4309 ad
2511 4249 2906 4328 priniendum
2940 4252 3313 4315 Graacorum
3339 4250 3405 4311 in
3450 4249 3722 4313 Oriente

477 4363 940 4447 imperantium
1004 4356 1284 4420 schismc
1339 4358 1713 4423 contumax,
1768 4350 1999 4427 dogma
2058 4350 2624 4425 reprobum,Deus
2656 4352 3147 4415 Ottomanorum
3209 4355 3560 4432 potentiam
3610 4359 3725 4414 e'x-

476 4469 792 4535 citaverit.
867 4463 1097 4526 Statim
1143 4456 1277 4519 fere
1342 4462 1535 4534 atque
1572 4451 1980 4515 Andronicus
2010 4450 2407 4530 Palaeologus
2456 4454 2675 4515 senior
2709 4470 2971 4534 compos
3025 4454 3232 4518 factus
3260 4455 3520 4534 imperii
3551 4454 3727 4517 vires

476 4575 619 4654 ejus
651 4563 971 4633 convertit
1009 4559 1352 4623 universas
1381 4554 1459 4616 ad
1495 4552 1997 4615 labefactandam
2033 4550 2643 4630 exstirpandamque
2661 4552 2739 4613 ab
2770 4554 2909 4631 ejus
2941 4564 3118 4634 patre
3151 4554 3467 4618 Michaele
3498 4554 3728 4616 initam

479 4691 627 4741 cum
699 4664 1049 4749 apostolica
1108 4658 1259 4722 sede
1318 4655 1751 4751 concordiam,
1804 4661 2162 4731 eruperunt
2222 4671 2257 4713 e
2311 4654 2577 4717 Perside
2636 4656 2702 4715 in
2773 4656 3165 4720 Christianas
3226 4668 3423 4721 terras
3480 4658 3725 4721 tumul-

480 4773 709 4838 tuariae
770 4768 1094 4828 latronum
1143 4771 1397 4820 manus.
1455 4755 1700 4819 Harum
1752 4753 1886 4815 dux
1953 4768 2174 4825 unus,
2220 4770 2411 4832 quem
2463 4761 2683 4815 noster
2737 4757 3072 4819 Atmanem
3114 4765 3314 4832 vocat,
3367 4759 3511 4821 aliis
3546 4760 3731 4822 Otto»

479 4888 698 4936 manes
757 4865 1157 4933 nominatus,
1182 4874 1263 4919 ex
1291 4855 1568 4920 obscuro
1604 4901 1622 4930 ,
1654 4861 1910 4932 egente,
1944 4852 2199 4916 inﬁrmo
2237 4851 2684 4930 inclarescere,
2715 4857 2932 4932 ditari,
2975 4864 3378 4925 corroborari
3418 4861 3730 4941 paulatim

476 4990 610 5039 non
659 4968 880 5039 desiit,
940 4961 1153 5040 quoad
1217 4958 1464 5032 multis,
1537 4964 1728 5035 prout
1766 4954 2192 5032 Pachymeres
2267 4957 2540 5034 sparsim
2608 4957 2714 5017 hic
2783 4973 3114 5034 memorat,
3167 4973 3401 5026 auctus
3465 4980 3729 5026 succes-

477 5077 686 5145 sibus,
719 5066 959 5149 prtedis
983 5061 1437 5141 locupletatus,
1459 5056 1740 5131 arcibus,
1764 5053 2064 5127 urbibus,
2084 5055 2437 5132 provinciis
2458 5074 2592 5120 suae
2609 5057 2842 5120 ditioni
2878 5063 3179 5139 subditis,
3202 5066 3418 5126 Prusaa
3443 5067 3729 5139 tandem,

481 5190 675 5255 quam
705 5172 772 5233 in
809 5163 1112 5246 Bithynia
1168 5170 1640 5240 occupaverat,
1702 5176 1974 5241 regnum
2025 5159 2350 5235 instituit,
2385 5164 2555 5224 circa
2591 5161 2835 5226 Christi
2868 5182 3110 5227 annum
3160 5167 3562 5230 millesimun
3596 5178 3721 5228 tre-

481 5272 941 5342 centesimum,
973 5262 1332 5329 Andronici
1381 5261 1586 5324 nostri
1632 5260 1829 5339 hujus
1862 5260 1931 5322 in
1977 5258 2255 5335 imperio
2293 5260 2928 5325 duodevicesimum.
2956 5265 3286 5328 Ottomani
3317 5267 3427 5347 qui
3463 5268 3724 5346 triginta

480 5378 739 5445 circiter
771 5379 917 5454 post
951 5370 1141 5435 annis
1174 5366 1491 5430 successit
1527 5364 1594 5427 in
1637 5379 1834 5442 regno
1871 5359 2177 5424 morienti
2210 5362 2386 5425 ﬁlius
2415 5363 2783 5438 Orchanes,
2834 5374 3014 5444 capta
3061 5366 3275 5429 Nicata
3305 5368 3501 5430 altera
3551 5369 3728 5444 regia

476 5475 984 5559 Byzantinorum
1022 5470 1468 5546 Augustorum
1497 5511 1513 5540 ,
1545 5463 1988 5527 Nicomediam
2024 5470 2329 5540 praeterea
2366 5464 2791 5544 reliquasque
2825 5472 3068 5528 tractus
3116 5472 3256 5546 ejus
3293 5468 3585 5531 civitates
3621 5469 3728 5528 in-

478 5579 705 5656 clytas,
739 5582 875 5635 tum
911 5573 1211 5651 Mysiam,
1248 5563 2055 5647 Lycaoniam,Phrygiam,
2085 5564 2335 5627 Cariam
2365 5572 2760 5646 cunctasque
2797 5569 2873 5628 ad
2906 5566 3398 5647 Hellespontum
3429 5575 3491 5630 et
3535 5568 3732 5629 Euxi-

480 5693 637 5740 num
668 5674 992 5752 regiones,
1024 5675 1314 5734 Romano
1346 5675 1601 5745 ereptas
1633 5681 1754 5728 suo
1790 5663 2027 5743 adjecit
2066 5666 2367 5744 imperio.
2402 5667 2599 5744 Cujus
2639 5667 2830 5733 etiam
2876 5669 3085 5730 adhuc
3138 5669 3465 5746 regnantis
3513 5668 3731 5744 auspi-

477 5781 596 5843 ciis
634 5779 989 5841 Solimanes
1027 5775 1380 5850 ﬁlius,ante
1418 5779 1663 5850 patrem
1695 5769 1930 5831 deinde
1968 5776 2288 5845 mortuus,
2328 5768 2392 5829 in
2428 5769 2761 5831 Thraciam
2801 5769 3124 5846 trajiciens
3155 5768 3574 5832 Ottomanieis
3606 5768 3735 5848 prio
