4094 6430
426 379 497 445 13
1846 379 2267 441 ΡΒΕΡΑΤΙΟ.
3635 377 3704 444 ﬂ

428 513 579 560 mus
624 497 952 576 Europam
986 499 1186 561 armis
1223 498 1560 561 delibavit.
1591 497 1694 559 Sic
1718 505 1969 578 gestum
2008 497 2345 560 Orchanes
2382 496 2570 556 annis
2605 494 2863 558 duobus
2903 499 2962 555 et
3003 492 3231 574 viginti
3267 492 3699 572 principatum

427 599 792 664 transmisit
823 604 1117 665 Amurati
1158 621 1235 665 ex
1273 621 1342 665 se
1372 603 1616 684 genito,
1650 600 1987 682 superstiti
2022 600 2401 680 relicto,qui
2439 598 3255 679 Callipoli,Hadrian0poli
3295 605 3358 659 et
3389 598 3703 676 subjectis

426 703 580 764 urbi
619 704 889 779 utrique
928 706 1308 783 regionibus
1343 708 1695 767 Romanam
1728 704 2036 766 minuens
2067 702 2330 774 artavit,
2365 704 2841 764 Ottomanicam
2889 703 3217 781 adaugens
3257 700 3550 779 dilatavit
3596 700 3702 761 di-

430 804 822 867 tionem.Ex
855 807 977 869 hoc
1005 808 1384 886 Bajazethes
1411 816 1602 870 natus
1634 807 2062 875 Thessaliam,
2089 805 2555 879 Macedoniam,
2596 805 2968 879 Phocidem,
3008 802 3600 879 Atticam,Mysiam
3641 808 3705 861 et

434 903 806 981 Bulgariam
843 905 1085 966 Grmcis
1125 905 1393 984 eripuit.
1425 905 1598 968 Vicit
1631 913 1693 966 et
1731 905 2004 967 abduxit
2039 905 2455 965 Tamerlanes
2493 904 2896 984 Bajarethem
2921 948 2937 975 ,
2972 905 3094 965 sub
3130 905 3316 983 cujus
3351 902 3540 971 (iliis,
3584 904 3704 964 So-

433 1003 699 1079 iimane,
738 1008 952 1083 Musa,
984 1006 1350 1073 Mahomete
1382 1010 1435 1080 Ι.
1470 1008 1698 1070 breves
1734 1007 1912 1069 velut
1942 1005 2223 1069 inducite
2258 1007 2572 1069 malorum
2605 1006 2993 1086 Byzantinos
3046 1014 3706 1082 recrearunt,exspe-

430 1113 647 1167 ctante
669 1110 800 1169 Deo
818 1125 898 1170 an
921 1109 1402 1189 resipiscerent.
1420 1110 1542 1172 Sed
1567 1109 1913 1171 schismate
1938 1107 2072 1170 illic
2096 1118 2157 1170 et
2182 1106 2409 1169 haeresi
2434 1106 2998 1177 perseverantibus
3028 1123 3239 1168 novus
3274 1106 3444 1168 ultor
3467 1123 3702 1169 exsur-

436 1208 605 1267 rexit
651 1210 994 1271 Amurales
1048 1212 1144 1285 II,
1193 1210 1582 1272 Mahometis
1634 1210 1825 1288 primi
1886 1208 2100 1283 ﬁlius,
2153 1210 2423 1270 secundi
2489 1214 2686 1285 pater.
2737 1209 2860 1271 Hic
2904 1209 3425 1271 Thessalonicam
3474 1209 3707 1270 urbem

439 1307 792 1369 maximam
830 1314 1254 1389 expugnavit,
1294 1311 1686 1390 Hungaricis
1720 1310 1994 1372 Joannis
2036 1310 2385 1383 Huniadis,
2437 1311 2863 1389 Epirensihus
2909 1311 3343 1393 Scanderbegi
3385 1312 3709 1373 successi-

432 1407 560 1469 bus
606 1409 965 1471 retardatus
1001 1426 1037 1471 a
1076 1409 1793 1487 ConstantinOpolitano
1849 1408 2145 1475 funditus
2192 1411 2470 1488 imperio
2529 1409 2835 1473 dolendo.
2866 1411 3137 1473 Interim
3188 1413 3361 1473 enim
3419 1411 3703 1473 clemen-

439 1507 733 1571 tissimus
781 1512 1091 1575 Dominus
1143 1511 1449 1576 ulLimum
1501 1513 1679 1576 velut
1733 1514 2015 1591 experiri
2066 1523 2365 1577 conatum
2404 1515 2608 1577 voluit
2653 1515 2914 1577 Graecos
2941 1514 3326 1578 restituendi
3366 1514 3706 1578 catholicas

438 1615 894 1676 communioni
932 1633 1003 1677 ac
1042 1616 1214 1687 ﬁdei,
1249 1626 1634 1696 congregata
1668 1618 1834 1679 circa
1866 1617 2098 1680 Christi
2140 1634 2382 1679 annum
2437 1620 2594 1680 1ῑιῐιο
2635 1637 2810 1683 sacra
2868 1622 3265 1684 meumenica
3325 1621 3703 1683 Florentina

433 1718 719 1793 synodo,
758 1719 825 1780 in
866 1737 995 1799 qua
1028 1737 1195 1783 nova
1241 1721 1549 1784 Ecclesia
1584 1723 1823 1786 Graecae
1852 1730 2001 1784 cum
2039 1723 2259 1785 Latina
2296 1725 2548 1786 tandem
2594 1734 2689 1787 est
2738 1728 3109 1790 conciliatio
3159 1730 3425 1789 sancita.
3458 1727 3705 1789 Verum

441 1825 510 1878 et
539 1819 619 1879 ab
657 1816 773 1879 hac
805 1837 1033 1881 rursus
1068 1821 1402 1901 plerisque
1435 1824 1731 1901 ipsorum
1777 1823 2260 1895 resilientihus,
2297 1824 2697 1889 Mahometes
2729 1813 2825 1902 ll,
2865 1829 3191 1890 Amuratis
3237 1827 3507 1890 secundi
3549 1843 3706 1888 suc-
3782 1898 3795 1915 .

446 1935 663 1980 cessor
715 1928 774 1980 et
825 1921 997 1982 ﬁlius
1027 1967 1044 1994 ,
1074 1924 1710 2002 ConstantinOpolim
1762 1924 1822 1985 vi
1877 1925 2049 2002 cepit
2096 1942 2269 1987 anno
2315 1924 2462 1986 Chr.
2514 1927 2694 2000 11:53,
2725 1937 2785 1991 et
2832 1930 3010 1991 urbis
3056 1938 3440 2010 eXpugnatm
3485 1929 3711 1989 ruinis

428 2020 682 2082 obruto
718 2021 1144 2086 Constantino
1189 2026 1582 2103 imperatore
1614 2026 1757 2103 ejus
1794 2025 2086 2087 nominis
2138 2035 2361 2087 octavo
2389 2026 2956 2108 ,“Palmologorum
3010 2032 3361 2094 Andronici
3412 2041 3708 2111 postero-

445 2137 591 2183 rum
627 2123 854 2185 ordine
888 2132 1099 2199 sexto,
1142 2134 1320 2188 sorte
1363 2126 1618 2194 ultimo,
1654 2125 2003 2203 imperium
2036 2125 2370 2188 Orientale
2403 2127 2710 2200 abolevit,
2755 2129 3094 2193 manifeste
3145 2132 3323 2197 ultus
3369 2132 3706 2193 rescissum

444 2239 479 2285 a
533 2223 771 2284 Graecis
816 2226 1164 2287 secundam
1214 2243 1360 2288 cum
1402 2226 1646 2288 Latinis
1679 2225 2174 2291 conventionem
2211 2228 2468 2304 publice
2497 2229 2723 2293 initam
2755 2231 3123 2304 Florentia),
3150 2232 3318 2293 sicut
3347 2233 3421 2293 ad
3472 2231 3711 2309 prioris

444 2323 874 2386 violationem
913 2324 979 2385 in
1016 2325 1442 2404 Lugdunensi
1473 2326 1721 2388 coalitaa
1750 2324 2027 2388 concilio
2062 2326 2511 2390 vindicandam
2539 2328 2853 2391 excitatus
2875 2330 3193 2394 divinitus
3224 2331 3437 2395 fuerat
3465 2333 3533 2394 in
3570 2351 3711 2396 ma-

440 2432 667 2510 jorum
702 2429 845 2508 ejus
874 2430 1047 2491 serie
1077 2432 1380 2492 continua
1417 2441 1588 2494 retro
1619 2439 1842 2493 sextus
1872 2431 2276 2496 Ottomanes.

528 2533 606 2593 V.
636 2530 847 2611 Hujus
880 2533 1019 2594 orbi
1052 2532 1359 2594 universo
1393 2534 1893 2596 luctuosissimm
1921 2536 2244 2612 tragmdite
2269 2535 2516 2613 primus
2539 2543 2716 2599 actus
2744 2538 3128 2618 Pachymere
3151 2541 3423 2604 docente
3458 2540 3520 2602 in
3554 2542 3698 2620 hac,

432 2632 636 2711 cujus
670 2634 863 2692 modo
895 2631 1205 2709 siparium
1243 2633 1638 2705 reducimus,
1673 2649 1865 2694 scena
1908 2631 2082 2693 velut
2120 2634 2393 2711 quadam
2444 2635 2714 2697 luditur.
2752 2639 3083 2716 Nusquam
3105 2630 3271 2701 'alilii
3309 2638 3711 2719 principatus

445 2738 646 2800 istius
678 2748 876 2815 κυρίας
912 2746 1095 2811 δόξας,
1127 2744 1291 2811 vota,
1335 2755 1501 2810 orsa,
1538 2737 1852 2798 destinata
1877 2783 1891 2811 ,
1931 2737 2600 2801 machinamentorum
2639 2739 2945 2820 obliquos
2976 2739 3188 2803 ﬂexus
3214 2784 3231 2816 ,
3262 2740 3522 2803 fucosas
3553 2759 3714 2819 spe-

434 2841 584 2905 cies
608 2841 1018 2914 obtentuum,
1049 2848 1402 2902 astutarum
1435 2858 1663 2902 arcana
1698 2840 2111 2903 molitionum
2136 2887 2153 2916 ,
2191 2839 2366 2904 vafra
2408 2843 2762 2921 eademque
2787 2860 2961 2906 cassa
2988 2846 3373 2924 plerumque
3399 2862 3712 2910 successu

438 2947 687 3005 artium
728 2944 1181 3006 illaudatarum
1233 2950 1620 3005 tentamenta
1659 2943 1945 3021 reperias
1969 2944 2286 3021 descripta
2304 2942 3341 3025 candide.‘palefacta'simpliciter
3379 2963 3413 3009 a
3453 2947 3715 3009 conscio

463 3048 525 3098 et
565 3048 858 3119 antepta.
895 3042 1197 3102 Summos
1234 3041 1430 3102 modo
1482 3039 1711 3101 harum
1742 3039 1966 3117 apices
2012 3056 2228 3100 rerum
2278 3042 2619 3119 pervolans
2664 3043 2920 3123 stringit
2956 3044 3517 3123 Gregoras,zunus,
3541 3051 3714 3124 quod

464 3140 651 3202 sciam
705 3142 876 3203 alius
898 3142 1264 3204 Grmcorum
1306 3150 1559 3220 tempus
1598 3141 1774 3203 istud
1819 3148 2118 3215 tractans,
2150 3141 2465 3222 idemque
2521 3158 2653 3205 non
2695 3144 2990 3208 omnium
3035 3144 3361 3224 inspector
3400 3164 3716 3227 ‘prmsens,

458 3246 699 3325 quippe
749 3245 978 3324 junior
1013 3245 1429 3325 Pachymcre,
1463 3263 1581 3308 nec
1643 3244 2117 3324 comparandus
2177 3245 2356 3337 huic.
2391 3246 2706 3325 dignitate
2753 3255 2814 3307 et
2878 3249 3087 3326 impar
3128 3248 3419 3327 judicio;
3450 3249 3721 3327 insuper

444 3347 674 3411 favore
705 3347 917 3409 nimio
944 3349 1007 3408 in
1040 3356 1250 3426 partes
1281 3348 1405 3409 sibi
1436 3347 1626 3410 amici
1661 3348 1948 3411 Senioris
1973 3348 2285 3409 adversus
2315 3346 2649 3407 leniorem
2679 3346 3001 3410 declarato
3022 3348 3720 3424 Andronicum,studio

453 3465 607 3526 erga
640 3448 1045 3509 Barlaamum
1093 3447 1581 3510 haeresiarcham
1610 3491 1627 3522 ,
1661 3447 1904 3510 invidia
1952 3446 2253 3509 factionis
2328 3438 2836 3526 Acindynianae,
2881 3450 3067 3528 cujus
3115 3455 3250 3512 erat
3298 3449 3609 3528 signifer,
3648 3452 3724 3511 li-

435 3551 661 3614 centia
703 3552 1097 3614 obtrectandi
1139 3551 1546 3631 principibus
1572 3558 1639 3614 et
1670 3549 2042 3625 monachis,
2073 3548 2542 3612 indelebillbus
2602 3550 2896 3613 maledici
2929 3569 3001 3614 ac
3023 3553 3357 3616 mendacis
3400 3554 3719 3632 ab-ipsius

436 3653 690 3732 aequali
738 3654 1178 3716 Cantacuzeno
1224 3650 1636 3732 stigmatihus
1697 3649 1871 3713 inuri
1927 3647 2231 3724 meritus;
2270 3649 2552 3729 denique
2583 3665 2807 3729 parum
2845 3651 3037 3713 etiam
3068 3652 3506 3714 Cantacuzeno
3535 3653 3720 3715 defe-

446 3762 747 3823 rentium
800 3768 864 3824 et
927 3757 1281 3822 liberorum
1342 3759 1522 3820 omni
1579 3756 1953 3837 praejudicio
2003 3757 2315 3818 lectorum
2363 3771 2549 3834 inqua
2592 3756 2909 3818 sententia
2984 3755 3324 3832 notabilis,
3364 3757 3540 3837 quod
3593 3756 3722 3818 sibi

446 3863 690 3925 tamam
735 3865 905 3937 ﬁdei,
932 3878 1082 3942 qua)
1117 3870 1215 3924 est
1248 3861 1464 3923 anima
1495 3858 1801 3929 historian,
1836 3874 1967 3921 non
1997 3858 2156 3921 satis
2185 3857 2466 3920 sollicite
2484 3857 2569 3920 sit
2596 3860 2805 3921 tuitus
2830 3859 3142 3923 adversus
3165 3857 3726 3940 justassuspicio-

461 3985 579 4030 nes
609 3969 764 4047 styli
803 3969 1144 4033 affectibus
1174 3966 1444 4030 obnoxii
1475 3972 1539 4028 et
1566 3964 1818 4044 ingenii
1849 3965 2121 4030 venalis.

540 4075 651 4137 Vl.
698 4073 974 4135 Unicum
1010 4088 1167 4152 ergo
1201 4070 1552 4133 Andronici
1590 4079 1875 4133 actorum
1915 4076 2138 4132 testem
2168 4068 2345 4131 hunc
2367 4114 2383 4141 ,
2417 4070 2717 4149 prudens
2745 4068 2998 4139 Lector,
3026 4066 3200 4131 habe
3245 4069 3556 4132 idoneum
3606 4068 3726 4128 Pa-

444 4181 834 4260 chymerem
861 4202 877 4254 ;
904 4196 1026 4242 nec
1059 4186 1271 4241 metue
1294 4178 1644 4257 perniciem
1667 4196 1813 4259 quas
1840 4179 2263 4240 enarratione
2283 4175 2576 4239 felicium
2598 4177 2916 4239 scelerum
2941 4174 3212 4238 cavenda
3240 4176 3469 4237 merito
3497 4175 3721 4252 legen-

450 4289 646 4348 tibus
680 4285 1150 4365 praescribitur,
1178 4302 1263 4347 ne
1299 4286 1374 4346 ad
1407 4284 1842 4346 imitationem
1892 4282 2190 4345 incautos
2227 4282 2559 4345 allectent.
2598 4282 2827 4360 Magna
2860 4278 2965 4342 hic
3000 4277 3353 4342 Andronici
3399 4277 3721 4351 senioris,

445 4389 579 4450 sed
610 4387 911 4448 vindictae
939 4385 1107 4448 acris
1139 4403 1263 4448 nec
1292 4385 1508 4448 dilatae
1540 4385 1843 4465 praesenti
1876 4381 2058 4444 velut
2098 4382 2391 4445 antidoto
2412 4424 2429 4454 ,
2464 4381 2647 4442 nullo
2669 4383 2798 4461 jam
2832 4378 3124 4459 periculo
3155 4380 3721 4461 cognoscentium,

446 4488 742 4552 crimina
776 4488 1166 4566 produntur.
1198 4486 1556 4549 Exhibetur
1585 4487 1640 4547 is
1678 4484 2081 4562 foedifragos,
2115 4483 2471 4564 perduellis
2494 4480 2733 4547 Christi
2766 4481 3040 4556 vicario,
3072 4490 3455 4556 contumax,
3488 4490 3726 4546 contu-

463 4591 811 4663 meliosus,
845 4588 1329 4669 ingratissimus
1361 4588 1667 4652 Ecclesiaa
1699 4589 2070 4668 apostolica)
2100 4589 2407 4649 Romanae
2444 4608 2459 4646 :
2493 4585 2606 4647 sed
2657 4594 2719 4647 et
2768 4586 3082 4648 continuo
3140 4586 3313 4649 idem
3362 4585 3729 4648 ostenditur

462 4695 1122 4776 imprudentissimus
1149 4694 1212 4755 in
1238 4692 1417 4756 omni
1439 4692 1741 4767 consilio,
1766 4691 2262 4754 infelicissimus
2293 4690 2362 4751 in
2395 4687 2576 4751 omni
2609 4694 2853 4765 empto;
2887 4688 3052 4751 nulli
3077 4691 3372 4770 quamvis
3396 4689 3729 4755 imbecillo

447 4821 598 4866 non
630 4803 1063 4864 succumbens
1098 4801 1288 4875 hosti,
1318 4800 1479 4863 nulli
1512 4816 1640 4862 non
1676 4797 2029 4861 ludibrium
2081 4795 2404 4860 adversari
2433 4810 2593 4856 auso
2616 4794 2953 4874 prmbens,
2990 4794 3261 4875 impune
3286 4813 3550 4875 semper
3579 4811 3733 4857 con-

450 4912 779 4983 temptus,
805 4918 951 4965 cum
974 4901 1158 4963 lucro
1192 4899 1467 4971 irrisus;
1509 4898 1695 4977 cujus
1729 4899 1921 4959 mium
1948 4894 2206 4959 nullum
2242 4894 2519 4973 pondus,
2547 4891 2790 4953 nullam
2816 4894 3240 4956 constantiam
3266 4896 3543 4968 decreta,
3581 4899 3730 4959 nul-
3768 4940 3775 4947 .

458 5011 593 5072 iam
626 5007 812 5070 ﬁdem
860 5006 1089 5077 verba,
1129 5003 1381 5065 nullum
1416 5000 1739 5065 desideria
1786 5015 2156 5061 successum
2198 4997 2583 5069 habuerint;
2620 4996 2848 5056 umbra
2880 4996 3310 5075 imperatoris,
3347 5001 3520 5063 larva
3551 5000 3733 5080 prin-

454 5111 658 5190 cipis,
690 5125 927 5187 scopus
966 5107 1162 5170 sortis
1195 5107 1479 5168 adversae
1503 5153 1519 5181 ,
1556 5104 1882 5167 fecundus
1911 5104 1979 5165 in
2016 5118 2209 5165 suum
2243 5102 2523 5163 dedecus
2555 5112 2628 5159 ac
2680 5096 3024 5174 damnum,
3062 5101 3394 5181 longaevus
3445 5106 3521 5167 ad
3579 5120 3730 5186 per-

461 5213 847 5297 petuitatem
883 5210 1206 5285 miserim;
1236 5209 1562 5288 denique,
1595 5225 1629 5270 a
1670 5226 1799 5286 quo
1834 5203 2325 5268 inclinationem
2369 5203 2659 5267 ultimam
2700 5206 2777 5268 ad
2806 5206 3086 5269 exitium
3148 5204 3569 5284 irreparabile
3624 5205 3735 5267 in—

462 5321 643 5398 clyto
665 5320 886 5380 decem
919 5314 1178 5377 smculis
1212 5330 1394 5377 novae
1428 5314 1648 5376 Romae
1678 5309 1961 5390 imperio
1994 5310 2203 5372 datam
2237 5306 2452 5369 omnis
2478 5310 2628 5389 jure
2667 5311 3014 5391 deplorans
3046 5315 3107 5371 et
3139 5309 3463 5371 detestans
3518 5316 3731 5387 poste-

460 5423 619 5486 ritas
654 5424 991 5498 queretur.
1020 5413 1473 5488 Haac,candide
1510 5416 1758 5487 Lector,
1782 5420 2207 5474 occurrerunt
2238 5427 2385 5489 quae
2419 5410 2486 5472 in
2526 5411 2647 5474 hoc
2683 5411 2797 5475 tibi
2824 5412 3053 5474 limine
3091 5408 3415 5498 praefarer.
3452 5410 3606 5472 Nam
3652 5411 3733 5474 de
3819 5466 3824 5471 .

463 5539 608 5587 mea
659 5496 1130 5596 interpretandi
1164 5515 1452 5587 ratione,
1483 5513 1826 5607 detordinc
1871 5529 1945 5575 ac
1989 5509 2292 5573 methodo
2328 5512 2593 5575 notandi
2630 5515 2854 5579 eadem
2900 5531 3047 5595 quae
3106 5514 3175 5577 in
3229 5496 3438 5578 fron'te
3492 5514 3734 5594 prioris

465 5623 666 5706 partis
697 5618 1038 5688 admonui,
1077 5616 1245 5679 dicta
1283 5615 1389 5678 hic
1417 5632 1681 5696 quoque
1721 5615 1914 5677 velim
1963 5610 2276 5693 intelligi.
2308 5615 2487 5678 Vale.

548 5723 919 5793 Scribebam
952 5720 1172 5782 Romae
1201 5718 1408 5800 pridie
1441 5718 1591 5780 ldus
1630 5715 2133 5793 Januariianno
2164 5714 2403 5776 Christi
2448 5717 2625 5779 1668.
