4094 6430
406 482 472 547 Π
1352 484 1449 544 DE
1490 484 1940 546 ANDRONlCO

2080 488 2439 549 meomeo
2479 490 2627 549 LIB.
2675 490 2726 552 Ι.
3598 479 3666 542 18

400 614 504 647 που
550 594 652 665 τῆς
696 609 808 647 των
870 593 1160 664 Ῥωμαίων
1211 594 1290 658 εἰς
1324 595 1642 666 Τριϐαλλῶν
1663 638 1676 659 ,
1732 597 1794 650 οὐ
1824 596 1986 668 χρείᾳ
2018 606 2057 660 Α
2093 598 2190 667 μὲν
2212 598 2284 652 τὰ
2318 596 2505 654 εἰκότα
2521 600 3039 669 κοινολογησάμενος
3063 591 3498 665 άποπέμπει,τῷ
3521 591 3578 645 δέ
3610 603 3670 659 γε

402 688 536 747 τέως
592 682 859 753 πολέμου,
894 683 1035 737 ἀλλὰ
1088 685 1315 755 κέρδους
1346 686 1455 738 τῶν
1505 686 1863 755 κεκλημένων
1897 688 1991 741 καὶ

402 775 618 829 σκύλων
666 775 761 828 καὶ
813 774 1122 846 λημμάτων
1159 776 1343 836 ἕνεκα.
1391 778 1465 841 ὼς
1503 779 1578 848 μὴ
1618 779 1781 849 κενὴν
1838 778 1989 846 σφίσι

402 865 661 933 γενέσθαι
695 864 795 935 τὴν
822 864 1204 933 ἐκστρατείαν,
1259 866 1356 919 καὶ
1394 865 1597 935 μᾶλλον
1634 866 1990 937 παρακεκλη-

406 959 591 1027 μένοις
650 956 787 1028 πρὸς
832 956 1117 1026 βασιλέως,
1146 957 1205 1021 ἐξ
1251 951 1326 1010 ὧν
1366 958 1463 1010 καὶ
1508 956 1991 1028 καταδραμοῢνται

410 1047 940 1117 μισθοφορήσουσιν.
988 1046 1047 1100 Ὀ
1078 1047 1119 1099 δ’
1144 1046 1237 1099 οὖν
1262 1045 1518 1117 βασιλεὺς
1546 1047 1616 1101 τά
1641 1048 1990 1101 εἰκὰανέκεί-

407 1157 530 1201 νους
556 1141 653 1192 καὶ
674 1138 857 1204 λόγοις
879 1138 974 1190 καὶ
989 1136 1182 1207 δώροις
1205 1138 1744 1208 φιλοφρονησάμενος
1772 1137 1903 1190 σύνα
1912 1155 1988 1206 μα

405 1234 519 1293 τοῖς
549 1231 697 1299 ἀμφὶ
732 1229 825 1280 τὸν
853 1228 1122 1297 δεσπότην
1149 1232 1242 1280 καὶ
1291 1227 1385 1281 τὸν
1430 1229 1606 1297 μέγαν
1630 1228 1989 1281 κονοσταῦλον

405 1321 762 1390 ἀπέπεμπεν,
816 1319 935 1389 ἅμα
969 1319 1068 1389 μὲν
1123 1318 1590 1388 προσϐαλοῦντας.
1642 1318 1762 1385 ἅμα
1807 1318 1864 1371 δὲ
1893 1318 1989 1371 καὶ

404 1411 798 1480 κερδανοῦντας
854 1410 1142 1480 ἑτέρωθεν.
1199 1410 1375 1473 Αὐτὸς
1400 1408 1458 1462 δὲ
1507 1409 1594 1462 διὰ
1623 1410 1833 1479 ταχέων
1861 1409 1988 1478 ἄρτι

404 1502 644 1574 πρώτως
684 1502 1196 1573 μηνολογησάμενος
1221 1500 1307 1574 [Ρ.
1338 1500 1393 1572 5]
1423 1503 1753 1572 πρόσταγμα
1771 1501 1849 1571 τῷ
1881 1518 1988 1555 πα-

401 1594 759 1666 τριαρχοῦντι
801 1594 1117 1657 ἐπέστελλε,
1170 1592 1390 1663 γράψας
1437 1594 1508 1647 δι’
1536 1594 1864 1665 ἀπορρήτων
1893 1593 1988 1648 καὶ

402 1688 485 1757 τῷ
519 1686 743 1757 μεγάλῳ
773 1685 1047 1756 τζαουσίῳ
1073 1685 1153 1756 τῷ
1185 1685 1438 1755 Παπύλα,
1469 1685 1666 1755 ἐκείνῳ
1696 1685 1795 1755 μέν
1815 1685 1885 1738 τὰ
1907 1686 1987 1748 εἰς

407 1777 655 1848 φυλακὴν
688 1777 1109 1848 ἀσφαλεστάτην
1139 1778 1240 1847 τῆς
1269 1777 1477 1839 πόλεως
1522 1776 1984 1847 προτρεπόμενος,

405 1871 489 1940 τῷ
516 1871 574 1924 δέ
608 1886 673 1935 γε
700 1869 1021 1940 πατριάρχῃ
1053 1869 1146 1923 τὸν
1183 1868 1277 1922 τοῦ
1309 1868 1573 1939 βασιλέως
1599 1868 1988 1939 δηλοποιοὺμε-

408 1980 499 2024 νος
534 1962 789 2025 θάνατον,
814 1962 908 2013 καὶ
933 1961 1010 2024 ὼς
1044 1961 1208 2025 αὐτὸς
1228 1960 1592 2030 ἐπιστήσεται
1618 1960 1758 2014 κατὰ
1785 1961 1952 2023 πόδας
1968 1976 1984 1992 ·

409 2053 545 2124 μηδὲ
574 2054 682 2121 γὰρ
712 2053 778 2106 ἂν
800 2052 975 2115 άλλως
1004 2048 1144 2106 εἶναι
1168 2052 1373 2120 γνῶναι
1400 2053 1499 2122 τὴν
1514 2051 1833 2120 Αὐγοῦσταν
1859 2052 1989 2124 περὶ

403 2145 517 2199 τῶν
545 2145 866 2214 συμϐάντων
897 2144 1028 2216 πρὶν
1057 2144 1124 2198 ἂν
1148 2143 1309 2209 αὐτὸς
1333 2145 1529 2214 ἐπιστῇ
1564 2148 1704 2198 κατὰ
1730 2161 1988 2215 παραμυ-

400 2237 529 2289 θίαν
568 2237 641 2298 ὡς
670 2235 831 2303 δῆθεν
862 2236 963 2307 τὴν
993 2235 1335 2306 πρέπουσαν.
1382 2234 1444 2289 '0
1475 2234 1608 2301 γοῦν
1636 2235 1988 2306 πατριάρχης

396 2329 558 2398 ἔτυχε
592 2329 689 2395 μὲν
702 2327 805 2383 ,καὶ
827 2327 935 2397 προ
962 2325 1058 2380 τοῦ
1085 2327 1149 2379 τὸ
1176 2326 1358 2397 δρᾶμα
1387 2327 1601 2397 μαθεῖν,
1633 2328 1728 2381 καὶ
1762 2326 1987 2400 θρήνοις

306 2454 315 2457 -
393 2422 473 2483 ὡς
507 2419 655 2481 εἰκὸς
683 2418 775 2472 τδν
809 2416 904 2472 τοῦ
933 2417 1201 2488 βασιλέως
1231 2417 1596 2488 άφωσιὼσατο
1621 2417 1875 2482 θάνατον,
1909 2418 1983 2488 μὴ

393 2509 642 2579 γνωσθὲν
691 2509 830 2573 ὅλως
874 2510 989 2572 τοῖς
1020 2508 1152 2579 περὶ
1186 2510 1395 2562 ἐκεῖνον
1428 2507 1515 2577 ἐφ’
1537 2502 1583 2576 ᾧ
1610 2509 1704 2565 καὶ
1730 2509 1978 2579 θρηνοεη.

388 2605 525 2657 Τότε
553 2603 610 2655 δὲ
637 2601 928 2673 δεξάμενος
964 2601 1025 2654 τὸ
1051 2601 1145 2655 τοῦ
1179 2600 1447 2671 βασιλέως
1471 2601 1800 2672 πρόσταγμα
1827 2603 1981 2673 παρὰ

385 2694 486 2749 τοῦ
521 2693 805 2762 Παπύλου,
850 2695 945 2749 καὶ
976 2695 1053 2757 ὡς
1084 2694 1233 2757 εἰκὸς
1270 2694 1754 2764 ἐποικτισάμενος,
1784 2696 1979 2765 ἐκείνῳ

387 2886 446 2929 et
485 2884 672 2944 postea
705 2874 969 2944 pincerna
1004 2887 1259 2944 magnum
1291 2874 1669 2930 conostaulum
1699 2874 1978 2929 declaras-

393 2975 501 3028 set,
533 2964 731 3019 ducem
751 2963 981 3032 praeficit
1015 2964 1305 3025 Tocharis,
1343 2964 1618 3021 Romanas
1648 2965 1836 3036 capias
1864 2981 1972 3021 non

400 3072 591 3123 paucas
629 3057 778 3110 circa
812 3070 874 3110 se
900 3056 1140 3110 habente
1178 3055 1442 3111 Micltaele
1481 3057 1729 3127 despota.
1778 3066 1837 3112 ut
1875 3071 1974 3112 eos

399 3164 463 3202 ex
516 3148 882 3203 Romanorum
928 3148 1090 3203 terris
1147 3148 1200 3202 in
1241 3147 1510 3204 Triballos
1549 3152 1810 3214 duceret,
1860 3166 1968 3205 non

2095 693 2401 763 συγγραφεῖ
2429 692 2658 764 παρέχει
2695 691 2755 746 τὸ
2778 690 3128 762 πρόσταγμα,
3168 687 3386 759 ἐρωτῶν
3414 685 3463 738 εἰ
3509 682 3673 745 αὐτὸς

2092 782 2204 853 ἔχοι
2227 782 2428 851 γνῶναι
2454 784 2945 855 διαστοχασάμενος
2967 779 3175 845 οὗτινος
3205 781 3268 834 ἂν
3304 779 3386 848 εἴη
3414 775 3475 830 τδ
3505 790 3673 846 μηνο-

2094 873 2310 943 ὶόγημα
2332 891 2345 906 °
2405 874 2500 928 ἐπὶ
2530 876 2783 929 τοσοῦτον
2841 877 2947 945 γὰρ
2981 875 3075 927 καὶ
3112 871 3375 942 παρέῖκτο
3409 868 3519 930 τοῖς
3573 862 3667 917 τοῦ

2092 964 2295 1034 πατρὸς
2319 963 2395 1027 ὥς
2433 965 2507 1033 μὴ
2533 963 2731 1035 ῥᾳδίως
2763 963 3063 1033 διαγνῶναι
3096 946 3242 1030 ἔχειν
3275 957 3369 1011 καὶ
3402 955 3496 1009 τὸν
3526 954 3669 1021 εἰδὴ‹
3691 955 3703 964 ’

2092 1069 2250 1121 μονα,
2281 1054 2344 1107 ἐκ
2386 1054 2555 1124 μόνης
2576 1054 2637 1108 δέ
2674 1071 2818 1117 τινος
2845 1055 3059 1125 ξυσμῆς
3098 1052 3442 1123 βραχυτάτης
3478 1047 3574 1100 ἐπὶ
3601 1047 3667 1116 τῇ

2091 1142 2430 1212 παραλλάξει
2449 1146 2723 1199 κατανοοῦ
2725 1163 2886 1216 μενον
2908 1145 3156 1199 ὑπονοεῖν
3176 1141 3346 1195 ἐδίδου
3368 1138 3466 1209 τὴν
3486 1138 3666 1207 χεῖρα.

2090 1233 2199 1287 Καὶ
2227 1234 2561 1304 γνωρίσασιν
2591 1235 2693 1305 ἤδη
2727 1236 2789 1290 τὸ
2820 1235 3087 1306 σύμϐαμα
3112 1235 3233 1286 τότε
3261 1231 3357 1286 καὶ
3382 1229 3541 1297 δῆλος
3567 1227 3668 1296 μὲν

2087 1319 2156 1391 ἦν
2193 1325 2539 1396 πατριάρχης
2570 1326 2771 1392 ἀλύων,
2801 1327 2960 1397 δῆλος
2990 1326 3045 1380 δὲ
3093 1326 3188 1377 καὶ
3241 1318 3672 1393 παραμυθούμε·

2089 1432 2198 1481 νος,
2232 1417 2302 1469 τὰ
2333 1418 2545 1488 μεγάλα
2576 1419 2727 1486 παρὰ
2778 1417 3043 1489 βασιλέως
3095 1416 3238 1486 ἔχειν
3266 1412 3506 1476 ἐλπίζων
3539 1410 3670 1480 περὶ

2088 1507 2188 1571 τῆς
2219 1507 2358 1560 κατὰ
2375 1508 2474 1577 τὴν
2508 1506 2836 1578 Ἐκκλησίαν
2859 1509 2932 1573 ὡς
2958 1510 3102 1571 εἰκὸς
3130 1506 3481 1577 ἀνυψὼσεως.
3503 1502 3669 1556 αὑτοῦ

2066 1604 2155 1666 ’γε
2181 1598 2482 1661 νύττοντος.
2544 1601 2654 1654 Καὶ
2704 1602 2736 1671 ἠ
2773 1600 2910 1671 προς
2975 1601 3136 1655 αὐτὸν
3175 1599 3365 1669 ἀγάπη
3396 1597 3488 1651 τοῦ
3519 1595 3674 1667 βασι-

2087 1683 2246 1750 λέως,
2277 1686 2447 1756 πολλή
2470 1703 2554 1746 τις
2589 1686 2723 1741 οὖσα
2755 1694 2849 1741 καὶ
2894 1687 3212 1761 θαυμαστὴ,
3246 1689 3511 1759 ἐχέγγυον
3557 1685 3668 1737 τῶν

2088 1775 2467 1847 ἐλπιζομένων
2489 1779 2570 1842 εἰς
2601 1779 2782 1834 πίστιν
2800 1775 2887 1850 ἧν.
2928 1778 2991 1835 '0
3017 1782 3114 1852 μὲν
3136 1780 3229 1834 οὖν
3258 1782 3315 1834 ἐν
3341 1779 3551 1841 τούτοις
3576 1773 3668 1848 ἦν.

2022 1899 2063 1954 Β
2093 1930 2160 2000 β’.
2202 1931 2402 1998 Ὅπως
2435 1933 2467 1986 ό
2484 1933 2788 1999 ,ϐασιλεὺς
2815 1935 3086 2003 περὶτῶν
3108 1936 3257 1989 κατὰ
3279 1936 3387 1990 τὸν
3411 1936 3670 1990 πάππαν

2690 2006 3063 2076 ἀπελογεῖτο.

2171 2134 2231 2191 '0
2258 2136 2315 2190 δέ
2348 2154 2413 2205 γε
2467 2138 2723 2208 βασιλεὺς
2782 2139 2903 2208 μεθ’
2957 2140 3173 2210 ἡμέρας
3203 2140 3534 2194 καταλαϐὼν
3560 2141 3669 2210 ’τὴν

2089 2228 2669 2285 Κωνσταντινούπολιν
2694 2231 2946 2303 ἐμφανὴς
2975 2229 3044 2303 ἦν
3078 2233 3376 2304 λογισμοὺς
3412 2236 3665 2307 στρέφων

2087 2321 2183 2373 καὶ
2216 2321 2362 2391 μάλα
2388 2321 2767 2392 διανοούμενος
2794 2324 2922 2393 περὶ
2950 2315 3024 2377 ὧν
3052 2324 3118 2376 ἂν
3144 2324 3238 2377 καὶ
3261 2324 3479 2392 πράξοι,
3513 2317 3664 2393 ἐφίἷ.»

2083 2414 2144 2468 τὸ
2170 2415 2271 2485 τῆς
2304 2415 2633 2487 Ἑκκλησὶας
2671 2418 2876 2489 σχίσμα
2902 2417 3270 2487 συνουλωθείη
3296 2417 3663 2472 κατασταλέν-

2084 2523 2174 2570 τος
2204 2508 2299 2561 τοῦ
2331 2510 2690 2574 ἅνοιδοῦντος.
2756 2510 2830 2563 Τὸ
2860 2510 2906 2565 δ’
2960 2506 3031 2582 ἦν
3068 2511 3168 2564 οὐκ
3203 2509 3392 2581 ὀλίγης
3437 2511 3530 2563 καὶ
3562 2510 3664 2578 τῆς

2082 2600 2351 2671 τυχούσης
2387 2604 2641 2672 μελέτης,
2675 2601 2762 2674 [Ρ.
2796 2602 2852 2675 6]
2905 2603 3041 2657 ἀλλὰ
3087 2603 3307 2674 καὶτῆς
3334 2603 3661 2671 ἀναγκαίας,

2080 2692 2156 2757 ὡς
2195 2692 2381 2764 ἐῴκει,
2412 2695 2510 2748 καὶ
2541 2694 2819 2766 προῦργου
2867 2696 3088 2759 παντὸς.
3128 2696 3327 2766 Ἔτυχε
3352 2696 3465 2766 γὰρ
3491 2697 3582 2750 καὶ
3627 2698 3661 2766 ἡ

2079 2872 2220 2926 senti
2251 2872 2466 2928 traditis
2493 2887 2632 2944 quas
2664 2875 2856 2929 recens
2884 2889 2913 2928 a
2935 2875 3140 2944 juvene
3164 2876 3411 2946 Augusto
3440 2890 3667 2947 accepe-

2078 2976 2161 3021 rat
2188 2965 2403 3029 litteris,
2428 2968 2858 3035 percontabatur
2873 2968 3071 3037 ecquid
3092 2969 3310 3041 assequi
3335 2969 3659 3039 conjectura

2076 3067 2261 3129 posset
2277 3060 2434 3129 cujus
2458 3069 2606 3115 esset
2633 3074 2696 3115 ea
2717 3060 3048 3131 subscriptio
3077 3062 3281 3116 mensis
3307 3061 3665 3117 aunotatione

2076 3149 2313 3205 ﬁrmata.
2342 3150 2496 3205 Adeo
2525 3151 2675 3205 enim
2702 3160 2893 3206 exacte
2925 3150 3199 3206 referebat
3232 3158 3519 3222 paternam
3556 3167 3664 3205 ma-

390 3242 532 3312 quod
562 3256 757 3314 magna
810 3250 941 3298 tunc
993 3241 1294 3299 necessitas
1320 3241 1597 3299 Tribattici
1629 3244 1752 3299 belli
1791 3255 1971 3311 esset,
2001 3245 2042 3302 C
2078 3257 2231 3306 num.
2273 3250 2332 3296 ut
2363 3258 2430 3297 ue
2455 3243 2619 3313 periti
2658 3243 2885 3313 quidem
2918 3243 3075 3297 facile
3099 3244 3497 3298 discernerent.
3536 3243 3658 3299 Una

387 3336 481 3390 sed
500 3343 559 3388 ut
580 3335 952 3403 obiicerentur
973 3335 1118 3415 unde
1142 3335 1423 3390 avaritiam
1449 3335 1734 3404 explerent
1761 3351 1971 3392 merce-

386 3427 558 3481 nariis
586 3426 762 3479 accitu
797 3425 1147 3496 imperatoris
1178 3440 1242 3480 ea
1276 3441 1372 3494 spe
1410 3426 1692 3496 profectis,
1732 3428 1823 3497 qui
1858 3445 1970 3484 non

381 3517 545 3572 facile
567 3517 963 3572 inducerentur
985 3516 1052 3571 ad
1076 3518 1458 3572 revertendum
1484 3520 1672 3571 vacuis
1695 3520 1968 3575 manibus.

378 3613 565 3675 Quare
594 3608 700 3664 illis
729 3609 1032 3679 prmdarum
1060 3609 1390 3678 opimarum,
1417 3608 1719 3679 spoliorum
1746 3611 1968 3680 rapina-

379 3715 623 3769 rumque
657 3715 810 3772 seges
840 3710 957 3756 erat
987 3700 1186 3756 alicubi
1217 3701 1541 3771 quaerenda,
1587 3700 1642 3756 in
1681 3718 1840 3772 quam
1886 3701 1971 3757 fa-

383 3795 733 3859 mem-orum,
757 3807 822 3847 ex
842 3795 1054 3857 amicis,
1073 3794 1117 3848 si
1140 3791 1328 3847 hostes
1353 3792 1628 3859 deessent,
1655 3804 1968 3862 paratorum

383 3885 538 3939 lucra
568 3898 886 3954 congerere,
919 3884 1162 3954 impetus
1197 3891 1558 3939 averteretur.
1590 3883 1758 3953 Igitur
1789 3885 1970 3953 impe-

382 3986 537 4030 rator
567 3991 665 4030 eos
705 3976 887 4031 verbis
934 3993 990 4031 et
1037 3976 1197 4032 donis
1249 3976 1506 4032 delinitos
1563 3992 1687 4031 cum
1743 3977 1974 4047 despota

384 4081 696 4137 niagnoque
715 4069 1038 4122 conostaulo
1059 4083 1124 4123 ac
1151 4068 1505 4131 sequentibus
1530 4084 1973 4138 unumquemque

386 4159 492 4228 13
542 4161 736 4213 horum
782 4159 957 4228 copiis
1004 4176 1071 4214 eo
1123 4176 1233 4230 quo
1284 4160 1526 4215 diximus
1567 4160 1796 4227 dimisit,
1835 4175 1970 4216 sane

378 4253 654 4313 volentes,
702 4258 764 4304 ut
815 4252 870 4304 in
935 4252 1337 4320 expeditionem
1392 4251 1527 4320 ipsis
1577 4260 1966 4321 qumstnosam.

380 4343 517 4398 Inde
562 4342 681 4411 ipse
725 4344 1063 4414 conscriptas
1115 4346 1368 4400 celeriter
1414 4345 1590 4416 regias
1634 4346 1863 4409 litteras,
1918 4357 1974 4402 ct

381 4435 596 4488 mensis
637 4445 748 4486 tum
785 4436 1019 4504 primum
1062 4451 1126 4489 ac
1157 4436 1425 4505 temporis
1457 4436 1802 4505 appositione
1831 4451 1969 4493 con-

376 4527 651 4596 signatas,
683 4527 748 4581 ad
783 4527 1150 4597 patriarcham
1184 4527 1352 4591 misit,
1379 4526 1595 4581 arcanis
1623 4527 1786 4582 etiam
1818 4543 1971 4581 man-

2080 3332 2290 3402 quippe
2313 3332 2581 3387 intererat
2609 3332 2697 3386 vix
2722 3332 3091 3388 obscrvabilis
3115 3332 3429 3389 diﬂerentia
3454 3333 3664 3387 brevis-

2079 3421 2204 3477 simi
2262 3422 2454 3493 puncti
2505 3422 2609 3477 sub
2652 3420 2829 3476 flexus
2872 3422 3126 3492 apicum,
3168 3437 3239 3476 ex
3279 3436 3386 3491 qua
3433 3421 3663 3489 intelligi

2081 3529 2279 3569 manus
2308 3512 2598 3584 utriusque
2627 3514 2922 3569 disrt‘imen
2957 3522 3178 3584 posset;
3208 3514 3276 3569 ad
3303 3514 3454 3584 quod
3480 3514 3514 3568 ii
3547 3514 3664 3568 fere

2077 3605 2178 3660 Soli
2209 3605 2584 3671 adverterent,
2623 3606 2717 3676 qui
2740 3608 2954 3678 cognita
2987 3607 3269 3663 Michaelis
3293 3607 3465 3678 patris
3489 3616 3666 3660 morto

2078 3712 2189 3751 non
2208 3699 2376 3753 alium
2407 3699 2572 3769 hujus
2594 3699 2878 3768 scriptura:
2907 3700 3172 3770 suspicari
3195 3708 3472 3755 auctorem
3500 3713 3665 3769 quam

2081 3788 2249 3844 filium
2283 3788 2661 3846 Andronicum
2729 3799 2976 3860 possent.
3035 3790 3192 3845 Tunc
3244 3804 3385 3845 vero
3436 3806 3553 3843 non
3603 3805 3667 3844 se

2079 3881 2264 3952 lugere
2295 3883 2469 3938 solum
2503 3884 2808 3953 patriarcha
2848 3884 3171 3951 declaravit,
3210 3885 3307 3940 sed
3333 3894 3390 3941 et
3424 3885 3477 3939 in
3510 3886 3663 3939 luctu

2080 3973 2507 4029 consolationem
2542 3975 2833 4045 accipere,
2861 3992 2931 4030 ex
2966 3991 3065 4046 spe
3095 3978 3361 4033 nimirum
3397 3993 3557 4047 quam
3594 3993 3662 4032 ex

2080 4073 2207 4118 nota
2243 4063 2505 4136 religione
2538 4066 2664 4120 novi
2703 4064 2811 4136 14
2841 4066 3111 4137 principis
3148 4067 3505 4138 concipiebat
3548 4084 3667 4121 am-

2082 4155 2384 4225 plissimam
2439 4156 2851 4211 evehendarum
2893 4157 2949 4212 in
2999 4156 3174 4224 n'ajus
3200 4159 3447 4214 ecclesiae
3476 4174 3658 4214 rerum

2081 4262 2246 4316 Opera
2281 4248 2665 4316 imperatoris.
2697 4264 2860 4317 quem
2892 4249 2959 4304 ad
2992 4250 3043 4305 id
3082 4265 3191 4305 non
3229 4249 3430 4305 frustra
3465 4253 3662 4307 stimu-

2077 4338 2303 4393 landum
2336 4354 2366 4393 a
2409 4352 2471 4394 se
2497 4340 2882 4396 benevolentia
2907 4339 3139 4411 insignis
3165 4341 3412 4410 quaedam
3445 4342 3662 4397 Andro-

2082 4429 2194 4485 nici
2246 4429 2302 4483 in
2354 4429 2722 4499 patriarcham
2760 4429 2934 4501 signis
2965 4430 3078 4499 jam
3130 4439 3260 4486 ante
3314 4446 3426 4486 non
3477 4432 3661 4488 dubiis

2078 4521 2350 4576 declarata
2389 4521 2675 4586 suadebat,
2701 4530 2757 4576 et
2786 4522 2944 4589 quasi
2970 4530 3121 4582 certo
3153 4523 3382 4594 pignore
3405 4523 3662 4582 ﬁrmabat

375 4618 527 4674 datis
561 4618 942 4673 commendata
992 4633 1189 4689 magno
1239 4620 1447 4673 tzausio
1474 4618 1688 4690 Papylm
1718 4620 1965 4674 custodia
2001 4618 2042 4669 D
2072 4628 2322 4668 securam
2351 4614 2474 4683 ejus
2511 4613 2589 4668 rei
2617 4613 2900 4670 ﬁduciam.

378 4710 539 4763 urbis
568 4724 729 4777 quam
760 4709 1152 4764 intentissima.
1178 4708 1507 4764 Patriarchae
1535 4725 1663 4765 vero
1684 4709 1974 4768 nuntiabat

382 4802 735 4872 imperatoris
771 4809 1003 4858 mortem
1024 4843 1041 4868 ,
1070 4817 1135 4856 ac
1169 4817 1292 4857 mox
1333 4817 1394 4857 se
1423 4802 1738 4857 adfuturum
1768 4803 1973 4858 confir-

378 4894 602 4955 mabat,
632 4895 980 4962 utjacturam
1018 4910 1368 4951 communem
1410 4896 1527 4965 ipse
1558 4894 1975 4964 praesetts'indi-

380 4995 538 5041 caret
587 4987 864 5055 Augustae,
921 5004 1083 5058 quam
1131 4989 1321 5058 utique
1368 5005 1478 5044 non
1528 4998 1808 5059 oporteret
1861 4998 1971 5044 tam

378 5079 565 5133 acerbi
604 5094 764 5133 casus
794 5079 999 5133 iudicio
1038 5080 1248 5134 turbari
1283 5080 1598 5149 priusquam
1626 5080 1743 5149 ipse
1775 5090 1974 5148 praesto

377 5181 528 5224 esset
567 5172 658 5239 qui
685 5171 736 5225 ei
772 5171 1197 5225 consolationem
1234 5171 1497 5227 adhibere
1537 5172 1968 5226 convenientem

376 5274 589 5333 posset.
622 5266 700 5318 Ac
728 5262 1055 5332 patriarchae
1086 5264 1310 5333 quidem
1343 5264 1455 5333 jam
1478 5265 1792 5319 innotuerat
1824 5266 1971 5328 quod

376 5363 665 5409 evenerat.
698 5354 879 5420 Quare
905 5354 949 5411 is
983 5354 1088 5409 sibi
1118 5355 1218 5409 soli
1250 5353 1433 5409 adhuc
1464 5362 1646 5409 notam
1675 5353 1970 5422 imperato-

374 5447 455 5500 ris
496 5453 732 5499 mortem
788 5445 939 5500 luctu
972 5460 1168 5515 magno
1213 5453 1270 5499 et
1308 5443 1637 5508 manifesto,
1674 5444 1768 5498 sed
1813 5445 1972 5514 cujus

374 5551 541 5589 causa
571 5536 626 5589 in
653 5536 891 5591 obscuro
919 5545 1088 5600 esset,
1122 5535 1576 5606 prosequebatur,
1618 5552 1743 5591 cum
1794 5537 1972 5607 regias

376 5642 405 5678 a
450 5626 650 5698 l'apyla
671 5642 813 5697 quas
838 5627 1079 5682 diximus
1109 5627 1322 5682 litteras
1351 5628 1584 5697 accepit.
1613 5627 1967 5692 Quibuscum

374 5734 438 5771 ea
470 5734 577 5787 qua
618 5736 715 5787 par
754 5728 875 5773 erat
905 5717 1115 5773 doloris
1161 5718 1565 5790 signiﬁcatione
1616 5718 1796 5784 lectis,
1845 5735 1968 5789 qua:

376 5821 592 5881 tempus
618 5811 1029 5883 exigebatclam
1053 5811 1359 5866 collocutus
1378 5827 1503 5866 cum
1527 5809 1750 5883 Papyle.
1784 5812 1964 5881 ipsum

376 5900 605 5958 dimisit.
640 5904 717 5960 Ac
751 5905 859 5975 ipsi
897 5904 1064 5973 hujus
1094 5902 1338 5959 historiae
1369 5903 1622 5973 scriptori
1656 5903 1794 5957 forte
1829 5921 1965 5974 pra:-

2075 4726 2128 4780 2.
2168 4725 2235 4780 Ut
2285 4728 2576 4800 imperator
2619 4729 3166 4800 conventiones‘cum
3218 4740 3353 4800 pap’a
3392 4732 3556 4787 initas
3604 4752 3661 4788 se

2148 4797 2445 4880 improbare
2491 4798 2823 4878 signiﬁcans,
2879 4797 3027 4868 quod.
3052 4802 3106 4855 in
3154 4816 3242 4856 eas
3285 4797 3389 4857 non
3440 4820 3665 4860 consen-

2147 4876 2303 4922 δέεδει
2327 4876 2679 4921 excusantem.

2144 4984 2213 5039 At
2243 4984 2538 5052 imperator
2580 4991 2705 5053 post
2735 4998 2947 5053 paucos
2970 4984 3098 5040 dies.
3119 4984 3661 5060 Constantinopolim

2074 5077 2336 5144 appulsus
2360 5077 2470 5131 acri
2498 5091 2628 5130 cura
2658 5076 3021 5145 pungebatur,
3068 5079 3228 5149 cujus
3258 5072 3528 5137 indicium
3555 5099 3655 5138 cx-

2075 5164 2252 5220 stabat
2278 5167 2332 5220 in
2362 5166 2513 5220 vultu
2543 5165 2912 5236 c03itabundo
2945 5178 3000 5221 et
3031 5183 3163 5223 sane
3195 5171 3452 5235 sollicito,
3495 5175 3660 5229 anxie

2078 5255 2331 5313 videlicet
2358 5272 2611 5327 quaerens
2641 5273 2827 5312 secum
2862 5257 2993 5327 quid
3017 5269 3202 5327 ageret
3226 5278 3404 5331 quave
3443 5266 3659 5320 ratione

2077 5359 2469 5420 assequeretur
2502 5358 2562 5404 ut
2586 5350 2829 5406 schisma
2860 5349 3117 5406 Ecclesiae
3156 5356 3300 5410 velut
3342 5357 3500 5412 hians
3533 5358 3654 5411 vul-

2075 5457 2181 5497 nus
2207 5442 2564 5504 coalesceret,
2601 5444 2870 5514 repressis
2904 5443 3080 5500 noxiis
3110 5445 3435 5504 humoribus
3456 5450 3661 5518 quibus

2075 5545 2388 5590 tumescens
2427 5535 2698 5592 hactenus
2719 5537 2869 5594 coire
2896 5536 2950 5589 in
2981 5541 3291 5596 cicatricem
3321 5539 3499 5595 fuerat
3531 5557 3655 5610 pro-

2076 5627 2331 5684 hibitum.
2368 5628 2429 5684 in
2461 5644 2525 5683 ea
2561 5634 2824 5689 momenti
2856 5650 2966 5691 non
2998 5634 3237 5706 vulgaris
3265 5642 3320 5687 et
3354 5634 3657 5688 necessita-

2075 5721 2164 5786 tis,
2201 5731 2261 5776 ut
2289 5724 2602 5792 apparebat,
2648 5725 2735 5779 cui
2781 5727 3033 5795 praeverti
3066 5728 3141 5781 nil
3180 5727 3425 5791 deberet,
3444 5726 3655 5782 delibe-

2078 5812 2292 5868 rationc
2346 5815 2582 5867 versanti
2636 5814 2882 5886 Augusto
2936 5813 3427 5886 supcrvcnit_cjus
3484 5814 3655 5867 amita

2074 5903 2625 5977 Eulogiagplausihile
2650 5923 2943 5979 suggerens
2971 5910 3279 5975 consilium,
3300 5920 3653 5980 magnopere-
