4094 6436
389 449 452 515 2i
1348 446 1446 507 DE
1487 446 1933 507 ANDRONICO
1974 440 2432 503 PALAEOLOGO
2474 441 2600 500 LIB
2664 439 2718 499 Ι.
3604 439 3683 503 £92

391 567 568 629 λειαν,
601 566 697 619 καὶ
725 566 826 635 τὴν
853 561 1177 630 Αὐγοῦσταν
1203 561 1510 633 θρηνοῦσαν
1539 564 1629 617 τὸν
1676 561 1910 628 σύζυγον
1934 562 1994 613 ὲν
2020 561 2074 621 Α
2101 558 2193 610 καὶ
2218 556 2385 627 ἱερῶν
2413 556 2616 620 ἄλλων,
2669 552 3022 622 ἐπιτιμήσεις
3052 549 3106 605 δὲ
3161 550 3255 604 καὶ
3289 552 3540 616 κολάσεις
3574 553 3685 606 τῶν

395 659 459 713 οὗ
483 656 678 720 καλαῖς
709 657 839 726 περὶ
870 657 1083 709 ἐκεῖνον
1122 654 1336 708 ἐλπίσιν
1378 654 1575 718 ἐποίει,
1624 653 1697 716 ὡς
1721 651 1876 706 οὐδὲν
1907 652 1993 705 ἒν·

397 745 589 799 τεῦθεν
616 743 714 797 τοῦ
754 744 897 813 ὑπὲρ
950 742 1162 797 ἐκείνου
1216 743 1702 815 πραχθησομένου,
1737 743 1860 811 ζκᾶν
1882 743 1911 796 ὃ
1940 759 1992 796 τι

400 837 494 890 καὶ
514 834 574 908 ᾖ,
640 834 1030 906 βοηθήσοντος.
1082 834 1249 889 Ὅθεν
1306 837 1403 890 καὶ
1459 839 1573 901 τοῖς
1619 837 1993 908 πατριάρχαις

405 925 726 981 συνελθοῦσι
756 925 901 979 κατὰ
922 927 1281 998 παραμυθίαν
1298 928 1483 998 ἐκείνη
1510 927 1828 993 κατώδυνος
1855 924 1995 984 οὖσα

400 1016 468 1069 τδ
516 998 778 1087 ποῖητέον
810 1017 956 1086 ὑπὲρ
986 1018 1086 1087 τῆς
1139 1019 1355 1072 ἐκείνου
1390 1019 1572 1090 ψυχῆς
1630 1021 1990 1076 ἐπυνθάνετο.

404 1113 521 1165 Καὶ
544 1111 781 1177 πρώτως
800 1109 1006 1177 ἔδειξεν
1028 1111 1214 1180 ἐκείνη
1236 1111 1443 1165 τοιαῦτ’
1464 1113 1733 1185 ἑρωτῶσα
1761 1115 1821 1168 τὸ
1842 1116 1995 1186 παρὰ

408 1201 505 1256 τοῦ
542 1202 814 1273 βασιλέως
864 1202 1425 1273 βυσσοδομευόμενον.
1492 1203 1734 1271 Ἐκεῖνος
1762 1209 1872 1278 γὰρ
1898 1208 1994 1262 καὶ

405 1294 616 1358 νύκτας
659 1294 788 1357 ὅλας
844 1296 1001 1366 παρὰ
1037 1296 1238 1367 Ἰωσὴφ
1269 1296 1411 1361 faue,
1445 1299 1542 1352 καὶ
1576 1298 1807 1367 ἀνάγειν
1842 1301 1995 1354 ἒπει-

406 1390 549 1461 ρᾶτο
576 1388 779 1443 οὔνεκα
809 1392 1056 1459 σμικρᾶς
1086 1390 1258 1460 πνοῆς
1292 1392 1455 1444 νέκυν
1485 1392 1544 1444 τὸ
1576 1392 1801 1447 σύνολον
1836 1393 1995 1447 ῦντα.

421 1480 513 1543 Ὧς
536 1481 586 1534 δ’
612 1483 661 1534 οἱ
684 1483 811 1551 περὶ
845 1483 1054 1535 ἐκεῖνον
1080 1484 1144 1536 ἐκ
1168 1482 1263 1536 τοῦ
1297 1485 1644 1555 παραχρῆμα
1680 1485 1999 1549 πεισθέντες

406 1571 582 1641 μόνον
604 1575 666 1624 οὐ
702 1575 1045 1643 κατήπειγον
1071 1573 1175 1645 τὴν
1207 1576 1500 1640 ἀνάϐασιν,
1536 1577 1588 1629 οἱ
1618 1577 1716 1646 μὲν
1740 1578 1817 1641 ὡς
1844 1576 1912 1632 ἄν
1935 1594 2001 1646 γε

409 1661 484 1715 τὰ
530 1663 633 1731 τῆς
665 1661 997 1734 Ἐκκλησιας
1030 1665 1194 1736 δῆθεν
1240 1669 1637 1735 καταστήσωσι
1693 1668 2001 1738 πράγματα

411 1755 514 1810 τοῦ
538 1757 684 1809 κατά
703 1755 796 1809 τὸν
822 1757 1058 1810 πάππαν
1085 1757 1344 1821 λυθέντος
1386 1759 1715 1823 σκανδάλου,
1751 1761 1799 1813 οἱ
1839 1760 1895 1813 δὲ
1925 1759 2003 1823 ώς

410 1846 488 1900 ἂν
514 1847 611 1900 καὶ
634 1847 822 1901 πλεῖον
844 1846 946 1901 τοῦ
980 1848 1190 1911 εἰκότος
1228 1851 1634 1921 κατεπαρθεῖεν
1669 1851 1765 1904 καί
1788 1852 1838 1920 γ’
1869 1853 2002 1905 ἀνα-

417 1938 725 2010 καθάρσεις
779 1939 883 2011 μὲν
935 1941 1263 2013 ἐκκλησίας,
1314 1943 1659 2013 ἀπομόρξεις
1696 1945 1748 1998 δ’
1773 1944 2004 2000 ἐκείνων

420 2122 629 2193 templo
659 2123 878 2179 recitari
923 2137 1127 2179 nomen
1173 2122 1320 2178 inter
1352 2138 1530 2189 sacra,
1566 2133 1624 2179 et
1670 2125 1749 2180 sic
1792 2140 1918 2180 eum
1951 2125 2006 2181 in

419 2229 569 2271 noro
598 2228 816 2284 quoque
844 2214 1152 2285 principatu
1181 2222 1369 2271 tenere
1392 2217 1800 2285 possessionem
1842 2219 2007 2288 primi

423 2304 673 2358 honoris.
718 2304 849 2359 Erat
878 2313 935 2359 et
962 2304 1111 2360 aliud
1155 2305 1301 2375 quod
1330 2308 1729 2364 contrariarum
1761 2309 2009 2380 Augusto

420 2396 689 2451 defuncto
719 2396 998 2467 principes
1038 2399 1275 2468 partium
1311 2399 1414 2455 ista
1440 2399 1784 2471 liturgiarum
1816 2401 1874 2455 in
1892 2403 2010 2458 aede

420 2501 583 2541 sacra
613 2486 857 2556 palatina
891 2486 1301 2543 intermissione
1335 2488 1734 2558 sequebantur,
1768 2489 1825 2544 id
1860 2490 2010 2545 vide-

424 2578 555 2632 licet
597 2587 823 2649 agentes
867 2586 927 2633 ιιι
974 2577 1324 2633 fraudaretur
1374 2579 1591 2634 interim
1636 2580 2012 2650 piacularibus

422 2670 622 2725 ciliciis
670 2684 734 2725 ac
783 2670 960 2726 sacris
1004 2671 1187 2724 anima
1241 2671 1529 2742 principis,
1573 2682 1628 2726 et
1661 2673 1741 2726 sic
1775 2672 1824 2728 ei
1857 2673 2010 2742 quasi

424 2773 651 2818 mortuo
692 2762 746 2816 in
783 2763 979 2818 lucrosa“
1016 2772 1180 2832 atque
1228 2764 1578 2820 anathemate
1622 2765 1882 2837 suﬂragia
1916 2766 2015 2823 Ec-

424 2854 629 2919 clesia,
656 2866 717 2909 ut
745 2854 957 2909 inutilia
988 2854 1415 2910 irrevocabiliter
1445 2854 1726 2924 damnato,
1757 2858 2013 2928 denegari

428 2955 778 3015 putarentur;
829 2946 982 3000 Hanc
1024 2948 1168 3000 enim
1210 2948 1389 3017 palam
1447 2948 1666 3003 inurere
1713 2949 2016 3005 conabatur

436 3038 782 3106 ignominiam
818 3038 1041 3109 Eulogia
1067 3041 1345 3094 memoriae
1381 3040 1566 3096 fratris
1609 3041 1786 3108 exosi,
1817 3042 2013 3097 artiﬁci

444 3131 632 3200 pietate
679 3132 924 3201 speciem
973 3132 1235 3188 aﬂ’ectans
1289 3132 1542 3188 maeroris
1597 3135 1739 3190 ultra
1788 3138 2015 3191 sororiae

2030 1896 2079 1958 Β

2095 648 2197 718 τῆς
2218 647 2519 718 ἐκκλησίας
2542 645 2823 708 πείθοντες
2844 643 3198 715 πατριάρχην
3212 642 3497 697 τελέσειαν
3517 641 3682 717 (ἦσαν

2097 740 2142 793 δ’
2175 735 2324 795 οὗτοι
2356 740 2454 795 καὶ
2487 739 2690 809 μᾶλλον
2709 742 2737 793 6
2769 737 3126 808 Γαλησιώτης
3156 754 3216 791 τε
3240 737 3562 793 Γαλακτίων
3583 740 3684 793 καὶ

2095 837 2124 887 6
2161 836 2447 898 Μελὲτιος,
2499 834 2557 896 ὃς
2603 833 2696 886 καὶ
2748 831 2923 899 ἅγιος.
2952 833 2982 885 6
3010 833 3067 884 ἐν
3101 833 3168 901 τῇ
3218 833 3354 902 μονῇ
3389 830 3485 885 τοῦ
3517 832 3680 901 ἁγίου

2098 927 2196 982 xal.
2220 926 2434 990 δικαίου
2470 926 2729 996 Λαζάρου
2779 926 3057 995 κείμενος,
3097 920 3171 979 ὧν
3215 927 3243 979 6
3287 927 3387 993 μὲν
3423 926 3683 994 στέρησιν

2097 1017 2391 1087 ὀμμάτων,
2418 1020 2451 1071 6
2495 1017 2541 1070 δ’
2574 1017 2814 1087 ἐκτομὴν
2845 1016 3095 1087 γλώττης
3141 1018 3437 1079 πέπονθεν,
3469 1017 3557 1069 ἐπ’
3600 1018 3688 1070 αἱ-

2097 1112 2242 1173 τίαις
2276 1111 2305 1163 6
2346 1110 2445 1180 μὲν
2468 1109 2721 1180 ψεύδους,
2746 1109 2819 1173 ὡς
2847 1110 2949 1163 τδοι
2988 1110 3216 1180 βασιλέα
3247 1111 3424 1179 λέγων
3451 1110 3686 1179 ἀζύμοις

2099 1200 2180 1264 εἰς
2213 1200 2486 1270 ἁγιασμδν
2508 1199 2817 1272 χρώμενον,
2848 1200 2949 1271 τὴν
2986 1201 3255 1270 ἀνατολὴν
3302 1201 3686 1272 διερχόμενος,

2099 1292 2196 1345 ὁδ’
2229 1290 2463 1363 ὕόρεως,
2516 1291 2808 1346 Ἰουλιανὸν
2862 1293 3023 1346 ἄλλον
3081 1292 3174 1347 τὸν
3232 1292 3461 1363 βασιλέα
3512 1292 3688 1347 εἰπὼν

2102 1385 2246 1438 κατὰ
2286 1382 2640 1454 πρόσωπον),
2667 1383 2696 1436 6
2728 1382 2981 1453 βασιλεὺς
3012 1384 3166 1438 ἐνθεν
3207 1384 3309 1454 μὲν
3334 1384 3705 1458 ἀποστέλλων,

2101 1473 2194 1529 τὸν
2217 1471 2667 1544 πατριαρχοῦντα
2702 1471 2963 1544 Ἰωάννην
2992 1473 3092 1545 τὴν
3129 1475 3342 1528 ἐκείνου
3365 1475 3690 1542 ἀπελογεῖτο

2103 1567 2442 1637 παρόρασιν,
2486 1565 2562 1629 ὡς
2594 1564 2685 1636 βίᾳ
2735 1564 2829 1619 καὶ
2861 1567 2919 1632 ἐξ
2974 1567 3226 1640 ἀνάγκης
3258 1569 3688 1639 γεννησομένην.

2105 1658 2186 1733 [Ρ.
2211 1658 2268 1730 8]
2308 1658 2381 1713 Τὸ
2410 1659 2519 1728 γὰρ
2563 1660 2629 1711 ὲκ
2659 1658 2872 1712 πολλῶν
2903 1660 3203 1714 σκάνδαλον
3248 1659 3470 1725 ἀναζείν
3499 1660 3692 1714 πεῖθον

2104 1753 2201 1805 καὶ
2231 1755 2322 1806 τὸν
2351 1750 2542 1805 εὔνουν
2565 1752 2921 1815 ἀποστατεῖν,
2962 1752 3128 1805 αὐτὸν
3157 1752 3215 1805 δὲ
3247 1750 3370 1808 νέον
3394 1754 3475 1816 εις
3514 1752 3693 1824 ἀρχὴν

2106 1843 2508 1913 καθιστάμενον
2534 1843 2786 1914 ἀνάγκην
2818 1844 2964 1915 ἔχειν
3003 1844 3065 1897 τὸ
3087 1845 3365 1916 ἀνορμοῦν
3387 1845 3689 1899 καταπέλ-

2107 1938 2221 1991 λειν
2247 1938 2340 1992 καί
2364 1954 2430 2006 γε
2454 1938 2554 2000 τὰς
2580 1935 2830 2009 γνώμας,
2861 1937 3096 1992 καθόσον
3124 1936 3267 2001 ἐστι,
3305 1937 3410 1992 τῶν
3432 1936 3695 2003 ὑποδεξο-

2107 2116 2335 2187 Josephi
2393 2115 2749 2171 familiarium
2806 2114 3087 2188 ﬂagrantia
3145 2118 3266 2186 ejus
3325 2117 3694 2175 restitutionis

2109 2209 2379 2265 desideria
2408 2223 2551 2279 aegre
2581 2223 2646 2262 ac
2673 2206 2891 2264 tandem
2920 2208 3096 2278 ipsius
3120 2224 3338 2281 quoque
3368 2210 3696 2267 debilissimi

2111 2301 2258 2357 senis
2295 2314 2557 2356 assensus
2598 2299 2965 2363 accessisset,
3002 2300 3193 2366 statim
3235 2316 3428 2358 omnes
3464 2303 3698 2358 arrectis

2111 2391 2307 2447 animis
2364 2390 2620 2451 factionis
2693 2404 2883 2462 pacem
2948 2391 3191 2448 Latinam
3246 2409 3357 2450 non
3414 2394 3699 2466 probantis

2111 2484 2457 2555 antesignani
2493 2484 2636 2540 ultro
2678 2483 2885 2539 instare
2928 2485 3069 2552 apud
3106 2484 3479 2541 Andronicum
3527 2485 3698 2541 vehe-

2113 2574 2473 2642 mentissime,
2502 2590 2573 2631 ne
2602 2590 2765 2646 quam
2794 2591 3002 2631 moram
3042 2584 3151 2630 tam
3188 2577 3394 2633 salubri
3424 2595 3488 2634 ac
3510 2593 3701 2634 ncces-

2114 2667 2280 2732 sario,
2337 2676 2398 2723 ut
2446 2666 2688 2735 aiebant,
2736 2668 2967 2746 consilio
3018 2669 3416 2737 interponeret.
3473 2670 3531 2724 In
3591 2664 3701 2740 qua

2115 2762 2393 2817 communi
2427 2776 2593 2831 opera
2633 2761 2838 2832 negotii
2864 2761 3093 2834 urgendi
3133 2777 3260 2818 suas
3290 2763 3493 2834 quique
3520 2763 3702 2820 diver-

2117 2868 2205 2908 sas
2266 2869 2393 2924 spes
2449 2863 2506 2908 et
2564 2866 2692 2908 vota
2742 2854 2908 2909 variis
2978 2854 3266 2910 all'cctibus
3329 2865 3701 2912 consentanea

2116 2943 2504 3012 sequebantur.
2550 2943 2926 3010 Quorumdam
2966 2945 3055 3000 hic
3103 2959 3244 2999 unus
3278 2950 3481 3015 scop’us
3547 2958 3701 3006 erat.

2118 3037 2410 3092 restituere
2441 3036 2496 3091 in
2528 3037 2825 3107 pristinum
2862 3044 3063 3092 statum
3105 3053 3193 3092 res
3224 3036 3480 3093 Ecclesiae
3518 3046 3704 3093 atrioto

2119 3143 2273 3197 papae
2315 3127 2486 3198 agniti
2531 3128 2812 3183 seandalo.
2856 3126 2960 3183 Alii
3021 3129 3126 3183 hoc
3174 3129 3401 3184 minime
3457 3128 3704 3185 contenti

432 3223 856 3279 necessitudinis
890 3225 1115 3279 modum
1154 3226 1465 3296 exaggerati
1490 3264 1506 3290 ,
1553 3229 1707 3294 quasi
1747 3243 1870 3298 qua:
1901 3244 2012 3282 non
2043 3239 2087 3298 ο
2121 3234 2247 3289 spes
2275 3219 2692 3275 immoderatius
2723 3219 3008 3283 tollebant,
3038 3220 3348 3291 elIcrreque
3391 3235 3514 3276 sese
3552 3221 3703 3291 justo

435 3317 828 3386 temporarium
842 3319 1093 3387 corporis
1108 3319 1310 3384 solum,
1331 3319 1424 3373 sed
1447 3329 1714 3374 mternum
1749 3332 2012 3391 praeterea

430 3407 721 3461 interitum
790 3408 963 3462 animi
1024 3407 1254 3464 Tartaro
1314 3408 1746 3479 irreparabiliter
1814 3409 2016 3465 addicti

424 3499 560 3555 ﬂere
615 3501 671 3554 in
732 3515 995 3572 germano
1041 3500 1210 3556 videri
1272 3502 1456 3557 vellet.
1520 3501 1700 3575 Quem
1751 3502 1914 3558 etiam
1960 3503 2015 3557 in

422 3607 654 3647 sensum
694 3593 1018 3662 pertrahere
1049 3593 1268 3648 viduam
1323 3596 1625 3664 Augustam
1655 3634 1671 3658 ,
1718 3603 1773 3650 et
1835 3595 1912 3648 nil
1963 3595 2015 3649 ei

425 3684 766 3753 sperandum
815 3685 884 3739 de
931 3685 1269 3756 sempiterna
1312 3686 1489 3741 salute
1536 3685 1635 3741 viri
1682 3686 1767 3740 sui
1816 3684 2017 3741 mortui

423 3776 766 3845 persuadere
796 3786 991 3831 conata
1023 3786 1126 3841 est,
1161 3777 1449 3846 praefracte
1480 3778 1832 3844 denuntians,
1861 3779 2018 3849 quid-

425 3867 565 3935 quid
593 3882 820 3938 precum
855 3877 949 3922 aut
980 3866 1321 3937 piaculorum
1355 3868 1437 3923 vel
1462 3867 1750 3922 adhiberet
1781 3868 1896 3937 ipsa
1934 3868 2019 3922 vel

424 3959 678 4031 impendi
738 3960 806 4015 ab
852 3959 976 4014 aliis
1020 3967 1238 4014 curaret
1286 3959 1354 4015 ad
1396 3958 1730 4032 purgandum
1779 3959 2021 4013 animam

428 4050 782 4119 imperatoris
821 4048 1087 4111 defuncti,
1119 4049 1324 4104 frustra
1349 4049 1537 4105 omnia
1577 4050 1716 4106 fore.
1749 4050 1858 4105 Nec
1890 4066 2021 4120 par-

429 4160 557 4200 vam
586 4160 653 4199 ea
687 4158 786 4200 vox
812 4159 955 4199 curse
977 4160 1044 4200 ac
1064 4144 1268 4199 doloris
1287 4145 1661 4200 accessionem
1687 4143 2020 4213 imperatrici

424 4237 646 4293 scilicet
672 4237 890 4293 obtulit.
926 4236 1084 4292 Unde
1116 4235 1206 4290 illa
1240 4236 1420 4303 anxia,
1451 4251 1576 4291 cum
1602 4237 1861 4292 decessor
1896 4251 2024 4291 suc-

427 4344 733 4400 cessorque
762 4328 1165 4400 patriarchatus
1190 4329 1256 4384 ad
1287 4345 1409 4384 eam
1438 4328 1602 4384 simul
1633 4329 2022 4385 consolandam

427 4421 861 4485 convenissent,
912 4427 1211 4490 utrumque
1255 4420 1612 4477 moestissima
1665 4421 2027 4493 interrogavit

428 4510 567 4580 quid
598 4510 701 4565 sibi
723 4510 1030 4566 faciendum
1051 4510 1471 4580 prmscriberent
1498 4510 1803 4582 quojuvari
1838 4514 2020 4571 anima

2119 3311 2282 3367 altius
2315 3312 2739 3380 meditabantur,
2777 3312 3119 3367 dcstinantes
3143 3314 3254 3383 jam
3288 3322 3405 3367 tum
3434 3313 3706 3383 expiatio-

2118 3419 2219 3459 nes
2270 3403 2530 3459 Ecclesiae
2581 3415 2837 3474 tanquam
2893 3405 3211 3460 recentibus
3254 3405 3394 3461 actis
3445 3406 3705 3474 pollutae,

2120 3494 2528 3565 purificationes
2559 3495 2860 3566 imaginum
2910 3503 2964 3550 et
3004 3512 3188 3552 rerum
3234 3513 3520 3552 sacrarum
3569 3498 3708 3553 alia-

2122 3603 2267 3653 rum,
2312 3587 2548 3657 deuique
2595 3603 2786 3658 poenas
2835 3604 3030 3660 graves
3081 3589 3135 3643 in
3177 3590 3579 3666 ecclesiasticos
3612 3590 3708 3662 qui

2121 3697 2310 3752 pacem
2346 3692 2742 3753 procurassent
2775 3693 2871 3738 aut
2902 3683 2958 3738 in
3005 3699 3125 3739 eam
3174 3685 3610 3756 consensissent,
3643 3701 3709 3741 ea

2122 3790 2180 3830 se
2210 3777 2393 3830 omnia
2425 3790 2782 3846 persuasuros
2806 3774 3065 3846 Joscpbo,
3094 3777 3136 3831 si
3166 3792 3297 3843 eum
3337 3777 3708 3848 patriarcham

2124 3867 2325 3923 iterum
2369 3868 2671 3932 baberent,
2713 3869 3074 3925 conﬁdentes.
3127 3867 3276 3923 Talia
3331 3885 3445 3938 pra:
3496 3870 3713 3925 caeteris
3810 3938 3813 3942 θ

2123 3968 2309 4014 mente
2341 3960 2632 4015 versabant
2658 3960 2948 4025 Galesiota,
2969 3963 3215 4038 galactio
3239 3972 3293 4016 et
3324 3961 3597 4027 Meletius,
3618 3964 3714 4032 qui

2124 4060 2179 4106 et
2218 4061 2441 4108 sanctus
2464 4054 2778 4109 vocabatur.
2817 4054 2870 4107 in
2906 4056 3238 4109 monasterio
3268 4054 3442 4111 sancti
3484 4065 3538 4111 et
3571 4054 3715 4124 justi

2125 4144 2316 4200 Lazari
2343 4145 2613 4200 residens.
2631 4146 2873 4212 Quorum
2902 4147 2995 4202 ilic
3024 4149 3244 4216 quidem
3267 4150 3713 4214 extzazcationem,

2127 4236 2219 4290 hic
2259 4252 2391 4292 vero
2424 4235 2621 4307 lingua:
2657 4237 3055 4293 aliscissionem
3084 4255 3278 4309 passus
3315 4248 3466 4307 erat,
3496 4256 3549 4296 tu
3591 4254 3715 4310 pa:-

2125 4343 2254 4383 nam
2288 4329 2561 4398 posterior
2601 4329 2824 4400 quidem
2870 4331 3144 4385 mendacii
3180 4347 3289 4401 quo
3333 4342 3538 4387 temere
3569 4332 3718 4386 allir-

2131 4428 2376 4473 tnaverat
2423 4434 2452 4472 a
2511 4434 2570 4474 se
2624 4436 2721 4490 per
2773 4419 3054 4475 Orientem
3108 4422 3493 4492 peregrinante
3532 4422 3713 4477 visum

2131 4510 2330 4566 alicubi
2383 4509 2700 4566 Michaelem
2741 4510 3049 4582 Augustum
3102 4514 3306 4583 azymis
3363 4523 3609 4569 utentem
3659 4514 3713 4568 in

427 4600 686 4670 conjugis
721 4610 927 4670 posset.
968 4603 1150 4671 Atque
1204 4602 1319 4656 haec
1364 4604 1709 4671 percontatio
1758 4605 2019 4677 Augusue
2048 4610 2098 4669 Ι)
2125 4603 2479 4673 perceptione
2510 4602 2891 4669 Eucharistiae,
2943 4604 3097 4676 prior
3143 4616 3328 4660 autem
3370 4608 3718 4663 contumelia:

426 4708 548 4748 non
573 4694 640 4746 ad
670 4690 938 4747 Joannem
965 4694 1235 4750 duntaxat
1266 4704 1397 4751 tunc
1430 4711 1600 4750 unum
1626 4697 2023 4766 patriarcham,

428 4803 630 4844 verum
675 4788 742 4843 ad
772 4788 1078 4859 Josephum
1129 4789 1291 4843 etiam
1343 4789 1549 4844 dudum
1603 4791 1707 4846 ista
1758 4791 2027 4863 dignitate

429 4880 758 4935 defunctum
788 4881 997 4936 directa
1024 4881 1258 4951 primum
1283 4881 1548 4937 indicium
1574 4884 1785 4938 exstitit
1819 4884 2028 4940 machi-

428 4971 719 5028 nationum
748 4972 1048 5028 Andronici
1084 4987 1432 5043 arcanarum,
1470 4974 1764 5033 restituere
1790 4976 2026 5046 patriar-

424 5066 576 5122 chali
649 5066 850 5122 throno
896 5064 1203 5138 Josephum
1270 5067 1570 5145 molientis,
1614 5069 1883 5139 siquidem
1923 5072 2027 5141 17

431 5162 525 5217 ille
558 5162 727 5231 (quod
752 5176 865 5217 non
906 5172 1027 5216 erat
1075 5160 1320 5230 ignotum
1364 5162 1644 5233 Augustae)
1692 5178 2028 5234 magnopere

428 5254 719 5308 nitebatur
752 5253 1029 5309 adducere
1065 5254 1369 5324 Josephum
1408 5238 1685 5325 decrepita
1734 5264 1896 5309 actate
1935 5256 2022 5310 vix

426 5346 736 5417 spirantem
754 5345 825 5401 ad
843 5346 1031 5401 denuo
1048 5347 1444 5414 capessendum
1471 5346 1731 5403 Ecclesia:
1755 5349 2022 5419 regimen,

422 5446 596 5506 atque
627 5436 733 5492 hoc
765 5445 826 5490 ut
853 5436 971 5492 seni
1001 5436 1331 5494 moribundo
1355 5437 1712 5508 persuaderet
1749 5439 2029 5508 replicatis

427 5531 553 5586 sine
585 5530 694 5586 ﬁne
719 5529 1022 5597 instantiis,
1048 5539 1192 5588 totas
1208 5532 1358 5601 apud
1386 5547 1511 5586 eum
1534 5531 1795 5603 exigebat
1817 5542 2028 5599 noctes,

428 5626 488 5680 in
528 5640 643 5695 quo
681 5624 838 5679 illum
876 5624 1124 5693 partiarii
1171 5624 1425 5694 Joscphi,
1473 5625 1789 5681 schismatis
1834 5628 2028 5695 duces,

426 5735 541 5775 non
568 5718 947 5788 perfunctorie
968 5716 1258 5785 iuvabant,
1285 5718 1489 5789 quippe
1508 5719 1578 5774 ad
1597 5734 1830 5789 quorum
1854 5723 2031 5777 ratio-

426 5828 531 5868 nes
557 5823 615 5867 ct
642 5826 797 5883 spem
840 5810 1189 5867 rescindendi
1238 5812 1444 5882 negotii
1486 5813 1797 5869 concordiae
1838 5830 2033 5884 perac-

428 5907 845 5963 cotaniodatum
878 5905 935 5960 id
963 5902 1097 5974 ipsis
1126 5904 1250 5976 jure
1284 5905 1580 5962 videretur.
1623 5906 1767 5977 Ergo
1797 5923 1931 5963 cum
1960 5906 2028 5963 ad

2130 4693 2300 4748 verbo
2328 4694 2511 4760 illatze,
2545 4694 2865 4765 imperatori
2912 4712 3080 4751 ausus
3125 4696 3182 4751 in
3233 4713 3297 4753 os
3346 4698 3719 4770 improperan

2129 4800 2251 4841 esse
2279 4787 2434 4842 illum
2481 4787 2718 4842 alterum
2747 4788 3029 4845 lulianum
3066 4800 3394 4861 apostatam.
3443 4794 3717 4848 (Steterunt

2128 4880 2481 4936 Andronicus
2514 4881 2836 4952 imperator,
2867 4899 3032 4954 quam
3070 4883 3159 4939 his
3192 4884 3267 4961 de
3301 4885 3484 4940 causis
3529 4886 3721 4942 molie-

2129 4976 2291 5033 batur
2329 4975 2488 5032 Vecci
2532 4976 2938 5047 depositionem
2970 4994 3137 5049 quam
3175 4979 3403 5035 minima
3443 4980 3496 5034 vi
3524 4992 3722 5053 posset

2128 5086 2193 5125 ac
2250 5070 2484 5140 strepitu
2533 5071 2922 5129 administrare
2970 5073 3182 5143 volens,
3232 5074 3528 5145 diligenter
3573 5076 3720 5146 apud

2131 5165 2310 5235 ipsum
2345 5164 2627 5221 excusavit
2661 5180 2762 5236 per
2800 5178 2984 5222 certos
3007 5168 3074 5223 ad
3112 5169 3217 5224 hoc
3253 5168 3521 5240 allegatos
3550 5168 3722 5224 homi-

2130 5273 2252 5320 nes,
2284 5256 2437 5311 nullo
2468 5271 2529 5311 se
2555 5257 2621 5311 ad
2654 5259 2761 5315 hoc
2793 5260 3085 5317 consilium
3107 5262 3233 5333 ejus
3265 5272 3588 5334 contemptu
3624 5270 3721 5317 aut

2130 5351 2256 5406 odio
2287 5351 2491 5421 impelli
2519 5393 2534 5416 ,
2569 5354 2664 5410 sed
2690 5353 2939 5423 periculo
2987 5355 3298 5425 reipublicae
3346 5364 3404 5410 et
3439 5370 3588 5410 mera
3619 5370 3722 5411 nc-

2131 5445 2383 5502 cessitate
2419 5447 2527 5518 18
2546 5447 2796 5503 ﬁrmandi
2825 5449 2951 5503 novi
2980 5448 3353 5518 principatus.
3384 5446 3523 5502 Nam
3552 5446 3721 5502 clior-

2134 5552 2356 5593 vescere
2394 5553 2542 5594 nunc
2578 5554 2742 5609 quam
2775 5553 3013 5608 unquam
3041 5538 3334 5594 aestuosius
3360 5537 3538 5608 sopita
3563 5543 3721 5605 patre

2133 5630 2349 5686 vivente
2376 5632 2557 5688 studia
2583 5635 2819 5704 partium
2840 5632 2959 5703 paci
2983 5632 3301 5689 constitutae
3319 5631 3674 5685 adversarum
3701 5671 3718 5696 ,

2131 5719 2380 5791 adeoque
2414 5722 2748 5779 invalescere
2775 5721 3099 5778 scandalum
3122 5763 3140 5788 ,
3172 5732 3232 5777 ut
3261 5722 3438 5778 bonos
3468 5720 3633 5783 etiam
3664 5731 3722 5787 et

2133 5823 2326 5868 natura
2356 5814 2623 5885 placidos.
2669 5819 2871 5873 nedum
2920 5817 3256 5888 impotentes
3282 5832 3348 5872 ac
3374 5814 3715 5887 praefractas,

2137 5908 2347 5964 resilire
2387 5923 2447 5963 ac
2482 5909 2749 5966 rebellare
2797 5910 2974 5980 palam
3021 5917 3196 5980 cogat.
3230 5908 3463 5965 Abunde
3507 5906 3720 5978 magnis
