  <div class='ocr_page' id='page_1' title='image "/cluster/home/n/w/nwhite01/storage/ocr_20150623/144:no.2/coo.31924054870492/019.png"; bbox 0 0 4094 6430; ppageno 0'>
   <div class='ocr_carea' id='block_1_1' title="bbox 434 430 3701 511">
    <p class='ocr_par' dir='ltr' id='par_1_1' title="bbox 434 430 3701 511">
     <span class='ocr_line' id='line_1_1' title="bbox 434 430 3701 511; baseline 0.004 -13"><span class='ocrx_word' id='word_1_1' title='bbox 434 436 504 499; x_wconf 78' lang='lat'><strong>23</strong></span> <span class='ocrx_word' id='word_1_2' title='bbox 1652 447 1979 508; x_wconf 80' lang='lat' dir='ltr'><strong>GEORGII</strong></span> <span class='ocrx_word' id='word_1_3' title='bbox 2018 449 2512 511; x_wconf 65' lang='lat' dir='ltr'><strong>PACHYMERE</strong></span> <span class='ocrx_word' id='word_1_4' title='bbox 3628 430 3701 511; x_wconf 66' lang='grc' dir='ltr'><strong>ει</strong></span> 
     </span>
    </p>
   </div>
   <div class='ocr_carea' id='block_1_2' title="bbox 438 548 3706 632">
    <p class='ocr_par' dir='ltr' id='par_1_2' title="bbox 438 548 3706 632">
     <span class='ocr_line' id='line_1_2' title="bbox 438 548 3706 632; baseline 0.005 -30"><span class='ocrx_word' id='word_1_5' title='bbox 438 552 619 620; x_wconf 78' lang='grc' dir='ltr'>μένων</span> <span class='ocrx_word' id='word_1_6' title='bbox 643 548 971 622; x_wconf 70' lang='grc' dir='ltr'><strong>ἐξημεροῦν.</strong></span> <span class='ocrx_word' id='word_1_7' title='bbox 1002 551 1240 617; x_wconf 74' lang='grc' dir='ltr'>Πολλοὺς</span> <span class='ocrx_word' id='word_1_8' title='bbox 1275 554 1322 607; x_wconf 78' lang='grc' dir='ltr'>δ’</span> <span class='ocrx_word' id='word_1_9' title='bbox 1351 554 1576 609; x_wconf 76' lang='grc' dir='ltr'><strong>ἀκούειν</strong></span> <span class='ocrx_word' id='word_1_10' title='bbox 1603 558 1887 628; x_wconf 75' lang='grc' dir='ltr'><strong>σχίζεσθαι</strong></span> <span class='ocrx_word' id='word_1_11' title='bbox 1919 558 2013 612; x_wconf 68' lang='grc' dir='ltr'><strong>καὶ</strong></span> <span class='ocrx_word' id='word_1_12' title='bbox 2039 560 2087 617; x_wconf 82' lang='grc' dir='ltr'><strong>Α</strong></span> <span class='ocrx_word' id='word_1_13' title='bbox 2119 559 2229 628; x_wconf 75' lang='grc' dir='ltr'><strong>σὴφ</strong></span> <span class='ocrx_word' id='word_1_14' title='bbox 2260 562 2583 624; x_wconf 69' lang='grc' dir='ltr'>ἀναϐάσεως</span> <span class='ocrx_word' id='word_1_15' title='bbox 2620 562 2727 629; x_wconf 78' lang='grc' dir='ltr'><strong>(τὰ</strong></span> <span class='ocrx_word' id='word_1_16' title='bbox 2785 561 2895 632; x_wconf 70' lang='grc' dir='ltr'><strong>γὰρ</strong></span> <span class='ocrx_word' id='word_1_17' title='bbox 2928 560 3212 631; x_wconf 75' lang='grc' dir='ltr'>ξυμόάντα</span> <span class='ocrx_word' id='word_1_18' title='bbox 3243 562 3342 615; x_wconf 67' lang='grc' dir='ltr'><strong>οὐκ</strong></span> <span class='ocrx_word' id='word_1_19' title='bbox 3378 562 3442 615; x_wconf 74' lang='grc' dir='ltr'>ἂν</span> <span class='ocrx_word' id='word_1_20' title='bbox 3486 570 3706 628; x_wconf 85' lang='grc' dir='ltr'>πάντως</span> 
     </span>
    </p>
   </div>
   <div class='ocr_carea' id='block_1_3' title="bbox 436 642 2015 721">
    <p class='ocr_par' dir='ltr' id='par_1_3' title="bbox 436 642 2015 721">
     <span class='ocr_line' id='line_1_3' title="bbox 436 642 2015 721; baseline 0.006 -28"><span class='ocrx_word' id='word_1_21' title='bbox 436 642 706 710; x_wconf 73' lang='grc' dir='ltr'><strong>μεγάλους</strong></span> <span class='ocrx_word' id='word_1_22' title='bbox 758 645 1268 712; x_wconf 76' lang='grc' dir='ltr'>προφασιζομένους</span> <span class='ocrx_word' id='word_1_23' title='bbox 1297 648 1397 714; x_wconf 72' lang='grc' dir='ltr'><strong>τὴν</strong></span> <span class='ocrx_word' id='word_1_24' title='bbox 1431 649 1522 701; x_wconf 83' lang='grc' dir='ltr'>τοῦ</span> <span class='ocrx_word' id='word_1_25' title='bbox 1554 649 1753 719; x_wconf 75' lang='grc' dir='ltr'>Ἰωσὴφ</span> <span class='ocrx_word' id='word_1_26' title='bbox 1784 650 2015 721; x_wconf 84' lang='grc' dir='ltr'>ἀναχώ-</span> 
     </span>
    </p>
   </div>
   <div class='ocr_carea' id='block_1_4' title="bbox 431 735 2015 812">
    <p class='ocr_par' dir='ltr' id='par_1_4' title="bbox 431 735 2015 812">
     <span class='ocr_line' id='line_1_4' title="bbox 431 735 2015 812; baseline 0.007 -27"><span class='ocrx_word' id='word_1_27' title='bbox 431 752 593 805; x_wconf 80' lang='grc' dir='ltr'>ρησιν</span> <span class='ocrx_word' id='word_1_28' title='bbox 641 735 737 788; x_wconf 73' lang='grc' dir='ltr'>καὶ</span> <span class='ocrx_word' id='word_1_29' title='bbox 779 737 842 790; x_wconf 77' lang='grc' dir='ltr'><strong>τδ</strong></span> <span class='ocrx_word' id='word_1_30' title='bbox 890 738 1187 791; x_wconf 78' lang='grc' dir='ltr'><strong>σκάνδαλον</strong></span> <span class='ocrx_word' id='word_1_31' title='bbox 1218 738 1245 791; x_wconf 76' lang='grc' dir='ltr'><strong>ὅ</strong></span> <span class='ocrx_word' id='word_1_32' title='bbox 1278 741 1343 810; x_wconf 78' lang='grc' dir='ltr'>δὴ</span> <span class='ocrx_word' id='word_1_33' title='bbox 1391 743 1613 811; x_wconf 77' lang='grc' dir='ltr'>πρώῖζα</span> <span class='ocrx_word' id='word_1_34' title='bbox 1668 742 1892 812; x_wconf 74' lang='grc' dir='ltr'>ξυνέϐη,</span> <span class='ocrx_word' id='word_1_35' title='bbox 1920 743 2015 806; x_wconf 81' lang='grc' dir='ltr'><strong>οὓς</strong></span> 
     </span>
    </p>
   </div>
   <div class='ocr_carea' id='block_1_5' title="bbox 428 828 2011 906">
    <p class='ocr_par' dir='ltr' id='par_1_5' title="bbox 428 828 2011 906">
     <span class='ocr_line' id='line_1_5' title="bbox 428 828 2011 906; baseline 0.008 -27"><span class='ocrx_word' id='word_1_36' title='bbox 428 828 684 898; x_wconf 78' lang='grc' dir='ltr'>παρορᾷν</span> <span class='ocrx_word' id='word_1_37' title='bbox 723 830 848 899; x_wconf 83' lang='grc' dir='ltr'>μηδ’</span> <span class='ocrx_word' id='word_1_38' title='bbox 870 829 1008 892; x_wconf 83' lang='grc' dir='ltr'>ὅλως</span> <span class='ocrx_word' id='word_1_39' title='bbox 1043 830 1349 900; x_wconf 78' lang='grc' dir='ltr'><strong>ξυμφέρειν</strong></span> <span class='ocrx_word' id='word_1_40' title='bbox 1385 834 1583 887; x_wconf 70' lang='grc' dir='ltr'>νεωστὶ</span> <span class='ocrx_word' id='word_1_41' title='bbox 1626 836 2011 906; x_wconf 77' lang='grc' dir='ltr'>μοναρχοῦντι.</span> 
     </span>
    </p>
   </div>
   <div class='ocr_carea' id='block_1_6' title="bbox 429 923 2014 1001">
    <p class='ocr_par' dir='ltr' id='par_1_6' title="bbox 429 923 2014 1001">
     <span class='ocr_line' id='line_1_6' title="bbox 429 923 2014 1001; baseline 0.004 -24"><span class='ocrx_word' id='word_1_42' title='bbox 429 924 543 977; x_wconf 78' lang='grc' dir='ltr'>Καὶ</span> <span class='ocrx_word' id='word_1_43' title='bbox 575 924 641 992; x_wconf 82' lang='grc' dir='ltr'>δὴ</span> <span class='ocrx_word' id='word_1_44' title='bbox 664 924 758 976; x_wconf 78' lang='grc' dir='ltr'>καὶ</span> <span class='ocrx_word' id='word_1_45' title='bbox 788 923 877 975; x_wconf 79' lang='grc' dir='ltr'>ἐπ’</span> <span class='ocrx_word' id='word_1_46' title='bbox 906 925 1056 993; x_wconf 82' lang='grc' dir='ltr'>αὐτῷ</span> <span class='ocrx_word' id='word_1_47' title='bbox 1085 943 1146 992; x_wconf 88' lang='grc' dir='ltr'><strong>γε</strong></span> <span class='ocrx_word' id='word_1_48' title='bbox 1174 928 1442 997; x_wconf 82' lang='grc' dir='ltr'><strong>μεγίστην</strong></span> <span class='ocrx_word' id='word_1_49' title='bbox 1474 930 1848 1001; x_wconf 77' lang='grc' dir='ltr'><strong>πληροφορίαν</strong></span> <span class='ocrx_word' id='word_1_50' title='bbox 1871 931 2014 1001; x_wconf 76' lang='grc' dir='ltr'>ἔχειν</span> 
     </span>
    </p>
   </div>
   <div class='ocr_carea' id='block_1_7' title="bbox 426 1012 2014 1093">
    <p class='ocr_par' dir='ltr' id='par_1_7' title="bbox 426 1012 2014 1093">
     <span class='ocr_line' id='line_1_7' title="bbox 426 1012 2014 1093; baseline 0.005 -26"><span class='ocrx_word' id='word_1_51' title='bbox 426 1016 652 1086; x_wconf 77' lang='grc' dir='ltr'><strong>ἀγάπης</strong></span> <span class='ocrx_word' id='word_1_52' title='bbox 689 1012 757 1089; x_wconf 74' lang='grc' dir='ltr'><strong>ἧς</strong></span> <span class='ocrx_word' id='word_1_53' title='bbox 796 1016 913 1086; x_wconf 79' lang='grc' dir='ltr'>ᾔδει</span> <span class='ocrx_word' id='word_1_54' title='bbox 968 1017 1069 1086; x_wconf 82' lang='grc' dir='ltr'>τῆς</span> <span class='ocrx_word' id='word_1_55' title='bbox 1117 1019 1212 1071; x_wconf 83' lang='grc' dir='ltr'>ἀπ’</span> <span class='ocrx_word' id='word_1_56' title='bbox 1238 1022 1450 1073; x_wconf 82' lang='grc' dir='ltr'>ἐκείνου</span> <span class='ocrx_word' id='word_1_57' title='bbox 1498 1023 1637 1091; x_wconf 70' lang='grc' dir='ltr'>πρὸς</span> <span class='ocrx_word' id='word_1_58' title='bbox 1675 1022 1888 1088; x_wconf 69' lang='grc' dir='ltr'>ἑαυτὸν,</span> <span class='ocrx_word' id='word_1_59' title='bbox 1939 1025 2014 1093; x_wconf 84' lang='grc' dir='ltr'><strong>μὴ</strong></span> 
     </span>
    </p>
   </div>
   <div class='ocr_carea' id='block_1_8' title="bbox 432 1109 2016 1188">
    <p class='ocr_par' dir='ltr' id='par_1_8' title="bbox 432 1109 2016 1188">
     <span class='ocr_line' id='line_1_8' title="bbox 432 1109 2016 1188; baseline 0.003 -26"><span class='ocrx_word' id='word_1_60' title='bbox 432 1109 595 1178; x_wconf 84' lang='grc' dir='ltr'>μόνον</span> <span class='ocrx_word' id='word_1_61' title='bbox 619 1111 963 1178; x_wconf 78' lang='grc' dir='ltr'>πατριάρχου</span> <span class='ocrx_word' id='word_1_62' title='bbox 984 1112 1173 1180; x_wconf 84' lang='grc' dir='ltr'>τιμὴν,</span> <span class='ocrx_word' id='word_1_63' title='bbox 1199 1113 1337 1165; x_wconf 87' lang='grc' dir='ltr'>ἀλλά</span> <span class='ocrx_word' id='word_1_64' title='bbox 1367 1131 1430 1182; x_wconf 86' lang='grc' dir='ltr'><strong>γε</strong></span> <span class='ocrx_word' id='word_1_65' title='bbox 1459 1116 1523 1185; x_wconf 77' lang='grc' dir='ltr'>δὴ</span> <span class='ocrx_word' id='word_1_66' title='bbox 1556 1117 1649 1169; x_wconf 67' lang='grc' dir='ltr'>καὶ</span> <span class='ocrx_word' id='word_1_67' title='bbox 1676 1116 1821 1188; x_wconf 82' lang='grc' dir='ltr'>ζωὴν</span> <span class='ocrx_word' id='word_1_68' title='bbox 1844 1116 2016 1186; x_wconf 76' lang='grc' dir='ltr'>αὑτὴν</span> 
     </span>
    </p>
   </div>
   <div class='ocr_carea' id='block_1_9' title="bbox 431 1199 2017 1273">
    <p class='ocr_par' dir='ltr' id='par_1_9' title="bbox 431 1199 2017 1273">
     <span class='ocr_line' id='line_1_9' title="bbox 431 1199 2017 1273; baseline 0.006 -23"><span class='ocrx_word' id='word_1_69' title='bbox 431 1200 576 1269; x_wconf 79' lang='grc' dir='ltr'>ὑπὲρ</span> <span class='ocrx_word' id='word_1_70' title='bbox 606 1199 700 1252; x_wconf 84' lang='grc' dir='ltr'>τοῦ</span> <span class='ocrx_word' id='word_1_71' title='bbox 726 1199 989 1269; x_wconf 53' lang='lat' dir='ltr'><strong>pastum;</strong></span> <span class='ocrx_word' id='word_1_72' title='bbox 1019 1204 1309 1270; x_wconf 75' lang='grc' dir='ltr'>προεῖσθαι</span> <span class='ocrx_word' id='word_1_73' title='bbox 1338 1204 1430 1257; x_wconf 79' lang='grc' dir='ltr'><strong>καὶ</strong></span> <span class='ocrx_word' id='word_1_74' title='bbox 1459 1205 1559 1273; x_wconf 81' lang='grc' dir='ltr'>τῆς</span> <span class='ocrx_word' id='word_1_75' title='bbox 1583 1206 1795 1260; x_wconf 79' lang='grc' dir='ltr'>ἐκείνου</span> <span class='ocrx_word' id='word_1_76' title='bbox 1820 1206 2017 1259; x_wconf 76' lang='grc' dir='ltr'>συστά-</span> 
     </span>
    </p>
   </div>
   <div class='ocr_carea' id='block_1_10' title="bbox 432 1290 2019 1367">
    <p class='ocr_par' dir='ltr' id='par_1_10' title="bbox 432 1290 2019 1367">
     <span class='ocr_line' id='line_1_10' title="bbox 432 1290 2019 1367; baseline 0.004 -25"><span class='ocrx_word' id='word_1_77' title='bbox 432 1306 591 1352; x_wconf 90' lang='grc' dir='ltr'>σεως.</span> <span class='ocrx_word' id='word_1_78' title='bbox 630 1290 838 1351; x_wconf 81' lang='grc' dir='ltr'>Ἀλλως</span> <span class='ocrx_word' id='word_1_79' title='bbox 872 1291 1059 1360; x_wconf 78' lang='grc' dir='ltr'>μέντοι</span> <span class='ocrx_word' id='word_1_80' title='bbox 1092 1293 1225 1362; x_wconf 80' lang='grc' dir='ltr'>μηδὲ</span> <span class='ocrx_word' id='word_1_81' title='bbox 1260 1294 1424 1366; x_wconf 77' lang='grc' dir='ltr'>χολᾷν</span> <span class='ocrx_word' id='word_1_82' title='bbox 1468 1297 1657 1361; x_wconf 76' lang='grc' dir='ltr'>ἀξιῶν,</span> <span class='ocrx_word' id='word_1_83' title='bbox 1678 1298 1847 1367; x_wconf 85' lang='grc' dir='ltr'>αὐτὴν</span> <span class='ocrx_word' id='word_1_84' title='bbox 1873 1299 2019 1349; x_wconf 81' lang='grc' dir='ltr'>ἐκεί-</span> 
     </span>
    </p>
   </div>
   <div class='ocr_carea' id='block_1_11' title="bbox 391 1382 2017 1459">
    <p class='ocr_par' dir='ltr' id='par_1_11' title="bbox 391 1382 2017 1459">
     <span class='ocr_line' id='line_1_11' title="bbox 391 1382 2017 1459; baseline 0.007 -28"><span class='ocrx_word' id='word_1_85' title='bbox 391 1399 396 1404; x_wconf 67' lang='grc'><em>’</em></span> <span class='ocrx_word' id='word_1_86' title='bbox 429 1400 533 1451; x_wconf 80' lang='grc' dir='ltr'><strong>νην</strong></span> <span class='ocrx_word' id='word_1_87' title='bbox 566 1382 666 1450; x_wconf 84' lang='grc' dir='ltr'><strong>τὴν</strong></span> <span class='ocrx_word' id='word_1_88' title='bbox 697 1384 921 1452; x_wconf 72' lang='grc' dir='ltr'>ἀγάπην</span> <span class='ocrx_word' id='word_1_89' title='bbox 942 1384 1008 1453; x_wconf 71' lang='grc' dir='ltr'>ἢν</span> <span class='ocrx_word' id='word_1_90' title='bbox 1047 1385 1164 1455; x_wconf 76' lang='grc' dir='ltr'>ᾔδει</span> <span class='ocrx_word' id='word_1_91' title='bbox 1200 1386 1298 1438; x_wconf 74' lang='grc' dir='ltr'>καὶ</span> <span class='ocrx_word' id='word_1_92' title='bbox 1331 1388 1432 1458; x_wconf 84' lang='grc' dir='ltr'>τὴν</span> <span class='ocrx_word' id='word_1_93' title='bbox 1461 1389 1633 1457; x_wconf 80' lang='grc' dir='ltr'>τιμὴν</span> <span class='ocrx_word' id='word_1_94' title='bbox 1658 1388 1851 1453; x_wconf 70' lang='grc' dir='ltr'>ἕξοντα</span> <span class='ocrx_word' id='word_1_95' title='bbox 1887 1391 2017 1459; x_wconf 82' lang='grc' dir='ltr'>παρ’</span> 
     </span>
    </p>
   </div>
   <div class='ocr_carea' id='block_1_12' title="bbox 426 1472 2016 1554">
    <p class='ocr_par' dir='ltr' id='par_1_12' title="bbox 426 1472 2016 1554">
     <span class='ocr_line' id='line_1_12' title="bbox 426 1472 2016 1554; baseline 0.006 -29"><span class='ocrx_word' id='word_1_96' title='bbox 426 1472 619 1532; x_wconf 82' lang='grc' dir='ltr'>αὐτοῦ,</span> <span class='ocrx_word' id='word_1_97' title='bbox 651 1476 700 1527; x_wconf 80' lang='grc' dir='ltr'>εξ</span> <span class='ocrx_word' id='word_1_98' title='bbox 734 1475 830 1528; x_wconf 80' lang='grc' dir='ltr'>καὶ</span> <span class='ocrx_word' id='word_1_99' title='bbox 882 1475 1043 1539; x_wconf 81' lang='grc' dir='ltr'>ἄλλος</span> <span class='ocrx_word' id='word_1_100' title='bbox 1074 1478 1174 1547; x_wconf 81' lang='grc' dir='ltr'>τῆς</span> <span class='ocrx_word' id='word_1_101' title='bbox 1240 1478 1568 1551; x_wconf 84' lang='grc' dir='ltr'>Ἐκκλησίας</span> <span class='ocrx_word' id='word_1_102' title='bbox 1623 1483 2016 1554; x_wconf 79' lang='grc' dir='ltr'><strong>προστήσεται.</strong></span> 
     </span>
    </p>
   </div>
   <div class='ocr_carea' id='block_1_13' title="bbox 426 1567 2022 1646">
    <p class='ocr_par' dir='ltr' id='par_1_13' title="bbox 426 1567 2022 1646">
     <span class='ocr_line' id='line_1_13' title="bbox 426 1567 2022 1646; baseline 0.006 -28"><span class='ocrx_word' id='word_1_103' title='bbox 426 1567 543 1620; x_wconf 83' lang='grc' dir='ltr'>Καὶ</span> <span class='ocrx_word' id='word_1_104' title='bbox 563 1569 738 1622; x_wconf 72' lang='grc' dir='ltr'>ταῦτα</span> <span class='ocrx_word' id='word_1_105' title='bbox 773 1570 873 1638; x_wconf 84' lang='grc' dir='ltr'>μὲν</span> <span class='ocrx_word' id='word_1_106' title='bbox 904 1569 1143 1639; x_wconf 76' lang='grc' dir='ltr'>πέμπων</span> <span class='ocrx_word' id='word_1_107' title='bbox 1169 1571 1260 1623; x_wconf 82' lang='grc' dir='ltr'><strong>τὸν</strong></span> <span class='ocrx_word' id='word_1_108' title='bbox 1291 1572 1709 1643; x_wconf 80' lang='grc' dir='ltr'>Μελιτηνιώτην</span> <span class='ocrx_word' id='word_1_109' title='bbox 1743 1574 2022 1646; x_wconf 78' lang='grc' dir='ltr'>χαρτοφύ-</span> 
     </span>
    </p>
   </div>
   <div class='ocr_carea' id='block_1_14' title="bbox 429 1657 2020 1735">
    <p class='ocr_par' dir='ltr' id='par_1_14' title="bbox 429 1657 2020 1735">
     <span class='ocr_line' id='line_1_14' title="bbox 429 1657 2020 1735; baseline 0.006 -27"><span class='ocrx_word' id='word_1_110' title='bbox 429 1657 577 1711; x_wconf 75' lang='grc' dir='ltr'>λακα</span> <span class='ocrx_word' id='word_1_111' title='bbox 609 1660 703 1712; x_wconf 74' lang='grc' dir='ltr'>καὶ</span> <span class='ocrx_word' id='word_1_112' title='bbox 730 1660 1113 1730; x_wconf 83' lang='grc' dir='ltr'>ἀρχιδιάκονον</span> <span class='ocrx_word' id='word_1_113' title='bbox 1154 1661 1375 1732; x_wconf 80' lang='grc' dir='ltr'><strong>θερμῶς</strong></span> <span class='ocrx_word' id='word_1_114' title='bbox 1408 1665 1509 1732; x_wconf 72' lang='grc' dir='ltr'><strong>τὴν</strong></span> <span class='ocrx_word' id='word_1_115' title='bbox 1540 1664 1791 1735; x_wconf 85' lang='grc' dir='ltr'>ἀνάγκην</span> <span class='ocrx_word' id='word_1_116' title='bbox 1819 1668 2020 1719; x_wconf 74' lang='grc' dir='ltr'>ἀπελοο</span> 
     </span>
    </p>
   </div>
   <div class='ocr_carea' id='block_1_15' title="bbox 430 1748 2022 1827">
    <p class='ocr_par' dir='ltr' id='par_1_15' title="bbox 430 1748 2022 1827">
     <span class='ocr_line' id='line_1_15' title="bbox 430 1748 2022 1827; baseline 0.008 -30"><span class='ocrx_word' id='word_1_117' title='bbox 430 1748 601 1813; x_wconf 86' lang='grc' dir='ltr'>γεῖτο,</span> <span class='ocrx_word' id='word_1_118' title='bbox 645 1750 856 1802; x_wconf 77' lang='grc' dir='ltr'>ἐκεῖθεν</span> <span class='ocrx_word' id='word_1_119' title='bbox 896 1749 953 1803; x_wconf 81' lang='grc' dir='ltr'>δὲ</span> <span class='ocrx_word' id='word_1_120' title='bbox 989 1752 1537 1824; x_wconf 72' lang='grc' dir='ltr'>συνδιανυκτερεύων</span> <span class='ocrx_word' id='word_1_121' title='bbox 1566 1753 1644 1823; x_wconf 83' lang='grc' dir='ltr'>τῷ</span> <span class='ocrx_word' id='word_1_122' title='bbox 1691 1756 1891 1827; x_wconf 78' lang='grc' dir='ltr'>Ἰωσὴφ</span> <span class='ocrx_word' id='word_1_123' title='bbox 1927 1757 2022 1810; x_wconf 80' lang='grc' dir='ltr'>καὶ</span> 
     </span>
    </p>
   </div>
   <div class='ocr_carea' id='block_1_16' title="bbox 431 1841 2021 1918">
    <p class='ocr_par' dir='ltr' id='par_1_16' title="bbox 431 1841 2021 1918">
     <span class='ocr_line' id='line_1_16' title="bbox 431 1841 2021 1918; baseline 0.008 -28"><span class='ocrx_word' id='word_1_124' title='bbox 431 1841 548 1902; x_wconf 85' lang='grc' dir='ltr'>τοῖς</span> <span class='ocrx_word' id='word_1_125' title='bbox 575 1842 707 1910; x_wconf 73' lang='grc' dir='ltr'>περὶ</span> <span class='ocrx_word' id='word_1_126' title='bbox 739 1844 947 1896; x_wconf 74' lang='grc' dir='ltr'>ἐκεῖνον</span> <span class='ocrx_word' id='word_1_127' title='bbox 976 1843 1078 1913; x_wconf 76' lang='grc' dir='ltr'>τὴν</span> <span class='ocrx_word' id='word_1_128' title='bbox 1109 1846 1189 1907; x_wconf 86' lang='grc' dir='ltr'><strong>είς</strong></span> <span class='ocrx_word' id='word_1_129' title='bbox 1221 1844 1280 1898; x_wconf 82' lang='grc' dir='ltr'><strong>τὸ</strong></span> <span class='ocrx_word' id='word_1_130' title='bbox 1317 1849 1713 1918; x_wconf 82' lang='grc' dir='ltr'>πατριαρχεῐον</span> <span class='ocrx_word' id='word_1_131' title='bbox 1750 1847 2021 1918; x_wconf 82' lang='grc' dir='ltr'>προκαθί-</span> 
     </span>
    </p>
   </div>
   <div class='ocr_carea' id='block_1_17' title="bbox 434 1932 855 1988">
    <p class='ocr_par' dir='ltr' id='par_1_17' title="bbox 434 1932 855 1988">
     <span class='ocr_line' id='line_1_17' title="bbox 434 1932 855 1988; baseline 0.014 -6"><span class='ocrx_word' id='word_1_132' title='bbox 434 1947 537 1983; x_wconf 89' lang='grc' dir='ltr'><strong>στα</strong></span> <span class='ocrx_word' id='word_1_133' title='bbox 565 1932 741 1986; x_wconf 74' lang='grc' dir='ltr'>ἀνάἦα</span> <span class='ocrx_word' id='word_1_134' title='bbox 751 1951 855 1988; x_wconf 84' lang='grc' dir='ltr'>σιν.</span> 
     </span>
    </p>
   </div>
   <div class='ocr_carea' id='block_1_18' title="bbox 432 2088 2022 2174">
    <p class='ocr_par' dir='ltr' id='par_1_18' title="bbox 432 2088 2022 2174">
     <span class='ocr_line' id='line_1_18' title="bbox 432 2088 2022 2174; baseline 0.003 -29"><span class='ocrx_word' id='word_1_135' title='bbox 432 2088 500 2146; x_wconf 79' lang='grc' dir='ltr'><strong>δ’.</strong></span> <span class='ocrx_word' id='word_1_136' title='bbox 544 2092 1093 2174; x_wconf 47' lang='grc' dir='ltr'>Ἀναχώρηςιςέοῦ</span> <span class='ocrx_word' id='word_1_137' title='bbox 1125 2095 1494 2174; x_wconf 62' lang='grc' dir='ltr'>πατριάρχου</span> <span class='ocrx_word' id='word_1_138' title='bbox 1536 2097 1766 2174; x_wconf 67' lang='grc' dir='ltr'>Βέκκου</span> <span class='ocrx_word' id='word_1_139' title='bbox 1794 2100 1881 2164; x_wconf 78' lang='grc' dir='ltr'><strong>είς</strong></span> <span class='ocrx_word' id='word_1_140' title='bbox 1908 2095 2022 2163; x_wconf 79' lang='grc' dir='ltr'><strong>τὴν</strong></span> 
     </span>
    </p>
   </div>
   <div class='ocr_carea' id='block_1_19' title="bbox 808 2166 2023 2236">
    <p class='ocr_par' dir='ltr' id='par_1_19' title="bbox 808 2166 2023 2236">
     <span class='ocr_line' id='line_1_19' title="bbox 808 2166 2023 2236; baseline 0.006 -20"><span class='ocrx_word' id='word_1_141' title='bbox 808 2166 920 2232; x_wconf 84' lang='grc' dir='ltr'>τῆς</span> <span class='ocrx_word' id='word_1_142' title='bbox 948 2166 1388 2236; x_wconf 72' lang='grc' dir='ltr'>Παναχράντου</span> <span class='ocrx_word' id='word_1_143' title='bbox 1425 2168 1641 2236; x_wconf 78' lang='grc' dir='ltr'><strong>μονήν.</strong></span> <span class='ocrx_word' id='word_1_144' title='bbox 2015 2176 2023 2187; x_wconf 82' lang='grc'><strong>⁸</strong></span> 
     </span>
    </p>
   </div>
   <div class='ocr_carea' id='block_1_20' title="bbox 507 2298 2019 2372">
    <p class='ocr_par' dir='ltr' id='par_1_20' title="bbox 507 2298 2019 2372">
     <span class='ocr_line' id='line_1_20' title="bbox 507 2298 2019 2372; baseline 0.005 -21"><span class='ocrx_word' id='word_1_145' title='bbox 507 2298 597 2370; x_wconf 84' lang='grc' dir='ltr'><strong>[Ρ.</strong></span> <span class='ocrx_word' id='word_1_146' title='bbox 635 2298 691 2371; x_wconf 86' lang='grc'>9]</span> <span class='ocrx_word' id='word_1_147' title='bbox 735 2301 793 2351; x_wconf 86' lang='lat'><strong>’0</strong></span> <span class='ocrx_word' id='word_1_148' title='bbox 820 2300 920 2370; x_wconf 78' lang='grc' dir='ltr'><strong>μὲν</strong></span> <span class='ocrx_word' id='word_1_149' title='bbox 954 2298 1049 2353; x_wconf 77' lang='grc' dir='ltr'><strong>οὖν</strong></span> <span class='ocrx_word' id='word_1_150' title='bbox 1096 2302 1353 2372; x_wconf 70' lang='grc' dir='ltr'>Ἰωάννης</span> <span class='ocrx_word' id='word_1_151' title='bbox 1387 2303 1482 2355; x_wconf 79' lang='grc' dir='ltr'><strong>καὶ</strong></span> <span class='ocrx_word' id='word_1_152' title='bbox 1516 2303 1692 2366; x_wconf 81' lang='grc' dir='ltr'>ἄλλως</span> <span class='ocrx_word' id='word_1_153' title='bbox 1727 2304 1891 2368; x_wconf 79' lang='grc' dir='ltr'>εὐθὺς</span> <span class='ocrx_word' id='word_1_154' title='bbox 1921 2306 2019 2370; x_wconf 82' lang='grc' dir='ltr'><strong>ὢν,</strong></span> 
     </span>
    </p>
   </div>
   <div class='ocr_carea' id='block_1_21' title="bbox 435 2386 2020 2468">
    <p class='ocr_par' dir='ltr' id='par_1_21' title="bbox 435 2386 2020 2468">
     <span class='ocr_line' id='line_1_21' title="bbox 435 2386 2020 2468; baseline 0.005 -25"><span class='ocrx_word' id='word_1_155' title='bbox 435 2389 596 2444; x_wconf 78' lang='grc' dir='ltr'>ἔτιδὲ</span> <span class='ocrx_word' id='word_1_156' title='bbox 620 2386 715 2443; x_wconf 80' lang='grc' dir='ltr'>κάὶ</span> <span class='ocrx_word' id='word_1_157' title='bbox 740 2391 835 2462; x_wconf 75' lang='grc' dir='ltr'>τῆς</span> <span class='ocrx_word' id='word_1_158' title='bbox 869 2391 967 2445; x_wconf 82' lang='grc' dir='ltr'>τοῦ</span> <span class='ocrx_word' id='word_1_159' title='bbox 992 2395 1340 2463; x_wconf 84' lang='grc' dir='ltr'>πατριάρχου</span> <span class='ocrx_word' id='word_1_160' title='bbox 1363 2395 1531 2463; x_wconf 79' lang='grc' dir='ltr'>τιμῆς</span> <span class='ocrx_word' id='word_1_161' title='bbox 1553 2396 1829 2466; x_wconf 80' lang='grc' dir='ltr'>ὲπικόρως</span> <span class='ocrx_word' id='word_1_162' title='bbox 1859 2398 2020 2468; x_wconf 79' lang='grc' dir='ltr'>ἔχων,</span> 
     </span>
    </p>
   </div>
   <div class='ocr_carea' id='block_1_22' title="bbox 434 2483 2019 2557">
    <p class='ocr_par' dir='ltr' id='par_1_22' title="bbox 434 2483 2019 2557">
     <span class='ocr_line' id='line_1_22' title="bbox 434 2483 2019 2557; baseline 0.006 -23"><span class='ocrx_word' id='word_1_163' title='bbox 434 2483 513 2545; x_wconf 83' lang='grc' dir='ltr'>ὡς</span> <span class='ocrx_word' id='word_1_164' title='bbox 543 2483 809 2549; x_wconf 79' lang='grc' dir='ltr'>πολλάκις</span> <span class='ocrx_word' id='word_1_165' title='bbox 845 2486 941 2539; x_wconf 74' lang='grc' dir='ltr'><strong>καὶ</strong></span> <span class='ocrx_word' id='word_1_166' title='bbox 974 2485 1153 2553; x_wconf 81' lang='grc' dir='ltr'>λέγων</span> <span class='ocrx_word' id='word_1_167' title='bbox 1183 2489 1566 2557; x_wconf 78' lang='grc' dir='ltr'>καὶπράττων</span> <span class='ocrx_word' id='word_1_168' title='bbox 1598 2488 1823 2555; x_wconf 79' lang='grc' dir='ltr'>ἔδειξεν,</span> <span class='ocrx_word' id='word_1_169' title='bbox 1866 2491 2019 2543; x_wconf 76' lang='grc' dir='ltr'>ἐλπί-</span> 
     </span>
    </p>
   </div>
   <div class='ocr_carea' id='block_1_23' title="bbox 435 2575 2023 2650">
    <p class='ocr_par' dir='ltr' id='par_1_23' title="bbox 435 2575 2023 2650">
     <span class='ocr_line' id='line_1_23' title="bbox 435 2575 2023 2650; baseline 0.006 -22"><span class='ocrx_word' id='word_1_170' title='bbox 435 2575 546 2640; x_wconf 79' lang='grc' dir='ltr'>ζων</span> <span class='ocrx_word' id='word_1_171' title='bbox 575 2576 630 2629; x_wconf 78' lang='grc' dir='ltr'>δὲ</span> <span class='ocrx_word' id='word_1_172' title='bbox 656 2576 752 2630; x_wconf 87' lang='grc' dir='ltr'><strong>καί</strong></span> <span class='ocrx_word' id='word_1_173' title='bbox 783 2579 1112 2647; x_wconf 84' lang='grc' dir='ltr'>τιγενέσθαι</span> <span class='ocrx_word' id='word_1_174' title='bbox 1141 2579 1253 2632; x_wconf 83' lang='grc' dir='ltr'><strong>τῶν</strong></span> <span class='ocrx_word' id='word_1_175' title='bbox 1285 2579 1509 2648; x_wconf 75' lang='grc' dir='ltr'>ἀγαθῶν</span> <span class='ocrx_word' id='word_1_176' title='bbox 1549 2584 1612 2634; x_wconf 80' lang='grc' dir='ltr'>ἐκ</span> <span class='ocrx_word' id='word_1_177' title='bbox 1638 2582 1736 2650; x_wconf 80' lang='grc' dir='ltr'>τῆς</span> <span class='ocrx_word' id='word_1_178' title='bbox 1767 2582 1861 2636; x_wconf 78' lang='grc' dir='ltr'>τοῦ</span> <span class='ocrx_word' id='word_1_179' title='bbox 1911 2585 2023 2637; x_wconf 81' lang='grc' dir='ltr'><strong>Ἰω-</strong></span> 
     </span>
    </p>
   </div>
   <div class='ocr_carea' id='block_1_24' title="bbox 434 2762 2022 2835">
    <p class='ocr_par' dir='ltr' id='par_1_24' title="bbox 434 2762 2022 2835">
     <span class='ocr_line' id='line_1_24' title="bbox 434 2762 2022 2835; baseline 0.006 -21"><span class='ocrx_word' id='word_1_180' title='bbox 434 2762 696 2832; x_wconf 76' lang='lat' dir='ltr'><strong>agitatnm</strong></span> <span class='ocrx_word' id='word_1_181' title='bbox 733 2763 974 2820; x_wconf 85' lang='lat' dir='ltr'><strong>motibus</strong></span> <span class='ocrx_word' id='word_1_182' title='bbox 1026 2764 1316 2835; x_wconf 87' lang='lat' dir='ltr'><strong>imperium</strong></span> <span class='ocrx_word' id='word_1_183' title='bbox 1352 2767 1673 2835; x_wconf 84' lang='lat' dir='ltr'><strong>pervenisse</strong></span> <span class='ocrx_word' id='word_1_184' title='bbox 1724 2768 1789 2822; x_wconf 89' lang='lat' dir='ltr'><strong>ad</strong></span> <span class='ocrx_word' id='word_1_185' title='bbox 1834 2784 1914 2835; x_wconf 91' lang='lat' dir='ltr'><strong>se,</strong></span> <span class='ocrx_word' id='word_1_186' title='bbox 1964 2780 2022 2823; x_wconf 91' lang='lat' dir='ltr'><strong>nt</strong></span> 
     </span>
    </p>
   </div>
   <div class='ocr_carea' id='block_1_25' title="bbox 436 2855 2018 2928">
    <p class='ocr_par' dir='ltr' id='par_1_25' title="bbox 436 2855 2018 2928">
     <span class='ocr_line' id='line_1_25' title="bbox 436 2855 2018 2928; baseline 0.006 -22"><span class='ocrx_word' id='word_1_187' title='bbox 436 2855 510 2907; x_wconf 77' lang='lat' dir='ltr'><strong>sit</strong></span> <span class='ocrx_word' id='word_1_188' title='bbox 534 2856 637 2924; x_wconf 89' lang='lat' dir='ltr'><strong>ipsi</strong></span> <span class='ocrx_word' id='word_1_189' title='bbox 667 2870 852 2910; x_wconf 82' lang='lat' dir='ltr'><strong>tenera</strong></span> <span class='ocrx_word' id='word_1_190' title='bbox 885 2863 1044 2911; x_wconf 76' lang='lat' dir='ltr'><strong>:etate</strong></span> <span class='ocrx_word' id='word_1_191' title='bbox 1074 2873 1304 2927; x_wconf 75' lang='lat' dir='ltr'><strong>regnum</strong></span> <span class='ocrx_word' id='word_1_192' title='bbox 1335 2859 1641 2928; x_wconf 76' lang='lat' dir='ltr'><strong>auspicanti</strong></span> <span class='ocrx_word' id='word_1_193' title='bbox 1671 2861 1821 2914; x_wconf 85' lang='lat' dir='ltr'><strong>omni</strong></span> <span class='ocrx_word' id='word_1_194' title='bbox 1858 2862 2018 2915; x_wconf 84' lang='lat' dir='ltr'><strong>sedu-</strong></span> 
     </span>
    </p>
   </div>
   <div class='ocr_carea' id='block_1_26' title="bbox 435 2945 2019 3021">
    <p class='ocr_par' dir='ltr' id='par_1_26' title="bbox 435 2945 2019 3021">
     <span class='ocr_line' id='line_1_26' title="bbox 435 2945 2019 3021; baseline 0.006 -23"><span class='ocrx_word' id='word_1_195' title='bbox 435 2945 590 3000; x_wconf 88' lang='lat' dir='ltr'><strong>litate</strong></span> <span class='ocrx_word' id='word_1_196' title='bbox 629 2948 1053 3017; x_wconf 61' lang='lat' dir='ltr'><strong>praecavendum</strong></span> <span class='ocrx_word' id='word_1_197' title='bbox 1112 2964 1182 3003; x_wconf 90' lang='lat' dir='ltr'><strong>ne</strong></span> <span class='ocrx_word' id='word_1_198' title='bbox 1238 2951 1396 3004; x_wconf 78' lang='lat' dir='ltr'><strong>novis</strong></span> <span class='ocrx_word' id='word_1_199' title='bbox 1445 2961 1707 3021; x_wconf 60' lang='lat' dir='ltr'><strong>praterea</strong></span> <span class='ocrx_word' id='word_1_200' title='bbox 1767 2954 2019 3021; x_wconf 77' lang='lat' dir='ltr'><strong>procellis</strong></span> 
     </span>
    </p>
   </div>
   <div class='ocr_carea' id='block_1_27' title="bbox 434 3038 2017 3112">
    <p class='ocr_par' dir='ltr' id='par_1_27' title="bbox 434 3038 2017 3112">
     <span class='ocr_line' id='line_1_27' title="bbox 434 3038 2017 3112; baseline 0.006 -20"><span class='ocrx_word' id='word_1_201' title='bbox 434 3038 659 3095; x_wconf 79' lang='lat' dir='ltr'><strong>misceri</strong></span> <span class='ocrx_word' id='word_1_202' title='bbox 709 3041 1104 3109; x_wconf 81' lang='lat' dir='ltr'><strong>rempublicam</strong></span> <span class='ocrx_word' id='word_1_203' title='bbox 1137 3043 1437 3112; x_wconf 81' lang='lat' dir='ltr'><strong>contingat.</strong></span> <span class='ocrx_word' id='word_1_204' title='bbox 1471 3041 1528 3097; x_wconf 94' lang='lat' dir='ltr'><strong>Id</strong></span> <span class='ocrx_word' id='word_1_205' title='bbox 1563 3045 1703 3099; x_wconf 84' lang='lat' dir='ltr'><strong>haud</strong></span> <span class='ocrx_word' id='word_1_206' title='bbox 1739 3046 1901 3101; x_wconf 83' lang='lat' dir='ltr'><strong>dubie</strong></span> <span class='ocrx_word' id='word_1_207' title='bbox 1932 3048 2017 3101; x_wconf 79' lang='lat' dir='ltr'><strong>fu-</strong></span> 
     </span>
    </p>
   </div>
   <div class='ocr_carea' id='block_1_28' title="bbox 437 3131 2015 3201">
    <p class='ocr_par' dir='ltr' id='par_1_28' title="bbox 437 3131 2015 3201">
     <span class='ocr_line' id='line_1_28' title="bbox 437 3131 2015 3201; baseline 0.006 -17"><span class='ocrx_word' id='word_1_208' title='bbox 437 3143 622 3184; x_wconf 86' lang='lat' dir='ltr'><strong>turum</strong></span> <span class='ocrx_word' id='word_1_209' title='bbox 647 3131 772 3195; x_wconf 84' lang='lat' dir='ltr'><strong>nisi,</strong></span> <span class='ocrx_word' id='word_1_210' title='bbox 807 3139 1080 3201; x_wconf 77' lang='lat' dir='ltr'><strong>quatenus</strong></span> <span class='ocrx_word' id='word_1_211' title='bbox 1107 3131 1187 3185; x_wconf 88' lang='lat' dir='ltr'><strong>fas</strong></span> <span class='ocrx_word' id='word_1_212' title='bbox 1213 3142 1317 3198; x_wconf 87' lang='lat' dir='ltr'><strong>est,</strong></span> <span class='ocrx_word' id='word_1_213' title='bbox 1347 3149 1377 3187; x_wconf 88' lang='lat' dir='ltr'><strong>a</strong></span> <span class='ocrx_word' id='word_1_214' title='bbox 1408 3148 1467 3188; x_wconf 87' lang='lat' dir='ltr'><strong>se</strong></span> <span class='ocrx_word' id='word_1_215' title='bbox 1488 3134 1822 3191; x_wconf 88' lang='lat' dir='ltr'><strong>deliniantur</strong></span> <span class='ocrx_word' id='word_1_216' title='bbox 1852 3140 2015 3193; x_wconf 90' lang='lat' dir='ltr'><strong>animi</strong></span> 
     </span>
    </p>
   </div>
   <div class='ocr_carea' id='block_1_29' title="bbox 2119 651 3704 724">
    <p class='ocr_par' dir='ltr' id='par_1_29' title="bbox 2119 651 3704 724">
     <span class='ocr_line' id='line_1_29' title="bbox 2119 651 3704 724; baseline 0.002 -20"><span class='ocrx_word' id='word_1_217' title='bbox 2119 651 2317 723; x_wconf 77' lang='grc' dir='ltr'>ξυνέϐη</span> <span class='ocrx_word' id='word_1_218' title='bbox 2339 652 2543 717; x_wconf 75' lang='grc' dir='ltr'>ζῶντος</span> <span class='ocrx_word' id='word_1_219' title='bbox 2567 653 2802 716; x_wconf 62' lang='grc' dir='ltr'>ἐκείνου,</span> <span class='ocrx_word' id='word_1_220' title='bbox 2821 654 2895 710; x_wconf 82' lang='grc' dir='ltr'>ὡς</span> <span class='ocrx_word' id='word_1_221' title='bbox 2923 654 2987 707; x_wconf 86' lang='grc' dir='ltr'>ὲκ</span> <span class='ocrx_word' id='word_1_222' title='bbox 3013 653 3222 707; x_wconf 78' lang='grc' dir='ltr'>πολλῶν</span> <span class='ocrx_word' id='word_1_223' title='bbox 3241 654 3387 706; x_wconf 73' lang='grc' dir='ltr'>ἔστιν</span> <span class='ocrx_word' id='word_1_224' title='bbox 3408 654 3704 724; x_wconf 82' lang='grc' dir='ltr'>ὑπονοεῖν),</span> 
     </span>
    </p>
   </div>
   <div class='ocr_carea' id='block_1_30' title="bbox 2118 744 3702 815">
    <p class='ocr_par' dir='ltr' id='par_1_30' title="bbox 2118 744 3702 815">
     <span class='ocr_line' id='line_1_30' title="bbox 2118 744 3702 815; baseline 0.001 -19"><span class='ocrx_word' id='word_1_225' title='bbox 2118 744 2208 797; x_wconf 80' lang='grc' dir='ltr'>διὰ</span> <span class='ocrx_word' id='word_1_226' title='bbox 2235 744 2409 797; x_wconf 78' lang='grc' dir='ltr'>ταῦτα</span> <span class='ocrx_word' id='word_1_227' title='bbox 2431 745 2652 814; x_wconf 79' lang='grc' dir='ltr'>ἕτοιμος</span> <span class='ocrx_word' id='word_1_228' title='bbox 2688 746 2787 815; x_wconf 80' lang='grc' dir='ltr'>μὲν</span> <span class='ocrx_word' id='word_1_229' title='bbox 2813 744 2888 798; x_wconf 72' lang='grc' dir='ltr'>ὢν</span> <span class='ocrx_word' id='word_1_230' title='bbox 2918 747 3130 809; x_wconf 75' lang='grc' dir='ltr'>ἐκεῖνος</span> <span class='ocrx_word' id='word_1_231' title='bbox 3155 747 3296 799; x_wconf 80' lang='grc' dir='ltr'>κατὰ</span> <span class='ocrx_word' id='word_1_232' title='bbox 3331 746 3431 814; x_wconf 82' lang='grc' dir='ltr'>τὴν</span> <span class='ocrx_word' id='word_1_233' title='bbox 3461 745 3702 815; x_wconf 79' lang='grc' dir='ltr'>Χριστοῦ</span> 
     </span>
    </p>
   </div>
   <div class='ocr_carea' id='block_1_31' title="bbox 2118 836 3704 908">
    <p class='ocr_par' dir='ltr' id='par_1_31' title="bbox 2118 836 3704 908">
     <span class='ocr_line' id='line_1_31' title="bbox 2118 836 3704 908; baseline 0.003 -21"><span class='ocrx_word' id='word_1_234' title='bbox 2118 836 2315 905; x_wconf 79' lang='grc' dir='ltr'>ἑορτὴν</span> <span class='ocrx_word' id='word_1_235' title='bbox 2376 836 2737 906; x_wconf 77' lang='grc' dir='ltr'>λειτουργεῖν,</span> <span class='ocrx_word' id='word_1_236' title='bbox 2793 839 3010 908; x_wconf 73' lang='grc' dir='ltr'>ἕτοιμος</span> <span class='ocrx_word' id='word_1_237' title='bbox 3060 838 3118 891; x_wconf 85' lang='grc' dir='ltr'>δὲ</span> <span class='ocrx_word' id='word_1_238' title='bbox 3150 839 3243 891; x_wconf 68' lang='grc' dir='ltr'>καὶ</span> <span class='ocrx_word' id='word_1_239' title='bbox 3276 839 3426 907; x_wconf 71' lang='grc' dir='ltr'>,περὶ</span> <span class='ocrx_word' id='word_1_240' title='bbox 3457 838 3556 905; x_wconf 84' lang='grc' dir='ltr'><strong>τῆς</strong></span> <span class='ocrx_word' id='word_1_241' title='bbox 3607 837 3704 891; x_wconf 78' lang='grc' dir='ltr'>τοῦ</span> 
     </span>
    </p>
   </div>
   <div class='ocr_carea' id='block_1_32' title="bbox 2119 928 3703 999">
    <p class='ocr_par' dir='ltr' id='par_1_32' title="bbox 2119 928 3703 999">
     <span class='ocr_line' id='line_1_32' title="bbox 2119 928 3703 999; baseline -0.001 -18"><span class='ocrx_word' id='word_1_242' title='bbox 2119 928 2489 998; x_wconf 76' lang='grc' dir='ltr'>ἀποιχομένου</span> <span class='ocrx_word' id='word_1_243' title='bbox 2515 929 2657 982; x_wconf 84' lang='grc' dir='ltr'><strong>κατά</strong></span> <span class='ocrx_word' id='word_1_244' title='bbox 2687 929 2746 981; x_wconf 70' lang='grc' dir='ltr'>τ’)</span> <span class='ocrx_word' id='word_1_245' title='bbox 2764 928 2916 990; x_wconf 73' lang='grc' dir='ltr'>εἰκὸς</span> <span class='ocrx_word' id='word_1_246' title='bbox 2945 929 3171 999; x_wconf 83' lang='grc' dir='ltr'><strong>μνήμης</strong></span> <span class='ocrx_word' id='word_1_247' title='bbox 3195 928 3525 999; x_wconf 81' lang='grc' dir='ltr'>φροντίζειν,</span> <span class='ocrx_word' id='word_1_248' title='bbox 3545 928 3703 996; x_wconf 78' lang='grc' dir='ltr'>ἀφεὶς</span> 
     </span>
    </p>
   </div>
   <div class='ocr_carea' id='block_1_33' title="bbox 2117 1018 3699 1091">
    <p class='ocr_par' dir='ltr' id='par_1_33' title="bbox 2117 1018 3699 1091">
     <span class='ocr_line' id='line_1_33' title="bbox 2117 1018 3699 1091; baseline 0 -20"><span class='ocrx_word' id='word_1_249' title='bbox 2117 1018 2189 1071; x_wconf 84' lang='grc' dir='ltr'>τὰ</span> <span class='ocrx_word' id='word_1_250' title='bbox 2220 1020 2395 1073; x_wconf 86' lang='grc' dir='ltr'>πάντα</span> <span class='ocrx_word' id='word_1_251' title='bbox 2448 1023 2513 1090; x_wconf 81' lang='grc' dir='ltr'>τῇ</span> <span class='ocrx_word' id='word_1_252' title='bbox 2566 1021 2837 1091; x_wconf 68' lang='grc' dir='ltr'>ὑστεραίᾳ</span> <span class='ocrx_word' id='word_1_253' title='bbox 2871 1021 2970 1089; x_wconf 78' lang='grc' dir='ltr'>τῆς</span> <span class='ocrx_word' id='word_1_254' title='bbox 3012 1021 3206 1090; x_wconf 79' lang='grc' dir='ltr'>ἑορτῆς</span> <span class='ocrx_word' id='word_1_255' title='bbox 3238 1019 3476 1084; x_wconf 79' lang='grc' dir='ltr'>κάτεισι,</span> <span class='ocrx_word' id='word_1_256' title='bbox 3509 1020 3604 1072; x_wconf 68' lang='grc' dir='ltr'>καὶ</span> <span class='ocrx_word' id='word_1_257' title='bbox 3633 1020 3699 1088; x_wconf 78' lang='grc' dir='ltr'>τῇ</span> 
     </span>
    </p>
   </div>
   <div class='ocr_carea' id='block_1_34' title="bbox 2119 1109 3708 1182">
    <p class='ocr_par' dir='ltr' id='par_1_34' title="bbox 2119 1109 3708 1182">
     <span class='ocr_line' id='line_1_34' title="bbox 2119 1109 3708 1182; baseline 0.003 -22"><span class='ocrx_word' id='word_1_258' title='bbox 2119 1109 2220 1178; x_wconf 81' lang='grc' dir='ltr'>τῆς</span> <span class='ocrx_word' id='word_1_259' title='bbox 2252 1111 2648 1180; x_wconf 81' lang='grc' dir='ltr'>Παναχράντου</span> <span class='ocrx_word' id='word_1_260' title='bbox 2687 1115 2824 1182; x_wconf 83' lang='grc' dir='ltr'>μονῇ</span> <span class='ocrx_word' id='word_1_261' title='bbox 2853 1115 3037 1182; x_wconf 81' lang='grc' dir='ltr'>φέρων</span> <span class='ocrx_word' id='word_1_262' title='bbox 3079 1111 3273 1164; x_wconf 71' lang='grc' dir='ltr'>ἑαυτὸν</span> <span class='ocrx_word' id='word_1_263' title='bbox 3300 1110 3504 1176; x_wconf 84' lang='grc' dir='ltr'>δίδωσι,</span> <span class='ocrx_word' id='word_1_264' title='bbox 3538 1110 3708 1179; x_wconf 76' lang='grc' dir='ltr'>ζητή-</span> 
     </span>
    </p>
   </div>
   <div class='ocr_carea' id='block_1_35' title="bbox 2122 1202 3706 1273">
    <p class='ocr_par' dir='ltr' id='par_1_35' title="bbox 2122 1202 3706 1273">
     <span class='ocr_line' id='line_1_35' title="bbox 2122 1202 3706 1273; baseline 0 -21"><span class='ocrx_word' id='word_1_265' title='bbox 2122 1218 2222 1263; x_wconf 83' lang='grc' dir='ltr'><strong>σας</strong></span> <span class='ocrx_word' id='word_1_266' title='bbox 2255 1203 2408 1271; x_wconf 71' lang='grc' dir='ltr'>παρὰ</span> <span class='ocrx_word' id='word_1_267' title='bbox 2442 1202 2717 1273; x_wconf 79' lang='grc' dir='ltr'>βασιλέως</span> <span class='ocrx_word' id='word_1_268' title='bbox 2760 1204 2857 1257; x_wconf 70' lang='grc' dir='ltr'>καὶ</span> <span class='ocrx_word' id='word_1_269' title='bbox 2887 1204 3012 1267; x_wconf 74' lang='grc' dir='ltr'>τοὺς</span> <span class='ocrx_word' id='word_1_270' title='bbox 3057 1202 3393 1267; x_wconf 82' lang='grc' dir='ltr'>ἀπάξοντας,</span> <span class='ocrx_word' id='word_1_271' title='bbox 3424 1203 3706 1272; x_wconf 68' lang='grc' dir='ltr'>πρόφασιν</span> 
     </span>
    </p>
   </div>
   <div class='ocr_carea' id='block_1_36' title="bbox 2124 1291 3706 1365">
    <p class='ocr_par' dir='ltr' id='par_1_36' title="bbox 2124 1291 3706 1365">
     <span class='ocr_line' id='line_1_36' title="bbox 2124 1291 3706 1365; baseline 0 -21"><span class='ocrx_word' id='word_1_272' title='bbox 2124 1293 2223 1360; x_wconf 78' lang='grc' dir='ltr'>μὲν</span> <span class='ocrx_word' id='word_1_273' title='bbox 2277 1293 2353 1357; x_wconf 82' lang='grc' dir='ltr'>ὡς</span> <span class='ocrx_word' id='word_1_274' title='bbox 2402 1294 2907 1363; x_wconf 75' lang='grc' dir='ltr'>ὑπερασπιοῦντας,</span> <span class='ocrx_word' id='word_1_275' title='bbox 2942 1294 3009 1365; x_wconf 77' lang='grc' dir='ltr'>ῆν</span> <span class='ocrx_word' id='word_1_276' title='bbox 3061 1310 3146 1357; x_wconf 85' lang='grc' dir='ltr'><strong>τις</strong></span> <span class='ocrx_word' id='word_1_277' title='bbox 3182 1292 3292 1345; x_wconf 86' lang='grc' dir='ltr'><strong>τῶν</strong></span> <span class='ocrx_word' id='word_1_278' title='bbox 3339 1292 3437 1345; x_wconf 84' lang='grc' dir='ltr'>τοῦ</span> <span class='ocrx_word' id='word_1_279' title='bbox 3494 1291 3706 1361; x_wconf 79' lang='grc' dir='ltr'>κλήρου</span> 
     </span>
    </p>
   </div>
   <div class='ocr_carea' id='block_1_37' title="bbox 2120 1381 3706 1456">
    <p class='ocr_par' dir='ltr' id='par_1_37' title="bbox 2120 1381 3706 1456">
     <span class='ocr_line' id='line_1_37' title="bbox 2120 1381 3706 1456; baseline -0.001 -21"><span class='ocrx_word' id='word_1_280' title='bbox 2120 1384 2460 1447; x_wconf 79' lang='grc' dir='ltr'>ἀπαιδεύτως</span> <span class='ocrx_word' id='word_1_281' title='bbox 2489 1385 2577 1439; x_wconf 78' lang='grc' dir='ltr'><strong>ἐπ’</strong></span> <span class='ocrx_word' id='word_1_282' title='bbox 2604 1386 2813 1438; x_wconf 77' lang='grc' dir='ltr'>ἐκεῖνον</span> <span class='ocrx_word' id='word_1_283' title='bbox 2849 1384 3065 1456; x_wconf 85' lang='grc' dir='ltr'>ὁρμῴη,</span> <span class='ocrx_word' id='word_1_284' title='bbox 3089 1382 3167 1454; x_wconf 83' lang='grc' dir='ltr'>τῷ</span> <span class='ocrx_word' id='word_1_285' title='bbox 3186 1383 3243 1436; x_wconf 79' lang='grc' dir='ltr'>δὲ</span> <span class='ocrx_word' id='word_1_286' title='bbox 3266 1381 3551 1453; x_wconf 79' lang='grc' dir='ltr'>βαθυτέρῳ</span> <span class='ocrx_word' id='word_1_287' title='bbox 3576 1398 3706 1434; x_wconf 89' lang='grc' dir='ltr'>σκο-</span> 
     </span>
    </p>
   </div>
   <div class='ocr_carea' id='block_1_38' title="bbox 2123 1472 3705 1547">
    <p class='ocr_par' dir='ltr' id='par_1_38' title="bbox 2123 1472 3705 1547">
     <span class='ocr_line' id='line_1_38' title="bbox 2123 1472 3705 1547; baseline -0.003 -18"><span class='ocrx_word' id='word_1_288' title='bbox 2123 1477 2209 1546; x_wconf 81' lang='grc' dir='ltr'><strong>πῷ</strong></span> <span class='ocrx_word' id='word_1_289' title='bbox 2240 1476 2338 1547; x_wconf 81' lang='grc' dir='ltr'>τὴν</span> <span class='ocrx_word' id='word_1_290' title='bbox 2385 1477 2478 1530; x_wconf 81' lang='grc' dir='ltr'>τοῦ</span> <span class='ocrx_word' id='word_1_291' title='bbox 2513 1476 2856 1541; x_wconf 77' lang='grc' dir='ltr'>λειποταξίου</span> <span class='ocrx_word' id='word_1_292' title='bbox 2902 1476 3190 1545; x_wconf 80' lang='grc' dir='ltr'>ἑκφεύγων</span> <span class='ocrx_word' id='word_1_293' title='bbox 3239 1475 3598 1544; x_wconf 74' lang='grc' dir='ltr'>κατηγορίαν,</span> <span class='ocrx_word' id='word_1_294' title='bbox 3627 1472 3705 1535; x_wconf 86' lang='grc' dir='ltr'>ὡς</span> 
     </span>
    </p>
   </div>
   <div class='ocr_carea' id='block_1_39' title="bbox 2121 1564 3704 1640">
    <p class='ocr_par' dir='ltr' id='par_1_39' title="bbox 2121 1564 3704 1640">
     <span class='ocr_line' id='line_1_39' title="bbox 2121 1564 3704 1640; baseline -0.001 -21"><span class='ocrx_word' id='word_1_295' title='bbox 2121 1568 2328 1630; x_wconf 73' lang='grc' dir='ltr'>ἐκεῖνος</span> <span class='ocrx_word' id='word_1_296' title='bbox 2383 1567 2542 1639; x_wconf 81' lang='grc' dir='ltr'>ῷετο,</span> <span class='ocrx_word' id='word_1_297' title='bbox 2592 1569 2747 1637; x_wconf 79' lang='grc' dir='ltr'>παρὰ</span> <span class='ocrx_word' id='word_1_298' title='bbox 2782 1567 2904 1639; x_wconf 84' lang='grc' dir='ltr'><strong>Θεῷ</strong></span> <span class='ocrx_word' id='word_1_299' title='bbox 2950 1569 3192 1640; x_wconf 85' lang='grc' dir='ltr'>κρίνοντι</span> <span class='ocrx_word' id='word_1_300' title='bbox 3253 1566 3361 1618; x_wconf 70' lang='grc' dir='ltr'><strong>Καὶ</strong></span> <span class='ocrx_word' id='word_1_301' title='bbox 3388 1564 3561 1618; x_wconf 79' lang='grc' dir='ltr'>ταῦτα</span> <span class='ocrx_word' id='word_1_302' title='bbox 3606 1564 3704 1633; x_wconf 77' lang='grc' dir='ltr'><strong>μὲν</strong></span> 
     </span>
    </p>
   </div>
   <div class='ocr_carea' id='block_1_40' title="bbox 2122 1658 3534 1734">
    <p class='ocr_par' dir='ltr' id='par_1_40' title="bbox 2122 1658 3534 1734">
     <span class='ocr_line' id='line_1_40' title="bbox 2122 1658 3534 1734; baseline 0.006 -22"><span class='ocrx_word' id='word_1_303' title='bbox 2122 1661 2425 1729; x_wconf 80' lang='grc' dir='ltr'>ἐπράττετο</span> <span class='ocrx_word' id='word_1_304' title='bbox 2446 1664 2667 1733; x_wconf 71' lang='grc' dir='ltr'>εἰκοστῇ</span> <span class='ocrx_word' id='word_1_305' title='bbox 2699 1663 2834 1734; x_wconf 73' lang='grc' dir='ltr'>ἕκτη</span> <span class='ocrx_word' id='word_1_306' title='bbox 2863 1663 3032 1733; x_wconf 81' lang='grc' dir='ltr'>μηνὸς</span> <span class='ocrx_word' id='word_1_307' title='bbox 3065 1658 3534 1732; x_wconf 68' lang='grc' dir='ltr'>Σκιροφοριῶνοςο</span> 
     </span>
    </p>
   </div>
   <div class='ocr_carea' id='block_1_41' title="bbox 2125 1793 3703 1868">
    <p class='ocr_par' dir='ltr' id='par_1_41' title="bbox 2125 1793 3703 1868">
     <span class='ocr_line' id='line_1_41' title="bbox 2125 1793 3703 1868; baseline -0.001 -19"><span class='ocrx_word' id='word_1_308' title='bbox 2125 1794 2186 1849; x_wconf 85' lang='grc' dir='ltr'><strong>ε’.</strong></span> <span class='ocrx_word' id='word_1_309' title='bbox 2226 1798 2537 1863; x_wconf 78' lang='grc' dir='ltr'>Ἀγάόασις</span> <span class='ocrx_word' id='word_1_310' title='bbox 2587 1798 2695 1853; x_wconf 88' lang='grc' dir='ltr'>τοῦ</span> <span class='ocrx_word' id='word_1_311' title='bbox 2743 1796 2967 1868; x_wconf 73' lang='grc' dir='ltr'>Ἰωσὴφ</span> <span class='ocrx_word' id='word_1_312' title='bbox 3013 1800 3101 1864; x_wconf 80' lang='grc' dir='ltr'><strong>είς</strong></span> <span class='ocrx_word' id='word_1_313' title='bbox 3137 1799 3203 1852; x_wconf 85' lang='grc' dir='ltr'>τὸ</span> <span class='ocrx_word' id='word_1_314' title='bbox 3255 1793 3703 1867; x_wconf 82' lang='grc' dir='ltr'>πατριαρχεῖον.</span> 
     </span>
    </p>
   </div>
   <div class='ocr_carea' id='block_1_42' title="bbox 2056 1898 3705 2006">
    <p class='ocr_par' dir='ltr' id='par_1_42' title="bbox 2056 1898 3705 2006">
     <span class='ocr_line' id='line_1_42' title="bbox 2056 1898 3705 2006; baseline -0.001 -17"><span class='ocrx_word' id='word_1_315' title='bbox 2056 1898 2098 1955; x_wconf 74' lang='grc' dir='ltr'><strong>Β</strong></span> <span class='ocrx_word' id='word_1_316' title='bbox 2198 1933 2307 1989; x_wconf 80' lang='grc' dir='ltr'><strong>Τοῦ</strong></span> <span class='ocrx_word' id='word_1_317' title='bbox 2333 1934 2378 1988; x_wconf 82' lang='grc' dir='ltr'>δ’</span> <span class='ocrx_word' id='word_1_318' title='bbox 2401 1935 2570 1989; x_wconf 75' lang='grc' dir='ltr'>αὐτοῦ</span> <span class='ocrx_word' id='word_1_319' title='bbox 2611 1936 2780 2006; x_wconf 79' lang='grc' dir='ltr'>μηνὸς</span> <span class='ocrx_word' id='word_1_320' title='bbox 2810 1935 2951 2005; x_wconf 69' lang='grc' dir='ltr'>μετὰ</span> <span class='ocrx_word' id='word_1_321' title='bbox 2973 1936 3073 2006; x_wconf 76' lang='grc' dir='ltr'>τὴν</span> <span class='ocrx_word' id='word_1_322' title='bbox 3105 1934 3443 2005; x_wconf 80' lang='grc' dir='ltr'>τριακοστὴν</span> <span class='ocrx_word' id='word_1_323' title='bbox 3468 1933 3530 1988; x_wconf 82' lang='grc' dir='ltr'>τὸ</span> <span class='ocrx_word' id='word_1_324' title='bbox 3570 1936 3705 2005; x_wconf 78' lang='grc' dir='ltr'>πρδς</span> 
     </span>
    </p>
   </div>
   <div class='ocr_carea' id='block_1_43' title="bbox 2126 2026 3705 2097">
    <p class='ocr_par' dir='ltr' id='par_1_43' title="bbox 2126 2026 3705 2097">
     <span class='ocr_line' id='line_1_43' title="bbox 2126 2026 3705 2097; baseline -0.001 -17"><span class='ocrx_word' id='word_1_325' title='bbox 2126 2027 2370 2095; x_wconf 81' lang='grc' dir='ltr'>ἑσπέραν</span> <span class='ocrx_word' id='word_1_326' title='bbox 2398 2026 2638 2090; x_wconf 74' lang='grc' dir='ltr'>ἐντεθεὶς</span> <span class='ocrx_word' id='word_1_327' title='bbox 2661 2027 2833 2097; x_wconf 87' lang='grc' dir='ltr'>λίκνῳ</span> <span class='ocrx_word' id='word_1_328' title='bbox 2856 2030 2883 2080; x_wconf 82' lang='grc' dir='ltr'>ὁ</span> <span class='ocrx_word' id='word_1_329' title='bbox 2906 2028 3131 2097; x_wconf 80' lang='grc' dir='ltr'>Ἰωσὴφ,</span> <span class='ocrx_word' id='word_1_330' title='bbox 3170 2028 3330 2096; x_wconf 78' lang='grc' dir='ltr'>μόνον</span> <span class='ocrx_word' id='word_1_331' title='bbox 3354 2026 3454 2080; x_wconf 79' lang='grc' dir='ltr'><strong>οὑκ</strong></span> <span class='ocrx_word' id='word_1_332' title='bbox 3477 2027 3705 2091; x_wconf 77' lang='grc' dir='ltr'>ἄπνους,</span> 
     </span>
    </p>
   </div>
   <div class='ocr_carea' id='block_1_44' title="bbox 2124 2118 3706 2190">
    <p class='ocr_par' dir='ltr' id='par_1_44' title="bbox 2124 2118 3706 2190">
     <span class='ocr_line' id='line_1_44' title="bbox 2124 2118 3706 2190; baseline 0.001 -19"><span class='ocrx_word' id='word_1_333' title='bbox 2124 2118 2340 2171; x_wconf 85' lang='grc' dir='ltr'>πολλῶν</span> <span class='ocrx_word' id='word_1_334' title='bbox 2376 2119 2508 2188; x_wconf 86' lang='grc' dir='ltr'>παρ’</span> <span class='ocrx_word' id='word_1_335' title='bbox 2548 2118 2792 2189; x_wconf 78' lang='grc' dir='ltr'>ἑκάτερα</span> <span class='ocrx_word' id='word_1_336' title='bbox 2847 2120 3256 2190; x_wconf 82' lang='grc' dir='ltr'>παρεπομένων</span> <span class='ocrx_word' id='word_1_337' title='bbox 3318 2119 3411 2171; x_wconf 70' lang='grc' dir='ltr'><strong>καὶ</strong></span> <span class='ocrx_word' id='word_1_338' title='bbox 3464 2119 3706 2187; x_wconf 76' lang='grc' dir='ltr'>ἐπευφη-</span> 
     </span>
    </p>
   </div>
   <div class='ocr_carea' id='block_1_45' title="bbox 2130 2210 3705 2282">
    <p class='ocr_par' dir='ltr' id='par_1_45' title="bbox 2130 2210 3705 2282">
     <span class='ocr_line' id='line_1_45' title="bbox 2130 2210 3705 2282; baseline -0.001 -18"><span class='ocrx_word' id='word_1_339' title='bbox 2130 2210 2374 2281; x_wconf 75' lang='grc' dir='ltr'>μούντων</span> <span class='ocrx_word' id='word_1_340' title='bbox 2403 2210 2473 2263; x_wconf 74' lang='grc' dir='ltr'><strong>τά</strong></span> <span class='ocrx_word' id='word_1_341' title='bbox 2522 2213 2981 2282; x_wconf 71' lang='grc' dir='ltr'>προπεμπτήρια,</span> <span class='ocrx_word' id='word_1_342' title='bbox 3016 2212 3102 2281; x_wconf 76' lang='grc' dir='ltr'><strong>ἐφ’</strong></span> <span class='ocrx_word' id='word_1_343' title='bbox 3128 2212 3319 2282; x_wconf 72' lang='grc' dir='ltr'>ὕμνοις</span> <span class='ocrx_word' id='word_1_344' title='bbox 3349 2211 3442 2265; x_wconf 75' lang='grc' dir='ltr'>καὶ</span> <span class='ocrx_word' id='word_1_345' title='bbox 3487 2217 3705 2281; x_wconf 67' lang='grc' dir='ltr'>κρότοις</span> 
     </span>
    </p>
   </div>
   <div class='ocr_carea' id='block_1_46' title="bbox 2125 2305 3698 2379">
    <p class='ocr_par' dir='ltr' id='par_1_46' title="bbox 2125 2305 3698 2379">
     <span class='ocr_line' id='line_1_46' title="bbox 2125 2305 3698 2379; baseline -0.002 -19"><span class='ocrx_word' id='word_1_346' title='bbox 2125 2306 2456 2379; x_wconf 82' lang='grc' dir='ltr'>ἀνθρώπων,</span> <span class='ocrx_word' id='word_1_347' title='bbox 2497 2305 2578 2359; x_wconf 75' lang='grc' dir='ltr'>ἔτι</span> <span class='ocrx_word' id='word_1_348' title='bbox 2611 2306 2668 2358; x_wconf 83' lang='grc' dir='ltr'>δὲ</span> <span class='ocrx_word' id='word_1_349' title='bbox 2699 2307 2794 2359; x_wconf 70' lang='grc' dir='ltr'><strong>καὶ</strong></span> <span class='ocrx_word' id='word_1_350' title='bbox 2824 2307 2932 2358; x_wconf 84' lang='grc' dir='ltr'><strong>τῶν</strong></span> <span class='ocrx_word' id='word_1_351' title='bbox 2970 2307 3068 2375; x_wconf 81' lang='grc' dir='ltr'>τῆς</span> <span class='ocrx_word' id='word_1_352' title='bbox 3096 2306 3397 2377; x_wconf 78' lang='grc' dir='ltr'>ἐκκλησίας</span> <span class='ocrx_word' id='word_1_353' title='bbox 3431 2322 3698 2375; x_wconf 84' lang='grc' dir='ltr'>συνακτη-</span> 
     </span>
    </p>
   </div>
   <div class='ocr_carea' id='block_1_47' title="bbox 2128 2395 3708 2469">
    <p class='ocr_par' dir='ltr' id='par_1_47' title="bbox 2128 2395 3708 2469">
     <span class='ocr_line' id='line_1_47' title="bbox 2128 2395 3708 2469; baseline 0.001 -21"><span class='ocrx_word' id='word_1_354' title='bbox 2128 2399 2263 2469; x_wconf 89' lang='grc' dir='ltr'>ρίων</span> <span class='ocrx_word' id='word_1_355' title='bbox 2290 2398 2579 2458; x_wconf 86' lang='grc' dir='ltr'>κωδώνων.</span> <span class='ocrx_word' id='word_1_356' title='bbox 2608 2399 2690 2460; x_wconf 86' lang='grc' dir='ltr'><strong>είς</strong></span> <span class='ocrx_word' id='word_1_357' title='bbox 2713 2398 2773 2451; x_wconf 79' lang='grc' dir='ltr'>τὸ</span> <span class='ocrx_word' id='word_1_358' title='bbox 2802 2400 3197 2468; x_wconf 77' lang='grc' dir='ltr'>πατρσαρχεῖον</span> <span class='ocrx_word' id='word_1_359' title='bbox 3228 2397 3513 2463; x_wconf 74' lang='grc' dir='ltr'>ἀνάγεται.</span> <span class='ocrx_word' id='word_1_360' title='bbox 3552 2395 3617 2452; x_wconf 81' lang='grc' dir='ltr'>ΟΞ</span> <span class='ocrx_word' id='word_1_361' title='bbox 3650 2396 3708 2450; x_wconf 73' lang='grc' dir='ltr'>δὲ</span> 
     </span>
    </p>
   </div>
   <div class='ocr_carea' id='block_1_48' title="bbox 2124 2488 3708 2559">
    <p class='ocr_par' dir='ltr' id='par_1_48' title="bbox 2124 2488 3708 2559">
     <span class='ocr_line' id='line_1_48' title="bbox 2124 2488 3708 2559; baseline 0.001 -19"><span class='ocrx_word' id='word_1_362' title='bbox 2124 2488 2218 2541; x_wconf 79' lang='grc' dir='ltr'>τοῦ</span> <span class='ocrx_word' id='word_1_363' title='bbox 2252 2489 2453 2558; x_wconf 78' lang='grc' dir='ltr'>κλήρου</span> <span class='ocrx_word' id='word_1_364' title='bbox 2491 2489 2645 2559; x_wconf 87' lang='grc' dir='ltr'>μόλις</span> <span class='ocrx_word' id='word_1_365' title='bbox 2672 2490 2770 2558; x_wconf 79' lang='grc' dir='ltr'><strong>τὴν</strong></span> <span class='ocrx_word' id='word_1_366' title='bbox 2795 2490 3093 2558; x_wconf 77' lang='grc' dir='ltr'>ἑσπερινὴν</span> <span class='ocrx_word' id='word_1_367' title='bbox 3124 2488 3402 2559; x_wconf 82' lang='grc' dir='ltr'>ὑμνῳδίαν</span> <span class='ocrx_word' id='word_1_368' title='bbox 3427 2488 3554 2543; x_wconf 73' lang='grc' dir='ltr'>καθ’</span> <span class='ocrx_word' id='word_1_369' title='bbox 3580 2490 3708 2542; x_wconf 71' lang='grc' dir='ltr'>ἑαυρ</span> 
     </span>
    </p>
   </div>
   <div class='ocr_carea' id='block_1_49' title="bbox 2124 2576 3708 2651">
    <p class='ocr_par' dir='ltr' id='par_1_49' title="bbox 2124 2576 3708 2651">
     <span class='ocr_line' id='line_1_49' title="bbox 2124 2576 3708 2651; baseline 0.001 -19"><span class='ocrx_word' id='word_1_370' title='bbox 2124 2585 2253 2645; x_wconf 78' lang='grc' dir='ltr'>τοὺς</span> <span class='ocrx_word' id='word_1_371' title='bbox 2311 2581 2721 2647; x_wconf 78' lang='grc' dir='ltr'>ἐκτελέσαντες,</span> <span class='ocrx_word' id='word_1_372' title='bbox 2788 2581 2913 2635; x_wconf 75' lang='grc' dir='ltr'>ἐπεὶ</span> <span class='ocrx_word' id='word_1_373' title='bbox 2963 2580 3162 2651; x_wconf 74' lang='grc' dir='ltr'>ὄρθρος</span> <span class='ocrx_word' id='word_1_374' title='bbox 3187 2576 3254 2651; x_wconf 79' lang='grc' dir='ltr'>ἦν</span> <span class='ocrx_word' id='word_1_375' title='bbox 3307 2581 3572 2651; x_wconf 74' lang='grc' dir='ltr'>καὶπρὸς</span> <span class='ocrx_word' id='word_1_376' title='bbox 3603 2581 3708 2651; x_wconf 80' lang='grc' dir='ltr'>τὴν</span> 
     </span>
    </p>
   </div>
   <div class='ocr_carea' id='block_1_50' title="bbox 2125 2757 3707 2844">
    <p class='ocr_par' dir='ltr' id='par_1_50' title="bbox 2125 2757 3707 2844">
     <span class='ocr_line' id='line_1_50' title="bbox 2125 2757 3707 2844; baseline -0.003 -26"><span class='ocrx_word' id='word_1_377' title='bbox 2125 2764 2180 2818; x_wconf 72' lang='grc'><strong>4.</strong></span> <span class='ocrx_word' id='word_1_378' title='bbox 2223 2760 2466 2818; x_wconf 72' lang='lat' dir='ltr'><strong>Secessus</strong></span> <span class='ocrx_word' id='word_1_379' title='bbox 2495 2764 2815 2832; x_wconf 71' lang='lat' dir='ltr'><strong>patriarcha:</strong></span> <span class='ocrx_word' id='word_1_380' title='bbox 2851 2762 2999 2844; x_wconf 61' lang='grc' dir='ltr'>γυροί</span> <span class='ocrx_word' id='word_1_381' title='bbox 3034 2761 3087 2813; x_wconf 82' lang='grc' dir='ltr'><strong>ἱη</strong></span> <span class='ocrx_word' id='word_1_382' title='bbox 3119 2757 3507 2815; x_wconf 75' lang='grc' dir='ltr'>Ραηαείιναηιω</span> <span class='ocrx_word' id='word_1_383' title='bbox 3528 2775 3707 2814; x_wconf 82' lang='lat' dir='ltr'><strong>mona-</strong></span> 
     </span>
    </p>
   </div>
   <div class='ocr_carea' id='block_1_51' title="bbox 2804 2842 3042 2887">
    <p class='ocr_par' dir='ltr' id='par_1_51' title="bbox 2804 2842 3042 2887">
     <span class='ocr_line' id='line_1_51' title="bbox 2804 2842 3042 2887; baseline -0.017 -1"><span class='ocrx_word' id='word_1_384' title='bbox 2804 2842 3042 2887; x_wconf 71' lang='lat' dir='ltr'><strong>uertunt.</strong></span> 
     </span>
    </p>
   </div>
   <div class='ocr_carea' id='block_1_52' title="bbox 2194 2946 3702 3020">
    <p class='ocr_par' dir='ltr' id='par_1_52' title="bbox 2194 2946 3702 3020">
     <span class='ocr_line' id='line_1_52' title="bbox 2194 2946 3702 3020; baseline -0.003 -14"><span class='ocrx_word' id='word_1_385' title='bbox 2194 2952 2434 3006; x_wconf 84' lang='lat' dir='ltr'><strong>Joannes</strong></span> <span class='ocrx_word' id='word_1_386' title='bbox 2492 2964 2692 3020; x_wconf 88' lang='lat' dir='ltr'><strong>porro,</strong></span> <span class='ocrx_word' id='word_1_387' title='bbox 2755 2949 2848 3017; x_wconf 88' lang='lat' dir='ltr'><strong>qui</strong></span> <span class='ocrx_word' id='word_1_388' title='bbox 2900 2957 2955 3002; x_wconf 90' lang='lat' dir='ltr'><strong>et</strong></span> <span class='ocrx_word' id='word_1_389' title='bbox 3018 2946 3236 3001; x_wconf 84' lang='lat' dir='ltr'><strong>aliunde</strong></span> <span class='ocrx_word' id='word_1_390' title='bbox 3284 2955 3469 3001; x_wconf 88' lang='lat' dir='ltr'><strong>rectus</strong></span> <span class='ocrx_word' id='word_1_391' title='bbox 3514 2957 3702 3010; x_wconf 86' lang='lat' dir='ltr'><strong>esset,</strong></span> 
     </span>
    </p>
   </div>
   <div class='ocr_carea' id='block_1_53' title="bbox 2126 3039 3703 3116">
    <p class='ocr_par' dir='ltr' id='par_1_53' title="bbox 2126 3039 3703 3116">
     <span class='ocr_line' id='line_1_53' title="bbox 2126 3039 3703 3116; baseline -0.006 -17"><span class='ocrx_word' id='word_1_392' title='bbox 2126 3060 2398 3116; x_wconf 89' lang='lat' dir='ltr'><strong>quemque</strong></span> <span class='ocrx_word' id='word_1_393' title='bbox 2428 3056 2688 3113; x_wconf 71' lang='lat' dir='ltr'><strong>pra-terea</strong></span> <span class='ocrx_word' id='word_1_394' title='bbox 2720 3042 2940 3096; x_wconf 74' lang='lat' dir='ltr'><strong>satietas</strong></span> <span class='ocrx_word' id='word_1_395' title='bbox 2973 3042 3079 3109; x_wconf 90' lang='lat' dir='ltr'><strong>jam</strong></span> <span class='ocrx_word' id='word_1_396' title='bbox 3109 3042 3338 3109; x_wconf 81' lang='lat' dir='ltr'><strong>cepisset</strong></span> <span class='ocrx_word' id='word_1_397' title='bbox 3371 3039 3703 3110; x_wconf 76' lang='lat' dir='ltr'><strong>patriarcha-</strong></span> 
     </span>
    </p>
   </div>
   <div class='ocr_carea' id='block_1_54' title="bbox 2128 3127 3710 3204">
    <p class='ocr_par' dir='ltr' id='par_1_54' title="bbox 2128 3127 3710 3204">
     <span class='ocr_line' id='line_1_54' title="bbox 2128 3127 3710 3204; baseline -0.004 -14"><span class='ocrx_word' id='word_1_398' title='bbox 2128 3137 2195 3191; x_wconf 90' lang='lat' dir='ltr'><strong>lis</strong></span> <span class='ocrx_word' id='word_1_399' title='bbox 2235 3136 2487 3197; x_wconf 89' lang='lat' dir='ltr'><strong>honoris,</strong></span> <span class='ocrx_word' id='word_1_400' title='bbox 2511 3144 2571 3189; x_wconf 90' lang='lat' dir='ltr'><strong>ut</strong></span> <span class='ocrx_word' id='word_1_401' title='bbox 2600 3134 2924 3204; x_wconf 64' lang='lat' dir='ltr'><strong>smpe‘dictis</strong></span> <span class='ocrx_word' id='word_1_402' title='bbox 2958 3134 3225 3202; x_wconf 77' lang='lat' dir='ltr'><strong>factisque</strong></span> <span class='ocrx_word' id='word_1_403' title='bbox 3244 3132 3574 3193; x_wconf 88' lang='lat' dir='ltr'><strong>ostenderat,</strong></span> <span class='ocrx_word' id='word_1_404' title='bbox 3606 3127 3710 3197; x_wconf 81' lang='lat'><strong>19</strong></span> 
     </span>
    </p>
   </div>
   <div class='ocr_carea' id='block_1_55' title="bbox 437 3219 3708 3301">
    <p class='ocr_par' dir='ltr' id='par_1_55' title="bbox 437 3219 3708 3301">
     <span class='ocr_line' id='line_1_55' title="bbox 437 3219 3708 3301; baseline -0.001 -28"><span class='ocrx_word' id='word_1_405' title='bbox 437 3221 733 3274; x_wconf 85' lang='lat' dir='ltr'><strong>multorum</strong></span> <span class='ocrx_word' id='word_1_406' title='bbox 770 3222 1013 3289; x_wconf 87' lang='lat' dir='ltr'><strong>inquiete</strong></span> <span class='ocrx_word' id='word_1_407' title='bbox 1048 3221 1381 3277; x_wconf 90' lang='lat' dir='ltr'><strong>inhiantium</strong></span> <span class='ocrx_word' id='word_1_408' title='bbox 1423 3225 1711 3280; x_wconf 87' lang='lat' dir='ltr'><strong>mutationi</strong></span> <span class='ocrx_word' id='word_1_409' title='bbox 1736 3241 1800 3281; x_wconf 90' lang='lat' dir='ltr'><strong>ac</strong></span> <span class='ocrx_word' id='word_1_410' title='bbox 1830 3229 2021 3285; x_wconf 83' lang='lat' dir='ltr'><strong>turbis.</strong></span> <span class='ocrx_word' id='word_1_411' title='bbox 2052 3244 2093 3301; x_wconf 74' lang='grc' dir='ltr'>ο</span> <span class='ocrx_word' id='word_1_412' title='bbox 2127 3242 2353 3296; x_wconf 87' lang='lat' dir='ltr'><strong>sperans</strong></span> <span class='ocrx_word' id='word_1_413' title='bbox 2377 3228 2602 3294; x_wconf 86' lang='lat' dir='ltr'><strong>insuper</strong></span> <span class='ocrx_word' id='word_1_414' title='bbox 2635 3222 2965 3278; x_wconf 79' lang='lat' dir='ltr'><strong>exstiturum</strong></span> <span class='ocrx_word' id='word_1_415' title='bbox 3006 3238 3071 3276; x_wconf 78' lang='lat' dir='ltr'><strong>ex</strong></span> <span class='ocrx_word' id='word_1_416' title='bbox 3104 3221 3326 3292; x_wconf 82' lang='lat' dir='ltr'><strong>Josephi</strong></span> <span class='ocrx_word' id='word_1_417' title='bbox 3360 3219 3708 3275; x_wconf 69' lang='lat' dir='ltr'><strong>restitutione</strong></span> 
     </span>
    </p>
   </div>
   <div class='ocr_carea' id='block_1_56' title="bbox 398 3311 2024 3389">
    <p class='ocr_par' dir='ltr' id='par_1_56' title="bbox 398 3311 2024 3389">
     <span class='ocr_line' id='line_1_56' title="bbox 398 3311 2024 3389; baseline 0.005 -23"><span class='ocrx_word' id='word_1_418' title='bbox 398 3324 400 3327; x_wconf 79' lang='lat'>&#39;</span> <span class='ocrx_word' id='word_1_419' title='bbox 435 3311 744 3382; x_wconf 74' lang='lat' dir='ltr'><strong>Intelligere</strong></span> <span class='ocrx_word' id='word_1_420' title='bbox 774 3329 834 3368; x_wconf 88' lang='lat' dir='ltr'><strong>se</strong></span> <span class='ocrx_word' id='word_1_421' title='bbox 882 3314 1109 3368; x_wconf 78' lang='lat' dir='ltr'><strong>vocibus</strong></span> <span class='ocrx_word' id='word_1_422' title='bbox 1137 3314 1434 3370; x_wconf 88' lang='lat' dir='ltr'><strong>multorum</strong></span> <span class='ocrx_word' id='word_1_423' title='bbox 1483 3315 1696 3371; x_wconf 80' lang='lat' dir='ltr'><strong>eﬂ‘erari</strong></span> <span class='ocrx_word' id='word_1_424' title='bbox 1734 3318 2024 3389; x_wconf 57' lang='lat' dir='ltr'><strong>plerosque</strong></span> 
     </span>
    </p>
   </div>
   <div class='ocr_carea' id='block_1_57' title="bbox 437 3407 2025 3479">
    <p class='ocr_par' dir='ltr' id='par_1_57' title="bbox 437 3407 2025 3479">
     <span class='ocr_line' id='line_1_57' title="bbox 437 3407 2025 3479; baseline 0.006 -19"><span class='ocrx_word' id='word_1_425' title='bbox 437 3407 754 3463; x_wconf 84' lang='lat' dir='ltr'><strong>redactione</strong></span> <span class='ocrx_word' id='word_1_426' title='bbox 788 3408 842 3462; x_wconf 91' lang='lat' dir='ltr'><strong>in</strong></span> <span class='ocrx_word' id='word_1_427' title='bbox 872 3408 1121 3463; x_wconf 80' lang='lat' dir='ltr'><strong>ordinem</strong></span> <span class='ocrx_word' id='word_1_428' title='bbox 1144 3408 1393 3479; x_wconf 81' lang='lat' dir='ltr'><strong>Joscphi,</strong></span> <span class='ocrx_word' id='word_1_429' title='bbox 1424 3424 1588 3478; x_wconf 87' lang='lat' dir='ltr'><strong>quem</strong></span> <span class='ocrx_word' id='word_1_430' title='bbox 1618 3425 1807 3465; x_wconf 87' lang='lat' dir='ltr'><strong>verum</strong></span> <span class='ocrx_word' id='word_1_431' title='bbox 1842 3412 2025 3469; x_wconf 89' lang='lat' dir='ltr'><strong>adhuc</strong></span> 
     </span>
    </p>
   </div>
   <div class='ocr_carea' id='block_1_58' title="bbox 435 3500 2022 3575">
    <p class='ocr_par' dir='ltr' id='par_1_58' title="bbox 435 3500 2022 3575">
     <span class='ocr_line' id='line_1_58' title="bbox 435 3500 2022 3575; baseline 0.006 -24"><span class='ocrx_word' id='word_1_432' title='bbox 435 3516 558 3555; x_wconf 73' lang='lat' dir='ltr'><strong>esse</strong></span> <span class='ocrx_word' id='word_1_433' title='bbox 627 3500 999 3571; x_wconf 83' lang='lat' dir='ltr'><strong>patriarcham</strong></span> <span class='ocrx_word' id='word_1_434' title='bbox 1056 3510 1363 3563; x_wconf 88' lang='lat' dir='ltr'><strong>autumant,</strong></span> <span class='ocrx_word' id='word_1_435' title='bbox 1418 3511 1470 3556; x_wconf 88' lang='lat' dir='ltr'><strong>et</strong></span> <span class='ocrx_word' id='word_1_436' title='bbox 1502 3501 1554 3555; x_wconf 86' lang='lat' dir='ltr'><strong>vi</strong></span> <span class='ocrx_word' id='word_1_437' title='bbox 1608 3502 1763 3558; x_wconf 89' lang='lat' dir='ltr'><strong>aiunt</strong></span> <span class='ocrx_word' id='word_1_438' title='bbox 1817 3504 2022 3575; x_wconf 88' lang='lat' dir='ltr'><strong>injusta</strong></span> 
     </span>
    </p>
   </div>
   <div class='ocr_carea' id='block_1_59' title="bbox 436 3594 2024 3667">
    <p class='ocr_par' dir='ltr' id='par_1_59' title="bbox 436 3594 2024 3667">
     <span class='ocr_line' id='line_1_59' title="bbox 436 3594 2024 3667; baseline 0.003 -19"><span class='ocrx_word' id='word_1_439' title='bbox 436 3594 720 3664; x_wconf 86' lang='lat' dir='ltr'><strong>prohiberi</strong></span> <span class='ocrx_word' id='word_1_440' title='bbox 762 3595 830 3648; x_wconf 90' lang='lat' dir='ltr'><strong>ab</strong></span> <span class='ocrx_word' id='word_1_441' title='bbox 876 3594 1185 3649; x_wconf 85' lang='lat' dir='ltr'><strong>exercendo</strong></span> <span class='ocrx_word' id='word_1_442' title='bbox 1227 3594 1488 3650; x_wconf 58' lang='lat' dir='ltr'><strong>Ecclesiae</strong></span> <span class='ocrx_word' id='word_1_443' title='bbox 1537 3596 1840 3667; x_wconf 81' lang='lat' dir='ltr'><strong>regimine;</strong></span> <span class='ocrx_word' id='word_1_444' title='bbox 1880 3596 2024 3652; x_wconf 88' lang='lat' dir='ltr'><strong>unde</strong></span> 
     </span>
    </p>
   </div>
   <div class='ocr_carea' id='block_1_60' title="bbox 437 3688 2021 3756">
    <p class='ocr_par' dir='ltr' id='par_1_60' title="bbox 437 3688 2021 3756">
     <span class='ocr_line' id='line_1_60' title="bbox 437 3688 2021 3756; baseline 0.003 -18"><span class='ocrx_word' id='word_1_445' title='bbox 437 3696 619 3743; x_wconf 81' lang='lat' dir='ltr'><strong>ortum</strong></span> <span class='ocrx_word' id='word_1_446' title='bbox 646 3690 993 3742; x_wconf 80' lang='lat' dir='ltr'><strong>contendunt</strong></span> <span class='ocrx_word' id='word_1_447' title='bbox 1024 3688 1169 3756; x_wconf 89' lang='lat' dir='ltr'><strong>quod</strong></span> <span class='ocrx_word' id='word_1_448' title='bbox 1208 3702 1383 3756; x_wconf 87' lang='lat' dir='ltr'><strong>nuper</strong></span> <span class='ocrx_word' id='word_1_449' title='bbox 1413 3688 1627 3742; x_wconf 78' lang='lat' dir='ltr'><strong>exstitit</strong></span> <span class='ocrx_word' id='word_1_450' title='bbox 1660 3689 1978 3744; x_wconf 85' lang='lat' dir='ltr'><strong>scandalum</strong></span> <span class='ocrx_word' id='word_1_451' title='bbox 2007 3730 2021 3756; x_wconf 91' lang='lat'><strong>,</strong></span> 
     </span>
    </p>
   </div>
   <div class='ocr_carea' id='block_1_61' title="bbox 440 3779 2020 3848">
    <p class='ocr_par' dir='ltr' id='par_1_61' title="bbox 440 3779 2020 3848">
     <span class='ocr_line' id='line_1_61' title="bbox 440 3779 2020 3848; baseline 0.001 -15"><span class='ocrx_word' id='word_1_452' title='bbox 440 3779 860 3848; x_wconf 85' lang='lat' dir='ltr'><strong>tranquillitate,</strong></span> <span class='ocrx_word' id='word_1_453' title='bbox 918 3780 962 3832; x_wconf 90' lang='lat' dir='ltr'><strong>si</strong></span> <span class='ocrx_word' id='word_1_454' title='bbox 1030 3780 1231 3833; x_wconf 89' lang='lat' dir='ltr'><strong>throno</strong></span> <span class='ocrx_word' id='word_1_455' title='bbox 1292 3780 1381 3835; x_wconf 91' lang='lat' dir='ltr'><strong>ille</strong></span> <span class='ocrx_word' id='word_1_456' title='bbox 1441 3781 1785 3847; x_wconf 85' lang='lat' dir='ltr'><strong>restituatur,</strong></span> <span class='ocrx_word' id='word_1_457' title='bbox 1839 3784 2020 3836; x_wconf 86' lang='lat' dir='ltr'><strong>statim</strong></span> 
     </span>
    </p>
   </div>
   <div class='ocr_carea' id='block_1_62' title="bbox 437 3870 2024 3931">
    <p class='ocr_par' dir='ltr' id='par_1_62' title="bbox 437 3870 2024 3931">
     <span class='ocr_line' id='line_1_62' title="bbox 437 3870 2024 3931; baseline 0.003 -8"><span class='ocrx_word' id='word_1_458' title='bbox 437 3874 588 3927; x_wconf 73' lang='lat' dir='ltr'><strong>ultro</strong></span> <span class='ocrx_word' id='word_1_459' title='bbox 621 3874 882 3928; x_wconf 83' lang='lat' dir='ltr'><strong>reditura.</strong></span> <span class='ocrx_word' id='word_1_460' title='bbox 926 3870 1076 3926; x_wconf 89' lang='lat' dir='ltr'><strong>llaud</strong></span> <span class='ocrx_word' id='word_1_461' title='bbox 1134 3874 1238 3929; x_wconf 86' lang='lat' dir='ltr'><strong>sibi</strong></span> <span class='ocrx_word' id='word_1_462' title='bbox 1292 3889 1413 3929; x_wconf 83' lang='lat' dir='ltr'><strong>esse</strong></span> <span class='ocrx_word' id='word_1_463' title='bbox 1467 3884 1649 3930; x_wconf 91' lang='lat' dir='ltr'><strong>tutum</strong></span> <span class='ocrx_word' id='word_1_464' title='bbox 1703 3877 1760 3931; x_wconf 92' lang='lat' dir='ltr'><strong>in</strong></span> <span class='ocrx_word' id='word_1_465' title='bbox 1816 3877 2024 3930; x_wconf 82' lang='lat' dir='ltr'><strong>teneris</strong></span> 
     </span>
    </p>
   </div>
   <div class='ocr_carea' id='block_1_63' title="bbox 440 3962 2026 4034">
    <p class='ocr_par' dir='ltr' id='par_1_63' title="bbox 440 3962 2026 4034">
     <span class='ocr_line' id='line_1_63' title="bbox 440 3962 2026 4034; baseline 0.001 -19"><span class='ocrx_word' id='word_1_466' title='bbox 440 3962 617 4018; x_wconf 88' lang='lat' dir='ltr'><strong>initiis</strong></span> <span class='ocrx_word' id='word_1_467' title='bbox 649 3962 864 4032; x_wconf 90' lang='lat' dir='ltr'><strong>imperii</strong></span> <span class='ocrx_word' id='word_1_468' title='bbox 895 3962 1170 4034; x_wconf 81' lang='lat' dir='ltr'><strong>negligere</strong></span> <span class='ocrx_word' id='word_1_469' title='bbox 1203 3971 1283 4017; x_wconf 91' lang='lat' dir='ltr'><strong>tot</strong></span> <span class='ocrx_word' id='word_1_470' title='bbox 1315 3963 1546 4018; x_wconf 90' lang='lat' dir='ltr'><strong>istorum</strong></span> <span class='ocrx_word' id='word_1_471' title='bbox 1577 3980 1640 4018; x_wconf 91' lang='lat' dir='ltr'><strong>ac</strong></span> <span class='ocrx_word' id='word_1_472' title='bbox 1688 3974 1793 4019; x_wconf 87' lang='lat' dir='ltr'><strong>tam</strong></span> <span class='ocrx_word' id='word_1_473' title='bbox 1833 3973 2026 4033; x_wconf 84' lang='lat' dir='ltr'><strong>poten-</strong></span> 
     </span>
    </p>
   </div>
   <div class='ocr_carea' id='block_1_64' title="bbox 444 4055 2021 4125">
    <p class='ocr_par' dir='ltr' id='par_1_64' title="bbox 444 4055 2021 4125">
     <span class='ocr_line' id='line_1_64' title="bbox 444 4055 2021 4125; baseline 0 -17"><span class='ocrx_word' id='word_1_474' title='bbox 444 4065 562 4109; x_wconf 87' lang='lat' dir='ltr'><strong>tum</strong></span> <span class='ocrx_word' id='word_1_475' title='bbox 603 4055 782 4110; x_wconf 84' lang='lat' dir='ltr'><strong>minas</strong></span> <span class='ocrx_word' id='word_1_476' title='bbox 814 4067 1213 4125; x_wconf 87' lang='lat' dir='ltr'><strong>apparatusque</strong></span> <span class='ocrx_word' id='word_1_477' title='bbox 1256 4056 1585 4110; x_wconf 78' lang='lat' dir='ltr'><strong>novitalum.</strong></span> <span class='ocrx_word' id='word_1_478' title='bbox 1621 4055 2021 4111; x_wconf 81' lang='lat' dir='ltr'><strong>Exarmandam</strong></span> 
     </span>
    </p>
   </div>
   <div class='ocr_carea' id='block_1_65' title="bbox 440 4146 2018 4220">
    <p class='ocr_par' dir='ltr' id='par_1_65' title="bbox 440 4146 2018 4220">
     <span class='ocr_line' id='line_1_65' title="bbox 440 4146 2018 4220; baseline -0.001 -18"><span class='ocrx_word' id='word_1_479' title='bbox 440 4148 546 4203; x_wconf 88' lang='lat' dir='ltr'><strong>sibi</strong></span> <span class='ocrx_word' id='word_1_480' title='bbox 576 4163 700 4204; x_wconf 88' lang='lat' dir='ltr'><strong>esse</strong></span> <span class='ocrx_word' id='word_1_481' title='bbox 726 4146 1019 4203; x_wconf 74' lang='lat' dir='ltr'><strong>factionem</strong></span> <span class='ocrx_word' id='word_1_482' title='bbox 1066 4146 1341 4204; x_wconf 90' lang='lat' dir='ltr'><strong>demendo</strong></span> <span class='ocrx_word' id='word_1_483' title='bbox 1380 4158 1653 4220; x_wconf 80' lang='lat' dir='ltr'><strong>praetextu</strong></span> <span class='ocrx_word' id='word_1_484' title='bbox 1687 4148 1973 4203; x_wconf 90' lang='lat' dir='ltr'><strong>schismati</strong></span> <span class='ocrx_word' id='word_1_485' title='bbox 2004 4188 2018 4212; x_wconf 92' lang='lat'><strong>,</strong></span> 
     </span>
    </p>
   </div>
   <div class='ocr_carea' id='block_1_66' title="bbox 440 4241 2024 4312">
    <p class='ocr_par' dir='ltr' id='par_1_66' title="bbox 440 4241 2024 4312">
     <span class='ocr_line' id='line_1_66' title="bbox 440 4241 2024 4312; baseline -0.001 -15"><span class='ocrx_word' id='word_1_486' title='bbox 440 4243 486 4297; x_wconf 90' lang='lat' dir='ltr'><strong>si</strong></span> <span class='ocrx_word' id='word_1_487' title='bbox 514 4242 820 4312; x_wconf 89' lang='lat' dir='ltr'><strong>periculum</strong></span> <span class='ocrx_word' id='word_1_488' title='bbox 855 4242 1341 4312; x_wconf 63' lang='lat' dir='ltr'><strong>praesentissimum</strong></span> <span class='ocrx_word' id='word_1_489' title='bbox 1367 4241 1648 4297; x_wconf 88' lang='lat' dir='ltr'><strong>amittendi</strong></span> <span class='ocrx_word' id='word_1_490' title='bbox 1680 4242 2024 4311; x_wconf 86' lang='lat' dir='ltr'><strong>principatus</strong></span> 
     </span>
    </p>
   </div>
   <div class='ocr_carea' id='block_1_67' title="bbox 440 4333 2024 4406">
    <p class='ocr_par' dir='ltr' id='par_1_67' title="bbox 440 4333 2024 4406">
     <span class='ocr_line' id='line_1_67' title="bbox 440 4333 2024 4406; baseline 0.001 -20"><span class='ocrx_word' id='word_1_491' title='bbox 440 4336 579 4389; x_wconf 82' lang='lat' dir='ltr'><strong>velit</strong></span> <span class='ocrx_word' id='word_1_492' title='bbox 633 4335 893 4406; x_wconf 74' lang='lat' dir='ltr'><strong>etingere.</strong></span> <span class='ocrx_word' id='word_1_493' title='bbox 965 4333 1134 4388; x_wconf 85' lang='lat' dir='ltr'><strong>Plane</strong></span> <span class='ocrx_word' id='word_1_494' title='bbox 1194 4334 1472 4389; x_wconf 81' lang='lat' dir='ltr'><strong>confidere</strong></span> <span class='ocrx_word' id='word_1_495' title='bbox 1502 4350 1562 4390; x_wconf 88' lang='lat' dir='ltr'><strong>se</strong></span> <span class='ocrx_word' id='word_1_496' title='bbox 1610 4349 1676 4388; x_wconf 80' lang='lat' dir='ltr'><strong>ex</strong></span> <span class='ocrx_word' id='word_1_497' title='bbox 1738 4340 2024 4403; x_wconf 72' lang='lat' dir='ltr'><strong>perspecta</strong></span> 
     </span>
    </p>
   </div>
   <div class='ocr_carea' id='block_1_68' title="bbox 439 4424 2023 4495">
    <p class='ocr_par' dir='ltr' id='par_1_68' title="bbox 439 4424 2023 4495">
     <span class='ocr_line' id='line_1_68' title="bbox 439 4424 2023 4495; baseline -0.003 -14"><span class='ocrx_word' id='word_1_498' title='bbox 439 4425 671 4481; x_wconf 86' lang='lat' dir='ltr'><strong>Joannis</strong></span> <span class='ocrx_word' id='word_1_499' title='bbox 704 4424 757 4479; x_wconf 92' lang='lat' dir='ltr'><strong>in</strong></span> <span class='ocrx_word' id='word_1_500' title='bbox 806 4439 927 4480; x_wconf 78' lang='lat' dir='ltr'><strong>sese</strong></span> <span class='ocrx_word' id='word_1_501' title='bbox 976 4425 1287 4489; x_wconf 84' lang='lat' dir='ltr'><strong>charitate,</strong></span> <span class='ocrx_word' id='word_1_502' title='bbox 1340 4434 1586 4495; x_wconf 85' lang='lat' dir='ltr'><strong>paratum</strong></span> <span class='ocrx_word' id='word_1_503' title='bbox 1634 4440 1758 4478; x_wconf 90' lang='lat' dir='ltr'><strong>eum</strong></span> <span class='ocrx_word' id='word_1_504' title='bbox 1797 4439 1894 4494; x_wconf 90' lang='lat' dir='ltr'><strong>pro</strong></span> <span class='ocrx_word' id='word_1_505' title='bbox 1926 4440 2023 4477; x_wconf 89' lang='lat' dir='ltr'><strong>sua</strong></span> 
     </span>
    </p>
   </div>
   <div class='ocr_carea' id='block_1_69' title="bbox 440 4517 2023 4589">
    <p class='ocr_par' dir='ltr' id='par_1_69' title="bbox 440 4517 2023 4589">
     <span class='ocr_line' id='line_1_69' title="bbox 440 4517 2023 4589; baseline -0.003 -15"><span class='ocrx_word' id='word_1_506' title='bbox 440 4520 792 4589; x_wconf 86' lang='lat' dir='ltr'><strong>imperatoris</strong></span> <span class='ocrx_word' id='word_1_507' title='bbox 823 4518 1082 4572; x_wconf 79' lang='lat' dir='ltr'><strong>incolumi</strong></span> <span class='ocrx_word' id='word_1_508' title='bbox 1120 4518 1417 4573; x_wconf 85' lang='lat' dir='ltr'><strong>securitate</strong></span> <span class='ocrx_word' id='word_1_509' title='bbox 1448 4532 1559 4573; x_wconf 89' lang='lat' dir='ltr'><strong>non</strong></span> <span class='ocrx_word' id='word_1_510' title='bbox 1595 4518 1759 4571; x_wconf 93' lang='lat' dir='ltr'><strong>modo</strong></span> <span class='ocrx_word' id='word_1_511' title='bbox 1790 4517 2023 4586; x_wconf 82' lang='lat' dir='ltr'><strong>patriar-</strong></span> 
     </span>
    </p>
   </div>
   <div class='ocr_carea' id='block_1_70' title="bbox 441 4611 2026 4682">
    <p class='ocr_par' dir='ltr' id='par_1_70' title="bbox 441 4611 2026 4682">
     <span class='ocr_line' id='line_1_70' title="bbox 441 4611 2026 4682; baseline -0.001 -19"><span class='ocrx_word' id='word_1_512' title='bbox 441 4611 656 4666; x_wconf 82' lang='lat' dir='ltr'><strong>chalem</strong></span> <span class='ocrx_word' id='word_1_513' title='bbox 693 4613 888 4680; x_wconf 68' lang='lat' dir='ltr'><strong>pacisci</strong></span> <span class='ocrx_word' id='word_1_514' title='bbox 915 4612 1259 4682; x_wconf 82' lang='lat' dir='ltr'><strong>dignitatem,</strong></span> <span class='ocrx_word' id='word_1_515' title='bbox 1284 4616 1377 4666; x_wconf 88' lang='lat' dir='ltr'><strong>sed</strong></span> <span class='ocrx_word' id='word_1_516' title='bbox 1414 4611 1576 4666; x_wconf 82' lang='lat' dir='ltr'><strong>vitam</strong></span> <span class='ocrx_word' id='word_1_517' title='bbox 1605 4624 1824 4680; x_wconf 88' lang='lat' dir='ltr'><strong>quoque</strong></span> <span class='ocrx_word' id='word_1_518' title='bbox 1852 4612 2026 4679; x_wconf 89' lang='lat' dir='ltr'><strong>ipsam</strong></span> 
     </span>
    </p>
   </div>
   <div class='ocr_carea' id='block_1_71' title="bbox 440 4687 2031 4776">
    <p class='ocr_par' dir='ltr' id='par_1_71' title="bbox 440 4687 2031 4776">
     <span class='ocr_line' id='line_1_71' title="bbox 440 4687 2031 4776; baseline -0.003 -18"><span class='ocrx_word' id='word_1_519' title='bbox 440 4687 799 4775; x_wconf 74' lang='lat' dir='ltr'><strong>profundere.</strong></span> <span class='ocrx_word' id='word_1_520' title='bbox 818 4705 933 4759; x_wconf 83' lang='lat' dir='ltr'><strong>Nec</strong></span> <span class='ocrx_word' id='word_1_521' title='bbox 954 4720 1081 4759; x_wconf 88' lang='lat' dir='ltr'><strong>vero</strong></span> <span class='ocrx_word' id='word_1_522' title='bbox 1104 4720 1248 4776; x_wconf 62' lang='lat' dir='ltr'><strong>aegre</strong></span> <span class='ocrx_word' id='word_1_523' title='bbox 1270 4704 1414 4759; x_wconf 88' lang='lat' dir='ltr'><strong>ferre</strong></span> <span class='ocrx_word' id='word_1_524' title='bbox 1428 4711 1524 4758; x_wconf 91' lang='lat' dir='ltr'><strong>aut</strong></span> <span class='ocrx_word' id='word_1_525' title='bbox 1542 4702 1811 4772; x_wconf 84' lang='lat' dir='ltr'><strong>indignari</strong></span> <span class='ocrx_word' id='word_1_526' title='bbox 1832 4702 2031 4757; x_wconf 83' lang='lat' dir='ltr'><strong>debere</strong></span> 
     </span>
    </p>
   </div>
   <div class='ocr_carea' id='block_1_72' title="bbox 441 4795 2031 4868">
    <p class='ocr_par' dir='ltr' id='par_1_72' title="bbox 441 4795 2031 4868">
     <span class='ocr_line' id='line_1_72' title="bbox 441 4795 2031 4868; baseline -0.003 -15"><span class='ocrx_word' id='word_1_527' title='bbox 441 4799 622 4864; x_wconf 55' lang='lat' dir='ltr'><strong>ipsum</strong></span> <span class='ocrx_word' id='word_1_528' title='bbox 652 4799 796 4868; x_wconf 88' lang='lat' dir='ltr'><strong>quod</strong></span> <span class='ocrx_word' id='word_1_529' title='bbox 828 4808 933 4852; x_wconf 88' lang='lat' dir='ltr'><strong>tam</strong></span> <span class='ocrx_word' id='word_1_530' title='bbox 961 4799 1291 4854; x_wconf 84' lang='lat' dir='ltr'><strong>necessariis</strong></span> <span class='ocrx_word' id='word_1_531' title='bbox 1309 4799 1378 4853; x_wconf 90' lang='lat' dir='ltr'><strong>de</strong></span> <span class='ocrx_word' id='word_1_532' title='bbox 1401 4799 1580 4852; x_wconf 87' lang='lat' dir='ltr'><strong>causis</strong></span> <span class='ocrx_word' id='word_1_533' title='bbox 1608 4798 1808 4851; x_wconf 88' lang='lat' dir='ltr'><strong>throno</strong></span> <span class='ocrx_word' id='word_1_534' title='bbox 1833 4795 2031 4850; x_wconf 78' lang='lat' dir='ltr'><strong>tantis—</strong></span> 
     </span>
    </p>
   </div>
   <div class='ocr_carea' id='block_1_73' title="bbox 440 4891 2030 4965">
    <p class='ocr_par' dir='ltr' id='par_1_73' title="bbox 440 4891 2030 4965">
     <span class='ocr_line' id='line_1_73' title="bbox 440 4891 2030 4965; baseline -0.003 -17"><span class='ocrx_word' id='word_1_535' title='bbox 440 4910 542 4964; x_wconf 83' lang='lat' dir='ltr'><strong>per</strong></span> <span class='ocrx_word' id='word_1_536' title='bbox 569 4895 766 4950; x_wconf 87' lang='lat' dir='ltr'><strong>cedere</strong></span> <span class='ocrx_word' id='word_1_537' title='bbox 787 4904 1050 4965; x_wconf 78' lang='lat' dir='ltr'><strong>cogatur:</strong></span> <span class='ocrx_word' id='word_1_538' title='bbox 1094 4893 1182 4949; x_wconf 90' lang='lat' dir='ltr'><strong>cui</strong></span> <span class='ocrx_word' id='word_1_539' title='bbox 1224 4893 1415 4963; x_wconf 89' lang='lat' dir='ltr'><strong>utique</strong></span> <span class='ocrx_word' id='word_1_540' title='bbox 1446 4893 1742 4962; x_wconf 86' lang='lat' dir='ltr'><strong>imperator</strong></span> <span class='ocrx_word' id='word_1_541' title='bbox 1766 4891 2030 4960; x_wconf 81' lang='lat' dir='ltr'><strong>spondeat</strong></span> 
     </span>
    </p>
   </div>
   <div class='ocr_carea' id='block_1_74' title="bbox 446 4981 2033 5059">
    <p class='ocr_par' dir='ltr' id='par_1_74' title="bbox 446 4981 2033 5059">
     <span class='ocr_line' id='line_1_74' title="bbox 446 4981 2033 5059; baseline -0.006 -17"><span class='ocrx_word' id='word_1_542' title='bbox 446 4987 562 5059; x_wconf 90' lang='lat' dir='ltr'><strong>pari</strong></span> <span class='ocrx_word' id='word_1_543' title='bbox 597 4988 740 5056; x_wconf 86' lang='lat' dir='ltr'><strong>apud</strong></span> <span class='ocrx_word' id='word_1_544' title='bbox 771 5002 829 5043; x_wconf 89' lang='lat' dir='ltr'><strong>se</strong></span> <span class='ocrx_word' id='word_1_545' title='bbox 862 4988 1050 5057; x_wconf 80' lang='lat' dir='ltr'><strong>gratiae</strong></span> <span class='ocrx_word' id='word_1_546' title='bbox 1083 4986 1203 5042; x_wconf 89' lang='lat' dir='ltr'><strong>loco</strong></span> <span class='ocrx_word' id='word_1_547' title='bbox 1232 5002 1298 5041; x_wconf 84' lang='lat' dir='ltr'><strong>ac</strong></span> <span class='ocrx_word' id='word_1_548' title='bbox 1345 4985 1533 5056; x_wconf 88' lang='lat' dir='ltr'><strong>prius,</strong></span> <span class='ocrx_word' id='word_1_549' title='bbox 1590 4983 1711 5052; x_wconf 84' lang='lat' dir='ltr'><strong>pari</strong></span> <span class='ocrx_word' id='word_1_550' title='bbox 1753 4981 2033 5035; x_wconf 80' lang='lat' dir='ltr'><strong>existima-</strong></span> 
     </span>
    </p>
   </div>
   <div class='ocr_carea' id='block_1_75' title="bbox 446 5073 2027 5155">
    <p class='ocr_par' dir='ltr' id='par_1_75' title="bbox 446 5073 2027 5155">
     <span class='ocr_line' id='line_1_75' title="bbox 446 5073 2027 5155; baseline -0.008 -19"><span class='ocrx_word' id='word_1_551' title='bbox 446 5084 595 5138; x_wconf 88' lang='lat' dir='ltr'><strong>tione</strong></span> <span class='ocrx_word' id='word_1_552' title='bbox 626 5096 690 5136; x_wconf 85' lang='lat' dir='ltr'><strong>ac</strong></span> <span class='ocrx_word' id='word_1_553' title='bbox 721 5082 1037 5155; x_wconf 74' lang='lat' dir='ltr'><strong>dignatione</strong></span> <span class='ocrx_word' id='word_1_554' title='bbox 1067 5080 1317 5142; x_wconf 85' lang='lat' dir='ltr'><strong>honoris,</strong></span> <span class='ocrx_word' id='word_1_555' title='bbox 1349 5078 1439 5132; x_wconf 92' lang='lat' dir='ltr'><strong>ubi</strong></span> <span class='ocrx_word' id='word_1_556' title='bbox 1470 5076 1539 5131; x_wconf 88' lang='lat' dir='ltr'><strong>ad</strong></span> <span class='ocrx_word' id='word_1_557' title='bbox 1572 5076 1735 5130; x_wconf 88' lang='lat' dir='ltr'><strong>vitam</strong></span> <span class='ocrx_word' id='word_1_558' title='bbox 1764 5073 2027 5141; x_wconf 86' lang='lat' dir='ltr'><strong>privatam</strong></span> 
     </span>
    </p>
   </div>
   <div class='ocr_carea' id='block_1_76' title="bbox 444 5162 2029 5242">
    <p class='ocr_par' dir='ltr' id='par_1_76' title="bbox 444 5162 2029 5242">
     <span class='ocr_line' id='line_1_76' title="bbox 444 5162 2029 5242; baseline -0.009 -11"><span class='ocrx_word' id='word_1_559' title='bbox 444 5175 678 5233; x_wconf 72' lang='lat' dir='ltr'><strong>redierit</strong></span> <span class='ocrx_word' id='word_1_560' title='bbox 708 5176 988 5242; x_wconf 87' lang='lat' dir='ltr'><strong>futurum,</strong></span> <span class='ocrx_word' id='word_1_561' title='bbox 1032 5184 1308 5242; x_wconf 84' lang='lat' dir='ltr'><strong>utcunque</strong></span> <span class='ocrx_word' id='word_1_562' title='bbox 1333 5162 1472 5225; x_wconf 70' lang='lat' dir='ltr'><strong>alius</strong></span> <span class='ocrx_word' id='word_1_563' title='bbox 1512 5183 1611 5238; x_wconf 84' lang='lat' dir='ltr'><strong>pro</strong></span> <span class='ocrx_word' id='word_1_564' title='bbox 1658 5181 1724 5220; x_wconf 92' lang='lat' dir='ltr'><strong>eo</strong></span> <span class='ocrx_word' id='word_1_565' title='bbox 1772 5163 2029 5220; x_wconf 75' lang='lat' dir='ltr'><strong>Ecclesia:</strong></span> 
     </span>
    </p>
   </div>
   <div class='ocr_carea' id='block_1_77' title="bbox 444 5256 2036 5341">
    <p class='ocr_par' dir='ltr' id='par_1_77' title="bbox 444 5256 2036 5341">
     <span class='ocr_line' id='line_1_77' title="bbox 444 5256 2036 5341; baseline -0.011 -16"><span class='ocrx_word' id='word_1_566' title='bbox 444 5271 829 5341; x_wconf 63' lang='lat' dir='ltr'><strong>praefecturam</strong></span> <span class='ocrx_word' id='word_1_567' title='bbox 879 5277 1054 5339; x_wconf 80' lang='lat' dir='ltr'><strong>gerat.</strong></span> <span class='ocrx_word' id='word_1_568' title='bbox 1086 5265 1213 5320; x_wconf 64' lang='lat' dir='ltr'><strong>llazc</strong></span> <span class='ocrx_word' id='word_1_569' title='bbox 1248 5279 1347 5332; x_wconf 86' lang='lat' dir='ltr'><strong>per</strong></span> <span class='ocrx_word' id='word_1_570' title='bbox 1378 5259 1854 5330; x_wconf 82' lang='lat' dir='ltr'><strong>chartophylaccm</strong></span> <span class='ocrx_word' id='word_1_571' title='bbox 1887 5256 2036 5311; x_wconf 84' lang='lat' dir='ltr'><strong>Meli-</strong></span> 
     </span>
    </p>
   </div>
   <div class='ocr_carea' id='block_1_78' title="bbox 448 5350 2033 5425">
    <p class='ocr_par' dir='ltr' id='par_1_78' title="bbox 448 5350 2033 5425">
     <span class='ocr_line' id='line_1_78' title="bbox 448 5350 2033 5425; baseline -0.009 -8"><span class='ocrx_word' id='word_1_572' title='bbox 448 5364 714 5419; x_wconf 87' lang='lat' dir='ltr'><strong>teniotem</strong></span> <span class='ocrx_word' id='word_1_573' title='bbox 748 5372 804 5416; x_wconf 88' lang='lat' dir='ltr'><strong>et</strong></span> <span class='ocrx_word' id='word_1_574' title='bbox 831 5359 1279 5415; x_wconf 83' lang='lat' dir='ltr'><strong>archidiaconum</strong></span> <span class='ocrx_word' id='word_1_575' title='bbox 1312 5354 1475 5425; x_wconf 85' lang='lat' dir='ltr'><strong>jussit</strong></span> <span class='ocrx_word' id='word_1_576' title='bbox 1522 5350 1871 5406; x_wconf 85' lang='lat' dir='ltr'><strong>Andronicus</strong></span> <span class='ocrx_word' id='word_1_577' title='bbox 1908 5364 1938 5402; x_wconf 90' lang='lat' dir='ltr'><strong>a</strong></span> <span class='ocrx_word' id='word_1_578' title='bbox 1974 5363 2033 5403; x_wconf 87' lang='lat' dir='ltr'><strong>se</strong></span> 
     </span>
    </p>
   </div>
   <div class='ocr_carea' id='block_1_79' title="bbox 448 5443 2031 5516">
    <p class='ocr_par' dir='ltr' id='par_1_79' title="bbox 448 5443 2031 5516">
     <span class='ocr_line' id='line_1_79' title="bbox 448 5443 2031 5516; baseline -0.009 -7"><span class='ocrx_word' id='word_1_579' title='bbox 448 5454 755 5509; x_wconf 82' lang='lat' dir='ltr'><strong>renuntiari</strong></span> <span class='ocrx_word' id='word_1_580' title='bbox 802 5452 1002 5516; x_wconf 82' lang='lat' dir='ltr'><strong>Vecco,</strong></span> <span class='ocrx_word' id='word_1_581' title='bbox 1056 5448 1291 5503; x_wconf 85' lang='lat' dir='ltr'><strong>sollicite</strong></span> <span class='ocrx_word' id='word_1_582' title='bbox 1329 5443 1715 5500; x_wconf 88' lang='lat' dir='ltr'><strong>necessitatem</strong></span> <span class='ocrx_word' id='word_1_583' title='bbox 1759 5457 2031 5498; x_wconf 76' lang='lat' dir='ltr'><strong>excusans</strong></span> 
     </span>
    </p>
   </div>
   <div class='ocr_carea' id='block_1_80' title="bbox 450 5534 2034 5615">
    <p class='ocr_par' dir='ltr' id='par_1_80' title="bbox 450 5534 2034 5615">
     <span class='ocr_line' id='line_1_80' title="bbox 450 5534 2034 5615; baseline -0.011 -14"><span class='ocrx_word' id='word_1_584' title='bbox 450 5561 572 5615; x_wconf 75' lang='lat' dir='ltr'><strong>qum</strong></span> <span class='ocrx_word' id='word_1_585' title='bbox 608 5544 708 5608; x_wconf 83' lang='lat' dir='ltr'><strong>ipsi</strong></span> <span class='ocrx_word' id='word_1_586' title='bbox 742 5544 847 5597; x_wconf 89' lang='lat' dir='ltr'><strong>tale</strong></span> <span class='ocrx_word' id='word_1_587' title='bbox 873 5541 1188 5603; x_wconf 87' lang='lat' dir='ltr'><strong>consilium,</strong></span> <span class='ocrx_word' id='word_1_588' title='bbox 1217 5547 1278 5592; x_wconf 86' lang='lat' dir='ltr'><strong>ut</strong></span> <span class='ocrx_word' id='word_1_589' title='bbox 1305 5536 1520 5601; x_wconf 83' lang='lat' dir='ltr'><strong>aiebat,</strong></span> <span class='ocrx_word' id='word_1_590' title='bbox 1556 5543 1905 5605; x_wconf 85' lang='lat' dir='ltr'><strong>extorqueret</strong></span> <span class='ocrx_word' id='word_1_591' title='bbox 1952 5534 2034 5585; x_wconf 83' lang='lat' dir='ltr'><strong>in-</strong></span> 
     </span>
    </p>
   </div>
   <div class='ocr_carea' id='block_1_81' title="bbox 450 5626 2029 5698">
    <p class='ocr_par' dir='ltr' id='par_1_81' title="bbox 450 5626 2029 5698">
     <span class='ocr_line' id='line_1_81' title="bbox 450 5626 2029 5698; baseline -0.008 -10"><span class='ocrx_word' id='word_1_592' title='bbox 450 5636 743 5690; x_wconf 68' lang='lat' dir='ltr'><strong>v&#39;tissimo.</strong></span> <span class='ocrx_word' id='word_1_593' title='bbox 799 5632 1021 5686; x_wconf 87' lang='lat' dir='ltr'><strong>interim</strong></span> <span class='ocrx_word' id='word_1_594' title='bbox 1070 5629 1186 5698; x_wconf 87' lang='lat' dir='ltr'><strong>ipse</strong></span> <span class='ocrx_word' id='word_1_595' title='bbox 1221 5639 1474 5697; x_wconf 77' lang='lat' dir='ltr'><strong>magnam</strong></span> <span class='ocrx_word' id='word_1_596' title='bbox 1526 5626 1766 5681; x_wconf 90' lang='lat' dir='ltr'><strong>noctium</strong></span> <span class='ocrx_word' id='word_1_597' title='bbox 1820 5632 2029 5695; x_wconf 89' lang='lat' dir='ltr'><strong>partem</strong></span> 
     </span>
    </p>
   </div>
   <div class='ocr_carea' id='block_1_82' title="bbox 453 5717 2030 5794">
    <p class='ocr_par' dir='ltr' id='par_1_82' title="bbox 453 5717 2030 5794">
     <span class='ocr_line' id='line_1_82' title="bbox 453 5717 2030 5794; baseline -0.008 -14"><span class='ocrx_word' id='word_1_598' title='bbox 453 5742 578 5780; x_wconf 89' lang='lat' dir='ltr'><strong>cum</strong></span> <span class='ocrx_word' id='word_1_599' title='bbox 625 5725 867 5794; x_wconf 78' lang='lat' dir='ltr'><strong>Josepho</strong></span> <span class='ocrx_word' id='word_1_600' title='bbox 910 5731 966 5777; x_wconf 89' lang='lat' dir='ltr'><strong>et</strong></span> <span class='ocrx_word' id='word_1_601' title='bbox 1012 5721 1131 5786; x_wconf 82' lang='lat' dir='ltr'><strong>eius</strong></span> <span class='ocrx_word' id='word_1_602' title='bbox 1180 5719 1447 5777; x_wconf 85' lang='lat' dir='ltr'><strong>studiosis</strong></span> <span class='ocrx_word' id='word_1_603' title='bbox 1478 5719 1807 5789; x_wconf 76' lang='lat' dir='ltr'><strong>transigens,</strong></span> <span class='ocrx_word' id='word_1_604' title='bbox 1838 5717 2030 5772; x_wconf 86' lang='lat' dir='ltr'><strong>sedulo</strong></span> 
     </span>
    </p>
   </div>
   <div class='ocr_carea' id='block_1_83' title="bbox 457 5807 2026 5882">
    <p class='ocr_par' dir='ltr' id='par_1_83' title="bbox 457 5807 2026 5882">
     <span class='ocr_line' id='line_1_83' title="bbox 457 5807 2026 5882; baseline -0.004 -15"><span class='ocrx_word' id='word_1_605' title='bbox 457 5815 798 5870; x_wconf 83' lang='lat' dir='ltr'><strong>consultabat</strong></span> <span class='ocrx_word' id='word_1_606' title='bbox 827 5827 932 5882; x_wconf 89' lang='lat' dir='ltr'><strong>qua</strong></span> <span class='ocrx_word' id='word_1_607' title='bbox 954 5815 1157 5881; x_wconf 88' lang='lat' dir='ltr'><strong>optime</strong></span> <span class='ocrx_word' id='word_1_608' title='bbox 1192 5813 1400 5868; x_wconf 86' lang='lat' dir='ltr'><strong>ratione</strong></span> <span class='ocrx_word' id='word_1_609' title='bbox 1428 5811 1519 5867; x_wconf 93' lang='lat' dir='ltr'><strong>ille</strong></span> <span class='ocrx_word' id='word_1_610' title='bbox 1546 5807 1733 5879; x_wconf 83' lang='lat' dir='ltr'><strong>reponi</strong></span> <span class='ocrx_word' id='word_1_611' title='bbox 1771 5808 2026 5862; x_wconf 86' lang='lat' dir='ltr'><strong>thronum</strong></span> 
     </span>
    </p>
   </div>
   <div class='ocr_carea' id='block_1_84' title="bbox 460 5905 1204 5976">
    <p class='ocr_par' dir='ltr' id='par_1_84' title="bbox 460 5905 1204 5976">
     <span class='ocr_line' id='line_1_84' title="bbox 460 5905 1204 5976; baseline 0.001 -17"><span class='ocrx_word' id='word_1_612' title='bbox 460 5906 514 5959; x_wconf 90' lang='lat' dir='ltr'><strong>iu</strong></span> <span class='ocrx_word' id='word_1_613' title='bbox 554 5905 971 5976; x_wconf 69' lang='lat' dir='ltr'><strong>patriarchalem</strong></span> <span class='ocrx_word' id='word_1_614' title='bbox 1001 5919 1036 5976; x_wconf 89' lang='lat' dir='ltr'><strong>p</strong></span> <span class='ocrx_word' id='word_1_615' title='bbox 1056 5917 1204 5961; x_wconf 72' lang='lat' dir='ltr'><strong>)SSCL</strong></span> 
     </span>
    </p>
   </div>
   <div class='ocr_carea' id='block_1_85' title="bbox 2131 3312 3701 3390">
    <p class='ocr_par' dir='ltr' id='par_1_85' title="bbox 2131 3312 3701 3390">
     <span class='ocr_line' id='line_1_85' title="bbox 2131 3312 3701 3390; baseline -0.007 -15"><span class='ocrx_word' id='word_1_616' title='bbox 2131 3320 2259 3376; x_wconf 86' lang='lat' dir='ltr'><strong>boni</strong></span> <span class='ocrx_word' id='word_1_617' title='bbox 2295 3319 2575 3390; x_wconf 89' lang='lat' dir='ltr'><strong>quidpiam</strong></span> <span class='ocrx_word' id='word_1_618' title='bbox 2628 3316 2776 3385; x_wconf 88' lang='lat' dir='ltr'><strong>(nam</strong></span> <span class='ocrx_word' id='word_1_619' title='bbox 2822 3332 2943 3385; x_wconf 77' lang='lat' dir='ltr'><strong>qua:</strong></span> <span class='ocrx_word' id='word_1_620' title='bbox 3006 3314 3357 3385; x_wconf 84' lang='lat' dir='ltr'><strong>contigerunt</strong></span> <span class='ocrx_word' id='word_1_621' title='bbox 3434 3312 3701 3380; x_wconf 87' lang='lat' dir='ltr'><strong>haudqua-</strong></span> 
     </span>
    </p>
   </div>
   <div class='ocr_carea' id='block_1_86' title="bbox 2128 3405 3712 3483">
    <p class='ocr_par' dir='ltr' id='par_1_86' title="bbox 2128 3405 3712 3483">
     <span class='ocr_line' id='line_1_86' title="bbox 2128 3405 3712 3483; baseline -0.005 -16"><span class='ocrx_word' id='word_1_622' title='bbox 2128 3429 2289 3483; x_wconf 87' lang='lat' dir='ltr'><strong>quam</strong></span> <span class='ocrx_word' id='word_1_623' title='bbox 2331 3420 2594 3467; x_wconf 87' lang='lat' dir='ltr'><strong>eventura</strong></span> <span class='ocrx_word' id='word_1_624' title='bbox 2622 3412 2836 3464; x_wconf 77' lang='lat' dir='ltr'><strong>vivcnte</strong></span> <span class='ocrx_word' id='word_1_625' title='bbox 2862 3408 3123 3479; x_wconf 81' lang='lat' dir='ltr'><strong>Josepho,</strong></span> <span class='ocrx_word' id='word_1_626' title='bbox 3159 3408 3345 3463; x_wconf 92' lang='lat' dir='ltr'><strong>multis</strong></span> <span class='ocrx_word' id='word_1_627' title='bbox 3393 3423 3459 3462; x_wconf 78' lang='lat' dir='ltr'><strong>ex</strong></span> <span class='ocrx_word' id='word_1_628' title='bbox 3491 3405 3712 3460; x_wconf 88' lang='lat' dir='ltr'><strong>indiciis</strong></span> 
     </span>
    </p>
   </div>
   <div class='ocr_carea' id='block_1_87' title="bbox 2129 3499 3710 3577">
    <p class='ocr_par' dir='ltr' id='par_1_87' title="bbox 2129 3499 3710 3577">
     <span class='ocr_line' id='line_1_87' title="bbox 2129 3499 3710 3577; baseline -0.005 -16"><span class='ocrx_word' id='word_1_629' title='bbox 2129 3508 2255 3561; x_wconf 85' lang='lat' dir='ltr'><strong>licet</strong></span> <span class='ocrx_word' id='word_1_630' title='bbox 2284 3505 2603 3577; x_wconf 88' lang='lat' dir='ltr'><strong>conjicere),</strong></span> <span class='ocrx_word' id='word_1_631' title='bbox 2637 3519 2760 3559; x_wconf 90' lang='lat' dir='ltr'><strong>cum</strong></span> <span class='ocrx_word' id='word_1_632' title='bbox 2795 3510 2850 3557; x_wconf 85' lang='lat' dir='ltr'><strong>et</strong></span> <span class='ocrx_word' id='word_1_633' title='bbox 2896 3503 3139 3559; x_wconf 69' lang='lat' dir='ltr'><strong>instante</strong></span> <span class='ocrx_word' id='word_1_634' title='bbox 3186 3501 3389 3557; x_wconf 84' lang='lat' dir='ltr'><strong>Christi</strong></span> <span class='ocrx_word' id='word_1_635' title='bbox 3438 3499 3577 3554; x_wconf 89' lang='lat' dir='ltr'><strong>festo</strong></span> <span class='ocrx_word' id='word_1_636' title='bbox 3626 3514 3710 3553; x_wconf 86' lang='lat' dir='ltr'><strong>so-</strong></span> 
     </span>
    </p>
   </div>
   <div class='ocr_carea' id='block_1_88' title="bbox 2131 3589 3712 3664">
    <p class='ocr_par' dir='ltr' id='par_1_88' title="bbox 2131 3589 3712 3664">
     <span class='ocr_line' id='line_1_88' title="bbox 2131 3589 3712 3664; baseline -0.004 -14"><span class='ocrx_word' id='word_1_637' title='bbox 2131 3598 2307 3653; x_wconf 87' lang='lat' dir='ltr'><strong>lemne</strong></span> <span class='ocrx_word' id='word_1_638' title='bbox 2346 3612 2561 3652; x_wconf 90' lang='lat' dir='ltr'><strong>sacrum</strong></span> <span class='ocrx_word' id='word_1_639' title='bbox 2613 3596 2816 3658; x_wconf 87' lang='lat' dir='ltr'><strong>facere,</strong></span> <span class='ocrx_word' id='word_1_640' title='bbox 2853 3602 2909 3649; x_wconf 84' lang='lat' dir='ltr'><strong>et</strong></span> <span class='ocrx_word' id='word_1_641' title='bbox 2959 3594 3105 3664; x_wconf 90' lang='lat' dir='ltr'><strong>quod</strong></span> <span class='ocrx_word' id='word_1_642' title='bbox 3156 3591 3322 3647; x_wconf 81' lang='lat' dir='ltr'><strong>funus</strong></span> <span class='ocrx_word' id='word_1_643' title='bbox 3358 3590 3591 3663; x_wconf 79' lang='lat' dir='ltr'><strong>Augusti</strong></span> <span class='ocrx_word' id='word_1_644' title='bbox 3643 3589 3712 3644; x_wconf 91' lang='lat' dir='ltr'><strong>de</strong></span> 
     </span>
    </p>
   </div>
   <div class='ocr_carea' id='block_1_89' title="bbox 2127 3684 3712 3761">
    <p class='ocr_par' dir='ltr' id='par_1_89' title="bbox 2127 3684 3712 3761">
     <span class='ocr_line' id='line_1_89' title="bbox 2127 3684 3712 3761; baseline -0.008 -15"><span class='ocrx_word' id='word_1_645' title='bbox 2127 3706 2279 3746; x_wconf 88' lang='lat' dir='ltr'><strong>more</strong></span> <span class='ocrx_word' id='word_1_646' title='bbox 2307 3689 2604 3761; x_wconf 83' lang='lat' dir='ltr'><strong>ﬂagitabat,</strong></span> <span class='ocrx_word' id='word_1_647' title='bbox 2629 3698 2918 3759; x_wconf 82' lang='lat' dir='ltr'><strong>parentare</strong></span> <span class='ocrx_word' id='word_1_648' title='bbox 2945 3690 3051 3743; x_wconf 92' lang='lat' dir='ltr'><strong>ritu</strong></span> <span class='ocrx_word' id='word_1_649' title='bbox 3079 3701 3236 3742; x_wconf 88' lang='lat' dir='ltr'><strong>sacro</strong></span> <span class='ocrx_word' id='word_1_650' title='bbox 3263 3684 3513 3739; x_wconf 81' lang='lat' dir='ltr'><strong>Michaeli</strong></span> <span class='ocrx_word' id='word_1_651' title='bbox 3534 3697 3712 3752; x_wconf 89' lang='lat' dir='ltr'><strong>nuper</strong></span> 
     </span>
    </p>
   </div>
   <div class='ocr_carea' id='block_1_90' title="bbox 2128 3776 3712 3850">
    <p class='ocr_par' dir='ltr' id='par_1_90' title="bbox 2128 3776 3712 3850">
     <span class='ocr_line' id='line_1_90' title="bbox 2128 3776 3712 3850; baseline -0.007 -12"><span class='ocrx_word' id='word_1_652' title='bbox 2128 3784 2388 3839; x_wconf 84' lang='lat' dir='ltr'><strong>defuncto</strong></span> <span class='ocrx_word' id='word_1_653' title='bbox 2422 3792 2532 3837; x_wconf 92' lang='lat' dir='ltr'><strong>tum</strong></span> <span class='ocrx_word' id='word_1_654' title='bbox 2564 3784 2805 3836; x_wconf 80' lang='lat' dir='ltr'><strong>maxime</strong></span> <span class='ocrx_word' id='word_1_655' title='bbox 2841 3792 3081 3850; x_wconf 86' lang='lat' dir='ltr'><strong>pararet,</strong></span> <span class='ocrx_word' id='word_1_656' title='bbox 3117 3778 3334 3834; x_wconf 90' lang='lat' dir='ltr'><strong>cunctis</strong></span> <span class='ocrx_word' id='word_1_657' title='bbox 3368 3776 3454 3831; x_wconf 88' lang='lat' dir='ltr'><strong>his</strong></span> <span class='ocrx_word' id='word_1_658' title='bbox 3485 3782 3712 3845; x_wconf 89' lang='lat' dir='ltr'><strong>repente</strong></span> 
     </span>
    </p>
   </div>
   <div class='ocr_carea' id='block_1_91' title="bbox 2126 3863 3711 3944">
    <p class='ocr_par' dir='ltr' id='par_1_91' title="bbox 2126 3863 3711 3944">
     <span class='ocr_line' id='line_1_91' title="bbox 2126 3863 3711 3944; baseline -0.009 -14"><span class='ocrx_word' id='word_1_659' title='bbox 2126 3874 2366 3937; x_wconf 90' lang='lat' dir='ltr'><strong>omissis,</strong></span> <span class='ocrx_word' id='word_1_660' title='bbox 2387 3872 2646 3944; x_wconf 89' lang='lat' dir='ltr'><strong>postridie</strong></span> <span class='ocrx_word' id='word_1_661' title='bbox 2667 3872 2787 3927; x_wconf 89' lang='lat' dir='ltr'><strong>festi</strong></span> <span class='ocrx_word' id='word_1_662' title='bbox 2806 3870 3144 3926; x_wconf 86' lang='lat' dir='ltr'><strong>descendens</strong></span> <span class='ocrx_word' id='word_1_663' title='bbox 3170 3866 3498 3939; x_wconf 85' lang='lat' dir='ltr'><strong>patriarchio</strong></span> <span class='ocrx_word' id='word_1_664' title='bbox 3520 3866 3575 3919; x_wconf 91' lang='lat' dir='ltr'><strong>in</strong></span> <span class='ocrx_word' id='word_1_665' title='bbox 3612 3863 3711 3917; x_wconf 85' lang='lat' dir='ltr'><strong>Pa-</strong></span> 
     </span>
    </p>
   </div>
   <div class='ocr_carea' id='block_1_92' title="bbox 2126 3957 3708 4031">
    <p class='ocr_par' dir='ltr' id='par_1_92' title="bbox 2126 3957 3708 4031">
     <span class='ocr_line' id='line_1_92' title="bbox 2126 3957 3708 4031; baseline -0.007 -8"><span class='ocrx_word' id='word_1_666' title='bbox 2126 3968 2446 4023; x_wconf 66' lang='lat' dir='ltr'><strong>nacbrantai</strong></span> <span class='ocrx_word' id='word_1_667' title='bbox 2475 3966 2869 4021; x_wconf 88' lang='lat' dir='ltr'><strong>monasterium</strong></span> <span class='ocrx_word' id='word_1_668' title='bbox 2906 3980 2964 4020; x_wconf 91' lang='lat' dir='ltr'><strong>se</strong></span> <span class='ocrx_word' id='word_1_669' title='bbox 2991 3963 3258 4027; x_wconf 87' lang='lat' dir='ltr'><strong>contulit,</strong></span> <span class='ocrx_word' id='word_1_670' title='bbox 3296 3959 3602 4031; x_wconf 85' lang='lat' dir='ltr'><strong>impetratis</strong></span> <span class='ocrx_word' id='word_1_671' title='bbox 3639 3957 3708 4012; x_wconf 91' lang='lat' dir='ltr'><strong>ab</strong></span> 
     </span>
    </p>
   </div>
   <div class='ocr_carea' id='block_1_93' title="bbox 2126 4052 3705 4133">
    <p class='ocr_par' dir='ltr' id='par_1_93' title="bbox 2126 4052 3705 4133">
     <span class='ocr_line' id='line_1_93' title="bbox 2126 4052 3705 4133; baseline -0.008 -16"><span class='ocrx_word' id='word_1_672' title='bbox 2126 4063 2453 4133; x_wconf 80' lang='lat' dir='ltr'><strong>imperatore</strong></span> <span class='ocrx_word' id='word_1_673' title='bbox 2500 4059 2912 4117; x_wconf 79' lang='lat' dir='ltr'><strong>abductoribus.</strong></span> <span class='ocrx_word' id='word_1_674' title='bbox 2942 4073 3014 4112; x_wconf 89' lang='lat' dir='ltr'><strong>ne.</strong></span> <span class='ocrx_word' id='word_1_675' title='bbox 3054 4056 3109 4110; x_wconf 92' lang='lat' dir='ltr'><strong>in</strong></span> <span class='ocrx_word' id='word_1_676' title='bbox 3137 4055 3229 4109; x_wconf 89' lang='lat' dir='ltr'><strong>Dei</strong></span> <span class='ocrx_word' id='word_1_677' title='bbox 3274 4054 3485 4123; x_wconf 90' lang='lat' dir='ltr'><strong>judicio</strong></span> <span class='ocrx_word' id='word_1_678' title='bbox 3526 4052 3705 4106; x_wconf 88' lang='lat' dir='ltr'><strong>locum</strong></span> 
     </span>
    </p>
   </div>
   <div class='ocr_carea' id='block_1_94' title="bbox 2129 4145 3711 4225">
    <p class='ocr_par' dir='ltr' id='par_1_94' title="bbox 2129 4145 3711 4225">
     <span class='ocr_line' id='line_1_94' title="bbox 2129 4145 3711 4225; baseline -0.009 -15"><span class='ocrx_word' id='word_1_679' title='bbox 2129 4163 2327 4225; x_wconf 87' lang='lat' dir='ltr'><strong>sponte</strong></span> <span class='ocrx_word' id='word_1_680' title='bbox 2361 4152 2672 4209; x_wconf 86' lang='lat' dir='ltr'><strong>deseruisse</strong></span> <span class='ocrx_word' id='word_1_681' title='bbox 2724 4161 2909 4218; x_wconf 89' lang='lat' dir='ltr'><strong>posset</strong></span> <span class='ocrx_word' id='word_1_682' title='bbox 2959 4147 3135 4217; x_wconf 79' lang='lat' dir='ltr'><strong>argui.</strong></span> <span class='ocrx_word' id='word_1_683' title='bbox 3174 4147 3494 4215; x_wconf 87' lang='lat' dir='ltr'><strong>Quanquam</strong></span> <span class='ocrx_word' id='word_1_684' title='bbox 3540 4145 3711 4211; x_wconf 88' lang='lat' dir='ltr'><strong>impc-</strong></span> 
     </span>
    </p>
   </div>
   <div class='ocr_carea' id='block_1_95' title="bbox 2127 4236 3712 4316">
    <p class='ocr_par' dir='ltr' id='par_1_95' title="bbox 2127 4236 3712 4316">
     <span class='ocr_line' id='line_1_95' title="bbox 2127 4236 3712 4316; baseline -0.009 -14"><span class='ocrx_word' id='word_1_685' title='bbox 2127 4259 2276 4303; x_wconf 88' lang='lat' dir='ltr'><strong>rator</strong></span> <span class='ocrx_word' id='word_1_686' title='bbox 2314 4248 2467 4303; x_wconf 82' lang='lat' dir='ltr'><strong>Vecci</strong></span> <span class='ocrx_word' id='word_1_687' title='bbox 2510 4244 2755 4316; x_wconf 88' lang='lat' dir='ltr'><strong>petitioni</strong></span> <span class='ocrx_word' id='word_1_688' title='bbox 2784 4241 3053 4312; x_wconf 81' lang='lat' dir='ltr'><strong>ejusmodi</strong></span> <span class='ocrx_word' id='word_1_689' title='bbox 3087 4253 3360 4301; x_wconf 89' lang='lat' dir='ltr'><strong>annuens,</strong></span> <span class='ocrx_word' id='word_1_690' title='bbox 3391 4236 3563 4292; x_wconf 74' lang='lat' dir='ltr'><strong>videri</strong></span> <span class='ocrx_word' id='word_1_691' title='bbox 3596 4244 3712 4289; x_wconf 91' lang='lat' dir='ltr'><strong>stu-</strong></span> 
     </span>
    </p>
   </div>
   <div class='ocr_carea' id='block_1_96' title="bbox 2127 4329 3711 4402">
    <p class='ocr_par' dir='ltr' id='par_1_96' title="bbox 2127 4329 3711 4402">
     <span class='ocr_line' id='line_1_96' title="bbox 2127 4329 3711 4402; baseline -0.01 -5"><span class='ocrx_word' id='word_1_692' title='bbox 2127 4342 2245 4397; x_wconf 85' lang='lat' dir='ltr'><strong>duit</strong></span> <span class='ocrx_word' id='word_1_693' title='bbox 2274 4356 2382 4395; x_wconf 94' lang='lat' dir='ltr'><strong>non</strong></span> <span class='ocrx_word' id='word_1_694' title='bbox 2412 4341 2492 4393; x_wconf 84' lang='lat' dir='ltr'><strong>vis</strong></span> <span class='ocrx_word' id='word_1_695' title='bbox 2522 4336 2840 4398; x_wconf 70' lang='lat' dir='ltr'><strong>inferendae,</strong></span> <span class='ocrx_word' id='word_1_696' title='bbox 2873 4334 2966 4389; x_wconf 86' lang='lat' dir='ltr'><strong>sed</strong></span> <span class='ocrx_word' id='word_1_697' title='bbox 3000 4331 3235 4402; x_wconf 65' lang='lat' dir='ltr'><strong>praesidii</strong></span> <span class='ocrx_word' id='word_1_698' title='bbox 3265 4345 3427 4385; x_wconf 86' lang='lat' dir='ltr'><strong>causa</strong></span> <span class='ocrx_word' id='word_1_699' title='bbox 3452 4329 3504 4383; x_wconf 87' lang='lat' dir='ltr'><strong>ei</strong></span> <span class='ocrx_word' id='word_1_700' title='bbox 3532 4342 3711 4382; x_wconf 88' lang='lat' dir='ltr'><strong>arma-</strong></span> 
     </span>
    </p>
   </div>
   <div class='ocr_carea' id='block_1_97' title="bbox 2129 4423 3712 4496">
    <p class='ocr_par' dir='ltr' id='par_1_97' title="bbox 2129 4423 3712 4496">
     <span class='ocr_line' id='line_1_97' title="bbox 2129 4423 3712 4496; baseline -0.009 -5"><span class='ocrx_word' id='word_1_701' title='bbox 2129 4448 2213 4491; x_wconf 90' lang='lat' dir='ltr'><strong>tos</strong></span> <span class='ocrx_word' id='word_1_702' title='bbox 2255 4436 2493 4488; x_wconf 86' lang='lat' dir='ltr'><strong>mittere.</strong></span> <span class='ocrx_word' id='word_1_703' title='bbox 2555 4430 2694 4496; x_wconf 82' lang='lat' dir='ltr'><strong>Quia</strong></span> <span class='ocrx_word' id='word_1_704' title='bbox 2757 4427 2907 4494; x_wconf 75' lang='lat' dir='ltr'><strong>enim</strong></span> <span class='ocrx_word' id='word_1_705' title='bbox 2967 4426 3142 4496; x_wconf 90' lang='lat' dir='ltr'><strong>palam</strong></span> <span class='ocrx_word' id='word_1_706' title='bbox 3180 4434 3299 4480; x_wconf 90' lang='lat' dir='ltr'><strong>erat</strong></span> <span class='ocrx_word' id='word_1_707' title='bbox 3332 4424 3536 4479; x_wconf 88' lang='lat' dir='ltr'><strong>multos</strong></span> <span class='ocrx_word' id='word_1_708' title='bbox 3569 4423 3641 4477; x_wconf 84' lang='lat' dir='ltr'><strong>illi</strong></span> <span class='ocrx_word' id='word_1_709' title='bbox 3682 4437 3712 4476; x_wconf 88' lang='lat' dir='ltr'><strong>e</strong></span> 
     </span>
    </p>
   </div>
   <div class='ocr_carea' id='block_1_98' title="bbox 2131 4515 3716 4584">
    <p class='ocr_par' dir='ltr' id='par_1_98' title="bbox 2131 4515 3716 4584">
     <span class='ocr_line' id='line_1_98' title="bbox 2131 4515 3716 4584; baseline -0.011 0"><span class='ocrx_word' id='word_1_710' title='bbox 2131 4530 2278 4584; x_wconf 89' lang='lat' dir='ltr'><strong>clero</strong></span> <span class='ocrx_word' id='word_1_711' title='bbox 2326 4526 2685 4579; x_wconf 77' lang='lat' dir='ltr'><strong>vehementer</strong></span> <span class='ocrx_word' id='word_1_712' title='bbox 2730 4516 2971 4575; x_wconf 84' lang='lat' dir='ltr'><strong>infensos</strong></span> <span class='ocrx_word' id='word_1_713' title='bbox 3021 4518 3163 4572; x_wconf 85' lang='lat' dir='ltr'><strong>haud</strong></span> <span class='ocrx_word' id='word_1_714' title='bbox 3212 4517 3373 4571; x_wconf 85' lang='lat' dir='ltr'><strong>facile</strong></span> <span class='ocrx_word' id='word_1_715' title='bbox 3409 4515 3716 4570; x_wconf 88' lang='lat' dir='ltr'><strong>omissuros</strong></span> 
     </span>
    </p>
   </div>
   <div class='ocr_carea' id='block_1_99' title="bbox 2134 4608 3713 4683">
    <p class='ocr_par' dir='ltr' id='par_1_99' title="bbox 2134 4608 3713 4683">
     <span class='ocr_line' id='line_1_99' title="bbox 2134 4608 3713 4683; baseline -0.011 -7"><span class='ocrx_word' id='word_1_716' title='bbox 2134 4619 2477 4676; x_wconf 88' lang='lat' dir='ltr'><strong>occasionem</strong></span> <span class='ocrx_word' id='word_1_717' title='bbox 2534 4622 2785 4683; x_wconf 80' lang='lat' dir='ltr'><strong>proterve</strong></span> <span class='ocrx_word' id='word_1_718' title='bbox 2828 4611 3095 4665; x_wconf 90' lang='lat' dir='ltr'><strong>illudcndi</strong></span> <span class='ocrx_word' id='word_1_719' title='bbox 3146 4609 3435 4665; x_wconf 87' lang='lat' dir='ltr'><strong>decedenti</strong></span> <span class='ocrx_word' id='word_1_720' title='bbox 3481 4608 3713 4678; x_wconf 84' lang='lat' dir='ltr'><strong>patriar-</strong></span> 
     </span>
    </p>
   </div>
   <div class='ocr_carea' id='block_1_100' title="bbox 2136 4699 3716 4779">
    <p class='ocr_par' dir='ltr' id='par_1_100' title="bbox 2136 4699 3716 4779">
     <span class='ocr_line' id='line_1_100' title="bbox 2136 4699 3716 4779; baseline -0.01 -12"><span class='ocrx_word' id='word_1_721' title='bbox 2136 4711 2276 4766; x_wconf 90' lang='lat' dir='ltr'><strong>chali</strong></span> <span class='ocrx_word' id='word_1_722' title='bbox 2318 4708 2604 4779; x_wconf 79' lang='lat' dir='ltr'><strong>dignitate,</strong></span> <span class='ocrx_word' id='word_1_723' title='bbox 2636 4704 2919 4775; x_wconf 87' lang='lat' dir='ltr'><strong>professus</strong></span> <span class='ocrx_word' id='word_1_724' title='bbox 2953 4703 3250 4771; x_wconf 87' lang='lat' dir='ltr'><strong>imperator</strong></span> <span class='ocrx_word' id='word_1_725' title='bbox 3284 4710 3369 4755; x_wconf 88' lang='lat' dir='ltr'><strong>est</strong></span> <span class='ocrx_word' id='word_1_726' title='bbox 3401 4716 3468 4754; x_wconf 87' lang='lat' dir='ltr'><strong>eo</strong></span> <span class='ocrx_word' id='word_1_727' title='bbox 3495 4715 3553 4754; x_wconf 89' lang='lat' dir='ltr'><strong>se</strong></span> <span class='ocrx_word' id='word_1_728' title='bbox 3577 4699 3716 4753; x_wconf 87' lang='lat' dir='ltr'><strong>dun-</strong></span> 
     </span>
    </p>
   </div>
   <div class='ocr_carea' id='block_1_101' title="bbox 2137 4793 3716 4864">
    <p class='ocr_par' dir='ltr' id='par_1_101' title="bbox 2137 4793 3716 4864">
     <span class='ocr_line' id='line_1_101' title="bbox 2137 4793 3716 4864; baseline -0.008 -9"><span class='ocrx_word' id='word_1_729' title='bbox 2137 4813 2302 4863; x_wconf 77' lang='lat' dir='ltr'><strong>taxat,</strong></span> <span class='ocrx_word' id='word_1_730' title='bbox 2338 4811 2398 4854; x_wconf 90' lang='lat' dir='ltr'><strong>ut</strong></span> <span class='ocrx_word' id='word_1_731' title='bbox 2437 4797 2663 4853; x_wconf 87' lang='lat' dir='ltr'><strong>haberet</strong></span> <span class='ocrx_word' id='word_1_732' title='bbox 2695 4794 2904 4850; x_wconf 83' lang='lat' dir='ltr'><strong>Vcccus</strong></span> <span class='ocrx_word' id='word_1_733' title='bbox 2937 4796 3027 4864; x_wconf 88' lang='lat' dir='ltr'><strong>qui</strong></span> <span class='ocrx_word' id='word_1_734' title='bbox 3056 4810 3113 4849; x_wconf 90' lang='lat' dir='ltr'><strong>se</strong></span> <span class='ocrx_word' id='word_1_735' title='bbox 3141 4795 3211 4849; x_wconf 88' lang='lat' dir='ltr'><strong>ab</strong></span> <span class='ocrx_word' id='word_1_736' title='bbox 3246 4795 3591 4848; x_wconf 76' lang='lat' dir='ltr'><strong>inim‘corum</strong></span> <span class='ocrx_word' id='word_1_737' title='bbox 3632 4793 3716 4844; x_wconf 80' lang='lat' dir='ltr'><strong>in-</strong></span> 
     </span>
    </p>
   </div>
   <div class='ocr_carea' id='block_1_102' title="bbox 2135 4886 3711 4959">
    <p class='ocr_par' dir='ltr' id='par_1_102' title="bbox 2135 4886 3711 4959">
     <span class='ocr_line' id='line_1_102' title="bbox 2135 4886 3711 4959; baseline -0.004 -14"><span class='ocrx_word' id='word_1_738' title='bbox 2135 4892 2370 4945; x_wconf 87' lang='lat' dir='ltr'><strong>sultibus</strong></span> <span class='ocrx_word' id='word_1_739' title='bbox 2420 4897 2682 4959; x_wconf 80' lang='lat' dir='ltr'><strong>tegerent.</strong></span> <span class='ocrx_word' id='word_1_740' title='bbox 2717 4887 2969 4941; x_wconf 90' lang='lat' dir='ltr'><strong>militaris</strong></span> <span class='ocrx_word' id='word_1_741' title='bbox 3003 4887 3108 4957; x_wconf 87' lang='lat' dir='ltr'><strong>ipsi</strong></span> <span class='ocrx_word' id='word_1_742' title='bbox 3160 4903 3357 4942; x_wconf 89' lang='lat' dir='ltr'><strong>manus</strong></span> <span class='ocrx_word' id='word_1_743' title='bbox 3392 4886 3711 4941; x_wconf 82' lang='lat' dir='ltr'><strong>comitatum</strong></span> 
     </span>
    </p>
   </div>
   <div class='ocr_carea' id='block_1_103' title="bbox 2132 4980 3716 5053">
    <p class='ocr_par' dir='ltr' id='par_1_103' title="bbox 2132 4980 3716 5053">
     <span class='ocr_line' id='line_1_103' title="bbox 2132 4980 3716 5053; baseline -0.003 -15"><span class='ocrx_word' id='word_1_744' title='bbox 2132 4985 2431 5039; x_wconf 90' lang='lat' dir='ltr'><strong>addidisse.</strong></span> <span class='ocrx_word' id='word_1_745' title='bbox 2477 4983 2542 5038; x_wconf 84' lang='lat' dir='ltr'><strong>Et</strong></span> <span class='ocrx_word' id='word_1_746' title='bbox 2586 4982 2701 5036; x_wconf 70' lang='lat' dir='ltr'><strong>haac</strong></span> <span class='ocrx_word' id='word_1_747' title='bbox 2744 4980 2961 5051; x_wconf 89' lang='lat' dir='ltr'><strong>quidem</strong></span> <span class='ocrx_word' id='word_1_748' title='bbox 2995 4982 3076 5037; x_wconf 90' lang='lat' dir='ltr'><strong>sic</strong></span> <span class='ocrx_word' id='word_1_749' title='bbox 3112 4992 3260 5053; x_wconf 82' lang='lat' dir='ltr'><strong>gesta</strong></span> <span class='ocrx_word' id='word_1_750' title='bbox 3291 4990 3421 5035; x_wconf 91' lang='lat' dir='ltr'><strong>sunt</strong></span> <span class='ocrx_word' id='word_1_751' title='bbox 3458 4990 3607 5034; x_wconf 78' lang='lat' dir='ltr'><strong>sexta</strong></span> <span class='ocrx_word' id='word_1_752' title='bbox 3660 4988 3716 5034; x_wconf 89' lang='lat' dir='ltr'><strong>et</strong></span> 
     </span>
    </p>
   </div>
   <div class='ocr_carea' id='block_1_104' title="bbox 2138 5063 3630 5131">
    <p class='ocr_par' dir='ltr' id='par_1_104' title="bbox 2138 5063 3630 5131">
     <span class='ocr_line' id='line_1_104' title="bbox 2138 5063 3630 5131; baseline -0.004 -1"><span class='ocrx_word' id='word_1_753' title='bbox 2138 5077 2396 5131; x_wconf 72' lang='lat' dir='ltr'><strong>vicesima</strong></span> <span class='ocrx_word' id='word_1_754' title='bbox 2428 5075 2739 5130; x_wconf 86' lang='lat' dir='ltr'><strong>Decembris</strong></span> <span class='ocrx_word' id='word_1_755' title='bbox 2772 5074 2880 5128; x_wconf 88' lang='lat' dir='ltr'><strong>die.</strong></span> <span class='ocrx_word' id='word_1_756' title='bbox 3625 5063 3630 5069; x_wconf 70' lang='grc'><em>’</em></span> 
     </span>
    </p>
   </div>
   <div class='ocr_carea' id='block_1_105' title="bbox 2349 5204 3499 5277">
    <p class='ocr_par' dir='ltr' id='par_1_105' title="bbox 2349 5204 3499 5277">
     <span class='ocr_line' id='line_1_105' title="bbox 2349 5204 3499 5277; baseline -0.006 -13"><span class='ocrx_word' id='word_1_757' title='bbox 2349 5210 2400 5264; x_wconf 85' lang='grc'><strong>5.</strong></span> <span class='ocrx_word' id='word_1_758' title='bbox 2437 5206 2719 5262; x_wconf 78' lang='lat' dir='ltr'><strong>Restitutio</strong></span> <span class='ocrx_word' id='word_1_759' title='bbox 2745 5206 2961 5277; x_wconf 69' lang='lat' dir='ltr'><strong>Iosephi</strong></span> <span class='ocrx_word' id='word_1_760' title='bbox 2984 5207 3036 5260; x_wconf 80' lang='lat' dir='ltr'><strong>in</strong></span> <span class='ocrx_word' id='word_1_761' title='bbox 3058 5204 3499 5275; x_wconf 75' lang='lat' dir='ltr'><strong>patriarchatum.</strong></span> 
     </span>
    </p>
   </div>
   <div class='ocr_carea' id='block_1_106' title="bbox 2209 5336 3707 5413">
    <p class='ocr_par' dir='ltr' id='par_1_106' title="bbox 2209 5336 3707 5413">
     <span class='ocr_line' id='line_1_106' title="bbox 2209 5336 3707 5413; baseline -0.004 -15"><span class='ocrx_word' id='word_1_762' title='bbox 2209 5342 2465 5413; x_wconf 84' lang='lat' dir='ltr'><strong>Ejusdem</strong></span> <span class='ocrx_word' id='word_1_763' title='bbox 2499 5340 2704 5394; x_wconf 87' lang='lat' dir='ltr'><strong>mensis</strong></span> <span class='ocrx_word' id='word_1_764' title='bbox 2747 5347 2872 5409; x_wconf 90' lang='lat' dir='ltr'><strong>post</strong></span> <span class='ocrx_word' id='word_1_765' title='bbox 2900 5339 3042 5392; x_wconf 89' lang='lat' dir='ltr'><strong>diem</strong></span> <span class='ocrx_word' id='word_1_766' title='bbox 3092 5337 3442 5400; x_wconf 74' lang='lat' dir='ltr'><strong>tricesimam,</strong></span> <span class='ocrx_word' id='word_1_767' title='bbox 3489 5336 3592 5391; x_wconf 89' lang='lat' dir='ltr'><strong>sub</strong></span> <span class='ocrx_word' id='word_1_768' title='bbox 3627 5351 3707 5392; x_wconf 78' lang='lat' dir='ltr'><strong>ve-</strong></span> 
     </span>
    </p>
   </div>
   <div class='ocr_carea' id='block_1_107' title="bbox 2136 5427 3713 5506">
    <p class='ocr_par' dir='ltr' id='par_1_107' title="bbox 2136 5427 3713 5506">
     <span class='ocr_line' id='line_1_107' title="bbox 2136 5427 3713 5506; baseline -0.004 -15"><span class='ocrx_word' id='word_1_769' title='bbox 2136 5451 2372 5506; x_wconf 86' lang='lat' dir='ltr'><strong>speram,</strong></span> <span class='ocrx_word' id='word_1_770' title='bbox 2406 5432 2697 5503; x_wconf 88' lang='lat' dir='ltr'><strong>impositus</strong></span> <span class='ocrx_word' id='word_1_771' title='bbox 2725 5429 3021 5502; x_wconf 75' lang='lat' dir='ltr'><strong>gestatoria</strong></span> <span class='ocrx_word' id='word_1_772' title='bbox 3044 5427 3317 5497; x_wconf 66' lang='lat' dir='ltr'><strong>Iosephus</strong></span> <span class='ocrx_word' id='word_1_773' title='bbox 3346 5436 3557 5483; x_wconf 88' lang='lat' dir='ltr'><strong>tantum</strong></span> <span class='ocrx_word' id='word_1_774' title='bbox 3602 5445 3713 5484; x_wconf 92' lang='lat' dir='ltr'><strong>non</strong></span> 
     </span>
    </p>
   </div>
   <div class='ocr_carea' id='block_1_108' title="bbox 2140 5521 3719 5594">
    <p class='ocr_par' dir='ltr' id='par_1_108' title="bbox 2140 5521 3719 5594">
     <span class='ocr_line' id='line_1_108' title="bbox 2140 5521 3719 5594; baseline -0.005 -10"><span class='ocrx_word' id='word_1_775' title='bbox 2140 5526 2415 5584; x_wconf 78' lang='lat' dir='ltr'><strong>exanimis</strong></span> <span class='ocrx_word' id='word_1_776' title='bbox 2443 5565 2459 5590; x_wconf 90' lang='lat'><strong>,</strong></span> <span class='ocrx_word' id='word_1_777' title='bbox 2501 5524 2690 5579; x_wconf 90' lang='lat' dir='ltr'><strong>multis</strong></span> <span class='ocrx_word' id='word_1_778' title='bbox 2730 5522 3003 5594; x_wconf 88' lang='lat' dir='ltr'><strong>utrimque</strong></span> <span class='ocrx_word' id='word_1_779' title='bbox 3041 5521 3428 5576; x_wconf 88' lang='lat' dir='ltr'><strong>comitantibus</strong></span> <span class='ocrx_word' id='word_1_780' title='bbox 3459 5529 3515 5576; x_wconf 86' lang='lat' dir='ltr'><strong>et</strong></span> <span class='ocrx_word' id='word_1_781' title='bbox 3543 5531 3719 5576; x_wconf 86' lang='lat' dir='ltr'><strong>certa-</strong></span> 
     </span>
    </p>
   </div>
   <div class='ocr_carea' id='block_1_109' title="bbox 2137 5613 3716 5685">
    <p class='ocr_par' dir='ltr' id='par_1_109' title="bbox 2137 5613 3716 5685">
     <span class='ocr_line' id='line_1_109' title="bbox 2137 5613 3716 5685; baseline -0.004 -9"><span class='ocrx_word' id='word_1_782' title='bbox 2137 5621 2235 5675; x_wconf 89' lang='lat' dir='ltr'><strong>tim</strong></span> <span class='ocrx_word' id='word_1_783' title='bbox 2271 5616 2700 5672; x_wconf 88' lang='lat' dir='ltr'><strong>acclamantibus</strong></span> <span class='ocrx_word' id='word_1_784' title='bbox 2737 5614 2982 5670; x_wconf 87' lang='lat' dir='ltr'><strong>faustum</strong></span> <span class='ocrx_word' id='word_1_785' title='bbox 3015 5614 3252 5668; x_wconf 88' lang='lat' dir='ltr'><strong>reditum</strong></span> <span class='ocrx_word' id='word_1_786' title='bbox 3278 5652 3293 5679; x_wconf 93' lang='lat'><strong>,</strong></span> <span class='ocrx_word' id='word_1_787' title='bbox 3326 5627 3450 5667; x_wconf 90' lang='lat' dir='ltr'><strong>cum</strong></span> <span class='ocrx_word' id='word_1_788' title='bbox 3502 5613 3716 5685; x_wconf 86' lang='lat' dir='ltr'><strong>hymnis</strong></span> 
     </span>
    </p>
   </div>
   <div class='ocr_carea' id='block_1_110' title="bbox 2137 5707 3714 5782">
    <p class='ocr_par' dir='ltr' id='par_1_110' title="bbox 2137 5707 3714 5782">
     <span class='ocr_line' id='line_1_110' title="bbox 2137 5707 3714 5782; baseline -0.006 -13"><span class='ocrx_word' id='word_1_789' title='bbox 2137 5722 2194 5769; x_wconf 89' lang='lat' dir='ltr'><strong>et</strong></span> <span class='ocrx_word' id='word_1_790' title='bbox 2231 5709 2514 5782; x_wconf 79' lang='lat' dir='ltr'><strong>plausibus</strong></span> <span class='ocrx_word' id='word_1_791' title='bbox 2544 5708 2849 5773; x_wconf 90' lang='lat' dir='ltr'><strong>hominum,</strong></span> <span class='ocrx_word' id='word_1_792' title='bbox 2882 5707 3028 5762; x_wconf 79' lang='lat' dir='ltr'><strong>inter</strong></span> <span class='ocrx_word' id='word_1_793' title='bbox 3058 5707 3538 5761; x_wconf 90' lang='lat' dir='ltr'><strong>increbrescentes</strong></span> <span class='ocrx_word' id='word_1_794' title='bbox 3569 5720 3714 5776; x_wconf 70' lang='lat' dir='ltr'><strong>pras-</strong></span> 
     </span>
    </p>
   </div>
   <div class='ocr_carea' id='block_1_111' title="bbox 2142 5797 3717 5870">
    <p class='ocr_par' dir='ltr' id='par_1_111' title="bbox 2142 5797 3717 5870">
     <span class='ocr_line' id='line_1_111' title="bbox 2142 5797 3717 5870; baseline -0.006 -8"><span class='ocrx_word' id='word_1_795' title='bbox 2142 5816 2293 5862; x_wconf 87' lang='lat' dir='ltr'><strong>terea</strong></span> <span class='ocrx_word' id='word_1_796' title='bbox 2326 5802 2559 5858; x_wconf 90' lang='lat' dir='ltr'><strong>tinnitus</strong></span> <span class='ocrx_word' id='word_1_797' title='bbox 2583 5800 2833 5870; x_wconf 83' lang='lat' dir='ltr'><strong>campani</strong></span> <span class='ocrx_word' id='word_1_798' title='bbox 2866 5799 3012 5865; x_wconf 61' lang='lat' dir='ltr'><strong>atris,</strong></span> <span class='ocrx_word' id='word_1_799' title='bbox 3041 5816 3151 5869; x_wconf 91' lang='lat' dir='ltr'><strong>quo</strong></span> <span class='ocrx_word' id='word_1_800' title='bbox 3185 5800 3239 5852; x_wconf 89' lang='lat' dir='ltr'><strong>in</strong></span> <span class='ocrx_word' id='word_1_801' title='bbox 3271 5797 3557 5855; x_wconf 86' lang='lat' dir='ltr'><strong>ecclesiam</strong></span> <span class='ocrx_word' id='word_1_802' title='bbox 3586 5815 3717 5854; x_wconf 88' lang='lat' dir='ltr'><strong>con-</strong></span> 
     </span>
    </p>
   </div>
   <div class='ocr_carea' id='block_1_112' title="bbox 2141 5892 3711 5964">
    <p class='ocr_par' dir='ltr' id='par_1_112' title="bbox 2141 5892 3711 5964">
     <span class='ocr_line' id='line_1_112' title="bbox 2141 5892 3711 5964; baseline -0.004 -14"><span class='ocrx_word' id='word_1_803' title='bbox 2141 5896 2324 5953; x_wconf 79' lang='lat' dir='ltr'><strong>vocari</strong></span> <span class='ocrx_word' id='word_1_804' title='bbox 2358 5894 2592 5964; x_wconf 80' lang='lat' dir='ltr'><strong>populus</strong></span> <span class='ocrx_word' id='word_1_805' title='bbox 2625 5894 2781 5957; x_wconf 67' lang='lat' dir='ltr'><strong>solet,</strong></span> <span class='ocrx_word' id='word_1_806' title='bbox 2816 5895 2868 5948; x_wconf 89' lang='lat' dir='ltr'><strong>in</strong></span> <span class='ocrx_word' id='word_1_807' title='bbox 2915 5893 3058 5948; x_wconf 81' lang='lat' dir='ltr'><strong>:edcs</strong></span> <span class='ocrx_word' id='word_1_808' title='bbox 3092 5892 3487 5963; x_wconf 87' lang='lat' dir='ltr'><strong>patriarchalcs</strong></span> <span class='ocrx_word' id='word_1_809' title='bbox 3521 5906 3711 5961; x_wconf 89' lang='lat' dir='ltr'><strong>repor-</strong></span> 
     </span>
    </p>
   </div>
  </div>
