4094 6432
345 420 421 489 29
1322 419 1419 478 DE
1463 417 1916 477 ANDRONICD
1951 418 2416 481 PALxEOLOGO
2453 424 2599 485 LIB.
2645 425 2688 485 ῐ,
3556 418 3633 485 30

347 538 461 593 νεῖν
516 531 977 601 ἱναγκασθεῖσιν.
1035 529 1168 582 ὅπου
1224 545 1286 595 γε
1338 527 1441 579 κᾶν
1466 529 1515 579 εἰ
1545 527 1744 588 κακίας
1775 526 1934 587 δίκαις
1964 529 2011 585 Α
2038 529 2199 582 τοῦτο
2218 532 2348 595 τοὺς
2372 531 2473 600 μὲν
2494 534 2687 597 ἄλλους
2715 535 2984 606 ἀμηγέπη
3017 535 3127 590 τῶν
3155 535 3366 605 μὼμων
3399 533 3629 589 ἀνίεσαν

348 628 574 697 ὺπὲγξον
607 624 954 679 ὲδικαιοῦντο
974 623 1063 677 διὰ
1089 621 1265 675 ταῦτα
1297 621 1333 677 ἃ.
1361 621 1428 692 δὴ
1477 622 1571 673 καὶ
1603 620 1936 689 βιασθέντων

347 720 729 792 ἐπράχθησαν,
750 717 951 779 ἄλλους
983 716 1151 788 ἐχρῆν
1174 710 1316 767 εἶναι
1335 718 1462 776 τοὺς
1486 713 1934 784 προστιμῶντας,

345 811 412 864 τὸ
438 812 564 873 τοὺς
596 809 762 879 χάριν
795 806 1087 876 βασιλικῆς
1123 804 1417 876 εὐμενείας
1459 804 1846 873 βιασαμένους,
1883 803 1935 855 οἳ

343 906 411 976 δὴ
438 904 534 957 καὶ
568 904 696 972 μῖαν
727 896 877 971 εἶχον
902 900 1005 968 τῆς
1047 898 1147 968 μὲν
1179 897 1568 966 πλημμελείας
1609 897 1929 963 ἀπολογίαν,

350 999 447 1067 ςῆς
474 999 533 1049 δὲ
560 993 915 1066 προστροπῆς
945 991 1261 1058 ἀποφυγὴν,
1295 990 1344 1041 εἰ
1381 991 1477 1041 καὶ
1513 989 1666 1041 αὐτοὶ
1699 991 1934 1057 χωροῖεν

345 1093 518 1160 ομότε
565 1091 676 1150 τοῖς
736 1085 1059 1156 βιασθεῖσιν.
1125 1081 1270 1135 Ἀλλ’
1315 1082 1469 1134 simtu
1500 1079 1692 1134 ταῦτα.
1735 1082 1857 1132 Ἔτι
1887 1080 1933 1133 δ’

347 1183 660 1250 ὁπετύςρετο
693 1182 807 1244 τοῖς
844 1176 1215 1245 ταλαιπώροις
1268 1176 1330 1228 τὸ
1359 1174 1595 1245 χαλεπὸν
1657 1173 1761 1226 κᾶν
1793 1175 1935 1235 τέως

341 1273 529 1343 λόγοις
560 1271 791 1343 ἡμέροις
815 1272 911 1324 καὶ
938 1271 1006 1341 τῇ
1037 1266 1131 1321 τοῦ
1150 1267 1505 1338 ’πατριάρχου
1535 1267 1787 1318 ἔνο-τάσει
1809 1266 1934 1326 ταῖς

343 1364 633 1435 ἀληθείαις
663 1363 1123 1417 συνεκαλύπτετο.
1145 1361 1267 1423 Τοῖς
1292 1360 1390 1429 μὲν
1412 1358 1522 1429 γὰρ
1543 1357 1654 1411 τῶν
1687 1357 1933 1427 ἐσχάτων

342 1456 668 1527 προστιμᾷν
693 1454 868 1507 ἐδόκει
897 1452 974 1515 ὡς
1008 1451 1443 1521 πλημμελήσασι
1474 1451 1568 1501 καὶ
1603 1449 1672 1501 τὰ
1703 1447 1929 1518 ἔσχατα.

345 1545 672 1614 πατριάρχῃ
705 1542 763 1595 δὲ
794 1542 896 1612 τὴν
924 1542 1046 1612 βίαν
1075 1540 1241 1593 εἰδότι
1267 1540 1366 1593 καὶ
1390 1539 1488 1609 τὴν
1510 1539 1680 1592 πάλαι
1703 1538 1798 1591 τοῦ
1834 1537 1931 1607 βα-

344 1638 543 1700 σιλέως
574 1636 841 1698 ἐπίθεσιν,
873 1634 950 1697 ὡς
982 1635 1077 1687 καὶ
1106 1632 1491 1692 καθοσιώσεως
1517 1633 1643 1691 τοὺς
1669 1631 1930 1685 ἀνθιστα-

348 1729 550 1800 μένους
572 1726 929 1797 ἐγκαλεῖσθαι
959 1725 1054 1779 καί
1078 1741 1141 1794 τε
1167 1726 1232 1796 δὴ
1257 1726 1327 1778 τὰ
1354 1726 1462 1778 τῶν
1486 1725 1930 1794 καθωσιωμένων

343 1825 426 1886 εἰς
454 1822 732 1893 τιμωρίαν
756 1821 1007 1890 ὑπέχειν,
1045 1817 1371 1887 συγγνωστὰ
1416 1818 1483 1871 τὰ
1518 1820 1580 1871 ἐκ
1614 1817 1736 1887 βίας
1761 1818 1928 1884 διεγι-

342 1914 647 1968 νὼσκοντο.
680 1912 825 1984 Πλὴν
858 1911 976 1967 ἀλλ’
1014 1911 1162 1982 αὐτῷ
1201 1911 1300 1982 μὲν
1336 1909 1497 1978 μέλον
1528 1906 1597 1980 ἦν
1624 1911 1731 1963 τῶν
1771 1926 1929 1963 voco-

341 2006 578 2074 κομιῶν,
603 2006 805 2057 ἐκεῖνοι
836 2005 895 2058 δὲ
934 2005 1064 2066 τοὺς
1093 2004 1374 2073 ἀρχιερεῖς
1413 2002 1843 2071 ὑποποιούμενοι
1868 2004 1929 2055 τὸ

344 2101 455 2153 πᾶν
484 2099 585 2167 τῆς
630 2097 815 2160 αἰτίας
854 2096 1276 2166 προσανετξθουν
1327 2095 1407 2164 τῷ
1458 2111 1524 2163 γε
1559 2094 1932 2165 πατριαρχεύ-

343 2208 521 2257 σαντι,
547 2191 741 2260 ὥσπερ
772 2192 840 2243 ἂν
861 2190 964 2243 οὒκ
996 2189 1156 2252 αὐτὸς
1189 2184 1283 2259 ἦν.
1313 2188 1478 2247 ἄλλον
1510 2188 1587 2256 μὴ
1629 2187 1930 2253 καταδεξο-

342 2285 510 2355 μένου
545 2284 650 2353 τὴν
671 2282 767 2336 τοῦ
796 2281 994 2351 θρόνου
1025 2283 1215 2350 τιμήν.
1251 2281 1397 2351 Πλὴν
1428 2282 1488 2333 τὸ
1512 2280 1799 2352 δύσζηλον,
1821 2280 1931 2334 ὦσα

338 2394 450 2448 περ
474 2377 716 2444 ἀλόγοις,
749 2373 895 2428 οὕτω
920 2373 985 2444 δὴ
1017 2373 1113 2427 καὶ
1133 2375 1371 2443 λογικοῖς
1396 2372 1666 2443 ἐφῆπται.
1702 2372 1811 2425 Καὶ
1840 2370 1931 2425 διὰ

331 2572 395 2613 se
422 2566 794 2626 agnoscentes
835 2568 996 2610 causa
1045 2551 1382 2609 consortium
1428 2568 1617 2608 eorum
1665 2553 1719 2608 in
1767 2570 1930 2624 paena

332 2650 542 2704 luenda
576 2648 722 2703 ultro
750 2649 1136 2718 deposcerent,
1181 2661 1320 2716 quos
1359 2660 1480 2700 sese
1512 2648 1935 2702 recordarcntur

335 2756 571 2812 peccare
623 2743 890 2812 coegisse.
956 2739 1065 2794 Sed
1121 2741 1366 2795 nondum
1418 2741 1674 2796 videlicet
1736 2746 1931 2796 horum

336 2832 592 2902 supplicii
645 2841 863 2901 tempus
914 2831 1237 2887 advenerat.
1282 2832 1638 2900 Coquebatur
1695 2835 1839 2887 enim
1878 2849 1937 2915 ρ)

341 2924 427 2977 bis
472 2922 791 2977 infelicibus
854 2923 1081 2986 malum,
1135 2924 1594 2989 tumescentibus,
1649 2935 1705 2979 at
1756 2926 1935 2981 adhuc

348 3023 611 3082 utcunque
679 3020 884 3083 pressis
937 3014 1161 3068 ultionis
1208 3014 1263 3068 in
1311 3015 1436 3069 illos
1479 3016 1935 3073 destinatiOnibus

350 3121 533 3160 eorum
558 3106 803 3175 ipsorum
834 3106 926 3175 qui
959 3106 1225 3161 ministris
1258 3107 1379 3161 istis
1408 3110 1475 3163 ad
1506 3108 1643 3162 alios
1668 3107 1936 3164 hactenus

2041 624 2135 676 καὶ
2164 626 2262 694 τῆς
2296 627 2581 696 μέμιξοεως,
2611 629 2775 681 πλέον
2800 629 2845 681 δ’
2868 630 3060 699 ἐκείνῳ
3080 630 3302 699 ἐπεῖχον
3326 628 3402 692 ὡς
3429 628 3628 696 ἀδική-

2043 732 2222 777 σαντι,
2275 718 2371 780 καί
2421 735 2484 786 γε
2539 719 2702 773 αὐτὸν
2754 720 2877 787 μηδ’
2910 722 2968 772 ἐν
3003 721 3274 773 ἐπιεικέσι
3309 717 3629 788 λογίζεσθαι

2042 807 2247 878 σπουδὴ
2271 803 2337 877 ἦν
2363 810 2541 877 πάσης
2580 811 2836 880 ἀσχολία-ς
2863 810 3274 882 καθυπερτέρα.
3302 811 3396 871 Ei;
3426 810 3484 861 τί
3517 809 3630 878 γὰρ

2037 897 2147 949 ἔδει
2181 899 2276 951 καὶ
2308 900 2612 969 κρίνεσθαι,
2650 901 2742 953 καὶ
2772 901 2973 969 μᾶλλον
2998 901 3088 954 διὰ
3115 901 3175 954 τὸ
3200 891 3346 953 εἶναι
3391 901 3630 971 ποιμένα

2038 990 2132 1042 τὸν
2164 990 2260 1043 τοῦ
2294 992 2490 1062 θρόνου
2524 993 2930 1064 καθαιρεθέντα
2959 993 3056 1046 τοῦ
3091 995 3310 1063 πρώτου
3351 1009 3627 1063 προτιμηα

2037 1084 2242 1146 θέντος,
2263 1086 2367 1137 κᾶν
2389 1084 2567 1147 καλῶς
2591 1082 2704 1157 εἶχε
2730 1086 2830 1155 τῆς
2855 1085 3085 1157 γνώμης
3115 1087 3220 1141 κᾶν
3248 1084 3346 1156 μὴ,
3377 1088 3425 1138 εἰ
3455 1086 3528 1155 μή
3559 1101 3626 1153 γε

2038 1176 2204 1229 αὑτὸν
2237 1177 2336 1245 μὲν
2363 1177 2652 1230 ὲῗούλοντο
2687 1179 2962 1250 ἀχρειοῦν,
2993 1181 3104 1241 τοῖς
3127 1178 3336 1241 λοιποῖς
3359 1179 3414 1231 δὲ
3448 1193 3624 1247 προσ-

2035 1264 2248 1339 τρίόειν
2296 1268 2431 1335 ἄγος
2467 1270 2529 1322 τὸ
2563 1270 2846 1338 μέγιστον,
2900 1270 2995 1323 καὶ
3026 1284 3121 1333 ους
3154 1269 3297 1331 τέως
3324 1265 3470 1338 εἶχον
3503 1269 3634 1330 κατ’,

2034 1357 2244 1410 ἐκείνου
2275 1359 2655 1431 συλλήπτορας
2684 1359 2759 1423 ὼς
2789 1359 3107 1429 ὀρθοσεεεῖς
3135 1360 3458 1429 σφαλέντος,
3496 1360 3623 1413 τούς

2034 1467 2161 1510 ⁴πους
2211 1451 2599 1517 καταδικάζειν
2658 1453 2735 1516 ὡς
2785 1456 3079 1515 κοινωνοὺς
3114 1453 3458 1523 ὲσφαλμένου
3489 1453 3625 1506 καθ-

2035 1544 2286 1615 ύστερον,
2307 1547 2383 1607 ὡς
2415 1546 2511 1598 καί
2540 1559 2673 1600 τινα·
2695 1546 2817 1599 τότε
2846 1545 2955 1599 τῶν
2986 1548 3301 1616 ὲχεφρόνων
3332 1545 3515 1613 λέγειν
3564 1546 3624 1611 (ὁ

2044 1635 2541 1704 Ἀδριανουπόλεως
2560 1637 2607 1689 δ’
2642 1633 2797 1700 οὗτος
2830 1633 2898 1710 ἦν
2930 1638 2960 1690 ὁ
2993 1638 3355 1708 Θεόκτιστος)
3413 1637 3489 1700 ὡς
3521 1636 3619 1689 νῦν

2035 1728 2134 1797 μὲν
2163 1729 2243 1790 εὶς
2267 1728 2502 1798 ὄπτησιν
2534 1726 2634 1800 τὴν
2674 1729 2886 1783 ἐκείνου
2928 1729 3138 1793 ὀϐελοῖς
3175 1730 3411 1797 ξυλίνοις
3437 1728 3619 1799 χρῶν-

2030 1838 2124 1874 ται
2168 1823 2281 1887 τοῖς
2318 1824 2620 1891 κρίνουσιν,
2679 1822 2906 1893 ὕστερον
2942 1823 3028 1895 [Ρ.
3089 1823 3183 1896 i3]
3231 1825 3287 1879 δὲ
3340 1826 3438 1879 καὶ
3463 1825 3619 1877 αὐτοὶ

2031 1917 2166 1985 πυρὶ
2196 1914 2444 1979 δοθέντες
2465 1914 2836 1986 καυθήσονται
2864 1933 2880 1948 ο
2913 1916 2944 1969 ὃ
2976 1918 3070 1971 καὶ
3113 1918 3341 1987 γέγονεν
3363 1918 3617 1989 ὕστερον.

2246 2052 2321 2125 η’.
2351 2052 2494 2121 Περὶ
2525 2051 2647 2107 τῶν
2684 2052 3068 2125 τελουμένων
3100 2053 3405 2109 συνόδων.

2103 2187 2238 2241 Τότε
2258 2188 2304 2242 δ’
2321 2187 2383 2241 οὗ
2397 2211 2413 2239 ι
2436 2187 2863 2258 ὑποποιούμενοι
2886 2186 2986 2257 μὲν
3007 2188 3305 2258 ἀρχιερεῖς,
3319 2186 3619 2241 ὑποποιού-

2034 2297 2187 2351 μενοι
2210 2280 2269 2334 δὲ
2294 2281 2567 2343 παντοεως
2590 2281 2683 2334 καὶ
2705 2282 2798 2334 τὸν
2820 2279 3235 2348 Ἀλεξανδρείας
3263 2278 3617 2349 πατριάρχην

2045 2374 2385 2440 Ἀθανάσιον,
2422 2373 2593 2444 ἄνδρα
2647 2372 2846 2428 πολλοῦ
2894 2390 3041 2436 τινος
3072 2371 3247 2438 ἄξιον,
3283 2372 3509 2443 θρόνους
3557 2390 3616 2427 τε

2032 2555 2231 2626 eisque
2262 2556 2476 2625 injuriae
2507 2565 2810 2621 auctorem,
2850 2556 3208 2611 vehementer
3239 2553 3615 2609 incursabant.

2034 2649 2276 2714 Eratque
2312 2648 2420 2703 illis
2458 2662 2626 2701 unum
2681 2647 2946 2710 studium,
2980 2662 3089 2701 una
3124 2647 3341 2700 cunctis
3378 2658 3618 2714 praever-

2037 2738 2199 2795 tcnda
2235 2740 2458 2809 reliquis
2498 2739 2806 2806 occupatio,
2841 2738 2897 2791 in
2950 2745 3162 2791 tantum
3204 2735 3492 2790 diﬂ'amare
3522 2735 3620 2789 ob-

2038 2826 2452 2881 trectation‘bus
2484 2835 2540 2881 et
2569 2827 2806 2897 querelis
2845 2826 3100 2891 Veecum,
3138 2825 3315 2896 quoad
3363 2839 3622 2893 asseque-

2038 2928 2227 2973 rentur
2250 2927 2397 2973 utne
2422 2919 2718 2974 tolerabilis
2741 2919 2961 2988 quidem
2987 2934 3051 2974 ac
3075 2919 3423 2975 mediocriter
3446 2918 3620 2971 malus

2041 3016 2204 3069 homo
2254 3014 2338 3069 vel
2377 3016 2562 3086 aliqua
2605 3016 2797 3071 saltem
2832 3023 2985 3085 parte
3014 3013 3191 3068 laudis
3242 3027 3453 3069 summa
3486 3010 3619 3065 vitia

2039 3107 2316 3161 redimens
2342 3106 2657 3161 haberetur.
2687 3106 2801 3161 Nisi
2835 3108 2980 3161 enim
3031 3106 3134 3160 hoc
3163 3106 3347 3159 furore
3376 3113 3618 3167 ruerent,

339 3197 479 3252 male
512 3197 825 3252 multandos
873 3198 1188 3264 utebantur,
1230 3195 1413 3253 verbis
1447 3199 1666 3254 interim
1714 3217 1808 3255 eos
1838 3201 1919 3255 la-
1950 3198 1992 3253 C
2027 3200 2155 3269 quid
2187 3200 2449 3254 attinebat
2475 3198 2713 3255 Vcccum
2741 3200 2798 3253 in
2820 3200 2909 3269 jus
2950 3200 3185 3265 trahere,
3219 3213 3286 3254 eo
3318 3197 3619 3267 prmscrtim

334 3300 548 3345 ctantes
590 3290 826 3349 blandis.
860 3290 945 3344 vel
976 3291 1209 3345 artiﬁcio
1237 3291 1615 3346 dissimulandi
1659 3309 1919 3347 art-anum

326 3384 544 3445 odium.
583 3382 672 3436 vel
703 3389 852 3435 metu
901 3383 1248 3452 patriarchae,
1298 3400 1458 3454 quem
1495 3401 1625 3440 vere
1674 3387 1923 3441 sciebant

323 3476 631 3530 abhorrere
670 3476 741 3530 ab
776 3474 1084 3541 huiusmodi
1122 3492 1321 3546 genere
1359 3478 1690 3533 acerbitatis.
1731 3479 1772 3533 A
1813 3494 1919 3549 qua

324 3566 431 3635 ipsi
457 3566 833 3620 moderatione
864 3566 1093 3620 multum
1124 3567 1374 3629 aberant.
1410 3569 1461 3621 in
1503 3571 1686 3623 animo
1718 3572 1921 3627 haben-

325 3670 434 3720 tes,
476 3658 731 3728 quamvis
773 3660 957 3714 adhuc
994 3659 1421 3724 dissimularent,
1468 3662 1568 3716 hos
1597 3664 1688 3732 qui
1733 3675 1919 3720 essent

324 3751 651 3821 imperatori
713 3751 958 3806 obsecuti
1020 3751 1306 3821 adigendis
1362 3754 1429 3809 ad
1481 3755 1914 3822 amplectendam

322 3843 649 3898 Latinorum
678 3846 1123 3899 communionem
1164 3844 1388 3903 Grmcis.
1428 3856 1485 3901 ut
1516 3852 1712 3903 summi
1746 3852 1917 3906 scele—

324 3937 409 3990 ris
448 3950 574 3989 reos
614 3936 877 3990 extremis
923 3936 1194 4002 subicere
1244 3938 1544 4008 suppliciis,
1597 3957 1719 3995 cum
1768 3942 1915 4011 ipsos

324 4040 523 4083 contra
591 4025 902 4080 Patriarcha
957 4026 1149 4096 dignos
1196 4029 1354 4082 venia
1402 4028 1648 4091 duceret.
1702 4047 1917 4088 memor

324 4117 645 4173 vehementi
691 4132 786 4172 eos
812 4127 942 4171 tunc
977 4118 1258 4188 regnantis
1300 4118 1529 4188 imperio
1563 4122 1632 4177 ad
1666 4123 1719 4176 id
1764 4140 1915 4179 com-

325 4212 535 4281 pulsos.
566 4210 777 4281 Quippe
803 4211 1099 4281 imperator
1125 4211 1353 4266 Michael
1375 4214 1511 4268 nihil
1548 4216 1731 4271 mitius
1757 4234 1916 4287 pmna

324 4305 469 4358 Lesa:
500 4304 804 4373 maiestatis
831 4305 939 4358 reis
970 4303 1137 4373 inﬂigi
1170 4304 1350 4367 solita.
1388 4305 1696 4361 intentabat
1723 4309 1790 4364 iis
1821 4313 1914 4381 qui

321 4396 433 4449 sibi
482 4394 714 4463 obsequi
743 4394 798 4447 in
825 4394 892 4447 iis
921 4408 1043 4463 qua:
1076 4392 1295 4463 juberet
1318 4393 1384 4448 ad
1428 4395 1707 4465 negotium
1739 4398 1919 4452 conci-

320 4486 569 4541 liationis
614 4486 979 4541 Ecclesiarum
1022 4494 1327 4553 opportuna
1377 4486 1767 4557 neglexissent.
1810 4490 1919 4562 24

2028 3294 2252 3347 nomine
2275 3292 2418 3362 quod
2453 3293 2775 3360 pastoralem
2807 3301 3095 3361 usurparet
3119 3290 3463 3361 dignitatem,
3493 3303 3618 3341 cum

2027 3401 2149 3439 eam
2180 3387 2379 3439 throno
2413 3386 2655 3455 deiectus
2688 3386 2995 3440 abdicasset
3030 3396 3085 3439 et
3116 3386 3375 3438 honorem
3426 3384 3617 3438 deces-

2028 3479 2138 3532 sori
2169 3477 2537 3532 reddidisset?
2576 3480 2651 3530 An
2685 3492 2877 3546 parum
2907 3478 3040 3532 hinc
3069 3477 3360 3531 manifeste
3391 3462 3615 3544 patet-iii

2026 3569 2201 3639 egisse
2239 3584 2456 3623 summo
2488 3578 2688 3624 conatu
2724 3570 2863 3630 illos.
2906 3579 2964 3624 ut
3002 3571 3148 3624 hunc
3181 3584 3392 3624 summa
3430 3568 3617 3622 defor-
3706 3638 3717 3651 ς

2026 3670 2234 3715 mutum
2265 3661 2561 3731 ignominia
2594 3662 2843 3715 inutilem
2873 3661 2939 3715 ad
2970 3661 3185 3731 quidvis
3215 3660 3528 3721 redderent,
3561 3676 3620 3724 ρι

2027 3755 2131 3809 hoc
2159 3754 2337 3824 ipsum
2370 3754 2787 3808 fundamentum
2830 3754 3080 3823 iacerent
3110 3754 3396 3809 calumniw
3426 3754 3476 3805 in
3507 3768 3614 3806 ca:-

2024 3857 2194 3911 teros,
2257 3847 2459 3917 quibus
2528 3846 2744 3900 interim
2803 3848 3121 3917 parcebant,
3167 3855 3224 3900 ut
3270 3845 3615 3915 postmodum

2024 3953 2193 4008 ipsos,
2216 3940 2373 4007 'quod
2402 3937 2605 3992 homini
2635 3937 2886 3991 videlicet
2911 3935 3367 3991 criminosissimo
3419 3942 3618 3986 utcun-
3709 3936 3716 3943 ·

2023 4049 2130 4104 que
2160 4038 2164 4043 ’
2196 4033 2576 4092 οάιιωείςερηι,
2630 4040 2886 4097 tanquam
2950 4030 3051 4085 hoc
3101 4030 3222 4099 ipso
3280 4025 3617 4085 atrocissimi

2024 4124 2346 4180 manifestos
2388 4123 2634 4188 sceleris,
2668 4123 2896 4192 piaculis
2945 4121 3284 4191 subiicerent
3340 4116 3623 4178 maximis,

2025 4228 2080 4272 et
2109 4232 2247 4287 quos
2291 4224 2351 4271 ut
2380 4225 2541 4270 rectm
2577 4215 2816 4271 cultores
2843 4215 3123 4285 religionis
3150 4212 3431 4280 adjutores
3460 4209 3624 4263 adhi-

2027 4311 2260 4365 buerant
2304 4309 2369 4362 ad
2404 4309 2636 4363 Veccum
2672 4308 2821 4361 velut
2853 4323 2882 4360 a
2915 4308 3019 4360 ritu
3048 4305 3308 4374 legitimo
3354 4303 3617 4357 aberran-

2026 4406 2136 4451 tem
2174 4411 2273 4452 eve
2309 4396 2552 4461 tendum,
2595 4395 2814 4450 eosdem
2844 4404 3031 4466 postea
3064 4396 3414 4455 damnarent.
3466 4390 3616 4461 quod

2026 4488 2079 4542 ei
2105 4488 2309 4542 erranti
2338 4487 2856 4554 communicassent,
2889 4500 2946 4543 et
2974 4504 3041 4543 ex
3071 4487 3236 4551 illius,
3276 4486 3364 4542 cui
3391 4499 3451 4542 se.
3481 4484 3631 4539 alias.

322 4583 420 4636 Est
452 4588 640 4635 autem
662 4580 708 4634 is
736 4589 920 4634 tantus
948 4588 1005 4634 et
1037 4588 1145 4632 tam
1177 4580 1231 4632 in
1261 4580 1439 4634 virum
1465 4580 1629 4633 etiam
1652 4591 1911 4636 constan-
1946 4577 1987 4629 Ι)
2014 4581 2350 4650 junxissent,
2406 4579 2733 4651 contagione
2792 4581 3071 4651 pestilenti
3146 4580 3324 4635 labem
3376 4577 3482 4649 25
3543 4576 3611 4631 ad

322 4685 436 4727 tem
467 4673 673 4727 cadens
708 4681 910 4738 metus,
947 4679 1007 4725 ut
1033 4672 1227 4726 merito
1261 4673 1309 4725 ei
1351 4674 1722 4727 excusandum
1774 4675 1919 4730 vide~

321 4776 480 4821 retur
523 4766 789 4834 quidquid
830 4766 952 4835 ejus
987 4765 1249 4819 instinctu
1285 4775 1404 4820 erat
1447 4765 1676 4819 factum.
1733 4766 1922 4836 itaque

318 4857 721 4929 ignoscendum
780 4858 1057 4920 censebat,
1117 4867 1173 4910 et
1218 4866 1483 4923 quantum
1529 4858 1586 4911 in
1633 4858 1753 4927 ipso
1801 4862 1923 4913 erat

317 4951 561 5021 benigne
585 4948 830 5004 inﬁrmos
863 4950 1182 5004 sublevabat
1211 4951 1530 5005 condolens.
1570 4951 1701 5020 Ejus
1738 4960 1919 5006 autem

320 5043 690 5099 inclementes
734 5042 996 5106 ministri,
1047 5051 1105 5096 ut
1140 5042 1242 5097 sibi
1291 5043 1557 5097 obnoxios
1592 5051 1647 5097 et
1686 5044 1752 5097 ad
1800 5060 1922 5113 qum

318 5143 454 5188 tunc
494 5137 734 5203 agebant
769 5133 1048 5203 adjutores
1086 5142 1370 5202 promptos
1419 5135 1698 5190 antistites
1746 5135 1919 5190 habe.

314 5234 467 5288 rent,
499 5238 597 5278 eos
628 5224 959 5278 simulabant
984 5240 1044 5279 se
1072 5224 1223 5279 omni
1257 5240 1543 5295 perperam
1577 5228 1731 5296 prius
1771 5237 1921 5282 acto-

313 5332 441 5370 rum
474 5317 709 5370 crimine
749 5315 985 5382 solvere,
1019 5333 1251 5386 quorum
1282 5318 1595 5373 universam
1655 5319 1917 5374 invidiam

312 5410 370 5464 in
400 5409 645 5464 Veccum
676 5410 1021 5473 avertebant,
1056 5410 1233 5480 quasi,
1257 5411 1507 5482 nisi-ipse
1531 5412 1745 5478 fuisset,
1771 5413 1920 5470 haud

314 5501 488 5555 alium
520 5504 849 5557 exstiturum
895 5513 1152 5574 putarent
1182 5506 1275 5575 qui
1312 5506 1493 5559 throni
1528 5505 1791 5562 honorem
1822 5508 1921 5563 ad-

313 5596 584 5647 mitteret.
613 5592 883 5648 Nimirum
920 5595 1095 5649 malus
1128 5594 1269 5650 livor
1300 5605 1359 5650 ut
1383 5596 1560 5651 brutis
1598 5597 1815 5661 helluis,
1846 5599 1917 5653 ita

313 5684 638 5742 hominibus
685 5702 913 5757 quoque
947 5687 1160 5742 ratione
1210 5688 1456 5757 praeditis
1494 5688 1729 5760 obrepit.
1781 5690 1921 5746 llinc

312 5777 458 5830 alios
490 5778 697 5838 scilicet
747 5780 910 5849 culpa
960 5779 1265 5835 liberabant
1293 5790 1347 5835 et
1390 5780 1803 5851 irrcprebensos
1832 5782 1918 5836 di-

316 5867 627 5940 mittebant,
664 5870 826 5927 illum
860 5886 1052 5937 unum,
1092 5880 1152 5925 ut
1175 5874 1343 5928 totius
1378 5872 1588 5928 fontem
1630 5875 1756 5929 mali
1794 5891 1907 5930 om-

2025 4683 2331 4729 extremum
2363 4675 2511 4730 omni
2542 4674 2841 4731 acerbitate
2873 4673 3130 4727 luendam
3169 4672 3223 4725 in
3263 4685 3382 4726 svse
3416 4668 3614 4724 traxis-

2024 4776 2164 4821 sent.
2223 4767 2355 4834 Quae
2392 4783 2555 4823 causa
2591 4769 2708 4823 viro
2748 4780 2857 4823 tum
2905 4767 3157 4837 prudenti
3208 4765 3310 4820 fuit
3346 4764 3629 4818 Adriano-7

2024 4855 2264 4926 politano
2297 4855 2611 4914 TheOCtisto
2650 4856 2889 4925 dicendi,
2914 4871 3063 4911 nunc
3103 4856 3320 4926 quidem
3357 4863 3613 4907 auctores

2026 4949 2192 5020 hujus
2222 4950 2493 5005 tumultus
2529 4950 2607 5005 uti
2649 4950 2922 5021 episcopis
2960 4950 3014 5003 in
3046 4949 3313 5019 synodum
3364 4947 3433 5001 ad
3465 4945 3621 5015 judi--

2023 5043 2168 5098 cium
2195 5044 2399 5098 vocatis
2431 5053 2687 5113 tanquam
2717 5044 2956 5098 verubus
2987 5042 3184 5113 ligneis
3212 5041 3277 5096 ad
3307 5040 3613 5097 assandum

2026 5134 2284 5201 Veceum,
2321 5135 2376 5188 in
2407 5135 2593 5189 animo
2640 5135 2909 5190 habentes
2958 5134 3182 5190 eosdem
3231 5131 3604 5206 postmodum,

2024 5226 2203 5281 Veeco
2240 5227 2555 5297 absumpto,
2585 5227 2688 5282 illis
2726 5227 2924 5281 iisdem
2956 5225 3191 5282 ﬂammis
3224 5240 3477 5283 exurere.
3527 5223 3611 5279 Ita

2024 5317 2115 5375 ille
2138 5334 2249 5374 non
2283 5334 2459 5376 vanus
2483 5327 2654 5385 vates,
2681 5328 2741 5374 ut
2765 5326 2960 5374 eventa
2990 5318 3186 5374 deinde
3213 5319 3608 5395 probaverunt.
3686 5358 3695 5365 .

2449 5457 2503 5512 8.
2533 5456 2606 5512 De
2632 5458 2909 5514 celebratis
2937 5458 3176 5528 synodis.

2091 5595 2250 5649 Tunc
2281 5593 2446 5665 igitur
2468 5594 2634 5663 hujus
2667 5606 2906 5651 motores
2931 5598 3197 5650 machinm
3217 5594 3367 5649 omni
3398 5606 3610 5664 genere

2021 5688 2503 5745 delinimentorum
2535 5704 2658 5743 cum
2694 5698 2927 5745 caeteros
2963 5691 3056 5760 qui
3109 5689 3336 5743 aderant
3383 5686 3607 5742 antisti-

2022 5788 2125 5846 tes,
2160 5791 2271 5835 tum
2302 5780 2731 5834 Alexandrinum
2763 5796 2874 5851 prae
2920 5781 3179 5835 omnibus
3226 5780 3607 5850 patriarcham

2021 5872 2407 5940 Athanasium,
2447 5876 2625 5928 virum
2672 5874 3107 5943 existimationis
3156 5883 3211 5929 ct
3247 5872 3605 5929 auctoritatis
