4094 6456
444 417 509 470 31
1648 412 1977 471 GEORGII
2019 413 2045 472 Ι

2150 412 2503 472 ἰῘΙΥΜΕῐὶιΕ
3643 416 3721 478 32

441 518 742 589 προτιθεῖσι
764 518 878 580 δύο,
902 518 961 571 ὃν
987 517 1087 588 μὲν
1112 518 1269 571 κενὸν
1298 522 1374 584 εἰς
1404 520 1569 589 τιμὴν
1591 522 1684 574 καὶ
1713 522 1897 591 σχῆμα
1925 521 2018 574 τοῦ
2055 527 2094 580 Α
2124 522 2210 590 εἴη
2233 523 2602 590 γινώσκοντας
2625 542 2699 589 ως
2731 525 2797 578 τά
2824 527 3052 596 μέγιστα
3085 529 3440 594 παραόάντας
3470 531 3717 602 ἔκρινον,

443 613 782 682 πατριάρχου
814 612 1462 674 Κωνσταντινουπὸλεως,
1490 611 1549 663 ὃν
1579 612 1633 663 δέ
1654 612 1741 663 τὸν
1770 610 2025 675 Ἀλεξαν-

444 705 625 773 δρείας
657 702 1132 770 προκαθεζόμενον
1163 702 1377 771 ἔχοντα.
1408 703 1515 757 Καί
1543 702 1594 771 γ’
1633 703 1859 766 ἐαυτοὺς
1891 703 2027 757 καθ⁴

445 796 667 848 ιστῶσιν
718 797 796 857 είς
833 794 1027 863 δικαίῳ
1055 793 1149 845 τοῦ
1206 794 1547 866 πατριάρχου
1604 795 1705 867 ἤδη
1742 795 2028 860 νοσοῦντος

445 886 899 956 τοποτηροῦντας,
936 885 1154 937 σύνοδόν
1182 902 1241 938 τε
1284 886 1676 956 συγκροτοῦσιν
1699 887 2026 958 ἀρχιερέων,

448 980 716 1050 παρόντος
774 979 872 1048 μὲν
905 979 1082 1030 ἐκεῖσε
1143 978 1359 1030 καὶτοῦ
1427 978 1661 1048 μεγάλου
1718 980 2027 1047 λογοθέτου,

450 1071 717 1143 παρόντος
743 1071 798 1124 δὲ
830 1071 925 1124 καὶ
954 1071 1225 1140 Γεωργὶου
1264 1071 1358 1123 τοῦ
1409 1072 1658 1142 Κυπρίου
1692 1076 1784 1125 καὶ
1811 1074 1904 1125 τοῦ
1933 1076 2031 1149 ῥίγ-

449 1180 603 1230 τορος
647 1161 966 1227 Ὀλοϐὡλου,
1013 1163 1138 1230 ἄρτι
1194 1163 1257 1214 ἐκ
1302 1162 1403 1232 τῆς
1436 1163 1527 1216 τοῦ
1562 1164 1796 1233 μεγάλου
1833 1165 2028 1236 Ἀγροῦ

454 1256 622 1325 μονῆς
655 1255 1118 1324 ἐπιδεδημηκότος
1149 1256 1215 1325 τῇ
1241 1256 1677 1317 Κωνσταντίνου.
1708 1257 1802 1311 καί
1831 1275 1892 1325 γε
1932 1257 2030 1311 τοῦ

458 1350 694 1426 μοναχοῦ
731 1349 1011 1402 Θεοδοσίου
1035 1349 1486 1413 Σαπωνοπυύλου,
1519 1350 1580 1403 δν
1608 1352 1667 1402 ἐν
1687 1368 2026 1420 πρωτονοταο

458 1443 591 1509 ρῐοις
623 1441 836 1510 ἔχοντος
893 1439 987 1493 τοῦ
1033 1436 1359 1512 κρατοῦντος
1402 1442 1430 1493 ὀ
1487 1443 1717 1512 μοναχδς
1758 1443 2033 1508 διεδέξατο

458 1536 593 1600 βίος,
620 1535 714 1586 καὶ
733 1533 909 1586 ἄλλων
926 1533 1192 1585 πλείστων
1215 1532 1667 1602 προκαθημένων.
1702 1536 1810 1589 Καὶ⁸
1835 1536 1902 1591 τὰ
1925 1538 2031 1590 τῶν

457 1626 782 1696 γραφέντων
806 1625 1053 1679 εὐθύνειν
1075 1626 1395 1696 ἠϐούλοντο,
1429 1627 1529 1680 οὐκ
1555 1629 1803 1700 εἰρηνικῇ
1843 1631 2032 1701 σκέψει

463 1717 685 1781 μᾶλλον,
712 1716 772 1769 τὸ
802 1717 899 1786 μέν
923 1718 1164 1786 ἀσφαλὲς
1196 1719 1566 1787 ἐγκρίνοντες,
1592 1720 1652 1772 τὸ
1681 1721 1725 1772 δ’
1755 1723 2034 1792 άπεμφαϊ-

458 1824 547 1859 νον
596 1809 945 1871 εὐθύνοντεςο
976 1810 1201 1867 ἀλλ’ὅτι
1230 1811 1297 1863 τὰ
1356 1811 1630 1864 σκάνδαλα
1688 1810 1873 1882 ᾔρετο,
1929 1814 2035 1867 κᾶν

2139 614 2235 667 καὶ
2268 616 2436 684 μηδὲν
2466 616 2628 686 ὀρθοῦ
2681 618 2818 680 ὅλως
2864 618 3225 689 παρεκκλῖναι
3281 623 3719 693 διατεινομένους

2136 704 2412 767 λιδέλλους
2471 706 2703 776 ἐζήτουν
2757 708 3017 772 πίστεως.
3077 710 3138 763 Εἰ
3176 710 3222 765 δ’
3251 711 3446 780 ἔγρυξέ
3479 731 3561 777 τις
3589 715 3720 784 περὶ

2136 794 2424 862 δογμάτων
2472 798 2713 867 γράψας,
2747 800 2807 851 οὐ
2842 799 2904 852 τὸ
2932 802 3166 871 γραφὲν,
3223 803 3316 855 τὸν
3356 804 3640 874 γράψαντα
3668 806 3716 860 δ’

2138 887 2447 958 αίτιώμενοι
2478 890 2791 955 καταδίκαις
2824 892 3037 961 ὑπῆγον
3065 893 3346 963 ἐσχάταις.
3398 897 3509 951 Καὶ
3544 915 3715 967 προη-

2140 982 2418 1049 γουμένως
2436 982 2597 1045 αὐτὸς
2618 983 2682 1053 δὴ
2705 985 2732 1036 ὁ
2759 983 2865 1037 τῶν
2891 983 3193 1053 λογοθετῶν
3220 986 3414 1057 μέγας,
3442 988 3469 1039 ὁ
3490 987 3718 1057 καὶπῦρ

2139 1074 2316 1126 πνέων
2344 1074 2486 1145 ὑπὲρ
2518 1075 2827 1144 δογμάτων,
2859 1076 2939 1142 ὡς
2992 1078 3177 1148 ἐῴκει,
3220 1081 3447 1149 παρεῖχε
3494 1080 3557 1132 τὸ
3591 1078 3718 1146 σύγε

2139 1182 2372 1235 γραμμα
2402 1167 2675 1233 καίεσθαι,
2705 1170 2804 1238 οὐχ
2832 1171 2913 1223 ὅτι
2943 1170 3205 1238 ἔσφαλται
3239 1173 3311 1231 οἱ,
3340 1172 3480 1225 καθὰ
3522 1173 3585 1240 δὴ
3624 1175 3720 1226 καὶ

2140 1256 2300 1320 αὐτος
2342 1256 2559 1325 ἔνορκος
2593 1260 2686 1311 ἐπὶ
2737 1261 2803 1329 τῇ
2848 1258 3048 1331 συνόδῳ
3104 1259 3447 1329 διωμολόγει,
3492 1261 3722 1314 αὐτόθεν

2139 1347 2569 1417 λογογραφοῦντι
2630 1351 2759 1417 περὶ
2816 1350 3126 1419 δογμάτων,
3179 1352 3297 1405 ἀλλ’
3349 1353 3432 1406 ὅτι
3485 1354 3722 1422 γράφειν

2142 1437 2299 1508 ἐπῄει
2343 1441 2436 1492 καὶ
2480 1442 2795 1494 συντάττειν
2848 1442 3067 1510 Πτέρων
3117 1443 3257 1513 ῥητά
3288 1444 3539 1513 χρήσιμά
3600 1460 3721 1506 πως

2139 1527 2402 1582 δοκοῦντά
2436 1531 2485 1582 ei
2518 1530 2655 1596 πρὸς
2684 1530 2754 1583 τὰ
2776 1531 2898 1583 τότε
2920 1532 3239 1599 τελούμενα,
3271 1516 3449 1585 ταῦτα
3472 1533 3565 1585 καὶ
3590 1532 3722 1584 πολ-

2141 1620 2249 1673 λῶν
2272 1622 2434 1689 προτε
2446 1640 2538 1693 ρον
2558 1624 2652 1676 καὶ
2685 1624 2937 1691 μεγάλων
2954 1625 3137 1687 αὐτοῖς
3159 1625 3224 1695 δὴ
3249 1641 3460 1696 συγχρη
3471 1643 3533 1678 σα
3541 1625 3723 1693 μένων

2142 1710 2227 1777 ἐφ’
2254 1712 2463 1780 ὁμοίαις
2488 1716 2608 1778 ταῖς
2642 1714 2998 1768 ὑποθέσεσινο
3025 1715 3139 1769 ἀλλ’
3171 1717 3321 1786 ὅμως
3344 1716 3573 1786 ἐπείπερ
3617 1717 3724 1768 οὐκ

2143 1802 2201 1852 ἐν
2221 1803 2393 1873 καιρῷ
2428 1807 2655 1875 εἰρήνης
2675 1806 2993 1876 ἐλέχθησαν,
3031 1806 3148 1860 ἀλλ’
3171 1809 3256 1861 ὅτε
3281 1808 3453 1861 δεινόν
3483 1825 3535 1862 τι
3564 1806 3720 1874 κῦμα

462 1900 638 1962 καλῶς
664 1902 712 1953 οι
731 1902 1036 1970 γράφοντες
1064 1897 1214 1970 εἶχον
1243 1902 1343 1969 τῆς
1383 1901 1567 1967 δόξης⁹
1589 1878 1857 1973 oéxuazw;
1884 1904 2038 1976 ἐκρι-
2069 1878 2116 1938 Β
2146 1895 2240 1946 καὶ
2263 1897 2512 1965 τετριγὸς
2535 1900 2890 1968 κατεστρόϐει
2919 1898 3019 1969 τὴν
3057 1900 3381 1970 Ἐκκλησίαν
3409 1902 3473 1953 ἐκ
3492 1900 3590 1968 τῆς
3612 1898 3727 1951 τῶν

462 2008 553 2042 νον
578 1992 872 2055 ἐξετάζειν,
902 1991 1038 2045 ἀλλὰ
1063 1991 1223 2061 μόνον
1267 1994 1349 2045 ὅτι
1378 1994 1474 2047 καὶ
1499 1993 1745 2062 δόγματα
1770 1995 2038 2068 ἐλαλήθη-

467 2099 567 2135 σαν
594 2084 688 2136 καὶ
723 2083 936 2151 γραφαὶ⁵
988 2081 1407 2153 άνεπτύχθησαν
1457 2085 1549 2137 καὶ⁵
1579 2085 1728 2153 λόγοι
1783 2088 2039 2157 Πατέρων

465 2175 545 2235 εἰς
575 2175 747 2244 ἀκοὴν
782 2174 865 2246 [Ρ.
908 2172 994 2245 H]
1029 2174 1190 2227 ὠτίου
1246 2175 1534 2243 ἐτέθησαν,
1572 2176 1835 2249 μεγίστην
1866 2179 2039 2234 ταῦτα

467 2265 818 2336 παραεασίαν
847 2266 1159 2335 ἡγούμενοι,
1190 2266 1314 2329 τοὺς
1367 2267 1493 2336 μηδ’
1525 2268 1553 2321 ὃ
1580 2285 1632 2320 τι
1693 2267 1791 2321 καὶ
1831 2271 2042 2341 αἵρεσις

469 2445 738 2508 maximm,
775 2445 830 2498 in
876 2459 1005 2499 suas
1056 2444 1331 2499 attrahere
1360 2454 1545 2515 partes
1599 2462 1709 2501 non
1772 2447 2041 2503 inutiliter

467 2538 673 2597 conati,
711 2535 850 2589 duos
885 2537 1115 2589 thronos
1146 2544 1480 2601 statuerunt,
1515 2539 1748 2592 alterum
1788 2556 2041 2605 vacuum,

468 2627 776 2695 insignibus
802 2635 1056 2680 ornatum
1093 2629 1419 2698 patriarcha:
1449 2628 2041 2701 Constantinopolitani

466 2718 691 2788 Josephi
752 2728 807 2774 et
857 2719 1012 2788 quasi
1056 2733 1181 2774 eum
1235 2727 1743 2789 repraesentantem,
1798 2724 1943 2793 quod
1998 2724 2043 2779 is

469 2811 643 2866 morbi
678 2814 1004 2865 necessitate
1036 2812 1369 2867 decumbens
1416 2828 1652 2881 praeesse
1695 2815 1904 2885 synodo
1946 2831 2044 2870 ne-

467 2902 680 2969 quiret;
708 2902 942 2954 alterum
967 2901 1055 2956 cui
1093 2900 1269 2970 palam
1298 2904 1608 2971 praesideret
1641 2904 2043 2962 Alexandrinus

465 2990 821 3057 Athanasius,
839 3005 898 3044 se
914 2999 1096 3044 autem
1116 2992 1284 3061 ipsos,
1300 3001 1361 3046 ut
1374 2992 1596 3061 Josepbi
1611 2995 1795 3065 aegroti
1815 2995 2045 3053 vicarios

468 3093 524 3135 et
545 3086 665 3150 ejus
688 3084 1206 3143 sensuummuntios
1240 3099 1304 3138 ac
1340 3084 1636 3140 voluntatis
1665 3096 2042 3153 exsecutores,

475 3179 528 3229 in
567 3174 748 3245 capite
777 3175 965 3245 synodi
996 3176 1257 3230 ﬁxerunt.
1297 3175 1578 3248 Frequens
1610 3178 1738 3234 inde
1788 3181 2047 3235 convenit

469 3269 852 3337 episcoporum
881 3280 1078 3332 cattus,
1122 3279 1393 3338 praesente
1428 3269 1630 3324 ibidem
1674 3286 1872 3343 magno
1902 3272 2049 3344 logo-

474 3360 641 3422 thcta,
672 3370 941 3429 praesente
966 3360 1192 3431 insuper
1223 3360 1459 3432 Georgio
1492 3362 1693 3433 Cyprio
1720 3373 1775 3418 ct
1829 3364 2049 3420 rhetore

475 3453 737 3509 llolubolo
763 3468 938 3521 nuper
987 3468 1057 3508 ex
1114 3452 1288 3524 Magni
1338 3452 1469 3525 Agri
1523 3455 1857 3510 monasterio
1909 3456 2052 3510 Con-

475 3544 890 3614 stantinopolim
916 3558 1156 3610 reverso,
1186 3545 1464 3599 assidente
1489 3556 1750 3614 praeterea
1783 3547 2051 3603 monacho

476 3636 791 3691 Theodosio
817 3636 1186 3707 Saponopulo,
1221 3637 1312 3707 qui
1338 3653 1401 3692 ex
1440 3638 1633 3692 ordine
1650 3640 2053 3709 protonotario-

477 3743 597 3782 rum
630 3727 978 3797 imperatoris
1019 3728 1072 3782 in
1118 3729 1286 3782 vitam
1328 3730 1687 3783 monasticam
1737 3730 2051 3797 transierat,

477 3817 710 3887 aliisque
739 3818 939 3887 pariter
962 3818 1345 3872 assistentibus
1398 3819 1670 3887 plurimis.
1731 3819 1934 3875 Delatze
1986 3822 2054 3876 ad

480 3911 627 3965 hunc
679 3918 1011 3963 conventum
1059 3908 1290 3964 Joannis
1323 3908 1488 3964 Vecci
1545 3921 1601 3965 et
1652 3912 2052 3981 praecipuornm

478 4017 603 4056 cum
638 3999 729 4053 illo
762 4000 1067 4054 concordiae
1094 4001 1322 4055 duarum
1373 4002 1740 4055 Ecclesiarnm
1769 4013 2052 4059 auctorum

484 4094 866 4148 accusationes
887 4102 1051 4158 sunt;
1090 4094 1157 4147 de
1184 4093 1385 4162 quibus
1414 4093 1504 4162 qui
1543 4108 1640 4163 pro
1662 4093 1902 4164 Josepho
1931 4112 2057 4168 age-

485 4187 635 4250 bant,
661 4185 788 4238 ferri
839 4184 1140 4238 sententias
1198 4184 1511 4247 studebant,
1547 4201 1655 4238 non
1691 4201 1813 4254 qua:
1862 4186 2054 4257 dogma

483 4279 658 4348 ipsum
715 4278 1099 4348 dijudicarcnt,
1131 4289 1185 4333 ct
1218 4279 1347 4346 quid
1380 4287 1439 4331 ut
1484 4293 1736 4332 securum
1771 4279 1835 4332 ad
1866 4295 2056 4349 pacem

487 4370 743 4425 Ecclesia;
802 4369 1135 4432 tenendum,
1209 4372 1339 4440 quid
1394 4379 1454 4424 ut
1511 4370 1694 4425 minus
1770 4372 2054 4442 probatum

485 4463 837 4533 rejicicndum
863 4472 1026 4530 es~et,
1048 4464 1415 4519 declararent:
1436 4464 1528 4518 sed
1548 4466 1674 4533 quia
1693 4466 2056 4520 causabantur

2141 1985 2351 2039 πολλῶν
2380 1987 2739 2057 άνεγέρσεως,
2775 1988 2891 2058 ἅμα
2918 1989 2975 2042 δὲ
3018 1991 3109 2043 καί
3138 1989 3216 2059 τῷ
3241 1990 3423 2043 δοκεῖν
3448 1991 3729 2059 περιεῖναί

2140 2077 2189 2129 οἱ
2230 2078 2330 2147 τῆς
2387 2079 2818 2152 εὐσεϐείαςνούχ
2848 2079 2920 2142 ὡς
2986 2081 3125 2151 ῥητά
3156 2082 3413 2152 Πατέρων
3450 2082 3619 2133 ἐδίδου
3653 2082 3726 2135 τὰ

2144 2170 2502 2237 συνταχθέντα
2525 2173 2680 2241 πυρὶ,
2700 2150 2816 2224 άλλ’
2832 2171 2907 2233 ὡς
2934 2150 3063 2225 ἴδιον
3089 2150 3448 2243 σύγγραμμα.
3469 2173 3724 2241 Καθεξῆς

2141 2259 2185 2312 δ’
2211 2260 2302 2312 ἐπὶ
2328 2261 2503 2331 τούτῳ
2561 2264 2656 2315 καὶ
2680 2263 2740 2315 τὸ
2769 2261 2862 2316 τοῦ
2893 2263 3119 2317 παλαιοῦ
3149 2264 3387 2334 μεγάλου
3430 2265 3723 2333 λογοθέτου

2146 2458 2417 2513 nusquam
2448 2458 2475 2497 a
2513 2455 2661 2500 recta
2695 2445 2820 2501 ﬁdei
2876 2446 3178 2503 declinasse
3228 2448 3416 2518 regula
3465 2456 3520 2503 et
3576 2448 3725 2502 aﬂir-

2145 2543 2358 2588 mantes
2391 2544 2446 2589 et
2477 2547 2698 2605 paratos
2731 2537 3114 2594 demonstrare
3147 2537 3466 2603 oﬂ'erentes,
3500 2547 3558 2592 ut
3578 2548 3732 2592 atro-

2144 2628 2286 2682 cium
2322 2630 2606 2685 convictos
2633 2632 2957 2689 delictorum
2989 2632 3390 2686 damnaverunt
3435 2631 3729 2701 pomisque

2143 2719 2474 2775 addixerunt
2505 2724 2779 2776 maximis.
2814 2721 2873 2774 In
2899 2737 3006 2790 quo
3037 2731 3156 2775 erat
3194 2720 3312 2775 haec
3347 2720 3485 2774 mira
3521 2734 3726 2791 proce-

2145 2810 2311 2865 dendi
2376 2812 2533 2867 ratio.
2605 2813 2842 2867 Lihcilos
2886 2813 2956 2867 ab
3013 2827 3344 2881 unoquoque
3408 2811 3727 2882 flagitabant

2145 2905 2345 2970 quibus
2369 2915 2710 2975 exponerent
2747 2906 2878 2976 quid
2906 2906 3218 2961 crederent.
3260 2905 3499 2961 Prolatis
3535 2905 3621 2968 iis,
3673 2907 3724 2961 si

2146 2998 2276 3067 quid
2300 2999 2573 3068 quispiam
2601 3000 2669 3053 de
2694 2998 3043 3067 degmatibus
3072 2998 3391 3054 mussitasse
3420 2999 3724 3064 videretur,

2148 3090 2537 3153 damnabatur,
2565 3106 2677 3144 non
2708 3093 2996 3160 scriptum,
3024 3102 3117 3145 »ιιι
3147 3091 3386 3156 aiebant,
3437 3092 3533 3147 sed
3588 3092 3730 3146 scri-

2150 3186 2311 3245 ptor;
2347 3177 2499 3246 isque
2554 3177 2763 3231 idcirco
2819 3180 2995 3231 solum
3051 3179 3198 3247 quod
3231 3194 3295 3233 ea
3350 3178 3729 3247 consignassct

2154 3267 2348 3321 litteris
2378 3283 2500 3336 quae
2529 3283 2694 3338 prava
2735 3278 2955 3323 rectane
2971 3270 3195 3325 ’essent
3237 3270 3292 3324 in
3346 3269 3528 3324 medio
3558 3269 3731 3323 relin-

2151 3359 2440 3429 quebatur,
2517 3361 2774 3414 extremis
2837 3362 3220 3418 ecclesiastica:
3264 3375 3515 3418 censura:
3576 3360 3730 3416 notis

2150 3450 2374 3506 affectus
2409 3451 2804 3507 declarabatur.
2831 3454 3045 3509 Primus
3075 3454 3141 3509 ad
3172 3463 3500 3510 eteterorum
3537 3468 3728 3509 exem-

2151 3541 2302 3610 plum
2333 3542 2420 3597 isti
2471 3558 2534 3597 se
2584 3544 2819 3612 subjecit
2854 3546 3186 3616 ignominiae,
3213 3546 3370 3615 quasi
3427 3545 3730 3601 remedium

2153 3635 2431 3688 canonica:
2461 3635 2825 3690 absolutionis
2860 3637 3197 3705 pmnitentiaa
3241 3636 3584 3705 professione
3608 3653 3731 3692 am-

2153 3723 2330 3787 biens,
2364 3739 2593 3796 magnus
2617 3726 2893 3797 logotheta
2926 3726 3171 3793 Muzalo;
3202 3726 3298 3795 qui
3351 3728 3618 3782 simulans
3669 3744 3732 3784 se

2154 3814 2222 3869 de
2245 3815 2491 3871 doctrina
2528 3817 2668 3871 nihil
2697 3818 3077 3887 praeiudicare,
3109 3816 3311 3872 frustra
3343 3827 3478 3873 erat.
3508 3819 3732 3874 Emine-

2157 3905 2249 3959 bat
2278 3905 2420 3959 enim
2453 3906 2572 3973 ejus
2605 3906 2839 3974 ﬂagrans
2863 3906 3101 3961 studium
3130 3909 3183 3961 in
3214 3914 3405 3976 partes
3427 3907 3733 3974 processio—

2155 4012 2278 4049 nem
2309 4013 2373 4051 ex
2412 3996 2552 4051 Filio
2588 3997 2825 4068 Spiritus
2855 3999 3207 4069 negantium;
3251 3997 3411 4065 cujus
3465 3998 3735 4067 dogmatis

2159 4098 2310 4143 tanto
2334 4088 2593 4159 ﬂagrabat
2618 4089 2738 4144 zelo
2775 4097 2835 4143 ut
2859 4088 3132 4143 ﬂammam
3187 4088 3399 4159 Spit-are
3433 4089 3729 4171 videretur‘.

2157 4182 2360 4237 Tamen
2392 4182 2484 4236 ille
2506 4182 2752 4236 libellum
2781 4196 2812 4235 a
2839 4197 2898 4236 se
2929 4183 3081 4251 prius
3125 4182 3429 4250 imperante
3464 4180 3732 4235 Michaéle

2158 4275 2333 4345 palam
2361 4274 2571 4339 datum,
2600 4287 2710 4342 quo
2741 4288 2800 4327 se
2827 4274 3104 4342 professus
3143 4281 3260 4327 erat
3302 4272 3445 4327 idem
3474 4288 3597 4327 cum
3630 4272 3732 4325 La-

2159 4370 2286 4422 tinis
2310 4367 2557 4429 credere,
2583 4366 2725 4420 ultro
2745 4365 2857 4435 jam
2889 4380 3184 4420 exsecraris
3212 4374 3267 4419 et
3295 4364 3731 4419 eomburendum

2158 4460 2415 4524 oﬂ'erens,
2449 4457 2812 4529 jurejurando
2846 4456 3012 4512 etiam
3062 4457 3391 4526 interposito
3416 4464 3500 4511 est
3545 4471 3732 4510 coram

485 4556 800 4611 scandalum
836 4567 1014 4609 ortum
1050 4571 1114 4610 ex
1144 4556 1525 4626 intempestiva
1548 4558 1655 4627 26
1700 4558 2045 4612 ventilatione

2163 4551 2371 4622 synodo
2410 4548 2698 4620 professus
2726 4562 2850 4603 sese
2876 4548 3019 4602 haud
3054 4547 3178 4602 ideo
3203 4546 3437 4603 ﬂammis
3465 4552 3569 4602 hoc
3595 4548 3735 4601 scri-

484 4646 849 4715 anestionum
880 4662 1016 4716 quas
1048 4646 1411 4718 inexploratas
1444 4647 1676 4717 relinqui
1702 4650 2050 4719 praestiterat,

482 4739 889 4793 contendebant
930 4755 1039 4793 non
1091 4756 1209 4795 esse
1266 4741 1649 4811 inquirendum
1712 4751 1928 4796 rectene
1984 4756 2054 4795 an

488 4846 650 4885 secus
675 4833 764 4901 qui
801 4832 868 4885 de
915 4832 1302 4888 controversiis
1361 4849 1536 4902 nuper
1569 4833 1767 4887 motis‘
1783 4848 1908 4887 suas
1939 4833 2055 4885 edi-

491 4920 685 4973 derant
707 4920 1006 4975 sententias
1035 4922 1405 4991 scripsissent,
1459 4939 1649 4976 rerum
1680 4936 1775 4975 eos
1806 4921 1907 4976 hoc
1940 4921 2057 4991 ipso

488 5011 632 5080 quod
680 5012 931 5082 dogmata
971 5014 1288 5077 movissent,
1350 5016 1495 5084 quod
1539 5017 1590 5067 in
1627 5014 2055 5082 disputationem

490 5102 642 5170 prius
668 5101 719 5155 in
750 5117 847 5156 usu
896 5104 1077 5158 habita
1113 5115 1439 5170 vocassent;
1476 5102 1623 5172 quod
1645 5103 1944 5170 scripturas
1978 5118 2061 5154 re-

490 5197 808 5267 plicassent,
844 5201 988 5267 quod
1020 5215 1116 5267 per
1139 5199 1260 5253 illos
1291 5198 1452 5251 fando
1482 5196 1682 5249 audita:
1712 5197 1838 5247 dum
1865 5193 2060 5247 recita-

491 5301 678 5345 rentur
704 5290 928 5345 Patrum
979 5291 1335 5345 auctoritates
1383 5296 1593 5352 essent,
1634 5295 1889 5355 tanquam
1940 5300 2057 5355 per.

492 5382 802 5437 turbatores
834 5382 1036 5452 quietis
1082 5381 1313 5451 publicm
1340 5395 1405 5433 ac
1437 5377 1748 5448 gravissimi
1803 5392 1926 5434 reos
1956 5378 2062 5431 cri-

491 5475 655 5530 minis
710 5475 1067 5530 condemnari
1106 5473 1461 5543 satagebant;
1526 5479 1580 5524 et
1631 5471 2063 5540 obsequentibus

490 5582 627 5635 quos
657 5574 1116 5631 convocaverant,
1140 5580 1332 5620 revera
1356 5563 1799 5617 condemnandos
1835 5576 2063 5616 curave-

491 5667 642 5722 runt,
677 5673 741 5712 ac
771 5658 1091 5729 gravissima
1137 5670 1367 5724 quaeque
1418 5653 1912 5709 animadversionis
1968 5669 2063 5709 eco

489 5750 810 5810 clcsiasticae
834 5749 1084 5817 exempla
1120 5762 1175 5800 In
1207 5760 1302 5800 eos
1355 5744 1667 5811 ediderunt,
1703 5759 1843 5815 quos
1896 5761 1956 5801 se
1995 5760 2065 5800 ne

491 5838 719 5895 minima
742 5839 960 5909 quidem
993 5850 1245 5908 aspersos
1292 5835 1628 5890 conscientia
1663 5834 1958 5901 haereseos,
2011 5842 2063 5887 et

2158 4655 2311 4714 ptum
2346 4644 2574 4708 donare,
2604 4640 2748 4711 quod
2787 4640 2894 4694 sibi
2922 4648 3069 4695 esset
3090 4640 3348 4695 conscius
3396 4656 3623 4709 pravum
3679 4641 3734 4693 in

2156 4751 2223 4788 eo
2260 4742 2354 4788 aut
2376 4750 2406 4787 a
2437 4749 2570 4788 sana
2598 4731 2845 4788 doctrina
2872 4746 3135 4785 exerrans
3160 4731 3436 4801 quidpiam
3472 4732 3734 4801 positum,

2157 4826 2249 4880 sed
2274 4826 2527 4895 quoniam
2551 4832 2869 4894 agnosceret
2889 4838 2956 4878 eo
2974 4824 3092 4891 ipso
3121 4839 3179 4878 se
3201 4824 3436 4895 graviter
3457 4838 3735 4894 peccasse,

2159 4917 2304 4984 quod
2357 4916 2584 4972 omnino
2618 4915 2861 4971 scribere
2918 4915 2987 4970 de
3043 4915 3295 4985 dogmate
3346 4930 3514 4969 ausus
3564 4926 3733 4978 esset,

2159 5010 2303 5079 quod
2338 5011 2404 5064 de
2440 5010 2638 5065 talibus
2665 5010 2958 5074 disserere,
2989 5009 3131 5079 quod
3175 5009 3396 5063 Patrum
3421 5007 3735 5061 testimonia

2158 5101 2226 5155 de
2263 5102 2349 5156 bis
2385 5102 2679 5170 inquirere,
2722 5117 3039 5166 congerere,
3068 5101 3473 5154 accommodata
3496 5108 3552 5154 et
3586 5100 3736 5154 utilia

2163 5200 2290 5245 tunc
2320 5192 2434 5244 visa
2460 5190 2527 5243 ad
2557 5205 2776 5244 causam
2802 5206 2924 5261 qua:
2955 5198 3230 5259 ageretur,
3264 5187 3391 5240 licet
3440 5202 3550 5239 non
3585 5187 3739 5256 igno-

2162 5292 2301 5336 raret
2333 5281 2439 5350 27
2470 5281 2612 5334 idem
2643 5281 2773 5335 olim
2807 5296 2837 5334 a
2867 5282 3054 5335 multis
3085 5286 3141 5332 et
3167 5279 3381 5349 magnis
3415 5278 3548 5334 viris
3570 5277 3736 5331 simili

2161 5375 2451 5429 occasione
2502 5373 2829 5427 factitatum.
2890 5373 3090 5426 Verum
3144 5370 3271 5440 quia
3309 5371 3401 5425 illa
3430 5379 3563 5424 tunc
3607 5384 3637 5422 a
3677 5384 3738 5424 se

2162 5480 2273 5519 non
2306 5474 2554 5531 tempore
2588 5463 2736 5532 pacis
2785 5462 3016 5532 allegata
3044 5450 3297 5523 fuissent,
3339 5467 3393 5512 at
3429 5458 3740 5526 importune

2163 5564 2382 5626 oggesta
2418 5565 2531 5609 tum
2570 5571 2691 5610 cum
2719 5564 2874 5607 atrox
2898 5563 2954 5607 et
2988 5551 3467 5607 vehementissima
3500 5548 3738 5618 procella

2164 5646 2319 5702 saevis
2358 5647 2485 5700 hinc
2519 5645 2648 5699 inde
2702 5644 2960 5699 ﬂuctibus
3021 5642 3319 5696 multorum
3373 5640 3740 5709 undecunque

2167 5740 2565 5810 insurgentium
2596 5738 2894 5792 Ecclesiam
2920 5745 3106 5805 ageret
3133 5735 3429 5802 ferretque,
3452 5747 3581 5802 ergo
3613 5733 3741 5799 quia

2168 5831 2224 5888 in
2285 5848 2351 5886 eo
2406 5846 2461 5885 sc
2525 5829 2787 5900 religione
2840 5841 3245 5897 supervacanea
3312 5811 3741 5892 intemperanter
