4094 6418
358 375 429 436 33
1334 375 1432 435 DE
1480 373 1927 435 ANDRONICO
1967 372 2423 434 PALEOLOGO
2465 376 2614 440 LIB.
2662 377 2709 438 Ι.
3549 379 3620 441 34

351 495 714 563 σύγγραμμα,
732 489 934 560 ὁμοίως
959 490 1176 542 κάκεῖνο
1198 488 1341 558 ἕχον.
1368 492 1460 542 καῖ
1487 489 1665 551 ἄλλοις
1693 483 1770 551 οἷς
1800 488 1933 558 γρόι-
1967 497 2005 549 Α
2036 486 2144 539 τῶν
2167 490 2392 557 γραφῶν
2433 493 2495 541 ού
2550 489 2743 551 καλαῖς
2791 490 2908 551 ταῖς
2961 488 3163 551 αίτίαις
3194 488 3480 561 ξυνείχετο,
3511 496 3619 549 κᾶν

348 599 474 651 φειν
499 583 655 653 ἐπῄει
680 585 775 635 καὶ
802 582 964 652 μόνον
993 580 1300 649 μεμνῆσθαι
1320 581 1606 651 δογμάτων
1640 580 1935 647 ἐπάγοντες

2043 579 2201 648 μόνος
2226 581 2462 643 ἐκεῖνος,
2503 580 2728 649 μηδενὸς
2767 578 2933 632 ἄλλου·
2973 584 3347 651 συμπράττειν
3377 585 3619 653 τολμῶν-

350 676 564 745 μῶμον,
604 675 739 745 πυρὶ
765 674 1087 745 παρεδίδουν
1116 674 1244 736 τοὺς
1266 673 1486 743 τόμους.
1511 671 1793 726 Ἐντεῦθεν
1811 670 1934 723 οὐδὲ
2034 683 2147 731 τος,
2181 667 2461 736 θεολογίας
2486 669 2715 738 ἄπειρον
2746 668 2984 735 πέλαγος
3016 670 3201 739 μικρῷ
3235 688 3343 724 τινι
3379 674 3612 745 ἀκατίῳ,

347 768 439 819 τὸν
474 764 993 835 πατριαρχεύσαντα
1041 763 1295 830 Ἰωάννην
1326 761 1517 816 αἰτιῶν
1546 761 1760 831 ὴιρίουν,
1797 759 1934 813 ἀλλὰ
2034 758 2358 833 ἀνθρωπίνῳ
2397 758 2495 822 νοῒ,
2533 761 2912 828 παραμετρεῖν
2946 760 3149 829 ἐτόλμα
3185 763 3504 830 πειρᾶσθαι,
3534 765 3615 836 τῷ

343 857 441 911 καὶ
473 856 676 925 μᾶλλον
702 857 911 909 ἐκεῖνον
934 856 1132 919 αἰτίαις
1163 856 1376 922 ὑπῆγον
1397 855 1684 925 αἱρέσεως,
1724 854 1805 907 ὅτι
1839 853 1933 905 καὶ
2034 846 2176 915 ὑπὲρ
2203 848 2304 914 τῆς
2336 849 2560 918 εἰρήνης
2614 847 2761 918 ζήλῳ
2816 848 3003 916 ὥσπερ
3061 848 3172 902 sua
3204 850 3480 918 φώσσωνι,
3537 856 3614 918 ὼς

343 947 440 999 ἐπὶ
472 949 588 1009 τοϊς
619 945 882 1015 Πατέρων
903 947 1023 1008 ταῖς
1049 945 1329 1014 ἀληθείαις
1362 946 1547 1015 ῥητοῖς
1568 944 1929 1015 λιχνευσάμε-

340 1055 434 1099 νος
463 1036 756 1099 ἀντιλαδὰς
779 1036 978 1090 διδόναι
1004 1039 1114 1099 τοῖς
1143 1036 1490 1105 αἰτιωμένοις
1516 1036 1592 1098 ὡς
1614 1036 1760 1098 είκὸς
1785 1036 1928 1088 ἐκιν-

335 1128 557 1192 δύνευε,
591 1127 686 1180 καὶ
726 1128 880 1196 παρὰ
908 1128 969 1180 τὸ
997 1128 1143 1190 εἰκὸς
1173 1128 1302 1190 ταῖς
1323 1127 1554 1191 ἐννοίαις
1604 1127 1713 1180 τῶν
1748 1127 1930 1196 ῥητῶν

337 1218 669 1284 ὲμὸαθύνων
696 1219 791 1271 ἐπὶ
818 1220 931 1282 τοῖς
952 1218 1093 1288 ὑπὲρ
1119 1218 1245 1271 νοῦν
1267 1217 1638 1288 ἀνθρωπίναις
1663 1217 1926 1295 διανοίαις

338 1326 418 1362 πα
430 1307 709 1380 ρατολμᾷν
732 1306 751 1339 ί
773 1309 844 1363 τὰ
876 1309 984 1378 γὰρ
1013 1309 1143 1380 περὶ
1182 1309 1318 1361 Θεοῦ
1346 1312 1525 1378 σιωπῇ
1558 1309 1758 1378 μᾶλλον
1782 1308 1927 1378 ἔχειν

334 1416 400 1452 τε
432 1399 532 1453 καὶ
565 1400 736 1471 τιμᾷν
764 1401 799 1471 ἢ
829 1401 1013 1469 λόγοις
1055 1401 1311 1472 συνιστᾷν
1337 1400 1433 1455 καὶ
1457 1400 1722 1456 δεικνύειν
1750 1402 1924 1471 πέφυο

337 1507 461 1545 κεν.

447 1603 514 1656 θ’.
551 1603 689 1672 Περὶ
722 1603 829 1657 τοῦ
877 1602 1103 1658 Βέκκου
1141 1605 1240 1657 καί
1281 1603 1395 1674 τῆς
1422 1607 1615 1670 αἰτίας
1661 1604 1819 1670 ὅπως

997 1675 1279 1743 ἔγραφεν.

424 1765 663 1828 Ἐκεῖνος
693 1766 875 1817 τοίνυν
907 1766 969 1817 τὸ
991 1767 1055 1817 ἐκ
1082 1762 1309 1836 [ΡΛ
1345 1764 1556 1836 Πατρὸς
1605 1765 1672 1818 δι’
1704 1764 1834 1819 Υἱοῦ
1863 1766 1924 1819 τὸ

2033 938 2240 1001 ἐκεῖνος
2260 939 2415 1008 ῴετο,
2439 939 2853 1009 κουφιζόμενος,
2881 939 3155 996 πιστεύων
3174 945 3287 1004 τοῖς
3318 944 3612 1012 ὀψιγόνοις,

2030 1028 2106 1092 ὡς
2138 1029 2315 1097 ἔλεγε,
2352 1030 2455 1084 κᾶν
2481 1033 2533 1084 of.
2558 1032 2824 1102 παρόντες
2849 1034 2949 1085 ούκ
2990 1033 3316 1104 ἀπεδέχοντο
3340 1036 3400 1087 τὸ
3429 1038 3614 1106 ἐγχεί-

2032 1137 2201 1191 ρημα.
2251 1124 2486 1184 Ἐκεῖνος
2503 1125 2685 1176 τοίνυν
2708 1125 2804 1188 τὰς
2835 1125 2942 1177 τῶν
2970 1126 3145 1194 ἁγίων
3177 1127 3396 1198 γραφὰς
3424 1131 3614 1197 ἐπιμε-

2030 1207 2277 1276 λέστερον
2325 1210 2704 1281 διερχόμενος,
2739 1215 2798 1266 τὸ
2860 1214 2958 1283 μὲν
3004 1217 3068 1267 ὲκ
3100 1216 3315 1286 Πατρὸς
3363 1218 3431 1270 δι’
3478 1218 3612 1271 Υιοῦ

2030 1300 2376 1367 προχεῖσθαι,
2433 1302 2756 1373 ἐκλάμπειν,
2810 1304 3186 1375 χορηγεῖσθαι,
3251 1310 3500 1378 προϊέναι
3549 1310 3612 1362 τὸ

2029 1390 2253 1458 Πνεῦμα
2303 1393 2366 1445 τὸ
2424 1395 2577 1461 ἅγιον
2626 1396 2836 1449 πολλῶν
2886 1401 2980 1451 καὶ
3036 1400 3292 1467 πολλάκις
3343 1404 3609 1471 λεγόντων

1936 1562 1940 1565 _
2028 1481 2319 1547 ἐμάνθανε,
2346 1484 2407 1537 τὸ
2431 1486 2486 1537 δὲ
2520 1486 2613 1540 καὶ
2642 1489 3039 1557 ἐκπορεύεσθαι
3072 1489 3303 1562 πρώτως
3334 1496 3433 1563 μὲν
3454 1497 3608 1565 παρὰ
3630 1520 3643 1532 ·

2026 1571 2104 1641 τῷ
2147 1566 2368 1646 μεγάλῳ
2392 1577 2630 1648 Μαξίμῳ
2658 1580 2823 1648 ῥηθὲν
2852 1581 3100 1652 εὕρισκε,
3128 1584 3392 1654 δευτέρως
3424 1587 3481 1640 δὲ
3512 1589 3608 1641 καὶ

2027 1661 2177 1731 παρὰ
2196 1664 2274 1731 τῷ
2304 1665 2746 1738 θεολογικωτάτῳ
2768 1671 3136 1742 Δαμασκηνῷ,
3172 1674 3258 1741 ἐφ’
3284 1670 3365 1737 οἷς
3396 1680 3488 1728 καὶ
3513 1676 3606 1729 τὸν

2028 1753 2202 1820 μέγαν
2236 1754 2514 1824 Ταράσιον
2551 1760 2649 1813 σὺν
2684 1760 2885 1831 ἑϐδόμῃ
2919 1763 3068 1833 πάσῃ
3094 1766 3315 1835 συνόδῳ,
3357 1767 3451 1820 ἐπὶ
3472 1768 3605 1835 ὁμο-

336 1853 568 1923 Πνεῦμα
600 1853 754 1923 παρὰ
778 1853 887 1906 τῶν
916 1854 1173 1923 Πατέρων
1210 1854 1503 1923 λεγόμενον
1525 1855 1922 1927 ἐκπορεύεσθαι
1953 1827 1998 1888 Β
2025 1845 2180 1917 λογιιι
2206 1849 2305 1919 τῆς
2345 1851 2579 1915 πίστεως
2609 1855 2744 1923 πρὸς
2772 1856 2897 1918 τοὺς
2937 1857 3291 1921 ἀνατολικοὺς
3318 1862 3562 1930 πατριάρ
3580 1888 3594 1900 ·

335 1946 431 1998 ἐπὶ
453 1948 514 2014 τῇ
542 1944 794 2016 θεολογίᾳ
822 1945 919 1998 τοῦ
944 1945 1279 2016 Ηνεύματος,
1312 1947 1387 2017 μὴ
1415 1946 1572 2000 τοῦτο
1593 1949 1755 2016 μόνον
1783 1948 1924 2017 λαμ-

337 2036 517 2088 ϐάνων
545 2035 631 2087 ὅτι
680 2034 985 2105 πρόσθεσις
1015 2038 1109 2089 καὶ
1140 2037 1293 2104 παρὰ
1316 2040 1430 2100 τοῖς
1471 2039 1763 2109 ἡμετέροις
1814 2040 1922 2091 Πα-

344 2126 500 2196 τράσι
540 2126 872 2196 τετόλμηται
905 2125 997 2180 ἐπ’
1033 2129 1170 2198 αὐτῇ
1210 2126 1275 2197 δὴ
1320 2128 1492 2200 ταύτῃ
1518 2131 1584 2199 τῇ
1620 2130 1922 2201 ἀνεννοήτῳ

340 2224 401 2269 ζκ
439 2215 651 2287 Πατρδς
676 2217 1005 2290 ἐκπορεύσει
1030 2219 1127 2273 τοῦ
1160 2219 1500 2291 Πνεῦματος,
1550 2215 1701 2291 ἐερλῷ
1728 2240 1792 2291 γε
1819 2223 1920 2295 τὴν

338 2307 663 2378 προσθήκην
689 2309 801 2362 τῶν
841 2310 1062 2363 Ἰταλῶν
1090 2311 1277 2364 ἰᾶσθαι
1318 2312 1553 2381 μετρίως
1579 2311 1728 2376 ἴσως,
1762 2313 1921 2383 εἴπερ

335 2400 612 2468 ἐϐούλετο,
629 2401 766 2454 ἀλλὰ
789 2403 885 2455 καὶ
903 2402 1085 2467 διδοὺς
1110 2403 1394 2469 ἑξετάσεσι
1423 2404 1519 2458 καὶ
1548 2406 1617 2459 τὰ
1639 2404 1778 2473 ὑπὲρ
1794 2404 1919 2458 νοῦν

334 2492 576 2559 ἐρευνῶν
619 2493 985 2564 ἀνθρωπίνοις
1016 2496 1282 2565 νοήμασιν
1333 2495 1523 2550 ἔλαθεν
1558 2497 1659 2550 οὐκ
1710 2499 1919 2561 οἰσταίς

332 2584 541 2646 αἰτίαις
584 2584 896 2655 περιϐαλὼν
928 2586 1147 2640 ἑαυτόν.
1205 2587 1280 2641 Ού
1315 2589 1500 2657 χεῖρον
1538 2588 1584 2640 δ’
1615 2590 1791 2642 εἰπεῖν
1822 2590 1918 2643 καὶ

332 2674 678 2746 διασαφῆσαι
727 2678 788 2730 τό
820 2694 883 2746 γε
912 2676 1279 2747 ξυμϐεϐηκὸς,
1317 2679 1415 2733 καὶ
1446 2678 1556 2733 τίσι
1589 2680 1918 2751 περιπαρεὶς

336 2856 537 2909 elatum
570 2869 695 2909 sero
717 2854 937 2911 tandem
967 2856 1245 2926 ptenitens
1280 2856 1623 2929 intelligeret,
1682 2859 1814 2915 velle
1858 2860 1914 2914 in

342 2947 764 3002 detestationem
799 2948 921 3017 ejus
948 2949 1154 3004 erroris
1181 2948 1307 3020 igne
1338 2949 1585 3004 consumi
1621 2951 1725 3006 hoc
1756 2966 1913 3006 suum

351 3037 624 3106 scriptum,
699 3054 810 3093 non
883 3051 1163 3111 quatenus
1223 3041 1537 3096 testimonia
1597 3042 1914 3098 continebat

2025 1955 2148 2007 χαις,
2198 1941 2467 2012 ἁριδήλως
2521 1946 2764 1998 κατενόει
2820 1946 3222 2015 θεολογοῦντας.
3255 1950 3442 2019 Εύρὼν
3473 1952 3603 2019 γοῦν

2022 2028 2114 2081 τὸν
2142 2030 2233 2083 τοῦ
2263 2034 2589 2102 Μαρωνείας
2613 2036 2863 2106 Νικήταν
2891 2046 2983 2091 καὶ
3007 2040 3418 2109 χαρτοφύλακα,
3440 2041 3601 2095 ὓστε-

2024 2136 2116 2189 ρον
2141 2122 2197 2175 δὲ
2225 2122 2319 2176 καὶ
2344 2124 2743 2196 Θεσσαλονίκης
2767 2128 3053 2199 πρόεδρον,
3081 2132 3176 2184 καὶ
3198 2131 3290 2184 ἐπὶ
3310 2133 3482 2203 τούτῳ
3503 2137 3602 2188 καὶ

2023 2213 2113 2267 τὸν
2154 2214 2467 2285 Βλεμμίδην
2500 2217 2813 2288 Νικηφόρον
2841 2223 3080 2290 γραφαῖς
3111 2225 3603 2294 συγχρησαμένους

2022 2305 2101 2365 είς
2125 2304 2224 2375 τὴν
2261 2305 2402 2375 ὑπὲρ
2435 2306 2544 2360 τῶν
2590 2307 2809 2362 Ἰταλῶν
2839 2309 2915 2371 ὡς
2942 2311 3101 2380 δῆθεν
3137 2315 3430 2383 ἀπυλογίαν
3454 2358 3469 2378 ,
3505 2321 3602 2371 καὶ

2020 2395 2226 2447 Φώτιον
2254 2395 2418 2450 αὑτὸν
2445 2396 2671 2463 λέγοντα
2701 2397 2775 2460 ὠς
2807 2400 2900 2451 καὶ
2940 2401 3265 2473 ’Λμδρόσιός
3291 2421 3349 2456 τε
3378 2406 3603 2477 καὶᾼύο

2023 2489 2302 2554 γουστῖνος
2335 2488 2428 2541 καὶ
2450 2489 2632 2557 τρίτος
2673 2487 2992 2561 Ἱερώνυμος
3013 2492 3160 2548 οὕτω
3189 2495 3328 2563 μετὰ
3353 2495 3595 2567 προοθήο

2021 2596 2129 2649 κης
2175 2579 2484 2649 ὲθεολόγουν
2517 2582 2649 2652 περὶ
2680 2584 2776 2637 τοῦ
2835 2584 3171 2655 Πνεύματος,
3202 2586 3320 2641 ἀλλ’
3347 2587 3422 2650 ὡς
3463 2587 3593 2657 Ῥω-

2023 2674 2172 2743 μαῖοι
2222 2674 2441 2737 πάντως
2487 2675 2579 2727 καὶ
2632 2675 2729 2746 οὐχ
2778 2676 2853 2738 ὡς
2879 2676 3106 2745 Γραικοὶ
3144 2677 3384 2748 ἔγραφόν
3406 2695 3465 2731 τε
3498 2682 3597 2734 καὶ

2019 2853 2136 2923 ejus
2173 2851 2312 2907 facto
2360 2852 2713 2921 consiliisque
2759 2868 2823 2909 ac
2853 2868 3116 2922 processu
3144 2855 3396 2925 ancipitis
3427 2857 3596 2926 empti

2019 2945 2237 3000 tradere
2292 2945 2383 2999 hic
2460 2945 2664 3013 aliquid
2715 2945 3029 3002 distinctius
3102 2963 3284 3017 operte
3350 2948 3587 3018 pretium

2017 3037 2292 3103 existimo,
2333 3044 2391 3091 ut
2421 3037 2752 3107 intelligatur
2790 3037 2991 3107 quibus
3027 3040 3325 3094 transfixus
3368 3057 3594 3095 accusa-

350 3130 578 3191 Patrum.
633 3133 731 3186 sed
783 3142 1057 3200 quatenus
1091 3132 1176 3187 sui
1230 3133 1400 3203 ipsius
1450 3133 1592 3189 fetus
1638 3144 1782 3191 esset
1827 3136 1914 3190 in-
1940 3160 1984 3219 ο
2023 3128 2286 3194 tionibus,
2322 3144 2431 3183 non
2456 3129 2623 3198 justis
2658 3146 2790 3184 sane
2815 3135 3014 3192 causis.
3050 3147 3178 3187 reus
3219 3136 3291 3187 sit
3317 3146 3592 3203 peractus,

341 3220 508 3290 genii.
537 3220 959 3291 Consequenler
989 3225 1254 3292 scriptum
1288 3239 1453 3294 super
1511 3227 1705 3281 eodem
1750 3243 1914 3297 argu-

334 3320 524 3367 mento
552 3313 753 3368 veteris
785 3315 971 3384 magni
995 3313 1284 3383 logothetas
1310 3317 1661 3385 productum,
1699 3318 1914 3388 aliaque

332 3403 592 3469 aliorum,
640 3414 695 3459 et
745 3404 946 3473 quibus
1016 3406 1413 3477 qualiscunque
1475 3407 1684 3463 mentio
1732 3408 1915 3465 inesse

326 3496 654 3566 dogmatnm
689 3495 1035 3566 deprehensa
1067 3505 1174 3561 est,
1212 3498 1467 3553 universa
1501 3508 1559 3554 ut
1592 3515 1658 3555 eo
1690 3501 1913 3556 nomine

327 3585 556 3641 abunde
585 3600 679 3640 rea
709 3585 820 3657 igni
843 3596 977 3643 sunt
1013 3587 1228 3644 tradita.
1256 3588 1350 3646 llis
1374 3591 1529 3659 quasi
1578 3593 1914 3661 prastructis

324 3680 398 3735 ad
439 3679 606 3735 γι·σοί
636 3693 857 3735 causam
882 3681 1234 3750 prtejudieiis,
1270 3682 1452 3752 ipsum
1504 3692 1634 3739 sunt
1679 3684 1913 3753 denique

325 3770 574 3841 aggressi
601 3770 787 3826 animo
812 3771 1119 3836 infensiori,
1151 3775 1355 3845 quippe
1391 3790 1552 3846 quem
1586 3790 1692 3830 non
1720 3776 1916 3831 intem-

331 3863 563 3930 pestiva
593 3862 757 3917 modo
781 3863 1043 3918 motionis
1104 3865 1442 3934 dogmatum,
1482 3866 1576 3923 sed
1636 3867 1912 3923 haereseos

329 3968 489 4006 reum
528 3968 792 4024 peragere
815 3954 1125 4010 studerent.
1155 3957 1223 4009 Et
1247 3965 1364 4011 erat
1394 3958 1486 4012 ille
1515 3957 1734 4027 quidem
1766 3959 1909 4013 haud

328 4042 500 4097 dubie
529 4043 653 4112 ejus
686 4043 886 4109 aﬂinis,
919 4045 988 4100 de
1014 4061 1121 4115 qua
1150 4048 1313 4103 modo
1335 4057 1416 4102 est
1441 4047 1670 4113 dictum,
1714 4050 1913 4104 intem-

331 4129 621 4200 perantiae,
669 4131 837 4187 nimia
868 4134 1190 4190 curiositate
1235 4137 1655 4192 scrutandarum
1678 4152 1912 4194 arcana-

332 4238 456 4275 rum
505 4223 796 4278 veritatum
858 4240 994 4295 quas
1046 4228 1265 4297 scriptis
1328 4229 1613 4285 abstrusas
1662 4229 1908 4296 Patrum,

330 4313 446 4368 illic
472 4322 731 4383 tanquam
756 4315 813 4369 in
840 4330 999 4370 sacro
1046 4318 1283 4385 quodam
1323 4329 1537 4386 operto,
1564 4328 1621 4374 ut
1671 4320 1912 4376 humano

326 4409 650 4476 superiores
685 4415 874 4476 captu,
916 4407 1080 4463 tacite
1120 4409 1465 4479 obnoxieque
1504 4412 1752 4466 venerari
1788 4412 1911 4466 fue-

2017 3221 2111 3290 qui
2147 3228 2379 3276 eatenus
2429 3230 2641 3276 tantum
2696 3223 2871 3291 culpae
2932 3222 3110 3277 afﬁnis
3161 3224 3331 3279 videri
3392 3228 3592 3295 potuit,

2016 3313 2161 3381 quod
2190 3314 2371 3375 solus,
2405 3314 2625 3367 nemine
2645 3314 2752 3368 alio
2779 3314 2879 3383 ipsi
2905 3315 3187 3383 cooperari
3211 3317 3278 3370 ad
3302 3317 3406 3370 hoc
3435 3334 3589 3376 auso.

2017 3403 2300 3473 theologia:
2336 3405 2662 3458 immensum
2694 3403 2916 3474 pelagus
2945 3404 3134 3474 exigua
3157 3405 3344 3476 cymba
3365 3406 3591 3461 humani

2016 3495 2220 3565 ingenii
2277 3494 2628 3548 transfretare
2655 3494 2838 3548 conari
2873 3510 2980 3549 non
3015 3497 3363 3564 dubitaverit,
3412 3501 3594 3553 studio

2016 3583 2163 3654 pacis
2192 3584 2342 3638 velut
2386 3583 2623 3653 quodam
2681 3584 2859 3638 velum
2899 3585 3223 3654 impulsuro,
3285 3598 3341 3641 ut
3369 3589 3589 3655 quidem

2015 3671 2264 3745 putabat,
2296 3689 2324 3728 a
2355 3676 2520 3745 puppi
2552 3685 2719 3729 vento
2781 3677 3169 3744 provehendus
3221 3679 3275 3732 in
3340 3691 3585 3747 optatura

2014 3777 2257 3838 portum,
2288 3767 2706 3837 confidensque,
2742 3769 2887 3838 quod
2923 3769 3105 3824 dicere
3138 3771 3370 3834 solebat,
3403 3783 3590 3842 poste-

2016 3861 2092 3913 ris
2116 3867 2267 3914 certe
2321 3859 2658 3915 laudandum
2700 3875 2861 3914 suum
2892 3860 3211 3926 consilium,
3246 3862 3296 3916 si
3323 3863 3503 3919 minus
3536 3865 3588 3918 id

2015 3966 2258 4020 prmsens
2288 3962 2418 4006 actas
2467 3953 2699 4021 probare
2730 3951 3012 4007 voluisset.
3046 3951 3185 4023 Ergo
3223 3952 3319 4007 iile
3366 3965 3561 4009 sancto

2015 4056 2134 4094 tum
2163 4040 2362 4109 scripta
2391 4039 2655 4094 attentius
2684 4040 2972 4110 perlegens
2996 4039 3051 4093 in
3080 4039 3275 4095 horum
3311 4042 3590 4111 plerisque

2014 4148 2158 4201 saepe
2187 4131 2292 4186 dici
2364 4131 2675 4186 observavit
2724 4141 2972 4185 sanctum
3013 4128 3278 4201 Spiritum
3304 4148 3372 4187 ex
3430 4133 3589 4189 Patre

2014 4238 2113 4294 per
2152 4223 2349 4277 Filium
2388 4222 2667 4293 profundi,
2705 4222 3145 4292 explendescere.
3177 4223 3424 4293 prmberi,
3460 4243 3589 4295 pro-

2013 4315 2149 4371 dire.
2186 4314 2488 4370 Proeedere
2536 4315 2669 4384 quin
2704 4320 2869 4396 etiam
2922 4314 3156 4385 primum
3210 4316 3463 4371 allirmari
3505 4336 3590 4373 rc-

2017 4407 2159 4476 perit
2191 4422 2221 4461 a
2257 4416 2448 4462 sancto
2475 4406 2736 4471 Maximo,
2791 4407 2989 4461 deinde
3042 4423 3071 4460 a
3111 4423 3325 4464 summo
3370 4424 3589 4479 quoque

330 4508 413 4551 rat
458 4499 677 4564 satius:
714 4508 976 4553 caeterum
1003 4499 1235 4554 ulterius
1258 4500 1572 4556 nitebantur
1605 4501 1724 4570 ejus
1751 4516 1909 4556 accn-
1942 4495 1987 4550 D
2019 4499 2270 4571 theologo
2309 4498 2674 4563 Datnaseeno;
2708 4499 2905 4567 quibus
2938 4508 3305 4555 consentanee
3332 4504 3584 4570 magnum

328 4600 565 4654 satores,
598 4589 688 4659 qui
718 4605 842 4645 eum
876 4591 979 4645 ista
1026 4591 1445 4663 investigatione
1471 4594 1676 4662 impetu
1717 4597 1906 4649 conci-

330 4692 508 4735 tatum
544 4682 718 4737 nimio
742 4683 1113 4754 praecipitasse
1167 4684 1221 4737 in
1256 4684 1490 4739 haeresin
1527 4685 1907 4742 demonstrare

326 4773 697 4828 conabantur.

567 4904 622 4959 9.
660 4902 734 4959 De
773 4903 938 4960 νει-σο
964 4917 1015 4960 et
1053 4923 1216 4960 causa
1244 4924 1339 4961 cur
1375 4909 1665 4977 scripserit.

397 5038 675 5094 Nimirum
733 5040 863 5095 illud
902 5043 1047 5110 quod
1089 5040 1299 5103 Patres,
1326 5042 1462 5096 dum
1507 5043 1680 5097 sancti
1731 5041 1906 5112 Spiri-

329 5142 417 5186 tus
489 5131 818 5201 tbeoIOgiam
880 5132 1179 5203 explicant,
1254 5132 1553 5189 afﬁrmasse
1601 5135 1905 5199 constabat,

325 5237 453 5275 eum
484 5237 553 5277 ex
588 5222 751 5277 Patre
788 5238 889 5292 per
932 5222 1130 5277 Filium
1181 5224 1501 5294 procedere,
1548 5233 1906 5294 praeterquam

323 5327 391 5366 eo
421 5311 717 5375 trahebat,
766 5313 1033 5368 hactenus
1082 5313 1458 5377 tolerabiliter,
1492 5322 1550 5368 ut
1584 5312 1904 5368 Latinorum

322 5404 627 5460 additionis
660 5407 913 5475 exemplo
951 5420 1211 5460 ausorum
1252 5405 1400 5474 paria
1451 5405 1765 5460 Grmcorum
1808 5407 1909 5461 Pa-

327 5509 478 5554 trum
526 5499 787 5554 invidiam
846 5499 1142 5564 minueret,
1184 5499 1348 5553 etiam
1401 5499 1681 5569 prurigine
1742 5500 1907 5554 studii

323 5604 623 5663 provectus
686 5592 798 5662 28
853 5592 911 5645 in
967 5590 1189 5644 altiores
1219 5605 1418 5664 easque
1451 5590 1704 5645 humanis
1733 5591 1909 5646 invias

327 5683 608 5738 mentibus
639 5680 1026 5751 indagationes
1061 5679 1396 5744 Divinitatis,
1437 5679 1621 5733 litibus
1653 5694 1774 5735 sese
1804 5680 1908 5732 im-

328 5779 568 5848 prudens
594 5791 705 5833 non
734 5790 869 5832 sane
892 5771 1137 5828 ferendis
1179 5771 1464 5842 implicuit.
1521 5771 1640 5838 Quo
1678 5774 1745 5827 de
1798 5783 1909 5827 toto

2015 4602 2280 4661 praterea
2333 4589 2619 4645 Tarasium
2674 4606 2797 4645 cum
2834 4591 3086 4646 universa
3117 4594 3349 4660 septima
3376 4598 3586 4664 synodo

2015 4684 2069 4737 in
2107 4682 2455 4738 confessione
2488 4682 2614 4736 fidei
2643 4683 2710 4736 ad
2746 4680 3055 4737 Orientales
3096 4684 3433 4750 patriarchas
3472 4704 3587 4740 nm.

2016 4772 2218 4826 nifeste
2243 4771 2612 4840 deprehendit
2650 4767 2997 4825 disseruisse.
3030 4770 3110 4823 Ad
3137 4769 3253 4823 haec
3276 4786 3397 4825 cum
3432 4771 3550 4824 insu
3574 4801 3588 4812 ο

2017 4877 2120 4931 per
2162 4861 2464 4915 invenisset
2493 4859 2888 4914 Maroniensem
2919 4858 3187 4920 Nicetani,
3252 4860 3586 4931 eliartophy-

2015 4954 2149 5009 lacis
2183 4954 2349 5007 etiam
2386 4942 2650 5022 dignitate
2687 4950 2952 5020 insignem
2982 4964 3046 5003 ac
3085 4958 3271 5018 postea
3306 4949 3359 5002 in
3410 4949 3584 5004 Thes-

2016 5047 2416 5100 salonicensem
2467 5058 2713 5099 evectum
2781 5043 3119 5106 cathedram,
3175 5043 3414 5113 itemque
3466 5055 3588 5113 pust

2017 5139 2166 5193 hunc
2194 5136 2561 5205 Nicephorum
2592 5135 2945 5189 Blemmidnm
3002 5135 3350 5192 elueulirasse
3384 5152 3447 5192 ac
3471 5142 3586 5192 vul-

2016 5244 2172 5301 gasse
2203 5229 2406 5297 Scripta
2440 5227 2766 5281 testimoniis
2816 5226 3027 5280 firmata
3072 5225 3474 5296 scripturarum
3530 5230 3585 5282 in

2017 5317 2392 5374 defensionem
2455 5313 2733 5379 Italorum,
2776 5316 3064 5385 ipsumque
3117 5318 3367 5372 Photium
3427 5319 3584 5373 fateri

2017 5408 2389 5469 Ambrosium,
2427 5404 2790 5474 Augustinum
2828 5414 2885 5460 et
2944 5403 3329 5477 Hieronymum
3365 5425 3586 5477 proces-

2018 5500 2227 5554 sioneni
2249 5498 2423 5552 sancti
2468 5495 2704 5567 Spiritus
2751 5514 2812 5551 cx
2844 5497 3002 5551 Patre
3031 5499 3140 5568 29
3162 5514 3282 5551 eum
3313 5500 3585 5554 additionc

2019 5607 2083 5645 ex
2108 5590 2244 5643 Filio
2277 5588 2549 5652 docuisse,
2586 5598 2839 5642 caeterum
2877 5603 2972 5641 eos
3003 5587 3190 5642 Patres
3216 5599 3271 5641 ut
3292 5587 3584 5651 ltonianos,

2020 5699 2128 5738 non
2191 5694 2251 5737 ut
2300 5681 2554 5748 Graecos,
2614 5683 2950 5736 additiunem
3008 5680 3411 5749 comprobasse.
3470 5679 3588 5735 hate

2018 5774 2197 5829 Photii
2233 5775 2480 5846 exceptio
2517 5775 2745 5830 nimium
2780 5790 2938 5844 quam
2995 5775 3207 5828 infirma
3237 5770 3418 5827 Vecco
3473 5773 3586 5829 visa
