4094 6438
504 361 577 425 35
744 316 747 319 ’
1717 354 2047 417 GEORGII
2090 354 2576 416 mammam
3699 349 3766 413 36

501 475 689 542 ελεγον
705 472 789 545 [Ρ.
824 469 1026 543 161τὴν
1052 467 1392 540 προσθήκην,
1414 467 1506 537 τῆς
1535 466 1632 536 μὲν
1655 467 1867 530 λύσεως
1894 466 2081 519 τούτου
2116 474 2160 527 Α
2192 469 2307 529 iui,-
2353 469 2451 538 μὲν
2479 469 2587 521 τῶν
2619 466 2819 537 βίϐλων
2853 465 3118 535 κειμένην
3147 467 3240 520 καὶ
3266 466 3492 537 ταύτην,
3530 467 3581 518 ὲ.
3622 465 3671 519 δέ
3717 467 3767 536 γ’

503 570 599 623 καὶ
627 569 746 621 λίαν
786 567 859 630 ώς
907 564 1167 628 ἀσθενοῦς
1216 563 1643 630 κατεγίνωσκεν,
1691 561 1881 630 ὥσπερ
1909 561 1974 614 ἂν
2018 555 2085 630 ἦν

504 662 691 717 ἱκανὸν
721 660 815 713 τὸν
838 658 1001 712 αὑτὸν
1030 657 1125 710 καὶ
1140 656 1238 709 ἕνα
1261 655 1479 725 Πατέρα
1500 652 1596 706 νῦν
1630 653 1728 721 μὲν
1755 653 1830 715 ώς
1851 650 2086 722 Γραικὸν

508 748 856 821 μεγαλύνειν,
875 747 973 800 νῦν
1001 747 1041 800 δ’
1076 746 1153 810 ὡς
1179 746 1453 815 Ῥωμαῖον
1472 744 1737 813 αἱρέσεως
1754 741 2084 812 γράφεσθαι,

517 840 844 909 Ἱερώνυμον
874 838 932 892 δὲ
961 838 1057 891 καὶ
1079 837 1444 905 Αύγουστῐνον
1468 835 1559 889 τὸν
1588 834 1686 903 μὲν
1715 833 1822 886 ὑπὸ
1846 833 2086 900 Δαμάσῳ

504 931 871 986 παιδευθέντα
907 929 1002 981 καὶ
1036 930 1334 998 σύγχρονω
1371 925 1659 980 Βασιλείου
1688 924 1782 977 τοῦ
1814 924 1954 977 πάνυ
1991 922 2088 976 καὶ

509 1028 686 1094 μέγαν
721 1021 1039 1093 ἐγνώριζεν,
1065 1022 1432 1089 Αύγουστίνον
1460 1019 1519 1070 δὲ
1548 1019 1639 1070 τὸν
1698 1014 1961 1077 Ἰππιῖινος
1993 1015 2087 1068 καὶ

505 1118 600 1169 ἐπὶ
638 1116 737 1183 τῆς
766 1116 932 1184 ἕκτης
967 1112 1190 1168 συνόδου
1219 1112 1493 1181 μακαρίας
1528 1108 1748 1178 μνήμης
1782 1107 2086 1176 ἠξιωμένον

506 1210 605 1264 καὶ
655 1207 1097 1278 εὐφημούμενον,
1150 1205 1243 1257 τὸν
1299 1204 1355 1256 δὲ
1400 1202 1582 1271 τρίτον
1639 1201 1963 1271 Ἀμὸρόσιον
1992 1199 2086 1250 καὶ

504 1300 637 1369 παρ’
670 1301 802 1368 ἡμῖν
836 1296 930 1349 ἐπὶ
979 1296 1076 1363 τῆς
1119 1293 1449 1359 Ἐκκλησίας
1504 1289 1962 1359 μεγαλυνόμενον.
2013 1286 2087 1340 Τὸ

505 1392 639 1461 γοῦν
671 1392 759 1443 τὸν
786 1389 994 1443 Φώτιον
1021 1385 1167 1440 οῦτω
1187 1386 1368 1454 λέγειν
1413 1386 1542 1452 περὶ
1572 1382 1796 1435 ἐκείνων
1832 1386 1925 1434 καὶ
1954 1381 2088 1433 ἀπο-

505 1484 797 1554 φαίνεσθαι
825 1481 927 1533 οὐκ
959 1479 1139 1549 ἔκρινε
1182 1475 1399 1529 συνετὸν
1434 1475 1530 1527 καὶ
1568 1472 1745 1535 ἄλλως
1775 1471 1987 1526 δίκαιόν
2026 1489 2084 1524 τε

505 1578 604 1631 καὶ
632 1574 875 1644 ἰσχυρὸν.
904 1574 1131 1626 ἐκείνων
1160 1570 1217 1622 δὲ
1255 1569 1375 1630 ταῖς
1424 1566 1628 1637 βίϐλοις
1667 1563 1960 1634 προσσχὼν
1991 1563 2086 1616 καί

505 1685 562 1721 τι
589 1666 778 1721 παθὼν
832 1663 1196 1733 ἀνθρώπινον,
1243 1659 1767 1728 φιλοτιμησάμενος,
1800 1658 1853 1708 εί
1883 1671 1947 1722 γε
1993 1656 2087 1708 καὶ

500 1760 670 1821 αὐτὸς
709 1757 862 1827 σφίσι
909 1756 1009 1818 τῆς
1054 1752 1282 1822 γνώμης
1331 1749 1643 1820 συνάροιτο,
1691 1750 1740 1799 εί
1788 1746 1884 1800 καὶ
1913 1745 2086 1805 οὐδεὶς

503 1854 668 1915 ἄλλος
696 1847 1142 1922 προσαπεδέχετο
1165 1845 1227 1897 τὸ
1260 1842 1592 1915 ἔγχείρημα,
1628 1839 1779 1911 βάξιν
1803 1854 2088 1910 παρηρτη..
2123 1839 2155 1860 υ

513 1947 685 2017 μένην
724 1941 973 1996 ἐντεῦθεν
1022 1940 1123 1991 οὐκ
1169 1935 1462 2003 ἐπαινετὴν
1517 1930 1725 1995 δεδιὼς,
1776 1929 1984 2001 μέτεισι
2024 1945 2086 1981 τε

510 2035 946 2110 φιλοπονώτερον
962 2033 1061 2095 τὰς
1088 2028 1309 2102 γραφὰς
1336 2026 1517 2080 καὶτὰ
1544 2020 2087 2093 παρεγγεγραμμένα

504 2134 623 2195 τοῖς
673 2129 853 2196 λόγοις
916 2122 1141 2177 ἐκείνων
1172 2118 1421 2189 ῥησείδια
1468 2115 1530 2181 ἐξ
1559 2117 1699 2170 ὅλων
1748 2114 1924 2182 λόγων
1980 2112 2090 2164 τῶν

502 2224 684 2291 ἁγίων
706 2218 983 2282 συνέλεγε.
1019 2214 1131 2269 Καὶ
1162 2212 1260 2266 νῦν
1306 2210 1405 2280 μὲν
1456 2208 1713 2279 εὕρισκεν
1769 2203 2090 2259 ’Δθανάσιον

509 2316 760 2381 λέγοντα,
808 2330 826 2363 ι
863 2305 975 2363 Ἦν
1000 2308 1059 2361 δὲ
1087 2304 1347 2360 ἀδύνατον
1372 2306 1430 2355 ὲν
1463 2303 1531 2371 τῇ
1560 2301 1661 2369 τῆς
1680 2298 1914 2370 Τριάδος
1937 2296 2089 2360 τάξει

499 2407 575 2460 ’τὸ
598 2404 822 2474 Πνεῦμα
849 2395 1218 2470 γινώσκεσθαι
1253 2394 1328 2463 μὴ
1356 2391 1659 2464 προοδικῶς
1678 2389 1740 2443 ὃν
1767 2390 1833 2443 ὲκ
1862 2387 1999 2442 Θεοῦ
2022 2385 2089 2439 δι’

509 2499 670 2560 Ὑίοῦ,
724 2495 859 2550 ἀλλὰ
914 2487 1236 2559 ποιητικῶς,
1289 2487 1366 2549 ὡς
1397 2485 1655 2554 λέγουσι·
1698 2500 1718 2535 ι
1773 2481 1872 2535 νῦν
1915 2480 1971 2533 δὲ
1998 2481 2090 2532 τὸν

513 2591 691 2660 μέγαν
718 2586 1001 2640 Βασίλειον
1030 2598 1045 2613 ο
1090 2600 1110 2635 ι
1138 2579 1440 2647 Ἀξιώματι
1487 2577 1585 2646 μὲν
1615 2572 1954 2644 δευτερεύειν
1993 2570 2089 2624 τοῦ

504 2681 648 2737 Υίοῦ
683 2680 743 2733 τὸ
797 2675 1023 2746 Πνεῦμα
1072 2671 1441 2742 παραδίδωσιν
1489 2667 1620 2729 ίσως
1644 2667 1672 2718 ὁ
1704 2665 1801 2734 τῆς
1831 2662 2092 2732 ἀληθείας

509 2774 692 2843 λόγος.
726 2790 745 2824 ι
785 2770 897 2839 Τὴν
928 2766 984 2819 δὲ
1008 2760 1362 2832 κατασκευὴν
1396 2760 1491 2831 τῆς
1516 2758 1854 2830 προτάσεως,
1875 2757 1933 2808 ὲν
1965 2753 2094 2807 πολ-

513 2961 621 3009 est.
653 2944 943 3016 Quomodo
995 2942 1147 2999 enim
1202 2939 1376 2999 videri
1434 2938 1615 3010 possit
1653 2944 2090 2992 consentaneum

512 3042 771 3100 eumdem
819 3038 1032 3091 Patrem
1065 3049 1214 3088 nunc
1266 3042 1325 3087 ut
1356 3030 1605 3088 Grmcum
1655 3026 1837 3097 magni
1890 3024 2088 3086 facere,

2189 561 2358 621 ἐνίαις
2394 559 2794 631 παρῃρημένην
2818 559 3098 627 εῦρισκεν.
3142 558 3402 627 Ἐτέρωθι
3430 559 3522 611 τὸν
3548 558 3767 628 Νύσσης

2190 650 2493 721 Γρηγόριον
2521 649 2663 703 οὕτω
2697 666 2813 713 πως
2835 647 3144 719 διαιροῦντα
3170 647 3263 710 τὰς
3292 648 3420 715 περὶ
3451 646 3586 699 Θεοῦ
3609 647 3768 712 δόξεις

2188 744 2264 804 ὡς
2299 742 2358 795 τὸ
2386 742 2484 812 μὲν
2509 741 2680 794 αἴτιον
2713 740 3014 804 πιστεύειν,
3051 741 3111 791 τὸ
3137 739 3195 792 δὲ
3221 741 3284 793 ὲκ
3312 737 3406 792 τοῦ
3444 739 3641 806 αἰτίου,
3674 742 3769 792 καὶ

2188 833 2252 896 ἐξ
2275 833 2456 895 αἰτίας
2488 832 2643 896 ὄντος
2671 832 2836 884 πάλιν
2864 831 3032 899 ἄλλην
3067 831 3331 900 δαφορὰν
3355 831 3645 901 ἐννοοῦμεν
3666 848 3681 864 ο
3709 830 3770 882 τὸ

2192 926 2292 994 μὲν
2327 926 2435 995 γάρ
2486 925 2774 996 προσεχῶς
2823 925 2889 975 ὲκ
2941 925 3037 976 τοῦ
3102 922 3345 992 πρώτου,
3375 924 3436 975 τὸ
3463 924 3519 976 δὲ
3561 923 3649 976 διὰ
3673 923 3767 976 τοῦ

2190 1018 2476 1086 προσεχὼς
2499 1019 2564 1069 ἑκ
2598 1016 2691 1069 τοῦ
2727 1016 2970 1087 πρώτου.
3003 1016 3111 1069 Καὶ
3139 1013 3295 1070 αὖθις
3319 1019 3376 1067 ἐν
3402 1016 3479 1082 τῷ
3508 1017 3649 1067 τέλει
3676 1015 3768 1067 τοῦ

2187 1108 2295 1159 τῶν
2327 1107 2757 1179 Ἀντιρρητικῶν
2788 1106 3026 1176 πρώτου·
3060 1127 3078 1157 ι
3105 1108 3422 1180 Δευτερεύει
3458 1110 3559 1176 μὲν
3580 1108 3607 1158 ό
3643 1108 3768 1170 Υἱὸς

2187 1200 2282 1252 τοῦ
2319 1201 2531 1269 Πατρός
2556 1201 2753 1260 αἰτίου,
2784 1199 3090 1269 δευτερεύει
3123 1200 3179 1253 δὲ
3207 1205 3302 1253 καὶ
3328 1201 3390 1252 τὸ
3432 1200 3656 1269 Πνεῦμα
3674 1198 3767 1251 τοῦ

2190 1290 2317 1343 Υίοῦ
2343 1291 2482 1343 κατὰ
2510 1292 2604 1343 τὸν
2643 1293 2741 1359 τῆς
2800 1292 2981 1354 αἰτίας
3012 1291 3193 1359 λόγον.
3221 1310 3239 1342 ι
3288 1291 3545 1361 ’Δλλαχοῦ
3584 1292 3642 1344 δὲ
3677 1290 3769 1343 τὸν

2192 1383 2367 1452 μέγαν
2397 1382 2674 1452 Κύριλλον
2731 1382 2962 1447 λέγοντα
2997 1402 3015 1434 ι
3052 1384 3111 1436 τό
3158 1384 3221 1447 ἐξ
3263 1385 3468 1453 ἀμφοῖν
3493 1384 3769 1446 abstrudat;

2190 1474 2457 1543 ὑπάρχον,
2488 1476 2769 1527 τουτέστιν
2797 1478 2860 1528 ἐκ
2896 1477 3108 1545 Πατρὸς
3146 1458 3214 1528 δι’
3247 1477 3400 1540 Υίοῦ,
3445 1494 3462 1527 ι
3488 1476 3582 1527 καὶ
3611 1471 3769 1538 αὖθις

2192 1566 2363 1634 στόμα
2393 1566 2491 1634 μὲν
2512 1564 2605 1618 τοῦ
2626 1567 2839 1635 Πατρδς
2861 1566 3093 1636 λέγοντα
3116 1568 3211 1620 τὸν
3240 1567 3391 1632 Υίὸν,
3413 1567 3770 1635 θεολογοῦντα

2188 1654 2246 1707 δὲ
2277 1659 2404 1725 περὶ
2432 1657 2526 1713 τοῦ
2564 1657 2884 1726 Πνεύματος
2916 1678 2935 1708 ι
2978 1657 3227 1728 καθάπερ
3253 1658 3343 1711 διὰ
3365 1658 3639 1728 στόματος
3670 1658 3767 1727 τὴν

2193 1747 2329 1801 ἰδίαν
2354 1750 2493 1818 ἡμῖν
2531 1748 2917 1819 ύποσημαῐνοι
2958 1748 3216 1820 ὓπαρξιν.
3258 1770 3276 1802 ι
3343 1750 3668 1819 Ἐπιφάνιον
3711 1749 3769 1801 δὲ

2191 1841 2287 1894 καὶ
2312 1842 2370 1893 ἐν
2401 1842 2614 1904 πολλοῖς
2648 1843 2743 1896 καὶ
2777 1841 3037 1905 πολλάκις
3090 1844 3158 1897 τὰ
3188 1843 3330 1896 αὐτὰ
3357 1842 3585 1911 λέγοντα
3615 1857 3764 1895 κατε-

2189 1933 2486 2004 λάμϐανεν.
2545 1935 2769 2001 Ἐδοξεν
2797 1934 2892 1989 οῦν
2936 1935 3130 2005 ἐκείνῳ
3180 1934 3353 1989 ταῦτά
3382 1952 3441 1987 τε
3469 1936 3566 1989 καὶ
3599 1933 3770 1987 πλείω

2192 2027 2450 2094 συνάγειν
2483 2027 2580 2079 καὶ
2632 2027 3001 2098 λογογραφεῖν
3036 2027 3137 2098 τὴν
3168 2028 3276 2081 τῶν
3302 2027 3761 2098 Πατέρωνθεολο-

2191 2119 2340 2183 γίαν,
2376 2115 2454 2178 ὡς
2490 2115 2647 2187 ᾤετο.
2694 2118 2805 2170 Καὶ
2853 2118 2915 2171 τὸ
2944 2120 3149 2189 ἀτηρὸν
3179 2120 3280 2188 μὲν
3309 2120 3406 2188 τῆς
3436 2120 3769 2188 κατηγορίαι,

2191 2210 2297 2260 τῶν
2325 2208 2566 2272 Ἰταλῶν,
2593 2208 2622 2263 ὂ
2650 2208 2710 2280 δὴ
2726 2209 2829 2262 καὶ
2855 2212 2968 2273 τοῖς
2994 2209 3311 2264 κοινωνοῦσι
3341 2210 3430 2263 διά
3451 2210 3547 2279 τῆς
3567 2209 3654 2282 [Ρ.
3677 2211 3769 2282 1η

2190 2302 2469 2369 ἀναφορᾶς
2497 2301 2592 2355 τοῦ
2620 2302 2880 2371 ὀνόματος
2912 2301 3324 2377 προσετρίϐετο,
3355 2302 3603 2367 ιξιᾶσθαι
3630 2303 3773 2366 τέως

2192 2395 2337 2448 κατὰ
2358 2395 2417 2447 τὸ
2444 2395 2672 2449 δυνατὸν
2692 2397 2790 2448 καὶ⁴
2819 2396 3147 2466 θεραπεύειν
3181 2396 3443 2465 ἠϐούλετο
3463 2412 3478 2428 ο
3514 2396 3704 2459 δεδιὼς
3726 2398 3772 2450 δ’

2191 2484 2348 2550 αὖθις
2368 2488 2467 2541 καί⁸
2487 2488 2580 2551 τὰς
2613 2489 2949 2558 κατηγορίας
2971 2488 3069 2556 τῆς
3097 2489 3459 2557 τόλμης,ξταῖς
3491 2489 3772 2556 ἀληθείαις

2191 2581 2387 2651 ὅρκους
2421 2580 2854 2650 προανετάττετο
2898 2583 3023 2641 τοὺς
3059 2580 3352 2650 φρικώδεις
3393 2575 3431 2648 ἦ
3463 2579 3572 2649 μὴν
3589 2580 3663 2650 μὴ
3692 2579 3770 2641 ὡς

2192 2670 2358 2735 δῆθεν
2384 2670 2828 2738 καταγινώσκειν
2857 2670 2967 2723 τῶν
2997 2671 3285 2741 ἡμετέρων
3315 2671 3351 2740 ἢ
3401 2671 3655 2739 ἐγκαλεῖν
3686 2670 3771 2722 ἑλ-

2191 2764 2441 2833 λείψεως,
2475 2765 2751 2827 κάκείνοις
2790 2764 3151 2834 προσκεῖσθαι
3203 2762 3279 2828 ὼς
3333 2766 3660 2835 κρειττόνως
3687 2764 3774 2817 λέ-

2194 2943 2437 3014 Spiritus
2465 2949 2693 2997 sanctus
2728 2950 2961 3012 utroque
2984 2941 3198 3013 origine
3230 2943 3500 3011 posterior
3544 2942 3770 3009 dicitur,

2194 3035 2253 3090 in
2279 3033 2607 3106 quibusdam
2671 3034 2892 3103 quidem
2935 3034 3097 3106 libris
3143 3034 3393 3090 disertim
3432 3051 3771 3105 expressam,

516 3150 643 3190 ιιιιιι
666 3142 725 3187 ιιι
756 3131 1009 3185 Latinum
1062 3127 1340 3179 haereseos
1376 3119 1675 3177 accusare?
1705 3133 1846 3187 quos
1907 3126 2089 3170 autem
2115 3141 2163 3206 ο
2195 3129 2249 3182 in
2289 3127 2413 3182 aliis
2462 3127 2724 3182 omissam
2771 3134 2865 3180 aut
2903 3127 3124 3197 οιιιῇρυε
3173 3136 3385 3185 tantum
3440 3128 3771 3184 insinuatam

512 3235 573 3281 et
597 3223 787 3295 quales
819 3218 1002 3274 viros?
1058 3215 1302 3270 Primum
1356 3213 1748 3282 Hieronymum
1789 3224 1820 3263 a
1861 3207 2092 3261 Damaso

509 3315 817 3375 eruditum,
853 3308 1116 3379 aequalem
1133 3304 1329 3361 Basilii
1356 3303 1531 3375 Magni
1556 3319 1571 3367 ;
1603 3301 1802 3356 deinde
1832 3295 2093 3369 Angusti-

506 3423 650 3462 mum
709 3403 1137 3473 Hipponensem,
1194 3413 1224 3451 a
1259 3404 1412 3452 sexta
1462 3393 1693 3465 synodo,
1737 3407 1859 3463 qua:
1919 3404 2093 3445 varum

507 3500 675 3555 illum
724 3496 899 3550 beatae
953 3490 1233 3546 memoriae
1277 3487 1556 3555 praedicat,
1608 3481 2093 3547 commendatum;

509 3591 743 3646 tertium
762 3583 1150 3647 Ambrosium,
1191 3580 1351 3651 cujus
1381 3579 1548 3634 etiam
1573 3577 1719 3647 apud
1747 3588 1849 3629 nos
1893 3581 2015 3629 acta
2037 3572 2095 3626 in

509 3684 763 3740 Ecclesia
816 3677 1027 3749 magnis
1081 3674 1335 3730 laudibus
1392 3671 1715 3727 efferuntur.
1773 3668 1852 3722 Ex
1899 3664 2099 3736 q'uibus

507 3779 808 3850 colligebat
831 3788 935 3829 nec
955 3772 1229 3843 pudenter
1267 3781 1375 3823 nec
1412 3764 1710 3836 prudenter
1749 3776 1854 3816 nec
1907 3758 2098 3850 verisi-

508 3849 724 3926 eniliter
770 3876 864 3921 aut
913 3864 981 3919 ad
1019 3860 1432 3934 persuasionem
1489 3854 1667 3910 valide
1716 3852 1972 3908 Pbotium
2032 3849 2102 3905 de

514 3965 691 4019 tantis
725 3960 980 4016 Patribus
1010 3959 1083 4013 ita
1118 3956 1359 4012 locutum
1393 3951 1564 4006 videri
1610 3949 1833 4005 debere.
1894 3945 2101 3999 Horum

514 4058 690 4130 igitur
756 4053 1006 4108 omnium
1030 4048 1194 4104 libris
1245 4046 1454 4102 Vecens
1504 4042 1559 4096 in
1624 4055 1819 4094 manus
1869 4035 2104 4107 sumptis

513 4150 638 4206 acri
662 4147 978 4203 attemione
1016 4139 1344 4197 meditandis
1373 4136 1632 4207 quiddam
1670 4147 1865 4204 passus
1884 4140 1969 4185 est
2004 4130 2106 4184 hu-

514 4240 784 4302 manitus,
827 4235 1120 4306 indulgens
1167 4228 1479 4303 plusculum
1533 4226 1827 4280 ambitioso
1887 4222 2104 4276 cuidam

512 4335 706 4392 studio
729 4328 1053 4403 aggregandi
1078 4340 1199 4382 sese
1219 4325 1285 4389 ad
1309 4320 1638 4377 sententiam
1668 4328 1775 4373 tam
1805 4314 2102 4371 celebrium

513 4435 856 4491 :auctorum;
908 4434 1072 4491 quam
1127 4420 1182 4472 in
1222 4431 1337 4471 rem
1374 4415 1478 4468 hac
1529 4419 1691 4467 tetate
1729 4409 1914 4465 nullus
1968 4408 2106 4463 alius

2200 3220 2426 3290 reperit.
2465 3218 2609 3274 Alibi
2639 3217 2941 3289 Nyssennm
2977 3219 3187 3274 invenit
3232 3220 3289 3274 in
3346 3222 3494 3275 hunc
3549 3222 3775 3276 modum

2197 3314 2453 3368 distincte
2514 3311 2813 3368 tradentem
2851 3311 3114 3367 tenendas
3152 3311 3222 3368 de
3284 3311 3393 3367 Deo
3444 3322 3775 3380 sententias,

2201 3413 2262 3459 ut
2286 3404 2545 3457 credatur
2603 3401 2660 3455 in
2728 3415 2795 3455 eo
2850 3401 2999 3455 aliud
3053 3416 3237 3466 causa,
3279 3401 3428 3457 aliud
3471 3419 3537 3458 ex
3582 3418 3775 3458 causa.

2201 3496 2339 3551 Tum
2370 3496 2491 3565 ejus
2518 3496 2661 3563 quod
2685 3509 2750 3549 ex
2774 3509 2941 3549 causa
2972 3495 3200 3549 exsistat
3227 3495 3385 3552 aliam
3410 3495 3777 3552 dilerentiam

2200 3588 2577 3661 intelligimus,
2610 3598 2670 3643 ut
2712 3587 2859 3642 aliud
2891 3589 2961 3642 sit
3011 3588 3147 3642 citra
3181 3589 3427 3643 medium
3465 3604 3531 3644 ex
3571 3592 3777 3660 primo,

2202 3683 2355 3741 aliud
2387 3697 2485 3752 per
2514 3682 2569 3737 id
2599 3682 2743 3752 quod
2770 3681 2905 3735 citra
2950 3682 3187 3736 medium
3238 3697 3303 3736 ex
3337 3684 3512 3751 primo
3554 3695 3659 3742 est.
3711 3687 3777 3739 Et

2194 3788 2394 3830 rursus
2417 3773 2471 3826 in
2517 3771 2625 3826 ﬁne
2670 3772 2826 3842 primi
2883 3772 3377 3828 Antirrheticorum
3404 3793 3418 3829 :
3447 3774 3779 3831 «Secundus

2196 3881 2234 3922 .a
2271 3867 2428 3921 Patre
2486 3864 2661 3920 Filius
2714 3866 2857 3935 quod
2889 3882 2951 3921 ex
2986 3881 3053 3920 eo
3090 3874 3149 3920 ut
3178 3882 3339 3921 causa
3360 3869 3449 3922 sit.
3494 3868 3782 3925 Secundus

2205 3958 2332 4012 item
2359 3971 2389 4011 a
2419 3953 2558 4010 Filio
2596 3954 2841 4026 Spiritus
2857 3955 3011 4025 juxta
3048 3970 3228 4012 causae
3251 3959 3543 4013 rationem:
3567 3979 3585 4012 ι
3630 3961 3783 4015 Alias

2202 4063 2335 4103 vero
2358 4063 2611 4119 magnum
2639 4049 2899 4120 Cyrillum
2953 4048 3227 4105 dicentem
3276 4050 3344 4104 de
3391 4049 3597 4121 Spiritu
3632 4054 3784 4107 exsi-

2205 4146 2351 4193 stere
2393 4139 2572 4207 ipsum
2614 4154 2678 4193 ex
2710 4140 2988 4193 auibobus
3042 4141 3498 4208 substantialiter,
3533 4144 3636 4197 hoc
3695 4154 3786 4200 est

2206 4244 2269 4283 ex
2317 4227 2482 4284 Patre
2528 4239 2583 4284 et
2630 4228 2787 4295 Filio,
2840 4239 2896 4285 et
2925 4245 3117 4286 rursus
3156 4246 3219 4286 os
3242 4233 3460 4303 quidem
3490 4233 3661 4289 Patris
3682 4252 3786 4305 ap-

2205 4321 2501 4392 pellantem
2553 4320 2750 4376 Filium
2784 4360 2800 4385 ,
2845 4323 3190 4378 divinitatem
3252 4341 3389 4380 vero
3446 4327 3682 4397 Spiritus
3710 4332 3788 4384 ita

2205 4412 2577 4467 declarantem
2601 4421 2661 4466 ut
2684 4427 2781 4482 per
2809 4428 2873 4469 os
2905 4430 3060 4469 suam
3110 4416 3156 4470 is
3190 4417 3352 4473 nobis
3405 4422 3789 4477 exsistemiam

514 4518 785 4588 expedire
823 4515 1088 4585 impetum
1142 4509 1392 4563 auderet.
1429 4505 1510 4560 Ac
1563 4504 1722 4559 facile
1783 4501 2100 4572 providens,
2136 4504 2180 4561 D
2208 4504 2432 4560 indicet.
2472 4504 2839 4575 Epiphanium
2874 4522 3091 4577 quoque
3119 4508 3480 4577 deprehendit
3505 4522 3561 4567 et
3602 4514 3795 4571 multis

518 4623 588 4667 ut
617 4622 729 4665 tum
757 4616 921 4664 erant
940 4617 1140 4660 sensus
1176 4590 1689 4672 praeoccupatarum
1742 4596 1846 4650 alia
1871 4594 2105 4664 quadam

516 4703 789 4775 opinione
819 4700 1110 4764 mentium,
1135 4695 1334 4749 famam
1374 4692 1475 4747 sibi
1513 4705 1581 4745 ex
1626 4690 1732 4743 hoc
1765 4688 1911 4742 facto
1951 4700 2109 4741 secu-

519 4811 706 4853 turam
745 4793 998 4862 ancipitis
1024 4787 1204 4861 potius
1231 4784 1565 4856 pendulique
1590 4782 1644 4836 in
1668 4794 1914 4852 praeceps
1944 4792 2106 4847 quam

525 4887 823 4945 laudabilis
862 4882 1087 4952 incepti,
1140 4878 1449 4949 corrogavit
1496 4873 1564 4927 ad
1606 4875 1690 4928 sui
1731 4872 2107 4927 defensionem

532 4978 849 5037 testimonia
900 4973 1239 5044 diligentius,
1287 4979 1345 5025 et
1377 4969 1566 5023 labore
1589 4981 1790 5036 magno
1821 4964 1948 5017 hinc
1982 4961 2112 5016 inde

532 5073 707 5144 longis
738 5078 1051 5126 sanctorum
1085 5064 1329 5120 omnium
1370 5070 1617 5117 veterum
1651 5057 1870 5128 scriptis
1895 5057 2115 5124 insper-

534 5180 625 5220 sas
660 5165 714 5218 in
772 5176 887 5216 rem
936 5173 1094 5214 suam
1130 5152 1485 5212 sententiolae
1514 5150 1809 5222 congessit.
1836 5149 1915 5202 Ac
1964 5158 2113 5200 nunc

530 5255 755 5327 quidem
784 5251 993 5306 invenit
1012 5247 1366 5303 Athanasium
1396 5246 1691 5299 dicentem:
1718 5264 1735 5293 ι
1761 5240 1903 5294 Fieri
1930 5249 2113 5294 autem

539 5362 654 5402 non
684 5352 898 5416 poterat
929 5342 982 5396 in
1009 5339 1297 5395 Trinitatis
1325 5337 1518 5393 ordine
1541 5333 1798 5406 cognosci
1824 5331 2113 5402 Spiritum,

534 5455 648 5495 non
690 5436 1038 5507 progreSsive
1098 5432 1450 5488 exsistentcm
1510 5443 1574 5481 ex
1619 5425 1731 5480 Deo
1765 5439 1863 5494 per
1894 5422 2114 5488 Filium,

2211 4597 2265 4653 in
2300 4599 2454 4653 libris
2478 4608 2541 4652 et
2569 4614 2714 4667 saepe
2749 4599 2801 4651 in
2829 4614 3157 4670 unoquoque
3186 4605 3377 4658 eadem
3403 4605 3795 4665 afﬁrmantem.

2216 4689 2401 4745 Visum
2457 4690 2625 4761 igitur
2687 4690 2859 4745 Veceo
2904 4692 3027 4746 lucc
3055 4703 3111 4748 et
3137 4694 3292 4764 plura
3320 4697 3596 4768 colligere,
3637 4716 3802 4755 com-

2214 4782 2488 4850 plectique
2523 4796 2586 4835 ac
2614 4780 2887 4836 disserere
2917 4784 3138 4852 scriptis
3177 4790 3587 4843 commentariis
3631 4791 3802 4845 tlieo-

2213 4872 2681 4943 logiamPatrum,
2736 4882 2796 4927 ut.
2843 4874 3091 4943 putabat,
3120 4891 3229 4946 quo
3285 4877 3476 4931 duram
3529 4882 3800 4938 nimirum

2215 4965 2362 5019 illam
2408 4966 2817 5019 accusationem
2870 4966 3156 5030 Italorum,
3209 4984 3330 5038 quae
3360 4980 3416 5023 et
3461 4971 3515 5023 in
3572 4971 3805 5030 Gra'cos

2216 5067 2445 5129 propter
2472 5072 2651 5126 nuper
2680 5057 2976 5113 admissam
3008 5061 3250 5114 nominis
3279 5076 3434 5130 papae
3473 5062 3616 5117 inter
3640 5079 3802 5120 sacra

2216 5152 2553 5205 mentionem
2616 5165 2740 5204 cum
2790 5150 2860 5206 iis
2923 5151 3401 5208 communicantes
3469 5160 3811 5229 contagione

2218 5244 2452 5314 quadam
2484 5245 2905 5315 propagabatur,
2929 5245 3205 5299 emolliret
3230 5255 3325 5300 aut
3355 5261 3616 5319 purgaret
3635 5264 3812 5322 prout

2218 5345 2457 5406 poterat.
2493 5336 2705 5392 Rursus
2747 5348 3000 5392 metuens
3031 5351 3102 5389 ne
3141 5338 3383 5394 audacia:
3424 5353 3804 5412 accusaretur,

2221 5429 2459 5484 suisillis
2491 5431 2558 5484 de
2584 5445 2710 5485 vera
2755 5430 3003 5486 doctrina
3044 5431 3520 5488 dissertationibus
3565 5438 3812 5495 addebat

533 5530 632 5586 sed
665 5528 963 5583 ellicienter
985 5534 1079 5580 aut
1102 5523 1444 5593 productivc,
1470 5526 1531 5573 ut
1562 5518 1896 5587 loquuntur;
1924 5534 1941 5566 ι
1970 5529 2119 5569 nunc
2223 5522 2497 5578 horrenda
2539 5522 2870 5592 iuramenta,
2922 5523 3121 5592 quibus
3172 5524 3428 5578 Studebat
3467 5528 3810 5595 persuadere

538 5635 798 5691 magnum
828 5619 1117 5684 Basilium,
1152 5635 1174 5669 ι
1209 5615 1578 5670 Posteriorem
1637 5612 1857 5682 quidem
1909 5612 2121 5682 origine
2223 5627 2281 5667 se
2307 5630 2650 5684 nequaquam
2718 5618 2830 5668 liam
2864 5616 3118 5685 allegare,
3144 5615 3246 5685 31
3286 5626 3344 5669 ut
3375 5628 3469 5670 aut
3517 5618 3812 5679 damnaret

538 5712 679 5767 Filio
710 5711 976 5782 Spiritum
1015 5711 1177 5765 tradit
1207 5707 1464 5764 videlicet
1489 5706 1597 5777 3ο
1622 5719 1745 5758 vera
1783 5705 2053 5759 doctrina.
2095 5725 2113 5758 ι

539 5803 827 5858 Rationem
883 5818 1046 5873 porro
1117 5796 1495 5854 allirmationis
1544 5810 1648 5864 qua
1709 5793 1877 5849 Filius
1935 5795 2117 5862 Patre,

2228 5718 2444 5762 nostros
2479 5720 2575 5761 aut
2603 5708 2850 5761 del‘rctus
2892 5719 3167 5776 argueret,
3221 5724 3398 5779 neque
3435 5726 3546 5780 quo
3592 5712 3807 5769 Latinis

2229 5807 2483 5866 tanquam
2519 5798 2712 5852 melius
2737 5796 3112 5865 loquentibus,
3145 5799 3343 5867 spretis
3364 5800 3497 5866 suis,
3533 5817 3592 5857 sc
3612 5802 3810 5874 adjml-
