4094 6444
448 346 519 407 39
1663 338 1981 397 GElliiGH
2030 335 2043 393 l

2143 334 2515 394 ’ὶΗϊΜΕΗιΕ
3630 328 3702 389 40

443 457 547 524 τῆς
581 453 766 516 αίτίας
799 452 974 522 λόγον,
1006 452 1093 523 [Ρ.
1130 452 1222 523 l'8]
1255 450 1411 505 τοῦτο
1438 451 1690 520 τόλμημα
1723 451 1820 518 μὲν
1850 448 2031 516 λέγειν
2058 447 2107 505 Α
2137 449 2251 515 ρεῖν
2285 447 2374 499 διὰ
2430 446 2655 515 ταύτην,
2706 446 2910 506 ἐκεῖνος
2958 443 3032 513 μὴ
3067 443 3147 497 ὅτι
3182 459 3242 509 γε
3296 444 3454 513 μόνον
3482 444 3580 508 τὴν
3612 461 3716 498 πα-

444 544 478 613 ἦ
516 545 716 596 ἐννοεῖν
742 583 756 608 ,
794 544 843 594 εἰ
886 542 943 595 δέ
990 560 1074 604 τις
1125 542 1374 611 τολμῴη,
1413 540 1477 592 τδ
1510 541 1576 592 ἐκ
1606 537 1702 591 τοῦ
1734 537 1895 604 λόγου
1928 534 2028 604 μὶν

447 639 564 705 ἐρεῖ
595 639 1019 708 ἐμφαινόμενον,
1058 637 1237 692 αἰτίαν
1266 635 1323 689 δὲ
1372 636 1589 698 πάντως
1617 633 1905 689 ἀποίσεται
1934 627 2027 682 τοῦ

454 729 826 798 τολμήματος.
857 746 875 780 ι

454 884 508 939 t'.
545 886 744 952 ’Ὅπως
769 887 802 940 ό
829 886 1053 950 Bearqu
1087 885 1613 951 μετακαλούμενος
1650 886 1737 949 είς
1777 880 1889 950 τὴν·
1916 880 2026 933 σύ-

930 956 1115 1007 νοδον
1144 954 1553 1020 ἐπεδήμησεν.

524 1082 710 1134 Ταῦτα
736 1082 879 1135 κατὰ
912 1081 1003 1133 τὸν
1032 1082 1239 1134 Βέκκον
1266 1085 1384 1143 ταῖς
1409 1080 1714 1149 ἀληθείαις,
1748 1081 1841 1133 καὶ
1867 1080 2030 1133 πλέον

453 1176 630 1227 οὐδέν.
656 1176 746 1227 Διὸ
768 1176 832 1245 δὴ
863 1176 956 1228 καὶ
1001 1177 1162 1245 ἡμεῖς
1204 1175 1525 1244 ἐξεπίτηδες
1556 1175 1625 1226 τὰ
1654 1174 1750 1241 τῆς
1790 1173 2030 1242 ἱστορίας

458 1268 598 1320 κατὰ
622 1268 819 1321 λεπτὸν
857 1268 1261 1335 ὲπλατύναμεν,
1298 1268 1365 1319 ἵν’
1456 1268 1615 1336 δῆλον
1648 1267 1794 1328 ὅπως
1826 1265 1919 1319 καὶ
1945 1264 2029 1334 ἐφ’

454 1358 595 1420 οἵαις
624 1361 826 1421 αἰτίαις
856 1359 981 1412 ὅσον
1019 1358 1119 1409 οὐκ
1149 1358 1248 1426 ἤδη
1307 1358 1339 1427 ἡ
1401 1356 1700 1425 Ἐκκλησία
1750 1357 1899 1407 πᾶσα
1936 1354 2029 1407 τοῦ

457 1450 632 1501 κακιῦ
667 1448 1089 1519 παραπολαύειν
1128 1448 1353 1518 ἦμελλε.
1390 1448 1613 1517 Σώφρον
1662 1442 1729 1515 ἦν
1769 1442 1863 1499 οὖν
1909 1444 2030 1499 κατ’

456 1541 596 1610 ἐμὴν
645 1540 874 1611 γνώμην
919 1540 1086 1611 μηδὲν
1139 1539 1269 1609 περὶ
1305 1540 1511 1592 τούτων
1560 1538 1849 1593 κινεῖσθαι.
1892 1538 2031 1591 Ἀλλ’

457 1630 608 1697 ὅμως
639 1629 775 1692 τέως
802 1629 901 1682 καὶ
930 1630 983 1693 ei
1008 1631 1214 1683 ἐκεῖνον
1241 1631 1634 1698 ἐποτρύνοντες
1674 1629 1840 1682 αἴτιοι
1859 1628 2035 1696 ’.βου-

458 1719 685 1788 λόμενος
719 1722 830 1788 γὰρ
859 1722 974 1784 τοῖς
1002 1722 1352 1790 αίτιωμένοις
1385 1719 1771 1786 ἀπολογεῖσθαι
1809 1719 1906 1771 καὶ
1940 1718 2032 1785 ἐγ-

458 1812 648 1879 κλημα
684 1812 909 1880 φεύγειν
958 1811 1227 1881 αἱρέσεως
1279 1811 1468 1864 ἔλαθεν
1519 1813 1727 1879 αἱρέσει
1758 1810 1914 1876 δόξας
1957 1809 2032 1860 δι-

460 1904 632 1965 καίως
673 1902 1024 1972 περιπαρεὶς.
1076 1902 1308 1955 Ἐκεῖνοι
1345 1902 1444 1971 μὲν
1491 1900 1585 1955 οὖν
1617 1901 1676 1953 ἓν
1716 1896 1862 1970 εἶχον
1892 1900 2035 1953 κατὰ

462 1993 687 2057 σκοπὸν,
724 1995 787 2046 τὸ
826 1993 1225 2048 καθυποκλῖναι
1262 1995 1352 2046 τὸν
1399 1994 1656 2063 Ἰωάννην
1687 1994 1767 2062 τῷ
1811 1993 2033 2062 Ἰωσὴφ,

414 2079 429 2090 ⁸
458 2087 554 2139 καὶ
600 2087 728 2156 παρ’
756 2086 968 2139 ἐκείνου
1006 2085 1213 2138 πείθειν
1255 2085 1440 2153 ζητεῖν
1489 2085 1818 2154 συγγνώμην
1845 2079 1925 2147 οἷς
1953 2085 2036 2136 ὅτι

460 2177 665 2239 ζῶντος
693 2178 903 2229 ἐκείνου
950 2177 1209 2245 ἐπιϐῆναι
1239 2176 1333 2228 τοῦ
1367 2178 1559 2245 θρόνου
1602 2176 1909 2247 τολμήσειε,
1942 2177 2038 2230 καὶ

460 2270 530 2319 τὰ
556 2268 655 2336 τῆς
695 2268 921 2340 εἰρήνης
954 2269 1028 2339 μὴ
1077 2267 1539 2338 καταδεχομένου,
1586 2269 1661 2332 ὡς
1698 2271 1790 2323 καὶ
1826 2270 2039 2339 ὑποχω-

463 2444 738 2499 dentibus.
773 2444 895 2499 llaec
918 2443 1154 2506 dicebat,
1193 2445 1308 2499 base
1345 2443 1643 2507 seribebat,
1677 2442 1803 2497 illud
1823 2458 2036 2512 quoque

462 2536 670 2591 addens
703 2552 717 2588 :
750 2535 806 2589 Si
866 2536 989 2605 quis
1048 2535 1227 2590 inesse
1271 2536 1619 2590 contenderit
1670 2536 2035 2605 praepositioni

462 2625 554 2677 διά
576 2641 668 2678 oer
697 2623 977 2679 netionem
1011 2640 1213 2689 causm,
1252 2625 1424 2678 audax
1458 2624 1510 2678 id
1536 2624 1680 2679 dictu
1707 2624 1812 2694 33
1834 2625 2038 2695 cogita-

467 2727 632 2786 tuque
669 2716 865 2781 fuerit;
925 2725 981 2771 et
1023 2717 1274 2786 quisquis
1331 2716 1383 2770 id
1424 2716 1588 2781 ausit,
1650 2716 1935 2770 allirmabit
1992 2716 2039 2770 is

466 2824 599 2862 sane
625 2808 770 2877 quod
793 2824 858 2862 ex
890 2808 1118 2862 Patrum
1154 2810 1481 2862 testimoniis
1507 2809 1723 2862 videtur
1748 2811 2034 2878 consequi:

461 2909 726 2956 czeterum
790 2900 937 2954 idem
987 2900 1311 2957 temeritatis
1360 2901 1584 2957 omnino
1631 2901 2034 2959 accusationem

463 2991 584 3046 ausi
606 3006 822 3063 pinnam
846 2990 1005 3048 feret.

564 3177 666 3234 ’10.
707 3178 775 3234 Ut
826 3177 1014 3233 Veccus
1044 3178 1240 3232 citatus
1274 3179 1331 3232 in
1364 3180 1622 3249 synodum
1672 3180 1928 3249 adfuerit.

538 3311 665 3365 Haec
694 3309 853 3378 plane
889 3318 1015 3364 sunt
1055 3324 1175 3378 quae
1222 3308 1431 3362 Veccus
1462 3309 1603 3362 circa
1637 3307 1739 3362 hoc
1767 3307 2039 3373 negotium

468 3403 712 3472 scripsit,
736 3402 892 3470 dixit,
939 3402 1128 3473 gessit,
1148 3410 1201 3454 et
1248 3400 1383 3453 nihil
1420 3401 1502 3455 his
1532 3401 1685 3470 plus;
1741 3415 1862 3468 quae
1918 3400 2044 3453 data

473 3508 642 3562 opera
683 3492 867 3546 studui
926 3490 1230 3545 minutatim
1271 3505 1336 3545 ac
1394 3491 1558 3560 paulo
1606 3491 1767 3545 latius
1806 3491 2047 3545 historiae

470 3584 874 3646 commendare,
909 3590 967 3634 ut
992 3582 1061 3635 sit
1092 3582 1436 3635 manifestum
1464 3581 1737 3650 quomodo
1768 3591 1822 3635 et
1845 3582 2044 3650 quibus

473 3688 539 3727 ex
569 3672 753 3727 causis
790 3670 844 3723 in
899 3680 1203 3724 extremum
1248 3669 1488 3724 Ecclesia
1528 3670 1824 3737 periculum
1863 3671 2042 3739 magni

477 3765 602 3817 ntali
632 3761 902 3819 subeundi
931 3762 1161 3816 venerit.
1177 3758 1597 3830 Temperanttus
1613 3769 1795 3815 autem
1814 3759 2044 3826 Veccus,

478 3871 596 3911 mea
625 3854 848 3923 quidem
893 3853 1187 3919 sententia,
1230 3852 1470 3914 fecisset.
1500 3853 1545 3907 si
1593 3852 1730 3906 nihil
1759 3853 1903 3908 circa
1945 3853 2047 3907 hoc

477 3946 757 3999 movisset.
785 3942 988 3997 Tamen
1021 3945 1135 4014 ejus
1161 3944 1334 4008 culpa:
1366 3958 1613 4012 magnam
1642 3953 1850 4012 partem
1878 3949 2046 3998 susti~

477 4045 631 4094 nent,
657 4035 749 4103 qui
774 4035 881 4089 hoc
915 4034 987 4088 illi
1013 4033 1248 4088 faciendi
1273 4033 1649 4087 vehementem
1676 4033 1967 4103 impulsum
1993 4045 2050 4089 et

476 4124 766 4192 quamdam
794 4122 952 4193 quasi
992 4121 1378 4176 necessitatem
1417 4121 1814 4190 imposuerunt.
1843 4124 2047 4176 Accur-

477 4232 608 4270 rens
651 4214 851 4286 quippe
895 4215 944 4269 is
980 4215 1046 4269 ad
1079 4214 1283 4285 justam
1311 4213 1685 4269 defensionem
1730 4213 2047 4267 Latinorum

475 4317 667 4363 contra
696 4294 805 4363 eos.
826 4322 858 4361 a
884 4307 1084 4377 quibus
1107 4306 1381 4362 immerito
1422 4307 1691 4361 haereseos
1719 4306 2050 4361 damnaban-

481 4410 591 4463 tur,
621 4398 795 4452 induit
822 4413 882 4451 se
908 4412 1019 4451 non
1053 4396 1344 4453 advertens
1372 4408 1428 4452 et
1464 4398 1644 4452 studio
1671 4397 1842 4451 elatus
1872 4395 1927 4449 in
1959 4396 2046 4462 juv

2132 540 2426 608 τριαρχίαν
2464 538 2839 608 καταδέχοιτο,
2878 535 3016 590 ἀλλὰ
3050 537 3141 588 καὶ
3183 539 3421 605 γραφαῖς
3470 539 3708 607 πειρῷτο

2130 620 2532 696 δεικνύναιντην
2569 625 2769 696 πρᾶξιν
2796 626 3209 696 ἀνεπιτίμητον.
3246 626 3410 679 Ὅθεν
3448 628 3543 699 καὶ
3579 631 3709 697 ὁση-

2133 720 2302 789 μέραι
2364 717 2585 772 σύνοδον
2638 718 2737 787 μὲν
2792 719 2978 788 ἐντελῆ
3029 718 3331 783 καθίστων,
3388 721 3603 789 κρότοις
3651 721 3708 775 δὲ

2131 811 2351 879 συχνοῖς
2406 809 2514 861 τῶν
2570 810 2669 879 τῆς
2723 810 3023 881 ἐκκλησίας
3081 809 3349 864 κωδώνων
3404 809 3706 877 ξύγκλυδας

2135 901 2539 973 ξυμφοροῦντες
2572 901 2665 954 καὶ
2697 900 2899 971 πλήθη,
2955 903 3009 954 εἰ
3040 900 3142 954 πού
3187 918 3270 964 τις
3312 901 3387 963 ὡς
3430 902 3709 970 ἠσέϐησαν

2132 980 2333 1054 πείθοι,
2367 995 2870 1062 παρακινησείοντα
2894 994 2991 1054 τὰς
3025 992 3199 1060 ὁρμὰς
3233 991 3355 1045 καθ’
3378 987 3452 1046 ὧν
3479 992 3585 1061 ἄρα
3611 993 3707 1045 τοῦ

2131 1084 2290 1155 ὀρθοῦ
2325 1083 2391 1155 [Ρ
2427 1083 2515 1154 l9]
2551 1084 3050 1154 παρακινησάντων
3085 1085 3225 1150 σφᾶς
3269 1082 3705 1146 ὑποπτεύσειαν,

2133 1178 2226 1230 καὶ
2272 1177 2416 1244 μάλα
2447 1175 2666 1244 θερμῶς
2696 1175 2887 1245 ἠξίουν
2925 1176 3017 1227 τὶν
3056 1175 3312 1244 Ἰωάννην
3342 1174 3709 1240 καταπέμπει

2135 1269 2259 1322 σθαι
2318 1268 2734 1339 κριθησόμενον.
2799 1268 3016 1338 Συχνῶν
3084 1266 3217 1335 γοῦν
3278 1266 3708 1337 διαμηνυμάτων

2134 1361 2272 1428 πρὸς
2316 1363 2521 1413 ἐκεῖνον
2573 1360 2874 1430 γινομένων
2927 1362 3012 1426 ἐφ“
3060 1354 3102 1425 ᾧ
3153 1359 3512 1428 παραγίνοιτο
3550 1357 3706 1423 λόγον

2134 1454 2319 1507 δώσων
2348 1452 2460 1504 τῶν
2494 1452 2919 1521 γεγραμμένων,
2956 1452 3052 1503 καὶ
3085 1451 3211 1520 μαλ’
3234 1444 3459 1503 ὲκὲίνων
3499 1449 3705 1501 ἐπιδει-

2136 1544 2421 1615 κνυμένων
2456 1547 2567 1605 τοῖς
2598 1544 2881 1613 πλήθεσιν,
2924 1544 3131 1604 ἐκεῖνος
3166 1542 3223 1594 τὸ
3258 1542 3453 1610 ἄλογον
3481 1546 3581 1611 τῆς
3611 1541 3705 1609 ὑρ-

2139 1642 2246 1707 μῆς
2273 1638 2382 1690 τῶν
2414 1636 2624 1690 πολλῶν
2648 1635 2839 1697 δεδιὼς
2874 1636 2965 1686 ἐπὶ
3000 1634 3129 1687 πολύ
3166 1652 3222 1686 τε
3257 1633 3419 1686 ὤκνει
3460 1634 3550 1686 καὶ
3586 1634 3710 1684 ἀνε-

2135 1726 2360 1778 ϐάλλετο
2390 1725 2484 1793 τὴν
2506 1725 2580 1786 ὡς
2609 1724 2851 1786 ἐκείνους
2874 1724 3059 1793 ἄφιξιν
3087 1744 3094 1751 ·
3122 1726 3289 1795 δήλην
3307 1725 3415 1793 γὰρ
3446 1720 3588 1775 εἶναι
3612 1721 3708 1793 τὴν

2141 1817 2673 1887 παρακινδύνευσιν,
2729 1818 2778 1868 εἰ
2836 1817 3044 1885 πλῆθος
3089 1818 3357 1885 ἀσεόἧσαι
3418 1814 3704 1882 πεισθείη,

2138 1908 2277 1961 ὥστε
2316 1908 2389 1977 μὴ
2423 1907 2605 1976 μένειν
2634 1909 2726 1959 ἐπὶ
2757 1908 2847 1960 τοῦ
2886 1908 3286 1977 καθεστηκότος
3324 1907 3554 1975 τρόπου,
3588 1904 3706 1957 ἀλλ’

2138 2003 2287 2064 ὅλαις
2306 2002 2504 2069 ὁρμαῖς
2530 2000 2623 2053 ἐπὶ
2646 2000 2735 2052 τὸν
2762 2000 2934 2052 αἴτιον
2954 1999 3281 2067 τρέπεσθαι.’
3316 1998 3458 2050 Ἀλλ’
3479 1999 3506 2050 ό
3535 1999 3708 2067 μέγας

2137 2093 2431 2163 λογοθέτης
2472 2091 2893 2162 ἐμϐριθέστερον
2920 2090 3018 2159 τὴν
3050 2089 3142 2141 τοῦ
3184 2088 3421 2156 πλήθους
3471 2088 3708 2156 παρακί-

2138 2200 2296 2252 νησιν
2346 2182 2726 2244 καταστείλας,
2770 2180 2847 2241 ὡς
2892 2178 2974 2240 εις
3024 2178 3187 2230 αὐτὸν
3229 2176 3457 2246 βασιλέα
3487 2174 3580 2227 τοῦ
3622 2174 3710 2226 ἐπ’

2139 2275 2351 2328 ἐκεῖνον
2405 2274 2808 2343 ἁτακτήσοντος
2860 2270 3106 2336 δόξοντος
3156 2269 3463 2339 ἁμαρτεῖν,
3524 2267 3618 2320 καί
3662 2267 3711 2319 ot

2139 2476 2330 2515 narum
2360 2456 2461 2511 sibi
2486 2456 2777 2518 faventem,
2807 2454 3072 2509 urbanum
3111 2453 3271 2505 simul
3299 2449 3561 2519 populum
3599 2462 3715 2501 ma.

2139 2564 2245 2615 εζηο
2266 2563 2493 2602 numero
2523 2554 2916 2601 eonvoearunt.
2954 2541 3362 2613 Congregandaa
3406 2538 3712 2593 multitudi-

2138 2641 2224 2693 nis
2251 2638 2364 2692 hate
2394 2637 2615 2690 factiosa
2644 2633 2752 2705 34
2778 2643 2896 2688 erat
2928 2649 3113 2687 causa.
3149 2630 3453 2700 Sperabam
3474 2631 3591 2698 ipso
3619 2642 3712 2694 ap-

2138 2737 2330 2799 paratu
2355 2727 2567 2798 synodi,
2591 2742 2711 2796 quze
2741 2725 2860 2796 cogi
2927 2724 3203 2778 ferebatur
3252 2722 3320 2776 ad
3371 2719 3712 2774 emendanda

2137 2838 2256 2892 qua:
2280 2834 2562 2890 perperam
2586 2829 2704 2873 acta
2742 2817 2952 2871 fuerant
2980 2815 3033 2868 in
3068 2813 3426 2869 conventione
3454 2827 3575 2867 cum
3609 2809 3717 2863 La-

2141 2911 2266 2965 tinis
2313 2908 2687 2962 intellecturos
2733 2906 2984 2959 homines
3024 2918 3054 2958 e
3083 2902 3241 2971 vulgo
3270 2916 3329 2954 se
3357 2900 3610 2967 deceptos
3643 2896 3713 2950 ab

2139 3006 2457 3060 auctoribus
2493 2999 2873 3058 conventionis
2917 2999 3035 3069 ejus
3082 2997 3134 3050 in
3172 2995 3504 3065 impietatem
3543 2990 3714 3045 fuisse

2062 3128 2108 3191 Ο
2144 3098 2443 3167 prolapsos,
2468 3110 2631 3164 quam
2664 3104 2811 3147 nunc
2850 3091 3057 3162 expiari
3093 3095 3397 3191 oporteret,
3433 3085 3569 3140 Inde
3616 3098 3715 3137 au-

2144 3197 2250 3242 tem
2270 3186 2616 3241 conﬁdebant
2637 3197 2929 3238 exarsuros
2960 3195 3058 3234 eos
3082 3188 3137 3234 et
3164 3180 3216 3232 in
3243 3176 3562 3231 seditionem
3587 3187 3717 3228 cono

2143 3278 2391 3333 citandos
2436 3276 2700 3330 adversus
2749 3272 3009 3336 Veceum,
3041 3286 3203 3342 quem
3252 3269 3368 3337 ejus
3417 3265 3494 3319 rei
3552 3262 3718 3317 totius

2144 3370 2478 3440 praecipuum
2535 3365 2796 3421 artiﬁcem
2852 3365 3280 3434 suspicarentur.
3332 3359 3508 3425 Quare
3563 3356 3715 3409 illum

2144 3464 2272 3518 huic
2300 3462 2517 3516 invidia:
2542 3460 2828 3530 ohjecturi,
2861 3459 3113 3513 ardenter
3148 3454 3404 3523 petebant
3431 3449 3584 3504 citari
3615 3450 3721 3502 rite.

2144 3571 2208 3612 ac
2238 3552 2417 3625 juberi
2448 3569 2508 3609 se
2540 3554 2734 3607 sistere
2781 3548 3135 3620 judicandum
3165 3564 3193 3599 ιι
3221 3558 3355 3614 syno
3379 3545 3448 3596 ’o.
3498 3539 3721 3595 Crebris

2145 3651 2309 3718 igitur
2351 3649 2615 3702 viatorum
2666 3641 3116 3698 missitationibus
3161 3637 3369 3691 Veecus
3405 3646 3721 3701 comparere

2146 3754 2326 3792 coram
2356 3735 2694 3806 congregatis
2723 3730 2973 3786 Patribus
2993 3730 3175 3797 jussus
3195 3735 3279 3780 est
3300 3726 3364 3778 ad
3391 3723 3718 3777 reddendam

2145 3832 2409 3885 rationem
2439 3843 2626 3883 eorum
2662 3841 2782 3895 quae
2816 3823 3135 3892 scripserat;
3186 3818 3346 3886 idque
3370 3815 3496 3869 dum
3545 3810 3717 3867 ﬁeret.

2149 3922 2364 3977 interim
2397 3902 2488 3990 qui
2524 3921 2639 3973 haec
2665 3917 2950 3979 curabant,
3007 3912 3206 3981 scripta
3242 3908 3331 3962 illa
3355 3906 3511 3961 Vecci
3547 3914 3604 3957 ut
3630 3917 3722 3953 er-

2148 4030 2331 4070 rorum
2366 4024 2420 4067 et
2440 4010 2692 4066 fraudum
2732 4007 2889 4077 plena
2928 4001 3349 4060 invidiosissime
3371 3996 3513 4067 apud
3551 4008 3727 4064 popu-

2150 4109 2261 4162 lum
2314 4102 2691 4163 traducebant,
2740 4111 3067 4168 magnopere
3111 4100 3451 4148 ostentantes
3494 4098 3727 4154 exagge-

2148 4208 2439 4265 rantesque
2458 4192 2756 4263 perniciem
2774 4190 3006 4244 illorum.
3033 4186 3090 4240 Id
3107 4186 3316 4240 Veccus
3334 4197 3440 4235 non
3467 4181 3727 4250 ignorans

2147 4289 2504 4344 cunctabatur
2523 4275 2900 4352 obtemperare
2922 4275 3262 4337 vocantibus,
3308 4284 3595 4338 morasque
3642 4266 3728 4319 in-

2149 4380 2397 4436 nectebat
2434 4379 2621 4448 longas
2648 4390 2748 4429 suo
2791 4373 2844 4426 in
2879 4369 3248 4425 vadimonium
3302 4364 3578 4423 occursui,
3615 4374 3727 4411 non

478 4449 591 4545 8m;
621 4491 956 4559 suspicgones
982 4489 1103 4558 eius
1170 4490 1307 4543 labis
1340 4505 1445 4559 qua
1498 4504 1727 4559 purgare
1771 4449 2047 4559 satagejm
2081 4480 2122 4533 ι)
2152 4467 2580 4559 inverisiutiliter
2600 4464 2837 4532 allegatis
2872 4458 3225 4559 manifestum
3254 4470 3376 4509 esse
3403 4449 3731 4559 periculi—Iphi.

482 4582 634 4645 alios,
663 4581 810 4633 visus
834 4580 885 4632 in
913 4578 1159 4633 haeresim
1186 4578 1503 4649 impingere.
1524 4581 1696 4647 Atque
1722 4578 1779 4632 in
1810 4591 2049 4647 praesens

480 4673 721 4740 quidem,
752 4671 840 4739 qui
875 4686 962 4727 res
998 4672 1128 4724 istas
1153 4670 1551 4739 gubernabant,
1589 4683 1757 4722 unum
1792 4668 1893 4721 hoc
1924 4682 2048 4735 spe-

480 4766 723 4827 ctabant,
754 4773 812 4817 ut
839 4762 1102 4815 Joannem
1140 4761 1379 4831 Iosepho
1398 4760 1731 4829 subjicerent
1761 4757 2050 4820 volentem,

482 4855 857 4924 persuadendo
885 4854 960 4907 illi
995 4863 1055 4908 ut
1075 4854 1143 4908 ab
1187 4854 1287 4908 hoc
1310 4852 1525 4908 veniam
1555 4851 1783 4921 supplex
1822 4858 2050 4919 peteret,

482 4949 625 5017 quod
652 4949 770 5015 ipso
801 4947 982 5001 adhuc
1014 4947 1229 5000 vivente
1267 4946 1520 4999 thronum
1555 4941 1925 4997 conscendere
1954 4954 2054 4992 au-

482 5053 578 5091 sus
609 5044 771 5097 esset,
802 5045 859 5089 et
885 5035 1028 5103 quod
1077 5050 1200 5089 cum
1246 5035 1455 5088 videret
1476 5031 1771 5100 Josephum
1811 5030 1946 5084 adeo
1989 5028 2056 5082 ab

488 5128 853 5183 Ecciesiarum
885 5142 1016 5197 pace
1044 5126 1341 5180 abhorrere
1373 5134 1449 5189 ut,
1481 5139 1552 5178 ne
1580 5122 1726 5176 illam
1777 5121 2053 5190 probaret,

482 5220 680 5276 cedere
701 5218 1061 5287 patriarchatu
1103 5218 1307 5282 mallet,
1337 5229 1517 5272 tamen
1546 5217 1660 5283 ipse
1679 5227 1909 5266 vacuum
1938 5212 2059 5279 ejus

485 5330 704 5371 secessu
743 5314 1110 5384 patriarchale
1140 5312 1335 5366 solium
1353 5324 1461 5363 non
1493 5307 1656 5361 modo
1699 5320 1809 5361 non
1847 5303 2062 5359 dubita-

486 5408 624 5462 verit
646 5407 882 5461 oblatum
922 5405 1236 5463 admittere,
1260 5401 1355 5456 sed
1393 5401 1556 5454 etiam
1588 5398 1740 5451 libnis
1780 5394 1938 5449 editis
1965 5408 2060 5446 co-

485 5509 644 5554 natus
668 5498 835 5553 luerit
854 5499 1111 5552 evincere
1127 5494 1263 5548 nilnl
1286 5495 1342 5546 in
1370 5507 1454 5554 ea.
1477 5506 1607 5560 pace
1636 5487 2062 5559 reprehensibzle

486 5590 510 5642 l'
514 5591 676 5645 uisse.
697 5591 825 5644 llaec
857 5598 917 5641 ut
944 5587 1013 5641 ab
1034 5601 1100 5640 eo
1121 5591 1529 5652 eatorquerent,
1555 5580 1821 5652 synodum
1847 5578 2061 5646 plenam

487 5699 649 5753 quant
699 5684 937 5753 primum
1007 5680 1330 5733 studuerunt
1383 5690 1598 5744 cogere.
1645 5673 1896 5727 l‘ulsibus
1935 5686 2064 5739 ergo

488 5778 696 5833 crebris
730 5775 854 5829 anis
891 5770 1134 5827 ecclesia:
1162 5768 1406 5840 campani
1444 5767 1654 5822 turbam
1692 5764 1851 5819 simul
1896 5762 2064 5817 adve-

2154 4575 2225 4614 ne
2250 4556 2478 4627 populus
2497 4549 2961 4626 persuasusgravi
2990 4562 3048 4602 se
3079 4546 3413 4616 implicatum
3447 4540 3588 4593 malo
3613 4538 3734 4606 pia-

2154 4652 2386 4718 culoque
2425 4646 2725 4716 subjectum
2752 4657 2849 4712 per
2877 4654 3063 4711 pacem
3084 4651 3208 4691 cum
3264 4633 3475 4688 Latinis
3515 4629 3732 4691 initam,

2155 4744 2360 4798 furiose
2387 4741 2439 4794 in
2477 4740 2597 4808 ejus
2646 4737 2795 4806 pacis
2824 4742 3100 4787 auctorem
3137 4734 3470 4795 erumperet,
3516 4736 3637 4776 cum
3681 4718 3736 4773 is

2158 4843 2392 4912 primum
2427 4838 2853 4901 inconspectum
2875 4826 3217 4881 essetdatus.
3255 4821 3435 4889 Itaque
3462 4832 3582 4873 cum
3620 4829 3735 4868 non

2159 4908 2432 5005 ignoraret
2480 4937 2597 4980 arte
2648 4920 3081 4977 adversariorum
3127 4926 3296 4971 totam
3350 4913 3471 4980 ejus
3528 4908 3736 4978 negotii

2159 4998 2369 5092 culpam
2397 5024 2528 5074 inse
2562 5006 3118 5087 conferri,haudsibi
3154 5006 3324 5062 videri
3354 5012 3529 5059 tutum
3573 4998 3740 5069 profi-

2160 5090 2293 5172 cisci
2324 5128 2432 5182 quo
2472 5101 3160 5171 vocaretur.discerpendo
3195 5099 3385 5164 utique
3419 5109 3449 5147 a
3483 5090 3701 5145 multitu
3722 5119 3737 5128 ο

2159 5210 2310 5272 dine,
2329 5204 2416 5259 cui
2446 5201 2535 5272 qui
2571 5216 2631 5254 se
2667 5198 2862 5252 vellent
2885 5195 3152 5265 perditum
3182 5190 3416 5245 sinistris
3436 5190 3560 5240 ante
3580 5198 3742 5251 spar-

2161 5304 2236 5356 sis
2268 5296 2581 5353 rumoribus
2617 5296 3001 5363 persuaserant
3026 5300 3192 5355 penes
3216 5299 3274 5337 se
3306 5294 3473 5335 unum
3496 5275 3742 5331 residere

2161 5406 2379 5445 causam
2405 5388 2527 5441 ntali
2559 5385 2757 5442 omnis.
2792 5382 2918 5436 Haec
2946 5381 3068 5445 jure
3116 5373 3326 5429 causari
3354 5385 3480 5425 eum
3510 5379 3743 5433 magnus

2162 5482 2432 5550 locolteta
2465 5477 2793 5545 intelligens,
2831 5471 2943 5525 acri
2964 5486 3066 5524 nec
3090 5467 3265 5521 inutili
3292 5479 3455 5533 Opera
3488 5456 3745 5513 incubuit

2164 5576 2231 5629 ad
2299 5572 2622 5626 seditionem
2674 5561 3139 5634 comprimendam
3184 5556 3363 5626 populi
3407 5563 3553 5606 metu
3608 5546 3740 5601 huic

2167 5667 2385 5722 admoto
2405 5663 2471 5717 ab
2493 5663 2840 5729 imperatore,
2860 5669 3045 5725 quem,
3076 5653 3118 5706 si
3135 5665 3239 5719 qua
3265 5647 3344 5701 vis
3371 5646 3542 5701 ﬁeret,
3567 5638 3747 5694 oden-

2167 5757 2402 5814 deudum
2425 5753 2661 5826 graviter
2690 5760 2747 5805 et
2778 5761 2966 5804 severe
2999 5743 3502 5799 animadversurum
3544 5736 3597 5788 in
3632 5732 3748 5785 vio-
