4094 6462
269 537 338 603 ιι
1230 527 1329 592 DE
1367 530 1817 594 ANDRONICO
1860 530 2324 596 PALEOLOGO
2364 536 2511 602 LIB.
2560 537 2606 600 Ι.
3486 549 3557 611 42

273 649 525 722 δηλώσας
554 645 655 718 τὴν
682 646 1005 718 εὐτρέπισιν
1033 645 1280 717 ἀσφαλῆ,
1308 644 1452 700 οὕτω
1479 646 1663 699 πείθει
1690 663 1872 715 παρα·
1901 650 1946 707 Α
1974 647 2220 700 λίόελλον
2252 651 2346 703 ἐπὶ
2374 649 2558 704 πίστει
2581 651 2791 716 δίκαιος
2818 654 3133 710 ἐκτίθεσθαι
3160 660 3249 712 καὶ
3278 661 3558 734 πληροφο-

276 741 555 812 γενέσθαι.
594 739 708 793 Καὶ
739 738 804 808 δὴ
835 738 927 792 τὸν
954 738 1187 808 ἔσχατον
1224 738 1391 791 τόπον
1435 735 1645 790 ἐλθόντι
1677 738 1862 800 δόντες

276 828 489 882 ἐκεῖθεν
559 826 959 895 ἀπολογεῖσθαι
1029 826 1343 895 καθήμενον
1417 826 1861 896 κατηνάγκαζον.

289 922 526 983 Ἐκεῖνος
562 920 621 973 δὲ
667 922 847 973 πάντα
889 918 1093 987 μᾶλλον
1125 918 1285 982 εἰδὼς
1320 920 1621 987 ἀπολογίας
1669 920 1864 987 καιρὸν

273 1011 310 1081 ἢ
343 1014 576 1076 ἐκεῖνον,
608 1012 711 1080 τὴν
737 1010 832 1063 τοῦ
871 1013 1101 1081 γράφειν
1148 1012 1332 1065 αίτίαν
1381 1012 1475 1064 ἐπὶ
1505 1010 1719 1082 καιροῖς
1761 1012 1868 1064 ὲτί-

274 1103 501 1172 θει,οὒς
528 1107 631 1158 οὐκ
685 1100 828 1157 εἶναι
863 1105 985 1157 τότε
1037 1103 1385 1175 διωμολόγει,
1437 1105 1531 1157 καὶ
1577 1104 1867 1175 πράγμασι

274 1199 506 1266 ζητοῦσι
545 1198 640 1253 καὶ
682 1197 880 1265 ταῦτα,
930 1198 1106 1261 ἄλλως
1139 1197 1172 1268 ἢ
1202 1197 1279 1261 ὡς
1317 1196 1377 1250 τὸ
1408 1196 1587 1268 παρὸν
1624 1198 1864 1267 ἔχουσιν,

273 1284 353 1345 ὧν
387 1290 872 1359 μετακινηθέντων
925 1289 1176 1359 ἀνάγκην
1211 1284 1352 1342 εἶναι
1406 1289 1501 1342 καὶ
1535 1288 1607 1341 τά
1660 1288 1870 1358 γραφό-

278 1384 422 1449 μενα
454 1383 816 1451 προσαργεῑν.
841 1381 1032 1444 Δίτίας
1068 1382 1178 1450 γὰρ
1210 1376 1356 1434 εἶναι
1397 1379 1498 1443 τὰς
1533 1379 1864 1447 ἀναγκαίας,

272 1472 345 1526 δι’
380 1473 450 1536 ἀς
484 1475 580 1527 καὶ
611 1474 993 1544 γεγράφεσαν,
1046 1472 1275 1543 μηδενὸς
1327 1473 1555 1526 αὐτόθεν
1588 1471 1868 1544 ὁρμήσαν-

274 1583 390 1627 τος.
422 1567 498 1620 Τὸ
528 1565 664 1635 γοῦν
692 1569 870 1621 κινεῖν
920 1566 1116 1635 λόγους
1164 1567 1275 1620 τῶν
1319 1567 1668 1637 πραγμάτων
1701 1567 1870 1621 ἀπόν-

274 1678 387 1714 των
416 1661 505 1730 ἐφ’
530 1654 612 1725 οἷς
641 1661 969 1733 ἐλέχθησαν,
1012 1658 1203 1732 ὥσπερ
1238 1662 1351 1723 τοῖς
1396 1661 1678 1731 ἐρωτῶσιν
1720 1659 1868 1730 ἔχειν

272 1754 338 1808 τὸ
369 1755 774 1826 παρακαίριον,
821 1753 972 1807 οὓτω
1004 1758 1114 1817 τοῖς
1146 1753 1616 1823 ἀπολογουμένοις
1659 1752 1721 1806 τὸ
1766 1754 1871 1824 μά-

271 1865 451 1902 ταιον.
487 1849 820 1917 ’Δναγκαῖον
855 1847 903 1900 δ’
952 1844 1094 1901 εἶναι
1141 1847 1238 1901 καὶ
1285 1847 1447 1918 μόνον
1501 1846 1601 1916 τὴν
1651 1845 1869 1900 σύνοδον

270 1940 687 2007 ἀποφαίνεσθαι
727 1942 776 1992 εἰ
808 1940 868 1993 ὃν
919 1942 996 2003 είς
1055 1939 1478 2010 ἀρχιερωσύνην
1530 1938 1866 2009 προσεκαλὲ-

272 2050 445 2086 σαντο
477 2034 619 2104 μήτε
661 2035 771 2103 μὴν
797 2033 976 2086 εἰδότα
1015 2034 1155 2102 μήτε
1204 2031 1313 2103 μὴν
1365 2030 1645 2095 ἀξιοῦντα,
1698 2030 1875 2100 ἀργή-
1907 2023 1951 2079 8

273 2144 454 2180 σαντα
484 2126 624 2190 τέως
658 2127 932 2180 λυθέντων
964 2126 1190 2178 ἐκείνων
1225 2124 1321 2178 καὶ
1350 2124 1446 2177 τοῦ
1478 2126 1707 2194 γνησίου
1740 2128 1875 2177 ἀνα-

272 2217 577 2288 κληθέντος
619 2217 905 2287 ποιμένος,
936 2216 1085 2280 ἄξιόν
1110 2218 1251 2279 ἐστι,
1287 2216 1381 2269 καὶ
1412 2215 1572 2269 αὐτοὶ
1596 2216 1871 2288 κρίνουσι,

272 2313 377 2382 τὴν
404 2313 574 2383 τιμὴν
611 2313 707 2366 καὶ
736 2313 817 2364 ἔτι
859 2312 1071 2364 ἐκεῖνον
1100 2311 1357 2380 κατέχειν
1388 2312 1454 2381 ἣν
1503 2310 1663 2380 ἔσχεν
1703 2310 1874 2380 ἀρχῆ-

271 2405 369 2459 θεν
396 2404 798 2475 ψηφιζομένων
842 2404 939 2456 καὶ
991 2401 1452 2473 προσκαλούντων
1495 2400 1695 2455 αὐτῶν.
1733 2399 1805 2451 Τὸ
1830 2397 1876 2452 δ’

270 2495 341 2570 ἢν
399 2498 512 2568 ἄρα
565 2498 821 2560 εἰπόντος
858 2495 1072 2549 ἐκείνου
1122 2497 1237 2559 τοῖς
1277 2494 1494 2557 πολλοῖς
1549 2488 1680 2566 ἧλος
1733 2491 1876 2545 κατὰ

272 2592 531 2663 καρδίας,
559 2592 679 2655 καὶ,
712 2608 730 2641 ι
766 2590 875 2643 Ποῦ
907 2606 971 2658 γε
1003 2591 1133 2659 ἀρα,
1175 2607 1195 2640 ι
1232 2590 1420 2657 φασὶν,
1457 2606 1475 2640 ι
1514 2585 1878 2659 ἀρχιερατεύ-

276 2698 393 2746 σεις
428 2682 661 2752 γνησίου
702 2680 842 2742 τέως
889 2678 1161 2751 παρόντος
1210 2676 1543 2749 ἀρχιερέως,
1582 2676 1724 2749 ἀνὴρ
1780 2677 1879 2731 καὶ

274 2842 457 2897 lentia:
490 2845 808 2909 compertos
833 2836 1194 2892 denuntiarit.
1234 2834 1327 2891 δίο
1351 2833 1540 2889 sedato
1571 2833 1747 2903 plebis
1773 2832 1875 2887 im-

279 2944 430 3005 petu,
502 2931 743 2987 Veccurn
788 2929 1125 3001 aggreditur,
1172 2928 1563 2984 demonstrans
1601 2941 1710 2978 non
1758 2940 1880 2979 esse

281 3027 391 3095 jam
412 3025 551 3095 quod
578 3032 907 3080 causaretur
938 3021 1103 3078 ullam
1138 3036 1167 3075 a
1199 3020 1469 3076 seditione
1501 3017 1874 3073 formidinem.

289 3116 404 3172 Nec
443 3117 529 3172 ille
564 3115 761 3171 abnuit
794 3114 1008 3168 venire.
1040 3112 1140 3167 Cui
1184 3109 1531 3181 comparenti
1565 3108 1792 3163 ultimus
1824 3109 1876 3160 in

284 3213 488 3285 synodo
518 3211 671 3267 locus
704 3210 868 3262 datus
898 3216 1005 3275 est;
1039 3205 1276 3274 indeque
1313 3212 1375 3258 ut
1407 3217 1630 3258 causam
1660 3199 1749 3254 ille
1786 3215 1876 3253 5e-

277 3307 415 3362 dens
435 3306 669 3367 diceret,
701 3315 933 3371 seseque
962 3306 1218 3371 purgaret
1242 3297 1311 3352 ab
1329 3295 1561 3367 objectis
1582 3294 1727 3350 circa
1749 3292 1875 3346 scri-

1978 742 2093 809 ρεῖν
2123 739 2182 805 ἐξ
2212 742 2457 812 ἀνάγκης
2489 742 2548 796 τὸ
2578 743 2740 815 ὀρθὸν
2766 745 2858 799 τοῦ
2891 749 3274 820 σεϐάσματοςς
3311 774 3330 807 ι
3364 757 3427 809 Οἱ
3459 759 3561 828 μὲν

1974 830 2067 886 οὖν
2095 832 2237 887 οὕτω
2270 837 2788 907 παρακρουσάμενοι
2836 838 2936 910 τὴν
2971 841 3196 906 ἀξίωσιν
3244 848 3551 918 ὲμϐριθῶς,
3619 855 3629 861 ’

1975 926 2221 994 εὐμενῶς
2254 926 2427 990 ἄλλως
2481 927 2740 992 λαϐόντες
2788 932 2973 1000 αὐτὸν,
3017 935 3212 1004 ἄγουσι
3266 945 3417 1012 παρά
3463 948 3558 1000 τὸν

1988 1015 2190 1085 Ἰωσὴφ
2223 1019 2316 1069 καὶ
2359 1020 2623 1090 μετανοίᾳ
2672 1021 3010 1085 ἐξιλεοῦσθαι
3059 1026 3133 1091 ὡς
3164 1029 3330 1101 δῆθεν
3359 1033 3560 1106 δυσμε-
3623 1046 3643 1070 λ

1977 1107 2233 1162 ναίνοντα
2269 1110 2569 1179 πείθουσιν,
2632 1110 2755 1168 εἶτα
2810 1124 2905 1169 καὶ
2960 1116 3204 1174 λίϐελλον
3250 1125 3560 1193 ἐκτιθέντες

1976 1202 2054 1262 εἰς
2082 1200 2376 1269 ὁμολογίαν
2410 1202 2511 1273 μὲν
2536 1205 2628 1257 τοῦ
2668 1206 2852 1275 ὀρθοῦ,
2887 1209 3163 1281 ἀποϐολὴν
3192 1214 3251 1267 δὲ
3280 1218 3389 1270 τῶν
3426 1218 3478 1273 εί
3508 1240 3559 1276 τι

1980 1296 2076 1347 καὶ
2108 1295 2509 1370 παρεξελέχθη,
2544 1299 2640 1352 καὶ
2674 1303 2850 1370 αὐτῆς
2888 1302 2953 1375 δὴ
2985 1305 3140 1370 τέλος
3174 1308 3273 1378 τῆς
3326 1312 3562 1381 ἱερωσύ-

1976 1403 2075 1455 νης
2116 1393 2475 1461 παραίτησιν,
2525 1394 2869 1465 ὑπογράφειν
2906 1397 3131 1466 διδοῦσι,
3176 1403 3271 1456 καὶ
3310 1404 3453 1460 οὕτω
3492 1412 3562 1463 τὰ

1978 1479 2166 1532 είκότα
2228 1481 2765 1556 φιλοφρονησάμενοι
2823 1489 3280 1560 ἀποπέμπουσιν.
3338 1495 3413 1569 [Ρ
3465 1498 3558 1570 20]

1982 1571 2161 1642 Ὅπερ
2192 1572 2381 1640 μαθὼν
2427 1573 2659 1644 ὕστερον
2694 1579 2895 1650 Ἰωσὴφ
2932 1580 3031 1653 τὴν
3063 1584 3160 1637 ἐπὶ
3187 1588 3255 1656 τῇ
3288 1596 3560 1660 παραιτή-

1979 1678 2062 1717 σει
2117 1664 2238 1733 βίαν
2275 1664 2701 1735 ὀρθοσεδοῢντος
2759 1671 2836 1735 ὡς
2896 1673 2958 1726 οὐ
3018 1677 3317 1749 κανονικὴν
3374 1680 3562 1735 ἄδικον

1977 1770 2218 1825 εκρινεν.

1982 1921 2069 1968 ια’.
2101 1913 2294 1982 Ὅπως
2319 1916 2471 1971 κατὰ
2509 1917 2623 1986 τὴν
2655 1919 2942 2000 Προῦσαν
2973 1925 3006 1979 δ
3036 1923 3262 1994 Βέκκος
3291 1898 3564 2000 περιωρί-

2697 1990 2846 2050 ζετο.

2062 2123 2275 2195 Ὀλίγον
2332 2124 2392 2179 τὸ
2445 2128 2675 2197 μεταξὺ,
2732 2130 2830 2184 καὶ
2882 2129 3108 2201 βασιλέα
3164 2137 3446 2192 πείθουσιν
3481 2144 3564 2205 εἰς

1980 2215 2237 2287 Προῦσαν
2266 2219 2613 2291 περιορίζειν
2644 2214 2688 2289 ᾧ
2719 2224 2856 2287 τέως
2887 2226 2980 2278 καὶ
3011 2225 3306 2286 διελύοντο.
3360 2232 3502 2287 Ἀλλ’
3536 2235 3566 2288 ὁ

1980 2309 2238 2377 βασιλεὺς
2272 2312 2439 2378 τάξας
2469 2313 2620 2383 αὐτῷ
2650 2317 2744 2369 καὶ
2792 2316 2852 2368 τὸ
2901 2319 3217 2391 σιτηρέσιον
3263 2323 3563 2396 αὔταρκες,

1980 2405 2192 2456 ἐκεῖνον
2223 2405 2323 2474 μὲν
2359 2408 2472 2469 τοῖς
2506 2407 2811 2471 ἀπάξουσιν
2839 2411 2935 2462 ἐπὶ
2970 2411 3228 2484 Προύσης
3259 2416 3566 2484 ἐκδίδωσιν,

1936 2508 1954 2527 .-
1978 2497 2163 2559 αὐτοῖς
2194 2496 2240 2550 δ’
2265 2498 2473 2581 ἐχρῇτο
2498 2501 2608 2553 τῶν
2632 2499 2811 2554 ἄλλων
2843 2488 3266 2575 ἐνευκαιρήσας,
3297 2510 3352 2562 εί
3374 2527 3426 2562 τι
3455 2512 3567 2581 ἄρα

1979 2587 2347 2657 προτείνειαν,
2378 2570 2480 2643 καί
2518 2606 2582 2659 γε
2615 2591 2788 2661 ἡδέως
2816 2591 2918 2662 μὲν
2947 2570 3564 2666 ἤκουε-μεσιτευόντων,

1979 2679 2152 2734 πολλά
2171 2680 2216 2733 δ’
2246 2681 2554 2754 ἐξεπλήρου
2601 2683 2710 2737 τῶν
2753 2685 3077 2753 ἀναγκαίων
3119 2689 3573 2764 ὑπομιμνησκὸν·

1978 2832 2251 2899 cantibus,
2277 2833 2516 2890 retinere
2537 2834 2843 2892 etiamnum
2874 2838 3138 2894 honorem
3155 2855 3318 2909 quem
3351 2844 3569 2901 i110rum

1979 2934 2140 2981 antea
2191 2927 2509 2999 eligentium
2555 2938 2611 2983 et
2662 2931 2730 2985 ad
2776 2931 3205 2999 patriarcliatum
3258 2938 3569 2994 vocantium

1980 3018 2254 3091 sulfragiis
2285 3032 2590 3093 acceperat.
2619 3022 2746 3079 113cc
2769 3035 3046 3095 postrema
3076 3030 3379 3099 praesertim
3406 3029 3569 3087 Vecci
3596 3048 3599 3051 ‘

1981 3112 2283 3180 prepositio
2314 3112 2701 3183 plerorumque
2746 3117 3006 3173 cordibus
3038 3119 3219 3174 inﬁxit
3262 3122 3569 3190 spiculum;

1978 3203 2457 3275 audiebanturque
2510 3206 2907 3278 indignantium
2956 3224 3118 3265 voces
3169 3228 3183 3266 :
3229 3210 3309 3265 Tu
3362 3213 3575 3268 scilicet

1976 3296 2379 3364 patriarclratus
2426 3301 2634 3353 honore
2673 3301 2956 3370 gaudebis,
3001 3311 3273 3371 praesente
3322 3304 3433 3372 jam
3494 3304 3575 3359 le-

273 3409 366 3472 pta
402 3415 501 3454 sua
533 3396 894 3452 vehementer
935 3393 1237 3448 instabant.
1278 3389 1349 3442 At
1381 3387 1588 3443 Veccus
1611 3385 1759 3439 aliud
1782 3399 1876 3454 po-
1907 3383 1949 3439 C
1981 3387 2167 3454 gitimo
2191 3389 2537 3456 patriarcha?
2557 3389 2660 3455 Tu,
2686 3392 2931 3460 inquam,
2959 3402 3251 3464 suspectus
3274 3395 3573 3462 haereseos,

273 3496 384 3549 tius
414 3489 681 3563 quodvis,
711 3502 876 3556 quam
919 3483 1067 3554 quod
1105 3491 1235 3537 tunc
1263 3488 1408 3545 erat,
1438 3478 1567 3532 talia
1608 3477 1875 3548 purgandi

273 3597 495 3658 terrpus
516 3600 644 3640 esse
675 3581 883 3647 sciens,
916 3575 1285 3649 reSpondebat
1331 3588 1529 3629 causas
1560 3571 1760 3641 quibus
1785 3570 1874 3624 dc-

277 3678 425 3734 feudi
458 3691 628 3731 suum
657 3670 938 3729 scribendi
962 3668 1250 3724 consilium
1271 3674 1478 3738 posset,
1503 3662 1608 3736 35
1632 3668 1681 3717 ei
1712 3661 1878 3717 fuisse

272 3768 511 3838 tempori
556 3764 748 3819 aliian
795 3760 943 3832 quod
997 3774 1146 3813 nunc
1194 3756 1529 3827 praeteriisse
1582 3753 1876 3808 fatebatur.

272 3862 429 3915 Scire
461 3874 612 3923 sese,
641 3872 748 3928 qua
778 3863 1103 3924 tempestate
1131 3851 1221 3905 illa
1242 3849 1556 3920 scripsisset
1579 3862 1698 3917 quae
1720 3844 1881 3899 modo

269 3955 330 4010 in
362 3954 581 4008 crimen
633 3948 993 4010 iocabantur,
1041 3946 1290 4014 exegisse
1310 3957 1340 3996 a
1369 3956 1429 3997 se
1474 3950 1609 3994 tunc
1636 3951 1883 4008 praesen-

271 4055 385 4102 tem
418 4060 609 4099 rerum
637 4051 841 4097 statum
867 4048 926 4092 ut
952 4037 1079 4092 talia
1128 4037 1416 4092 scriberet.
1461 4032 1651 4102 Inique
1694 4045 1882 4087 secum

268 4140 360 4210 agi
402 4138 452 4193 si
493 4147 622 4206 post
678 4132 1093 4188 conversionem
1142 4143 1326 4183 rerum
1373 4127 1579 4180 tantam
1629 4131 1884 4194 praestare

270 4247 423 4288 nunc
442 4241 675 4302 cogatur
694 4244 759 4281 ea
783 4238 929 4281 recta
952 4240 1093 4290 esse,
1121 4240 1240 4294 quae
1264 4236 1386 4277 cum
1412 4235 1567 4275 suam
1587 4219 1655 4274 ab
1685 4233 1885 4289 Oppor-

270 4325 515 4380 tunitate
585 4319 977 4376 rectitudinem
1059 4316 1366 4380 ducerent,
1415 4310 1718 4367 mutatione
1765 4324 1886 4378 qua:

270 4418 471 4474 incidit
517 4426 832 4482 temporum
879 4426 1031 4465 suam
1063 4407 1216 4478 quasi
1265 4404 1646 4460 defensionem
1684 4401 1880 4455 amiseo

274 4523 424 4567 runt.
463 4510 775 4564 Omittatur
808 4520 936 4576 ergo
968 4505 1177 4558 crimen
1216 4516 1306 4556 mo
1331 4505 1379 4556 Io
1409 4497 1884 4569 intempestivum,

274 4617 367 4659 aut
408 4608 464 4658 in
502 4615 729 4671 tempus
760 4598 1045 4653 dilferatur
1088 4596 1209 4666 ejus
1250 4594 1397 4664 quod
1450 4608 1626 4663 nuper
1677 4589 1889 4646 exstitit

1979 3492 2009 3531 a
2036 3492 2145 3547 quo
2167 3479 2293 3549 jure
2322 3481 2528 3552 scripto
2559 3483 2701 3536 edita
2725 3484 2847 3538 lidei
2870 3484 3139 3554 professio
3162 3488 3434 3559 exigatur,
3461 3492 3577 3545 cui-

1980 3585 2088 3640 que
2142 3573 2330 3628 multis
2376 3575 2716 3645 argumentis
2743 3590 2882 3646 Opus
2914 3578 2989 3633 sit
3028 3579 3094 3634 ad
3135 3582 3576 3650 persuadendum

1982 3671 2035 3715 te
2066 3671 2213 3717 recte
2249 3678 2314 3717 ac
2338 3663 2608 3721 catholico
2657 3667 2906 3721 sentire?
2940 3669 3030 3722 Sic
3062 3670 3165 3736 illi,
3208 3672 3421 3741 repulsa
3470 3674 3582 3727 ira-

1982 3754 2162 3809 cunde
2190 3752 2353 3810 Vecci
2393 3758 2784 3826 postulatione,
2837 3760 3027 3815 mitius
3073 3763 3273 3818 deinde
3310 3780 3434 3820 eum
3487 3766 3582 3821 illo

1982 3845 2227 3919 agentes,
2249 3848 2450 3905 blande
2477 3851 2839 3921 perpulerunt
2875 3864 2933 3908 ut
2956 3855 3154 3910 sistere
3180 3871 3239 3912 se
3271 3871 3455 3912 coram
3483 3858 3581 3914 Jo-

1984 3940 2154 4008 sepbo
2185 3940 2366 3996 vellet.
2396 3940 2517 4008 Quo
2543 3942 2660 4012 ipso
2693 3943 2950 4010 adducto,
2978 3953 3036 4000 et
3066 3962 3327 4015 persuaso
3350 3948 3460 4021 36
3487 3950 3580 4005 de-

1984 4030 2146 4086 linire
2173 4029 2276 4086 sibi
2306 4030 2574 4088 oll‘ensum
2608 4034 2842 4103 supplici
2869 4035 3271 4106 significatione
3306 4040 3579 4110 paeniten-

1988 4126 2096 4190 tiaa,
2130 4125 2329 4180 deinde
2360 4124 2463 4195 ipsi
2506 4126 2868 4195 compositum
2906 4126 3176 4193 libellum,
3206 4143 3316 4198 quo
3369 4130 3583 4200 profes-

1987 4220 2071 4272 sio
2098 4227 2259 4272 rectae
2278 4217 2403 4272 fidei
2439 4218 2878 4288 conjungebatur
2903 4232 3028 4272 cum
3054 4219 3373 4276 amolitione
3400 4223 3584 4292 suspi-

1991 4310 2212 4364 cionum
2244 4308 2292 4363 si
2322 4324 2444 4379 quae
2476 4310 2532 4363 in
2573 4308 2915 4364 contrarium
2945 4320 3248 4379 exstarent,
3281 4315 3481 4383 quibus
3512 4318 3581 4369 ad

1989 4413 2298 4459 extremum
2373 4404 2742 4457 annectebnnt
2787 4402 3192 4459 abdicationem
3261 4407 3580 4472 sacerdotii,

1992 4493 2171 4550 Vecco
2204 4503 2262 4549 ut
2293 4495 2667 4550 subscriberet
2704 4494 3013 4560 dederunt;
3071 4505 3239 4566 atque
3277 4497 3348 4552 ita
3400 4502 3580 4553 verbis

1991 4586 2294 4658 olﬁciisqne
2340 4586 2500 4658 paulo
2537 4587 2950 4659 benignioribus
2976 4590 3444 4646 commodiuscule
3471 4601 3583 4647 tra-

277 4696 477 4753 sirnile.
529 4695 645 4749 lies
679 4709 800 4765 qua:
853 4703 983 4747 tunc
1017 4691 1347 4763 gerebantur
1403 4684 1734 4756 imposuisse
1779 4682 1881 4737 sibi
1909 4689 2197 4777 Detatum
2261 4681 2609 4737 dimiserunt.
2665 4680 2822 4744 Quod
2881 4695 3007 4735 cum
3076 4690 3266 4750 postea
3315 4682 3589 4753 Iosephus

276 4788 673 4846 necessitatem
712 4783 985 4842 scribendi
1006 4799 1127 4853 qum
1172 4781 1473 4852 scripserit,
1503 4780 1723 4833 neruine
1770 4776 1881 4831 alio

275 4888 341 4940 ad
370 4884 430 4939 id
468 4882 748 4954 agendum
794 4886 1119 4933 occurrente
1160 4874 1308 4944 quod
1357 4874 1573 4944 publice
1622 4872 1884 4925 intererat

277 4979 345 5032 ab
375 4978 568 5046 aliquo
596 4974 740 5027 lieri.
769 4970 970 5026 Vocare
995 4980 1174 5024 autem
1226 4969 1282 5021 in
1323 4980 1553 5021 examen
1602 4978 1886 5019 sermones

279 5074 419 5127 bene
453 5078 506 5124 in
549 5079 798 5137 tempore
828 5066 1087 5133 prolatos,
1127 5059 1350 5114 remotis
1377 5060 1484 5129 jam
1517 5057 1886 5112 circumstan-

284 5166 368 5219 tiis
396 5164 605 5233 quibus
654 5160 874 5212 illorum
919 5153 1307 5224 opportunitas
1331 5153 1508 5221 palam
1546 5148 1889 5201 monstraba-

285 5272 387 5326 tur,
428 5271 490 5312 ut
530 5258 588 5309 in
623 5254 893 5306 rationem
914 5246 1262 5318 exigentibus
1289 5242 1703 5313 inquisitiOnein
1730 5242 1893 5293 habet

286 5359 753 5421 intempestivam,
776 5346 855 5399 sic
892 5339 1353 5412 respondentibus
1384 5334 1756 5390 conditionem
1805 5333 1892 5385 in-

284 5448 456 5521 jungit
490 5439 925 5512 iniquissimam,
958 5449 1136 5490 causa:
1163 5434 1284 5486 talis
1316 5428 1560 5484 dicendae
1587 5432 1745 5495 cujus
1778 5441 1896 5479 om-

282 5546 363 5597 nis
406 5536 779 5595 del’endendre
830 5540 1064 5586 conatus
1109 5542 1279 5582 vanus
1333 5539 1397 5579 ac
1444 5524 1646 5578 stultus
1698 5523 1894 5574 merito

281 5638 655 5690 existimetur.
677 5626 813 5680 Illud
833 5623 1012 5678 solum
1032 5621 1287 5689 decidere
1311 5627 1568 5687 oportere
1590 5614 1779 5668 Patres
1809 5629 1896 5682 sy-

282 5730 409 5782 nodi
434 5722 748 5796 pnesentis,
767 5734 838 5773 an
860 5732 971 5771 non
990 5698 1112 5769 eum
1145 5727 1307 5781 quem
1334 5726 1432 5764 nec
1450 5709 1776 5781 cogitantem
1796 5721 1899 5761 nec

285 5824 567 5875 Vnientem
601 5818 667 5868 ad
699 5811 1134 5884 patriarcbaturn
1177 5806 1283 5875 ipsi
1327 5810 1680 5865 vocaverunt,
1735 5802 1898 5852 modo

289 5918 572 5970 redactum
611 5910 665 5962 in
691 5912 943 5960 ordinem
971 5901 1226 5969 perillos,
1247 5910 1301 5952 et
1330 5897 1507 5967 priore
1533 5896 1590 5949 iu
1616 5893 1897 5966 proprium

295 6014 549 6064 t'uronunr
591 6010 849 6056 remi-ato
878 6003 1123 6065 pastore.
1163 6006 1377 6059 aequum
1422 5992 1514 6053 sit,
1561 5988 1697 6058 ipsis
1750 5986 1895 6041 iudi-

616 6098 893 6158 ῬΑτιιοῑ..
943 6091 1061 6149 Gtt.
1098 6089 1191 6145 (ἶῖ
1208 6089 1271 6144 Μ
1286 6090 1352 6152 ν.

1990 4774 2355 4849 cognovisset,
2385 4773 2498 4828 vim
2531 4773 2736 4827 illatam
2767 4773 2972 4827 homini
2999 4773 3303 4829 orthodoxe
3334 4790 3384 4829 ιιι
3413 4776 3590 4847 digni-

1993 4877 2156 4924 tatem
2186 4868 2487 4932 abdicaret,
2513 4868 2592 4923 uti
2618 4867 2844 4923 minime
2879 4867 3081 4937 regulis
3113 4867 3336 4922 Patrum
3361 4869 3583 4925 confor-

1993 4975 2161 5024 mcm,
2191 4961 2451 5031 injustam
2495 4960 2664 5014 fuisse
2687 4959 2977 5030 judicavit.

2178 5101 2263 5155 ll.
2305 5098 2371 5153 Ut
2422 5098 2650 5154 Prusam
2691 5099 2952 5168 relegatus
2996 5096 3188 5150 Vaccus
3222 5096 3408 5166 fuerit.

2070 5238 2191 5292 Eon
2224 5239 2295 5291 ita
2328 5237 2500 5291 multo
2537 5244 2659 5307 post
2705 5235 2865 5288 ἰίιὶιςιιι
2901 5233 3215 5303 imperatori
3267 5235 3597 5304 persuadent

2003 5341 2061 5386 ut
2092 5326 2352 5398 Veccum,
2377 5346 2407 5383 a
2441 5345 2549 5399 quo
2581 5341 2761 5383 tamen
2784 5330 2883 5383 sibi
2913 5329 3249 5382 satisfactum
3287 5344 3399 5398 pra:
3420 5345 3479 5383 se
3508 5340 3596 5381 tu-

2004 5425 2201 5486 lerant,
2227 5425 2455 5478 Prusam
2477 5422 2782 5476 exsulatum
2830 5426 3086 5474 mitteret.
3112 5417 3414 5473 Destinavit
3434 5420 3597 5489 igitur

2004 5519 2301 5587 imperator
2335 5517 2427 5586 qui
2460 5529 2585 5570 eum
2627 5515 2756 5569 illuc
2782 5515 3138 5579 abducerent,
3183 5512 3476 5582 assignatis
3523 5511 3596 5563 ibi

2004 5613 2055 5667 ei
2093 5612 2448 5682 pensionibus
2477 5611 2545 5666 ad
2586 5610 2787 5666 victum
2831 5608 3218 5663 sufﬁcientem.
3263 5603 3432 5658 Porro
3480 5602 3600 5655 istis

2007 5708 2100 5775 qui
2146 5706 2368 5759 nomine
2409 5703 2631 5773 Josepbi
2669 5703 2959 5758 ecclesiam
2990 5698 3276 5761 curabant,
3314 5694 3611 5765 familiai-i1

2010 5810 2091 5856 ter
2119 5800 2186 5853 ad
2224 5807 2417 5852 caetera
2445 5812 2661 5866 quoque
2696 5811 2755 5852 se
2783 5792 3097 5862 indulgebat
3141 5792 3461 5857 imperator,
3504 5787 3602 5838 ad-

2009 5896 2235 5948 mittens
2259 5893 2476 5962 quoties
2503 5890 2723 5956 vellent,
2760 5888 3159 5955 audiendisque
3192 5881 3297 5937 illis
3346 5892 3402 5936 et
3431 5896 3601 5948 expe-

2010 5986 2214 6044 diendo
2263 5986 2631 6055 quodcunque
2679 5988 2969 6053 pascere-nt
3019 5977 3358 6048 perlibenter
3390 5964 3609 6030 vacans

3189 6073 3229 6134 2
