4094 6460
558 462 623 527 ta
1401 511 1413 517 _
1774 455 2095 515 osonou
2137 454 2619 517 Pacatulam
3747 451 3818 521 tt

552 591 682 629 των.
728 569 1011 625 Ἐδεδαίου
1056 569 1114 622 δὲ
1177 567 1273 621 καὶ
1319 567 1416 630 τὰς
1454 565 1681 637 γνώμας
1731 564 2002 634 λεγόντων
2049 564 2143 618 καὶ
2171 572 2214 629 Α
2250 565 2358 636 σὴφ
2388 567 2689 638 ἀρρώστως
2716 569 2858 641 ἔχων
2897 570 2991 625 τοῦ
3025 570 3279 642 σώματος
3321 573 3422 641 τῆς
3452 572 3824 644 πατριαρχίας

557 666 816 739 προθέσει
842 663 1075 733 καρδίας
1123 664 1215 715 καὶ
1250 661 1601 731 γράμμασιν,
1628 653 1704 712 ὧν
1736 657 1797 709 τὸ
1831 656 2019 728 μεῖζον
2044 659 2138 709 καὶ

551 760 771 832 πρῶτον
830 758 906 828 μὴ
942 756 1008 811 ἄν
1044 757 1167 809 ποτ’
1209 753 1462 824 εὐφήμου
1497 752 1741 823 μνήμης,
1787 749 1863 821 μὴ
1907 750 2139 820 ψαλμῳ-

552 857 694 922 δίας,
734 855 812 925 μὴ
837 853 1018 923 ταφῆς
1048 848 1354 918 ἀξιωθῆναι
1400 846 1491 899 τὸν
1520 844 1905 914 ἀποιχόμενον.
1940 842 2002 896 Οί
2038 843 2138 912 μὲν

552 948 648 1003 οὖν
677 946 823 1001 οὕτω
852 948 1051 1006 ταῦτα,
1094 940 1357 1012 βασιλεὺς
1406 938 1450 990 δ’
1495 937 1741 1008 οίόμενος
1790 934 2138 1005 πραγμάτων

554 1040 942 1109 ἀπαλλαγῆναι
978 1036 1040 1089 τὸ
1087 1034 1196 1087 πᾶν
1226 1028 1530 1103 κατορθοῦν
1575 1029 1818 1100 ἐνόμιζε.
1857 1026 1930 1081 Τὸ
1954 1026 1998 1081 δ’
2030 1027 2138 1096 ἄρα

552 1130 622 1204 ἦν
655 1132 887 1202 ὄνειρος.

556 1292 642 1363 ιβ’.
687 1287 827 1358 Περὶ
863 1287 983 1343 τῶν
1032 1281 1451 1408 ’Δρσενχὲἕιὲἱ
1477 1280 1577 1337 καὶ
1622 1277 1733 1348 τῆς
1766 1274 1874 1331 τοῦ
1923 1273 2137 1343 Ἰωσὴφ

1236 1370 1451 1408 νοσου.

622 1500 685 1553 Ol
720 1497 833 1567 γὰρ
878 1492 1228 1564 Ἀρσενιᾶται
1260 1488 1445 1551 ἀδείας
1480 1484 1544 1559 [Ρ
1575 1483 1669 1556 2|]
1697 1484 1941 1536 xixsivot
1970 1480 2137 1534 λαϐό-

553 1609 708 1661 μενοι
736 1587 1015 1647 πείθοντος
1044 1583 1140 1638 τοῦ
1181 1579 1400 1650 καιροῦ,
1442 1581 1537 1632 καὶ
1569 1575 1912 1645 πανταχόθεν
1942 1572 2141 1637 ὑπεξαο

552 1677 813 1739 ναδύντες
862 1676 971 1728 τιῖιν
1012 1671 1259 1742 φωλεῶν,
1301 1668 1397 1722 τοῦ
1457 1667 1722 1739 βασιλέως
1771 1665 2013 1727 ἀνιέντος
2060 1663 2137 1727 ὡς

553 1771 846 1832 κάκείνους
886 1768 967 1831 εἰς
998 1767 1224 1836 εἰρήνην
1252 1762 1409 1832 ἄγειν
1454 1761 1795 1826 ἐλπίζοντος,
1833 1758 2136 1827 ὑπέτρεχον

546 1869 679 1929 τοὺς
732 1861 982 1927 πολλοὺς,
1017 1859 1114 1921 καὶ
1149 1858 1351 1930 μᾶλλον
1396 1853 1733 1928 Θαρροῦντες
1778 1854 1867 1908 ἐπ’
1913 1851 2133 1920 Ἀνδρο-

550 1959 683 2029 νίκῳ
710 1957 789 2029 τῷ
821 1955 929 2011 ἀπὸ
965 1953 1235 2024 Σάρδεων,
1269 1950 1328 2004 ὃν
1359 1949 1485 2004 ὅσον
1515 1946 1670 2001 οὔπω
1717 1945 1924 2017 ἥξαντα
1963 1960 2134 2015 προσ.

550 2053 820 2122 εδέχοντο,
854 2044 998 2101 εἷναί
1033 2063 1094 2099 τε
1127 2045 1216 2098 τὸν
1257 2042 1456 2113 Ἰωσὴφ
1486 2041 1579 2094 ὑπ’
1609 2038 1921 2109 ἀφορισμὸν
1948 2039 2011 2090 ἐκ
2042 2034 2137 2090 τοῦ

549 2144 901 2212 πατριάρχου
960 2136 1238 2211 ’Δρσενίου
1283 2133 1649 2198 διεϐεσαίουν,
1675 2132 1770 2185 καὶ
1797 2131 1897 2202 τὴν
1926 2131 2138 2183 ἐκείνου

552 2235 842 2290 κυινωνίαν
877 2232 953 2303 μὴ
991 2234 1074 2286 ὃτι
1100 2229 1153 2298 γ’
1182 2228 1383 2281 ἐκεῖνοι
1409 2225 1483 2289 ὡς
1511 2226 1645 2293 ἄγος
1671 2221 1969 2288 ὲξέκλινον,
2006 2221 2143 2276 ἀλλὰ

552 2330 643 2383 καῖ
677 2326 907 2387 πολλοὺς
956 2320 1179 2377 ἔπειθον
1227 2318 1478 2387 φεύγειν,
1534 2316 1676 2370 ὥστε
1726 2319 1827 2369 καὶ
1869 2314 2141 2385 ὁσημέραι

553 2421 774 2482 πλείους
841 2415 1075 2477 ἐκείνοις
1138 2408 1554 2482 προστίθεσθαι,
1614 2406 1720 2474 κάξ
1778 2405 1979 2474 ὀλίγων
2033 2405 2143 2459 τῶν

552 2519 789 2585 πρώτων
818 2507 1051 2572 πολλοὺς
1080 2505 1354 2576 γίνεσθαι.
1392 2501 1534 2555 Ἀλλ’
1565 2500 1653 2570 ἐφ’
1685 2502 1808 2556 ὅσον
1838 2499 1939 2570 μὲν
1964 2500 1992 2551 ὁ
2024 2497 2142 2551 Ἰω-

551 2676 683 2748 quin
705 2683 761 2729 et
791 2687 916 2729 cum
944 2667 1164 2740 quidvis
1191 2681 1290 2738 pro
1318 2663 1567 2736 quolibet
1595 2661 2005 2717 intercederent
2049 2668 2146 2715 aut

551 2775 819 2841 peterent,
849 2771 1102 2835 prompte
1132 2772 1409 2825 annuens,
1454 2756 1735 2841 multaque
1762 2770 1831 2809 ex
1874 2768 1976 2807 usu
2006 2766 2147 2823 prae-

551 2858 689 2914 senti
722 2855 957 2918 faciens,
983 2860 1150 2922 prout
1179 2849 1257 2906 illi
1289 2847 1409 2903 fieri
1443 2848 1669 2901 omnino
1694 2844 1898 2901 debere
1920 2858 2146 2915 sugges-

551 2951 771 3006 sissent.
804 2943 1175 3006 Confirmabat
1208 2949 1391 2995 autem
1434 2939 1742 2994 sententias
1794 2937 1990 2991 horum
2042 2936 2144 2990 sibi

570 3040 897 3112 oquentium
951 3048 1076 3090 cum
1134 3040 1385 3103 prompta
1441 3029 1841 3102 signiﬁcatione
1894 3027 2149 3083 benevoli

552 3147 832 3195 assensus,
858 3139 973 3183 tum
1008 3126 1101 3182 ubi
1134 3138 1222 3179 res
1253 3130 1528 3193 posceret,
1573 3120 1774 3176 litteris
1794 3127 1850 3175 et
1879 3119 2149 3190 diploma-

551 3226 699 3281 tibus
730 3223 795 3277 ad
823 3235 1011 3277 carum
1043 3215 1404 3273 sanciendum
1428 3211 1686 3268 eﬂectum
1718 3210 1881 3266 datis.
1913 3211 2147 3266 Istorum

551 3319 700 3374 hisce
736 3320 1124 3371 concessurum
1153 3326 1181 3364 a
1207 3309 1459 3381 principe
1489 3307 1595 3361 hoc
1627 3305 1923 3361 maximum
1953 3316 2006 3359 et
2031 3304 2143 3374 pri-

549 3428 699 3468 tnum
721 3409 847 3471 fuit,
871 3407 1015 3479 quod
1044 3405 1112 3460 iis
1147 3402 1510 3461 suadentibus
1541 3399 1715 3455 vetuit
1743 3413 1817 3454 ne
1846 3398 2004 3468 signo
2031 3396 2141 3451 ullo

548 3505 868 3560 honorifica:
915 3498 1195 3556 memoria:
1246 3511 1351 3551 nec
1391 3494 1556 3566 justis
1608 3491 1935 3548 funebribus
1974 3500 2138 3545 cantu

551 3599 887 3670 psalmorum
923 3595 1029 3647 rite
1067 3590 1381 3654 celebratis,
1420 3589 1532 3642 imo
1572 3602 1644 3641 ne
1696 3586 1977 3655 sepultura
2014 3583 2138 3654 qni-

549 3693 672 3746 dem
700 3685 1072 3743 ecclesiastica
1115 3692 1269 3753 pater
1310 3681 1434 3750 ejus
1480 3683 1762 3750 Augustus
1810 3692 1988 3748 nuper
2039 3679 2138 3731 de-

551 3784 770 3837 functus
799 3777 1140 3848 dignaretur.
1182 3772 1249 3825 Et
1291 3772 1406 3825 haec
1439 3770 1514 3823 illi
1537 3769 1759 3840 quidem
1782 3768 1861 3821 sic
1885 3776 2136 3837 egerunt.

548 3875 854 3945 Imperator
909 3878 1095 3924 autem
1154 3878 1427 3936 propensa
1472 3863 1576 3917 ista
1624 3860 1691 3916 ad
1732 3875 1923 3916 eorum
1968 3870 2137 3914 nutus

549 3980 743 4021 munies
774 3962 1031 4017 facilitate
1048 3954 1414 4025 obsequendi,
1442 3953 1764 4009 defunctum
1795 3967 1854 4007 se
1881 3952 2054 4007 turbis
2084 3961 2138 4007 et

549 4070 801 4127 inagnam
828 4054 887 4107 in
931 4062 1239 4124 posterum,
1280 4047 1495 4104 cunctis
1531 4046 1877 4117 compositis,
1926 4059 1986 4099 se
2030 4045 2134 4098 sibi

550 4146 996 4219 tranquillitatem
1058 4142 1364 4198 confecisse
1408 4140 1823 4205 arbitrabatur;
1885 4136 1938 4192 id
1986 4137 2133 4208 quod

550 4256 746 4297 \anum
778 4239 1054 4294 somnium
1089 4235 1190 4290 sibi
1228 4232 1464 4289 faventis
1491 4232 1661 4286 animi
1698 4231 1817 4286 fuit.

794 4377 877 4429 l9.
913 4374 986 4429 De
1012 4372 1326 4433 Arseuianis
1359 4381 1409 4426 et
1441 4370 1619 4425 morbo
1643 4369 1882 4441 Iosephi.

627 4511 912 4570 Arseniani
940 4509 1159 4580 quippe,
1184 4523 1252 4563 ex
1280 4509 1584 4565 mutatione
1606 4520 1661 4566 et
1692 4508 1795 4580 ipsi
1821 4515 2131 4578 temporum

2241 656 2564 727 ἐπείληπτο,
2587 663 2781 732 καιρὸν
2807 662 2989 734 ἥκιστ’
3014 658 3159 734 εἶχον
3177 665 3380 717 habet
3413 665 3542 734 πρὸς
3568 662 3820 733 βασιλέαο

2239 746 2300 802 τὸ
2337 748 2443 820 γὰρ
2479 751 2632 818 σφῶν
2669 752 3089 808 ἀκατάλλακτον
3122 757 3171 808 οἱ
3206 755 3302 811 τοῦ
3350 757 3549 828 Ἰωσὴφ
3577 755 3827 815 ὲκϊξλεί·

2242 856 2372 892 στου
2420 842 2644 909 ειδότες,
2681 845 2777 899 καὶ
2829 845 2912 900 ὅτι
2967 848 3124 902 αὐτοὶ
3169 850 3271 919 μὲν
3326 851 3676 921 πατριάρχην
3731 849 3824 905 τὸν

2253 930 2452 1003 Ἰωσὴφ
2501 928 2670 1004 εἶχον,
2729 939 2929 992 ἐκεῖνοι
2978 939 3035 993 δὲ
3074 940 3186 995 οὐδ’
3233 941 3384 1009 ἄξιον
3424 940 3823 1012 Χριστιανικῆς

2240 1022 2465 1092 ὁμιλίας
2491 1023 2729 1097 ἔκρινον,
2772 1031 2868 1083 καὶ
2912 1030 3002 1085 διὰ
3041 1031 3214 1085 ταῦτα
3261 1033 3522 1089 ἀδύνατον
3560 1033 3661 1103 τὴν
3691 1030 3803 1103 ξύει

2241 1114 2404 1169 ϐασιν
2448 1119 2733 1189 κρίνοντες
2766 1121 3289 1195 προκατελάμδανον
3333 1124 3580 1194 βασιλέα,
3620 1139 3830 1194 μαρτυ-

2244 1209 2467 1282 ροῦντες
2496 1214 2646 1282 σφίσι
2676 1214 2745 1269 τὰ
2775 1215 3050 1287 χείριστα,
3096 1221 3190 1272 καὶ
3220 1219 3294 1282 ὠς
3328 1219 3436 1273 οὐδ’
3474 1218 3561 1277 ἐπ’
3596 1216 3826 1286 ἀγαθοῖς

2240 1304 2390 1375 αύτῷ
2422 1306 2766 1376 βασιλεύοντι
2815 1311 3011 1363 ἐκείνοι
3055 1311 3156 1382 τὴν
3196 1311 3530 1381 Ἐκκλησίαν
3580 1311 3831 1382 σχίζουσι

2240 1396 2495 1464 λέγοντες
2527 1404 2811 1471 φροντίσιν
2837 1403 2897 1455 ού
2929 1406 3052 1467 ταῖς
3073 1403 3373 1474 τυχούσαις
3407 1405 3634 1461 ἐδίδουν.
3674 1404 3831 1457 Ἐπεὶ

2241 1487 2287 1542 δ’
2317 1489 2686 1560 ἐκραταιοῦτο
2713 1493 2792 1563 τῷ
2836 1495 3158 1569 πατριάρχῃ
3207 1498 3240 1568 ἡ
3291 1498 3465 1564 νόσος,
3497 1496 3592 1553 καὶ
3622 1495 3721 1567 ἤδη
3771 1496 3831 1560 ἐς
3916 1538 3927 1547 .

2242 1578 2392 1635 ἅπαν
2424 1583 2786 1654 ἐκλελυμένος
2812 1581 2881 1658 ἦν
2905 1587 2981 1655 ὡς
3023 1590 3119 1641 καὶ
3152 1588 3245 1641 τὸν
3274 1586 3506 1643 θάνατον
3536 1586 3835 1656 ἀπεκδέχε-

2240 1672 2389 1740 σθαι,
2421 1676 2514 1729 καὶ
2539 1676 2629 1731 διὰ
2652 1677 2827 1731 ταῦτα
2859 1682 3161 1753 παρῃτεῖτο
3196 1680 3296 1752 τὴν
3337 1680 3698 1753 προστασίαν,
3733 1679 3833 1732 καὶ

2238 1764 2480 1835 γράμμα
2532 1765 2834 1837 προῦσαινε
2883 1771 3305 1840 παραιτήσεως,
3357 1771 3691 1842 ὑπορρέουσι
3728 1769 3834 1838 μὲν

2238 1859 2289 1911 οί
2326 1858 2547 1923 τούτου,
2588 1860 2672 1923 είς
2714 1860 2921 1933 πλῆθος
2960 1862 3018 1916 δὲ
3050 1859 3346 1929 ξυστάντες
3373 1864 3600 1928 ἐκείνοι,
3630 1861 3705 1918 ὡς
3735 1860 3836 1913 καὶ

2246 1948 2339 2004 τὸν
2368 1952 2510 2005 πάνυ
2560 1950 2870 2024 θαρραλέον
2912 1954 3149 2009 δεδιέναι
3177 1956 3273 2011 καὶ
3304 1954 3403 2028 τὴν
3439 1954 3666 2008 ἐκείνων
3702 1953 3840 2004 ὑπο-

2250 2042 2476 2115 ποίησιν
2512 2045 2822 2115 ἀναγκαίαν
2854 2047 3131 2117 ἡγεῖσθαι,
3167 2049 3326 2117 λόγου
3374 2048 3622 2120 μείζονος
3652 2044 3839 2111 ἀξιοῦ-

2252 2137 2396 2204 σθαι,
2422 2138 2716 2204 νεύσαντος
2743 2141 2837 2193 ὲπὶ
2858 2141 3080 2205 τούτους
3099 2141 3192 2196 τοῦ
3218 2141 3510 2212 βασιλέως,
3535 2141 3630 2194 καὶ
3655 2137 3839 2208 πολλῷ

2248 2246 2355 2283 τινι
2397 2232 2664 2286 νικῶνται
2694 2232 2753 2286 τὸ
2787 2232 2994 2304 πλῆθος
3028 2236 3159 2300 τοὺς
3197 2235 3293 2287 τοῦ
3338 2235 3561 2305 Ἰωσήφ.
3607 2232 3843 2302 Ἐξῆρζε

2254 2322 2353 2394 μὲν
2384 2318 2479 2379 οὖν
2505 2325 2728 2380 ἱκείνων
2750 2325 2904 2381 ἔνθεν
2933 2330 3033 2396 μὲν
3058 2328 3085 2380 ὁ
3114 2325 3540 2397 Ταρχανειώτης
3583 2324 3842 2393 Ἰωάννης

2254 2412 2349 2468 καὶ
2386 2414 2478 2468 τοῦ
2512 2414 2780 2486 βασιλέως
2809 2417 3135 2487 αὐτανέψιος
3170 2417 3291 2488 (τῆς
3328 2419 3437 2490 γὰρ
3474 2417 3702 2486 Μάρθας
3724 2415 3840 2468 τῶν

2252 2506 2421 2577 τριῶν
2452 2508 2617 2561 υίέων
2654 2507 2882 2580 ὕστερος
2920 2505 3033 2582 ἦν),
3082 2512 3178 2564 σὺν
3210 2506 3253 2580 ᾧ
3286 2509 3350 2581 δὴ
3384 2509 3479 2563 καὶ
3508 2510 3563 2562 al
3607 2508 3841 2578 ἀδελφαὶ

2258 2660 2672 2731 patriarchatus
2704 2674 2983 2736 utcunque
3028 2666 3458 2737 possessionem,
3516 2667 3666 2738 gravi
3712 2666 3841 2723 licet

2255 2764 2484 2824 urgente
2508 2758 2722 2825 morbo,
2762 2760 2958 2825 tenuit,
2989 2775 3181 2831 parum
3214 2760 3358 2831 apud
3408 2763 3715 2833 Augustum
3750 2778 3820 2815 va

2255 2844 2497 2902 luerunt.
2536 2848 2673 2905 Nam
2717 2866 2842 2906 cum
2879 2868 2945 2907 ex
2983 2852 3146 2924 longo
3192 2861 3534 2924 compertum
3569 2853 3839 2909 haberent

2256 2939 2350 3009 qui
2372 2939 2670 3013 .losephum
2694 2944 3088 3013 sequebantur,
3124 2944 3466 3000 irrevocabili
3507 2947 3844 3001 Arsenianos

2258 3033 2312 3086 in
2332 3047 2458 3087 eum
2489 3033 2780 3090 instinctos
2805 3035 2953 3102 odio,
2987 3052 3091 3092 nec
3113 3052 3404 3108 superesse
3436 3036 3683 3093 viderent
3708 3053 3845 3093 cou-

2257 3124 2548 3182 clliationis
2571 3142 2723 3198 spem
2755 3129 2919 3183 ullam
2944 3130 3087 3185 inter
3109 3139 3295 3201 partes
3328 3141 3435 3185 tam
3468 3131 3580 3184 acri
3608 3131 3845 3186 discidio

2257 3217 2600 3283 commissas,
2630 3226 2689 3274 ut
2717 3234 2878 3289 quem
2908 3220 3011 3274 alia
3038 3221 3342 3292 principem
3371 3235 3649 3276 sacrorum
3676 3237 3845 3277 vene-

2254 3317 2491 3374 raretur,
2514 3310 2686 3366 altera
2708 3327 2779 3367 ne
2804 3311 2943 3368 laica
2964 3313 3186 3384 quidem
3208 3317 3594 3370 communione
3612 3315 3847 3388 dignan-

2246 3400 2375 3455 dum
2426 3400 2729 3476 Josephum
2765 3404 3014 3470 duceret,
3074 3415 3285 3462 mature
3317 3424 3417 3477 pro
3475 3424 3573 3463 sua
3637 3421 3842 3463 caetera

2245 3491 2391 3561 apud
2430 3492 2808 3549 Andronicum
2856 3499 3187 3552 anetoritate
3227 3512 3353 3554 eum
3391 3500 3448 3552 in
3496 3500 3841 3554 contrarium

2245 3585 2693 3656 praemunierant,
2726 3588 2972 3659 gravium
3012 3590 3348 3647 Arsenianos
3387 3601 3709 3647 accusantes
3732 3594 3847 3651 cri-

2245 3676 2479 3745 minum,
2534 3690 2853 3751 metumque
2896 3681 3258 3747 intentantes,
3325 3700 3397 3739 ne
3440 3685 3545 3740 hoc
3598 3687 3845 3749 scltisma

2243 3768 2584 3826 invalescens
2611 3788 2720 3828 non
2754 3773 3012 3831 Ecclesiae
3044 3777 3207 3832 modo
3238 3778 3332 3833 sed
3361 3778 3589 3849 imperio
3621 3796 3847 3851 quoque

2243 3861 2344 3928 ipsi
2377 3864 2907 3930 perniciosissimum
2932 3868 3001 3922 ad
3027 3875 3346 3923 extremum
3382 3868 3675 3939 evaderet;
3710 3874 3842 3941 qui-

2240 3950 2345 4006 bus
2377 3954 2636 4015 credulus
2657 3957 2917 4028 princeps
2955 3959 3160 4014 auditis
3205 3960 3262 4013 in
3291 3974 3399 4014 non
3444 3960 3723 4033 vulgarem
3763 3963 3841 4018 ab

2238 4042 2558 4101 Arsenianis
2601 4050 2831 4103 cavendi
2886 4048 3316 4106 sollicitudinem
3373 4054 3841 4110 contrahebatur.

2240 4135 2532 4208 Postquam
2574 4154 2702 4194 vero
2755 4142 3078 4198 intendente
3120 4159 3181 4200 se
3218 4144 3476 4215 gravibus
3527 4147 3845 4219 augmentis

2238 4230 2562 4299 patriarchae
2587 4232 2800 4297 morbo,
2836 4234 2973 4289 adeo
2998 4244 3056 4289 ut
3089 4253 3235 4309 arger
3262 4239 3420 4308 plane
3439 4240 3551 4309 jam
3589 4240 3848 4298 delectus

2241 4322 2449 4379 viribus
2487 4334 2541 4377 et
2573 4325 2715 4379 haud
2744 4327 2910 4382 dubie
2966 4337 3197 4383 mortem
3229 4345 3557 4401 exspectans
3596 4344 3846 4402 patriar-

2239 4415 2463 4469 chatum
2492 4417 2798 4485 abdicaret,
2832 4419 2992 4489 cujus
3016 4422 3383 4478 abdicationis
3417 4426 3683 4493 scriptum
3734 4427 3847 4482 tite

2240 4504 2534 4561 formatum
2559 4508 2780 4577 prodiit,
2812 4510 2905 4577 qui
2934 4510 3054 4580 ejus
3075 4515 3295 4569 nomine
3315 4529 3400 4569 res
3433 4518 3696 4587 gerebant
3741 4522 3845 4573 des

550 4604 745 4661 ﬁducia
786 4609 999 4669 arrepta
1027 4612 1153 4651 snas
1176 4611 1266 4653 res
1296 4597 1403 4668 37
1443 4598 1662 4670 agendi,
1703 4599 1946 4668 undique
2003 4612 2132 4667 pro-
2164 4616 2209 4671 υ
2238 4600 2509 4669 spondere
2524 4600 2737 4654 animos
2753 4600 3063 4658 etdifﬂuere
3081 4604 3847 4676 38cmperunt.Quoliden~

548 4700 778 4753 denntes
796 4710 826 4748 e
844 4690 1083 4747 latibulis
1101 4689 1455 4759 (connivente
1475 4690 1742 4761 Augusto,
1767 4690 1859 4758 qui
1889 4689 1990 4742 hos
2012 4703 2148 4757 qua-

548 4791 674 4844 dam
699 4788 924 4842 lenitate
944 4786 1140 4841 adduci
1161 4784 1228 4838 ad
1257 4796 1447 4854 pacem
1470 4795 1632 4849 posse
1655 4780 1929 4851 Sperabat)
1945 4779 2147 4835 multos

548 4882 757 4936 ambire
781 4890 943 4947 atque
974 4879 1029 4932 in
1058 4886 1245 4949 partes
1279 4876 1497 4930 trahere
1519 4881 1832 4941 coeperunt.
1873 4874 2144 4927 Columen

547 4979 667 5045 ejus
708 4985 822 5029 tum
856 4972 1111 5028 factionis
1144 4979 1263 5026 erat
1294 4968 1666 5034 Andronicus,
1689 4966 1819 5021 olim
1848 4967 2146 5037 episcopus

551 5069 828 5134 Sardium,
887 5081 1053 5138 quem
1096 5063 1414 5135 nuperrime
1464 5063 1754 5133 appulsam
1806 5071 2141 5128 exceperant

548 5161 726 5225 avide,
755 5174 929 5228 eoque
963 5167 1188 5213 auctore
1214 5168 1547 5225 magnopere
1571 5152 1696 5208 freti
1735 5153 1966 5207 fidenter
1990 5149 2143 5205 afﬁr-

548 5253 774 5306 mabant
831 5248 1115 5321 subjacere
1149 5245 1451 5317 Josephum
1505 5242 1844 5298 anathemati
1901 5243 1954 5295 in
2010 5256 2140 5296 eum

548 5344 824 5412 quondam
872 5342 1076 5396 intorto
1129 5340 1198 5395 ab
1235 5338 1471 5393 Arsenio
1520 5351 1647 5390 cum
1706 5334 2145 5405 patriarchatum

547 5443 798 5507 gereret;
830 5432 1113 5504 ipsiusque
1157 5446 1221 5487 ea
1253 5432 1323 5486 de
1359 5442 1526 5484 causa
1561 5426 2004 5482 communionem
2036 5441 2147 5479 non

548 5529 714 5583 modo
734 5535 795 5582 ut
836 5527 1112 5598 piaculum
1158 5524 1427 5587 vitabant,
1459 5521 1556 5576 sed
1588 5529 1643 5576 et
1693 5536 1804 5575 non
1855 5520 2046 5591 paucis
2090 5530 2149 5573 ut

548 5625 616 5677 ab
642 5621 732 5676 illa
768 5636 826 5677 se
864 5621 1256 5676 abscinderent
1298 5614 1731 5687 persuadebant.
1763 5613 1922 5669 Unde
1955 5613 2149 5670 multis

547 5714 795 5784 quotidie
832 5713 900 5767 ad
932 5725 1138 5783 paucos
1168 5708 1261 5780 qui
1292 5707 1529 5778 primum
1564 5714 1940 5776 apparuerant
1965 5721 2026 5760 se
2058 5721 2150 5778 ag-

546 5806 927 5878 gregantibus,
952 5804 1152 5873 exiguo
1183 5810 1431 5871 tempore
1464 5798 1518 5853 in
1550 5814 1841 5853 numerum
1869 5798 2148 5870 ingentem

545 5902 791 5957 excrevit
816 5895 1116 5953 Arseniana
1145 5892 1333 5950 factio.
1365 5891 1431 5947 Hi
1461 5902 1643 5947 tamen
1670 5891 1848 5962 quoad
1873 5888 2148 5962 Iosephus

2249 4693 2358 4745 tius
2375 4693 2618 4763 sesejatn
2648 4694 2939 4749 Arseniani
2976 4707 3318 4754 ostentantes
3351 4709 3502 4756 tanto
3525 4716 3585 4756 se
3608 4719 3852 4759 numero

2248 4780 2523 4849 ferebant,
2558 4796 2619 4840 ut
2650 4796 2917 4842 terrorem
2941 4791 3270 4848 adversariis
3287 4810 3395 4848 non
3421 4811 3643 4866 parvum
3685 4800 3854 4854 incu-

2251 4883 2450 4938 terent,
2477 4890 2778 4946 curamque
2796 4878 3066 4934 adderent
3086 4882 3333 4953 Augusto
3349 4888 3715 4952 necessariam
3746 4906 3853 4947 eos

2249 4981 2319 5022 ne
2350 4966 2607 5022 saevirent
2627 4969 2944 5026 deliniendi.
2968 4972 3025 5027 In
3046 4990 3163 5028 eam
3186 4991 3313 5047 ergo
3330 4987 3537 5046 partem
3566 4977 3654 5033 ille
3684 4982 3855 5039 ineu-

2249 5058 2390 5126 buit,
2409 5060 2602 5129 majori
2630 5077 2793 5133 quam
2815 5074 2974 5119 antea
2999 5066 3228 5122 honoris
3252 5069 3657 5138 significatione
3673 5073 3851 5127 Arse-

2249 5154 2445 5209 nianos
2482 5162 2744 5221 tractans;
2762 5170 2871 5225 quo
2888 5158 3037 5211 brevi
3059 5156 3316 5212 effectum
3341 5171 3398 5213 ut
3421 5160 3473 5214 hi
3495 5162 3855 5218 multitudine

2249 5246 2410 5317 longe
2430 5247 2717 5302 vincerent
2747 5246 2975 5319 Josephi
3014 5250 3272 5306 asseclas.
3306 5251 3493 5322 Capita
3522 5254 3858 5311 eminebant

2252 5340 2417 5411 hujus
2455 5354 2764 5395 numerosa:
2799 5341 2973 5395 turba:
3031 5356 3096 5397 ac
3162 5343 3314 5398 velut
3360 5344 3619 5399 factionis
3672 5346 3855 5402 duces

2252 5432 2381 5488 hinc
2415 5433 2637 5503 quidem
2652 5432 2895 5489 Joannes
2926 5432 3315 5505 Tarchaniota,
3345 5440 3709 5495 consobrinus
3739 5437 3860 5494 im-

2249 5522 2540 5594 peratoris,
2590 5525 2795 5593 quippe
2840 5522 3087 5591 Marthae,
3133 5527 3340 5581 sororis
3385 5526 3672 5584 Michaelis
3721 5529 3857 5600 ejus

2250 5617 2441 5687 patris,
2496 5617 2663 5670 trium
2717 5616 2954 5671 liliorum
3017 5627 3151 5673 natu
3210 5605 3498 5684 minimus,
3552 5636 3677 5676 cum
3733 5638 3855 5692 quo

2249 5715 2307 5760 et
2329 5706 2449 5777 ejus
2479 5720 2698 5762 sorores
2745 5703 3051 5761 Theodosia
3083 5716 3138 5761 et
3165 5707 3547 5780 Nostongissa,
3580 5711 3712 5766 inde
3742 5727 3852 5765 au-

2254 5809 2361 5855 tem
2402 5801 2659 5871 superius
2688 5816 3030 5857 memoratus
3066 5800 3435 5874 Hyacinthus.
3479 5806 3545 5859 lli
3570 5821 3681 5860 uno
3719 5821 3855 5860 cen-

2255 5909 2421 5951 sensu
2465 5894 2661 5965 praeire
2702 5895 2807 5949 sibi
2849 5894 3120 5950 universis
3162 5893 3515 5966 patiebantur
3556 5898 3850 5967 antiquum
