4094 6452
512 419 617 513 ,ιιι
1209 395 1217 401 ’
1768 417 2093 479 GEORGII
2134 420 2137 477 ῖ

2237 422 2621 483 curatam
3749 414 3821 481 l8

552 534 692 608 μηδέ
727 530 956 594 πολλοὺς
986 529 1303 601 μεμνῆσθαι
1329 530 1394 600 ἦν
1431 526 1484 581 τί
1517 542 1622 580 που
1658 527 1752 580 καὶ
1782 527 2040 597 ἐτελέσθη
2074 529 2131 581 ἐν
2163 537 2213 595 Α
2241 532 2300 583 ἐν
2393 531 2455 585 τὸ
2499 532 2661 603 σῶμα
2695 533 3074 604 χωρήσουσαν,
3111 532 3258 587 οὕτω
3288 533 3345 586 δὲ
3376 528 3582 585 ταύττιν
3622 531 3742 586 οῖαν
3769 532 3819 584 τ’

551 625 766 688 τούτοις
791 625 898 676 τῶν
920 621 1081 692 ἱερῶν
1097 618 1353 674 τελετῶν.
1386 618 1473 682 Ὠς
1492 618 1624 688 γοῦν
1645 618 1826 672 ἐκεῖσε
1852 618 2139 689 συναχθέν-

550 735 642 782 τες
669 716 763 771 ὑπ’
798 714 1036 784 ὀπτῆρσι
1076 713 1323 774 πιστοῖς,
1363 709 1438 771 ὼς
1493 708 1569 780 μὴ
1610 707 1792 762 λαθών
1840 725 1924 771 τις
1975 708 2135 763 είσίοι

547 812 656 864 τῶν
689 808 875 878 σφίσιν
903 804 1314 874 ἀκοινωνήτων,
1354 802 1453 865 τάς
1489 800 1739 866 συνάξεις
1768 801 2010 867 ἐτέλουν,
2041 801 2137 855 καὶ

550 901 817 971 συχνάκις
858 898 1097 967 πέμπων
1122 897 1151 949 ὁ
1182 894 1441 964 βασιλεὺς
1470 892 1567 947 τοῦ
1594 894 1665 947 τὰ
1698 893 1819 947 κατ’
1849 893 2050 957 αὐτοὺς
2077 894 2135 945 ἐν

547 991 800 1064 φροντίσι
858 988 1126 1060 μεγάλαις
1175 986 1325 1058 ἔχειν
1396 988 1629 1056 παρεῖχε
1680 985 1938 1056 δόκησιν,
1980 987 2136 1039 αὐτοὶ

549 1086 641 1139 ἐπὶ
675 1082 845 1136 πλέον
872 1081 1250 1152 θαρσήσαντες
1278 1079 1414 1151 πρὸς
1446 1080 1514 1134 τά
1540 1080 1596 1132 ἐν
1626 1078 1932 1149 Χαλκηδόνι
1963 1077 2135 1132 πάλαι

548 1178 892 1241 τελεσθέντα,
922 1176 999 1238 ὡς
1024 1177 1052 1228 ὁ
1081 1174 1241 1243 λόγος
1271 1174 1443 1244 αἱρεῖ,
1468 1173 1561 1227 ἐπὶ
1586 1172 1666 1242 τῷ
1696 1172 1799 1243 τῆς
1828 1171 2134 1241 καλλιπαρ-

547 1276 704 1329 θένου
734 1272 831 1329 καὶ
873 1254 1151 1344 μάρτυρος
1185 1269 1479 1340 Εὐφημίας
1502 1267 1718 1338 σώματι
1741 1266 2003 1335 ἀνάγουσι
2033 1265 2133 1335 τὴν

546 1366 876 1438 ἐνθύμησιν,
904 1364 998 1418 καί
1032 1381 1095 1432 γε
1134 1362 1233 1416 καὶ
1269 1363 1428 1416 αὐτοὶ
1463 1361 1569 1414 ὑπὸ
1610 1360 1829 1430 σώματι
1862 1360 2005 1428 ἁγίῳ
2031 1356 2134 1410 πά-

546 1462 637 1514 λαι
668 1456 1110 1519 κατατεθνεῶτος
1141 1453 1324 1526 νεκρῷ
1362 1453 1432 1506 τά
1475 1452 1599 1507 καθ’
1640 1452 1843 1515 αὐτοὺς
1882 1452 1958 1513 ὡς
2000 1451 2132 1520 ἀρε-

546 1552 739 1616 σκείας
773 1550 1066 1622 ἐξημμένα
1114 1547 1269 1612 θείας
1304 1545 1576 1600 δεικνύειν
1621 1544 1838 1616 ἡθελον,
1880 1543 1974 1597 καὶ
2014 1542 2131 1613 ἅμα

542 1648 621 1718 τῷ
644 1646 838 1714 δεῖξαι,
878 1644 954 1706 ὡς
984 1642 1240 1715 ήλπιζον,
1270 1639 1424 1710 σφίσι
1463 1638 1763 1710 προσσχεῖν
1792 1637 1981 1707 ήξίουν
2003 1635 2132 1698 τοὺς

544 1742 739 1802 ἄλλους
773 1737 867 1791 καὶ
898 1735 1211 1796 πείθεσθαι,
1235 1733 1341 1787 κᾶν
1366 1733 1395 1786 ὅ
1424 1748 1473 1785 τι
1506 1729 1721 1799 λέγοιέν
1743 1744 1803 1781 τε
1836 1729 1933 1782 καὶ
1958 1727 2132 1798 πράτ-

544 1849 715 1886 τοιεν.
754 1828 1016 1883 Πείθεται
1043 1825 1259 1888 τούτοις
1293 1825 1321 1877 ὁ
1346 1824 1601 1895 βασιλεὺς
1627 1824 1720 1876 καὶ
1752 1820 1913 1891 σῶμα
1944 1818 2040 1889 μὲν
2068 1818 2130 1872 τὸ

528 1914 639 1977 τοῦ
666 1919 1038 1993 Δαμασκηνοῦ
1066 1920 1164 1972 καὶ
1206 1918 1352 1971 θείου
1384 1916 1604 1987 Πατρδς
1652 1914 1906 1969 Ἰωάννου
1940 1913 2127 1975 αὐτοῖς
2160 1899 2203 1954 Β

544 2018 806 2087 αἰτήσασι
838 2014 1079 2074 δίδωσιν.
1101 2013 1177 2075 ὡς
1206 2010 1272 2065 ἂν
1301 2010 1360 2063 δὲ
1396 2011 1470 2080 μή
1504 2025 1558 2061 τι
1581 2008 1677 2061 καὶ
1702 2003 2130 2077 ῥᾳδιουργηθείη

545 2112 640 2166 ἐπὶ
674 2112 789 2172 τοῖς
835 2104 1319 2177 προσδοκωμένοις
1367 2099 1661 2173 τέρασινῆ
1711 2098 1820 2169 μὴν
1877 2098 1972 2151 καὶ
1999 2099 2131 2151 ὐπο-

546 2198 808 2269 πτευθείη
839 2194 1236 2269 ρᾳδιουργηθὲν
1266 2193 1480 2263 (τόμοις
1507 2190 1618 2261 γὰρ
1643 2189 2131 2260 ἐπιτεθησομένοις

543 2292 623 2363 τῷ
650 2290 868 2360 σώματι
899 2286 969 2341 τά
1004 2284 1128 2340 καθ’
1174 2283 1373 2346 αὐτοὺς
1420 2283 1746 2351 ἐπιτρέπειν
1785 2277 2130 2347 ἠϐούλοντο),

546 2387 605 2452 ἐξ
634 2383 804 2453 αὐτῆς
843 2378 1096 2450 βασιλεὺς
1127 2375 1465 2448 προστάσσει
1513 2371 1993 2440 ἐπισκευασθῆναι
2026 2372 2131 2439 μὲν

546 2478 743 2550 ἑτέραν
795 2473 1023 2547 μείζονα
1052 2470 1251 2542 θήκην,
1299 2469 1394 2522 καὶ
1425 2466 1589 2539 σῶμα
1615 2464 1711 2520 κα)⁴
1738 2463 1915 2538 θήκην
1957 2464 2132 2535 αὐτὴν

549 2636 812 2708 templum
848 2641 1165 2689 sanctorum
1192 2626 1438 2685 omnium
1476 2626 1746 2693 attribuit,
1796 2624 1928 2681 satis
1958 2638 2128 2695 capax

547 2743 757 2800 magna:
800 2720 1165 2781 multitudinis
1215 2718 1613 2789 magniﬁceqne
1665 2724 1945 2781 ornatum,
1976 2723 2037 2769 ut
2073 2715 2129 2769 in

548 2822 602 2878 id
637 2820 733 2892 qui
763 2815 1129 2873 convenirent
1157 2828 1282 2867 cum
1316 2811 1561 2884 jncundo
1594 2824 1761 2864 sensu
1797 2807 1967 2861 animi
1994 2821 2131 2863 con-

546 2914 923 2979 solationeque
945 2923 1056 2961 non
1084 2905 1299 2959 modica
1321 2903 1452 2959 dare
1478 2916 1698 2972 operam
1727 2897 1976 2970 religioni
2003 2912 2130 2968 pos-

545 3012 693 3066 sent,
717 3010 771 3056 at
792 3001 933 3056 idem
964 2996 1146 3067 (quod
1170 2995 1472 3065 prasertim
1497 2992 1846 3064 quaerebatur
1873 2993 1891 3062 )
1921 3005 1989 3046 ex
2015 2999 2127 3045 tam

548 3100 709 3170 longo
748 3108 949 3149 vacans
982 3100 1038 3147 et
1069 3089 1318 3145 clausum
1359 3094 1630 3157 tempore,
1660 3095 1721 3140 ut
1746 3086 1907 3157 pauci
1943 3086 2132 3141 viven-

549 3192 683 3245 tium
717 3185 1135 3242 recordarentur
1165 3180 1327 3235 ullam
1365 3178 1423 3233 in
1451 3193 1519 3234 eo
1546 3177 1886 3235 iunctionem
1920 3192 2128 3234 sacram

550 3280 791 3336 exerceri
834 3293 895 3334 se
939 3276 1166 3331 vidisse.
1212 3273 1289 3328 lbi
1318 3286 1450 3344 ergo
1488 3286 1612 3326 cum
1662 3285 1795 3327 suos
1833 3268 2127 3325 Arseniani
2156 3247 2195 3306 ε

547 3383 871 3438 conventus,
907 3370 1028 3426 ﬁdis
1055 3368 1127 3423 ad
1161 3368 1349 3423 valvas
1379 3364 1701 3420 custodibus
1729 3363 2031 3435 appositis,
2058 3378 2131 3417 ne

547 3469 673 3540 quis
694 3468 967 3535 irreperet
1000 3475 1194 3516 eorum
1227 3473 1353 3514 cum
1374 3457 1576 3530 quibus
1596 3456 2014 3512 communicare
2037 3470 2134 3509 ne-

549 3566 632 3616 t'as
657 3557 1090 3619 arbitrabantur,
1123 3551 1427 3621 ccepissent
1455 3564 1730 3606 concursu
1762 3547 1970 3619 ingenti
1991 3548 2135 3604 cele—

551 3656 733 3718 brare,
759 3638 1054 3705 allectabat
1076 3646 1143 3700 iis
1168 3643 1525 3700 demerendis
1559 3642 1810 3697 intentus
1834 3642 2134 3712 imperator

549 3760 730 3803 certos
768 3761 799 3799 e
844 3745 961 3798 suis
993 3741 1126 3795 illuc
1155 3737 1478 3807 frequenter
1513 3735 1755 3801 mittere,
1794 3732 1888 3803 qui
1933 3740 2134 3803 praesto

550 3839 688 3910 ipsis
707 3845 893 3891 essent
911 3843 967 3888 et
997 3827 1348 3887 securitatem
1370 3840 1534 3896 quam
1558 3831 1815 3895 optarent
1838 3821 2135 3877 maximam

552 3935 901 4003 praestarent,
957 3940 1022 3979 ac
1070 3923 1173 3978 sibi
1205 3935 1327 3976 esse
1372 3934 1520 3973 cura:
1559 3932 1647 3972 res
1675 3917 1919 3986 ipsorum
1972 3914 2134 3970 ﬁdem

549 4025 801 4078 iacerent
822 4016 1205 4074 certissimam.
1234 4011 1367 4067 Inde
1401 4009 1475 4064 illi
1502 4008 1646 4065 aucti
1670 4007 1868 4063 animis
1890 4006 2135 4078 polliceri

553 4114 673 4169 ausi
702 4120 832 4167 sunt
867 4124 927 4164 se.
982 4105 1253 4162 miraculo
1288 4103 1407 4173 ejus
1437 4100 1602 4157 simili
1638 4100 1786 4170 qnod
1829 4100 1959 4155 olim
1990 4098 2134 4170 apud

550 4203 957 4262 Cbaleedonem
984 4201 1041 4254 in
1068 4211 1297 4267 corpore
1318 4204 1520 4249 sancta:
1546 4192 1776 4264 virginis
1803 4202 1859 4248 et
1883 4192 2136 4262 martyris

551 4297 873 4369 Euphemiaa
904 4303 1192 4349 ostensum
1228 4290 1398 4343 fuisse
1431 4287 1574 4341 fama
1606 4286 1796 4351 ferret,
1842 4286 2133 4340 veritatem

556 4405 670 4445 suae
697 4386 963 4444 doctrinae
990 4381 1371 4452 justitiamque
1397 4391 1563 4432 sectae
1599 4377 1947 4447 probaturos.
1980 4376 2139 4431 Pete-

554 4484 690 4538 bant
724 4478 891 4550 igitur
921 4475 1040 4530 dari
1076 4472 1180 4527 sibi
1215 4485 1415 4540 corpus
1460 4468 1680 4538 aliquod
1718 4467 1896 4522 sancti
1928 4467 2135 4523 dudum

2241 622 2384 678 εἴναι
2444 625 2854 695 ἀσφαλισθῆναι
2901 627 2999 680 καὶ
3047 624 3226 679 κλεισὶ
3256 624 3353 678 καὶ
3394 625 3697 694 σφραγῖσιν
3741 623 3822 686 ὡς

2243 715 2381 786 μηδὲ
2427 715 2518 769 τὸν
2547 715 2938 786 ἐντεχνότατον
2962 717 3107 770 κατά
3130 715 3395 767 Δαίδαλον
3428 713 3823 784 παρεγχειρεῖν

2244 807 2371 878 μηδ’
2394 807 2576 862 ὁτιοῦν
2613 807 2900 862 δύνασθαι.
2936 807 3114 860 Αὑτὸν
3153 808 3340 877 μέντοι
3376 808 3640 877 παρεῖχεν
3674 805 3824 859 ἐτοι-

2241 917 2367 970 μον,
2407 902 2458 954 εί
2488 900 2867 973 προσληφθείη
2897 902 3020 963 ταῖς
3044 899 3140 953 τοῦ
3176 900 3336 967 ἁγίου
3366 900 3558 970 χερσὶν
3592 899 3621 952 ό
3651 897 3826 968 τόμος

2238 993 2378 1063 πρὸς
2407 994 2536 1046 ποσὶ
2562 992 2772 1056 τεθεὶς,
2796 994 2864 1046 τὰ
2896 992 3261 1062 γεγραμμένα
3289 992 3552 1063 πράττειν
3577 992 3825 1061 ἀναμφι-

2236 1085 2431 1147 ϐόλως.
2478 1084 2570 1139 Ἑν
2598 1085 2710 1157 ὅσῳ
2754 1085 2854 1156 μὲν
2882 1081 2975 1139 οὖν
3007 1084 3162 1139 ταῦτ’
3201 1084 3536 1154 ἐπράττετο,
3573 1084 3823 1137 κάκεῖνοι

2236 1179 2520 1249 νηστείαις
2566 1179 2664 1233 καὶ
2707 1180 3044 1249 προσευχαῖς
3082 1178 3374 1237 παντοίαις
3427 1174 3824 1247 προετελοῦντο

2235 1272 2332 1326 καὶ
2356 1272 2682 1342 παννυχίσιν
2705 1271 3005 1343 ὑμνῳδίαις
3025 1270 3382 1342 ἐσχόλαζον,ὀ
3411 1268 3691 1341 βασιλεὺς,
3716 1268 3823 1322 κᾶν

2233 1366 2396 1428 αὐτὸς
2428 1366 2513 1434 ἐφ’
2541 1362 2742 1417 ἑαυτοῦ
2772 1365 2878 1419 κᾶν
2909 1363 3075 1419 ἄλλου
3117 1380 3182 1432 γε
3217 1363 3656 1433 ὑπομνήσαντος,
3693 1362 3827 1429 περὶ

2234 1457 2438 1527 ἐαυτῷ,
2469 1458 2544 1521 ὡς
2574 1456 2775 1524 ἔδοξεν,
2806 1456 3140 1526 ὑπονοήσας,
3194 1456 3394 1525 μήπως
3434 1453 3530 1508 καλ⁵
3565 1454 3652 1506 ἐπ’
3678 1452 3822 1521 αὐτῇ

2235 1551 2485 1623 βασιλείᾳ
2508 1552 2605 1605 καὶ
2628 1553 2694 1623 τῇ
2719 1551 2850 1621 περὶ
2875 1549 3086 1620 ταύτης
3110 1548 3340 1619 ζητήσει
3370 1547 3488 1616 (καὶ
3510 1544 3688 1599 ταῦτα
3712 1546 3826 1614 γὰρ

2233 1645 2452 1712 ἐλέγετο
2504 1642 2691 1715 ζητεῖν
2733 1643 3000 1713 ἐκείνους)
3037 1640 3413 1712 ἀμφισϐητεῖν
3462 1635 3820 1707 προαχθεῖεν,

2233 1736 2328 1789 καί
2358 1738 2411 1805 γ’
2447 1736 2545 1790 ἐπὶ
2574 1734 2727 1806 τοῦτ’
2751 1733 3022 1804 ἀδοξήσας
3057 1731 3440 1802 ἀναλαμϐάνει
3477 1746 3537 1783 τε
3562 1728 3663 1790 τὰς
3687 1730 3826 1798 ὁμο-

2232 1828 2422 1898 λογίας
2453 1828 2739 1898 ἐξαίφνης,
2785 1827 2881 1880 καὶ
2913 1824 3162 1896 πέμψας,
3192 1824 3485 1895 ὀστράκου,
3535 1823 3693 1891 φασί,
3724 1835 3823 1889 με-

2232 1920 2589 1985 ταπεσόντος,
2616 1918 2915 1973 διακωλύει
2944 1917 3240 1988 τοὺγχείρη
3252 1933 3351 1987 μα,
3382 1915 3443 1968 τὸ
3468 1913 3578 1968 τῶν
3609 1911 3825 1965 πολλῶν

2232 2013 2647 2083 καχυπονόητον
2687 2010 3060 2077 ἀναστέλλων,
3096 2008 3270 2062 εἰπὼν
3306 2006 3447 2078 πρὸς
3492 2005 3690 2069 αὐτοὺς
3743 2004 3824 2068 ὡς

2231 2105 2408 2175 Εἴπερ
2460 2105 2536 2177 μὴ
2573 2104 2903 2174 ἐπιτρέπειν
2937 2102 3168 2166 ἐννοίαις
3214 2100 3517 2173 ἡμετέραις
3541 2098 3609 2150 τά
3639 2114 3694 2163 π,
3719 2098 3823 2165 ἀγ-

2235 2216 2385 2269 ματα
2413 2199 2685 2268 ἀξιοῖμεν,
2723 2196 2865 2252 ἀλλὰ
2896 2199 2997 2269 τὴν
3037 2195 3224 2250 θεόθεν
3272 2197 3459 2266 ζητεῖν
3503 2191 3822 2263 συμϐουλὴν

2230 2288 2490 2361 (καὶγὰρ
2539 2290 2685 2343 οὕτω
2720 2290 2818 2344 καὶ
2858 2288 3054 2358 ἄξιον),
3092 2288 3285 2358 ἀργεῖν
3337 2286 3439 2357 μὲν
3494 2286 3716 2353 ἀνάγκη
3751 2285 3821 2336 ἐκ

2233 2382 2469 2436 παλαιοῦ
2513 2387 2581 2437 τά
2613 2384 2844 2455 σημεῖα,
2897 2382 2999 2452 τῆς
3054 2381 3341 2443 εὐσεϐείας
3386 2378 3817 2446 πλατυνθείσης,

2229 2475 2380 2547 ἔχειν
2417 2474 2471 2529 δέ
2507 2474 2608 2539 τὰς
2630 2476 2852 2547 γραφὰς
2874 2475 2986 2528 τῶν
3014 2474 3278 2545 Πατέρων
3309 2472 3368 2536 ἐξ
3395 2466 3471 2526 ὧν
3502 2471 3599 2525 καὶ
3626 2486 3820 2540 χειρα-

2232 2634 2551 2690 hominibus
2603 2633 2836 2705 ingenti,
2892 2648 3015 2704 quae
3056 2630 3235 2702 palam
3276 2636 3544 2688 exstaret,
3583 2635 3698 2681 toto
3761 2625 3819 2680 in

2233 2727 2339 2782 hoc
2365 2726 2586 2798 negotio
2607 2727 2910 2797 cupiditate
2955 2723 3265 2794 ruentibus)
3300 2722 3407 2793 ipsi
3448 2735 3615 2776 manu
3672 2718 3823 2786 adju-

2229 2828 2444 2889 varent,
2470 2832 2530 2876 ut
2548 2822 2695 2892 quod
2722 2821 3019 2876 studebant
3036 2818 3299 2875 divinitus
3316 2799 3820 2884 eﬁ’ectumap'pare-

2230 2921 2337 2982 ret,
2372 2913 2514 2969 hanc
2550 2913 2672 2984 ejus
2721 2911 2948 2983 periculi
2989 2908 3331 2981 praecavendi
3361 2905 3631 2961 rationem
3690 2918 3824 2973 pru-

2230 3004 2428 3062 denter
2455 3002 2827 3059 iniitJPraater
2851 3001 3065 3057 thecam
3094 3000 3151 3054 in
3171 3013 3279 3069 qua
3300 2996 3474 3053 sancti
3493 2992 3820 3048 Damasceni

2232 3094 2478 3166 reliquiae
2531 3092 2894 3151 servabantur
2951 3089 3208 3155 conditae,
3267 3087 3411 3140 intra
3467 3096 3628 3153 quam
3686 3087 3859 3134 suas‘

2231 3188 2569 3244 Arsenianos
2603 3187 2880 3256 deponere
2913 3183 3131 3238 chartas
3154 3177 3467 3251 oportebat,
3506 3174 3667 3229 aliam
3700 3186 3827 3225 ma-

2231 3280 2411 3350 jorem
2444 3277 2626 3349 parari
2657 3291 2841 3331 arcam
2868 3274 3051 3345 jussit,
3094 3273 3148 3327 in
3201 3285 3366 3342 quam
3406 3268 3599 3323 cadent
3653 3264 3825 3317 theca

2232 3371 2603 3442 conjiceretur
2663 3367 2881 3440 scriptis
2926 3367 3040 3438 jam
3095 3365 3152 3420 in
3192 3379 3316 3419 eam
3372 3360 3580 3417 missis.
3614 3360 3823 3413 Arcam

2233 3478 2398 3534 porro
2432 3462 2761 3517 exteriorem
2794 3461 2953 3523 istam
2984 3458 3123 3512 seris
3173 3455 3365 3526 sigillis
3419 3452 3666 3508 clavibus
3692 3466 3825 3504 mu-

2233 3557 2339 3613 niri
2370 3556 2582 3611 curavit
2615 3555 2691 3607 ita
2746 3553 2999 3614 ﬁrmiter,
3040 3552 3116 3606 ita
3147 3559 3342 3605 contra
3393 3547 3641 3603 omnium
3671 3550 3830 3598 astu-

2234 3649 2435 3704 tiarum
2468 3646 2627 3701 dolos
2667 3644 3183 3715 impenetrabiliter,
3216 3651 3278 3698 ut
3306 3656 3377 3696 ne
3399 3640 3651 3695 Daedalus
3689 3636 3825 3707 qui—

2236 3741 2384 3805 dem,
2406 3748 2502 3793 aut
2520 3738 2566 3792 si
2594 3737 2717 3807 quis
2746 3737 2854 3792 isto
2878 3737 3170 3801 versutior,
3199 3734 3452 3791 fraudem
3478 3734 3534 3788 in
3595 3749 3661 3788 eo
3696 3748 3828 3786 mo-

2234 3830 2324 3887 liri
2348 3831 2515 3886 ullam
2533 3840 2875 3886 attentareve
2902 3828 3346 3899 indeprehensus
3369 3836 3580 3898 posset.
3617 3828 3827 3900 Ingens

2237 3935 2356 3982 erat
2396 3934 2630 3981 eventus
2690 3922 3059 3993 exspectatio,
3126 3921 3445 3977 Arsenianis
3494 3922 3826 3993 jejunando,

2237 4014 2626 4087 pervigilandis
2646 4014 2699 4068 in
2737 4014 3031 4085 hymnodia
3064 4012 3342 4078 noctibus,
3396 4015 3545 4067 omni
3581 4014 3830 4086 denique

2237 4105 2493 4177 supplicii
2528 4121 2593 4161 ac
2634 4105 2917 4177 religionis
2981 4102 3429 4174 exquisitissime
3478 4119 3678 4177 genere
3708 4108 3825 4163 voti

2239 4199 2497 4256 eﬁ‘ectum
2514 4198 2660 4269 apud
2680 4212 2741 4252 su
2751 4213 2908 4266 peros
2927 4196 3270 4267 urgentibus,
3288 4199 3508 4267 quando
3523 4199 3833 4270 imperator

2238 4293 2325 4348 vel
2361 4306 2459 4362 per
2488 4305 2609 4346 sese
2637 4289 2849 4345 veritus
2876 4289 3045 4359 ccepti
3077 4288 3334 4359 ancipitis
3367 4292 3598 4358 exitum,
3632 4292 3717 4346 vel
3747 4293 3828 4349 ab

2240 4386 2426 4456 aliquo
2449 4385 2694 4440 monitus
2711 4390 2928 4453 quantae
2953 4381 3032 4436 rei
3061 4383 3231 4437 aleam
3251 4384 3479 4453 jaceret,
3500 4400 3624 4438 cum
3645 4386 3830 4440 mani-

2244 4479 2384 4532 feste
2410 4484 2709 4539 constaret,
2735 4475 2779 4529 si
2803 4474 3010 4529 cwlesti
3036 4476 3350 4531 testimonio
3364 4479 3648 4532 Arseniani
3670 4495 3833 4543 com-3

557 4570 969 4643 mortuis,cel‘t0
998 4564 1273 4620 conﬁdere
1302 4577 1360 4617 se
1388 4560 1598 4615 δίθηῑθε
1626 4561 2131 4614 ἀεωουεῐηιυτιιηὶ
2164 4585 2217 4646 ι)
2244 4567 2654 4629 mendarentur,
2687 4579 2842 4618 suam
2878 4573 2937 4618 ut
2967 4563 3036 4618 ab
3068 4563 3348 4635 illegitimo
3370 4577 3424 4621 et
3443 4572 3834 4623 excommuni-

557 4682 656 4736 per
689 4661 825 4716 illud
848 4658 1046 4723 Deum,
1073 4652 1335 4726 quidquid
1361 4651 1460 4719 ipsi
1489 4651 1751 4722 egissent,
1779 4664 1838 4705 se
1868 4649 2136 4704 hactenus

555 4757 773 4813 volente
796 4768 859 4807 ac
876 4750 1103 4822 jubente
1128 4747 1351 4810 factum;
1375 4760 1484 4813 quo
1513 4743 1632 4797 viso
1657 4740 1857 4797 deinde
1876 4757 1971 4811 par
1991 4748 2138 4796 esset

557 4847 901 4906 adversarios
932 4847 1175 4915 ipsorum
1204 4839 1402 4894 divinae
1430 4836 1745 4893 auctoritati
1785 4836 2007 4901 cedere,
2036 4848 2139 4888 nec

554 4948 666 5015 jam
697 4940 955 5009 amplius,
1000 4937 1142 4990 sicut
1169 4933 1237 4987 ad
1274 4932 1414 4987 hanc
1456 4945 1629 5001 usque
1673 4930 1818 4985 diem
1870 4927 2136 4992 fecerant,

561 5041 630 5094 de
670 5034 982 5090 innocentia
1018 5033 1261 5101 ipsorum
1294 5027 1696 5094 sanctitateque
1726 5024 2003 5080 dubitare.
2032 5024 2138 5076 As-

559 5130 738 5187 sensit
769 5138 821 5182 et
852 5127 938 5182 bis
983 5127 1287 5195 Augustus,
1323 5119 1610 5188 sanctique
1644 5127 1701 5173 et
1738 5118 1909 5172 divini
1960 5115 2141 5169 Patris

464 5236 465 5239 ‘
558 5222 785 5279 Joannis
807 5216 1127 5275 Damasceni
1148 5229 1366 5269 sacrum
1392 5213 1458 5266 ad
1478 5214 1583 5266 hoc
1606 5209 2000 5280 experiendum
2023 5223 2144 5260 cor-

561 5332 663 5387 pus
695 5316 758 5369 iis
788 5312 1033 5366 tradidit.
1083 5308 1225 5374 Quia
1256 5320 1384 5360 vero
1431 5302 1721 5358 Arseniani
1754 5302 2036 5370 jactabant
2082 5315 2142 5356 se

559 5409 759 5477 scripta
790 5404 1185 5475 professionem
1221 5413 1334 5452 suae
1368 5399 1613 5464 ipsorum
1648 5394 1773 5448 ﬁdei
1810 5384 2142 5462 ,tjnriumque

558 5501 914 5555 assertionem
944 5491 1363 5563 complectentia
1393 5489 1459 5541 ad
1489 5488 1663 5557 sancti
1690 5487 1941 5555 corporis
1973 5486 2144 5550 pedes

559 5593 857 5663 posituros,
888 5584 1237 5657 postmodum
1273 5594 1403 5634 vero
1423 5577 1612 5633 eadem
1645 5579 1846 5647 scripta
1868 5594 1896 5630 e
1914 5577 2143 5646 pedibus

560 5683 667 5755 41
708 5682 776 5736 ad
806 5693 1004 5734 manus
1040 5674 1214 5730 sancti
1263 5671 1447 5727 divina
1484 5670 1535 5725 vi
1567 5680 1814 5739 promota
1866 5679 2141 5737 repertum

566 5776 652 5836 iri,
693 5770 959 5826 sollicitus
991 5768 1287 5837 imperator
1344 5776 1415 5816 ne
1471 5761 1625 5816 fraus
1662 5761 2023 5815 interveniret
2089 5762 2139 5815 in

566 5880 631 5919 eo
663 5864 927 5926 quaepiam
955 5876 1017 5916 ac
1078 5857 1248 5926 (quod
1302 5854 1584 5923 suspicatu
1640 5870 1874 5923 pronum
1921 5862 2042 5909 crat
2073 5854 2141 5908 de

2242 4672 2368 4716 cato
2383 4659 2689 4731 patriarcha
2707 4659 2899 4712 factam
2919 4658 3255 4713 evectionem
3275 4660 3341 4714 ad
3361 4660 3647 4730 imperium
3666 4664 3780 4717 hau
3794 4667 3830 4720 .l

2242 4752 2407 4808 dubie
2426 4753 2724 4806 vocandam
2746 4750 2800 4803 in
2830 4752 3277 4815 controversiam,
3298 4752 3344 4805 si
3362 4766 3470 4805 non
3489 4763 3544 4808 et
3562 4756 3834 4823 proinani

2242 4844 2485 4923 ac‘plane
2510 4842 2653 4896 nulla
2684 4841 3104 4910 reprobandam,
3143 4844 3419 4897 revocavit
3454 4847 3664 4915 trepide
3699 4862 3834 4915 quae

2242 4937 2582 4999 decreverat,
2599 4946 2651 4990 et
2664 4935 2811 4989 misit
2829 4947 3052 5007 repente
3077 4937 3180 5006 qui,
3198 4941 3426 4994 reserari
3441 4953 3653 4996 sacrum
3673 4942 3841 4998 locu-

2243 5030 2777 5100 lnm,’,explorarique
2800 5030 2994 5102 ecquid
3012 5032 3175 5087 situm
3199 5034 3486 5102 scripturae
3514 5035 3624 5089 illic
3648 5037 3837 5106 ἀρρυειε

2246 5123 2365 5175 sitze
2398 5131 2724 5189 mutassent,
2757 5125 2983 5178 omnino
3020 5124 3414 5194 prohiberent;
3447 5126 3609 5180 simul
3649 5129 3829 5182 Arse-

2247 5216 2427 5270 nianis
2450 5218 2748 5271 renuntiari
2771 5233 2798 5271 a
2823 5233 2880 5272 se
2903 5219 3086 5285 jussit,
3113 5233 3170 5271 re
3192 5218 3387 5274 melius
3415 5231 3698 5291 perspecta
3718 5224 3834 5281 sibi

2246 5307 2425 5362 visum
2456 5311 2763 5379 exspectari
2802 5319 3122 5365 reverenter
3156 5319 3410 5379 oportere
3451 5313 3631 5367 divina
3697 5331 3836 5369 ora-

2248 5396 2392 5462 cula,
2432 5397 2561 5452 dum
2593 5414 2690 5453 sua
2721 5413 2781 5454 se
2811 5406 3006 5468 sponte
3041 5398 3341 5467 proferant,
3373 5417 3482 5455 non
3520 5404 3829 5473 impatienti

2247 5490 2564 5544 curiositate
2600 5492 2948 5560 praelicenter
2980 5492 3051 5545 ab
3077 5493 3512 5562 irrumpentibus
3568 5496 3624 5550 in
3660 5499 3827 5570 adyta

2246 5581 2481 5651 exquiri.
2525 5581 2645 5637 Hoc
2698 5584 2844 5638 enim
2887 5592 3036 5638 esset
3083 5598 3113 5637 a
3169 5584 3586 5653 COgitationibus
3640 5594 3829 5659 potius

2245 5675 2450 5728 nostris
2480 5689 2649 5744 quam
2675 5689 2704 5726 a
2732 5674 2828 5727 Dei
2865 5675 3090 5743 provida
3141 5677 3408 5745 sapientia
3444 5680 3731 5734 consilium
3767 5685 3827 5739 in
3926 5730 3933 5733 _

2245 5764 2429 5820 dubiis
2456 5765 2825 5820 incidentibus
2856 5775 3061 5835 petere.
3127 5765 3235 5836 42
3269 5767 3478 5823 Dudum
3521 5785 3644 5825 esse
3699 5788 3827 5829 cum

2244 5857 2495 5912 videmus
2516 5871 2764 5912 cessasse
2794 5857 3039 5912 divinum
3073 5874 3274 5914 numen
3303 5875 3333 5915 a
3363 5862 3554 5919 crebra
3581 5865 3824 5923 editione
