4094 6414
341 415 416 479 49
1254 412 1350 472 DE
1393 414 1841 473 ANDRUNICO
1878 410 2344 473 PA]..E:_}LDGO
2391 408 2537 467 LIB.
2584 405 2630 464 ῐ.
3535 388 3608 451 50

338 526 732 599 γωγουμένους
764 528 832 581 τὰ
884 527 1002 581 κατ’
1050 528 1347 595 ἀρέσκειαν
1385 529 1478 581 τοῦ
1502 529 1662 583 Θείου
1706 529 1884 582 τελεῖν
1906 545 1921 560 ”
1954 536 1997 590 Α
2033 543 2253 598 μνωμα,
2290 524 2356 595 [Ρ
2514 522 2613 574 κάν
2661 517 2834 586 τούτῳ
2861 514 2916 567 δέ
2947 513 3104 578 δόξας
3139 505 3464 579 Ἱωσηφίτας
3505 507 3623 599 μὲν·

335 621 434 674 τοῦ
467 622 572 689 γὰρ
603 620 865 674 πλουσίου
897 618 960 693 [Ρ
980 619 1072 692 24]
1093 620 1387 689 ζητοῦντος
1413 620 1779 689 ἐξαναστῆναί
1799 637 1924 674 τινα

339 713 435 765 καὶ
467 712 676 775 διδάξαι
723 714 855 777 τοὺς
902 713 1190 782 ἀδελφοὺς,
1243 712 1394 782 ἔχειν
1440 713 1685 775 ἐκείνους
1718 712 1924 766 Μωσέα

342 802 440 856 καὶ
473 805 602 865 τοὺς
634 806 929 874 προφήτας
964 802 1238 873 λελέχθαι,
1268 804 1341 865 ὡς
1382 804 1563 857 αὐτῶν
1594 802 1798 856 ἱκανῶν
1832 802 1925 855 ὃν-

338 911 454 947 των
484 893 697 947 πείθειν
726 913 785 948 τε
812 897 909 947 καὶ
936 895 1233 949 διδάσκειν.
1261 894 1417 948 Οὕτω
1450 894 1550 965 μὲν
1572 892 1668 947 οὖν
1690 897 1927 964 ἐκκρου-

340 986 582 1039 σθέντων
628 987 728 1049 τῆς
759 988 1133 1057 ἐγχειρήσεως
1165 988 1276 1040 τῶν
1324 986 1714 1056 Ἀρσενισ-τῶνο
1765 987 1794 1039 ὁ
1829 985 1928 1055 βα·

339 1079 529 1140 σιλεῦς
583 1078 785 1147 μᾶλλον
832 1080 911 1149 τῷ
945 1081 1105 1150 μέρει
1139 1079 1236 1132 τοῦ
1275 1080 1478 1149 Ἰωσὴφ
1513 1078 1589 1142 ὡς
1640 1077 1924 1149 εὐθυτέρῳ

344 1167 749 1237 προσκείμενος
779 1169 904 1223 οὐδὲ
935 1171 1063 1233 τοὺς
1112 1170 1471 1240 ’Δρσενιάτας
1504 1167 1761 1232 καθάπαξ
1789 1167 1927 1220 άπε-

337 1259 609 1329 δοκίμαζε
628 1277 641 1290 ’
682 1264 744 1313 τὸ
778 1261 889 1329 γάρ
920 1262 1049 1331 περὶ
1076 1261 1322 1323 ἐκείνους
1345 1260 1550 1332 πλῆθος
1576 1261 1807 1330 παρεῖχε
1832 1258 1928 1311 καὶ

336 1350 498 1415 σφῶν
530 1351 623 1400 ἐπὶ
650 1349 853 1419 μᾶλλον
888 1351 1219 1421 φροντίζειν.

335 1461 425 1513 ιδ’.
462 1462 666 1527 Ὅπως
689 1463 774 1531 μὴ
818 1462 1272 1532 ἀποδοκιμάζων
1302 1463 1443 1525 τοὶς
1474 1461 1863 1532 Ἀρσενιάτας
1898 1461 1930 1512 d

403 1532 736 1597 βασιλεὺς.
766 1532 929 1587 ἀλλὰ
960 1530 1347 1602 δεξιούμενος
1381 1532 1479 1586 διὰ
1508 1530 1928 1602 τὴνγειρήνην,

412 1603 514 1657 καὶ
544 1604 654 1656 τὸν
695 1604 967 1671 Κύπριον
999 1606 1084 1669 είς
1120 1601 1495 1671 πατριάρχην
1532 1601 1858 1671 ἀνήγαγεν.

409 1716 504 1787 Τῷ
536 1735 620 1769 τοι
662 1718 759 1770 καὶ
812 1716 917 1787 τὴν
972 1716 1146 1788 μέσην
1209 1716 1471 1785 ἐγνωκὼς
1532 1714 1797 1787 βαδίζειν,
1856 1714 1932 1776 ὡς

339 1809 472 1878 μήτ’
522 1810 678 1880 ἀνιᾷν
712 1807 964 1873 τούτους,
992 1807 1284 1871 κάκείνους
1315 1807 1570 1879 δέχεσθαι
1610 1807 1687 1878 τῷ
1717 1806 1787 1860 τὰ
1834 1805 1935 1875 ζη-

334 1900 582 1969 τούμενα
638 1901 769 1970 παρ’
814 1899 1042 1953 ἐκείνων
1080 1902 1386 1971 συγχωρεῖν
1436 1899 1723 1968 γίγνεσθαι
1757 1898 1845 1969 (τά
1885 1890 1936 1950 δ’

332 1988 483 2061 ἦσαν
541 1992 763 2055 πάντως
796 1994 831 2062 ὴ
864 1993 966 2063 τῆς
1007 1992 1340 2063 Ἐκκλησίας
1392 1992 1468 2055 ὡς
1527 1992 1706 2044 εἰπεῖν
1766 2007 1934 2064 μετα-

338 2084 612 2153 ποίησις),
650 2083 939 2152 ἐκλέγεται
983 2085 1081 2153 μὲν
1107 2086 1187 2144 είς
1214 2083 1565 2154 πατριάρχην
1596 2082 1688 2136 τὸν
1718 2085 1783 2135 ἐκ
1821 2079 1933 2134 Κύ-

338 2194 489 2246 πρευ
522 2175 822 2245 Γιώργιον,
851 2174 1022 2248 ἄνδρα
1048 2175 1227 2243 λόγοις
1259 2174 1598 2246 ἐντραφέντα
1624 2174 1720 2227 καὶ
1752 2189 1932 2244 σφρα-

339 2270 472 2339 γῖδα
513 2268 611 2323 τοῦ
642 2271 984 2341 πατριάρχου
1032 2267 1231 2337 Ἰωσὴφ
1262 2268 1521 2337 φέροντα,
1554 2267 1615 2318 τὸ
1645 2265 1740 2318 τοῦ
1780 2282 1933 2335 πρω-

338 2362 819 2434 τοαποστολαρίου
882 2363 963 2427 είς
1028 2360 1348 2434 ἀνακτόρων
1397 2360 1802 2433 ἐπιφερόμενον
1850 2356 1936 2410 σέ-

344 2521 689 2578 mirabilium
723 2519 1008 2591 signorum
1038 2534 1053 2584 ;
1086 2517 1508 2587 audivimusque
1539 2534 1569 2572 a
1619 2516 1936 2573 doctoribus

343 2617 528 2672 sacris
559 2629 756 2670 causas
786 2613 946 2682 plane
975 2612 1203 2666 idoneas
1238 2627 1338 2666 cur
1364 2611 1622 2680 expediat
1652 2610 1778 2666 talia
1811 2625 1937 2681 pro-

345 2711 565 2765 miscue
598 2724 709 2762 non
739 2706 978 2772 emendi,
1014 2720 1141 2760 vera
1170 2704 1280 2774 jam
1314 2703 1578 2775 religione
1617 2718 1716 2774 per
1746 2702 1934 2757 orbem

346 2804 460 2857 late
514 2800 717 2856 diﬁ'usa
777 2800 1021 2869 satisque
1079 2796 1345 2861 stabilita,
1375 2796 1466 2851 cui
1508 2796 1828 2868 spargenda:
1874 2810 1938 2850 ac

351 2892 650 2949 fundanda:
683 2891 811 2947 talia
832 2891 985 2953 olim,
1012 2889 1231 2959 quando
1262 2888 1313 2943 id
1344 2887 1733 2953 conveniebat,
1764 2886 1938 2942 fuisse

360 2993 571 3040 constat
605 2984 821 3039 utiliter
881 2982 1144 3038 adhibita.
1211 2980 1455 3037 Suﬂiciat
1511 2979 1674 3034 nobis
1737 2978 1937 3033 habere

366 3077 657 3145 scripturas
711 3072 958 3138 Patrum,
1006 3073 1210 3143 quibus
1268 3070 1562 3127 manuduci
1621 3069 1690 3124 ad
1754 3078 1937 3123 mores

354 3166 554 3237 probos
582 3176 638 3222 et
673 3166 743 3222 ad
804 3163 1224 3236 intelligendum
1276 3162 1408 3233 quid
1440 3162 1550 3218 Deo
1586 3160 1742 3217 cordi
1795 3162 1872 3215 sit
1906 3176 1935 3216 a

353 3258 512 3313 nobis
544 3258 661 3314 tleri
727 3258 860 3314 satis
897 3257 1108 3314 erudiri
1146 3271 1467 3328 possumus.
1521 3254 1657 3310 Nam
1689 3263 1744 3310 et
1781 3255 1935 3310 diviti

351 3352 563 3406 scimus
592 3352 670 3405 illi
699 3352 843 3421 apud
876 3349 1230 3420 Evangelium
1268 3346 1521 3420 poscenti
1576 3356 1634 3400 ut
1686 3354 1939 3401 mortuus

348 3442 553 3510 aliquis
589 3441 658 3496 ad
682 3441 833 3495 vivos
881 3439 1103 3494 rediens
1160 3438 1358 3493 fratres
1405 3451 1538 3492 suos
1595 3436 1937 3490 admonitum

349 3536 692 3600 mitteretur,
715 3532 986 3589 divinitus
1018 3546 1340 3602 responsum
1366 3531 1570 3585 habere
1595 3529 1713 3583 illos
1732 3528 1936 3584 Mosem

346 3641 404 3685 et
434 3631 763 3702 prophetas,
798 3645 827 3684 a
860 3627 1061 3699 quibus
1110 3626 1396 3683 admoneri
1439 3625 1738 3695 docet-ique
1788 3624 1941 3680 sulli-

346 3727 563 3780 cienter
633 3724 902 3780 valerent.
963 3720 1023 3777 ιη
1054 3721 1205 3778 hune
1254 3721 1477 3776 modum
1539 3720 1812 3791 repressis
1871 3719 1939 3775 ab

350 3819 580 3887 incepto
613 3816 808 3871 audaci
847 3813 1193 3880 Arsenianis,
1228 3813 1444 3868 cautior
1500 3812 1848 3868 Andronicus
1882 3810 1937 3865 in

350 3918 636 3980 posterum
666 3917 729 3962 ut
763 3907 820 3961 in
858 3907 1146 3975 iustiorem
1181 3904 1701 3976 sumqueseruritati
1725 3917 1942 3958 accom-

352 4002 722 4057 modatiorem
787 3998 1093 4055 studiosius
1177 3998 1473 4070 propenvlit
1530 3996 1939 4067 Josephitarum

352 4104 591 4158 sectam,
636 4094 716 4148 sie
765 4101 951 4148 tamen
1010 4100 1073 4147 ut
1112 4092 1471 4148 Arsenianam
1537 4089 1681 4143 haud
1714 4098 1941 4157 prOrsus

352 4183 657 4253 reprobare
690 4182 991 4245 videretur,
1020 4180 1223 4251 quippe
1250 4195 1413 4249 quam
1466 4193 1698 4234 numero
1731 4190 1941 4248 praeva-

349 4274 525 4329 lidam
588 4274 1015 4344 haudquaquam
1111 4271 1573 4328 contemnendam
1644 4269 1703 4325 in
1769 4283 1939 4340 seque

354 4378 569 4423 temere
604 4366 924 4422 irritandam
959 4365 1161 4421 merito
1192 4365 1443 4431 duceret,
1481 4363 1594 4419 aeri
1628 4377 1850 4433 semper
1887 4369 1944 4415 et

347 4460 519 4516 anxia
557 4460 611 4513 in
644 4475 761 4514 eam
792 4458 1166 4515 sollicitudine
1194 4457 1464 4513 intentus.

3569 598 3596 614 σι

2028 621 2092 673 ἐκ
2119 620 2216 687 τῆς
2241 615 2538 689 σφραγῖδος
2564 609 3024 679 ὑποποιούμενος,
3061 600 3415 672 Ἀρσενιάτας
3438 599 3497 652 δὲ
3527 599 3607 668 τῷ

2028 713 2107 784 μὴ
2138 711 2278 764 κατὰ
2322 709 2394 763 τὰ
2439 704 2844 773 διατεταγμένα
2894 700 2973 771 τῷ
3020 698 3219 768 Ἰωσὴφ
3264 695 3355 747 ἐπὶ
3383 695 3450 764 τῇ
3488 692 3612 784 Ἐκ-

2026 804 2230 875 κλησίᾳ
2276 801 2585 871 συγχωρεῖν
2632 796 2881 865 γίνεσθαι
2913 794 3006 848 καὶ
3055 791 3181 845 λίαν
3234 783 3625 855 ἐξευμενίζειν»

2028 897 2108 959 είς
2150 893 2378 965 εἰρήνην
2427 889 2689 953 ἐλπίζων,
2733 887 3017 959 ἀρχιερεῖς
3075 883 3172 952 μὲν
3226 879 3468 940 ἐκείνους
3513 875 3611 929 καὶ⁹

2028 986 2126 1055 τὴν
2157 984 2289 1055 παρ’
2325 982 2505 1037 αὐτῶν
2534 980 2628 1033 ἐπὶ
2649 979 2728 1051 τῷ
2753 974 3250 1047 πατριαρχεύσοντι
3280 971 3461 1040 ψῆφον
3488 965 3612 1037 μηδ’

2032 1079 2194 1149 ἵκταρ
2215 1079 2297 1141 είς
2327 1075 2452 1131 νοῦν
2484 1075 2720 1146 βάλλων,
2754 1071 3079 1142 ἀψηφίστως
3113 1066 3170 1121 δέ
3198 1065 3362 1121 πάλιν
3388 1062 3614 1130 ἀνάγειν

2033 1173 2110 1242 μὴ
2139 1171 2419 1242 εὐπρεπὲς
2452 1167 2768 1239 δοκιμάζων
2801 1165 2898 1219 ml.
2927 1163 3096 1234 εὖσχη
3109 1177 3233 1232 μον.
3264 1157 3480 1212 Μᾶλλον
3515 1153 3615 1225 μὲν

2029 1266 2124 1320 οὖν
2148 1268 2215 1337 τῇ
2256 1264 2455 1336 πράξει
2494 1265 2589 1318 καὶ
2623 1262 2702 1325 εἰς
2735 1260 2929 1330 καιρὸν
2958 1254 3426 1329 προστησόμενον,
3459 1250 3616 1310 τινὰς

2031 1353 2141 1407 τῶν
2168 1353 2473 1407 δοκούντων
2526 1350 2917 1419 ἐκλεξάμενος,
2953 1348 3050 1401 καὶ
3083 1345 3309 1406 τούτους
3342 1340 3465 1397 καθ’
3493 1340 3613 1401 ἕνα,

2033 1444 2148 1514 ἅμα
2179 1446 2277 1513 μὲν
2302 1445 2489 1507 αὐτοῖς
2532 1444 2634 1513 τὴν
2672 1441 2870 1513 βουλὴν
2910 1437 3211 1504 ἐκοινοῦτο,
3247 1431 3616 1505 πληροφορῶν

2030 1536 2105 1598 ὡς
2133 1532 2246 1606 εἶχε
2270 1537 2366 1590 καὶ
2396 1535 2457 1588 τὸ
2479 1536 2665 1604 σφίσιν
2691 1532 2915 1596 ἐσαῦθις
2942 1531 3255 1593 ἀκίνδυνον,
3286 1528 3406 1598 ἆμα
3437 1525 3494 1578 δέ
3525 1524 3620 1578 καὶ

2033 1628 2109 1692 ὼς
2150 1629 2333 1698 ψῆφον
2364 1627 2464 1699 τὴν
2503 1629 2599 1681 ἀπ’
2657 1627 2886 1682 ἐκείνων
2945 1623 3263 1695 ἐκχώρησιν
3315 1618 3614 1687 ἐλογίζετο.

2047 1719 2165 1790 Ἐφ’
2209 1717 2291 1784 οἷς
2325 1721 2421 1775 καὶ
2448 1719 2549 1791 τὴν
2587 1720 2682 1774 τοῦ
2719 1720 2829 1774 ἀπὸ
2860 1717 3114 1789 Σάρδεων
3149 1710 3477 1768 Ἀθανασίου
3516 1706 3620 1761 εἴτ’

2037 1812 2133 1867 οὖν
2175 1811 2520 1882 Ἀνδρονίκου
2552 1809 2782 1881 γνώμην
2812 1810 3127 1878 δεξάμενος,
3175 1805 3240 1859 ὃν
3285 1804 3352 1873 δὴ
3403 1802 3497 1854 καὶ
3538 1799 3618 1861 είς

2042 1903 2260 1975 πατέρα
2316 1902 2505 1958 ἔταττε
2540 1901 2768 1972 γράφων
2799 1900 2828 1952 ὁ
2875 1897 3158 1970 βασιλεὺς,
3208 1890 3504 1947 κάντεῦθεν
3560 1888 3622 1941 τὸ

2037 1996 2136 2066 τῆς
2164 1994 2544 2061 άπεντεύξεως
2566 1994 2667 2063 τῆς
2698 1990 3070 2062 πατριαρχίας
3105 1989 3319 2041 ἐκείνου
3347 1982 3416 2036 τὰ
3450 1979 3620 2034 πολλὰ

2038 2084 2443 2158 τεχνιτεύοντος
2486 2083 2583 2139 ἐπὶ
2624 2083 2834 2146 τούτοις
2868 2080 3168 2152 ὼμάλιζεν,
3210 2077 3288 2141 ὡς
3333 2074 3429 2130 καὶ
3458 2072 3623 2126 αὐτὸν

2039 2179 2104 2249 δὴ
2138 2177 2229 2231 τὸν
2262 2177 2611 2249 πατριάρχην
2643 2175 2873 2245 ὕστερον
2897 2169 3322 2227 καθυποκλίνειν
3353 2168 3433 2230 είς
3464 2165 3621 2218 εὐλο-

2040 2271 2169 2340 γίαν
2201 2269 2301 2341 τὴν
2331 2272 2462 2341 παρ’
2494 2268 2732 2333 ἐκείνου,
2760 2268 2822 2322 οὐ
2856 2265 3016 2338 χρεία
3044 2262 3247 2336 μᾶλλον
3290 2262 3324 2333 ἢ
3357 2257 3626 2328 κολακείᾳ

2044 2365 2137 2417 καὶ
2164 2364 2494 2434 ύποποιήσει
2528 2362 2737 2433 σφοδρᾷ
2762 2362 2855 2416 καὶ
2880 2359 3132 2430 ἀφύκτῳ,
3170 2356 3231 2410 τὸ
3262 2353 3447 2410 ἱκανὸν
3478 2350 3625 2422 ἔχειν

2041 2533 2249 2596 gutum,
2268 2534 2418 2579 certo
2438 2522 2759 2577 charactere
2771 2536 2882 2576 sua:
2896 2516 3309 2591 approbationis
3335 2530 3403 2571 ac
3421 2514 3626 2569 favoris

2042 2617 2341 2688 Joscphus,
2399 2616 2529 2672 dum
2571 2616 2804 2680 viveret,
2862 2612 3258 2684 insigniverat;
3326 2610 3472 2664 unde
3521 2608 3629 2662 hoc

2041 2709 2418 2781 promovendo
2443 2723 2552 2763 non
2574 2708 2795 2762 dubiam
2818 2706 2958 2761 inire
2987 2720 3045 2762 se
3069 2701 3336 2774 aJosephi
3376 2689 3629 2758 sectariis

2044 2801 2272 2870 gratiam
2300 2799 2575 2855 sentiebat
2623 2798 2945 2868 imperator.
3001 2795 3109 2863 Qui
3157 2803 3343 2849 tamen
3388 2792 3535 2848 idem
3562 2807 3629 2847 eo

2041 2893 2310 2950 d.:mereri
2341 2891 2448 2964 43
2476 2891 2811 2946 Arseniauos
2842 2905 2899 2946 se
2921 2889 3146 2961 putabat
3170 2897 3226 2942 et
3255 2885 3541 2957 proniores
3562 2885 3632 2942 ad

2044 3000 2334 3041 assensum
2387 2985 2445 3039 in
2496 2983 3004 3040 reconciliationem
3050 2982 3307 3052 Sperabat
3371 2981 3629 3044 reddere.

2044 3077 2192 3147 quod
2222 3075 2477 3147 componi
2509 3092 2598 3133 res
2647 3075 3048 3131 ecclesiasticas
3075 3073 3230 3143 juxta
3275 3071 3501 3143 Iosephi
3534 3073 3629 3127 de-

2043 3177 2195 3225 creta
2259 3184 2372 3224 non
2404 3169 2634 3225 sineret.
2670 3168 2840 3223 Porro
2873 3182 2903 3222 a
2932 3165 3015 3222 sic
3049 3167 3271 3221 decreta
3304 3164 3410 3221 sibi
3441 3163 3626 3236 Cyprii

2043 3262 2313 3318 electione
2349 3260 2537 3316 liberis
2561 3260 2866 3315 antistitum
2900 3257 3291 3315 committenda
3352 3256 3629 3327 suffragiis

2040 3353 2359 3425 longissime
2389 3352 2738 3409 Andronicus
2770 3351 2965 3415 abfuit,
3002 3366 3066 3406 ac
3096 3366 3167 3405 ne
3192 3349 3370 3421 prima
3401 3349 3624 3419 quidem

2043 3445 2440 3501 deliberatione
2475 3454 2635 3501 tenus
2690 3444 2966 3514 ejusmodi
3018 3443 3223 3514 quippe
3267 3442 3496 3496 nimium
3527 3458 3628 3496 an-

2043 3553 2174 3609 ceps
2205 3545 2259 3593 et
2315 3537 2464 3593 exitu
2509 3535 2737 3592 dubium
2773 3535 3062 3590 consilium
3091 3524 3363 3589 admisit.
3391 3532 3630 3587 Aliunde

2048 3639 2233 3686 tamen
2266 3644 2457 3686 secum
2488 3637 2759 3700 reputans
2778 3627 3120 3683 evectionem
3153 3624 3353 3697 privati
3391 3625 3631 3680 hominis

2046 3724 2100 3779 in
2131 3723 2557 3794 patriarchaletn
2594 3722 2878 3784 thronum,
2922 3720 3061 3775 citra
3104 3719 3506 3789 qualiacunque
3541 3719 3633 3788 jus

2045 3816 2114 3871 ad
2157 3816 2321 3871 talem
2356 3814 2682 3871 electionem
2747 3811 3064 3867 habentium
3126 3810 3391 3882 sullragia
3451 3819 3631 3866 lenta-

2045 3918 2178 3977 tam,
2212 3909 2363 3964 omni
2394 3908 2691 3963 carituram
2722 3905 2871 3976 apud
2907 3905 3168 3974 populum
3221 3916 3350 3959 ratae
3388 3904 3632 3959 auctori-

2047 4002 2174 4059 tatis
2207 4000 2415 4073 specie,
2451 4009 2513 4056 ut
2552 3999 2631 4055 rei
2669 3999 2889 4062 vitium,
2921 4014 3085 4067 quam
3134 3998 3631 4069 quomodocunquc

2045 4102 2282 4165 coeptam
2346 4108 2447 4150 usu
2510 4091 2727 4147 tandem
2792 4105 2857 4146 ac
2902 4099 3150 4160 tempore
3229 4090 3633 4146 convalituram

2045 4187 2371 4250 conﬁderet,
2414 4193 2680 4255 quantum
2716 4184 2786 4239 ad
2832 4183 3057 4253 impune
3110 4182 3484 4238 inchoandum
3538 4198 3635 4238 ne-

2045 4292 2199 4333 cesse
2231 4276 2540 4340 videretur,
2573 4275 2881 4330 occultaret
2915 4274 2972 4328 in
3020 4273 3326 4345 principiis,
3362 4274 3629 4347 quosdam

2045 4384 2112 4424 ex
2135 4367 2488 4433 electoribus,
2518 4365 2795 4422 faciliores
2818 4366 3072 4422 videlicet
3100 4374 3157 4421 et
3189 4365 3532 4423 ﬂexibilioris
3563 4368 3632 4422 ad

2049 4472 2243 4517 nutum
2278 4460 2478 4516 indolis
2514 4476 2582 4515 ex
2609 4469 2806 4516 caetera
2845 4460 2971 4515 vitae
3004 4459 3411 4515 consuetudine
3446 4475 3639 4530 spera-

350 4576 442 4630 H.
484 4574 555 4629 Ut
589 4577 897 4644 imperator,
948 4591 1050 4628 non
1100 4573 1392 4643 reprobans
1438 4571 1784 4644 Airseuianos,
1844 4570 1937 4624 sed

2056 4562 2141 4610 tos
2165 4553 2302 4618 fore,
2355 4551 2634 4624 sigillatim
2665 4561 2926 4607 evocatos
2949 4551 3173 4606 edocuit
3227 4550 3358 4621 quid
3388 4562 3633 4621 pararet,

424 4648 574 4715 paris
607 4643 770 4699 causa
798 4644 1096 4700 liberaliter
1141 4653 1397 4711 tractam,
1446 4643 1703 4713 Cyprium
1734 4657 1942 4710 promo-

425 4718 559 4771 verit
590 4718 643 4769 in
670 4717 1117 4786 patriarchatum.

428 4827 663 4883 Mediam
700 4830 886 4899 itaque
924 4830 1068 4885 inter
1132 4828 1420 4900 utriusque
1453 4824 1815 4883 oil‘eusionem
1867 4823 1945 4878 fa-

348 4920 560 4976 ctionis
590 4920 801 4991 ingredi
835 4921 976 4976 viam
1012 4920 1316 4986 constituit,
1374 4921 1447 4975 ita
1481 4928 1542 4975 ut
1573 4932 1753 4987 neque
1777 4918 1944 4971 Arse-

351 5015 558 5069 nianos
584 5012 935 5069 contristaret
959 5023 1017 5068 et
1067 5014 1385 5083 Josephitas
1424 5021 1605 5067 tamen
1651 5009 1947 5079 amplecte-

353 5116 541 5169 retur,
567 5120 689 5175 quae
723 5106 775 5158 hi
807 5113 1074 5175 cuperent
1104 5104 1433 5175 permittens
1466 5102 1603 5159 ﬁeri.
1633 5100 1944 5170 Cupiebant

348 5217 489 5257 vero
520 5199 597 5253 illi
633 5199 771 5253 nihil
826 5200 1009 5253 minus
1043 5213 1204 5268 quam
1266 5197 1452 5258 totius.
1493 5204 1553 5249 ut
1586 5193 1756 5249 verbo
1790 5192 1946 5248 dixe-

350 5298 487 5361 rim,
552 5293 1097 5348 trausformationem
1170 5292 1450 5347 Ecclesiae.
1549 5289 1709 5360 Eligit
1778 5292 1946 5360 igitur

352 5392 410 5444 in
477 5386 850 5455 patriarcham
929 5385 1224 5442 oriundum
1285 5399 1316 5439 e
1365 5384 1545 5455 Cypro
1604 5383 1937 5459 Georgium,

354 5478 539 5532 virum
601 5475 874 5531 doctrinis
932 5474 1282 5538 innutritum,
1313 5490 1473 5543 quem
1535 5477 1948 5533 commendaret

354 5568 661 5639 JOSI'phlliS
687 5583 717 5623 a
749 5564 993 5638 Josepho
1018 5564 1328 5635 patriarcha
1364 5564 1679 5622 benedictio
1701 5576 1945 5638 accepta.

354 5664 575 5734 Quippe
636 5661 790 5717 illum
836 5661 906 5715 ad
942 5658 1282 5713 iunctionem
1322 5659 1566 5728 primarii
1617 5660 1948 5717 eeelesiastis

358 5755 614 5826 palatina:
669 5750 986 5815 coneionis,
1047 5758 1314 5806 consueta
1360 5750 1533 5806 sacris
1587 5752 1783 5808 ritibus
1854 5754 1944 5807 tali

358 5848 649 5902 occasione
681 5846 825 5901 bene
865 5843 1127 5913 precandi
1154 5843 1389 5899 formula
1427 5844 1601 5915 palam
1633 5860 1660 5898 a
1708 5860 1765 5900 se
1799 5844 1950 5901 dele-

2046 4646 2197 4701 omni
2252 4643 2666 4700 asseveratione
2716 4644 3054 4699 conﬁrmans
3108 4643 3247 4698 nihil
3283 4643 3419 4714 ipsis
3448 4644 3634 4699 damni

2046 4737 2253 4808 proprii
2284 4753 2351 4792 ex
2403 4736 2528 4800 hac,
2553 4736 2792 4806 publicis
2842 4735 3047 4806 alioqui
3101 4735 3409 4790 rationibus
3439 4749 3635 4789 neces.

2046 4829 2210 4893 saria,
2268 4827 2489 4899 Georgii
2554 4827 2900 4897 promotione
2984 4826 3364 4882 metuendum.
3436 4825 3634 4882 Petere

2047 4921 2259 4976 ideirco
2316 4934 2669 4990 magnopere,
2706 4920 2808 4974 sibi
2849 4928 2910 4974 ut
2970 4918 3035 4972 ad
3066 4919 3212 4973 illam
3280 4919 3636 4974 commodare

2048 5028 2121 5069 ne
2178 5024 2561 5085 gravarentur,
2644 5012 2689 5068 si
2744 5013 2931 5066 minus
2991 5012 3261 5067 disertum
3319 5026 3632 5076 assensum,

2048 5106 2239 5161 saltem
2307 5106 2527 5160 tacitam
2565 5105 3015 5160 eonnivcntiam:
3054 5105 3194 5160 ultra
3253 5103 3403 5160 enim
3468 5105 3636 5169 hanc,

2049 5209 2105 5255 et
2134 5214 2291 5253 usum
2330 5199 2384 5252 in
2442 5213 2685 5269 praesens
2742 5208 2799 5253 et
2848 5198 2993 5267 apud
3060 5214 3121 5254 se
3161 5199 3420 5261 merit-um
3486 5197 3638 5269 pleni

2050 5291 2295 5363 suffragii
2330 5291 2640 5346 habituram
2661 5331 2675 5355 ,
2744 5290 2892 5344 aliud
2923 5306 2982 5345 se
3014 5289 3176 5345 modo
3222 5306 3332 5346 non
3365 5305 3634 5360 quaerere.

2052 5382 2318 5439 Viderent
2344 5382 2611 5453 quantulo
2635 5393 2781 5437 esset
2814 5390 3111 5438 contentus
3141 5398 3156 5449 ;
3190 5398 3294 5438 nec
3316 5382 3638 5436 dubitarent

2053 5476 2201 5531 nullo
2238 5491 2338 5530 suo
2396 5475 2604 5538 labore.
2634 5476 2782 5530 nulla
2815 5475 3048 5540 invidia,
3108 5472 3498 5529 immortaliter
3531 5471 3637 5526 sibi

2053 5567 2402 5638 obstringere
2432 5567 2763 5637 principem.
2796 5567 2910 5622 llac
2937 5575 3056 5621 arte
3079 5582 3204 5622 cum
3250 5565 3386 5620 alios
3435 5578 3501 5618 ex
3536 5578 3635 5617 an-

2054 5659 2348 5723 tistitibus,
2375 5675 2443 5713 ne
2474 5659 2578 5714 sibi
2607 5659 2916 5724 obstarent,
2953 5658 3233 5724 astrinxit,
3291 5668 3404 5712 tum
3437 5656 3492 5710 in
3524 5658 3639 5727 pri-

2056 5754 2161 5807 mis
2213 5768 2277 5807 ex
2315 5748 2574 5807 Sardensi
2607 5750 2737 5804 olim
2800 5752 3119 5806 Andronico
3150 5766 3297 5805 nunc
3336 5749 3501 5806 tmdio
3533 5766 3637 5805 suo

2055 5859 2250 5917 magno
2281 5843 2463 5901 adhuc
2494 5847 2822 5929 monachum
2883 5843 3267 5909 Athanasium,
3328 5859 3491 5915 quem
3527 5857 3635 5897 non
