4094 6432
450 338 510 400 51
1650 331 1973 391 GEORGII
2016 330 2498 393 PACHYMEILE
3639 327 3711 392 52

452 462 546 511 καὶ
577 455 796 527 βέϐαιον
825 453 919 508 ἐπὶ
950 454 1068 517 ταῖς
1092 452 1296 523 ψήφοις
1326 449 1630 502 ἐπίστευεν.
1673 448 1823 498 Ἐπεὶ
1855 445 1898 498 δ’
1927 445 2032 497 ἔδει
2066 449 2108 500 Α
2141 448 2252 499 κῶν
2296 448 2667 503 ἀποδείκνυσι.
2698 446 2944 500 διάκονον
2974 445 3019 497 δ’
3051 444 3113 509 ἐξ
3150 443 3500 512 ἀναγνώστου
3529 459 3713 513 χειρο-

451 553 548 605 καὶ
587 549 865 605 τελεῖσθαι
893 549 959 602 τὰ
994 546 1188 616 μείζω.
1225 544 1299 606 ὡς
1330 542 1556 600 εἴθιστο,
1589 539 1637 591 οἱ
1666 538 1710 591 δ’
1751 537 2035 607 ἀρχιερεῖς
2137 542 2300 592 cavet.
2336 541 2446 607 Τῆς
2483 539 2529 591 δ’
2561 539 2730 607 αὐτῆς
2759 537 2973 607 ἡμέρας
2997 537 3090 590 καὶ
3120 535 3475 606 πατριάρχην
3499 544 3527 588 ο
3559 537 3717 604 βασι-

453 644 778 708 ὡδεῖίζοντο
809 642 925 713 (καὶ
962 640 1081 703 πῶς
1107 638 1216 708 γὰρ
1252 635 1352 702 οῦ;
1402 636 1538 688 ὅπου
1582 649 1645 699 γε
1691 632 1785 684 καὶ
1816 631 1896 693 εἰς
1934 629 2037 697 ψή-
2138 633 2265 695 λεῦς
2296 635 2508 685 ἐκεῖνον
2542 631 2931 702 προϐάλλεται.
2980 628 3265 681 Ἐντεῦθεν
3307 629 3517 689 ἐκεῖνος
3557 628 3717 680 ἐκκε-

2140 727 2468 796 χωρημένον
2527 724 2669 794 ἔχων
2718 724 2804 777 διὰ
2862 722 3192 793 προτροπῶν
3254 721 3503 789 ἐνεργεῖν
3544 718 3613 773 τά
3667 718 3717 770 οἱ

2141 823 2513 888 προσήκοντα,
2546 819 2636 869 τὸν
2665 817 2759 869 τοῦ
2791 816 3067 878 Ἀκακεου,
3106 813 3295 885 ἀνδρὸς
3325 810 3587 871 εὐλαϐοῦς
3615 809 3708 862 καὶ

2139 909 2209 963 τὰ
2245 909 2415 962 πολλὰ
2447 907 2924 978 συντετηρημένου
2973 908 3068 960 καὶ
3121 907 3211 959 ἐπὶ
3252 907 3366 968 τοῖς
3411 904 3538 975 χθὲς
3577 921 3718 974 πρα-

2142 1000 2319 1071 χθεῖσι
2374 1000 2628 1064 δόξαντος
2675 999 3145 1068 ἀμφιγνωμονεῖν,
3198 997 3447 1067 μαθητὴν
3487 996 3710 1064 Γερμα-

2143 1094 2253 1155 νὺν,
2284 1094 2349 1167 [Ρ
2379 1092 2472 1165 26]
2506 1092 2711 1161 εὐλαϐῆ
2736 1109 2799 1161 γε
2829 1093 3084 1143 κάκεῖνον
3118 1091 3173 1150 ἐς
3206 1092 3349 1144 ἆπαν
3387 1090 3480 1141 καὶ
3504 1087 3564 1140 τὸ
3592 1082 3725 1157 ἦθος

2144 1185 2407 1239 ἁπλοϊκὸν
2430 1186 2506 1247 ὡς
2544 1186 2638 1237 καὶ
2668 1186 2726 1237 ἐν
2760 1186 3158 1252 πνευματικοῖς
3195 1181 3470 1250 ταχθέντα
3499 1180 3576 1249 τῷ
3617 1196 3725 1231 πα-

459 757 593 806 φνιυς
627 737 797 807 μόνας
830 735 930 788 οὐκ
962 732 1260 803 ἠξιοῦντο),
1289 729 1400 782 τῶν
1432 746 1537 781 τινι
1580 725 1898 779 ἐπισκόπων
1930 723 2036 775 Κο-

457 830 650 899 ζῦλης,
697 826 1008 896 πεμφθέντι
1044 822 1189 877 κατὰ
1227 821 1417 890 χρείαν
1454 816 1754 888 πρεσϐείας
1800 816 1863 867 ἐκ
1893 814 2039 866 δυτι-

457 923 592 985 κῶν,
632 921 726 974 καὶ
752 921 1005 989 ἀχρὰντῳ
1036 914 1246 979 δόξαντι
1284 915 1377 966 ἐπὶ
1406 913 1520 971 τοῖς
1545 908 1843 980 πραχθεῖσι
1871 905 2037 959 πάλαι

454 1017 533 1077 ὡς
562 1014 696 1083 ξένῳ
749 1012 894 1080 μάλα
926 1010 1034 1062 τῶν
1071 1006 1383 1076 ἡμετέρων,
1432 1004 1637 1071 γλυκὺς
1670 997 1861 1067 ἀγκὼν
1907 996 1935 1049 ὃ
1973 996 2039 1066 δὴ

456 1107 679 1170 λέγεται
719 1101 886 1169 (τινὲς
917 1101 1049 1168 γὰρ.
1081 1098 1158 1159 ὡς
1202 1098 1442 1163 ἐλέγετο,
1470 1090 1613 1164 ἦσαν
1638 1093 1687 1144 οἱ
1729 1088 1823 1143 καὶ
1850 1086 2041 1141 τοῦτον

459 1198 514 1257 ἐς
550 1194 697 1247 ἆπαν
742 1192 965 1253 εἰδότες,
1016 1191 1091 1260 τῷ
1128 1186 1351 1257 μεγάλῳ
1386 1183 1563 1255 κυρίῳ
1604 1180 1878 1246 Φιλίππῳ,
1911 1178 2041 1248 περὶ⁸

459 1281 520 1339 οὗ
551 1288 644 1341 καὶ
669 1285 978 1354 φθάσαντες
1009 1282 1406 1350 ἱστορήκαμεν,
1437 1279 1534 1329 καὶ
1555 1275 1719 1340 ζῶντι
1750 1269 2043 1339 ἱερατικῶς

462 1378 870 1440 ὲκδουὶεῦοντα,
908 1376 1001 1428 καὶ
1038 1373 1361 1442 σφαγέντος,
1409 1367 1501 1421 ἐπὶ
1528 1366 1761 1438 χρυσέου
1807 1362 2044 1422 πίνακος

467 1471 840 1538 προκειμένης
893 1472 990 1536 τῆς
1035 1465 1303 1533 κεφαλῆς.
1336 1462 1480 1516 οῦτω
1511 1459 1674 1525 δ’ἓξαν
1717 1460 1785 1527 τῇ
1824 1452 2047 1518 συζύγῳ

466 1565 829 1639 ⁴Ινραντζαίνῃ,
858 1564 922 1616 τὰ
954 1565 1061 1613 τῶν
1085 1557 1469 1612 ἐπιτε).ευτίων
1503 1555 1691 1623 ῦμνων
1717 1551 1796 1612 εἰς
1826 1549 2049 1616 μνήμην

467 1656 868 1716 ἐπετελοῦντα),
910 1653 978 1706 τὰ
1026 1652 1126 1721 τῆς
1157 1648 1381 1717 τελετῆς
1430 1647 1525 1698 τοῦ
1574 1636 2050 1712 πατριαρχεύσον-

467 1770 560 1815 τος
611 1748 1049 1819 ἐγχειρτζουτινσ
1093 1744 1153 1802 ὃς
1203 1741 1267 1811 δὴ
1318 1738 1412 1792 καὶ
1446 1736 1541 1789 τοῦ
1593 1732 1760 1787 αὐτοῦ
1810 1727 2048 1799 Κρονίου

476 1843 644 1914 μηνὸς
676 1836 1015 1909 παραλαϐὼν
1048 1837 1255 1887 ἐκεῖνον
1288 1830 1499 1894 εἰσάγει
1532 1827 1635 1896 τὴν
1674 1823 1769 1876 τοῦ
1812 1819 2050 1892 Προδρὸ-

477 1955 579 2005 μου
609 1935 709 2003 τῆς
747 1931 959 2002 πέτρας
994 1928 1164 1999 μονὴν
1215 1925 1314 1978 σὺν
1344 1921 1551 1988 ὀλίγοις
1595 1918 1731 1980 uel,
1782 1915 1877 1969 καὶ
1924 1911 2053 1964 ναὸν

475 2030 728 2098 εὑρόντες
762 2027 849 2079 ἐπ’
882 2021 1227 2092 ἀμπελῶνος.
1272 2016 1444 2085 ἀργδν
1487 2014 1565 2077 ὡς
1593 2013 1769 2065 ἐδόκει
1800 2007 2056 2061 κάκεῖνον

478 2120 633 2183 ὂντα,
657 2117 838 2169 ἐκεῖσε
873 2115 935 2167 τὰ
962 2111 1150 2165 εἰκότα
1176 2110 1404 2169 τελέσας
1439 2103 1676 2176 μοναχὸν
1713 2101 1815 2171 μὲν
1846 2100 1908 2151 ἐκ
1941 2098 2059 2149 Lai-

478 2281 748 2335 intactum
776 2271 1077 2341 cupiditate
1126 2267 1556 2339 patriarchatus,
1598 2278 1709 2334 quo
1740 2277 1799 2316 se
1830 2260 1886 2314 in
1918 2274 2060 2329 prae-

482 2388 609 2427 setts
655 2369 935 2425 exclusum
969 2366 1175 2421 throno
1220 2361 1444 2417 alterius
1502 2357 1558 2411 in
1593 2371 1717 2410 eum
1773 2352 2063 2409 evectione

483 2464 659 2519 levius
712 2461 904 2524 ferret,
942 2455 1342 2529 praeoccupavit
1369 2459 1583 2506 astutus
1647 2447 1906 2518 princeps
1945 2457 2066 2513 gra-

485 2560 702 2615 tissimo
752 2557 854 2628 ipsi
884 2552 1201 2613 deferendo,
1232 2548 1450 2617 scriptis
1476 2546 1639 2601 etiam
1662 2541 1881 2604 litteris,
1908 2538 2066 2593 titulo

485 2647 785 2719 spiritualis
815 2645 1012 2717 patris.
1046 2643 1173 2698 Erat
1203 2641 1256 2695 in
1294 2654 1360 2694 eo
1392 2651 1519 2691 cum
1555 2647 1795 2705 praesens
1835 2628 2065 2685 honoris

486 2744 700 2796 fructus
753 2749 866 2794 tum
918 2750 1046 2806 spes
1093 2734 1149 2789 in
1225 2740 1509 2803 posterum
1567 2723 1898 2788 crescendi;
1957 2735 2069 2791 quo

488 2848 718 2906 utroque
757 2829 1022 2887 delinitus
1078 2824 1407 2880 ambitiosus
1456 2824 1672 2875 animus
1730 2813 2070 2887 inquietudi-

487 2945 613 2983 nem
659 2922 970 2993 composuit
996 2919 1064 2975 ad
1095 2928 1332 2986 tempus,
1369 2924 1423 2968 et
1454 2911 1756 2967 machinari
1793 2924 1930 2963 nova
1974 2905 2070 2961 de—

489 3024 680 3075 sinens
707 3015 1061 3070 securitatem
1085 3022 1248 3079 quam
1280 3006 1537 3076 captabat
1564 3004 1618 3056 in
1649 3014 1809 3054 usum
1839 2997 2069 3053 obvium

488 3111 725 3183 praebuit
769 3108 1012 3178 Augusto
1046 3120 1062 3169 ;
1097 3102 1190 3172 qui
1226 3109 1284 3154 ut
1322 3098 1512 3153 eadem
1573 3109 1705 3149 ansa
1748 3089 2070 3145 teneretbo-

492 3207 719 3265 minem,
784 3216 855 3255 ne
896 3199 941 3255 is
975 3196 1295 3268 priusquam
1345 3199 1491 3247 esset
1527 3187 1691 3242 rebus
1717 3182 2067 3240 commodum

493 3298 619 3351 fuco
654 3288 1045 3346 animadverso
1069 3282 1326 3341 resiliret,
1354 3276 1605 3350 gnaviter
1638 3273 1692 3327 in
1718 3268 2071 3326 simulatione

492 3384 751 3441 studendi
780 3376 1094 3436 Andronico
1132 3372 1391 3444 perstitit,
1431 3368 1729 3436 adjuvante
1751 3365 1870 3432 ipso
1892 3374 1990 3429 pro
2012 3372 2073 3411 se

491 3490 735 3549 quoque,
777 3483 1069 3545 postquam
1102 3479 1186 3525 est
1223 3452 1537 3538 patriarcha
1569 3469 1811 3523 creatus,
1846 3454 2069 3528 Cyprio,

493 3576 622 3626 dum
656 3583 715 3624 se
750 3565 860 3639 Μ
891 3563 1160 3619 inclinare
1219 3555 1480 3613 sustinuit
1510 3567 1685 3621 usque
1710 3550 1775 3604 ad
1800 3545 2075 3617 eulogiam

495 3663 565 3717 ab
604 3674 670 3713 eo
715 3636 1117 3723 accipiendam,
1150 3663 1258 3703 non
1300 3663 1399 3700 usu
1431 3645 1537 3699 alio
1567 3656 1729 3710 quam
1786 3636 2071 3699 adulandi,

495 3764 551 3805 et
584 3760 739 3805 tanto
774 3744 1146 3801 strictioribns
1178 3740 1318 3795 [leue
1370 3730 1810 3792 honoriﬁcentia:
1840 3728 2079 3783 vinculis

496 3845 795 3911 gloriosum
830 3838 1160 3894 monachum
1192 3848 1375 3888 causae
1411 3844 1475 3885 ac
1505 3826 1755 3899 partibus
1795 3819 2077 3893 alligandi.

500 3938 637 3991 lnde
677 3948 843 4006 porro
871 3929 1089 3987 abunde
1133 3941 1192 3982 se
1241 3923 1543 3978 faventium
1596 3916 1981 3987 suﬁragiorum
2013 3910 2082 3965 ad

502 4037 620 4082 tuto
653 4004 1017 4096 peragendam
1049 4016 1232 4088 Cyprii
1295 4010 1699 4083 promotionem
1744 4004 1947 4060 habere
1993 4016 2084 4056 ra-

505 4133 594 4174 tus
634 4117 1002 4177 Andronicus,
1031 4111 1120 4166 ubi
1167 4105 1416 4178 progredi
1452 4102 1527 4157 ad
1568 4101 1773 4171 majora
1800 4098 2086 4167 ipsamque

505 4210 911 4268 ordinationem
973 4203 1175 4260 adoriri
1256 4196 1642 4268 tempestivum
1715 4199 1800 4246 est
1860 4189 2085 4253 visum,

507 4304 713 4360 nullius
734 4298 1094 4356 Orientalium
1134 4290 1441 4347 antistitum
1469 4287 1541 4340 ad
1571 4284 1679 4339 tale
1713 4281 2085 4336 ministerium

509 4411 731 4467 operam
761 4391 1018 4465 probavit
1047 4390 1172 4458 (nec.
1194 4394 1314 4440 erat
1337 4396 1468 4437 sane
1494 4391 1839 4448 consequens
1865 4375 1933 4429 ad
1964 4374 2088 4442 ejus

2084 1779 2129 1833 Β

2095 3138 2139 3200 C

2146 1277 2599 1346 τριαρχεῦσαντι,
2639 1274 2757 1345 ἅμα
2796 1275 2897 1344 μὲν
2926 1275 3024 1327 σὺν
3062 1273 3137 1343 τῷ
3164 1273 3417 1343 Κοζῦ).ης
3459 1272 3728 1342 πρόεδρον

2160 1370 2491 1440 Ἡρακλείας
2542 1370 2642 1437 τῆς
2693 1368 2837 1419 κατὰ
2892 1365 3116 1437 Θρᾴκην
3178 1366 3274 1418 καὶ
3339 1364 3731 1435 χειροτονητὴν

2149 1459 2342 1513 ἑαυτοῦ
2374 1459 2724 1528 ψηφέζονται,
2758 1457 2875 1525 ἅμα
2903 1458 2958 1510 δὲ
2992 1457 3068 1526 τῷ
3103 1457 3390 1527 ὲπισκόπῳ
3424 1457 3628 1526 προτρέ
3643 1472 3733 1507 τε·-

2150 1567 2263 1612 ται,
2305 1548 2449 1602 οὕτω
2473 1548 2568 1601 τοῦ
2608 1546 2808 1617 καιροῦ
2846 1547 3244 1618 σχεδιὰζοντος,
3277 1548 3355 1609 εἰς
3398 1544 3732 1615 μητροποὶίο

2150 1659 2252 1709 την
2291 1642 2654 1712 χειροτονεῖ-ι’
2706 1639 2803 1691 καὶ
2837 1637 2865 1689 ὁ
2908 1640 3007 1709 τῆς
3042 1636 3282 1699 παλαιᾶς
3323 1638 3560 1706 Εἰρήνης
3591 1634 3734 1696 θεῖος

2154 1735 2302 1800 ναὸς,
2332 1733 2504 1787 πολλὰ
2531 1729 3012 1799 καταπλυνθείσης
3039 1729 3309 1800 πρότερον
3337 1728 3442 1795 τῆς
3466 1728 3617 1797 ἱερᾶς
3641 1727 3736 1779 καὶ

2161 1828 2431 1899 μυστικῆς
2477 1827 2755 1898 τραπέζης
2792 1823 2884 1876 καί
2929 1841 3071 1876 τισιν
3122 1820 3484 1889 ἁγιασθείσης
3525 1820 3732 1889 εὐχαῖς,

2156 1923 2254 1993 τὴν
2287 1920 2499 1973 ἐκείνου
2532 1915 2639 1972 εἶδε
2671 1916 3031 1988 χειροτονίαν.
3067 1916 3240 1978 Αὐτὸς
3280 1914 3324 1970 δ’
3359 1912 3516 1976 αὖθις
3549 1912 3740 1966 κάκεῖ-

2159 2032 2248 2077 νος
2280 2013 2499 2079 πρῶτον
2528 2011 2627 2078 μὲν
2654 2010 2828 2080 ἱερέα,
2852 2007 2971 2062 εἶτα
2996 2007 3052 2060 δὲ
3083 2008 3186 2060 κάν
3213 2009 3279 2078 τῇ
3309 2006 3543 2076 λαμπρᾷ
3572 2005 3737 2073 ἑορτῇ

2158 2109 2268 2162 τῶν
2302 2108 2480 2160 Batth
2518 2104 2782 2176 ἀρχιερέα
2809 2102 2900 2153 τὸν
2930 2102 3281 2172 πατριάρχην
3307 2095 3736 2169 χειροτονοῦσιν.

2162 2269 2504 2325 narravimus
2530 2305 2544 2330 ,
2568 2274 2624 2320 et
2670 2262 2878 2319 viventi
2901 2276 3123 2331 operam
3155 2256 3551 2314 sacerdotalem
3587 2261 3745 2325 grato

2164 2373 2329 2431 atque
2358 2358 2590 2415 obnoxie
2621 2370 2876 2421 navasse,
2936 2363 2993 2408 et
3021 2352 3088 2407 ad
3130 2352 3249 2422 ejus
3291 2347 3455 2403 occisi
3491 2343 3744 2414 proposi-

2168 2466 2282 2511 tum
2342 2455 2394 2508 in
2419 2466 2583 2507 aureo
2631 2449 2795 2505 'disco
2818 2456 3003 2514 caput,
3055 2444 3200 2515 quod
3254 2443 3333 2496 sic
3381 2440 3500 2508 ejus
3522 2437 3742 2508 coniugi

2166 2547 2541 2601 Phrantzaenae
2604 2540 2781 2596 visum
2851 2546 3019 2601 esset,
3064 2550 3220 2589 sacra
3269 2531 3541 2593 funebria,
3610 2542 3743 2598 pro-

2165 2635 2494 2695 nuntiandis
2528 2632 2769 2703 hymnis,
2802 2629 3005 2699 quibus
3041 2637 3387 2681 mortuorum
3423 2620 3742 2675 memoriam

2170 2728 2423 2807 prosequi
2459 2727 2539 2782 fas
2567 2734 2670 2786 est.
2724 2725 2827 2778 rite
2875 2720 3173 2791 peregisse.
3206 2714 3306 2770 llic
3377 2713 3544 2783 igitur
3592 2725 3745 2765 com-

2169 2802 2392 2882 missam
2448 2820 2549 2874 sibi
2606 2812 2876 2885 designati
2962 2808 3289 2881 patriarchae
3339 2802 3745 2860 ordinationem

2170 2916 2579 2986 auspicaturus.
2610 2923 2802 2963 mense
2820 2903 3015 2958 Martio
3043 2908 3365 2969 susceptum
3401 2912 3527 2950 eum
3570 2893 3751 2948 intro-

2170 3007 2325 3064 ducit
2354 3020 2481 3061 eum
2533 3000 2726 3071 paucis
2776 2996 2832 3051 in
2881 2991 3277 3048 monasterium
3314 3004 3343 3043 a
3371 2986 3668 3058 prodromo
3694 2993 3750 3036 et

2174 3110 2329 3173 petra
2378 3094 2743 3155 nominatum,
2779 3088 2871 3144 ubi
2929 3085 3131 3155 templo
3183 3082 3240 3137 in
3291 3081 3453 3134 vinea
3512 3083 3751 3146 reperto,

2177 3168 2235 3247 in
2264 3205 2372 3260 quo
2420 3196 2477 3243 et
2510 3187 2634 3255 ipso
2711 3179 3012 3251 apparebat
3042 3193 3157 3230 rem
3193 3174 3435 3229 divinam
3473 3185 3541 3224 ex
3591 3168 3759 3237 longo

2181 3281 2295 3338 ﬁeri
2348 3276 2600 3338 desiisse,
2649 3273 2706 3326 in
2755 3286 2820 3324 eo
2853 3267 3136 3323 consuetis
3177 3260 3518 3319 ca-remoniis
3562 3271 3760 3312 mona-

2181 3376 2347 3430 chum
2380 3385 2448 3425 ex
2505 3367 2647 3421 laico
2677 3360 2918 3418 instituit
2968 3357 3255 3430 Cyprium,
3302 3365 3538 3421 moxque
3572 3349 3761 3403 diaco-

2181 3483 2313 3524 num
2340 3481 2369 3521 e
2416 3462 2617 3518 lectore
2644 3456 2878 3512 ordinat.
2936 3451 3133 3505 Eadem
3163 3464 3326 3519 porro
3366 3446 3455 3500 die
3508 3441 3762 3497 eumdem

2186 3563 2488 3628 imperator
2523 3551 2766 3607 declarat
2790 3543 3187 3617 patriarcham.
3216 3538 3353 3594 Hinc
3390 3537 3502 3606 jam
3535 3532 3768 3601 patriar-

2187 3654 2311 3714 cha,
2367 3646 2459 3717 qui
2496 3644 2792 3699 multorum
2832 3634 3185 3693 suasionibus
3220 3630 3327 3703 55
3363 3628 3619 3683 inductus
3646 3638 3767 3679 cer—

2189 3755 2304 3800 tum
2334 3715 2396 3795 ac
2427 3740 2589 3810 plane
2623 3735 2984 3790 constitutum
3016 3727 3247 3782 haberet
3272 3737 3383 3777 non
3409 3720 3575 3773 alium
3610 3715 3771 3771 adhi-

2187 3838 2317 3893 bere
2346 3834 2411 3887 ad
2444 3824 3014 3889 suiconsecrationem
3046 3830 3354 3887 quamcum
3390 3813 3457 3867 de
3485 3825 3593 3879 quo
3629 3807 3776 3862 inter

2196 4206 2495 4277 pabantur,
2556 4194 2890 4271 discipulum
2946 4189 3313 4247 Germanum,
3359 4180 3533 4235 filium
3592 4175 3777 4230 Acacii

2197 4296 2302 4350 viri
2344 4293 2415 4363 pii
2467 4298 2522 4344 et
2554 4288 2709 4343 valde
2766 4268 3177 4349 circumspecti,
3247 4274 3339 4344 qui
3392 4286 3450 4326 se
3514 4270 3566 4325 in
3601 4269 3782 4339 palam

2201 4403 2379 4456 nuper
2408 4382 2544 4437 actis
2578 4377 2731 4449 quasi
2771 4385 3025 4430 neutrum
3080 4369 3372 4428 habuerat,
3407 4374 3691 4418 assensum
3727 4357 3784 4412 in

510 4491 636 4545 mus
665 4489 733 4542 ab
759 4490 1007 4556 Ᾱυῧυδῑο
1037 4476 1516 4537 consecrationem
1552 4471 1826 4530 adhiberi»
1854 4480 2089 4538 quorum
2129 4495 2172 4551 ο
2200 4489 2410 4550 partem
2469 4470 2734 4527 utramvis
2791 4465 3072 4520 sustinens
3116 4468 3170 4513 et
3206 4458 3447 4529 utrique,
3513 4460 3783 4523 quantum

511 4579 870 4649 ne'snll’ragia
906 4574 1127 4646 quidem
1160 4570 1226 4625 ad
1258 4568 1590 4624 electionem
1630 4564 1886 4634 dignatus
1913 4560 2098 4615 fuerat

515 4668 961 4745 requirere),scd
1005 4662 1343 4720 functionem
1382 4660 1530 4714 illam
1585 4656 1783 4711 detulit
1835 4652 2100 4722 episeopo

516 4767 741 4837 Cozyles
768 4783 829 4819 ex
859 4755 1398 4815 Occiduistractibus
1431 4749 1719 4821 legationis
1734 4761 1898 4801 causa
1922 4759 2101 4814 nuper

520 4861 774 4933 appulso,
803 4865 857 4909 et
906 4852 1053 4923 quod
1085 4864 1313 4921 peregre
1373 4846 1603 4900 vixisset
1634 4844 1686 4895 in
1742 4854 1953 4895 summa
1977 4839 2100 4892 dis-

519 4952 809 5025 junctione
854 4958 881 4999 a
969 4946 1139 5000 rebus
1207 4941 1435 5005 nostris,
1498 4938 1648 4993 nulla
1730 4931 2105 4990 contaminato

525 5045 857 5117 contagione
944 5038 1289 5109 piaculorum
1325 5073 1340 5097 ,
1385 5047 1506 5102 quae
1554 5047 1620 5086 ex
1678 5029 1817 5085 actis
1870 5026 2110 5081 antehac

525 5133 1009 5204 Constantinopoli
1057 5130 1308 5202 plerique
1357 5126 1466 5181 illic
1506 5122 1820 5193 degentium
1855 5128 1951 5173 aut
1978 5132 2111 5172 con-

530 5239 815 5287 traxerant
885 5234 982 5283 aut
1045 5222 1385 5280 contraxisse
1453 5219 1807 5289 putabantur.
1888 5214 2019 5268 Erat
2066 5211 2112 5265 is

532 5330 701 5381 homo
747 5329 1015 5392 praeterea
1038 5314 1333 5387 gratificari
1385 5312 1604 5383 quidvis
1629 5306 1983 5379 poscentibus
2032 5303 2114 5357 fa-

535 5418 675 5479 ciiis,
732 5424 783 5470 et
844 5414 995 5483 juxta
1039 5410 1231 5464 tritum
1306 5405 1578 5476 adagium,
1637 5401 1814 5455 dulcis
1871 5398 2115 5458 cubitus,

535 5525 698 5584 quem
753 5506 1011 5562 videlicet
1086 5501 1154 5556 ad
1203 5497 1468 5570 quidquid
1534 5512 1599 5550 ex
1653 5509 1758 5549 usu
1814 5491 1955 5547 foret
2010 5488 2120 5556 pla-

538 5606 662 5661 cide
696 5610 987 5672 sequacem
1039 5596 1312 5651 ﬂecteres.
1363 5589 1657 5646 Nonnullis
1686 5586 1857 5650 enim,
1924 5584 2121 5653 quibus

538 5699 723 5755 fuerat
773 5696 1017 5750 anterior
1047 5694 1166 5764 ejus
1210 5690 1318 5744 vita
1367 5687 1527 5757 plane
1580 5687 1892 5754 perspecta,
1928 5685 2117 5731 notum

535 5801 877 5861 eratmagno
934 5804 1059 5843 eum
1091 5786 1314 5841 domino
1343 5780 1642 5850 Philippo,
1706 5774 1773 5827 de
1829 5786 1941 5844 quo
1990 5769 2124 5823 alias

2202 4572 2464 4627 duntaxat
2500 4565 2634 4620 satis
2682 4569 2802 4617 erat
2859 4559 2925 4611 ad
2975 4554 3351 4614 securitatem,
3393 4549 3583 4603 favens
3640 4543 3791 4598 hunc

2204 4675 2423 4733 quoque
2463 4658 2645 4727 ipsum
2674 4651 2848 4706 multa
2881 4645 3163 4716 religionis
3191 4643 3605 4698 existimatione
3637 4648 3793 4690 com-

2205 4732 2548 4810 mendatum,
2576 4754 2840 4813 praeterea
2871 4740 2942 4793 ita
2962 4737 3211 4791 moribus
3229 4732 3535 4802 simplicem
3569 4737 3629 4781 ut
3661 4739 3791 4779 eum

2209 4849 2301 4903 ille
2331 4844 2421 4915 qui
2468 4836 2905 4912 patriarcbatum
2950 4844 3129 4900 nuper
3160 4817 3796 4899 gesseratspiritualibus

2209 4934 2602 4998 accensuisset,
2666 4930 2835 4987 hunc.
2866 4925 3123 4992 inquam,
3158 4917 3314 4989 quasi
3370 4916 3439 4968 de
3485 4925 3598 4981 quo
3640 4909 3794 4962 nulla

2211 5048 2331 5088 esse
2362 5035 2545 5101 posset
2587 5023 2912 5092 cujusquam
2962 5011 3268 5084 plausibilis
3295 5004 3567 5075 exceptio,
3617 5001 3672 5055 in
3710 5000 3799 5054 sui

2214 5123 2586 5181 ordinatorem
2622 5110 2970 5186 praeparavit,
3033 5107 3240 5177 eligens
3277 5116 3427 5167 eum,
3463 5095 3802 5165 suffragante

2219 5218 2274 5272 in
2311 5215 2364 5269 id
2423 5210 2634 5283 pariter
2682 5204 2980 5274 Cozyleno,
3046 5199 3097 5252 in
3160 5193 3449 5267 praesulem
3524 5188 3805 5243 Heraclea:

2218 5304 2491 5363 Thraciae.
2522 5300 2655 5356 Post
2715 5297 2864 5367 quod
2918 5293 3180 5363 episcopo
3240 5283 3523 5340 mandavit
3555 5291 3614 5333 ut
3676 5293 3805 5332 eum

2220 5396 2508 5455 confestim
2544 5395 2655 5459 (res
2710 5388 2859 5443 enim
2916 5395 3099 5438 moras
3166 5392 3273 5433 non
3309 5371 3542 5441 ferebat)
3599 5368 3655 5422 in
3681 5381 3806 5421 eam

2223 5491 2408 5547 sedem
2436 5457 2979 5551 riteimetropolitam
3028 5473 3333 5528 ordinaret.
3392 5465 3487 5521 Isti
3531 5457 3808 5518 functioni

2224 5583 2500 5639 delecmm
2540 5585 2625 5633 est
2673 5574 2915 5642 antiquae
2975 5566 3162 5621 lrenes
3230 5562 3479 5619 divinum
3517 5554 3810 5625 templum,

2227 5676 2385 5743 cujus
2409 5686 2563 5727 sacra
2594 5676 2652 5725 et
2678 5666 2911 5738 mystica
2941 5675 3132 5718 mensa
3175 5655 3366 5713 multis
3392 5652 3548 5724 prius
3607 5662 3811 5720 purga-

2233 5740 2473 5823 tFonibus
2531 5760 2747 5832 expiata
2795 5769 2850 5815 et
2900 5753 3068 5811 certis
3123 5745 3465 5806 sanctiﬁcata
3552 5740 3812 5816 precibus
