4094 6424
324 362 396 428 53
1264 363 1363 425 DE
1418 360 1868 424 ANDRONICO
1905 358 2384 453 P/AHEOLOGO
2431 364 2582 425 LIB.
2628 362 2675 424 Ῐ.
3523 360 3594 426 5i

321 477 402 531 οι.
440 472 627 548 χεῖρον
664 475 722 531 δὲ
746 475 923 548 μικρὰ
957 477 1050 531 καὶ
1082 475 1335 557 περὶτῆς
1359 479 1695 550 χειροτονίας
1724 475 1909 531 διαλαο
1938 475 1986 534 Α
2015 492 2105 538 τες
2133 477 2191 529 τὸ
2221 479 2386 548 μέρος
2418 480 2477 532 τὸ
2517 479 2745 533 καθόλου
2791 476 3254 547 διαφυλάττοιντο.
3324 474 3388 530 Οἱ
3420 476 3475 531 δδ
3508 478 3602 531 τοῦ

323 569 465 623 δεῖν.

325 683 410 741 ιε’.
445 686 801 756 Χειροτονία
833 685 939 739 τοῦ
974 687 1347 754 πατριάρχου
1375 686 1665 756 Κυπρίου,
1704 685 1805 739 καί
1839 686 1912 739 τὰ

922 759 1055 824 περὶ
1082 758 1326 822 ταύτης.

396 847 669 918 Ἥγνιστο
696 842 796 918 μὲν
830 849 1015 920 εὐχαῖς
1045 865 1103 901 τε
1129 851 1222 902 καὶ
1253 849 1592 919 ἁγιάσμασιν
1633 850 1667 919 ἡ
1690 844 1914 913 vigilis-

320 941 523 1010 γίστης
568 940 867 1011 ἐκκλησίας
918 944 1039 1010 ἱερὰ
1087 941 1359 1011 τράπεζα,
1390 942 1682 1013 συνήγοντο
1711 943 1765 995 δὲ
1785 942 1915 1010 περὶ

318 1034 416 1088 τόν
453 1033 1043 1104 χειροτοιιηθησὸμενον
1096 1033 1147 1087 οἳ
1198 1033 1263 1105 δὴ
1299 1036 1393 1088 καὶ
1434 1032 1542 1086 τῶν
1580 1033 1914 1105 σχιζομένων

320 1125 833 1192 συγκατεκλίνοντο,
882 1126 1073 1195 ἄνδρες
1125 1126 1261 1197 πρὸς
1320 1124 1418 1194 μὲν
1483 1126 1552 1179 τὰ
1613 1126 1915 1195 τελούμενοι

236 1240 242 1244 ·
316 1216 684 1288 ἀμαθεῖς,[Ρ.
716 1215 811 1282 ‘27]
840 1216 1091 1283 δ”ξαντες
1125 1218 1182 1269 δὲ
1222 1217 1300 1286 τῷ
1346 1215 1493 1289 ζήλῳ
1549 1217 1918 1288 προστετηκέ-

315 1327 434 1363 ναι.
472 1310 788 1378 Μαρτύριον
851 1309 907 1361 δὲ
964 1309 1025 1361 τὸ
1073 1309 1198 1380 μηδ’
1237 1310 1436 1363 εἰδέναι
1497 1309 1617 1381 μηδ’
1649 1309 1785 1372 ὅλως
1840 1310 1914 1380 μὴ

314 1403 405 1454 ὅτι
427 1419 488 1468 γε
517 1401 857 1471 χειροτονίας
887 1401 1062 1466 τάξιν,
1097 1401 1210 1454 ἀλλ’
1241 1402 1349 1455 οὐδ’
1377 1401 1548 1472 αὐτὴν
1570 1401 1670 1474 τὴν
1699 1402 1792 1455 τοῦ
1821 1401 1920 1474 βή-

318 1505 521 1557 ματος,
550 1489 627 1553 ὡς
663 1492 754 1544 καὶ
802 1489 1136 1543 κινδυνεύειν
1183 1491 1274 1544 διὰ
1318 1490 1491 1545 ταῦτα
1540 1491 1937 1563 παροραθῆναι,

312 1582 418 1649 τὴν
440 1580 667 1632 ἐκείνων
696 1581 899 1651 ἀκριϐῆ
928 1583 1332 1660 παρατήρησιν.
1378 1583 1638 1646 Ἐκείνοις
1693 1583 1801 1654 γὰρ
1847 1576 1917 1655 ἦν

313 1674 344 1725 ὁ
368 1666 575 1734 σκοπὶς
606 1672 836 1743 ἀπερεῖν
865 1673 1146 1743 κληρικοῑς
1205 1676 1280 1744 μὴ
1313 1676 1572 1743 παρεῖναι
1615 1675 1737 1745 μηδ’
1793 1674 1918 1745 ὅψιν

314 1764 690 1834 προσϐάλλειν
706 1768 820 1829 τοῖς
854 1766 1221 1833 τελουμένοις,
1260 1765 1363 1820 κᾶν
1393 1767 1539 1830 ὅστις
1575 1769 1670 1822 καὶ
1720 1769 1841 1839 εἴη*
1880 1769 1913 1836 ἡ

315 1856 362 1908 δ’
404 1856 623 1928 ἀνάγκη
677 1857 788 1909 τῶν
827 1859 1243 1928 πραττομένων,
1285 1859 1360 1921 ὡς
1401 1858 1667 1914 εὐοδοῖντο
1709 1861 1777 1913 τὰ
1826 1863 1923 1928 τῆς

315 1948 545 2017 τελετῆς
574 1948 866 2019 ἀμηγέπη,
912 1949 1007 2002 ἕνα
1038 1949 1144 2002 τῶν
1170 1944 1263 2003 τοῦ
1312 1950 1516 2022 κλήρου
1573 1946 1923 2022 προσληφθῆ-

318 2056 433 2097 νεει,
464 2040 561 2092 καὶ
592 2043 649 2093 ἐν
673 2039 857 2103 αὺτοῖς
886 2044 1000 2103 τοῖς
1032 2040 1243 2105 ἀδύτοις
1276 2042 1336 2094 τὺ
1370 2043 1647 2111 μέγιστον,
1707 2043 1800 2095 τὸν
1833 2043 1922 2095 ὲκ-

319 2131 657 2203 κλησίαρχοπ)
695 2133 934 2201 ἔπειθεν,
979 2133 1067 2203 ἐφ’
1117 2128 1161 2203 ᾧ
1224 2134 1717 2204 ξυνεπιλαμὸἀνειν
1771 2133 1922 2202 σφίσι

322 2224 421 2278 καὶ
462 2224 776 2293 πράττοντα
803 2224 898 2276 καὶ
919 2225 1263 2281 διδάσκοντα.
1297 2227 1405 2278 Καὶ
1432 2225 1577 2279 οὕτω
1637 2224 1740 2297 μὲν
1781 2225 1925 2278 ὲκεί-

320 2333 435 2380 νοις
469 2316 724 2387 ἀποχρῆν
751 2318 845 2369 ἐπὶ
874 2316 967 2370 τοῦ
994 2316 1260 2388 παρόντος
1309 2317 1507 2381 ἰδόκει,
1547 2319 1594 2370 εἰ
1642 2316 1923 2387 παραῦάνο

322 2600 589 2657 G:-rmani
624 2600 755 2656 novi
810 2600 1197 2656 Heracleensis
1233 2598 1714 2671 inaugurationem
1757 2596 1916 2652 vidit.

327 2695 429 2750 llic
482 2710 651 2766 porro
702 2694 947 2749 vicissim
1022 2701 1395 2764 promotorem
1444 2707 1602 2747 suum
1657 2690 1917 2777 Cyprium

328 2792 574 2857 primum
612 2789 837 2859 quidem
868 2787 1184 2843 sacerdotio
1215 2787 1479 2851 initiavit,
1516 2784 1718 2841 deinde
1752 2785 1808 2837 in
1838 2798 1919 2838 ce-

331 2883 466 2937 lebri
496 2882 811 2938 Palmarum
840 2881 1004 2944 festo,
1024 2887 1361 2951 cooperante
1389 2878 1637 2934 antistite
1670 2877 1916 2948 Cozyles,

339 2973 704 3042 patriarcham
763 2972 1066 3028 ordinavit.
1110 2971 1186 3027 De
1242 2985 1349 3041 qua
1391 2969 1749 3025 ordinatione
1806 2983 1918 3023 non

343 3066 447 3116 erit
475 3063 564 3118 abs
586 3079 645 3117 re
675 3064 928 3133 quadam
959 3062 1049 3119 hic
1077 3062 1394 3118 distinctius
1424 3059 1652 3116 referre.

336 3198 421 3259 i5.
463 3202 816 3275 Inanguratio
872 3201 1197 3271 patriarchae
1243 3200 1450 3274 Cyprii,
1505 3203 1555 3257 et
1602 3212 1722 3273 qua!
1773 3201 1921 3255 circa

865 3290 981 3328 eam
1032 3275 1386 3345 contigerunt.

400 3415 663 3470 Lustrata
692 3414 935 3485 primum
962 3422 1048 3468 est
1071 3412 1328 3484 precibus
1359 3420 1415 3467 et
1441 3407 1811 3481 piacularibus
1846 3407 1921 3461 ri-

329 3507 480 3560 tEbns
510 3505 732 3560 maximi
759 3504 948 3573 templi
969 3517 1123 3557 sacra
1146 3515 1354 3556 mensa.
1376 3497 1701 3570 Congregati
1721 3495 1923 3551 deinde

325 3608 463 3652 sunt
520 3598 666 3652 circa
714 3596 1061 3667 designatum
1102 3592 1416 3664 pontiﬁcem
1447 3587 1920 3646 schismaticorum

325 3692 570 3753 Sodales,
605 3689 705 3743 viri
733 3702 1016 3744 sacrorum
1054 3686 1255 3741 rituum
1288 3675 1454 3739 rudes
1481 3723 1496 3748 ,
1533 3681 1625 3752 qui
1667 3676 1770 3734 sibi
1804 3678 1925 3733 vice

326 3782 519 3836 oxiinis
565 3780 1019 3841 caeremoniarum
1074 3776 1281 3849 peritiae
1325 3774 1576 3829 sufﬁcere
1623 3773 1921 3842 putarent,

328 3892 442 3944 quo
473 3875 557 3927 uri
595 3889 658 3927 ac
692 3873 847 3944 quasi
884 3872 1167 3951 tabescere
1199 3868 1551 3930 videbantur,
1581 3862 1779 3918 zelum.
1816 3856 1926 3916 Do-

329 3976 593 4024 cumento
623 3965 744 4032 iuit,
770 3964 914 4035 quod
936 3960 1363 4018 consecrationis
1391 3954 1739 4029 pontiﬁcalis,
1762 3967 1926 4024 quam

327 4061 443 4134 46
477 4059 805 4115 celebraturi
836 4064 1240 4122 convenerant,
1299 4053 1547 4109 ordinem
1604 4047 1928 4121 ignorabant

330 4153 602 4208 intumus.
640 4151 746 4207 Sed
777 4166 847 4206 ne
876 4149 1018 4206 sacri
1061 4149 1279 4218 quidem
1324 4145 1511 4201 altaris
1541 4159 1606 4199 ac
1635 4142 1802 4200 divini
1835 4156 1928 4197 sa-

330 4244 532 4297 erilicii
566 4241 773 4296 iunctio
802 4256 909 4312 quo
945 4248 1101 4310 pacto
1133 4245 1508 4301 exerceretur,
1543 4234 1837 4301 tenebant;
1869 4244 1930 4290 ut

329 4348 630 4409 promerea
679 4335 980 4406 periculum
1030 4341 1175 4389 esset
1223 4346 1294 4387 ne
1342 4329 1722 4401 despiceretur
1770 4336 1824 4381 et
1873 4337 1931 4381 ut

328 4438 669 4500 pne-pestere
716 4428 904 4483 sedula
954 4426 1192 4482 ludibrio
1228 4435 1372 4480 esset
1402 4424 1491 4478 illa
1522 4423 1789 4493 exquisita
1833 4423 1931 4476 ob-

2019 571 2221 639 κ>.ήρου
2259 572 2359 640 τῆς
2395 571 2692 641 ἐκκλησίας
2728 572 2828 642 μὲν
2854 570 2914 626 τὸ
2950 570 3214 642 παράπαν
3250 568 3601 635 ὲξεκλείοντο,

2017 662 2152 715 ὅπου
2183 680 2245 731 γε
2272 665 2365 716 καὶ
2396 664 2557 727 αὐτὸς
2579 665 2607 717 ὁ
2637 664 2809 736 μέγας
2855 664 3168 735 λογοθέτης,
3229 662 3454 733 μηδενὸς
3491 678 3602 715 κω-

2017 753 2257 819 λύοντος,
2301 757 2413 809 ἀλλ’
2446 758 2605 820 αὐτὸς
2628 775 2689 826 γε
2723 757 2924 828 κρίνων
2952 758 3052 826 τὴν
3085 757 3352 810 ἀπουσίαν
3408 752 3620 809 ἑαυτοῦ
3687 816 3691 821 ,

2020 846 2177 911 ἀξίαν
2199 849 2311 911 τοῖς
2333 848 2700 918 τελουμένοις,
2737 848 3009 919 μακρόθεν
3044 847 3471 917 ὲπεζυγωμένης
3498 846 3602 909 τῆς

2019 940 2194 1011 πύλης
2224 941 2509 1009 ἱστάμενος
2548 941 2702 1009 μόλις
2734 939 2879 1009 ἑώρα
2926 940 3021 992 καὶ
3079 938 3156 1009 τῷ
3208 937 3603 1005 ὑπεσταλμένῳ

2018 1031 2113 1085 τοῦ
2146 1031 2307 1104 ἤθους
2333 1033 2393 1085 τὸ
2420 1032 2635 1096 ἀνάξιον
2660 1031 2986 1102 παρεδείκνυ
3030 1049 3041 1060 ·
3079 1030 3191 1085 ἄνω
3234 1029 3289 1082 δέ
3341 1039 3441 1080 που
3494 1027 3604 1080 τῶν

2020 1124 2497 1195 κατηχουμενείων
2519 1123 2921 1193 παραϐυόμενοι
2951 1121 3196 1191 ὀπτῆρας
3223 1117 3368 1189 εἶχον
3396 1117 3489 1171 ταῦ
3526 1118 3601 1188 μὴ

2021 1217 2343 1288 παρακύψαι
2380 1216 2500 1285 μηδ’
2536 1212 2664 1268 ἰδεῖν
2694 1214 2761 1268 τὰ
2807 1213 3179 1285 πραττόμενα,
3239 1211 3311 1275 ὡς
3354 1209 3607 1263 ἐντεῦθεν

2020 1308 2471 1377 κωλυθίισομὲνου
2503 1306 2663 1377 δῆθεν
2687 1304 2781 1357 τοῦ
2819 1305 2895 1375 μὴ
2946 1303 3246 1371 δυναμένου
3307 1298 3605 1369 ὑτὲέχεσοαι

2019 1403 2096 1473 τῷ
2125 1400 2261 1470 ἀξίῳ
2284 1401 2382 1469 τῆς
2408 1399 2515 1451 τῶν
2550 1397 2946 1468 συμπαρόντων
2969 1394 3318 1465 ἀναξιὸτητος
3351 1394 3512 1464 χάριν
3535 1391 3606 1445 δι’

2020 1494 2333 1564 ἀγαθότητα
2359 1491 2684 1560 πνεύματος.
2740 1488 2893 1543 Ἐπεὶ
2918 1486 2973 1542 δὲ
2998 1489 3090 1541 καὶ
3118 1487 3186 1540 τὰ
3233 1486 3332 1556 τῆς
3381 1483 3608 1551 τελετῆς

2021 1586 2293 1656 διήνυστο,
2318 1585 2410 1637 καὶ
2439 1582 2585 1655 τρισὶ
2612 1576 3073 1652 προηγιασμένοις
3113 1579 3318 1647 ἄρτοις,
3366 1573 3442 1639 ὡς
3486 1579 3607 1637 ταῖς

2020 1675 2198 1745 τρισὶν
2226 1673 2458 1745 ἡμέραις
2486 1673 2584 1738 τῆς
2613 1673 2853 1743 μεγάλης
2882 1669 3169 1741 ἑϐδομάδος
3202 1666 3514 1740 ἀρκέσουσι,
3548 1666 3608 1718 τὸ

2024 1768 2122 1837 τῆς
2146 1766 2440 1837 ἐκκλησίας
2466 1764 2654 1833 πυξίον
2690 1763 3022 1829 ὲνικανοῦτο,
3048 1764 3075 1815 ὁ
3097 1762 3438 1832 πατριάρχης
3469 1758 3607 1830 πρὸς

1980 1859 1996 1880 ’
2029 1865 2251 1934 βασιλέα
2272 1863 2496 1917 αὐτόθεν
2527 1862 2742 1933 ἀπήντα
2777 1859 3079 1913 ἐκτελέσων
3109 1860 3226 1927 μετ’
3266 1856 3474 1909 ἐκείνου
3505 1854 3606 1922 τὴν

2025 1959 2217 2028 ἑορτὴν
2252 1957 2392 2010 κατὰ
2429 1956 2487 2010 τὸ
2516 1953 2763 2024 σύνηθες,
2795 1953 2845 2004 οἱ
2882 1951 2939 2004 δὲ
2967 1951 3062 2003 καὶ¹
3093 1946 3246 2012 αὖθις
3291 1948 3400 2001 τῶν
3441 1946 3607 2018 ἱερῶν

2028 2050 2299 2115 συνάξεων
2331 2045 2682 2111 tamam-.0,
2709 2041 2836 2113 παρ’
2869 2041 3021 2096 οὐδὲν
3076 2040 3318 2108 Θεμένων
3362 2039 3461 2100 τῖς
3509 2034 3605 2089 τοῦ

2038 2141 2236 2212 Ἰωσὴφ
2270 2139 2685 2210 προστιμήσεις.
2744 2134 3092 2202 Ἐπέφωσκεν
3124 2133 3157 2201 ὴ
3219 2129 3465 2200 δευτέρα,
3511 2129 3607 2182 καὶ

2023 2237 2134 2296 τοῖς
2165 2233 2263 2304 μὲν
2288 2231 2380 2285 τοῦ
2408 2230 2748 2301 πατριάρχου
2778 2226 2806 2282 ὁ
2837 2226 2963 2289 ναὸς
2989 2226 3189 2285 ἀνεῖτο,
3248 2225 3359 2286 τοῖς
3419 2222 3474 2275 δέ
3541 2236 3607 2289 γε

2024 2326 2526 2402 κληρικοῖςαὸατον
2563 2325 2621 2378 τὸ
2654 2324 2879 2395 τέμενος
2905 2317 2993 2393 ἦν.
3036 2321 3273 2389 Ἐπέστη
3321 2320 3353 2384 ἡ
3423 2317 3606 2387 τρίτη,

2023 2596 2169 2640 reret
2201 2599 2322 2657 qua:
2353 2598 2530 2655 quove
2562 2589 2720 2652 pacto
2751 2576 2832 2634 fas
2858 2580 2977 2635 erat
3009 2572 3099 2633 tali
3137 2577 3428 2631 occasione
3465 2575 3605 2633 ﬁeri.

2023 2672 2098 2734 Ac
2127 2678 2204 2734 sic
2242 2678 2295 2731 in
2326 2692 2570 2748 praesens
2595 2675 2698 2731 sibi
2735 2675 2865 2730 satis
2898 2684 3115 2731 cautum
3151 2681 3512 2745 putaverunt,
3547 2676 3609 2729 ut

2022 2770 2224 2825 omissa
2269 2766 2398 2823 licet
2428 2780 2580 2838 parte
2622 2773 3006 2823 consuetarum
3042 2765 3609 2830 circumstantiarum,

2020 2859 2295 2932 negotium
2328 2868 2506 2913 tamen
2534 2859 2712 2931 ipsum
2743 2857 3087 2921 subsisteret,
3119 2864 3382 2926 quantum
3415 2855 3481 2910 ad
3512 2870 3601 2910 ra-

2022 2959 2132 3004 tam
2179 2952 2565 3004 aucroritatem
2617 2959 2761 3002 esset
2809 2947 2963 3001 satis.
3000 2945 3204 3001 Omnes
3231 2961 3379 3018 ergo,
3410 2953 3610 3017 praeter

2021 3053 2213 3102 unum,
2246 3037 2430 3092 clerici
2462 3052 2686 3107 prorsus
2722 3036 2929 3091 exclusi
2966 3037 3168 3106 templo
3212 3048 3362 3099 sunt,
3390 3037 3518 3092 dum
3551 3037 3607 3090 in

2028 3147 2093 3187 eo
2123 3130 2430 3200 patriarcha
2464 3128 2912 3193 consecrabatur,
2945 3130 3162 3198 quando
3196 3139 3252 3185 et
3283 3129 3604 3184 modestiam

2027 3229 2303 3278 ostentare
2333 3221 2524 3277 miram
2555 3220 2826 3293 logotheta
2868 3221 2984 3290 ipse
3033 3234 3264 3290 magnus
3306 3220 3603 3289 affectavit,

2023 3314 2152 3369 dum
2180 3316 2399 3369 nemine
2418 3314 2542 3368 licet
2566 3312 2697 3370 redis
2726 3327 2897 3368 sacrae
2928 3313 3229 3383 ingressum
3258 3315 3602 3383 prohibente,

2024 3403 2168 3461 ultro
2198 3406 2346 3461 velut
2376 3420 2435 3460 se
2469 3403 2750 3476 indignum
2799 3402 3134 3459 admissione
3187 3405 3239 3458 in
3281 3405 3424 3461 sacri
3468 3421 3605 3462 con-

2026 3497 2308 3552 scientiam
2346 3505 2608 3565 reputans
2637 3502 2789 3549 extra
2825 3493 3015 3565 procul
3052 3494 3224 3557 stetit,
3274 3509 3340 3548 ex
3378 3495 3606 3551 adverso

2028 3586 2216 3657 templi
2251 3585 2372 3642 ostii
2405 3585 2614 3642 foribus
2642 3585 2897 3641 obductis
2929 3587 3134 3652 clausi,
3164 3587 3415 3644 demissis
3438 3588 3605 3644 etiam

2028 3678 2082 3734 in
2118 3684 2317 3732 terram‘
2349 3674 2523 3733 oculis
2555 3687 2610 3732 et
2637 3666 2825 3732 humili
2861 3660 3048 3733 habitu
3080 3680 3236 3749 quasi
3279 3694 3390 3752 prae
3420 3692 3478 3737 se
3525 3678 3609 3737 fe-

2027 3786 2156 3826 rens
2186 3786 2482 3844 agnoscere
2511 3786 2569 3825 se
2606 3771 2729 3841 jure
2760 3771 2936 3825 arceri
2985 3771 3188 3842 quippe
3218 3772 3497 3844 indignum
3542 3789 3607 3829 ac

2029 3864 2337 3934 profanum,
2367 3870 2423 3921 et
2453 3864 2657 3934 justam
2691 3863 3221 3920 animadversiOnem
3249 3864 3378 3921 boni
3408 3881 3608 3921 consu-

2028 3955 2160 4011 lere.
2190 3950 2267 4011 Ne
2291 3954 2384 4027 qui
2417 3964 2600 4011 autem
2633 3956 2689 4010 in
2726 3954 3101 4024 superioribus
3145 3956 3399 4011 vestibuli
3430 3958 3606 4023 odeis,

2029 4065 2151 4119 qure
2179 4046 2602 4104 catcchumenea
2645 4044 2997 4112 vocabantur,
3041 4048 3178 4103 forte
3221 4050 3607 4105 delitescentes

2033 4142 2251 4197 furtivis
2280 4142 2435 4197 illinc
2454 4140 2763 4198 delibarent
2801 4140 3092 4195 obtutunm
3121 4142 3466 4209 conjectibus
3488 4155 3609 4211 qua:

2035 4245 2165 4290 tunc
2193 4234 2245 4289 in
2282 4232 2482 4303 templo
2516 4233 2872 4305 gerebantur,
2918 4231 3147 4285 aderant
3192 4236 3285 4300 qui
3328 4233 3429 4287 hoc
3459 4243 3610 4287 veta-

2034 4335 2155 4380 rent
2181 4325 2549 4394 speculatores
2586 4323 2659 4377 ibi
2684 4309 2867 4385 locati.
2892 4320 3170 4376 nemiuem
3196 4329 3292 4392 per
3311 4331 3489 4377 crates
3515 4334 3612 4378 aut

2035 4416 2302 4473 fenestras
2330 4410 2437 4489 4⁵7
2465 4418 2752 4472 demittere
2789 4414 2979 4470 oculos
3024 4414 3078 4469 in
3109 4415 3401 4471 coclesiam‘
3426 4416 3611 4472 sinen-

326 4522 596 4587 servatio,
645 4521 846 4589 quippe
892 4520 1052 4590 cujus
1092 4516 1497 4572 accuratissima
1533 4514 1810 4585 diligentia
1854 4528 1922 4568 ne
1954 4501 2004 4567 D
2033 4519 2148 4578 tes;
2180 4519 2239 4565 ut
2264 4524 2402 4581 quos
2433 4507 2685 4564 videlicet
2715 4509 2767 4562 in
2796 4507 2971 4565 oiiieio
2998 4516 3318 4577 Spontaueae
3347 4525 3375 4562 a
3417 4511 3606 4574 sacris,

328 4616 383 4668 id
417 4613 640 4683 quidem
671 4620 904 4676 teneret,
938 4614 1057 4666 sine
1082 4625 1189 4678 quo
1221 4609 1374 4662 irrita
1402 4608 1528 4675 jure
1561 4605 1770 4660 censeri
1798 4620 1923 4675 pos-

328 4714 439 4766 ειιι,
474 4719 639 4772 quam
696 4701 1078 4764 moliebantur,
1133 4699 1427 4753 ordinatio.
1469 4696 1688 4751 illorum
1739 4705 1920 4747 autem

328 4797 598 4852 obnixum
628 4793 867 4848 studium
901 4792 970 4847 ad
999 4806 1120 4847 eum
1151 4806 1376 4861 scopum
1414 4787 1690 4851 tendebat,
1724 4797 1784 4841 ut
1817 4786 1925 4841 cle-

329 4889 434 4941 rici
471 4894 792 4941 arcerentur
819 4901 851 4939 a
885 4900 1039 4940 sacra
1072 4884 1159 4940 illa
1186 4882 1530 4948 caeremonia,
1560 4897 1622 4934 ac
1649 4886 1718 4936 ne
1749 4881 1926 4950 quivis

333 4975 583 5038 illorum,
614 4982 1052 5043 quantacunque
1107 4970 1304 5042 alioqui
1354 4971 1653 5043 dignitatis,
1692 4972 1774 5024 vel
1807 4971 1925 5025 visu

332 5063 531 5135 procul
564 5079 827 5132 usurpare
846 5063 1140 5133 quidquam
1168 5079 1229 5118 ea
1252 5062 1541 5118 occasione
1561 5062 1925 5133 gerendorum

330 5164 546 5226 posset.
600 5136 788 5223 Coegit
842 5162 1025 5207 tamen
1060 5169 1156 5209 eos
1199 5168 1349 5207 mera
1390 5153 1691 5223 necessitas
1731 5151 1929 5206 defun-

330 5249 496 5318 gcndx
551 5256 827 5314 utcunque
863 5245 1153 5301 ministerii
1203 5246 1463 5301 adhibere
1509 5260 1678 5299 unum
1732 5244 1925 5299 saltem

332 5335 576 5409 aliquem
626 5356 656 5394 e
688 5341 836 5393 clero
886 5354 1114 5409 gnarum
1157 5339 1364 5393 ordinis
1414 5352 1716 5401 sacrorum,
1774 5335 1930 5405 cujus

333 5433 506 5488 ductu
558 5434 959 5500 admonituqne
1016 5438 1356 5500 regerentur,
1411 5427 1714 5499 praesertim
1764 5427 1817 5480 in
1866 5441 1928 5479 ea

336 5535 493 5597 parte
515 5540 639 5595 qua:
673 5525 949 5593 prtecipna
977 5520 1366 5592 primariaque,
1391 5519 1486 5574 sed
1510 5517 1695 5589 eadem
1719 5514 1932 5570 arcanis

337 5630 394 5674 et
425 5620 683 5688 perplexe
711 5615 1112 5684 multiplicibus
1138 5622 1398 5669 constans
1431 5608 1626 5667 ritibus
1647 5611 1787 5665 intra
1815 5608 1929 5680 ipsa

337 5720 563 5782 penitus
597 5716 782 5780 agitur
817 5709 1000 5779 adyta.
1034 5706 1400 5762 Adscivernnt
1436 5702 1599 5776 igitur
1645 5703 1932 5758 ecclesiar—

339 5803 523 5863 chum,
556 5805 647 5873 qui
679 5802 881 5871 partim
920 5798 1036 5868 ipse
1066 5797 1286 5861 iaceret,
1322 5798 1517 5866 partim
1560 5795 1692 5865 ipsis
1743 5809 1933 5862 sugge-

2029 4602 2228 4672 quibus
2264 4608 2421 4657 erant
2451 4600 2686 4672 indigni,
2720 4601 2980 4656 absentia:
3012 4616 3123 4654 non
3156 4601 3466 4657 contineret
3496 4614 3609 4657 sum

2029 4695 2270 4763 ipsorum
2323 4694 2565 4749 modeSta
2621 4693 2891 4763 reputatio
2975 4690 3116 4747 labis
3169 4702 3249 4759 et
3286 4694 3610 4748 verecundia

2029 4785 2360 4856 poenitentes
2418 4785 2617 4840 decens
2655 4827 2670 4850 ,
2735 4798 2829 4840 eos
2891 4785 3232 4840 denuntiatio
3298 4784 3609 4848 wstodum',

2029 4883 2084 4931 et
2157 4874 2263 4930 nisi
2339 4878 2614 4939 audirent,
2707 4878 2791 4932 vis
2848 4877 3037 4947 utique
3116 4872 3363 4932 addenda
3422 4877 3611 4946 prohi-

2034 4968 2186 5022 beret
2276 4983 2303 5019 a
2369 4966 2705 5021 lemerandis
2780 4968 2999 5037 procaci
3101 4977 3326 5035 aspectu
3404 4969 3610 5031 sacris;

2033 5056 2088 5109 in
2155 5071 2390 5127 quorum
2450 5057 2867 5126 usurpationem
2932 5059 3241 5129 irrumpere
3311 5059 3455 5113 haud
3512 5074 3613 5128 par

2035 5144 2183 5199 fasve
2222 5156 2368 5202 esset
2427 5158 2585 5202 noxa}
2633 5148 2922 5218 inexpiatac
2980 5150 3083 5204 sibi
3151 5153 3443 5213 censcios,
3476 5166 3614 5220 prae-

2034 5242 2225 5294 sertim
2262 5240 2517 5310 exemplo
2545 5241 2856 5295 admOnito‘s
2878 5240 3108 5297 aliorum
3160 5243 3307 5312 paris
3365 5243 3610 5297 afﬁnium

2037 5332 2256 5404 piaculi,
2288 5348 2425 5403 quos
2453 5334 2707 5389 viderent
2736 5347 2892 5404 aequo
2915 5337 3102 5389 animo
3159 5335 3303 5390 ferre
3333 5337 3417 5391 sui
3449 5338 3517 5390 ab
3547 5337 3613 5390 iis

2034 5426 2423 5482 exclusionem.
2465 5424 2566 5480 Ubi
2591 5436 2723 5481 Vere
2753 5434 3034 5495 peractum
3073 5428 3389 5499 mysterium
3448 5438 3532 5483 est
3561 5438 3613 5482 et

2035 5533 2190 5572 sacra
2222 5519 2376 5588 pyxis
2411 5518 2660 5573 ecclesia:
2696 5518 2870 5572 tribus
2900 5524 2987 5573 est
3041 5518 3494 5588 praeconsecrntis
3525 5519 3614 5572 in-

2036 5617 2240 5664 structa
2277 5608 2530 5678 panibus,
2566 5616 2702 5679 quot
2733 5608 2803 5663 ad
2834 5618 2949 5665 tres
2989 5610 3344 5665 hebdomadre
3391 5611 3613 5681 majoris

2037 5699 2175 5763 dies,
2217 5698 2417 5768 quibus
2443 5698 2661 5752 nonnisi
2702 5706 2765 5753 ex
2791 5696 3258 5768 prtesanetitlcatis
3311 5712 3466 5752 sacra
3499 5696 3613 5752 ileri

2040 5788 2120 5846 ias
2154 5800 2256 5858 est,
2289 5800 2446 5845 erant
2476 5805 2540 5845 ex
2578 5799 2799 5859 recepto
2833 5804 2930 5844 esu
2960 5789 3276 5856 necessarii,
3308 5790 3612 5859 patriarcha
