4094 6410
483 303 554 365 55
1690 307 2017 367 GEORGII
2061 307 2542 368 PACIIYMEILE
2954 356 2963 361 .
3663 312 3732 376 56

479 420 572 468 καὶ
595 414 662 466 τὰ
687 415 825 470 αὖτᾶ
859 418 1229 488 διεπράττετο.
1269 419 1358 483 Ὠς
1407 419 1452 472 δ’
1508 420 1540 487 ἡ
1584 418 1816 489 τετάρτη
1872 420 2051 489 παρῆν
2078 424 2126 481 Α
2154 419 2501 488 κλασμάτων.
2532 421 2559 473 δ
2595 422 2657 492 δὴ
2691 423 2782 476 καὶ
2813 423 3054 492 γνωσθὲν
3079 423 3305 495 ὕστερον
3331 423 3428 477 οὐκ
3452 420 3597 493 εἶχον
3624 426 3650 477 ὃ
3688 442 3737 479 τι

477 511 571 562 καὶ
600 511 702 580 ἤδη
738 514 1037 581 συγχωρεῖν
1074 511 1296 581 ἔμελλον
1316 510 1516 579 σφίσιν,
1550 514 1670 564 ἐπεὶ
1700 513 1798 565 οὐκ
1821 505 1888 580 ἦν
1913 527 2053 579 συμ-

477 604 674 669 φωνεῖν
712 601 953 664 ἐκείνους
984 604 1075 654 ἐπὶ
1104 604 1215 663 τοῖς
1239 603 1476 668 δόξασιν,
1511 602 1624 655 ἀλλ’
1680 603 2054 671 ἀμφεγνωμό-

356 728 379 741 .-
474 711 600 746 νουν
628 694 720 745 ἐπὶ
753 694 909 754 πολὺ,
942 695 1015 755 ὡς
1046 695 1135 747 καὶ
1160 694 1452 765 παρελθεῖν
1507 695 1606 766 τὴν
1652 695 1747 763 τῆς
1787 709 2054 763 προηγια-

476 786 680 854 σμένης
709 786 930 855 τελετῆς
964 786 1132 856 ὥραν,
1172 788 1325 855 μόλις
1357 789 1651 857 στήσαντες
1699 786 1786 855 éq‘
1817 787 2054 854 ἑκάτερα

474 875 631 944 ὄχλον
676 876 856 939 ἄλλως
909 876 1002 929 καὶ
1050 878 1251 947 πλῆθος
1278 878 1465 931 δοκοῦν
1515 881 1572 930 ἐν
1608 878 1874 947 ζηλωταῖς
1907 877 2054 947 ἀριθ-

478 969 720 1033 μεῖσθαι,
756 969 918 1038 μέσον
949 970 1169 1022 ἐκείνων
1236 972 1383 1040 παρὰ
1426 970 1625 1041 θάτερα
1677 970 1783 1023 τῶν
1838 971 2053 1037 ὡραίων

476 1057 738 1112 πυλώνων
769 1062 1027 1130 παρεῖχον
1062 1062 1186 1125 τοὺς
1246 1065 1345 1131 τῆς
1382 1062 1707 1128 Ἑκκλησίας
1771 1062 2052 1130 διερχομέ-

475 1166 599 1212 νους
623 1153 985 1220 προσπίπτειν
1016 1154 1109 1206 καὶ
1151 1154 1480 1223 συγγνώμην
1526 1157 1696 1207 αἰτεῖν
1746 1155 1838 1206 καὶ
1884 1153 2054 1215 οὕτως

476 1239 664 1304 ἀξίους
684 1240 998 1311 νομίζεσθαι
1030 1242 1130 1314 τῆς
1166 1246 1693 1313 συνεκκλησιάσεως.
1720 1246 1875 1315 ’Ᾱμα
1922 1247 2053 1314 γοῦν

476 1336 544 1386 τὰ
562 1334 670 1389 τῶν
696 1336 967 1408 ἐσπερίων
994 1338 1178 1408 ὓμνων
1202 1339 1304 1392 ὑπὸ
1330 1340 1507 1409 σκότῳ
1531 1339 1868 1402 τελέσαντες.
1891 1357 2054 1409 παρι-

474 1423 655 1488 δόντες
685 1425 785 1496 τὴν
816 1426 1176 1496 λειτουργίαν,
1210 1429 1310 1482 οὐκ
1337 1425 1451 1482 οἶδα
1495 1430 1583 1483 διὰ
1604 1430 1695 1482 τὸν
1743 1429 1933 1498 καιρὸν
1977 1431 2052 1499 μὴ

477 1516 823 1585 ἐκχωροῦντα
854 1518 887 1589 ἦ
918 1519 1119 1588 μᾶλλον
1146 1520 1234 1573 διὰ
1259 1521 1319 1573 τὸ
1351 1521 1427 1590 μὴ
1458 1520 1699 1576 δικαιοῦν
1724 1520 1788 1593 [Ρ
1820 1518 1914 1592 28]
1974 1521 2054 1575 ἔτι

477 1608 802 1679 ἁγιασθῆναι
841 1612 962 1676 τοὺς
984 1612 1433 1683 συγχωρηθέντας
1458 1613 1533 1682 τῷ
1574 1612 1705 1684 ίερῷ
1755 1614 2049 1683 κλάσματι,

478 1696 552 1758 ὼς
580 1697 613 1767 ἡ
642 1698 900 1770 ὑστεραία
939 1700 1158 1767 ἔδειξεν,
1183 1702 1270 1755 ἐπ’
1318 1704 1465 1756 οἴκου
1505 1703 1771 1756 ἀπελύετο
1806 1703 2051 1764 ἕκαστος.

2158 507 2217 570 ἐξ
2243 508 2548 580 ὑπερτέρας
2575 514 2728 575 ἀνίας
2753 515 2846 566 καὶ
2878 516 3139 581 γένοιντο.
3167 516 3359 585 Ὅμως
3387 514 3444 569 δὲ
3492 515 3628 584 πρὸς
3674 516 3742 568 τὰ

2156 599 2377 662 ἐσαῦθις
2408 602 2737 672 ἐλπιζόμενα
2760 606 2936 658 οἰστὸν
2977 608 3200 658 κάκεῖνο
3252 606 3444 671 ἐδόκει,
3498 605 3594 659 καὶ
3642 606 3737 674 φέ-

2156 705 2341 759 ροντες
2364 693 2433 744 τὰ
2453 694 2562 746 τῶν
2586 697 2767 748 κακῶν
2818 698 3161 767 προσεδόκων
3222 698 3410 767 μείζω,
3466 697 3527 750 οὗ
3587 698 3743 750 τόσον

2154 784 2266 842 τοῖς
2293 782 2527 852 παροῦσι
2559 785 2649 838 διὰ
2681 786 2779 858 τὴν
2815 792 3009 858 πεῖραν
3031 790 3152 842 ὅσον
3178 790 3291 851 τοῖς
3351 788 3742 859 προσδοκωμέ-

2155 885 2264 932 νοις
2292 870 2379 924 διὰ
2410 874 2510 945 τὴν
2541 875 2731 929 ἐλπίδα
2774 877 3146 948 ὲξανιὼμενοι.
3208 880 3282 932 Τὸ
3304 880 3415 948 γὰρ
3444 878 3619 947 παρὸν
3652 880 3746 931 λυ-

2155 960 2598 1027 πηρθλννέπιστὰν
2637 967 2951 1037 ἀνθρώποις
2994 970 3155 1040 φύσιν
3182 972 3363 1041 ἔχουσι
3416 971 3602 1041 φέρειν
3647 970 3742 1023 καὶ

2152 1050 2223 1102 τὰ
2244 1053 2560 1122 ἁνύποιστα,
2603 1058 2763 1113 λυπεῖ
2793 1061 2892 1130 μὲν
2920 1062 2996 1127 ὡς
3020 1063 3163 1126 είκδς
3203 1066 3296 1117 καὶ
3324 1065 3452 1134 ἀνιᾷ
3484 1065 3573 1116 τὸν
3625 1079 3745 1114 πει-

2155 1141 2427 1210 ρασθέντα
2474 1148 2582 1200 τῶν
2619 1149 2917 1221 δυσχερῶν,
2972 1157 3035 1223 τῇ
3087 1154 3143 1207 δὲ
3201 1155 3348 1222 παρᾶ
3379 1155 3487 1206 τῶν
3535 1152 3745 1205 πολλῶν

2156 1232 2479 1305 παραμυθίᾳ
2543 1236 2835 1293 ἐκλύεσθαι
2907 1243 3199 1311 πέφυκεν·
3266 1243 3623 1312 ἐλπιζόμενον
3684 1240 3741 1293 δὲ

2152 1317 2494 1376 δυσδιάθετον
2552 1325 2651 1396 τὴν
2710 1331 2966 1399 φροντίδα
3005 1332 3084 1401 τῷ
3134 1333 3445 1402 πεισομένῳ
3488 1330 3738 1400 παρέχει·

2134 1406 2320 1491 ’Ταῦτ’
2371 1415 2479 1484 ἄρα
2519 1418 2789 1485 κάκείνοις
2837 1422 2899 1475 τὸ
2942 1425 3115 1495 παρὸν
3144 1424 3253 1477 τῶν
3283 1425 3467 1477 κακῶν
3520 1424 3593 1486 ὡς
3620 1425 3747 1492 ἐνῆν

2154 1502 2381 1570 φέρουσι
2442 1508 2619 1579 δεινὴν
2674 1511 2863 1567 ἐλπίδα
2911 1517 2969 1568 τὸ
3028 1517 3452 1573 ἐπελευσόμενον
3496 1512 3617 1587 ἦγε,
3650 1518 3743 1569 καὶ

2154 1594 2330 1646 οἰστὸν
2354 1596 2525 1651 ἐδόκει
2551 1603 2612 1653 τὸ
2640 1603 2866 1657 ἐπιστὰν
2894 1610 3029 1677 προς
3060 1608 3159 1677 τὴν
3185 1608 3373 1660 ἐλπίδα
3398 1606 3491 1659 τοῦ
3526 1607 3746 1676 μέλλον-

2154 1697 2244 1745 τος
2274 1683 2542 1757 λυπηροῦ.
2572 1687 2681 1745 Ἦν
2715 1697 2907 1761 ταῦτα,
2947 1699 3041 1751 καὶ
3090 1702 3120 1768 ἡ
3166 1699 3329 1765 κυρία
3385 1700 3583 1767 ἐπέστη
3636 1700 3744 1752 τῶν

489 1787 578 1849 Ὡς
601 1762 670 1842 ἰδὲ
709 1762 803 1860 τῆξ
834 1791 982 1861 “Pa:
1011 1762 1103 1846 ³(άῖ
1136 1762 1380 1865 ίιεγάλης
1425 1795 1685 1866 πέμπτης
1743 1796 1976 1848 ἐτελεῖτο
2013 1762 2054 1863 -ἡ
2088 1762 2127 1815 Β
2157 1771 2383 1843 έθρτῶν,
2420 1781 2542 1833 καθ’
2570 1782 2636 1853 ἣν
2672 1785 2779 1838 ἔδει
2814 1788 2908 1841 καλ⁸
2957 1762 3262 1843 συνδεῖσθαίι
3284 1793 3408 1852 τοὺς
3460 1762 3583 1853 τῆς,
3617 1791 3747 1843 Ἑκ-

479 1875 788 1948 λειτουργὶα
818 1883 910 1935 καὶ
934 1884 1087 1936 αὐτοὶ
1120 1885 1513 1955 συμπαρῆσαν,
1569 1886 1768 1938 ἐκεῖνοι
1818 1884 2060 1946 θέλοντες

482 1971 632 2039 σφίσι
657 1973 1128 2042 παραλογίσασθαι
1153 1976 1241 2028 τὸν
1260 1978 1554 2046 άγιασμὸν,
1585 1975 1898 2045 πέμψαντες
1930 1991 2061 2044 κρυ-

479 2063 647 2133 φηδῦν
669 2064 726 2131 ἐξ
748 2066 953 2135 ἀγορᾶς
980 2066 1353 2137 λαμϐάνουσιν
1375 2068 1561 2137 ἄρτον,
1613 2071 1709 2122 καὶ
1762 2068 2059 2128 κλάσαντες

479 2154 559 2221 εἰς
598 2154 772 2212 λεπτὰ
832 2156 996 2228 μηδὲν
1029 2157 1192 2214 εἰδόσι
1243 2158 1547 2230 μετεδίδουν
1582 2157 1657 2222 ὼς
1697 2157 1845 2229 ἱεροῦ
1892 2159 2057 2229 ἄρτον

483 2417 708 2487 quidem
737 2418 803 2472 ad
835 2418 1217 2489 imperatorem
1250 2431 1397 2475 recta
1423 2421 1551 2477 inde
1577 2436 1636 2477 se
1664 2423 1918 2487 contulit,
1969 2441 2058 2481 ce-

482 2510 797 2589 lebraturus
822 2529 945 2567 cum
982 2528 1048 2568 co
1078 2514 1146 2568 de
1198 2530 1348 2568 more
1386 2515 1605 2570 festum.
1648 2518 1714 2571 At
1746 2518 1932 2572 clerici
1976 2519 2058 2572 ni-

480 2603 782 2659 hilominus
820 2604 995 2660 sacris
1026 2606 1324 2676 synaxibus
1346 2608 1779 2662 excludebantur
1818 2623 1848 2662 a
1896 2609 2054 2663 nihili

478 2697 809 2754 ducentibus
845 2700 1161 2755 sanctiones
1189 2698 1416 2770 Josephi
1474 2700 1797 2770 patriarcha:
1836 2702 2051 2770 nuperi,

478 2799 759 2861 utcunque
783 2800 838 2847 et
867 2792 1016 2862 ipsas
1044 2809 1329 2862 pmnarum
1352 2793 1844 2849 ecclesiasticarum
1867 2795 2053 2863 injun-

475 2883 658 2941 ctione
702 2883 961 2940 ﬁrmatas.
1012 2886 1193 2940 Illuxit
1231 2886 1469 2941 secunda
1516 2885 1868 2941 hebdomada:
1916 2887 2051 2953 dies,

481 2976 740 3044 quaitcm
800 2974 1167 3031 familiaribus
1215 2976 1342 3030 novi
1377 2976 1701 3045 patriarcha:
1756 2980 2056 3047 permissus

476 3068 758 3138 ingressus
789 3068 843 3121 in
877 3068 1140 3139 templum
1173 3078 1278 3133 est,
1309 3068 1523 3123 clericis
1553 3085 1685 3125 vero
1725 3069 2051 3139 prohibitus.

480 3161 815 3231 Supervenit
864 3170 922 3217 et
986 3162 1166 3223 tertia,
1221 3175 1326 3230 qua
1390 3170 1447 3216 et
1494 3160 1609 3230 ipsa
1681 3161 1932 3216 similiter
1975 3170 2058 3217 est

480 3262 683 3308 actum.
729 3253 804 3310 Ut
854 3268 983 3311 vero
1010 3261 1200 3322 quarta
1236 3252 1354 3308 dies
1377 3250 1577 3318 adfuit,
1608 3267 1715 3322 qua
1747 3252 2058 3309 decrevisse

477 3346 804 3401 videbantur
833 3346 1122 3401 remittere
1150 3345 1259 3412 jam
1282 3344 1504 3399 clericis
1530 3344 1804 3399 interdicti
1837 3359 2057 3413 pariam

480 3454 581 3493 nec
612 3454 709 3493 eos
736 3438 806 3492 de
855 3448 1057 3493 cartero
1089 3439 1263 3494 sacris
1314 3453 1506 3492 arcere
1538 3454 1550 3489 :
1585 3453 1776 3493 verum
1834 3438 1901 3493 ad
1953 3438 2059 3491 hoc

478 3529 637 3602 prius
663 3528 733 3583 ab
766 3528 902 3598 ipsis
922 3528 1218 3598 exigebant
1261 3538 1473 3584 certum
1504 3544 1788 3585 assensum
1820 3530 1887 3583 ad
1915 3545 2059 3597 quae-

484 3620 767 3690 damipsis
797 3620 1015 3689 placita,
1065 3635 1227 3691 quem
1254 3637 1379 3677 cum
1432 3621 1679 3691 plerique
1737 3621 2058 3676 clericorum

484 3727 596 3768 non
623 3711 806 3766 statim
828 3711 1172 3782 expedirent,
1203 3713 1299 3768 sed
1335 3712 1750 3769 deliberabundi
1785 3722 2062 3767 verentes-

481 3819 589 3875 que
613 3803 1014 3867 consultarent,
1066 3803 1287 3873 quidam
1329 3803 1493 3858 etiam
1534 3804 1681 3859 clare
1728 3804 2056 3867 abnuerent,

482 3899 539 3953 in
571 3898 658 3953 his
698 3896 1155 3953 altercationibus
1189 3897 1322 3953 hora
1369 3897 1611 3969 legitima
1659 3899 1798 3953 sacri
1829 3914 1894 3952 ex
1923 3914 2062 3967 prae-

483 3990 841 4049 sanctiﬁcatis
875 3989 969 4044 tali
998 3988 1086 4044 die
1126 3988 1388 4044 celebrari
1422 3988 1566 4043 soliti
1597 3989 1883 4060 praeteriit.
1928 3991 2063 4044 Sero

485 4085 731 4150 tandem,
790 4098 848 4137 re
877 4083 934 4137 in
983 4081 1401 4138 conventionem
1428 4081 1657 4137 adducta
1706 4083 2063 4152 qualemcun-

484 4191 612 4245 que,
641 4174 926 4246 dispositis
961 4187 1159 4244 magno
1188 4186 1421 4226 numero
1449 4171 1506 4226 in
1542 4172 1821 4243 duplicem
1861 4174 2059 4229 seriem

485 4269 813 4323 altrinsecus
847 4282 878 4321 a
925 4265 1139 4321 dextris
1168 4274 1225 4320 et
1250 4265 1494 4321 sinistris
1516 4275 1688 4335 portae
1710 4266 1974 4336 speciosae
1997 4266 2063 4321 iis

486 4379 517 4418 e
544 4363 748 4433 populo
778 4361 883 4418 sibi
916 4361 1178 4425 obnoxio,
1224 4360 1318 4431 qui
1361 4361 1477 4416 zelo
1518 4360 1713 4430 majori
1755 4376 1915 4416 sensa
1971 4362 2065 4415 dc-

2168 1868 2417 1939 κλησὶας.
2447 1872 2804 1944 Χριστιανούς
2832 1897 2895 1949 γε
2934 1882 3114 1947 ὄντας,
3178 1883 3397 1952 ἀγάπης
3454 1883 3744 1952 φιλήματι.

2169 1963 2277 2016 Καὶ
2306 1964 2370 2036 δὴ
2388 1972 2819 2037 προσεκαλοῦντο
2850 1976 2948 2045 μὲν
2980 1978 3279 2048 ἀρχιερεῖς,
3312 1976 3748 2047 προσεκαλοῦντο

2165 2053 2221 2107 δὲ
2252 2056 2520 2128 κληρικοὶ,
2546 2064 2639 2115 καὶ
2667 2068 2765 2132 τῆς
2793 2068 2885 2121 ἐπὶ
2911 2071 2977 2139 τῇ
3009 2068 3197 2140 πρώτῃ
3244 2071 3335 2122 καὶ
3362 2071 3529 2139 κυρίᾳ
3558 2068 3743 2120 δευτέ-

2167 2164 2265 2216 ρας
2315 2154 2671 2223 συναχθέντες
2720 2156 2837 2228 ἅμα
2895 2161 3192 2232 φιλήμασιν
3249 2162 3445 2230 ἁγίοις,
3490 2161 3565 2222 ὼς
3614 2159 3649 2229 ἠ
3683 2174 3741 2212 τε

2163 2419 2299 2473 Cum
2370 2436 2500 2476 veru
2548 2423 2666 2477 lucc
2722 2432 2936 2493 postera
3013 2424 3256 2478 solemne
3310 2440 3525 2479 sacrum
3593 2422 3744 2477 feriae

2164 2511 2371 2579 quintae
2402 2511 2759 2568 hebdomada:
2791 2515 3013 2584 majoris
3048 2515 3443 2579 celebraretur,
3497 2530 3744 2583 praesen-

2168 2602 2445 2673 tibusjam
2485 2606 2724 2666 cunctis.
2757 2607 2959 2677 quippe
2984 2608 3104 2662 sine
3138 2608 3459 2663 discrimine
3484 2608 3745 2662 admissis

2164 2695 2462 2761 universis,
2490 2698 2584 2767 qui
2639 2701 2714 2752 rei
2741 2711 3027 2768 praeerant,
3056 2701 3305 2755 frustrari
3348 2702 3743 2755 communione

2162 2790 2546 2845 reconciliatos
2593 2791 2769 2860 pridie
2802 2792 2921 2847 sine
2954 2794 3195 2861 ipsorum
3252 2808 3440 2856 sensu,
3492 2792 3638 2862 quod
3665 2792 3738 2845 ita
3794 2856 3807 2863 -

2161 2882 2545 2945 decreverant,
2592 2885 2897 2947 studentes,
2928 2902 3121 2956 panem
3150 2906 3180 2940 e
3204 2885 3324 2940 foro
3344 2886 3483 2940 clam
3514 2885 3738 2939 allatum

2160 2984 2216 3028 et
2250 2983 2461 3029 sectum
2503 2976 2557 3029 in
2611 2977 2842 3031 frustula
2905 2980 2975 3031 iis
3024 2978 3227 3047 ignaris
3284 2988 3539 3046 tanquam
3597 2977 3739 3031 sacri

2161 3069 2317 3136 panis
2341 3068 2635 3136 particulas
2674 3068 3098 3124 distribuerunt.
3158 3069 3314 3136 Quod
3346 3087 3469 3125 cum
3529 3070 3606 3125 illi
3645 3071 3743 3124 de-

2163 3158 2291 3213 inde
2328 3159 2706 3225 rescivissent,
2739 3162 2980 3216 immane
3006 3172 3273 3231 quantum
3310 3163 3571 3234 indignati
3609 3162 3745 3216 elle-

2160 3251 2374 3321 ratique
2413 3261 2564 3307 sunt.
2595 3252 2797 3308 Verum
2853 3254 2926 3309 ita
2982 3254 3035 3308 in
3084 3256 3297 3309 ruinam
3350 3271 3435 3309 res
3498 3256 3742 3324 ipsorum

2161 3341 2573 3407 incumbebant,
2622 3353 2683 3398 ut
2715 3345 3095 3414 reputantibus
3125 3347 3256 3415 quid
3288 3345 3660 3399 verisimiliter
3684 3345 3739 3400 in

2158 3444 2438 3503 posterum
2471 3435 2746 3501 timerent,
2780 3437 3087 3492 tolerabilia
3139 3436 3442 3492 existimari
3498 3452 3741 3505 prmsen-

2162 3526 2237 3579 tia
2285 3534 2563 3597 utcunque
2635 3528 2989 3583 acerbissima
3062 3543 3164 3597 par
3215 3539 3381 3583 esset.
3466 3525 3743 3581 Ferebant

2161 3616 2325 3690 igitur
2373 3628 2431 3673 ut
2466 3628 2742 3688 poterant,
2799 3629 2857 3674 ct
2906 3619 3178 3674 durabant
3217 3635 3275 3673 se
3314 3620 3380 3675 ad
3422 3619 3740 3689 patientiam

2162 3712 2503 3781 graviorum,
2540 3711 2723 3765 acrius
2754 3712 3040 3781 inquietati
3082 3711 3377 3766 formidine
3416 3712 3744 3778 impenden-

2163 3804 2299 3857 tium
2336 3803 2806 3858 incommodorum
2837 3819 2998 3872 quam
3033 3819 3197 3859 sensu
3229 3804 3739 3874 jamappulsorum.

2163 3892 2296 3948 Nam
2342 3894 2541 3948 malum
2571 3895 2827 3964 praesenti
2862 3894 2910 3949 vi
2960 3910 3210 3965 pungcns
3262 3896 3513 3950 homines
3544 3905 3743 3950 natura

2163 3987 2443 4056 expositos
2474 3982 2716 4040 incursui
2753 3986 2912 4053 longe
2943 3988 3119 4055 magis
3153 3988 3421 4042 atrocium
3473 3988 3742 4041 malorum

2164 4078 2452 4133 contristat
2478 4078 2696 4146 quidem
2750 4086 2806 4131 et
2836 4078 3042 4132 cruciat
3074 4094 3173 4147 pro
3225 4078 3546 4132 conditione
3589 4093 3738 4130 mor-

2165 4168 2395 4224 talitatis
2435 4169 2485 4222 ei
2534 4168 2840 4237 subjectum
2900 4176 3085 4236 caput,
3147 4184 3255 4223 non
3298 4177 3479 4222 tamen
3515 4168 3633 4223 sine
3664 4168 3748 4222 lc-

2169 4270 2425 4314 vamcnto
2448 4260 2845 4314 consolationis
2889 4260 3009 4328 ejus
3043 4275 3162 4327 qua:
3193 4274 3256 4313 ex
3291 4259 3570 4313 consortio
3603 4260 3747 4312 mul-

2169 4363 2348 4407 torum
2382 4353 2531 4422 paria
2568 4353 2919 4408 tolerantium
2952 4352 3136 4407 oﬂerri
3158 4353 3375 4406 miseris
3416 4354 3592 4407 solet:
3623 4370 3747 4420 quae

487 4463 754 4522 cretaque
788 4453 1030 4522 ipsorum
1067 4452 1322 4522 amplecti
1364 4453 1720 4522 putabantur,
1777 4451 2066 4522 patefactis
2099 4459 2143 4514 ι)
2172 4455 2352 4501 autem
2391 4444 2684 4499 imminere
2729 4445 2785 4497 in
2814 4454 3093 4513 posterum
3144 4444 3430 4499 calamitas
3478 4445 3744 4507 creditur,

488 4545 700 4602 [oribus
721 4545 1073 4614 praebuerunt
1100 4544 1307 4601 aditum
1337 4554 1488 4600 extra
1515 4544 1806 4610 stantibus,
1841 4562 1963 4599 cum
1998 4561 2064 4599 co

490 4647 551 4694 ιιι
592 4637 646 4691 in
675 4636 865 4693 limine
896 4636 1245 4706 procidcntes
1272 4636 1489 4692 veniam
1517 4650 1831 4707 poscerent,
1874 4639 2065 4708 sicque

489 4730 638 4801 digni
673 4728 933 4798 deinceps
972 4727 1085 4800 48
1113 4729 1446 4785 admissione
1502 4730 1556 4785 in
1587 4746 1821 4801 synaxes
1845 4731 2063 4801 judica-

490 4830 706 4878 rentur.
746 4822 882 4877 Dum
915 4822 1031 4875 haec
1047 4822 1262 4884 tierent,
1301 4822 1489 4892 hymni
1528 4824 1828 4893 vespertini
1861 4824 2063 4876 decan-

490 4916 769 4979 tabantur,
812 4914 1012 4983 quibus
1033 4914 1314 4979 absolutis,
1348 4915 1635 4969 nocturnis
1655 4915 1767 4983 jam
1801 4913 2062 4978 tenebris,

489 5006 712 5061 dimissa
778 5004 1009 5063 ecclesia
1082 5018 1188 5070 cst,
1241 5020 1393 5059 sacra
1447 5005 1687 5075 liturgia,
1739 5020 1860 5073 qua:
1912 5005 2063 5073 ῇιιλιλ

491 5103 773 5164 receptum
826 5096 988 5148 ritum
1019 5110 1079 5148 ea
1117 5094 1206 5148 die
1244 5092 1365 5147 lieri
1422 5093 1712 5153 debuerat,
1772 5090 2063 5159 praeterita,

494 5188 637 5245 haud
670 5187 784 5241 scio
821 5202 888 5240 an
924 5187 1067 5255 quod
1093 5187 1210 5256 ejus
1246 5185 1404 5249 hora,
1435 5194 1495 5238 ut
1528 5184 1662 5249 dixi,
1696 5182 2063 5251 essetelapsa,

494 5298 563 5336 an
595 5280 798 5351 potius,
863 5278 1010 5347 quod
1045 5279 1136 5348 qui
1177 5278 1338 5332 modo
1377 5277 1431 5331 in
1466 5275 1729 5344 templum
1789 5275 2065 5329 introduci

495 5382 801 5443 ceperant,
832 5371 1074 5429 nondum
1109 5370 1241 5425 satis
1276 5368 1492 5438 purgati
1548 5367 1786 5435 antiquis
1836 5367 2066 5436 piaculis

496 5466 838 5531 viderentur,
909 5473 968 5519 ut
1024 5478 1183 5517 sacro
1248 5461 1553 5530 fragmento
1613 5459 2063 5528 impcrtirentur;

492 5573 656 5626 quam
714 5557 961 5610 ultimam
1021 5554 1394 5622 suspicionem
1452 5551 1725 5605 veriorem
1768 5554 1963 5606 astruit
2010 5555 2065 5609 id

488 5651 634 5718 quod
671 5650 932 5718 postridie
964 5656 1146 5700 actum
1188 5654 1293 5700 est.
1342 5643 1514 5713 Igitur
1538 5654 1667 5698 tunc
1698 5645 1917 5713 quidem
1951 5662 2065 5700 0m—

487 5755 584 5798 tics
621 5743 674 5797 in
731 5743 877 5797 hunc
908 5739 1129 5795 modum
1173 5738 1239 5792 ad
1271 5752 1369 5791 sua
1400 5737 1630 5812 quisque
1683 5747 2052 5796 recesserunt.

2171 4540 2368 4594 acriori
2396 4538 2509 4592 fere
2556 4553 2687 4593 cura
2718 4544 2774 4592 et
2826 4537 3031 4591 nullius
3083 4544 3383 4606 temperato
3418 4537 3749 4592 admistian

2172 4631 2353 4687 solatii
2386 4630 2575 4684 dolore
2602 4636 2897 4684 aestuantes
2933 4627 3082 4698 angit
3111 4628 3324 4683 animos
3382 4639 3437 4682 et
3469 4644 3751 4682 :erumno-

2173 4725 2290 4777 sius
2312 4723 2541 4778 sauciat.
2575 4720 2754 4786 Quare
2774 4721 2911 4775 istos
2939 4721 3022 4774 his
3062 4735 3182 4789 qua:
3222 4734 3369 4774 nunc
3404 4720 3755 4790 patiebantur

2175 4826 2453 4883 utcunque
2500 4811 2798 4866 tolerandis
2832 4825 3014 4879 pares,
3049 4809 3159 4881 49
3205 4810 3553 4865 exanimabat
3594 4820 3750 4864 atrox

2175 4906 2511 4974 exspectatio
2537 4903 2910 4974 sequentium,
2944 4912 2999 4957 ct
3029 4903 3205 4958 minas
3253 4903 3451 4956 futurae
3512 4902 3754 4957 miseriae

2176 5001 2437 5055 swviores
2472 4997 2539 5051 ad
2603 5011 2669 5051 se
2706 4996 3107 5050 cxcruciandos
3162 4996 3586 5065 experiebantur
3659 4997 3754 5051 illo

2173 5093 2293 5159 ipso
2313 5106 2419 5159 quo
2454 5098 2567 5144 tum
2611 5088 2848 5142 maxime
2874 5089 3221 5142 vexabantur
3250 5087 3570 5142 infOrtunio.
3607 5087 3755 5142 Inter

2176 5187 2298 5239 haec
2329 5182 2568 5236 evolutis
2594 5179 2888 5235 sanctioris
2921 5178 3279 5233 ncbdomadze
3309 5177 3463 5234 feriis
3486 5180 3754 5248 'princeos

2174 5272 2581 5330 solemnitatum
2619 5270 2901 5325 Dominica
2934 5267 3373 5323 Resnrrectionis
3410 5267 3608 5332 illuxit,
3641 5284 3752 5338 qua

2174 5386 2238 5423 ex
2274 5383 2425 5422 more
2452 5365 2740 5437 Oportebat
2769 5363 3112 5419 Christianos
3133 5377 3346 5425 omnes,
3390 5362 3592 5417 nedum
3647 5360 3754 5418 Ec-

2174 5461 2352 5516 clesiae
2411 5459 2693 5514 ministros
2736 5456 2887 5527 pacis
2911 5454 3220 5508 invicemet
3245 5454 3528 5508 charitatis
3563 5456 3753 5511 osculo

2174 5561 2418 5607 mutuam
2454 5550 2696 5622 profiteri
2722 5546 3159 5618 germanitatem.
3216 5546 3601 5601 Convocantur
3622 5562 3752 5619 ergo

2176 5645 2475 5712 antistites,
2535 5648 2909 5697 convocantur
2938 5648 2993 5694 et
3030 5638 3250 5706 clerici;
3305 5654 3606 5707 omnesque
3659 5654 3750 5694 se-

2176 5738 2351 5795 cunda
2386 5745 2511 5810 post
2566 5736 2803 5806 primum
2862 5731 3086 5786 Pascha:
3153 5732 3350 5787 festum
3404 5730 3493 5783 die
3545 5734 3751 5786 sanctis
