4094 6392
2267 98 2323 133 α’

365 287 437 352 57
1289 298 1388 358 DE
1437 301 1881 364 ANDRONICO
1925 305 2390 368 PAUEOLOGO
2433 311 2576 371 LIB.
2624 310 2680 369 Ῑ.
3596 308 3666 373 58

361 400 551 469 ἡμέρα
583 399 817 472 παρῄνει
842 402 934 455 καῖ
976 405 1037 459 τδ
1070 404 1248 477 Χρεὼν
1302 412 1523 480 ἤπειγε.
1554 413 1650 483 τὴν
1680 415 1817 484 πρὸς
1877 417 1962 469 ἀλα
2001 419 2042 475 Δ
2073 420 2196 472 ὅσον
2229 415 2296 491 ἦν
2326 420 2589 475 ἕστιλὸεν.
2627 423 2690 474 Οἱ
2726 424 2824 492 μὲν
2849 441 2943 474 ουν
2972 424 3026 473 ὲν
3057 420 3281 489 ἀγαθοῖς
3321 421 3573 475 ἔτταττον
3600 423 3663 477 τὸ

365 492 568 562 λήλους
604 500 873 552 συνίστων
903 501 1146 571 ἀγάπην.

366 648 453 715 ις’.
490 653 633 722 Περὶ
660 655 768 710 τοῦ
790 660 1090 731 φανέντος
1113 667 1264 720 κατὰ
1277 670 1663 740 μεσημϐρίαν
1682 671 1959 741 ἀστέρος.

435 790 545 847 Ἦν
601 795 660 848 δὲ
695 797 804 865 ἄρα
861 799 1034 867 γέλως
1071 800 1136 873 [Ρ
1167 803 1261 876 29]
1294 807 1388 859 καὶ
1443 809 1698 878 εἰρωνεία
1749 810 1807 863 τὸ
1840 811 1964 863 τότε

362 885 631 954 πραχθὲν.
664 887 692 940 ὃ
714 887 777 955 δὴ
808 891 902 944 καὶ
932 890 1106 961 ἀστὴρ
1143 892 1202 946 ὃν
1236 895 1443 966 Κρόνον
1498 899 1547 950 οἱ
1608 900 1739 969 περὶ
1791 899 1965 954 ταῦτα

359 975 531 1028 δεινοὶ
565 978 781 1046 λέγουσι
810 983 1162 1051 παρεδείκνυ,
1194 985 1285 1041 ἵνα
1318 986 1392 1061 μὴ
1421 987 1565 1054 λέγω
1589 993 1683 1046 καὶ
1742 991 1800 1044 τὸ
1842 990 1965 1046 καθ’

363 1063 572 1129 ὕπνους
600 1068 758 1135 δόξαν
782 1074 890 1123 τινὶ
919 1074 1027 1126 τῶν
1086 1074 1415 1147 ἀρχιερέων,
1447 1080 1523 1144 ὡς
1567 1080 1686 1152 ἅμα
1734 1083 1964 1148 καθεζο-

366 1154 545 1223 μένω]
574 1160 831 1214 ἁπάντων
865 1166 925 1217 ἐν
961 1165 1163 1237 συνόδῳ
1203 1169 1412 1237 μείζονι
1447 1173 1836 1243 συντετρῖφθαι
1866 1173 1964 1244 μὲν

363 1249 627 1321 ἐξαίφνης
655 1255 747 1307 τὸν
780 1258 993 1326 μακρὸν
1024 1258 1213 1330 θρόνον
1233 1263 1462 1329 ἐκεῖνον,
1501 1265 1619 1334 ἅμα
1657 1266 1712 1318 δὲ
1756 1267 1967 1331 πάντας

362 1344 508 1395 κατὰ
543 1346 644 1413 γῆς
667 1347 996 1417 ἀσχημόνως
1030 1353 1290 1424 ὲῤῥίφθαι
1314 1393 1330 1419 ,
1355 1356 1450 1409 καὶ
1473 1355 1615 1410 οὕτω
1638 1358 1849 1412 κεῖσθαι
1881 1360 1970 1412 ἓλ-

362 1451 561 1497 κοντας
613 1437 706 1488 τον
761 1439 868 1491 ἀπὸ
933 1442 1144 1496 πολλῶν
1187 1443 1356 1500 ἔλεον.
1427 1447 1568 1500 Ἀλλ’
1620 1442 1731 1502 οἷον
1774 1449 1835 1502 τὸ
1874 1450 1967 1504 τοῦ

359 1523 615 1594 ἀ·τέρο;.
649 1528 940 1599 Μεσούσης
979 1532 1088 1602 γὰρ
1110 1535 1346 1606 ἡμέρας,
1393 1535 1487 1589 τοῦ
1515 1538 1667 1607 ἡλίου
1720 1538 1966 1608 λάμπον-

360 1631 475 1677 τος.
504 1618 675 1685 μηνὸς
713 1619 1126 1691 Βοηδρομιῶνος
1152 1627 1467 1696 ἱσταμένου,
1497 1629 1585 1682 ὅτε
1620 1629 1717 1699 τὴν
1746 1631 1971 1702 ἐαρινὴν

359 1709 575 1776 τροπὴν
615 1711 973 1778 παρελαύνων
1003 1717 1152 1786 ἥλιος
1198 1719 1586 1791 καθαρώτερος
1644 1723 1677 1794 ἢ
1712 1726 1971 1795 πρότερον

2071 514 2296 581 σημεῖον
2318 529 2330 542 ο
2364 513 2710 583 περιλάμψαι
2753 514 2862 583 γὰρ
2902 513 3054 582 σφίσι
3078 517 3138 565 τὸ
3163 511 3271 566 τῶν
3302 513 3522 578 ἀγαθῶν
3547 514 3666 581 φῶς

2071 603 2288 672 μέλλειν
2321 604 2411 656 καὶ
2436 605 2547 657 πᾶν
2581 604 2848 666 σκοτῶδες
2880 607 2974 656 καὶ
3009 604 3260 673 ἀμαυρὸν
3320 604 3665 674 ἀπελαθῆναι

2066 696 2134 764 τῇ
2171 694 2264 747 τοῦ
2297 696 2840 766 πατριαρχεύσαντος
2879 696 3174 765 παρουσίᾳ.
3225 695 3409 759 Λόγιοι
3467 695 3524 747 δὲ
3573 698 3668 750 ἀν-

2069 785 2210 854 δρῶν
2244 787 2520 856 μεγίστων
2550 787 2862 857 ἀφανισμὸν
2897 790 2992 839 καὶ
3023 787 3121 856 τῆς
3149 787 3291 839 κατὰ
3335 789 3475 853 σφᾶς
3502 788 3668 856 τιμῆς

2069 880 2275 949 φθορὰν
2341 881 2602 942 ἐνενόουν,
2656 880 2893 951 κρείττω
2950 882 3392 949 μαντευόμενοι·
3448 880 3508 932 τὸ
3556 882 3666 947 γὰρ

2068 974 2295 1044 ἀστέρος
2327 972 2526 1044 ὕψωμα
2566 973 2643 1042 τῷ
2684 972 2957 1042 μεγαλείῳ
2992 973 3100 1025 τῶν
3146 971 3355 1042 ἀνδρῶν
3386 971 3669 1041 παραϐάλ-

2068 1064 2250 1128 λοντες
2279 1066 2342 1118 τὸ
2376 1066 2626 1135 χρονικὸν
2658 1067 2749 1117 καὶ
2786 1065 2995 1135 ψυχρὸν
3028 1065 3223 1125 αὐτοῖς
3263 1061 3556 1127 ἐνετίθουν,
3590 1062 3667 1127 ὡς

2070 1159 2529 1229 πηχθησομένοις,
2556 1158 2634 1228 τῷ
2666 1157 2821 1227 κρύει
2844 1156 2955 1209 τῶν
3001 1155 3320 1227 συμφορῶν,
3352 1153 3381 1207 δ
3421 1154 3486 1223 δὴ
3522 1154 3668 1208 κατὰ

2073 1250 2238 1314 πόδας
2260 1250 2568 1319 ἠκολούθει.

2075 1366 2159 1428 ιζ’.
2212 1365 2351 1432 Περὶ
2413 1363 2524 1432 τῆς
2586 1363 2706 1417 τῶν
2758 1365 3086 1433 ἀρχιερέων
3142 1362 3543 1433 καθαιρέσεως
3597 1361 3669 1414 ἐν

2143 1436 2361 1499 τίιυτῴ.
2397 1442 2485 1503 ιη’.
2523 1437 2661 1504 Περὶ
2712 1436 2815 1489 τοῦ
2861 1432 3326 1503 κατενεχθέντος
3360 1434 3440 1500 ὡς
3481 1432 3668 1502 δῆθεν

2144 1507 2393 1575 αἵματος
2426 1507 2782 1574 οὐρανόθεν.

2143 1618 2206 1692 [Ρ
2241 1618 2332 1691 50]
2400 1618 2511 1687 Τῆς
2562 1619 2673 1686 γὰρ
2721 1617 2982 1688 δευτέρας
3022 1616 3313 1685 ἑϐδομάδος
3380 1614 3516 1683 μετά
3568 1612 3668 1680 τὴν

2073 1713 2462 1782 ἀναστάσιμον,
2492 1714 2557 1783 ἢν
2588 1712 2652 1782 δὴ
2686 1713 2777 1764 καὶ
2809 1711 3193 1779 διακινήσιμον
3221 1708 3493 1776 λέγουσιν,
3524 1704 3670 1758 ἐκτί-

694 1776 705 1778 -
1025 1776 1036 1786 .
1133 1776 1147 1781 -
1350 1776 1362 1789 .
1497 1776 1582 1791 ,.
1665 1776 1677 1794 ,
1756 1776 1963 1795 ,αντη
2343 1776 2354 1782 .
2514 1776 2524 1783 .
2640 1776 2652 1782 ,
3015 1776 3105 1779 _-

360 1797 640 1852 δείκνυται
672 1804 784 1856 τῶν
814 1809 1142 1875 χειμερινῶν
1186 1811 1366 1878 νεφῶν
1417 1811 1810 1882 διαλυομένων,
1846 1813 1968 1869 κατ’
2002 1776 2044 1830 Β
2074 1803 2223 1858 derat
2282 1805 2383 1874 μὲν
2426 1802 2605 1872 δόγμα
2653 1803 2948 1873 βασίλειον,
3013 1799 3492 1863 κατασκευάζεται
3543 1797 3599 1850 δὲ
3637 1797 3666 1849 ὁ

364 1891 598 1962 οὐρανὶν
634 1896 799 1963 μέσον
826 1899 1118 1967 ἐπέφωσκε
1150 1904 1407 1968 στίλϐων,
1470 1909 1518 1959 εἰ
1563 1908 1659 1960 καὶ
1696 1909 1771 1977 μὴ
1826 1912 1970 1962 στίλ-

363 1983 484 2039 6ειν
515 1987 565 2040 oi
594 1988 866 2060 πλανῆται
888 1992 974 2046 διὰ
1007 1995 1068 2048 τὸ
1115 1998 1281 2066 ἐγγὺς
1322 1996 1462 2051 εἶναι
1505 1998 1753 2067 λέγονται
1779 2019 1793 2031 ’
1852 2003 1968 2056 ἀλλ’

363 2079 518 2147 ὅμως
582 2083 810 2153 ἐκεῖνος,
872 2087 1032 2142 τοῦτο
1076 2092 1177 2160 μὲν
1239 2093 1334 2161 τῆς
1372 2093 1493 2146 κατ’
1537 2094 1699 2148 αὑτὸν
1730 2097 1967 2167 σφαίρας

370 2169 657 2241 ὑψώματι,
682 2175 843 2229 τοῦτο
863 2177 919 2231 δὲ
946 2181 1040 2233 καὶ
1071 2181 1148 2251 τῷ
1186 2184 1283 2245 τὰς
1319 2183 1413 2236 τοῦ
1443 2185 1592 2255 ἡλίου
1641 2186 1865 2251 ἀκτῖνας
1886 2190 1970 2242 δε-

365 2265 632 2334 χομένους
661 2269 786 2332 τοὺς
818 2270 1132 2342 ὀφθαλμοὺς
1154 2275 1232 2346 τῷ
1274 2278 1393 2330 κατ’
1435 2279 1604 2339 αὐτὰς
1657 2280 1965 2351 ἀρρωστεῖν

366 2358 731 2430 περικύματι,
773 2364 933 2434 εἴπερ
961 2368 1054 2418 καὶ
1085 2367 1145 2422 ἐξ
1165 2368 1383 2432 ἀτονίας
1436 2372 1792 2436 τὸ.στίλ6ειν,
1841 2374 1962 2427 καθ’

368 2517 519 2572 inter
551 2535 612 2574 se
632 2521 862 2586 osculis,
898 2533 1061 2592 prout
1086 2534 1305 2596 tempus
1336 2534 1393 2582 et
1422 2528 1661 2584 cilicium
1686 2531 1966 2598 poscebat,

366 2624 533 2663 suum
570 2626 670 2679 pro
708 2628 767 2667 se
796 2616 1032 2684 quisque
1057 2615 1109 2669 in
1140 2626 1367 2672 caeteros
1391 2618 1696 2675 fraternum
1718 2635 1962 2675 amorem

368 2702 751 2759 declarabant.

552 2865 643 2919 16.
680 2864 754 2919 De
779 2865 938 2920 stella
970 2867 1114 2920 circa
1162 2868 1435 2922 meridiem
1471 2881 1782 2940 apparentia.

450 2978 558 3034 Sed
585 2994 711 3049 qua:
739 2990 870 3034 tunc
899 2979 1130 3045 ﬁebant,
1159 2979 1297 3035 nihil
1326 2980 1434 3035 nisi
1470 2981 1674 3037 mimus
1700 2983 1962 3041 videlicet

385 3081 538 3128 erant
562 3081 618 3128 et
644 3074 801 3142 quasi
830 3088 861 3129 e
887 3088 1054 3128 scena
1087 3081 1360 3129 ostentata
1408 3075 1637 3132 ridicula
1665 3078 1847 3146 ﬁctio;
1912 3080 1960 3133 id

377 3166 525 3235 quod
572 3166 826 3222 indicare
866 3167 984 3221 visa
1040 3176 1129 3221 est
1175 3167 1453 3239 apparitio
1509 3181 1709 3239 praeter
1748 3173 1969 3227 solitum

373 3258 575 3311 diurna
603 3258 805 3323 stellm,
839 3273 1005 3327 quam
1037 3258 1201 3327 periti
1230 3275 1411 3323 rerum
1446 3263 1636 3316 talium
1693 3263 1846 3318 sidus
1875 3266 1973 3320 Sa-

374 3352 528 3407 turni
556 3351 735 3407 fuisse
778 3352 1143 3419 contendunt,
1179 3361 1238 3408 ut
1266 3353 1486 3408 interim
1513 3356 1759 3410 omittam
1796 3355 1974 3412 visum

370 3446 596 3501 cuidam
634 3455 767 3500 tunc
788 3446 1050 3515 episc0po
1079 3461 1179 3516 per
1204 3447 1480 3501 somnium
1510 3448 1751 3502 oblatum
1787 3448 1980 3518 hujus-

372 3539 582 3596 modi:
629 3538 929 3594 videbatur
1003 3538 1107 3608 ipsi
1164 3539 1586 3594 considentibus
1648 3541 1865 3596 cunctis
1924 3543 1978 3596 in

372 3631 580 3697 majori
611 3631 844 3701 synodo,
884 3639 1115 3700 repente
1147 3629 1368 3702 longum
1410 3631 1564 3685 illum
1591 3632 1978 3687 subselliorum

371 3724 635 3778 ordinem
656 3722 1097 3792 inopinatissime
1126 3723 1426 3794 confringi,
1470 3738 1846 3794 corruereque
1894 3726 1984 3779 in-

375 3818 651 3873 decenter
679 3816 970 3871 universos
1002 3824 1059 3870 et
1089 3816 1168 3871 sic
1193 3816 1346 3870 humi
1371 3816 1581 3883 jacere,
1624 3826 1907 3872 vertentes
1926 3820 1980 3871 in

376 3925 504 3964 sese
536 3908 952 3963 miserationem
991 3907 1297 3963 multorum
1342 3908 1737 3979 spectantium.
1776 3909 1886 3963 Sed
1915 3909 1984 3963 de

379 4003 561 4057 stella:
609 4000 980 4071 phaenomeno
1041 4001 1361 4058 distinctius
1423 4001 1750 4057 referamus.
1810 4001 1983 4055 Media

380 4095 552 4165 igitur
598 4095 709 4161 die,
750 4094 969 4150 lucente
989 4096 1128 4162 sole,
1150 4096 1254 4150 sub
1274 4096 1503 4151 initium‘
1522 4096 1742 4167 Aprilis,
1764 4098 1986 4167 quando

378 4202 619 4242 vernum
647 4187 926 4242 cardinem
958 4188 1140 4242 iniens
1174 4188 1257 4243 sol
1284 4189 1471 4258 purior
1498 4204 1660 4257 quam
1696 4190 1847 4259 prius
1864 4205 1987 4245 cer-

377 4281 536 4334 nitur
562 4279 828 4335 discussis
879 4280 1094 4336 nebulis
1122 4295 1189 4336 ac
1223 4281 1467 4336 nubibus
1495 4281 1760 4346 hibernis,
1783 4290 1988 4336 astrum

382 4372 613 4428 Saturni
647 4373 798 4427 clare
827 4373 971 4428 ccelo
1005 4373 1190 4431 medio
1221 4373 1451 4427 emicuit
1480 4372 1818 4437 scintillans,
1844 4375 1994 4429 scinv

2070 1898 2209 1960 τέως
2251 1896 2484 1967 μοναχὸς
2523 1895 2842 1958 Ἀθανᾶσιος
2879 1896 2960 1955 εἰς
2996 1890 3258 1964 ἀρχιερέα
3300 1890 3664 1961 Ἀνδρόνικον,

2069 1993 2324 2045 τάττεται
2354 1992 2409 2042 δὲ
2438 1990 2530 2042 καὶ
2560 1990 2833 2058 γράφεται
2855 1991 2881 2040 ὁ
2907 1988 3156 2056 Σάρδεων
3186 1986 3283 2038 καὶ
3332 1986 3410 2045 εἰς
3454 1984 3670 2052 πατέρα

2068 2083 2146 2154 τῷ
2183 2083 2414 2153 βασιλεῖ,
2446 2083 2518 2145 ὡς
2547 2082 2592 2134 δ’
2620 2082 2730 2150 ἐγώ
2755 2099 2916 2133 τινων
2941 2081 3172 2151 ἥκουσα,
3205 2077 3414 2147 ἀνδρῶν
3444 2074 3518 2147 μὴ
3540 2076 3670 2154 οἴων

2067 2191 2127 2227 τε
2160 2174 2474 2244 ψεύδεσθαι,
2504 2174 2597 2226 καὶ
2622 2173 2813 2243 δικαίῳ
2848 2172 3008 2234 Θεοῦ,
3040 2173 3101 2225 οὐ
3128 2171 3261 2239 παρ’
3299 2168 3494 2232 ἄλλων,
3549 2145 3670 2219 ἀλλ’

2069 2269 2229 2331 αὐτὸς
2260 2267 2387 2338 παρ’
2426 2266 2620 2320 ἑαυτοῦ
2658 2266 2851 2319 ἑαυτὸν
2885 2264 3163 2333 φημίζων,
3196 2262 3291 2314 καὶ
3320 2264 3527 2329 λέγων’
3570 2274 3673 2328 φυ-

2069 2361 2357 2414 λάττεσθαι
2398 2360 2504 2431 γὰρ
2535 2359 2685 2428 παρὰ
2736 2358 2836 2427 τῆς
2869 2357 3138 2427 Προνοίας
3192 2353 3276 2422 ἐφ’
3330 2347 3481 2423 ᾧπερ
3515 2351 3668 2421 ξὲκδιο

2070 2523 2299 2577 riturum
2336 2520 2469 2592 ipsis
2516 2519 2734 2575 felicem
2787 2518 2986 2581 lucem,
3046 2514 3294 2570 tenebris
3344 2511 3559 2567 cunctis
3614 2518 3669 2565 et

2068 2615 2379 2686 caliginosis
2425 2613 2645 2667 oﬁ‘uciis
2700 2622 2953 2665 errorum
3013 2623 3078 2664 ac
3132 2606 3430 2661 factionum
3479 2602 3669 2674 procul

2067 2709 2352 2779 abigendis
2396 2706 2578 2760 fausto
2613 2720 2678 2759 ac
2716 2702 2945 2758 Salutari
3010 2700 3278 2769 regimine
3315 2698 3665 2765 patriarcbze,

2068 2799 2160 2869 qui
2197 2814 2347 2852 nunc
2380 2798 2640 2852 Ecclesiae
2673 2791 3042 2867 gubernacula
3063 2798 3414 2861 capesseret.
3465 2787 3669 2842 Contra

2068 2891 2431 2960 sapientiores
2456 2890 2715 2961 portendi
2750 2903 2815 2943 eo
2839 2888 2996 2959 signo
3031 2887 3391 2940 maximorum
3424 2883 3667 2936 virorum

2069 2980 2422 3034 abolitionem
2453 2980 2505 3033 in
2530 2980 2761 3033 nihilum
2795 2987 2850 3034 et
2891 2976 3066 3045 ipsius
3092 2974 3374 3046 dignitatis
3429 2988 3534 3042 qua
3572 2971 3670 3026 ﬁo-

2080 3058 2283 3129 ruisset
2345 3075 2617 3129 hactenus
2670 3075 2919 3144 ipsorum
2975 3072 3219 3127 Ecclesia
3265 3070 3668 3141 corruptionem

2076 3174 2239 3234 atque
2272 3164 2555 3220 interitum
2606 3165 2995 3220 ominabantur
3020 3164 3411 3225 vaticinantes.
3453 3162 3670 3232 opinor,

2084 3260 2290 3323 verius,
2328 3259 2459 3313 dum
2498 3259 2787 3315 celsissimi
2823 3259 3057 3329 planetae
3085 3256 3474 3311 exaltationcm
3524 3269 3673 3307 sum-

2081 3366 2226 3408 mam
2286 3352 2487 3406 minari
2546 3351 2848 3406 verticibus
2893 3348 3466 3414 eminentissimorum
3525 3345 3677 3416 capi-

2083 3455 2221 3509 tum,
2254 3447 2380 3519 gelu
2414 3460 2543 3499 vero
2578 3443 2831 3497 tetricum
2879 3440 3123 3494 Saturnii
3157 3439 3355 3494 sideris
3390 3437 3493 3493 sibi
3526 3454 3676 3493 com-

2085 3535 2328 3589 muniter
2358 3533 2691 3589 denuntiare
2740 3530 3086 3586 tristissimas
3116 3529 3331 3585 hiemes
3392 3529 3677 3583 calamita—

2088 3637 2223 3693 tum,
2256 3642 2488 3697 quarum
2542 3626 2724 3695 rigore
2758 3623 2973 3695 glaciali
3030 3639 3155 3677 mox
3208 3622 3674 3693 congelascerent,

2086 3718 2630 3791 interpretabantur;
2691 3716 2744 3770 id
2807 3715 2952 3785 quod
3002 3715 3189 3769 statim
3247 3725 3330 3768 est
3386 3710 3676 3767 eventibus

2089 3814 2376 3884 probatum
2389 3851 2404 3867 .

2091 3926 2179 3992 17,
2218 3927 2300 3979 18.
2337 3924 2414 3979 De
2450 3924 2887 3977 condemnatione
2916 3934 2966 3976 et
2993 3938 3021 3975 e
3054 3923 3224 3990 gradu
3254 3916 3556 3992 dejectione
3577 3934 3678 3968 un-

2168 3988 2397 4050 tistitum
2432 3996 2485 4048 in
2515 3993 2850 4049 Bluchernis.
2892 3995 2966 4046 De
2988 3988 3265 4063 sanguine,
3293 3999 3350 4042 ut
3384 3988 3679 4057 ,existima-

2127 4078 2275 4134 gtum
2318 4075 2418 4133 est,
2446 4082 2473 4119 ε
2519 4063 2646 4118 ratio
2678 4063 2851 4133 lapso.
3130 4132 3135 4139 η

2164 4182 2254 4243 ΓΙ,
2290 4180 2376 4235 l8.
2429 4177 2565 4233 Nam
2620 4178 2755 4232 feria
2812 4177 3052 4232 secunda
3098 4174 3460 4230 hebdomadis
3516 4190 3679 4244 quam

2095 4276 2514 4332 diakinesimam
2556 4283 2779 4338 vocant,
2839 4271 3024 4325 statim
3062 4266 3344 4337 sequentis
3379 4274 3499 4334 post
3534 4265 3678 4319 diem

2100 4367 2562 4431 Resurrectionis,
2592 4365 2920 4435 proponitur
2947 4362 3186 4417 edictum
3219 4359 3595 4430 imperatoris,
3629 4366 3684 4411 et

381 4464 596 4528 tillans,
638 4463 861 4533 inquam
893 4479 909 4516 :
947 4465 1049 4518 etsi
1093 4462 1243 4516 enim
1271 4477 1382 4515 non
1414 4476 1503 4516 me
1534 4461 1757 4532 fugitde
1784 4465 1977 4533 plane-
2012 4464 2053 4518 D
2084 4462 2177 4532 qui
2209 4461 2387 4515 fuerat
2421 4469 2652 4514 eatenus
2709 4455 3011 4510 monachus
3055 4451 3391 4507 Athanasius
3452 4450 3505 4504 in
3535 4449 3682 4503 anti-

378 4559 461 4613 tis
492 4557 679 4628 negari
714 4554 1142 4626 scintillare50
1167 4556 1316 4625 ipsos
1364 4564 1590 4625 propter
1641 4562 1801 4609 terrae
1846 4553 1978 4609 vici-

383 4654 537 4707 niam
586 4650 874 4720 majorem,
934 4659 1117 4703 tamen
1155 4649 1245 4702 ille
1275 4657 1390 4702 tum
1452 4647 1673 4717 quidem
1711 4646 1981 4701 scintilla-

384 4747 503 4809 bat,
536 4746 652 4799 sive
691 4745 834 4813 quod
863 4742 1009 4800 forte
1060 4743 1114 4796 in
1145 4756 1356 4811 apogeo
1405 4740 1492 4795 vel
1540 4739 1731 4794 abside
1763 4754 1977 4813 summa

387 4853 507 4892 sum
534 4836 765 4907 Sphaarte
788 4835 1006 4904 positus
1052 4848 1172 4887 eam
1219 4846 1386 4902 supra
1457 4818 1687 4886 caeteros
1735 4810 1982 4898 planetas

385 4945 588 4986 omnes
617 4928 889 4999 attigisset
920 4942 950 4980 a
992 4926 1153 4996 globo
1204 4935 1428 4979 terreno
1471 4923 1813 4982 distantiam,
1858 4937 1981 4990 qua:

386 5025 458 5078 ad
529 5021 980 5078 scintillationem
1048 5027 1305 5088 respectu
1352 5029 1402 5071 e‘
1429 5024 1572 5070 terra
1634 5015 1981 5069 cernentium

386 5116 691 5178 suﬂicerct,
739 5114 856 5169 sive
891 5112 983 5166 tali
1032 5120 1282 5180 tempore
1316 5117 1675 5178 conSpectum
1706 5122 1770 5161 ex
1833 5108 1985 5162 acci-

388 5208 546 5265 denti
568 5206 869 5261 scintillare
896 5203 1214 5273 contigerit,
1242 5202 1388 5273 quod
1409 5200 1622 5255 scilicet
1644 5198 1983 5253 intuentium

388 5302 542 5359 oculi
590 5300 726 5355 solis
776 5314 952 5370 prope
1006 5297 1268 5369 fulgentis
1307 5294 1549 5366 perculsi
1588 5293 1758 5348 radiis
1808 5302 1866 5349 et
1907 5293 1989 5348 sic

390 5394 573 5451 coacti
612 5393 824 5447 nictare
874 5390 1328 5447 scintillationem
1377 5388 1507 5443 visae
1566 5388 1737 5443 stella:
1782 5386 1990 5442 tribue-

391 5489 553 5553 bant,
586 5502 713 5557 quae
759 5486 1002 5555 ipsorum
1043 5482 1350 5537 inﬁrmitati
1388 5481 1786 5551 trepidantium
1838 5497 1905 5535 ex
1938 5481 1988 5534 vi

396 5583 559 5653 plena
596 5579 815 5651 jubaris
851 5579 1047 5633 solaris
1081 5578 1270 5631 verius
1296 5576 1681 5645 imputaretur.
1705 5573 1991 5643 Utcunque

396 5678 492 5739 sit,
527 5676 632 5730 hoc
657 5674 881 5744 quidem
916 5679 1195 5727 ostentum
1233 5669 1289 5723 in
1309 5684 1471 5722 omen
1501 5666 1665 5736 aliqui
1702 5668 1992 5721 trahebant

401 5766 963 5840 prosperum,qnippe
985 5764 1079 5834 qui
1110 5760 1407 5834 signiﬁcari
1439 5766 1842 5829 augurarentur
1861 5775 1989 5814 exo-

2093 4552 2280 4607 stitem
2311 4547 2690 4604 Andronicum
2757 4547 3201 4608 transformatur,
3266 4542 3519 4611 idemque
3571 4557 3682 4593 non

2088 4644 2254 4700 modo
2276 4641 2595 4698 decernitur
2629 4649 2685 4694 et
2719 4640 2985 4693 scribitur
3031 4637 3327 4706 episcopus
3393 4634 3683 4696 Sardium,

2088 4733 2183 4790 sed
2212 4743 2267 4788 et
2297 4734 2353 4788 in
2380 4742 2591 4804 patrem
2625 4748 2689 4786 ac
2732 4727 3139 4785 confessionum
3158 4726 3506 4797 imperatoris
3536 4724 3683 4778 arbi-

2089 4833 2236 4881 trum
2267 4826 2487 4898 legitur.
2522 4827 2851 4893 Quanquam
2915 4821 3105 4877 audivi
3158 4820 3412 4890 equidem
3470 4834 3501 4873 a
3553 4816 3687 4871 viris

2091 4920 2239 4974 omni
2264 4917 2537 4974 mendacii
2569 4917 2900 4986 exceptione
2961 4926 3055 4969 aut
3096 4913 3413 4984 suspicione
3459 4921 3685 4982 prepter

2092 5027 2362 5068 summam
2388 5010 2711 5081 religionem
2750 5007 3156 5072 remetissimis,
3193 5005 3339 5060 haud
3386 5005 3549 5058 hosce
3601 5002 3677 5055 illi

2095 5106 2284 5161 titulos
2313 5106 2380 5159 ab
2397 5105 2515 5159 aliis
2539 5103 2642 5174 51
2672 5103 2903 5164 delatos,
2937 5118 3124 5155 verum
3157 5106 3449 5168 usurpatos
3484 5095 3693 5165 palant-

2093 5211 2204 5267 que
2240 5197 2478 5267 iactatos
2525 5197 2595 5249 ab
2639 5195 2760 5265 ipso
2796 5208 2918 5248 sese
2978 5199 3305 5260 arroganter
3350 5193 3684 5249 ostentante,

2095 5289 2224 5345 dum
2261 5289 2426 5343 etiam
2476 5287 2809 5355 praedicabat
2833 5302 2892 5341 se
2943 5285 3201 5339 videlicet
3254 5298 3284 5337 a
3336 5278 3689 5336 Providentia

2098 5392 2375 5439 servatum
2429 5383 2660 5437 ultorem
2722 5381 2835 5436 laesi
2887 5379 3018 5435 olim
3075 5376 3246 5433 divini
3310 5373 3563 5431 Numinis
3592 5384 3691 5439 per

2097 5489 2215 5532 acta
2255 5474 2484 5538 nefaria,
2551 5473 2751 5545 quibus
2813 5473 3052 5527 debitam
3110 5485 3261 5524 nunc
3319 5467 3540 5520 tandem
3592 5475 3690 5515 sua

2100 5587 2265 5640 opera
2300 5568 2524 5638 rependi
2549 5583 2771 5636 poenam
2806 5573 3109 5636 Oportcret.
3143 5563 3202 5616 In
3259 5576 3369 5630 quo
3407 5565 3462 5612 et
3522 5555 3692 5610 misc-

2106 5681 2222 5718 rum
2266 5675 2320 5716 et
2354 5663 2698 5730 inopinatum
2731 5666 2878 5723 erat,
2915 5659 3044 5713 illos
3068 5657 3175 5724 qui,
3198 5664 3253 5709 et
3291 5652 3395 5721 ipsi
3457 5645 3693 5715 tempori

2108 5763 2397 5817 cesserant
2430 5770 2492 5809 ac
2546 5761 2953 5823 consequenter
2985 5750 3175 5804 attines
3224 5755 3379 5801 erant
3439 5743 3690 5813 eiusdem
