4094 6418
449 331 516 394 63
1654 341 1975 403 GEORGII
2023 344 2504 412 PACHYMERJI
3644 351 3711 415 (il

453 452 751 521 ἱστοροῦντι
829 454 885 507 δὲ
953 454 1131 522 λέγειν
1203 457 1297 509 καὶ
1356 456 1549 520 ταῦτα,
1629 458 1732 512 κᾶν
1806 460 2029 513 ἐκείνων
2061 468 2101 520 Α
2136 466 2366 533 (ξάμενος
2390 469 2447 520 ἐν
2477 471 2587 522 τοῖς
2612 469 2887 539 διπτύχοις
2922 472 3033 533 τοῖς
3056 471 3425 540 πατριάρχαις
3464 488 3711 539 συμμνη-

454 544 555 594 κᾶν
626 544 798 597 ἄλλων
870 546 1146 613 γένοιντο,
1217 549 1316 600 οὐκ
1361 550 1604 619 ἀπᾷίον,
1660 545 1857 618 οἶμαι,
1943 552 2027 603 δο-

452 637 556 686 κεῖ.
591 636 815 698 Ἄλλους
842 638 1020 704 μέντοι
1044 656 1106 706 γε
1142 642 1337 693 ἐκεῖνοι
1384 642 1504 701 ταῖς
1552 641 1845 711 ἐκκλησίας
1882 642 2029 694 ἀντι-

456 725 824 795 σηκώσαντες,
858 731 999 783 κατὰ
1029 730 1229 801 τρόπον
1251 732 1319 785 τὰ
1351 733 1449 802 τῆς
1492 732 1815 801 Ἐκκλησίας
1846 734 1921 795 ὡς
1957 731 2030 785 εἴ-

453 833 547 885 χον
579 817 833 881 διίθυνον,
867 820 1253 888 τυραννοῦντες
1282 816 1394 874 οἷον
1420 825 1498 885 είς
1530 823 1596 875 τὰ
1633 823 1801 876 πολλὰ
1825 823 2029 874 τούτων

454 912 547 962 καὶ
603 910 698 980 τὴν
754 913 1040 981 βασιλικὴν
1097 915 1433 987 ἡμερότητα,
1473 916 1593 978 ἐνὸς
1646 917 1739 969 καὶ
1774 916 1938 984 μόνου
1960 915 2031 968 τὰ

453 1002 633 1054 πάντα
689 1004 1179 1073 καταπροῖεμένου,
1229 1007 1326 1076 τῆς
1380 1008 1562 1077 κοινῆς
1615 1008 1865 1077 ὁμονοίας
1935 1010 2030 1061 καλ⁵

456 1094 860 1158 καταστάσεως,
894 1095 969 1160 ὡς
993 1098 1308 1167 ὑπέσχοντο.

459 1251 545 1307 ιθ’.
577 1255 717 1324 Περὶ
759 1257 872 1324 τῆς
910 1260 1265 1327 Αὐγούστης
1298 1261 1601 1329 Θεοδώρας
1636 1264 1735 1318 καὶ
1780 1262 1887 1318 τοῦ
1921 1278 2033 1317 πα·

843 1329 1127 1397 τριάρχου
1162 1331 1640 1400 Ἀλεξανδρείας.

571 1458 837 1530 Ἀπῄτουν
879 1461 964 1532 [Ρ.
998 1462 1090 1533 551
1145 1463 1242 1531 μὲν
1286 1462 1379 1516 οὖν
1426 1466 1520 1517 καὶ¹
1570 1464 1670 1536 τὴν
1707 1465 2031 1533 Δύγοῦσταν

457 1552 741 1622 Θεοδώραν
766 1552 1009 1608 λίὸελλον
1042 1555 1139 1625 μὲν
1174 1555 1432 1619 πίστεως,
1454 1557 1728 1628 ἀποϐολὴν
1756 1556 1800 1610 δ’
1830 1557 2033 1624 ἐγγρα-

460 1662 557 1712 φον
585 1645 690 1696 τῶν
720 1644 847 1713 χθὲς
888 1646 1209 1714 γεγονότων,
1257 1647 1557 1716 ἀσφάλειαν
1593 1649 1649 1702 δὲ
1699 1651 1792 1702 καὶ
1823 1649 1917 1702 τοῦ
1957 1648 2032 1718 μή

2133 557 2431 624 μονεύοιτο.
2452 561 2541 630 Τῷ
2569 560 2676 627 γὰρ
2713 564 3041 630 ’Δντιοχείας
3064 562 3328 631 Θεοδοσίῳ
3356 563 3430 632 τῷ
3452 566 3714 634 Πρίγκιπι

2128 646 2352 716 λεληθὸς
2381 650 2480 718 μὲν
2518 651 2634 716 δέος
2660 652 2926 720 ἐμπίπτει
2957 654 3031 722 μὴ
3061 655 3154 708 καί
3177 673 3230 706 τι
3259 655 3498 725 δράσωσι
3526 656 3717 711 τοῦτον

2130 737 2239 790 τῶν
2284 740 2618 811 ἀϐουλήτων,
2652 745 2901 811 φανερῶς
2951 743 2993 795 δ’
3043 745 3387 813 ὑπερηφάνει
3420 746 3514 798 καὶ
3555 748 3722 816 ὑπερ-

2131 829 2280 900 εώρα
2324 831 2431 883 τῶν
2490 835 2897 903 πραττομένων.
2945 838 3162 905 Ἀμέλει
3212 855 3294 890 τοι
3341 840 3433 890 καὶ
3475 839 3718 908 πέμψας,

2130 919 2226 972 τοῦ
2273 920 2536 989 βασιλέως
2594 923 2668 993 μὴ
2716 925 2941 989 εἰδότος,
2992 930 3291 997 παρῃτεῖτο
3329 930 3470 982 κατὰ
3518 929 3721 996 Συρίαν

2133 1011 2225 1063 καὶ
2254 1010 2398 1082 ἄλλῳ
2449 1013 2762 1083 παρεχώρει
2807 1016 2901 1068 τοῦ
2943 1017 3133 1086 θρόνου
3159 1033 3174 1048 ⁸
3206 1017 3288 1070 ἔτι
3337 1019 3446 1089 γὰρ
3488 1019 3722 1083 ἐσώζετο

2136 1103 2235 1172 μὲν
2268 1104 2546 1174 Τρίπολις,
2570 1106 2804 1171 ἐσώζετο
2833 1110 2889 1161 δὲ
2921 1111 2951 1177 ἡ
2980 1111 3122 1163 κατὰ
3158 1111 3361 1179 Συρίαν
3393 1110 3722 1181 Πτολεμαῒς,

2133 1194 2335 1263 περιῆν
2364 1195 2420 1248 δὲ
2451 1199 2695 1267 Βηρυτὸς
2731 1201 2826 1252 καὶ
2860 1199 3031 1253 Σιδὼν
3056 1202 3148 1253 καὶ
3180 1202 3353 1269 Τύρος
3378 1204 3465 1254 καὶ
3492 1202 3561 1254 τὰ
3585 1219 3725 1269 παρ-

2134 1287 2281 1347 άλια.
2323 1289 2419 1358 τῆς
2461 1289 2728 1360 Ἰταλικῆς
2758 1292 2933 1361 ἀρχῆς
2987 1294 3385 1363 κραταιοτέρας
3418 1292 3585 1362 οὔσης
3617 1292 3726 1345 τῶν

2133 1379 2427 1435 Αἰθιόπων.
2467 1381 2530 1433 Οἱ
2581 1381 2638 1434 δὲ
2670 1382 2766 1450 τῆς
2815 1383 3115 1452 ἐκκλησίας
3168 1383 3385 1452 ἐκείνης
3438 1382 3728 1449 δεξάμενοι

2135 1472 2234 1541 τὴν
2273 1472 2626 1541 παραίτησιν,
2672 1476 2827 1545 κοινῇ
2864 1474 3029 1544 ψήφῳ
3076 1475 3165 1528 τὸν
3220 1474 3729 1544 Ἀγιοσυμεωνίτην

2138 1566 2470 1619 καθιστῶσιν
2512 1566 2810 1637 Ἀρσένιον,
2846 1567 3016 1638 ἄνδρα
3062 1569 3123 1621 τὸ
3160 1568 3383 1637 σύμπαν
3415 1568 3728 1637 ἁγιοπρεπῆ

2136 1661 2229 1711 καὶ
2262 1660 2580 1728 σεόάσμιον,
2615 1660 2674 1713 ὃν
2700 1661 2765 1730 δὴ
2797 1663 2890 1714 καὶ
2918 1662 3055 1724 τέως
3100 1663 3199 1731 μὲν
3222 1662 3269 1714 ot
3305 1660 3543 1714 ἐνταῦθα
3570 1660 3731 1726 δεξά-

459 1753 588 1789 ποτε
624 1737 856 1807 ζητῆσαι
888 1739 1014 1809 περὶ
1048 1741 1277 1811 τάνδρὸς
1302 1742 1473 1810 αὐτῆς
1506 1742 1593 1810 ἐφ’
1631 1735 1784 1812 ᾧπερ
1814 1745 1871 1795 ὲν
1903 1743 2035 1812 ψαλ-
2067 1795 2110 1848 Β
2141 1765 2293 1816 μενοι
2323 1749 2413 1801 ἐπὶ
2441 1748 2551 1801 τῶν
2579 1750 2740 1818 ἱερῶν
2768 1751 3092 1803 ἐκοινώνουν
3141 1751 3338 1820 ἐκείνῳ
3373 1750 3472 1819 τῆς
3507 1750 3733 1818 μνήμης

463 1828 688 1898 μῳδίαις
736 1832 1068 1900 ταφήσεται’
1099 1833 1193 1885 καὶ
1246 1834 1308 1885 τὸ
1338 1834 1430 1885 ἐπὶ
1481 1833 1694 1898 τούτοις
1746 1831 1928 1902 ἆθλον,
1960 1837 2036 1899 ὡς

457 1920 548 1972 ἐπὶ
576 1920 673 1989 τῆς
695 1921 1013 1989 ἐκκλησίας,
1046 1926 1199 1992 φασὶ,
1232 1924 1524 1995 βασιλικῶς
1554 1929 1650 1980 σὺν
1672 1927 1749 1997 τῷ
1781 1927 1879 1997 υίῷ
1904 1945 2039 1997 μνη-

461 2012 759 2079 μονεύοιτο.
806 2014 1072 2085 Ἀτιῄτουν
1100 2017 1155 2070 δὲ
1184 2018 1279 2070 καὶ
1309 2018 1398 2071 τὸν
1442 2018 1847 2090 Ἀλεξανδρείας
1883 2021 2042 2074 Ἀθα-

458 2105 645 2157 νάσιον
700 2108 1161 2179 όμογνωμοσύνην
1198 2110 1296 2179 μὲν
1343 2109 1434 2162 ἐπὶ
1464 2113 1576 2173 τοῖς
1610 2110 2038 2183 καθαιρεθεῖσιν,

458 2195 733 2266 ἀποϐολὴν
775 2197 832 2249 δὲ
866 2198 962 2250 καὶ
1014 2199 1179 2250 αὑτὸν
1222 2199 1330 2252 τῶν
1365 2199 1742 2269 πραχθέντων,
1776 2201 1901 2254 ἐπεὶ
1944 2204 2039 2256 καὶ

458 2288 661 2350 αἰτίαις
702 2291 822 2349 ταῖς
866 2291 1295 2360 προρῤηΟείσαις
1342 2292 1559 2360 φθάσας
1605 2295 2041 2365 συγκεκοινώνη-

460 2397 575 2444 κεν,
605 2381 680 2444 ὡς
709 2381 774 2435 ἂν
798 2384 892 2436 καὶ
924 2384 1087 2447 αὐτὸς
1121 2384 1363 2455 δηλονότι
1397 2386 1466 2440 τὰ
1503 2388 1665 2457 ὃμοια
1701 2389 2038 2458 κατασφαλι-

461 2539 578 2591 nire
600 2549 750 2593 certo
777 2538 1117 2596 al‘lirmareve
1134 2543 1337 2599 ausim.
1372 2542 1526 2610 Quod
1562 2555 1744 2600 autem
1793 2546 2042 2602 historici

461 2631 694 2685 allii-ium
720 2635 907 2705 exigit,
930 2652 1039 2690 non
1071 2636 1455 2702 dissimulabo,
1492 2641 1672 2695 visum
1710 2640 2041 2711 quibust

464 2724 567 2779 hoc
594 2726 875 2794 pertinere
913 2736 1025 2782 tum
1051 2727 1119 2782 ad
1150 2743 1213 2782 ea
1242 2744 1361 2798 qua:
1398 2729 1561 2784 modo
1595 2730 1905 2795 retulimus,
1936 2730 2042 2802 55

463 2828 572 2871 tum
597 2818 663 2872 ad
696 2819 821 2882 alia,
866 2835 987 2889 quae
1032 2820 1153 2890 pari
1187 2821 1537 2878 humanitate
1593 2832 1726 2878 tunc
1775 2839 1804 2877 a
1856 2841 2042 2879 rerum

463 2910 776 2975 potentibus
806 2911 1029 2979 impune
1047 2912 1503 2982 designabantur,
1529 2923 1650 2969 acta
1677 2916 2041 2985 reprobanda,

462 3000 619 3065 quasi
661 3001 870 3056 scilicet
911 3002 1002 3057 ille
1039 3018 1205 3057 cruor
1234 3004 1355 3058 vice
1381 3005 1649 3060 naturalis
1699 3007 1898 3076 pluvia:
1951 3008 2047 3062 de-

2140 1839 2439 1909 διπτύχων,
2475 1839 2705 1910 ὕστερον
2737 1841 2793 1892 δὲ
2818 1841 2998 1893 αἰτίαν
3024 1843 3221 1910 σχόντα
3249 1843 3311 1893 ἐκ
3341 1842 3531 1911 φήμης
3567 1839 3733 1911 ἠκού-

2141 1946 2240 2000 σης
2283 1931 2358 1994 ὡς
2395 1930 2539 1984 οὕτω
2583 1932 2797 2002 συμϐὰν
2844 1931 2920 2000 τῷ
2973 1935 3103 2002 ῥηγὶ
3157 1934 3253 2001 τῆς
3310 1931 3600 2001 Ἀρμενίας
3631 1931 3734 1999 τῆς

2141 2024 2235 2076 ἐπὶ
2280 2026 2346 2093 τῇ
2383 2024 2653 2095 ἐκκλησίᾳ
2698 2024 3030 2094 ἐκοινώνησε
3078 2027 3342 2090 στάσεως,
3380 2024 3546 2095 μηδὲν
3593 2024 3730 2076 ἀνα-

2144 2117 2428 2186 μείναντες
2454 2116 2834 2180 συνεξετάξειν
2856 2116 2915 2168 τὸ
2944 2117 3164 2184 γεγονὸς
3186 2117 3427 2187 εὐχερῶς
3450 2113 3731 2185 ἐξαιροῦσι

2139 2206 2404 2277 τοῦνομα.
2447 2205 2693 2260 Ἐκείνου
2728 2205 2786 2259 δὲ
2822 2206 2945 2277 μηδ’
2985 2208 3042 2271 ὲς
3090 2206 3262 2280 βραχὺ
3297 2208 3731 2277 περιγενομένου

2142 2301 2300 2370 (ἴσως
2330 2298 2438 2367 γὰρ
2485 2298 2552 2352 ἂν
2582 2300 2674 2352 καὶ
2718 2299 2937 2369 ἀπήντα
2978 2300 3115 2369 πρὸς
3151 2300 3251 2369 τὴν
3290 2299 3651 2367 κατηγορίαν,
3679 2299 3734 2350 εί

2144 2388 2365 2458 περιῆν)
2416 2390 2467 2440 οἱ
2517 2372 2797 2459 ἀρχιερεῖς
2841 2388 3463 2459 ἀμφιγνωμονήσαντες,
3510 2388 3561 2440 οἱ
3629 2386 3735 2457 μὲν

2144 2558 2244 2614 pro
2296 2541 2467 2597 irritis
2498 2550 2555 2596 et
2606 2558 2891 2613 perperam
2930 2544 3173 2600 decretis
3218 2559 3277 2600 se
3316 2544 3552 2608 habere,
3605 2558 3736 2612 qua:

2144 2650 2319 2704 nuper
2354 2634 2409 2687 in
2437 2650 2601 2688 causa
2636 2651 2789 2705 papa:
2838 2652 2902 2691 ac
2929 2636 3339 2691 conciliationis
3363 2635 3569 2691 Graecae
3597 2651 3735 2691 cur:

2144 2727 2335 2781 Latina
2354 2725 2722 2781 Ecclesiarum
2746 2738 2950 2783 statuta
2970 2729 3229 2783 fuissent.
3252 2728 3365 2783 Hoc
3385 2737 3738 2799 postremum

2145 2820 2216 2875 ab
2249 2834 2317 2873 eo
2353 2817 2576 2890 petendi
2609 2835 2775 2875 causa
2816 2821 2936 2885 fuit,
2967 2821 3109 2890 quod
3145 2821 3191 2875 is
3225 2829 3452 2891 propter
3486 2820 3739 2877 rationes

2123 2938 2173 2975 ‘a
2205 2920 2363 2975 nobis
2420 2929 2547 2973 ante
2601 2922 2931 2971 memoratas
2984 2914 3453 2967 communicasset
3504 2928 3628 2969 cum
3664 2913 3737 2968 iis

2144 3012 2239 3085 qui
2273 3011 2360 3065 illa
2390 3016 2637 3081 egerant.
2685 3004 3026 3071 Addebatur,
3066 3004 3169 3060 hac
3203 3004 3492 3058 dumtaxat
3538 3003 3737 3059 condi-

468 3092 675 3146 IlliSSUS
706 3108 736 3147 e
768 3094 1010 3148 nubibus
1035 3095 1392 3150 adumbraret
1427 3097 1791 3152 intrusioncm
1834 3100 2045 3155 violen-
2069 3136 2115 3196 α
2150 3105 2316 3166 tione,
2358 3103 2402 3158 si
2461 3103 2579 3157 haec
2613 3100 2819 3169 scripto
2863 3106 2919 3153 et
2955 3098 3323 3168 chirographo
3381 3097 3648 3161 ﬁrmaret,
3684 3097 3735 3152 ei

465 3189 574 3233 tam
603 3196 871 3235 novorum
904 3184 1214 3239 antistitum
1240 3186 1294 3239 in
1338 3186 1499 3241 sedes
1548 3202 1647 3256 per
1677 3188 1787 3241 vim
1835 3190 2041 3259 ejecto-

466 3288 610 3326 rinn.
653 3273 942 3344 Utcunque
991 3276 1094 3340 sit,
1133 3276 1225 3331 isti
1258 3286 1432 3341 certe,
1468 3277 1596 3332 dum
1632 3293 1733 3333 suo
1771 3280 2041 3338 arbitratu

462 3367 529 3420 ad
566 3364 892 3435 Ecclesiam,
923 3368 1094 3439 '_sicut
1138 3369 1315 3427 videri
1374 3371 1651 3433 volebant.
1703 3390 2038 3446 componen-

461 3461 586 3537 dam
613 3469 719 3512 tam
751 3460 1077 3517 vehemente
1110 3463 1502 3523 incumbebant
1528 3484 1715 3539 Opera,
1763 3470 2045 3541 tyrannica

464 3552 522 3605 in
559 3550 747 3604 multis
766 3553 1003 3618 grassari
1023 3553 1246 3609 licentia
1275 3571 1386 3610 non
1428 3559 1706 3615 immerito
1741 3562 2048 3617 censeban-

466 3653 573 3706 tur,
604 3643 899 3698 abutentes
929 3648 1353 3702 mansuetudine
1390 3650 1758 3720 imperatoris,
1782 3655 1879 3723 qui
1912 3670 2046 3709 vana

467 3750 563 3804 spe
599 3735 857 3792 inductus
900 3738 968 3793 ab
990 3739 1100 3794 illis
1124 3740 1261 3796 facta
1297 3745 1447 3812 pacis
1469 3761 1530 3798 ac
1557 3747 1863 3801 concordia:
1888 3748 2047 3817 plene

466 3828 839 3895 restituendae,
890 3832 937 3886 si
986 3848 1150 3903 agere
1191 3836 1339 3901 ipsos
1401 3853 1524 3907 quae
1568 3840 1769 3895 vellent
1816 3843 2047 3910 sineret,

465 3929 661 3974 cuncta
684 3922 739 3975 in
760 3938 948 3977 eorum
973 3926 1259 3980 arbitrium
1284 3928 1611 3997 proiecerat,
1636 3932 1895 3988 ell‘ectum
1922 3950 2051 3989 exo-

467 4014 833 4081 platissimum
884 4029 940 4070 et
967 4020 1294 4086 promissum
1347 4023 1580 4090 publica:
1641 4027 2048 4094 tranquillitatis

479 4106 619 4159 bene
650 4110 841 4176 quovis
869 4111 1160 4165 emendum
1194 4114 1372 4183 pretio
1407 4124 1577 4183 ratus,
1618 4125 1673 4171 et
1700 4132 1730 4172 e
1768 4119 1860 4173 tali
1918 4134 2052 4174 con—

465 4199 709 4255 niventia
739 4204 1055 4271 prudenter,
1086 4214 1142 4260 ut
1166 4205 1269 4274 ipsi
1296 4207 1596 4275 videbatur,
1615 4221 1957 4280 ex5pectans.

470 4336 559 4391 l9.
590 4335 661 4391 De
689 4342 924 4409 Augusta
956 4340 1228 4395 Theodora
1253 4353 1298 4396 el
1321 4344 1632 4411 patriarcha
1658 4346 2043 4408 Alexandrino.

2148 3193 2499 3249 tribuendum
2537 3202 2595 3246 ut
2627 3207 2657 3244 ο
2692 3190 2863 3244 sacris
2895 3189 3169 3260 diptychis
3200 3204 3400 3244 nomen
3432 3189 3554 3259 ejus
3589 3189 3737 3243 inter

2142 3298 2372 3344 caeteros
2396 3284 2740 3357 patriarchas
2768 3292 3186 3337 memoraretur.
3225 3283 3294 3336 At
3354 3281 3737 3339 Antiochenus

2143 3381 2454 3452 patriarcha
2481 3377 2824 3433 Theodosius
2847 3374 3130 3446 Princeps,
3153 3376 3371 3432 occulto
3389 3384 3565 3430 tactus
3582 3388 3735 3431 metu

2146 3490 2215 3530 ne
2236 3472 2365 3543 quid
2396 3471 2451 3526 hi
2497 3469 2718 3541 gravius
2783 3468 2837 3523 in
2884 3483 3009 3523 sese
3057 3468 3435 3534 consulerent,
3489 3468 3738 3524 exterius

2146 3575 2330 3621 tamen
2383 3580 2495 3635 prae
2536 3562 2643 3633 56
2676 3577 2733 3615 sc
2766 3560 2976 3616 ferebat
3005 3559 3155 3615 haud
3192 3560 3309 3627 sibi
3358 3560 3603 3629 probari,
3636 3561 3738 3615 sed

2148 3672 2253 3712 nec
2296 3654 2364 3711 ad
2399 3669 2458 3710 se
2489 3654 2786 3724 quidquam
2825 3651 3085 3705 arbitrari
3143 3650 3449 3720 pertinere,
3477 3666 3598 3721 qua:
3637 3652 3738 3705 lie-

2149 3756 2290 3803 rent.
2370 3746 2513 3817 Ergo
2568 3742 3027 3812 aSpernabundus
3088 3749 3144 3795 et
3185 3742 3436 3812 speciose
3506 3758 3739 3797 securus

2151 3840 2525 3907 conscriptam
2556 3834 2962 3888 abdicationem
3024 3833 3453 3902 patriarchatus,
3502 3833 3742 3903 impera-

2152 3943 2272 3987 tore
2305 3927 2506 3989 inscio.
2538 3925 2847 3980 Antiochia:
2879 3924 3121 3994 reliquit,
3152 3924 3270 3995 ipse
3299 3926 3352 3979 in
3387 3924 3597 3997 Syriam
3631 3927 3740 3979 ini-

2152 4036 2336 4092 grans,
2382 4020 2470 4073 ubi
2506 4017 2826 4072 Latinorum
2871 4018 2927 4070 in
2980 4026 3248 4087 potestate
3280 4017 3465 4072 multte
3492 4028 3605 4072 tum
3640 4020 3741 4074 ad-

2154 4116 2263 4170 huc
2291 4123 2348 4168 et
2379 4127 2584 4182 magna:
2605 4110 2859 4165 civitates
2888 4119 3065 4174 erant,
3115 4107 3429 4172 Ptolemais,
3480 4110 3735 4182 Berytus,

2158 4206 2352 4267 Sidon,
2396 4205 2596 4275 Tyrus,
2629 4218 2837 4273 oraque
2891 4203 2983 4257 illa
3033 4202 3316 4258 maritima
3354 4204 3637 4270 universa,
3676 4205 3733 4260 in

2155 4315 2260 4371 qua
2298 4298 2414 4352 itali
2459 4297 2726 4353 adversus
2781 4312 2916 4367 opes
2948 4296 3269 4367 AEthiopum
3303 4313 3462 4352 suum
3517 4302 3737 4371 egregie

2158 4391 2447 4461 imperium
2496 4390 2815 4446 tuebantur.
2871 4387 3065 4444 Clerus
3115 4404 3280 4459 porro
3355 4390 3738 4446 Antiuehenus

540 4472 645 4526 Sed
680 4484 735 4527 ut
767 4474 833 4527 ad
871 4475 1061 4545 synodi
1093 4489 1213 4531 acta
1249 4478 1562 4544 redeamus,
1598 4480 1653 4536 in
1681 4482 1766 4538 his
1815 4494 1869 4538 et
1900 4486 2038 4542 illud
2073 4479 2127 4539 D
2154 4484 2497 4541 abdicatione
2537 4482 2808 4552 Principis
2840 4490 3066 4552 accepta
3110 4481 3479 4537 concordibus
3507 4482 3738 4539 calculis

471 4579 574 4618 (εει.
600 4565 679 4619 Ab
716 4567 957 4637 Augusta
985 4566 1272 4624 Theodora
1299 4570 1421 4625 fidei
1446 4572 1691 4629 libellum
1717 4588 2042 4649 exegerunt,

472 4668 841 4729 prmtereaque
877 4671 938 4716 ut
969 4664 1175 4730 scripto
1210 4666 1339 4722 dato
1370 4683 1429 4723 se
1462 4671 1781 4726 renuntiare
1823 4675 2047 4743 proﬁte-

476 4762 628 4805 retur
663 4753 1015 4807 conventioni
1057 4756 1414 4812 ecclesiarum
1460 4769 1516 4814 et
1544 4762 1872 4819 obedientias
1895 4780 2049 4835 papa:

473 4845 636 4915 paulo
705 4854 833 4900 ante
900 4847 1116 4917 publice
1196 4851 1473 4919 admissis;
1552 4862 1742 4910 sancte
1803 4857 2049 4927 denique

472 4938 824 5007 poflicerctur
866 4954 926 4995 se
984 4957 1262 5012 nunquam
1307 4944 1603 5015 petituram
1659 4947 1896 5018 persolvi
1929 4949 2047 5002 viro

472 5045 574 5084 suo
607 5030 866 5084 defuncto
909 5030 1055 5100 justa
1090 5034 1343 5090 funebria
1372 5036 1760 5092 deeantatione
1811 5041 2049 5109 psalmo-

474 5138 595 5176 rum
624 5129 679 5175 et
707 5130 905 5178 cartero
934 5125 1305 5180 ecclesiastico
1330 5127 1437 5182 ritu
1464 5128 1813 5183 celebranda.
1845 5128 2047 5183 [larum

472 5229 654 5268 rerum
691 5231 900 5271 merces
936 5218 1318 5274 ostentabatur
1350 5221 1526 5275 hOI'IOS
1569 5222 2049 5275 commemoratio-

472 5305 559 5359 nis
586 5306 823 5361 nominis
856 5308 974 5378 ejus
1006 5308 1060 5362 in
1115 5309 1369 5376 ecclesia,
1415 5309 1562 5364 inter
1595 5325 1751 5363 sacra
1811 5311 2048 5380 conjun-

398 5404 403 5407 “
471 5399 633 5471 gendi
684 5415 809 5454 eum
870 5402 1093 5456 nomine
1147 5402 1499 5473 imperatoris
1567 5402 1742 5471 ipsius
1786 5403 1901 5456 lilii.
1968 5402 2050 5457 Ab

473 5489 845 5546 Alexandrino
863 5491 990 5543 item
1017 5490 1327 5561 patriarcha
1359 5490 1708 5558 postularunt
1727 5491 2047 5553 Athanasio,

474 5594 532 5637 ut
559 5598 787 5638 assensu
819 5584 1204 5653 comprobaret
1231 5598 1332 5637 suo
1363 5582 1769 5637 damnationem
1803 5593 1861 5639 et
1903 5584 2051 5651 deje-

476 5672 715 5726 ctionem
774 5689 805 5728 e
834 5674 1003 5745 gradu
1064 5673 1403 5743 privatorum
1435 5673 1550 5727 suis
1578 5673 1804 5729 sedibus
1835 5675 2047 5729 antisti-

476 5771 589 5818 tum
624 5779 642 5830 ;
674 5764 897 5835 insuper
947 5775 1005 5821 ut
1037 5767 1155 5836 ipse
1205 5782 1421 5835 quoque
1497 5767 1703 5822 diserte
1746 5767 2046 5823 declararet

2153 4577 2520 4649 patriarcbam
2573 4573 2778 4630 creavit
2812 4572 3386 4643 llagio-Symeonitem
3415 4573 3733 4638 Arsenium,

2150 4671 2332 4725 virum
2385 4667 2646 4737 prmclara
2675 4665 3059 4720 sanctimoniae
3107 4666 3293 4736 specie
3337 4667 3733 4735 venerabilem,

2150 4772 2312 4827 quem
2365 4756 2551 4810 statim
2606 4753 3199 4824 Constantinopolitani
3257 4767 3626 4827 agnoscentes
3678 4757 3736 4811 in

2151 4849 2595 4903 communionem
2626 4846 2986 4913 admiserunt,
3025 4849 3383 4917 pronuntiato
3401 4849 3579 4916 palam
3613 4850 3734 4921 ejus

2152 4940 2471 5011 ediptycbis
2502 4941 2745 4995 nomine.
2778 4940 3135 4996 Postmodum
3157 4949 3337 4995 tamen
3359 4939 3503 4994 fama
3541 4957 3733 5010 sparsa

2152 5031 2589 5085 communicasse
2619 5030 2796 5099 ipsum
2831 5047 2953 5085 cum
2983 5047 3107 5101 rege
3137 5031 3413 5086 Armenia:
3438 5032 3505 5086 ab
3544 5031 3734 5086 Eccle-

2152 5125 2230 5179 sia
2267 5124 2523 5187 discisso,
2554 5122 2782 5179 minime
2814 5134 3035 5196 sumpto
3062 5125 3130 5179 ad
3166 5123 3585 5194 inquisitionem
3618 5123 3733 5177 veri

2152 5217 2352 5288 spatio,
2381 5216 2585 5285 cupide
2615 5216 2921 5272 multarunt
2975 5218 3189 5271 honore
3235 5217 3341 5271 isto
3369 5226 3425 5270 et
3478 5232 3509 5270 e
3562 5218 3739 5272 sacris

2154 5307 2351 5364 tabulis
2384 5308 2504 5370 ejus
2551 5323 2751 5363 nomen
2783 5316 3195 5379 expunxerunt.
3249 5307 3494 5379 Contigit
3548 5319 3731 5362 autem

2153 5403 2333 5471 ipsum
2368 5402 2471 5455 sub
2527 5402 2633 5456 hoc
2665 5415 2889 5473 tempus
2924 5418 2954 5457 e
2984 5402 3126 5456 vivis
3161 5401 3359 5456 cedere
3390 5418 3405 5456 :
3455 5417 3619 5472 quem
3649 5413 3734 5455 est

2153 5491 2438 5554 credibile,
2469 5492 2513 5547 si
2549 5492 2633 5546 vel
2662 5493 2934 5547 modicum
2964 5491 3370 5561 superfuisset,
3410 5492 3475 5545 ad
3506 5506 3728 5545 causam

2152 5585 2439 5640 dicendam
2497 5584 3030 5656 Constantinopolim
3088 5594 3405 5639 venturum.
3458 5583 3729 5639 Caeterum

2154 5678 2429 5733 antistites
2459 5678 2525 5732 ad
2565 5680 2615 5732 ei
2645 5692 3025 5733 successorem
3063 5677 3379 5748 eligendum
3411 5676 3723 5749 congregati

2154 5770 2288 5825 duas
2360 5771 2414 5824 in
2458 5772 2762 5827 sententias
2829 5771 2981 5827 scissi
3028 5779 3155 5826 sunt
3217 5789 3229 5824 :
3275 5771 3470 5827 Cilices
3527 5771 3728 5842 quippe
