4094 6398
396 361 471 426 65
1342 360 1437 422 DE
1477 336 1926 421 ANDRONICO
1968 356 2432 419 PALFEOLOGO
2472 361 2621 422 LIB.
2665 364 2713 422 Ι.
3596 361 3667 427 b6

407 472 556 527 κατὰ
583 469 838 524 Κιλικίαν
870 470 962 522 τὸν
996 467 1496 539 Πομπηϊουπὸλεως
1535 467 1830 531 Διονύσιον,
1861 466 1910 518 οἱ
1940 462 1995 515 δὲ
2025 465 2065 521 Δ
2100 465 2325 520 καίαθεν
2353 469 2492 535 (ἐκεῖ
2513 467 2622 539 γὰρ
2654 470 2746 522 καὶ
2772 469 3138 538 συνετηρεῖτο)
3165 468 3387 524 ἀπολύει
3421 460 3669 540 πρὺςδτδν

406 562 556 633 ἀμφὶ
612 563 812 633 Συρίαν
852 562 943 613 τὸν
978 560 1154 631 Τύρου
1207 560 1476 637 Κύριλλον
1523 558 1825 613 καθιστῶσι
1850 573 1864 589 ·
1896 555 1991 610 καὶ

403 654 502 708 τοῦ
524 655 799 707 Διονυσίου
826 654 1251 723 κραδαινομένου
1277 651 1471 721 φθάνει
1502 650 1822 721 προκριθεὶς
1850 649 1991 719 ὑπὲρ

405 747 617 799 ἐκεῖνον
649 747 678 798 6
703 744 988 815 Κύριὶλος.
1016 745 1119 797 Τὸν
1152 744 1285 812 γοῦν
1331 743 1737 813 Ἀλεξανδρείας
1758 739 1994 794 ἐνταῦθα

407 838 656 905 παρόντα
685 834 797 887 οὒτ’
843 834 1025 886 ὠδύνα
1073 831 1132 886 τὸ
1185 834 1260 903 μὴ
1289 835 1402 896 τοῖς
1438 833 1616 894 ἄλλοις
1661 846 1991 900 συμμνημο-

405 926 663 978 νεύεσθαι
690 922 774 995 ίΡ.
806 922 899 994 54]
934 923 1024 993 (τὰ
1048 923 1157 991 γὰρ
1185 926 1299 987 τοῖς
1336 922 1551 984 πολλοῖς
1605 920 1993 992 συμϐεϐηκότα

407 1014 471 1068 τὸ
518 1016 641 1068 καθ’
684 1014 849 1068 αὑτὸν
889 1014 1132 1083 λυπηρὸν
1183 1012 1559 1083 ἀπέκρυπτεν)
1613 1011 1739 1065 οὔτε
1791 1010 1895 1082 μὴν
1934 1009 1994 1061 τὸ

405 1105 693 1173 ἀξιοῦσθαι
746 1106 996 1175 μετέχειν
1045 1104 1197 1173 σφίσι
1227 1104 1330 1173 τῆς
1378 1104 1603 1174 μνήμης
1649 1101 1884 1155 ἔθαλπε·
1924 1099 1994 1152 τὰ

406 1198 522 1270 γὰρ
556 1198 711 1267 παρὰ
742 1196 802 1250 τὸ
856 1197 1069 1265 πρέπον
1109 1193 1446 1265 πραχθέντα,
1492 1188 1576 1256 οἷς
1620 1193 1895 1247 κοινωνεῖν
1925 1187 1993 1260 ἦν

407 1290 698 1359 γεγονότα,
727 1288 1093 1355 συγκάταινον
1118 1287 1458 1356 περιίστατο.

636 1422 709 1478 κ’.
744 1422 881 1491 Περὶ
906 1421 1017 1491 τῆς
1042 1420 1330 1491 γυναικὸς
1359 1421 1466 1475 τοῦ
1497 1418 1768 1490 Τερτερῆ.

498 1561 666 1617 Ἀλλὰ
716 1559 926 1613 τούτων
980 1559 1375 1629 ἀνηρτημένων
1402 1560 1498 1613 καὶ
1550 1558 1630 1612 ἔτι
1662 1562 1689 1612 6
1741 1557 1993 1629 βασιλεὺς

408 1650 508 1706 τοῦ
573 1651 844 1723 Τερτερῆ,
884 1650 944 1703 ὃν
992 1650 1058 1720 δὴ
1111 1649 1338 1719 βασιλέα
1394 1649 1718 1719 Βουλγάρων
1771 1652 1799 1702 6
1835 1649 1993 1717 λόγος

408 1744 627 1797 ἐδείκνυ
655 1742 748 1795 τοῦ
792 1742 957 1795 Ἀσὰν
997 1741 1208 1794 ἐκεῖθεν
1238 1742 1719 1812 ἀναχωρήσαντος.
1747 1739 1995 1810 πέμψαν-

409 1853 505 1899 τος
543 1837 639 1888 καὶ
683 1834 963 1898 ἀξιοῦντος
992 1834 1124 1905 περὶ
1154 1833 1254 1904 τῆς
1287 1834 1541 1903 γυναικὸς
1605 1836 1724 1903 (τὴν
1758 1835 1867 1903 γὰρ
1890 1834 1984 1885 τοῦ

424 1927 592 1980 Ἀσὰν
659 1927 1002 1995 αὑταδέλφην
1061 1927 1135 1990 ὡς
1203 1928 1536 1996 παρανόμως
1600 1924 1987 1995 συζευχθεῖσαν

411 2019 749 2088 ἀπέστεργε,
790 2022 885 2072 καὶ
936 2018 1111 2082 ἄλλως
1152 2019 1232 2073 ὅτι
1274 2019 1495 2088 καὶτῆς
1545 2020 1659 2071 ἐκεῖ
1693 2018 1987 2087 ἐκκλησίας

416 2114 494 2183 μὴ
543 2114 990 2182 παραδεχομένης
1023 2111 1184 2164 αὑτὸν
1237 2113 1293 2164 ὲν
1347 2112 1659 2181 ἀγιασμοίς,
1708 2111 1782 2174 ὡς
1812 2110 1985 2177 ἔλεγε,

412 2206 548 2274 περὶ
578 2205 677 2275 τὴν
720 2205 954 2271 σύζυγον
985 2204 1380 2273 ἀνομήσαντα),
1412 2204 1583 2255 ταῦτα
1610 2204 1702 2256 τοῦ
1745 2204 1984 2272 Τερτερῆ

406 2292 848 2363 διαμηνυομένου
879 2294 972 2344 καὶ
999 2294 1096 2355 τὰς
1130 2291 1350 2355 ἐσαῦθις
1384 2293 1700 2359 ἀγαπῶντος
1733 2291 1985 2356 σπονδὰς,

409 2384 744 2447 ἀποστείλας
769 2384 797 2434 6
826 2383 1084 2454 βασιλεὺς
1118 2385 1213 2436 καὶ
1243 2374 1467 2452 ἀγαγὼν
1499 2384 1599 2450 τὴν
1632 2385 1866 2451 γυναῖκα
1895 2381 1991 2433 Νι-

412 2540 987 2611 Pompeiopolitanum
1022 2539 1361 2610 Dionysium,
1403 2539 1523 2610 Syri
1564 2555 1694 2594 vero
1724 2538 1985 2611 Cyrillum
2028 2529 2039 2541 ’

414 2632 642 2703 Tyrium
673 2633 726 2685 in
763 2631 1194 2700 patriarchatum
1264 2639 1618 2686 vocaverunt.
1656 2632 1805 2686 Inter
1864 2647 1987 2699 quae

414 2725 760 2779 deliberante
822 2738 887 2777 ac
923 2724 1232 2794 trepidante
1267 2723 1527 2793 Dionysio
1586 2726 1989 2795 prmoceupavit

415 2818 681 2872 thronum
757 2816 1012 2887 Cyrillus,
1065 2826 1120 2871 et
1162 2818 1221 2871 in
1265 2831 1331 2873 eo
1388 2821 1633 2872 tirmatus
1683 2818 1984 2887 praevaluit.

415 2910 586 2981 igitur
605 2909 1035 2964 Alexandrinum
1069 2910 1156 2963 hic
1191 2910 1667 2979 Constantinopoli
1699 2913 1986 2981 degentem
2031 2902 2041 2910 ’

421 3004 568 3056 nullo
624 3003 923 3057 admodum
971 3003 1176 3058 doloris
1210 3004 1389 3058 affecit
1414 3019 1601 3068 sensu,
1649 3005 1796 3073 quod
1845 3003 1988 3056 inter
2022 3043 2037 3053 α

422 3094 770 3163 patriarchas
805 3110 914 3148 non
942 3096 1269 3149 recitaretur
1323 3111 1518 3149 nomen
1559 3099 1680 3166 ejus
1709 3117 1721 3151 :
1753 3096 1986 3152 soi-ictas
2015 3080 2040 3166 ξ

416 3187 563 3239 enim
596 3186 654 3240 in
685 3187 798 3254 pari
833 3195 978 3240 sorte
1014 3187 1311 3240 multorum
1348 3189 1612 3254 privatam
1662 3188 1836 3257 ipsius
1867 3204 1987 3245 mo-

412 3276 626 3331 lestiam
655 3279 886 3330 levabat.
931 3275 1116 3346 Neque
1141 3294 1268 3346 spes
1311 3278 1382 3331 illi
1410 3281 1588 3333 oblata
1625 3280 1784 3334 istius
1815 3282 1991 3337 hono-

414 3375 491 3429 ris
534 3374 871 3443 adipiscendi
903 3372 1004 3443 57
1048 3389 1299 3444 maguum
1331 3373 1521 3431 habuit
1569 3375 1816 3440 illicium,
1849 3389 1988 3443 pra:-

408 3465 605 3519 sertiui
625 3465 771 3535 quod
801 3480 929 3518 caro
967 3463 1202 3517 eruenda
1247 3472 1667 3533 proponeretur,
1700 3478 1894 3518 exacta
1926 3464 1982 3517 in

409 3558 469 3613 id
497 3557 948 3625 comprobatione
981 3556 1489 3611 inconvenientium
1524 3565 1775 3610 actorum
1794 3556 1982 3626 synodi

411 3649 705 3719 praesentis
736 3665 749 3714 ;
781 3662 1017 3717 quorum
1067 3648 1201 3717 quin
1260 3663 1318 3702 se
1357 3648 1587 3702 fundum
1621 3657 1986 3702 et-auctorem

410 3742 611 3808 ferret,
638 3757 705 3795 ac
734 3753 1142 3812 consequenter
1169 3756 1360 3795 eorum
1383 3742 1646 3796 invidiam
1683 3742 1738 3795 in
1770 3756 1828 3796 se
1863 3757 1986 3795 sus-

412 3836 650 3903 ciperet,
682 3834 773 3904 qui
812 3835 935 3888 talia
970 3834 1290 3905 gerentibus
1323 3835 1776 3901 communicaret,
1812 3848 1987 3890 vitare

411 3944 529 3983 non
572 3943 732 4000 posse
774 3926 935 3984 facile
970 3929 1208 3984 videbat.

858 4070 949 4125 20.
994 4069 1069 4124 De
1099 4086 1260 4126 uxore
1293 4070 1538 4126 Teneris.

487 4204 692 4260 Verum
733 4204 821 4258 his
868 4203 1049 4259 adhuc
1097 4205 1151 4259 in
1185 4204 1581 4261 deliberatione
1614 4207 1982 4275 versantibus,

412 4295 650 4365 contigit
680 4295 1011 4348 instauratio
1072 4294 1298 4349 hederis
1334 4297 1480 4349 inter
1512 4297 1895 4365 imperatorem
1927 4306 1982 4353 et

410 4387 726 4441 Terterem.
756 4385 810 4438 Is
842 4387 899 4438 in
959 4400 1183 4456 regnum
1210 4384 1472 4457 Bulgaria:
1499 4401 1621 4458 post
1642 4388 1837 4445 Asanis
1857 4391 1983 4446 inde

2096 557 2395 628 Τερτερῆν,
2433 558 2718 629 πέμψοντα
2740 561 2994 614 κάκεῖνον
3025 560 3223 615 αὐτίκα
3253 562 3351 632 τὴν
3373 562 3467 616 τοῦ
3506 563 3673 616 ’Λσὰν

2094 646 2347 716 ἀδελφὴν,
2382 649 2410 701 ὃ
2443 649 2506 720 δὴ
2559 651 2653 704 καὶ
2681 652 2895 718 γέγονε.
2948 654 3057 706 Καὶ
3112 653 3173 703 τὸ
3222 651 3496 718 ἐντεῦθεν,
3550 653 3674 705 ἐπεὶ
3752 639 3767 702 ί

2096 736 2357 791 ἀδύνατον
2385 733 2453 808 ἦν
2484 740 2575 793 τὸν
2621 741 2787 793 Ἀσὰν
2819 740 3125 810 βασιλεύειν
3178 742 3506 813 Βουλγάρων
3540 758 3677 812 κρα-

2095 831 2419 894 ταιωθέντος
2456 831 2556 902 ἤδη
2588 832 2680 885 τοῦ
2721 833 2763 883 Τ
2768 836 2985 904 ερτερῆ,
3038 832 3229 903 ἐκείνῳ
3262 833 3363 898 μὲν
3393 833 3674 886 σπένδεται

2096 919 2217 986 (τὰς
2249 921 2358 989 γὰρ
2411 921 2670 990 δυνάμεις
2730 925 2818 991 τῆς
2863 921 3161 991 Ῥωμαῖδος
3204 922 3673 991 πολεμησειούσας

2096 1008 2415 1080 ἐκλείπειν),
2473 1009 2564 1062 τὸν
2613 1009 2658 1062 δ’
2697 1010 2858 1063 Ἀσὰν
2905 1014 3045 1063 κατὰ
3086 1012 3185 1072 τὰς
3235 1011 3503 1081 προτέρας
3552 1027 3701 1072 συνο,

2096 1097 2283 1162 θεσίας
2332 1098 2427 1152 τοῦ
2486 1100 2693 1170 πατρὸς
2742 1100 3008 1170 δεσπότην
3057 1099 3359 1170 Ῥωμαϊὸος
3412 1098 3677 1153 ἀποκαθί-

2097 1207 2310 1260 στησιν.

2094 1343 2202 1398 κα’.
2238 1345 2379 1413 Περὶ
2430 1344 2553 1413 τῆς
2587 1345 2682 1400 ἐπ’
2722 1346 3032 1417 ἀνατολὴν
3073 1348 3383 1416 ,βασιλέως
3424 1349 3672 1416 ἐξελεύ-
3764 1329 3775 1337 ’

2790 1434 2968 1485 σεως.

2167 1549 2252 1624 [Ρ.
2291 1551 2384 1624 55]
2412 1553 2582 1616 Αὐτὸς
2604 1552 2660 1606 δὲ
2683 1553 2920 1624 ἔμμονον
2951 1556 3222 1627 μέριμναν
3253 1557 3390 1629 ἔχων
3421 1561 3519 1631 τῆς
3540 1564 3671 1631 περὶ

2094 1640 2194 1712 τὴν
2237 1641 2561 1713 Ἐκκλησίαν
2602 1643 2855 1713 ὁμονοίας
2887 1647 2983 1697 καὶ
3037 1650 3444 1714 καταστάσεως,
3493 1651 3561 1704 δι’
3602 1652 3670 1721 ἣν

2096 1734 2192 1785 καὶ
2220 1732 2396 1786 ταῦτα
2423 1733 2581 1788 πάντ’
2611 1736 2916 1807 ἐπράττετο
2948 1740 3004 1808 (ἡ
3036 1739 3145 1810 γὰρ
3162 1742 3271 1793 τῶν
3310 1743 3670 1812 Ἀρσενιατῶν

2095 1824 2453 1888 ὲπισύστασις
2495 1826 2665 1897 πολλή
2696 1845 2779 1891 τις
2808 1827 2943 1882 οὖσα
2970 1829 3063 1883 καὶ
3102 1831 3224 1884 καθ’
3262 1834 3500 1905 ἑκάστην
3534 1835 3673 1905 πλη-

2097 1918 2332 1988 θυομένη
2359 1921 2586 1989 ἠρεμεῖν
2615 1921 2715 1973 οὐκ
2748 1920 2883 1991 εἴα),
2931 1924 3152 1994 ἀπάρας
3186 1926 3283 1996 τῆς
3322 1928 3671 1981 Κωνσταντί-

2095 2027 2188 2063 νου
2208 2009 2296 2063 ἐπ’
2320 2011 2586 2080 ἀνατολῆς
2615 2011 2867 2082 ἤλαυνεν,
2898 2015 3204 2086 ἐπισκήψας
3228 2017 3323 2069 καὶ
3351 2019 3667 2093 πατριάρχῃ

2096 2102 2188 2152 καὶ
2221 2103 2331 2164 τοῖς
2363 2103 2589 2168 λοιποῖς,
2627 2105 2742 2157 ὅσοι
2776 2122 2835 2157 τε
2870 2106 2996 2175 περὶ
3026 2108 3116 2160 τὸν
3161 2113 3504 2181 πατριάρχην
3527 2107 3669 2182 ἦσαν

2096 2195 2189 2247 καὶ
2230 2195 2344 2248 ὅσοι
2371 2198 2470 2267 τῆς
2503 2199 2754 2262 ἐναντίας
2799 2200 3013 2271 μοίρας,
3051 2204 3228 2255 ἐκεῖσε
3276 2207 3404 2275 περί
3438 2223 3539 2259 που
3567 2207 3668 2269 τὰς

2105 2286 2509 2352 ’Υποπλακίους
2531 2289 2714 2360 Θήϐας
2744 2294 2991 2363 ἀπαντᾲν
3030 2294 3127 2364 τὴν
3156 2297 3414 2366 ταχίστην
3443 2298 3546 2350 ὑπὸ
3574 2299 3670 2368 βα.-

2096 2379 2332 2442 σιλικαῑς
2377 2382 2626 2453 τριήρεσί
2654 2398 2714 2435 τε
2744 2385 2842 2436 καὶ
2882 2385 3137 2455 ἐφοδίοιπ,
3172 2388 3247 2451 ὼς
3281 2389 3395 2441 ἐκεῖ
3445 2391 3670 2461 κινηθη-

2101 2541 2453 2610 possessione
2495 2541 2832 2601 validissime
2876 2544 3125 2603 firmatus
3179 2561 3471 2619 appareret
3540 2550 3670 2608 t‘er-

2097 2642 2266 2700 teres,
2297 2636 2564 2704 optimum
2595 2636 2740 2691 factu
2771 2639 3301 2710 putavitimperator
3331 2644 3512 2700 foedus
3541 2663 3667 2702 eum

2096 2723 2201 2777 hoc
2248 2725 2415 2792 icere,
2465 2726 2652 2796 utique
2686 2743 2880 2797 parum
2927 2732 2995 2786 ad
3043 2748 3268 2789 manum
3310 2737 3517 2793 habens
3565 2742 3672 2794 ιιο-

2096 2831 2384 2871 manarum
2481 2822 2764 2890 capiarum
2846 2823 3107 2879 alacrium
3196 2830 3264 2883 ad
3332 2847 3544 2903 pugnas
3613 2844 3670 2889 et

2095 2907 2163 2961 ad
2196 2923 2308 2962 rem
2342 2909 2483 2966 bene
2510 2915 2807 2983 gerendam
2846 2931 2972 2972 cum
3022 2929 3128 2975 tam
3187 2923 3374 2980 vicino
3413 2935 3671 2981 strenuo-

2095 3016 2203 3070 que
2239 3004 2395 3057 hoste
2442 3016 2819 3076 promptarum
2856 3010 3014 3066 satis.
3062 3015 3336 3072 Convenit
3375 3034 3506 3090 ergo
3539 3036 3666 3076 cum

2096 3091 2352 3164 Bulgaro,
2396 3098 2586 3166 Asani,
2638 3100 2794 3171 juxta
2820 3115 2978 3173 pacta
3012 3108 3165 3176 prius
3193 3125 3224 3164 a
3260 3122 3414 3181 patre
3444 3131 3568 3172 cum
3600 3135 3667 3175 eo

2088 3185 2250 3252 inita,
2323 3189 2647 3260 dignitatem
2716 3195 2961 3267 despotae
2989 3199 3273 3260 Romaidis
3318 3208 3373 3262 in
3414 3211 3666 3279 qualem-

2091 3295 2325 3351 cumque
2355 3286 2527 3352 regni-
2554 3286 2741 3342 amissi
2776 3294 3281 3360 compensationem
3315 3300 3591 3358 tribuens.

2212 3417 2303 3473 21.
2332 3417 2414 3472 De
2445 3420 2770 3491 profectione
2793 3426 3129 3495 imperatoris
3157 3431 3211 3484 in
3239 3429 3528 3489 Orientem.

2161 3555 2275 3610 Hac
2307 3571 2439 3612 cura
2498 3558 2678 3615 soluto
2729 3559 3043 3632 imperatori
3095 3567 3275 3621 acrior
3302 3570 3408 3626 alia
3458 3584 3513 3629 et
3541 3590 3664 3644 per-

2089 3651 2430 3703 severantior
2485 3653 2652 3707 altius
2730 3653 3004 3711 insidebat
3088 3663 3296 3728 animo,
3352 3671 3662 3726 concordiae

2088 3743 2308 3797 tandem
2338 3743 2650 3813 in,Ecelesia
2681 3746 2825 3802 bona
2854 3751 2957 3804 fide
2987 3755 3310 3820 statuendae,
3359 3755 3469 3829 58
3495 3777 3660 3830 quam

2039 3900 2041 3903 η
2088 3835 2250 3891 unice
2280 3837 2348 3891 ad
2370 3853 2484 3892 rem
2506 3839 2607 3893 etsi
2644 3849 2839 3896 cuncta
2872 3857 2993 3912 qua:
3022 3860 3172 3900 nunc
3196 3850 3429 3908 maxime
3466 3859 3661 3912 tierent

2088 3928 2491 3996 referebantur,
2528 3939 2715 3985 tamen
2756 3933 2891 3986 nihil
2919 3935 3215 3992 admodum
3249 3939 3514 3998 hactenus
3539 3963 3662 4002 esse

2086 4018 2395 4089 profecxum
2457 4024 2781 4091 apparebat.
2838 4024 2982 4097 Ergo
3016 4029 3308 4086 sollicitqu
3360 4036 3450 4089 tali
3489 4052 3657 4095 causa

2085 4115 2391 4184 principem
2436 4127 2652 4170 cessare
2684 4117 2741 4169 in
2769 4115 3124 4187 inquisitione
3175 4123 3420 4179 ulteriori
3455 4133 3662 4185 rnedio-

2088 4222 2206 4260 rum
2249 4208 2317 4261 ad
2351 4208 2513 4262 finem
2553 4216 2662 4262 tam
2726 4218 3120 4279 necessarium,
3178 4233 3300 4271 eum
3337 4221 3561 4278 minime
3589 4225 3660 4279 si-

2086 4313 2244 4358 neret
2271 4303 2512 4377 ﬂagrans
2574 4306 2862 4377 plusquam
2904 4324 3145 4380 unquam
3205 4323 3257 4366 et
3299 4316 3513 4385 pollens
3554 4337 3660 4375 nu-

2087 4412 2239 4451 mero
2289 4397 2455 4468 inque
2491 4397 2608 4453 dies
2639 4408 2970 4468 augescente
3016 4403 3367 4461 multitudine
3437 4424 3659 4467 sarcre-

409 4490 718 4540 secessum,
756 4484 813 4528 ul
870 4475 1005 4529 alias
1034 4477 1296 4538 diximus.
1330 4488 1576 4544 (ἔνθοιυὴ
1628 4480 1880 4551 ιἐιιὸίίηιὶ
1920 4498 1979 4536 se
2014 4482 2059 4538 ι)
2086 4506 2249 4546 secus
2280 4491 2582 4546 Arseuiana
2616 4490 2802 4558 factio,
2836 4507 3066 4548 movens
3114 4498 3458 4555 Andronicus
3515 4503 3658 4558 Con-

408 4569 616 4624 dueere
663 4570 927 4637 profiteris
979 4578 1165 4623 tenere
1191 4570 1246 4622 in
1306 4572 1671 4627 contubernio
1736 4589 1983 4630 sororem

407 4665 661 4733 ejusdem
698 4663 911 4729 Asanis,
947 4676 1110 4731 quam
1142 4663 1422 4731 repudiata
1470 4674 1659 4719 contra
1689 4666 1770 4721 fas
1799 4672 1985 4738 priore

410 4759 653 4830 legitima
709 4762 941 4828 conjuge
991 4759 1257 4823 duxisset,
1302 4773 1405 4815 nec
1433 4759 1580 4815 ferre
1633 4764 1888 4834 amplius,
1923 4772 1984 4818 ut

409 4858 618 4918 aiebat,
663 4856 849 4909 valens
897 4870 956 4909 se
988 4856 1056 4908 ab
1103 4853 1349 4911 Ecclesia
1400 4858 1485 4912 sui
1523 4862 1671 4930 regni
1697 4876 1983 4917 sacrorum

412 4960 690 5004 exsortem
730 4963 795 5001 eo
832 4947 1058 5001 nomine
1095 4949 1308 5001 censeri
1336 4957 1501 5018 atque
1531 4966 1562 5003 a
1595 4954 1983 5010 communione

413 5041 596 5111 rejici,
652 5039 799 5093 misit
848 5040 916 5093 ad
974 5040 1385 5108 imperatorem,
1414 5044 1509 5112 qui
1563 5046 1678 5099 haec
1733 5046 1846 5115 ipsa
1888 5062 1985 5102 ex-

412 5140 689 5202 ponerent
747 5141 803 5186 et
867 5142 1117 5200 paratum
1164 5147 1287 5187 sese
1339 5135 1406 5188 ad
1468 5151 1663 5204 pacem
1725 5153 1851 5191 cum
1915 5154 1981 5194 eo

408 5223 766 5279 sanciendam
819 5223 1153 5278 afﬁrmarent
1200 5240 1265 5279 ea
1300 5228 1636 5292 conditione,
1693 5229 1739 5284 si
1796 5246 1979 5286 veram

409 5317 515 5373 sibi
548 5332 728 5380 suam,
765 5331 884 5386 quae
918 5315 1108 5371 Nicaea:
1143 5318 1513 5385 detinebatur,
1577 5338 1800 5377 uxorem
1853 5326 1982 5380 red-

403 5411 592 5467 deret.
651 5410 733 5464 Ad
762 5423 884 5479 qua:
922 5409 1216 5479 imperator
1275 5425 1525 5467 annuens
1580 5414 1832 5469 eductam
1883 5434 1980 5473 cu-

406 5505 591 5562 stodia
629 5502 917 5559 mulierem
953 5505 1021 5558 ad
1068 5503 1353 5561 Terterem
1387 5507 1618 5574 remisit,
1676 5522 1873 5579 pactus
1924 5523 1984 5568 ut

401 5602 452 5655 is
477 5598 723 5654 vicissim
804 5612 1048 5653 sororem
1126 5599 1320 5654 Asanis
1374 5601 1442 5655 ad
1502 5617 1562 5657 se
1617 5608 1979 5674 remitteret;

400 5695 552 5764 quod
591 5702 648 5748 et
675 5692 880 5746 factum
922 5700 1026 5747 est.
1067 5693 1326 5762 Moxque,
1356 5710 1481 5747 cum
1507 5697 1619 5766 jam
1653 5700 1819 5753 Asani
1855 5716 1982 5770 spes

397 5786 551 5845 nuiia
583 5798 729 5846 esset
759 5789 1121 5859 recuperandi
1185 5789 1335 5862 regni
1365 5788 1654 5861 Bulgarici,
1716 5796 1875 5863 cujus
1911 5796 1967 5851 in

2085 4583 2447 4654 stautinopoli
2466 4597 2659 4638 versus
2688 4585 2964 4639 Orientem
2991 4588 3183 4654 tendit,
3216 4595 3533 4663 praescripto
3556 4613 3658 4666 pa-

2089 4676 2341 4731 triarchze
2386 4690 2510 4731 cum
2541 4678 2655 4730 suis
2692 4678 2923 4746 aliisque
2957 4682 3312 4746 antistitibus,
3335 4691 3659 4759 cunctisque

2087 4771 2293 4841 pariter
2315 4772 2409 4841 qui
2443 4781 2627 4841 partes
2681 4771 2769 4826 his
2796 4773 3056 4828 adversas
3099 4786 3409 4845 tuerentur,
3459 4794 3515 4836 ut
3550 4784 3653 4839 sibi

2084 4865 2410 4932 quantocius
2459 4866 2604 4919 circa
2635 4864 2997 4936 llypOplaeias
3073 4867 3287 4926 Thebas
3337 4872 3656 4944 frequentes

2084 4970 2460 5023 occurrerent,
2494 4960 2870 5028 imperatoriis
2905 4976 2971 5015 eo
3000 4962 3286 5020 deferendi
3316 4969 3654 5036 triremibus,

2084 5071 2222 5125 quas
2250 5053 2644 5123 copiosissimis
2676 5063 2730 5108 et
2754 5057 3060 5123 quantaevis
3111 5058 3509 5129 implicitorum
3564 5065 3652 5120 isti

2084 5165 2262 5205 causae
2296 5147 2579 5230 hominum
2616 5147 2970 5216 multitudini,
3005 5152 3085 5205 vel
3111 5153 3155 5207 si
3187 5158 3409 5211 nemine
3432 5159 3655 5228 dempto

2084 5241 2323 5297 universi
2360 5250 2730 5308 accurrerent,
2763 5243 3078 5298 suil'ecturis
3108 5247 3175 5309 ad
3214 5248 3319 5304 hoc
3359 5250 3537 5320 ipsum
3573 5254 3657 5305 iu-

2084 5337 2219 5390 strui
2260 5334 2655 5390 comrueatibus
2687 5337 2944 5405 iusserat.
2980 5337 3052 5392 Ut
3107 5350 3217 5394 tam
3273 5343 3477 5398 multos
3512 5354 3656 5403 tam-

2083 5445 2191 5499 que
2220 5429 2402 5482 varios
2432 5428 2730 5482 convenire
2794 5445 2964 5483 unum
3025 5431 3080 5484 in
3123 5431 3303 5488 locum
3358 5436 3683 5504 imperator‘

2082 5521 2270 5585 vellet,
2320 5520 2448 5574 inde
2479 5529 2593 5573 erat
2625 5521 2769 5589 quod
2791 5522 3030 5577 studenti
3062 5524 3358 5592 perfectam
3393 5525 3655 5585 Ecclesiae

2083 5614 2378 5668 restituere
2411 5614 2761 5668 concordiam
2787 5615 3104 5669 necessario
3149 5616 3460 5671 faciendum
3496 5621 3652 5676 vide-

2080 5708 2262 5771 batur,
2325 5715 2384 5760 ιιι
2412 5707 2788 5775 multiplicium
2818 5717 3072 5761 auctores
3120 5710 3409 5765 sectariive
3453 5709 3651 5769 factio-

2078 5819 2207 5857 num
2268 5817 2370 5855 una
2424 5800 2800 5865 consulerent,
2860 5798 3086 5867 suisque
3141 5798 3339 5871 singuli
3394 5801 3651 5873 allegatis
