  <div class='ocr_page' id='page_1' title='image "/cluster/home/n/w/nwhite01/storage/ocr_20150623/144:no.2/coo.31924054870492/041.png"; bbox 0 0 4094 6402; ppageno 0'>
   <div class='ocr_carea' id='block_1_1' title="bbox 485 445 3739 516">
    <p class='ocr_par' dir='ltr' id='par_1_1' title="bbox 485 445 3739 516">
     <span class='ocr_line' id='line_1_1' title="bbox 485 445 3739 516; baseline -0.003 0"><span class='ocrx_word' id='word_1_1' title='bbox 485 447 558 516; x_wconf 74' lang='grc'><strong>67</strong></span> <span class='ocrx_word' id='word_1_2' title='bbox 1709 449 2041 509; x_wconf 69' lang='lat' dir='ltr'><strong>GEORGII</strong></span> <span class='ocrx_word' id='word_1_3' title='bbox 2089 448 2577 511; x_wconf 64' lang='lat' dir='ltr'><strong>PACHYMERAS</strong></span> <span class='ocrx_word' id='word_1_4' title='bbox 3668 445 3739 505; x_wconf 72' lang='lat' dir='ltr'><strong>liti</strong></span> 
     </span>
    </p>
   </div>
   <div class='ocr_carea' id='block_1_2' title="bbox 489 561 3775 639">
    <p class='ocr_par' dir='ltr' id='par_1_2' title="bbox 489 561 3775 639">
     <span class='ocr_line' id='line_1_2' title="bbox 489 561 3775 639; baseline 0.002 -18"><span class='ocrx_word' id='word_1_5' title='bbox 489 565 736 639; x_wconf 77' lang='grc' dir='ltr'>σομένων</span> <span class='ocrx_word' id='word_1_6' title='bbox 775 565 886 620; x_wconf 83' lang='grc' dir='ltr'><strong>τῶν</strong></span> <span class='ocrx_word' id='word_1_7' title='bbox 914 564 1081 631; x_wconf 63' lang='grc' dir='ltr'>ὅλων.</span> <span class='ocrx_word' id='word_1_8' title='bbox 1123 562 1237 617; x_wconf 74' lang='grc' dir='ltr'><strong>Οὐκ</strong></span> <span class='ocrx_word' id='word_1_9' title='bbox 1280 562 1459 631; x_wconf 80' lang='grc' dir='ltr'>ὀλίγον</span> <span class='ocrx_word' id='word_1_10' title='bbox 1493 562 1603 633; x_wconf 66' lang='grc' dir='ltr'><strong>γὰρ</strong></span> <span class='ocrx_word' id='word_1_11' title='bbox 1658 564 1755 617; x_wconf 70' lang='grc' dir='ltr'><strong>καὶ</strong></span> <span class='ocrx_word' id='word_1_12' title='bbox 1789 566 1917 633; x_wconf 68' lang='grc' dir='ltr'>περὶ</span> <span class='ocrx_word' id='word_1_13' title='bbox 1966 564 2077 616; x_wconf 76' lang='grc' dir='ltr'>τῶν</span> <span class='ocrx_word' id='word_1_14' title='bbox 2104 570 2158 626; x_wconf 74' lang='grc' dir='ltr'>Α</span> <span class='ocrx_word' id='word_1_15' title='bbox 2183 561 2433 632; x_wconf 78' lang='grc' dir='ltr'><strong>βασιλέα,</strong></span> <span class='ocrx_word' id='word_1_16' title='bbox 2459 564 2554 617; x_wconf 76' lang='grc' dir='ltr'><strong>καὶ</strong></span> <span class='ocrx_word' id='word_1_17' title='bbox 2579 567 2607 618; x_wconf 86' lang='grc' dir='ltr'><strong>ό</strong></span> <span class='ocrx_word' id='word_1_18' title='bbox 2633 563 2827 636; x_wconf 74' lang='grc' dir='ltr'>ῥηθεὶς</span> <span class='ocrx_word' id='word_1_19' title='bbox 2867 567 3044 634; x_wconf 85' lang='grc' dir='ltr'>μέγας</span> <span class='ocrx_word' id='word_1_20' title='bbox 3074 566 3369 639; x_wconf 83' lang='grc' dir='ltr'>λογοθέτης</span> <span class='ocrx_word' id='word_1_21' title='bbox 3415 568 3443 621; x_wconf 85' lang='grc' dir='ltr'><strong>ό</strong></span> <span class='ocrx_word' id='word_1_22' title='bbox 3472 570 3775 638; x_wconf 75' lang='grc' dir='ltr'>Μουξά),ων</span> 
     </span>
    </p>
   </div>
   <div class='ocr_carea' id='block_1_3' title="bbox 485 652 2076 729">
    <p class='ocr_par' dir='ltr' id='par_1_3' title="bbox 485 652 2076 729">
     <span class='ocr_line' id='line_1_3' title="bbox 485 652 2076 729; baseline -0.003 -18"><span class='ocrx_word' id='word_1_23' title='bbox 485 655 618 729; x_wconf 86' lang='grc' dir='ltr'>χθὲς</span> <span class='ocrx_word' id='word_1_24' title='bbox 651 655 1011 728; x_wconf 75' lang='grc' dir='ltr'><strong>πραχθέντων</strong></span> <span class='ocrx_word' id='word_1_25' title='bbox 1063 653 1243 723; x_wconf 77' lang='grc' dir='ltr'>άνέζη¹</span> <span class='ocrx_word' id='word_1_26' title='bbox 1282 654 1343 707; x_wconf 79' lang='grc' dir='ltr'>τὸ</span> <span class='ocrx_word' id='word_1_27' title='bbox 1381 652 1701 718; x_wconf 72' lang='grc' dir='ltr'><strong>σκάνδαλον,</strong></span> <span class='ocrx_word' id='word_1_28' title='bbox 1741 654 1835 706; x_wconf 74' lang='grc' dir='ltr'><strong>καὶ</strong></span> <span class='ocrx_word' id='word_1_29' title='bbox 1874 652 2076 723; x_wconf 78' lang='grc' dir='ltr'>μᾶλλον</span> 
     </span>
    </p>
   </div>
   <div class='ocr_carea' id='block_1_4' title="bbox 476 745 2081 819">
    <p class='ocr_par' dir='ltr' id='par_1_4' title="bbox 476 745 2081 819">
     <span class='ocr_line' id='line_1_4' title="bbox 476 745 2081 819; baseline -0.005 -13"><span class='ocrx_word' id='word_1_30' title='bbox 476 751 572 805; x_wconf 51' lang='lat' dir='ltr'><strong>ﬁt</strong></span> <span class='ocrx_word' id='word_1_31' title='bbox 602 753 701 805; x_wconf 78' lang='grc' dir='ltr'><strong>καὶ</strong></span> <span class='ocrx_word' id='word_1_32' title='bbox 730 750 842 802; x_wconf 81' lang='grc' dir='ltr'>τῶν</span> <span class='ocrx_word' id='word_1_33' title='bbox 870 749 999 819; x_wconf 81' lang='grc' dir='ltr'>παρ’</span> <span class='ocrx_word' id='word_1_34' title='bbox 1039 746 1240 817; x_wconf 76' lang='grc' dir='ltr'>Ἰωσὴφ</span> <span class='ocrx_word' id='word_1_35' title='bbox 1271 745 1305 817; x_wconf 78' lang='grc' dir='ltr'>ἢ</span> <span class='ocrx_word' id='word_1_36' title='bbox 1329 746 1423 799; x_wconf 81' lang='grc' dir='ltr'><strong>καὶ</strong></span> <span class='ocrx_word' id='word_1_37' title='bbox 1452 746 1604 817; x_wconf 79' lang='grc' dir='ltr'>παρὰ</span> <span class='ocrx_word' id='word_1_38' title='bbox 1633 745 1743 799; x_wconf 85' lang='grc' dir='ltr'>τῶν</span> <span class='ocrx_word' id='word_1_39' title='bbox 1772 745 1910 816; x_wconf 80' lang='grc' dir='ltr'>ἀμφ’</span> <span class='ocrx_word' id='word_1_40' title='bbox 1938 746 2081 799; x_wconf 78' lang='grc' dir='ltr'><strong>ἐκεῖ-</strong></span> 
     </span>
    </p>
   </div>
   <div class='ocr_carea' id='block_1_5' title="bbox 478 836 2079 914">
    <p class='ocr_par' dir='ltr' id='par_1_5' title="bbox 478 836 2079 914">
     <span class='ocr_line' id='line_1_5' title="bbox 478 836 2079 914; baseline -0.004 -17"><span class='ocrx_word' id='word_1_41' title='bbox 478 859 582 897; x_wconf 79' lang='grc' dir='ltr'><strong>νον</strong></span> <span class='ocrx_word' id='word_1_42' title='bbox 638 842 995 914; x_wconf 77' lang='grc' dir='ltr'><strong>πραχθέντων</strong></span> <span class='ocrx_word' id='word_1_43' title='bbox 1020 839 1546 911; x_wconf 76' lang='grc' dir='ltr'>-παραϐεσασμένων</span> <span class='ocrx_word' id='word_1_44' title='bbox 1591 839 1747 893; x_wconf 74' lang='grc' dir='ltr'>αὐτοὶ</span> <span class='ocrx_word' id='word_1_45' title='bbox 1786 836 2079 909; x_wconf 76' lang='grc' dir='ltr'><strong>ζηλοῦντες</strong></span> 
     </span>
    </p>
   </div>
   <div class='ocr_carea' id='block_1_6' title="bbox 484 928 2081 1002">
    <p class='ocr_par' dir='ltr' id='par_1_6' title="bbox 484 928 2081 1002">
     <span class='ocr_line' id='line_1_6' title="bbox 484 928 2081 1002; baseline -0.005 -13"><span class='ocrx_word' id='word_1_46' title='bbox 484 932 742 989; x_wconf 71' lang='grc' dir='ltr'>ιντεῦθεν</span> <span class='ocrx_word' id='word_1_47' title='bbox 770 933 868 988; x_wconf 72' lang='grc' dir='ltr'><strong>καὶ</strong></span> <span class='ocrx_word' id='word_1_48' title='bbox 912 931 1012 1002; x_wconf 84' lang='grc' dir='ltr'><strong>τὴν</strong></span> <span class='ocrx_word' id='word_1_49' title='bbox 1045 931 1157 983; x_wconf 85' lang='grc' dir='ltr'>τῶν</span> <span class='ocrx_word' id='word_1_50' title='bbox 1193 929 1559 1000; x_wconf 78' lang='grc' dir='ltr'>’Δρσενιατῶν</span> <span class='ocrx_word' id='word_1_51' title='bbox 1602 928 1917 999; x_wconf 75' lang='grc' dir='ltr'><strong>παραδοχὴν</strong></span> <span class='ocrx_word' id='word_1_52' title='bbox 1949 929 2081 981; x_wconf 83' lang='grc' dir='ltr'>ὑπο-</span> 
     </span>
    </p>
   </div>
   <div class='ocr_carea' id='block_1_7' title="bbox 395 1020 2081 1094">
    <p class='ocr_par' dir='ltr' id='par_1_7' title="bbox 395 1020 2081 1094">
     <span class='ocr_line' id='line_1_7' title="bbox 395 1020 2081 1094; baseline -0.004 -14"><span class='ocrx_word' id='word_1_53' title='bbox 395 1056 407 1065; x_wconf 85' lang='grc'>·</span> <span class='ocrx_word' id='word_1_54' title='bbox 490 1026 785 1089; x_wconf 85' lang='grc' dir='ltr'>πτεύοντες</span> <span class='ocrx_word' id='word_1_55' title='bbox 807 1027 919 1089; x_wconf 81' lang='grc' dir='ltr'>τοῖς</span> <span class='ocrx_word' id='word_1_56' title='bbox 943 1023 1209 1079; x_wconf 73' lang='grc' dir='ltr'>παθοῦσιν</span> <span class='ocrx_word' id='word_1_57' title='bbox 1246 1020 1616 1094; x_wconf 78' lang='grc' dir='ltr'>ὲπῳκτίζοντο</span> <span class='ocrx_word' id='word_1_58' title='bbox 1662 1022 1754 1075; x_wconf 77' lang='grc' dir='ltr'><strong>καὶ</strong></span> <span class='ocrx_word' id='word_1_59' title='bbox 1784 1021 1943 1076; x_wconf 73' lang='grc' dir='ltr'>ἄδικα</span> <span class='ocrx_word' id='word_1_60' title='bbox 1974 1021 2081 1074; x_wconf 86' lang='grc' dir='ltr'>πά-</span> 
     </span>
    </p>
   </div>
   <div class='ocr_carea' id='block_1_8' title="bbox 490 1114 2077 1191">
    <p class='ocr_par' dir='ltr' id='par_1_8' title="bbox 490 1114 2077 1191">
     <span class='ocr_line' id='line_1_8' title="bbox 490 1114 2077 1191; baseline -0.003 -18"><span class='ocrx_word' id='word_1_61' title='bbox 490 1136 645 1191; x_wconf 81' lang='grc' dir='ltr'>σχειν</span> <span class='ocrx_word' id='word_1_62' title='bbox 681 1118 1075 1189; x_wconf 84' lang='grc' dir='ltr'>διωμολόγουν.</span> <span class='ocrx_word' id='word_1_63' title='bbox 1111 1116 1211 1170; x_wconf 68' lang='grc' dir='ltr'>Διὰ</span> <span class='ocrx_word' id='word_1_64' title='bbox 1256 1114 1432 1170; x_wconf 82' lang='grc' dir='ltr'>ταῦτα</span> <span class='ocrx_word' id='word_1_65' title='bbox 1465 1115 1561 1170; x_wconf 76' lang='grc' dir='ltr'>καὶ</span> <span class='ocrx_word' id='word_1_66' title='bbox 1613 1115 1867 1177; x_wconf 85' lang='grc' dir='ltr'>συνόλους</span> <span class='ocrx_word' id='word_1_67' title='bbox 1905 1117 2022 1168; x_wconf 72' lang='grc' dir='ltr'><strong>ἐκεῖ</strong></span> <span class='ocrx_word' id='word_1_68' title='bbox 2048 1115 2077 1169; x_wconf 88' lang='grc' dir='ltr'><strong>ό</strong></span> 
     </span>
    </p>
   </div>
   <div class='ocr_carea' id='block_1_9' title="bbox 489 1207 2080 1285">
    <p class='ocr_par' dir='ltr' id='par_1_9' title="bbox 489 1207 2080 1285">
     <span class='ocr_line' id='line_1_9' title="bbox 489 1207 2080 1285; baseline -0.003 -19"><span class='ocrx_word' id='word_1_69' title='bbox 489 1211 714 1285; x_wconf 85' lang='grc' dir='ltr'>κρατῶν</span> <span class='ocrx_word' id='word_1_70' title='bbox 745 1211 999 1280; x_wconf 85' lang='grc' dir='ltr'>συνῆγεν,</span> <span class='ocrx_word' id='word_1_71' title='bbox 1024 1209 1100 1272; x_wconf 85' lang='grc' dir='ltr'><strong>ὡς</strong></span> <span class='ocrx_word' id='word_1_72' title='bbox 1126 1208 1194 1264; x_wconf 79' lang='grc' dir='ltr'>ἂν</span> <span class='ocrx_word' id='word_1_73' title='bbox 1224 1207 1475 1272; x_wconf 85' lang='grc' dir='ltr'>ὲντελοῦς</span> <span class='ocrx_word' id='word_1_74' title='bbox 1503 1208 1792 1277; x_wconf 79' lang='grc' dir='ltr'><strong>γεγονυίας</strong></span> <span class='ocrx_word' id='word_1_75' title='bbox 1825 1208 1924 1272; x_wconf 79' lang='grc' dir='ltr'><strong>τῆς</strong></span> <span class='ocrx_word' id='word_1_76' title='bbox 1955 1225 2080 1261; x_wconf 88' lang='grc' dir='ltr'>συν-</span> 
     </span>
    </p>
   </div>
   <div class='ocr_carea' id='block_1_10' title="bbox 486 1300 2076 1370">
    <p class='ocr_par' dir='ltr' id='par_1_10' title="bbox 486 1300 2076 1370">
     <span class='ocr_line' id='line_1_10' title="bbox 486 1300 2076 1370; baseline -0.003 -14"><span class='ocrx_word' id='word_1_77' title='bbox 486 1302 751 1365; x_wconf 76' lang='grc' dir='ltr'>ελεύσεως</span> <span class='ocrx_word' id='word_1_78' title='bbox 780 1302 841 1355; x_wconf 82' lang='grc' dir='ltr'>τὸ</span> <span class='ocrx_word' id='word_1_79' title='bbox 872 1301 1127 1369; x_wconf 77' lang='grc' dir='ltr'>ποιητέον</span> <span class='ocrx_word' id='word_1_80' title='bbox 1178 1300 1286 1354; x_wconf 81' lang='grc' dir='ltr'>άπὸ</span> <span class='ocrx_word' id='word_1_81' title='bbox 1329 1302 1514 1370; x_wconf 82' lang='grc' dir='ltr'>κοινῆς</span> <span class='ocrx_word' id='word_1_82' title='bbox 1548 1300 1650 1370; x_wconf 80' lang='grc' dir='ltr'>τῆς</span> <span class='ocrx_word' id='word_1_83' title='bbox 1687 1300 1940 1369; x_wconf 73' lang='grc' dir='ltr'>σκέψεως</span> <span class='ocrx_word' id='word_1_84' title='bbox 1980 1300 2076 1368; x_wconf 85' lang='grc' dir='ltr'>γέ-</span> 
     </span>
    </p>
   </div>
   <div class='ocr_carea' id='block_1_11' title="bbox 485 1392 2077 1467">
    <p class='ocr_par' dir='ltr' id='par_1_11' title="bbox 485 1392 2077 1467">
     <span class='ocr_line' id='line_1_11' title="bbox 485 1392 2077 1467; baseline -0.002 -20"><span class='ocrx_word' id='word_1_85' title='bbox 485 1411 664 1467; x_wconf 87' lang='grc' dir='ltr'>νηται.</span> <span class='ocrx_word' id='word_1_86' title='bbox 716 1393 821 1449; x_wconf 79' lang='grc' dir='ltr'><strong>Καὶ</strong></span> <span class='ocrx_word' id='word_1_87' title='bbox 858 1394 923 1462; x_wconf 85' lang='grc' dir='ltr'><strong>δὴ</strong></span> <span class='ocrx_word' id='word_1_88' title='bbox 973 1392 1359 1458; x_wconf 80' lang='grc' dir='ltr'>συνελθόντων,</span> <span class='ocrx_word' id='word_1_89' title='bbox 1395 1393 1491 1445; x_wconf 79' lang='grc' dir='ltr'><strong>καὶ</strong></span> <span class='ocrx_word' id='word_1_90' title='bbox 1534 1394 1643 1445; x_wconf 83' lang='grc' dir='ltr'>τῶν</span> <span class='ocrx_word' id='word_1_91' title='bbox 1676 1393 1905 1446; x_wconf 75' lang='grc' dir='ltr'><strong>εἰκότων</strong></span> <span class='ocrx_word' id='word_1_92' title='bbox 1940 1409 2077 1463; x_wconf 84' lang='grc' dir='ltr'>προ-</span> 
     </span>
    </p>
   </div>
   <div class='ocr_carea' id='block_1_12' title="bbox 482 1483 2077 1556">
    <p class='ocr_par' dir='ltr' id='par_1_12' title="bbox 482 1483 2077 1556">
     <span class='ocr_line' id='line_1_12' title="bbox 482 1483 2077 1556; baseline -0.002 -15"><span class='ocrx_word' id='word_1_93' title='bbox 482 1486 734 1550; x_wconf 82' lang='grc' dir='ltr'>νοοῦντος</span> <span class='ocrx_word' id='word_1_94' title='bbox 768 1488 919 1554; x_wconf 80' lang='grc' dir='ltr'>σφὶσι</span> <span class='ocrx_word' id='word_1_95' title='bbox 946 1485 1041 1539; x_wconf 78' lang='grc' dir='ltr'><strong>τοῦ</strong></span> <span class='ocrx_word' id='word_1_96' title='bbox 1076 1484 1339 1555; x_wconf 84' lang='grc' dir='ltr'>βασιλέως</span> <span class='ocrx_word' id='word_1_97' title='bbox 1372 1484 1448 1547; x_wconf 84' lang='grc' dir='ltr'><strong>ὡς</strong></span> <span class='ocrx_word' id='word_1_98' title='bbox 1472 1483 1911 1556; x_wconf 80' lang='grc' dir='ltr'>διαχειμεριοῦσι</span> <span class='ocrx_word' id='word_1_99' title='bbox 1944 1486 2077 1555; x_wconf 75' lang='grc' dir='ltr'>περὶ</span> 
     </span>
    </p>
   </div>
   <div class='ocr_carea' id='block_1_13' title="bbox 482 1575 2075 1648">
    <p class='ocr_par' dir='ltr' id='par_1_13' title="bbox 482 1575 2075 1648">
     <span class='ocr_line' id='line_1_13' title="bbox 482 1575 2075 1648; baseline -0.002 -17"><span class='ocrx_word' id='word_1_100' title='bbox 482 1577 545 1631; x_wconf 81' lang='grc' dir='ltr'>τὸ</span> <span class='ocrx_word' id='word_1_101' title='bbox 584 1577 968 1648; x_wconf 78' lang='grc' dir='ltr'>’Δτραμύτιον,</span> <span class='ocrx_word' id='word_1_102' title='bbox 1016 1577 1264 1647; x_wconf 73' lang='grc' dir='ltr'>ἀργήσας</span> <span class='ocrx_word' id='word_1_103' title='bbox 1309 1575 1543 1645; x_wconf 79' lang='grc' dir='ltr'>πάμπαν</span> <span class='ocrx_word' id='word_1_104' title='bbox 1569 1576 1677 1628; x_wconf 83' lang='grc' dir='ltr'>τῶν</span> <span class='ocrx_word' id='word_1_105' title='bbox 1726 1575 1927 1642; x_wconf 82' lang='grc' dir='ltr'>ἔξωθεν</span> <span class='ocrx_word' id='word_1_106' title='bbox 1952 1577 2075 1630; x_wconf 83' lang='grc' dir='ltr'>δου-</span> 
     </span>
    </p>
   </div>
   <div class='ocr_carea' id='block_1_14' title="bbox 480 1667 2077 1742">
    <p class='ocr_par' dir='ltr' id='par_1_14' title="bbox 480 1667 2077 1742">
     <span class='ocr_line' id='line_1_14' title="bbox 480 1667 2077 1742; baseline 0 -20"><span class='ocrx_word' id='word_1_107' title='bbox 480 1668 647 1723; x_wconf 86' lang='grc' dir='ltr'>λειῶν</span> <span class='ocrx_word' id='word_1_108' title='bbox 674 1672 702 1724; x_wconf 85' lang='grc' dir='ltr'><strong>ό</strong></span> <span class='ocrx_word' id='word_1_109' title='bbox 728 1668 944 1740; x_wconf 80' lang='grc' dir='ltr'>κρατῶν</span> <span class='ocrx_word' id='word_1_110' title='bbox 987 1668 1172 1738; x_wconf 59' lang='grc' dir='ltr'>σχεδον</span> <span class='ocrx_word' id='word_1_111' title='bbox 1214 1669 1284 1721; x_wconf 84' lang='grc' dir='ltr'><strong>τά</strong></span> <span class='ocrx_word' id='word_1_112' title='bbox 1329 1671 1457 1739; x_wconf 73' lang='grc' dir='ltr'>περὶ</span> <span class='ocrx_word' id='word_1_113' title='bbox 1486 1667 1579 1720; x_wconf 78' lang='grc' dir='ltr'>τοῦ</span> <span class='ocrx_word' id='word_1_114' title='bbox 1605 1669 1721 1730; x_wconf 79' lang='grc' dir='ltr'>πῶς</span> <span class='ocrx_word' id='word_1_115' title='bbox 1755 1670 1821 1722; x_wconf 78' lang='grc' dir='ltr'>ἂν</span> <span class='ocrx_word' id='word_1_116' title='bbox 1859 1671 1908 1722; x_wconf 79' lang='lat' dir='ltr'><strong>oi</strong></span> <span class='ocrx_word' id='word_1_117' title='bbox 1954 1672 2077 1742; x_wconf 75' lang='grc' dir='ltr'><strong>Ἀρ-</strong></span> 
     </span>
    </p>
   </div>
   <div class='ocr_carea' id='block_1_15' title="bbox 484 1759 2077 1835">
    <p class='ocr_par' dir='ltr' id='par_1_15' title="bbox 484 1759 2077 1835">
     <span class='ocr_line' id='line_1_15' title="bbox 484 1759 2077 1835; baseline 0.003 -22"><span class='ocrx_word' id='word_1_118' title='bbox 484 1761 727 1814; x_wconf 80' lang='grc' dir='ltr'>σενιᾶται</span> <span class='ocrx_word' id='word_1_119' title='bbox 773 1763 884 1823; x_wconf 87' lang='grc' dir='ltr'>τοῖς</span> <span class='ocrx_word' id='word_1_120' title='bbox 929 1760 1224 1831; x_wconf 78' lang='grc' dir='ltr'>πραχθεῖσι</span> <span class='ocrx_word' id='word_1_121' title='bbox 1268 1759 1775 1828; x_wconf 73' lang='grc' dir='ltr'>συγκιτανεύσειαν</span> <span class='ocrx_word' id='word_1_122' title='bbox 1825 1764 2077 1835; x_wconf 76' lang='grc' dir='ltr'>εἰρηνεύ-</span> 
     </span>
    </p>
   </div>
   <div class='ocr_carea' id='block_1_16' title="bbox 483 1851 2071 1926">
    <p class='ocr_par' dir='ltr' id='par_1_16' title="bbox 483 1851 2071 1926">
     <span class='ocr_line' id='line_1_16' title="bbox 483 1851 2071 1926; baseline 0.002 -20"><span class='ocrx_word' id='word_1_123' title='bbox 483 1869 678 1915; x_wconf 79' lang='grc' dir='ltr'>σαντες</span> <span class='ocrx_word' id='word_1_124' title='bbox 714 1852 1082 1905; x_wconf 80' lang='grc' dir='ltr'><strong>διεσκέπτετο.</strong></span> <span class='ocrx_word' id='word_1_125' title='bbox 1137 1852 1445 1922; x_wconf 66' lang='grc' dir='ltr'>Συνήγοντο</span> <span class='ocrx_word' id='word_1_126' title='bbox 1479 1851 1660 1905; x_wconf 78' lang='grc' dir='ltr'>τοίνυν</span> <span class='ocrx_word' id='word_1_127' title='bbox 1707 1853 1859 1907; x_wconf 75' lang='grc' dir='ltr'>ἐνθεν</span> <span class='ocrx_word' id='word_1_128' title='bbox 1891 1857 1989 1926; x_wconf 84' lang='grc' dir='ltr'>μὲν</span> <span class='ocrx_word' id='word_1_129' title='bbox 2022 1857 2071 1909; x_wconf 86' lang='grc' dir='ltr'><strong>οί</strong></span> 
     </span>
    </p>
   </div>
   <div class='ocr_carea' id='block_1_17' title="bbox 482 1925 2148 2020">
    <p class='ocr_par' dir='ltr' id='par_1_17' title="bbox 482 1925 2148 2020">
     <span class='ocr_line' id='line_1_17' title="bbox 482 1925 2148 2020; baseline 0.003 -24"><span class='ocrx_word' id='word_1_130' title='bbox 482 1943 614 2011; x_wconf 77' lang='grc' dir='ltr'>περὶ</span> <span class='ocrx_word' id='word_1_131' title='bbox 654 1949 745 1997; x_wconf 80' lang='grc' dir='ltr'>τὸν</span> <span class='ocrx_word' id='word_1_132' title='bbox 781 1944 1153 2015; x_wconf 84' lang='grc' dir='ltr'>πατριάρχην,</span> <span class='ocrx_word' id='word_1_133' title='bbox 1206 1941 1288 2007; x_wconf 72' lang='grc' dir='ltr'>οἷς</span> <span class='ocrx_word' id='word_1_134' title='bbox 1316 1946 1484 2015; x_wconf 82' lang='grc' dir='ltr'>συνῆν</span> <span class='ocrx_word' id='word_1_135' title='bbox 1532 1947 1601 1998; x_wconf 70' lang='grc' dir='ltr'><strong>τὰ</strong></span> <span class='ocrx_word' id='word_1_136' title='bbox 1641 1946 1864 2000; x_wconf 81' lang='grc' dir='ltr'>πλεῖστα</span> <span class='ocrx_word' id='word_1_137' title='bbox 1896 1925 2003 2001; x_wconf 12' lang='grc' dir='ltr'>ίκαὶ</span> <span class='ocrx_word' id='word_1_138' title='bbox 2038 1951 2071 2020; x_wconf 77' lang='grc' dir='ltr'>ἡ</span> <span class='ocrx_word' id='word_1_139' title='bbox 2105 1925 2148 1980; x_wconf 71' lang='grc' dir='ltr'><strong><em>Β</em></strong></span> 
     </span>
    </p>
   </div>
   <div class='ocr_carea' id='block_1_18' title="bbox 480 2034 2071 2110">
    <p class='ocr_par' dir='ltr' id='par_1_18' title="bbox 480 2034 2071 2110">
     <span class='ocr_line' id='line_1_18' title="bbox 480 2034 2071 2110; baseline 0.003 -21"><span class='ocrx_word' id='word_1_140' title='bbox 480 2034 713 2103; x_wconf 73' lang='grc' dir='ltr'>Εὐλογία</span> <span class='ocrx_word' id='word_1_141' title='bbox 746 2035 835 2087; x_wconf 81' lang='grc' dir='ltr'>καί</span> <span class='ocrx_word' id='word_1_142' title='bbox 882 2052 947 2103; x_wconf 86' lang='grc' dir='ltr'><strong>γε</strong></span> <span class='ocrx_word' id='word_1_143' title='bbox 986 2036 1040 2087; x_wconf 81' lang='grc' dir='ltr'>αἱ</span> <span class='ocrx_word' id='word_1_144' title='bbox 1076 2035 1376 2104; x_wconf 77' lang='grc' dir='ltr'>θυγατέρες</span> <span class='ocrx_word' id='word_1_145' title='bbox 1410 2036 1606 2107; x_wconf 82' lang='grc' dir='ltr'>αὐτῆς,</span> <span class='ocrx_word' id='word_1_146' title='bbox 1651 2037 1686 2109; x_wconf 74' lang='grc' dir='ltr'>ἦ</span> <span class='ocrx_word' id='word_1_147' title='bbox 1727 2055 1787 2091; x_wconf 87' lang='grc' dir='ltr'><strong>τε</strong></span> <span class='ocrx_word' id='word_1_148' title='bbox 1816 2038 2071 2110; x_wconf 83' lang='grc' dir='ltr'>Θεοδώρα</span> 
     </span>
    </p>
   </div>
   <div class='ocr_carea' id='block_1_19' title="bbox 482 2125 2072 2202">
    <p class='ocr_par' dir='ltr' id='par_1_19' title="bbox 482 2125 2072 2202">
     <span class='ocr_line' id='line_1_19' title="bbox 482 2125 2072 2202; baseline 0.004 -23"><span class='ocrx_word' id='word_1_149' title='bbox 482 2127 579 2179; x_wconf 72' lang='grc' dir='ltr'>καὶ</span> <span class='ocrx_word' id='word_1_150' title='bbox 621 2127 655 2194; x_wconf 76' lang='grc' dir='ltr'><strong>ἡ</strong></span> <span class='ocrx_word' id='word_1_151' title='bbox 683 2127 749 2178; x_wconf 77' lang='grc' dir='ltr'><strong>ἐκ</strong></span> <span class='ocrx_word' id='word_1_152' title='bbox 777 2125 1012 2179; x_wconf 77' lang='grc' dir='ltr'>δυτικῶν</span> <span class='ocrx_word' id='word_1_153' title='bbox 1049 2127 1221 2180; x_wconf 78' lang='grc' dir='ltr'>Ἀννα</span> <span class='ocrx_word' id='word_1_154' title='bbox 1259 2128 1413 2198; x_wconf 71' lang='grc' dir='ltr'><strong>ήκαὶ</strong></span> <span class='ocrx_word' id='word_1_155' title='bbox 1451 2126 1763 2198; x_wconf 75' lang='grc' dir='ltr'>βασίλισσα,</span> <span class='ocrx_word' id='word_1_156' title='bbox 1798 2131 1923 2202; x_wconf 78' lang='grc' dir='ltr'>ἄρτι</span> <span class='ocrx_word' id='word_1_157' title='bbox 1951 2135 2072 2187; x_wconf 74' lang='grc' dir='ltr'>τότε</span> 
     </span>
    </p>
   </div>
   <div class='ocr_carea' id='block_1_20' title="bbox 481 2219 2071 2295">
    <p class='ocr_par' dir='ltr' id='par_1_20' title="bbox 481 2219 2071 2295">
     <span class='ocr_line' id='line_1_20' title="bbox 481 2219 2071 2295; baseline 0.003 -24"><span class='ocrx_word' id='word_1_158' title='bbox 481 2219 710 2289; x_wconf 80' lang='grc' dir='ltr'>κάκιίνη</span> <span class='ocrx_word' id='word_1_159' title='bbox 740 2219 879 2271; x_wconf 71' lang='grc' dir='ltr'>κατὰ</span> <span class='ocrx_word' id='word_1_160' title='bbox 916 2220 1108 2289; x_wconf 78' lang='grc' dir='ltr'>φήμην</span> <span class='ocrx_word' id='word_1_161' title='bbox 1134 2219 1243 2273; x_wconf 83' lang='grc' dir='ltr'><strong>τῶν</strong></span> <span class='ocrx_word' id='word_1_162' title='bbox 1270 2222 1575 2289; x_wconf 81' lang='grc' dir='ltr'>γεγονότων</span> <span class='ocrx_word' id='word_1_163' title='bbox 1600 2221 1899 2293; x_wconf 83' lang='grc' dir='ltr'>ἀναχθεῖσα</span> <span class='ocrx_word' id='word_1_164' title='bbox 1933 2223 2071 2295; x_wconf 76' lang='grc' dir='ltr'>πρὸς</span> 
     </span>
    </p>
   </div>
   <div class='ocr_carea' id='block_1_21' title="bbox 479 2391 2073 2465">
    <p class='ocr_par' dir='ltr' id='par_1_21' title="bbox 479 2391 2073 2465">
     <span class='ocr_line' id='line_1_21' title="bbox 479 2391 2073 2465; baseline -0.001 -16"><span class='ocrx_word' id='word_1_165' title='bbox 479 2391 705 2462; x_wconf 77' lang='lat' dir='ltr'><strong>juribus</strong></span> <span class='ocrx_word' id='word_1_166' title='bbox 738 2407 802 2445; x_wconf 90' lang='lat' dir='ltr'><strong>ac</strong></span> <span class='ocrx_word' id='word_1_167' title='bbox 834 2393 972 2447; x_wconf 78' lang='lat' dir='ltr'><strong>votis</strong></span> <span class='ocrx_word' id='word_1_168' title='bbox 1008 2391 1291 2447; x_wconf 87' lang='lat' dir='ltr'><strong>communi</strong></span> <span class='ocrx_word' id='word_1_169' title='bbox 1328 2406 1601 2448; x_wconf 85' lang='lat' dir='ltr'><strong>consensu</strong></span> <span class='ocrx_word' id='word_1_170' title='bbox 1627 2403 1827 2449; x_wconf 90' lang='lat' dir='ltr'><strong>cuncta</strong></span> <span class='ocrx_word' id='word_1_171' title='bbox 1851 2409 2073 2465; x_wconf 86' lang='lat' dir='ltr'><strong>compo-</strong></span> 
     </span>
    </p>
   </div>
   <div class='ocr_carea' id='block_1_22' title="bbox 485 2483 2075 2556">
    <p class='ocr_par' dir='ltr' id='par_1_22' title="bbox 485 2483 2075 2556">
     <span class='ocr_line' id='line_1_22' title="bbox 485 2483 2075 2556; baseline 0.003 -17"><span class='ocrx_word' id='word_1_172' title='bbox 485 2483 857 2539; x_wconf 82' lang='lat' dir='ltr'><strong>nerent.Nam</strong></span> <span class='ocrx_word' id='word_1_173' title='bbox 885 2501 989 2539; x_wconf 86' lang='lat' dir='ltr'><strong>non</strong></span> <span class='ocrx_word' id='word_1_174' title='bbox 1017 2486 1211 2556; x_wconf 79' lang='lat' dir='ltr'><strong>exigua</strong></span> <span class='ocrx_word' id='word_1_175' title='bbox 1234 2486 1288 2540; x_wconf 89' lang='lat' dir='ltr'><strong>in</strong></span> <span class='ocrx_word' id='word_1_176' title='bbox 1322 2486 1712 2556; x_wconf 89' lang='lat' dir='ltr'><strong>plerorumque</strong></span> <span class='ocrx_word' id='word_1_177' title='bbox 1744 2488 1943 2543; x_wconf 88' lang='lat' dir='ltr'><strong>animis</strong></span> <span class='ocrx_word' id='word_1_178' title='bbox 1978 2488 2075 2543; x_wconf 85' lang='lat' dir='ltr'><strong>ad-</strong></span> 
     </span>
    </p>
   </div>
   <div class='ocr_carea' id='block_1_23' title="bbox 484 2576 2073 2647">
    <p class='ocr_par' dir='ltr' id='par_1_23' title="bbox 484 2576 2073 2647">
     <span class='ocr_line' id='line_1_23' title="bbox 484 2576 2073 2647; baseline 0.002 -16"><span class='ocrx_word' id='word_1_179' title='bbox 484 2592 680 2631; x_wconf 75' lang='lat' dir='ltr'><strong>versus</strong></span> <span class='ocrx_word' id='word_1_180' title='bbox 732 2593 908 2647; x_wconf 85' lang='lat' dir='ltr'><strong>nuper</strong></span> <span class='ocrx_word' id='word_1_181' title='bbox 958 2578 1147 2631; x_wconf 89' lang='lat' dir='ltr'><strong>initam</strong></span> <span class='ocrx_word' id='word_1_182' title='bbox 1191 2593 1311 2631; x_wconf 83' lang='lat' dir='ltr'><strong>rum</strong></span> <span class='ocrx_word' id='word_1_183' title='bbox 1346 2576 1543 2632; x_wconf 87' lang='lat' dir='ltr'><strong>Latina</strong></span> <span class='ocrx_word' id='word_1_184' title='bbox 1587 2576 1833 2634; x_wconf 85' lang='lat' dir='ltr'><strong>Ecclesia</strong></span> <span class='ocrx_word' id='word_1_185' title='bbox 1870 2578 2073 2637; x_wconf 74' lang='lat' dir='ltr'><strong>Roma-</strong></span> 
     </span>
    </p>
   </div>
   <div class='ocr_carea' id='block_1_24' title="bbox 489 2668 2072 2739">
    <p class='ocr_par' dir='ltr' id='par_1_24' title="bbox 489 2668 2072 2739">
     <span class='ocr_line' id='line_1_24' title="bbox 489 2668 2072 2739; baseline 0.001 -15"><span class='ocrx_word' id='word_1_186' title='bbox 489 2684 671 2739; x_wconf 86' lang='lat' dir='ltr'><strong>noque</strong></span> <span class='ocrx_word' id='word_1_187' title='bbox 716 2668 974 2739; x_wconf 77' lang='lat' dir='ltr'><strong>pontifice</strong></span> <span class='ocrx_word' id='word_1_188' title='bbox 1024 2672 1452 2725; x_wconf 82' lang='lat' dir='ltr'><strong>conventionem</strong></span> <span class='ocrx_word' id='word_1_189' title='bbox 1512 2670 1763 2726; x_wconf 85' lang='lat' dir='ltr'><strong>fervebat</strong></span> <span class='ocrx_word' id='word_1_190' title='bbox 1818 2671 2072 2738; x_wconf 75' lang='lat' dir='ltr'><strong>olfeusio,</strong></span> 
     </span>
    </p>
   </div>
   <div class='ocr_carea' id='block_1_25' title="bbox 486 2762 2074 2833">
    <p class='ocr_par' dir='ltr' id='par_1_25' title="bbox 486 2762 2074 2833">
     <span class='ocr_line' id='line_1_25' title="bbox 486 2762 2074 2833; baseline 0.003 -19"><span class='ocrx_word' id='word_1_191' title='bbox 486 2763 666 2816; x_wconf 68' lang='lat' dir='ltr'><strong>tertiae</strong></span> <span class='ocrx_word' id='word_1_192' title='bbox 697 2772 994 2831; x_wconf 63' lang='lat' dir='ltr'><strong>pra-textus</strong></span> <span class='ocrx_word' id='word_1_193' title='bbox 1028 2763 1338 2832; x_wconf 84' lang='lat' dir='ltr'><strong>plausibihs</strong></span> <span class='ocrx_word' id='word_1_194' title='bbox 1367 2763 1645 2827; x_wconf 91' lang='lat' dir='ltr'><strong>coitionis,</strong></span> <span class='ocrx_word' id='word_1_195' title='bbox 1678 2778 1743 2817; x_wconf 92' lang='lat' dir='ltr'><strong>eo</strong></span> <span class='ocrx_word' id='word_1_196' title='bbox 1770 2762 1880 2833; x_wconf 89' lang='lat' dir='ltr'><strong>jatn</strong></span> <span class='ocrx_word' id='word_1_197' title='bbox 1914 2763 2074 2819; x_wconf 88' lang='lat' dir='ltr'><strong>dam-</strong></span> 
     </span>
    </p>
   </div>
   <div class='ocr_carea' id='block_1_26' title="bbox 483 2854 2075 2924">
    <p class='ocr_par' dir='ltr' id='par_1_26' title="bbox 483 2854 2075 2924">
     <span class='ocr_line' id='line_1_26' title="bbox 483 2854 2075 2924; baseline 0.003 -17"><span class='ocrx_word' id='word_1_198' title='bbox 483 2854 744 2917; x_wconf 79' lang='lat' dir='ltr'><strong>nosiuris,</strong></span> <span class='ocrx_word' id='word_1_199' title='bbox 786 2856 932 2924; x_wconf 86' lang='lat' dir='ltr'><strong>quod</strong></span> <span class='ocrx_word' id='word_1_200' title='bbox 964 2856 1180 2909; x_wconf 84' lang='lat' dir='ltr'><strong>duabus</strong></span> <span class='ocrx_word' id='word_1_201' title='bbox 1215 2856 1421 2909; x_wconf 89' lang='lat' dir='ltr'><strong>dudum</strong></span> <span class='ocrx_word' id='word_1_202' title='bbox 1454 2866 1615 2910; x_wconf 87' lang='lat' dir='ltr'><strong>antea</strong></span> <span class='ocrx_word' id='word_1_203' title='bbox 1645 2856 1895 2913; x_wconf 84' lang='lat' dir='ltr'><strong>conﬂatis</strong></span> <span class='ocrx_word' id='word_1_204' title='bbox 1923 2873 2075 2912; x_wconf 90' lang='lat' dir='ltr'><strong>com—</strong></span> 
     </span>
    </p>
   </div>
   <div class='ocr_carea' id='block_1_27' title="bbox 484 2944 2073 3018">
    <p class='ocr_par' dir='ltr' id='par_1_27' title="bbox 484 2944 2073 3018">
     <span class='ocr_line' id='line_1_27' title="bbox 484 2944 2073 3018; baseline 0.004 -22"><span class='ocrx_word' id='word_1_205' title='bbox 484 2944 784 3012; x_wconf 84' lang='lat' dir='ltr'><strong>missisque</strong></span> <span class='ocrx_word' id='word_1_206' title='bbox 815 2960 879 2997; x_wconf 90' lang='lat' dir='ltr'><strong>ac</strong></span> <span class='ocrx_word' id='word_1_207' title='bbox 908 2959 1004 3013; x_wconf 88' lang='lat' dir='ltr'><strong>per</strong></span> <span class='ocrx_word' id='word_1_208' title='bbox 1046 2945 1192 2999; x_wconf 86' lang='lat' dir='ltr'><strong>acria</strong></span> <span class='ocrx_word' id='word_1_209' title='bbox 1222 2961 1367 2999; x_wconf 89' lang='lat' dir='ltr'><strong>nunc</strong></span> <span class='ocrx_word' id='word_1_210' title='bbox 1390 2946 1631 3001; x_wconf 79' lang='lat' dir='ltr'><strong>maxime</strong></span> <span class='ocrx_word' id='word_1_211' title='bbox 1662 2948 1892 3001; x_wconf 90' lang='lat' dir='ltr'><strong>discidia</strong></span> <span class='ocrx_word' id='word_1_212' title='bbox 1917 2964 2073 3018; x_wconf 81' lang='lat' dir='ltr'><strong>gras-</strong></span> 
     </span>
    </p>
   </div>
   <div class='ocr_carea' id='block_1_28' title="bbox 481 3034 2072 3104">
    <p class='ocr_par' dir='ltr' id='par_1_28' title="bbox 481 3034 2072 3104">
     <span class='ocr_line' id='line_1_28' title="bbox 481 3034 2072 3104; baseline 0.004 -17"><span class='ocrx_word' id='word_1_213' title='bbox 481 3034 737 3087; x_wconf 79' lang='lat' dir='ltr'><strong>santibus</strong></span> <span class='ocrx_word' id='word_1_214' title='bbox 788 3034 842 3087; x_wconf 89' lang='lat' dir='ltr'><strong>iu</strong></span> <span class='ocrx_word' id='word_1_215' title='bbox 876 3034 1008 3087; x_wconf 89' lang='lat' dir='ltr'><strong>mali</strong></span> <span class='ocrx_word' id='word_1_216' title='bbox 1038 3034 1328 3087; x_wconf 85' lang='lat' dir='ltr'><strong>cumulum</strong></span> <span class='ocrx_word' id='word_1_217' title='bbox 1367 3046 1788 3104; x_wconf 82' lang='lat' dir='ltr'><strong>supervenerat.</strong></span> <span class='ocrx_word' id='word_1_218' title='bbox 1820 3034 2072 3094; x_wconf 90' lang='lat' dir='ltr'><strong>Nondum</strong></span> 
     </span>
    </p>
   </div>
   <div class='ocr_carea' id='block_1_29' title="bbox 487 3124 2073 3201">
    <p class='ocr_par' dir='ltr' id='par_1_29' title="bbox 487 3124 2073 3201">
     <span class='ocr_line' id='line_1_29' title="bbox 487 3124 2073 3201; baseline 0.006 -24"><span class='ocrx_word' id='word_1_219' title='bbox 487 3124 693 3194; x_wconf 79' lang='lat' dir='ltr'><strong>quippe</strong></span> <span class='ocrx_word' id='word_1_220' title='bbox 728 3126 1013 3178; x_wconf 70' lang='lat' dir='ltr'><strong>resederat</strong></span> <span class='ocrx_word' id='word_1_221' title='bbox 1040 3126 1424 3179; x_wconf 83' lang='lat' dir='ltr'><strong>oblocutorum</strong></span> <span class='ocrx_word' id='word_1_222' title='bbox 1459 3125 1682 3196; x_wconf 79' lang='lat' dir='ltr'><strong>Josephi</strong></span> <span class='ocrx_word' id='word_1_223' title='bbox 1708 3140 1897 3184; x_wconf 86' lang='lat' dir='ltr'><strong>contra</strong></span> <span class='ocrx_word' id='word_1_224' title='bbox 1929 3131 2073 3201; x_wconf 82' lang='lat' dir='ltr'><strong>ejus,</strong></span> 
     </span>
    </p>
   </div>
   <div class='ocr_carea' id='block_1_30' title="bbox 487 3218 2073 3289">
    <p class='ocr_par' dir='ltr' id='par_1_30' title="bbox 487 3218 2073 3289">
     <span class='ocr_line' id='line_1_30' title="bbox 487 3218 2073 3289; baseline 0.003 -18"><span class='ocrx_word' id='word_1_225' title='bbox 487 3232 656 3289; x_wconf 85' lang='lat' dir='ltr'><strong>quam</strong></span> <span class='ocrx_word' id='word_1_226' title='bbox 683 3218 977 3284; x_wconf 69' lang='lat' dir='ltr'><strong>vocabant,</strong></span> <span class='ocrx_word' id='word_1_227' title='bbox 1009 3218 1377 3273; x_wconf 88' lang='lat' dir='ltr'><strong>iutrusiouem</strong></span> <span class='ocrx_word' id='word_1_228' title='bbox 1415 3220 1470 3273; x_wconf 90' lang='lat' dir='ltr'><strong>in</strong></span> <span class='ocrx_word' id='word_1_229' title='bbox 1500 3222 1957 3289; x_wconf 85' lang='lat' dir='ltr'><strong>patriarchatum,</strong></span> <span class='ocrx_word' id='word_1_230' title='bbox 2017 3232 2073 3279; x_wconf 89' lang='lat' dir='ltr'><strong>et</strong></span> 
     </span>
    </p>
   </div>
   <div class='ocr_carea' id='block_1_31' title="bbox 484 3289 2143 3386">
    <p class='ocr_par' dir='ltr' id='par_1_31' title="bbox 484 3289 2143 3386">
     <span class='ocr_line' id='line_1_31' title="bbox 484 3289 2143 3386; baseline 0.004 -22"><span class='ocrx_word' id='word_1_231' title='bbox 484 3321 631 3377; x_wconf 88' lang='lat' dir='ltr'><strong>aeta,</strong></span> <span class='ocrx_word' id='word_1_232' title='bbox 670 3319 729 3364; x_wconf 89' lang='lat' dir='ltr'><strong>ut</strong></span> <span class='ocrx_word' id='word_1_233' title='bbox 762 3310 864 3380; x_wconf 92' lang='lat' dir='ltr'><strong>ipsi</strong></span> <span class='ocrx_word' id='word_1_234' title='bbox 890 3311 1202 3381; x_wconf 74' lang='lat' dir='ltr'><strong>jactabant,</strong></span> <span class='ocrx_word' id='word_1_235' title='bbox 1265 3314 1453 3368; x_wconf 89' lang='lat' dir='ltr'><strong>multis</strong></span> <span class='ocrx_word' id='word_1_236' title='bbox 1506 3313 1828 3371; x_wconf 81' lang='lat' dir='ltr'><strong>nominibus</strong></span> <span class='ocrx_word' id='word_1_237' title='bbox 1891 3317 2068 3386; x_wconf 80' lang='lat' dir='ltr'><strong>tnegi-</strong></span> <span class='ocrx_word' id='word_1_238' title='bbox 2099 3289 2143 3348; x_wconf 63' lang='grc' dir='ltr'><strong>ϐ</strong></span> 
     </span>
    </p>
   </div>
   <div class='ocr_carea' id='block_1_32' title="bbox 496 3404 2073 3479">
    <p class='ocr_par' dir='ltr' id='par_1_32' title="bbox 496 3404 2073 3479">
     <span class='ocr_line' id='line_1_32' title="bbox 496 3404 2073 3479; baseline 0.004 -23"><span class='ocrx_word' id='word_1_239' title='bbox 496 3404 657 3470; x_wconf 81' lang='lat' dir='ltr'><strong>lima,</strong></span> <span class='ocrx_word' id='word_1_240' title='bbox 703 3404 1200 3467; x_wconf 78' lang='lat' dir='ltr'><strong>murmurationcs,</strong></span> <span class='ocrx_word' id='word_1_241' title='bbox 1250 3406 1436 3461; x_wconf 79' lang='lat' dir='ltr'><strong>latore</strong></span> <span class='ocrx_word' id='word_1_242' title='bbox 1483 3408 1857 3476; x_wconf 70' lang='lat' dir='ltr'><strong>comprobata:</strong></span> <span class='ocrx_word' id='word_1_243' title='bbox 1902 3410 2073 3479; x_wconf 85' lang='lat' dir='ltr'><strong>pluri-</strong></span> 
     </span>
    </p>
   </div>
   <div class='ocr_carea' id='block_1_33' title="bbox 488 3492 2068 3569">
    <p class='ocr_par' dir='ltr' id='par_1_33' title="bbox 488 3492 2068 3569">
     <span class='ocr_line' id='line_1_33' title="bbox 488 3492 2068 3569; baseline 0.005 -22"><span class='ocrx_word' id='word_1_244' title='bbox 488 3510 726 3550; x_wconf 88' lang='lat' dir='ltr'><strong>morum.</strong></span> <span class='ocrx_word' id='word_1_245' title='bbox 786 3492 1020 3564; x_wconf 79' lang='lat' dir='ltr'><strong>Vtgebat</strong></span> <span class='ocrx_word' id='word_1_246' title='bbox 1055 3496 1182 3548; x_wconf 91' lang='lat' dir='ltr'><strong>item</strong></span> <span class='ocrx_word' id='word_1_247' title='bbox 1225 3496 1311 3549; x_wconf 92' lang='lat' dir='ltr'><strong>his</strong></span> <span class='ocrx_word' id='word_1_248' title='bbox 1353 3494 1537 3552; x_wconf 85' lang='lat' dir='ltr'><strong>fronte</strong></span> <span class='ocrx_word' id='word_1_249' title='bbox 1582 3502 1810 3554; x_wconf 73' lang='lat' dir='ltr'><strong>adretsa</strong></span> <span class='ocrx_word' id='word_1_250' title='bbox 1845 3517 2068 3569; x_wconf 83' lang='lat' dir='ltr'><strong>compa-</strong></span> 
     </span>
    </p>
   </div>
   <div class='ocr_carea' id='block_1_34' title="bbox 487 3585 2072 3660">
    <p class='ocr_par' dir='ltr' id='par_1_34' title="bbox 487 3585 2072 3660">
     <span class='ocr_line' id='line_1_34' title="bbox 487 3585 2072 3660; baseline 0.004 -17"><span class='ocrx_word' id='word_1_251' title='bbox 487 3597 611 3643; x_wconf 84' lang='lat' dir='ltr'><strong>rata</strong></span> <span class='ocrx_word' id='word_1_252' title='bbox 643 3600 695 3643; x_wconf 89' lang='lat' dir='ltr'><strong>et</strong></span> <span class='ocrx_word' id='word_1_253' title='bbox 717 3585 1082 3657; x_wconf 81' lang='lat' dir='ltr'><strong>ﬂagrantibus</strong></span> <span class='ocrx_word' id='word_1_254' title='bbox 1112 3589 1313 3643; x_wconf 72' lang='lat' dir='ltr'><strong>iltlcSla</strong></span> <span class='ocrx_word' id='word_1_255' title='bbox 1338 3588 1539 3660; x_wconf 81' lang='lat' dir='ltr'><strong>jurgiis</strong></span> <span class='ocrx_word' id='word_1_256' title='bbox 1590 3594 1893 3648; x_wconf 74' lang='lat' dir='ltr'><strong>Art-eniaua</strong></span> <span class='ocrx_word' id='word_1_257' title='bbox 1937 3611 2072 3649; x_wconf 88' lang='lat' dir='ltr'><strong>cou-</strong></span> 
     </span>
    </p>
   </div>
   <div class='ocr_carea' id='block_1_35' title="bbox 478 3680 2072 3753">
    <p class='ocr_par' dir='ltr' id='par_1_35' title="bbox 478 3680 2072 3753">
     <span class='ocr_line' id='line_1_35' title="bbox 478 3680 2072 3753; baseline 0.006 -17"><span class='ocrx_word' id='word_1_258' title='bbox 478 3682 723 3753; x_wconf 81' lang='lat' dir='ltr'><strong>juratio.</strong></span> <span class='ocrx_word' id='word_1_259' title='bbox 765 3682 879 3738; x_wconf 85' lang='lat' dir='ltr'><strong>Nec</strong></span> <span class='ocrx_word' id='word_1_260' title='bbox 939 3680 1347 3751; x_wconf 82' lang='lat' dir='ltr'><strong>Josephttarum</strong></span> <span class='ocrx_word' id='word_1_261' title='bbox 1403 3694 1584 3740; x_wconf 89' lang='lat' dir='ltr'><strong>tamen</strong></span> <span class='ocrx_word' id='word_1_262' title='bbox 1628 3688 1678 3740; x_wconf 91' lang='lat' dir='ltr'><strong>iu</strong></span> <span class='ocrx_word' id='word_1_263' title='bbox 1731 3687 2072 3745; x_wconf 81' lang='lat' dir='ltr'><strong>Arsenianos</strong></span> 
     </span>
    </p>
   </div>
   <div class='ocr_carea' id='block_1_36' title="bbox 486 3777 2072 3846">
    <p class='ocr_par' dir='ltr' id='par_1_36' title="bbox 486 3777 2072 3846">
     <span class='ocr_line' id='line_1_36' title="bbox 486 3777 2072 3846; baseline 0.002 -13"><span class='ocrx_word' id='word_1_264' title='bbox 486 3777 705 3833; x_wconf 83' lang='lat' dir='ltr'><strong>infense</strong></span> <span class='ocrx_word' id='word_1_265' title='bbox 730 3777 1062 3833; x_wconf 86' lang='lat' dir='ltr'><strong>certantium</strong></span> <span class='ocrx_word' id='word_1_266' title='bbox 1096 3793 1206 3832; x_wconf 92' lang='lat' dir='ltr'><strong>non</strong></span> <span class='ocrx_word' id='word_1_267' title='bbox 1256 3779 1508 3846; x_wconf 72' lang='lat' dir='ltr'><strong>quazdam</strong></span> <span class='ocrx_word' id='word_1_268' title='bbox 1536 3779 1589 3833; x_wconf 91' lang='lat' dir='ltr'><strong>in</strong></span> <span class='ocrx_word' id='word_1_269' title='bbox 1633 3779 1703 3835; x_wconf 91' lang='lat' dir='ltr'><strong>iis</strong></span> <span class='ocrx_word' id='word_1_270' title='bbox 1773 3785 2072 3837; x_wconf 89' lang='lat' dir='ltr'><strong>concordia</strong></span> 
     </span>
    </p>
   </div>
   <div class='ocr_carea' id='block_1_37' title="bbox 482 3871 2074 3943">
    <p class='ocr_par' dir='ltr' id='par_1_37' title="bbox 482 3871 2074 3943">
     <span class='ocr_line' id='line_1_37' title="bbox 482 3871 2074 3943; baseline 0.002 -17"><span class='ocrx_word' id='word_1_271' title='bbox 482 3880 644 3927; x_wconf 83' lang='lat' dir='ltr'><strong>erant</strong></span> <span class='ocrx_word' id='word_1_272' title='bbox 683 3872 865 3926; x_wconf 86' lang='lat' dir='ltr'><strong>studia</strong></span> <span class='ocrx_word' id='word_1_273' title='bbox 906 3885 1198 3941; x_wconf 84' lang='lat' dir='ltr'><strong>sensaque.</strong></span> <span class='ocrx_word' id='word_1_274' title='bbox 1259 3871 1500 3928; x_wconf 88' lang='lat' dir='ltr'><strong>Uteuim</strong></span> <span class='ocrx_word' id='word_1_275' title='bbox 1543 3873 1765 3943; x_wconf 78' lang='lat' dir='ltr'><strong>utrique</strong></span> <span class='ocrx_word' id='word_1_276' title='bbox 1831 3891 1955 3931; x_wconf 85' lang='lat' dir='ltr'><strong>sese</strong></span> <span class='ocrx_word' id='word_1_277' title='bbox 1988 3879 2074 3929; x_wconf 84' lang='lat' dir='ltr'><strong>iu-</strong></span> 
     </span>
    </p>
   </div>
   <div class='ocr_carea' id='block_1_38' title="bbox 484 3964 2073 4037">
    <p class='ocr_par' dir='ltr' id='par_1_38' title="bbox 484 3964 2073 4037">
     <span class='ocr_line' id='line_1_38' title="bbox 484 3964 2073 4037; baseline 0.002 -18"><span class='ocrx_word' id='word_1_278' title='bbox 484 3966 665 4020; x_wconf 70' lang='lat' dir='ltr'><strong>vit-em</strong></span> <span class='ocrx_word' id='word_1_279' title='bbox 700 3964 1482 4035; x_wconf 69' lang='lat' dir='ltr'><strong>aemulationeinquietissimo</strong></span> <span class='ocrx_word' id='word_1_280' title='bbox 1534 3969 1953 4037; x_wconf 69' lang='lat' dir='ltr'><strong>suspectabant,</strong></span> <span class='ocrx_word' id='word_1_281' title='bbox 2016 3977 2073 4024; x_wconf 91' lang='lat' dir='ltr'><strong>et</strong></span> 
     </span>
    </p>
   </div>
   <div class='ocr_carea' id='block_1_39' title="bbox 486 4054 2073 4126">
    <p class='ocr_par' dir='ltr' id='par_1_39' title="bbox 486 4054 2073 4126">
     <span class='ocr_line' id='line_1_39' title="bbox 486 4054 2073 4126; baseline 0.002 -16"><span class='ocrx_word' id='word_1_282' title='bbox 486 4058 689 4111; x_wconf 64' lang='lat' dir='ltr'><strong>urebat</strong></span> <span class='ocrx_word' id='word_1_283' title='bbox 732 4055 1040 4126; x_wconf 65' lang='lat' dir='ltr'><strong>praesertim</strong></span> <span class='ocrx_word' id='word_1_284' title='bbox 1113 4054 1429 4125; x_wconf 83' lang='lat' dir='ltr'><strong>Josephitas</strong></span> <span class='ocrx_word' id='word_1_285' title='bbox 1477 4057 1702 4111; x_wconf 85' lang='lat' dir='ltr'><strong>minime</strong></span> <span class='ocrx_word' id='word_1_286' title='bbox 1738 4058 1849 4126; x_wconf 87' lang='lat' dir='ltr'><strong>jam</strong></span> <span class='ocrx_word' id='word_1_287' title='bbox 1905 4059 2073 4112; x_wconf 78' lang='lat' dir='ltr'><strong>dissi-</strong></span> 
     </span>
    </p>
   </div>
   <div class='ocr_carea' id='block_1_40' title="bbox 481 4148 2074 4220">
    <p class='ocr_par' dir='ltr' id='par_1_40' title="bbox 481 4148 2074 4220">
     <span class='ocr_line' id='line_1_40' title="bbox 481 4148 2074 4220; baseline 0.001 -17"><span class='ocrx_word' id='word_1_288' title='bbox 481 4150 695 4203; x_wconf 84' lang='lat' dir='ltr'><strong>mulata</strong></span> <span class='ocrx_word' id='word_1_289' title='bbox 720 4163 935 4202; x_wconf 86' lang='lat' dir='ltr'><strong>necnon</strong></span> <span class='ocrx_word' id='word_1_290' title='bbox 963 4164 1214 4218; x_wconf 78' lang='lat' dir='ltr'><strong>magnam</strong></span> <span class='ocrx_word' id='word_1_291' title='bbox 1242 4149 1407 4205; x_wconf 81' lang='lat' dir='ltr'><strong>rebus</strong></span> <span class='ocrx_word' id='word_1_292' title='bbox 1434 4148 1681 4220; x_wconf 83' lang='lat' dir='ltr'><strong>ipsorum</strong></span> <span class='ocrx_word' id='word_1_293' title='bbox 1721 4151 1956 4206; x_wconf 86' lang='lat' dir='ltr'><strong>securim</strong></span> <span class='ocrx_word' id='word_1_294' title='bbox 1983 4152 2074 4205; x_wconf 88' lang='lat' dir='ltr'><strong>in-</strong></span> 
     </span>
    </p>
   </div>
   <div class='ocr_carea' id='block_1_41' title="bbox 480 4241 2075 4312">
    <p class='ocr_par' dir='ltr' id='par_1_41' title="bbox 480 4241 2075 4312">
     <span class='ocr_line' id='line_1_41' title="bbox 480 4241 2075 4312; baseline 0.001 -17"><span class='ocrx_word' id='word_1_295' title='bbox 480 4241 702 4311; x_wconf 59' lang='lat' dir='ltr'><strong>dligens,</strong></span> <span class='ocrx_word' id='word_1_296' title='bbox 745 4242 1097 4312; x_wconf 81' lang='lat' dir='ltr'><strong>imperatoris</strong></span> <span class='ocrx_word' id='word_1_297' title='bbox 1125 4256 1251 4312; x_wconf 81' lang='lat' dir='ltr'><strong>erga</strong></span> <span class='ocrx_word' id='word_1_298' title='bbox 1275 4253 1604 4297; x_wconf 72' lang='lat' dir='ltr'><strong>venerantes</strong></span> <span class='ocrx_word' id='word_1_299' title='bbox 1628 4242 1844 4298; x_wconf 85' lang='lat' dir='ltr'><strong>Arseuii</strong></span> <span class='ocrx_word' id='word_1_300' title='bbox 1869 4259 2075 4297; x_wconf 81' lang='lat' dir='ltr'><strong>memo-</strong></span> 
     </span>
    </p>
   </div>
   <div class='ocr_carea' id='block_1_42' title="bbox 482 4336 2071 4408">
    <p class='ocr_par' dir='ltr' id='par_1_42' title="bbox 482 4336 2071 4408">
     <span class='ocr_line' id='line_1_42' title="bbox 482 4336 2071 4408; baseline 0.001 -18"><span class='ocrx_word' id='word_1_301' title='bbox 482 4336 1150 4406; x_wconf 44' lang='lat' dir='ltr'><strong>riamindulgentiam“:</strong></span> <span class='ocrx_word' id='word_1_302' title='bbox 1190 4353 1256 4390; x_wconf 87' lang='lat' dir='ltr'><strong>tte</strong></span> <span class='ocrx_word' id='word_1_303' title='bbox 1291 4337 1536 4406; x_wconf 89' lang='lat' dir='ltr'><strong>usqueiu</strong></span> <span class='ocrx_word' id='word_1_304' title='bbox 1570 4339 1785 4406; x_wconf 86' lang='lat' dir='ltr'><strong>plenam</strong></span> <span class='ocrx_word' id='word_1_305' title='bbox 1823 4338 2071 4408; x_wconf 90' lang='lat' dir='ltr'><strong>ipsorum</strong></span> 
     </span>
    </p>
   </div>
   <div class='ocr_carea' id='block_1_43' title="bbox 484 4426 2075 4495">
    <p class='ocr_par' dir='ltr' id='par_1_43' title="bbox 484 4426 2075 4495">
     <span class='ocr_line' id='line_1_43' title="bbox 484 4426 2075 4495; baseline 0.003 -16"><span class='ocrx_word' id='word_1_306' title='bbox 484 4427 884 4480; x_wconf 79' lang='lat' dir='ltr'><strong>admissiouem</strong></span> <span class='ocrx_word' id='word_1_307' title='bbox 921 4426 1543 4495; x_wconf 81' lang='lat' dir='ltr'><strong>comprobationemque</strong></span> <span class='ocrx_word' id='word_1_308' title='bbox 1581 4426 1892 4495; x_wconf 75' lang='lat' dir='ltr'><strong>proliceret,</strong></span> <span class='ocrx_word' id='word_1_309' title='bbox 1925 4444 2075 4483; x_wconf 83' lang='lat' dir='ltr'><strong>verc—</strong></span> 
     </span>
    </p>
   </div>
   <div class='ocr_carea' id='block_1_44' title="bbox 492 4518 2075 4589">
    <p class='ocr_par' dir='ltr' id='par_1_44' title="bbox 492 4518 2075 4589">
     <span class='ocr_line' id='line_1_44' title="bbox 492 4518 2075 4589; baseline 0.002 -18"><span class='ocrx_word' id='word_1_310' title='bbox 492 4518 716 4581; x_wconf 87' lang='lat' dir='ltr'><strong>hautur,</strong></span> <span class='ocrx_word' id='word_1_311' title='bbox 756 4518 833 4571; x_wconf 89' lang='lat' dir='ltr'><strong>ita</strong></span> <span class='ocrx_word' id='word_1_312' title='bbox 870 4518 1125 4589; x_wconf 88' lang='lat' dir='ltr'><strong>utrisque</strong></span> <span class='ocrx_word' id='word_1_313' title='bbox 1183 4534 1249 4573; x_wconf 83' lang='lat' dir='ltr'><strong>ex</strong></span> <span class='ocrx_word' id='word_1_314' title='bbox 1313 4534 1470 4589; x_wconf 72' lang='grc' dir='ltr'>ωιιιιο</span> <span class='ocrx_word' id='word_1_315' title='bbox 1525 4534 1719 4589; x_wconf 86' lang='lat' dir='ltr'><strong>parum</strong></span> <span class='ocrx_word' id='word_1_316' title='bbox 1786 4520 2075 4588; x_wconf 77' lang='lat' dir='ltr'><strong>placebant</strong></span> 
     </span>
    </p>
   </div>
   <div class='ocr_carea' id='block_1_45' title="bbox 482 4609 2146 4687">
    <p class='ocr_par' dir='ltr' id='par_1_45' title="bbox 482 4609 2146 4687">
     <span class='ocr_line' id='line_1_45' title="bbox 482 4609 2146 4687; baseline 0.001 -24"><span class='ocrx_word' id='word_1_317' title='bbox 482 4627 611 4680; x_wconf 80' lang='lat' dir='ltr'><strong>qua:</strong></span> <span class='ocrx_word' id='word_1_318' title='bbox 642 4627 784 4665; x_wconf 66' lang='lat' dir='ltr'><strong>saeva</strong></span> <span class='ocrx_word' id='word_1_319' title='bbox 820 4611 1196 4681; x_wconf 73' lang='lat' dir='ltr'><strong>immaniaque</strong></span> <span class='ocrx_word' id='word_1_320' title='bbox 1233 4611 1433 4666; x_wconf 84' lang='lat' dir='ltr'><strong>amotio</strong></span> <span class='ocrx_word' id='word_1_321' title='bbox 1488 4612 1541 4665; x_wconf 92' lang='lat' dir='ltr'><strong>in</strong></span> <span class='ocrx_word' id='word_1_322' title='bbox 1582 4609 1827 4666; x_wconf 76' lang='lat' dir='ltr'><strong>Ecclesia</strong></span> <span class='ocrx_word' id='word_1_323' title='bbox 1884 4613 2072 4666; x_wconf 84' lang='lat' dir='ltr'><strong>domi—</strong></span> <span class='ocrx_word' id='word_1_324' title='bbox 2104 4634 2146 4687; x_wconf 76' lang='grc' dir='ltr'>υ</span> 
     </span>
    </p>
   </div>
   <div class='ocr_carea' id='block_1_46' title="bbox 480 4703 2073 4776">
    <p class='ocr_par' dir='ltr' id='par_1_46' title="bbox 480 4703 2073 4776">
     <span class='ocr_line' id='line_1_46' title="bbox 480 4703 2073 4776; baseline 0.002 -19"><span class='ocrx_word' id='word_1_325' title='bbox 480 4703 752 4759; x_wconf 75' lang='lat' dir='ltr'><strong>uautihus</strong></span> <span class='ocrx_word' id='word_1_326' title='bbox 812 4704 1037 4759; x_wconf 70' lang='lat' dir='ltr'><strong>deterui</strong></span> <span class='ocrx_word' id='word_1_327' title='bbox 1115 4706 1340 4776; x_wconf 79' lang='lat' dir='ltr'><strong>gerique</strong></span> <span class='ocrx_word' id='word_1_328' title='bbox 1382 4705 1719 4770; x_wconf 72' lang='lat' dir='ltr'><strong>cernebant;</strong></span> <span class='ocrx_word' id='word_1_329' title='bbox 1781 4706 2073 4775; x_wconf 80' lang='lat' dir='ltr'><strong>palamque</strong></span> 
     </span>
    </p>
   </div>
   <div class='ocr_carea' id='block_1_47' title="bbox 478 4796 2071 4867">
    <p class='ocr_par' dir='ltr' id='par_1_47' title="bbox 478 4796 2071 4867">
     <span class='ocr_line' id='line_1_47' title="bbox 478 4796 2071 4867; baseline 0.001 -18"><span class='ocrx_word' id='word_1_330' title='bbox 478 4796 660 4850; x_wconf 64' lang='lat' dir='ltr'><strong>mubm</strong></span> <span class='ocrx_word' id='word_1_331' title='bbox 686 4804 875 4867; x_wconf 82' lang='lat' dir='ltr'><strong>partes</strong></span> <span class='ocrx_word' id='word_1_332' title='bbox 912 4798 1184 4851; x_wconf 76' lang='lat' dir='ltr'><strong>miserata:</strong></span> <span class='ocrx_word' id='word_1_333' title='bbox 1216 4797 1444 4851; x_wconf 82' lang='lat' dir='ltr'><strong>sedibus</strong></span> <span class='ocrx_word' id='word_1_334' title='bbox 1476 4796 1722 4865; x_wconf 79' lang='lat' dir='ltr'><strong>dejectos</strong></span> <span class='ocrx_word' id='word_1_335' title='bbox 1775 4798 2071 4862; x_wconf 75' lang='lat' dir='ltr'><strong>aliliSlllt&#39;S,</strong></span> 
     </span>
    </p>
   </div>
   <div class='ocr_carea' id='block_1_48' title="bbox 480 4888 2074 4961">
    <p class='ocr_par' dir='ltr' id='par_1_48' title="bbox 480 4888 2074 4961">
     <span class='ocr_line' id='line_1_48' title="bbox 480 4888 2074 4961; baseline 0.002 -19"><span class='ocrx_word' id='word_1_336' title='bbox 480 4888 694 4959; x_wconf 77' lang='lat' dir='ltr'><strong>injuste</strong></span> <span class='ocrx_word' id='word_1_337' title='bbox 733 4891 885 4959; x_wconf 84' lang='lat' dir='ltr'><strong>ipsos</strong></span> <span class='ocrx_word' id='word_1_338' title='bbox 911 4892 1013 4945; x_wconf 85' lang='lat' dir='ltr'><strong>sibi</strong></span> <span class='ocrx_word' id='word_1_339' title='bbox 1055 4891 1225 4946; x_wconf 87' lang='lat' dir='ltr'><strong>videri</strong></span> <span class='ocrx_word' id='word_1_340' title='bbox 1270 4906 1465 4961; x_wconf 86' lang='lat' dir='ltr'><strong>passes</strong></span> <span class='ocrx_word' id='word_1_341' title='bbox 1490 4890 1619 4945; x_wconf 85' lang='lat' dir='ltr'><strong>talia</strong></span> <span class='ocrx_word' id='word_1_342' title='bbox 1660 4890 2074 4959; x_wconf 65' lang='lat' dir='ltr'><strong>conspiratione</strong></span> 
     </span>
    </p>
   </div>
   <div class='ocr_carea' id='block_1_49' title="bbox 480 4979 2073 5052">
    <p class='ocr_par' dir='ltr' id='par_1_49' title="bbox 480 4979 2073 5052">
     <span class='ocr_line' id='line_1_49' title="bbox 480 4979 2073 5052; baseline 0.001 -19"><span class='ocrx_word' id='word_1_343' title='bbox 480 4996 598 5034; x_wconf 74' lang='lat' dir='ltr'><strong>non</strong></span> <span class='ocrx_word' id='word_1_344' title='bbox 629 4979 798 5036; x_wconf 86' lang='lat' dir='ltr'><strong>dubia</strong></span> <span class='ocrx_word' id='word_1_345' title='bbox 855 4981 1279 5052; x_wconf 83' lang='lat' dir='ltr'><strong>profitebantur.</strong></span> <span class='ocrx_word' id='word_1_346' title='bbox 1346 4981 1441 5037; x_wconf 89' lang='lat' dir='ltr'><strong>llis</strong></span> <span class='ocrx_word' id='word_1_347' title='bbox 1507 4991 1586 5035; x_wconf 81' lang='lat' dir='ltr'><strong>tot</strong></span> <span class='ocrx_word' id='word_1_348' title='bbox 1637 4992 1745 5034; x_wconf 88' lang='lat' dir='ltr'><strong>tam</strong></span> <span class='ocrx_word' id='word_1_349' title='bbox 1807 4985 1971 5035; x_wconf 88' lang='lat' dir='ltr'><strong>variis</strong></span> <span class='ocrx_word' id='word_1_350' title='bbox 2010 4997 2073 5035; x_wconf 85' lang='lat' dir='ltr'><strong>ac</strong></span> 
     </span>
    </p>
   </div>
   <div class='ocr_carea' id='block_1_50' title="bbox 485 5072 2077 5145">
    <p class='ocr_par' dir='ltr' id='par_1_50' title="bbox 485 5072 2077 5145">
     <span class='ocr_line' id='line_1_50' title="bbox 485 5072 2077 5145; baseline 0.001 -18"><span class='ocrx_word' id='word_1_351' title='bbox 485 5076 751 5145; x_wconf 80' lang='lat' dir='ltr'><strong>perplexe</strong></span> <span class='ocrx_word' id='word_1_352' title='bbox 775 5075 1125 5144; x_wconf 83' lang='lat' dir='ltr'><strong>complicatis</strong></span> <span class='ocrx_word' id='word_1_353' title='bbox 1156 5090 1267 5127; x_wconf 89' lang='lat' dir='ltr'><strong>una</strong></span> <span class='ocrx_word' id='word_1_354' title='bbox 1304 5074 1509 5128; x_wconf 84' lang='lat' dir='ltr'><strong>mederi</strong></span> <span class='ocrx_word' id='word_1_355' title='bbox 1562 5075 1791 5128; x_wconf 85' lang='lat' dir='ltr'><strong>studens</strong></span> <span class='ocrx_word' id='word_1_356' title='bbox 1822 5072 1932 5144; x_wconf 75' lang='lat'><strong>59</strong></span> <span class='ocrx_word' id='word_1_357' title='bbox 1974 5076 2077 5128; x_wconf 87' lang='lat' dir='ltr'><strong>im-</strong></span> 
     </span>
    </p>
   </div>
   <div class='ocr_carea' id='block_1_51' title="bbox 478 5168 2075 5239">
    <p class='ocr_par' dir='ltr' id='par_1_51' title="bbox 478 5168 2075 5239">
     <span class='ocr_line' id='line_1_51' title="bbox 478 5168 2075 5239; baseline 0.003 -18"><span class='ocrx_word' id='word_1_358' title='bbox 478 5178 707 5237; x_wconf 80' lang='lat' dir='ltr'><strong>perator</strong></span> <span class='ocrx_word' id='word_1_359' title='bbox 735 5184 905 5239; x_wconf 77' lang='lat' dir='ltr'><strong>opera</strong></span> <span class='ocrx_word' id='word_1_360' title='bbox 957 5168 1320 5225; x_wconf 83' lang='lat' dir='ltr'><strong>discidiorum</strong></span> <span class='ocrx_word' id='word_1_361' title='bbox 1368 5170 1671 5224; x_wconf 73' lang='lat' dir='ltr'><strong>Ecclesiam</strong></span> <span class='ocrx_word' id='word_1_362' title='bbox 1728 5172 1927 5225; x_wconf 79' lang='lat' dir='ltr'><strong>misere</strong></span> <span class='ocrx_word' id='word_1_363' title='bbox 1961 5173 2075 5225; x_wconf 88' lang='lat' dir='ltr'><strong>dis-</strong></span> 
     </span>
    </p>
   </div>
   <div class='ocr_carea' id='block_1_52' title="bbox 480 5262 2073 5333">
    <p class='ocr_par' dir='ltr' id='par_1_52' title="bbox 480 5262 2073 5333">
     <span class='ocr_line' id='line_1_52' title="bbox 480 5262 2073 5333; baseline 0.003 -19"><span class='ocrx_word' id='word_1_364' title='bbox 480 5262 831 5333; x_wconf 84' lang='lat' dir='ltr'><strong>eerpcntium</strong></span> <span class='ocrx_word' id='word_1_365' title='bbox 876 5264 1094 5329; x_wconf 86' lang='lat' dir='ltr'><strong>causis,</strong></span> <span class='ocrx_word' id='word_1_366' title='bbox 1176 5263 1472 5318; x_wconf 75' lang='lat' dir='ltr'><strong>universos</strong></span> <span class='ocrx_word' id='word_1_367' title='bbox 1530 5265 1759 5318; x_wconf 87' lang='lat' dir='ltr'><strong>seducto</strong></span> <span class='ocrx_word' id='word_1_368' title='bbox 1823 5265 1877 5317; x_wconf 87' lang='lat' dir='ltr'><strong>in</strong></span> <span class='ocrx_word' id='word_1_369' title='bbox 1952 5264 2073 5319; x_wconf 87' lang='lat' dir='ltr'><strong>loco</strong></span> 
     </span>
    </p>
   </div>
   <div class='ocr_carea' id='block_1_53' title="bbox 481 5354 2071 5425">
    <p class='ocr_par' dir='ltr' id='par_1_53' title="bbox 481 5354 2071 5425">
     <span class='ocr_line' id='line_1_53' title="bbox 481 5354 2071 5425; baseline 0 -17"><span class='ocrx_word' id='word_1_370' title='bbox 481 5370 657 5409; x_wconf 83' lang='lat' dir='ltr'><strong>unum</strong></span> <span class='ocrx_word' id='word_1_371' title='bbox 685 5370 883 5425; x_wconf 76' lang='lat' dir='ltr'><strong>cogere</strong></span> <span class='ocrx_word' id='word_1_372' title='bbox 913 5355 971 5409; x_wconf 89' lang='lat' dir='ltr'><strong>in</strong></span> <span class='ocrx_word' id='word_1_373' title='bbox 1018 5365 1224 5409; x_wconf 73' lang='lat' dir='ltr'><strong>emtum</strong></span> <span class='ocrx_word' id='word_1_374' title='bbox 1287 5354 1422 5410; x_wconf 88' lang='lat' dir='ltr'><strong>utile</strong></span> <span class='ocrx_word' id='word_1_375' title='bbox 1467 5354 1701 5425; x_wconf 85' lang='lat' dir='ltr'><strong>putavit,</strong></span> <span class='ocrx_word' id='word_1_376' title='bbox 1753 5355 1869 5410; x_wconf 87' lang='lat' dir='ltr'><strong>fore</strong></span> <span class='ocrx_word' id='word_1_377' title='bbox 1909 5366 2071 5409; x_wconf 88' lang='lat' dir='ltr'><strong>autu-</strong></span> 
     </span>
    </p>
   </div>
   <div class='ocr_carea' id='block_1_54' title="bbox 484 5442 2076 5503">
    <p class='ocr_par' dir='ltr' id='par_1_54' title="bbox 484 5442 2076 5503">
     <span class='ocr_line' id='line_1_54' title="bbox 484 5442 2076 5503; baseline -0.004 -2"><span class='ocrx_word' id='word_1_378' title='bbox 484 5460 648 5503; x_wconf 74' lang='lat' dir='ltr'><strong>mans</strong></span> <span class='ocrx_word' id='word_1_379' title='bbox 684 5454 743 5500; x_wconf 89' lang='lat' dir='ltr'><strong>ut</strong></span> <span class='ocrx_word' id='word_1_380' title='bbox 776 5449 857 5501; x_wconf 91' lang='lat' dir='ltr'><strong>sic</strong></span> <span class='ocrx_word' id='word_1_381' title='bbox 889 5446 1094 5500; x_wconf 86' lang='lat' dir='ltr'><strong>collato</strong></span> <span class='ocrx_word' id='word_1_382' title='bbox 1121 5445 1357 5499; x_wconf 82' lang='lat' dir='ltr'><strong>consilio</strong></span> <span class='ocrx_word' id='word_1_383' title='bbox 1388 5444 1531 5498; x_wconf 71' lang='lat' dir='ltr'><strong>viam</strong></span> <span class='ocrx_word' id='word_1_384' title='bbox 1570 5442 1942 5498; x_wconf 91' lang='lat' dir='ltr'><strong>communiter</strong></span> <span class='ocrx_word' id='word_1_385' title='bbox 1974 5443 2076 5496; x_wconf 83' lang='lat' dir='ltr'><strong>ali-</strong></span> 
     </span>
    </p>
   </div>
   <div class='ocr_carea' id='block_1_55' title="bbox 482 5538 2070 5610">
    <p class='ocr_par' dir='ltr' id='par_1_55' title="bbox 482 5538 2070 5610">
     <span class='ocr_line' id='line_1_55' title="bbox 482 5538 2070 5610; baseline -0.004 -16"><span class='ocrx_word' id='word_1_386' title='bbox 482 5554 650 5609; x_wconf 83' lang='lat' dir='ltr'><strong>quam</strong></span> <span class='ocrx_word' id='word_1_387' title='bbox 685 5538 892 5595; x_wconf 88' lang='lat' dir='ltr'><strong>inirent</strong></span> <span class='ocrx_word' id='word_1_388' title='bbox 934 5539 1322 5594; x_wconf 84' lang='lat' dir='ltr'><strong>consensionis</strong></span> <span class='ocrx_word' id='word_1_389' title='bbox 1371 5539 1509 5594; x_wconf 89' lang='lat' dir='ltr'><strong>adeo</strong></span> <span class='ocrx_word' id='word_1_390' title='bbox 1540 5538 1758 5610; x_wconf 86' lang='lat' dir='ltr'><strong>publice</strong></span> <span class='ocrx_word' id='word_1_391' title='bbox 1810 5550 2070 5590; x_wconf 83' lang='lat' dir='ltr'><strong>necessa-</strong></span> 
     </span>
    </p>
   </div>
   <div class='ocr_carea' id='block_1_56' title="bbox 486 5631 2073 5702">
    <p class='ocr_par' dir='ltr' id='par_1_56' title="bbox 486 5631 2073 5702">
     <span class='ocr_line' id='line_1_56' title="bbox 486 5631 2073 5702; baseline -0.004 -14"><span class='ocrx_word' id='word_1_392' title='bbox 486 5635 586 5688; x_wconf 64' lang='lat' dir='ltr'><strong>rie</strong></span> <span class='ocrx_word' id='word_1_393' title='bbox 628 5633 933 5688; x_wconf 70' lang='lat' dir='ltr'><strong>ﬁrmandae.</strong></span> <span class='ocrx_word' id='word_1_394' title='bbox 961 5632 1099 5688; x_wconf 88' lang='lat' dir='ltr'><strong>Cum</strong></span> <span class='ocrx_word' id='word_1_395' title='bbox 1139 5634 1304 5701; x_wconf 67' lang='lat' dir='ltr'><strong>igitur</strong></span> <span class='ocrx_word' id='word_1_396' title='bbox 1324 5648 1519 5687; x_wconf 84' lang='lat' dir='ltr'><strong>omnes</strong></span> <span class='ocrx_word' id='word_1_397' title='bbox 1546 5631 1837 5702; x_wconf 83' lang='lat' dir='ltr'><strong>Atratnytii</strong></span> <span class='ocrx_word' id='word_1_398' title='bbox 1868 5644 2073 5683; x_wconf 87' lang='lat' dir='ltr'><strong>conve-</strong></span> 
     </span>
    </p>
   </div>
   <div class='ocr_carea' id='block_1_57' title="bbox 485 5724 2072 5791">
    <p class='ocr_par' dir='ltr' id='par_1_57' title="bbox 485 5724 2072 5791">
     <span class='ocr_line' id='line_1_57' title="bbox 485 5724 2072 5791; baseline -0.005 -9"><span class='ocrx_word' id='word_1_399' title='bbox 485 5726 724 5791; x_wconf 84' lang='lat' dir='ltr'><strong>nissent,</strong></span> <span class='ocrx_word' id='word_1_400' title='bbox 754 5726 846 5781; x_wconf 87' lang='lat' dir='ltr'><strong>ubi</strong></span> <span class='ocrx_word' id='word_1_401' title='bbox 882 5727 1101 5783; x_wconf 85' lang='lat' dir='ltr'><strong>cunctis</strong></span> <span class='ocrx_word' id='word_1_402' title='bbox 1132 5725 1200 5780; x_wconf 85' lang='lat' dir='ltr'><strong>ad</strong></span> <span class='ocrx_word' id='word_1_403' title='bbox 1258 5725 1465 5780; x_wconf 87' lang='lat' dir='ltr'><strong>victum</strong></span> <span class='ocrx_word' id='word_1_404' title='bbox 1513 5724 1570 5782; x_wconf 83' lang='lat' dir='ltr'><strong>in</strong></span> <span class='ocrx_word' id='word_1_405' title='bbox 1605 5736 1780 5779; x_wconf 88' lang='lat' dir='ltr'><strong>totam</strong></span> <span class='ocrx_word' id='word_1_406' title='bbox 1837 5724 2072 5778; x_wconf 84' lang='lat' dir='ltr'><strong>hiemem</strong></span> 
     </span>
    </p>
   </div>
   <div class='ocr_carea' id='block_1_58' title="bbox 486 5815 2072 5891">
    <p class='ocr_par' dir='ltr' id='par_1_58' title="bbox 486 5815 2072 5891">
     <span class='ocr_line' id='line_1_58' title="bbox 486 5815 2072 5891; baseline -0.003 -18"><span class='ocrx_word' id='word_1_407' title='bbox 486 5821 806 5874; x_wconf 79' lang='lat' dir='ltr'><strong>necessaria</strong></span> <span class='ocrx_word' id='word_1_408' title='bbox 831 5819 979 5891; x_wconf 75' lang='lat' dir='ltr'><strong>large</strong></span> <span class='ocrx_word' id='word_1_409' title='bbox 1008 5819 1310 5889; x_wconf 85' lang='lat' dir='ltr'><strong>imperator</strong></span> <span class='ocrx_word' id='word_1_410' title='bbox 1328 5817 1669 5887; x_wconf 84' lang='lat' dir='ltr'><strong>providerat,</strong></span> <span class='ocrx_word' id='word_1_411' title='bbox 1706 5816 1826 5887; x_wconf 90' lang='lat' dir='ltr'><strong>ipse</strong></span> <span class='ocrx_word' id='word_1_412' title='bbox 1853 5815 2072 5869; x_wconf 86' lang='lat' dir='ltr'><strong>interim</strong></span> 
     </span>
    </p>
   </div>
   <div class='ocr_carea' id='block_1_59' title="bbox 484 5909 2074 5990">
    <p class='ocr_par' dir='ltr' id='par_1_59' title="bbox 484 5909 2074 5990">
     <span class='ocr_line' id='line_1_59' title="bbox 484 5909 2074 5990; baseline -0.004 -23"><span class='ocrx_word' id='word_1_413' title='bbox 484 5909 747 5990; x_wconf 72' lang='lat' dir='ltr'><strong>sepositis</strong></span> <span class='ocrx_word' id='word_1_414' title='bbox 780 5911 1033 5974; x_wconf 77' lang='lat' dir='ltr'><strong>civilium</strong></span> <span class='ocrx_word' id='word_1_415' title='bbox 1068 5912 1417 5985; x_wconf 71' lang='lat' dir='ltr'><strong>negotiorum</strong></span> <span class='ocrx_word' id='word_1_416' title='bbox 1456 5910 1629 5979; x_wconf 84' lang='lat' dir='ltr'><strong>curis,</strong></span> <span class='ocrx_word' id='word_1_417' title='bbox 1660 5917 1829 5979; x_wconf 85' lang='lat' dir='ltr'><strong>atque</strong></span> <span class='ocrx_word' id='word_1_418' title='bbox 1865 5922 1896 5962; x_wconf 84' lang='lat' dir='ltr'><strong>a</strong></span> <span class='ocrx_word' id='word_1_419' title='bbox 1928 5919 2074 5975; x_wconf 87' lang='lat' dir='ltr'><strong>quo-</strong></span> 
     </span>
    </p>
   </div>
   <div class='ocr_carea' id='block_1_60' title="bbox 2181 652 3775 733">
    <p class='ocr_par' dir='ltr' id='par_1_60' title="bbox 2181 652 3775 733">
     <span class='ocr_line' id='line_1_60' title="bbox 2181 652 3775 733; baseline 0.006 -28"><span class='ocrx_word' id='word_1_420' title='bbox 2181 652 2251 706; x_wconf 83' lang='grc' dir='ltr'><strong>τά</strong></span> <span class='ocrx_word' id='word_1_421' title='bbox 2280 653 2453 709; x_wconf 81' lang='grc' dir='ltr'>πολλὰ</span> <span class='ocrx_word' id='word_1_422' title='bbox 2501 658 2653 727; x_wconf 67' lang='grc' dir='ltr'>παρὰ</span> <span class='ocrx_word' id='word_1_423' title='bbox 2703 655 2916 727; x_wconf 84' lang='grc' dir='ltr'>βασιλεί</span> <span class='ocrx_word' id='word_1_424' title='bbox 2963 657 3262 730; x_wconf 79' lang='grc' dir='ltr'>δυνάμενος</span> <span class='ocrx_word' id='word_1_425' title='bbox 3293 659 3388 714; x_wconf 82' lang='grc' dir='ltr'>καί</span> <span class='ocrx_word' id='word_1_426' title='bbox 3426 677 3491 728; x_wconf 89' lang='grc' dir='ltr'><strong>γε</strong></span> <span class='ocrx_word' id='word_1_427' title='bbox 3518 664 3775 733; x_wconf 74' lang='grc' dir='ltr'>τιμηθεὶς</span> 
     </span>
    </p>
   </div>
   <div class='ocr_carea' id='block_1_61' title="bbox 2181 745 3775 826">
    <p class='ocr_par' dir='ltr' id='par_1_61' title="bbox 2181 745 3775 826">
     <span class='ocr_line' id='line_1_61' title="bbox 2181 745 3775 826; baseline 0.004 -27"><span class='ocrx_word' id='word_1_428' title='bbox 2181 746 2354 817; x_wconf 58' lang='lat' dir='ltr'><strong>miri];</strong></span> <span class='ocrx_word' id='word_1_429' title='bbox 2383 745 2494 807; x_wconf 83' lang='grc' dir='ltr'><strong>τῶν</strong></span> <span class='ocrx_word' id='word_1_430' title='bbox 2525 749 2871 819; x_wconf 73' lang='grc' dir='ltr'>μεγιστάνων</span> <span class='ocrx_word' id='word_1_431' title='bbox 2908 752 3328 825; x_wconf 83' lang='grc' dir='ltr'>χρυσοκοκκίνῳ</span> <span class='ocrx_word' id='word_1_432' title='bbox 3355 752 3648 826; x_wconf 75' lang='grc' dir='ltr'>καλύπτρᾳ</span> <span class='ocrx_word' id='word_1_433' title='bbox 3680 762 3775 806; x_wconf 74' lang='grc' dir='ltr'><strong>καὶ</strong></span> 
     </span>
    </p>
   </div>
   <div class='ocr_carea' id='block_1_62' title="bbox 2181 839 3777 914">
    <p class='ocr_par' dir='ltr' id='par_1_62' title="bbox 2181 839 3777 914">
     <span class='ocr_line' id='line_1_62' title="bbox 2181 839 3777 914; baseline 0.006 -23"><span class='ocrx_word' id='word_1_434' title='bbox 2181 839 2336 910; x_wconf 72' lang='grc' dir='ltr'>παρὰ</span> <span class='ocrx_word' id='word_1_435' title='bbox 2363 839 2463 911; x_wconf 80' lang='grc' dir='ltr'>τὴν</span> <span class='ocrx_word' id='word_1_436' title='bbox 2491 840 2586 893; x_wconf 84' lang='grc' dir='ltr'>τοῦ</span> <span class='ocrx_word' id='word_1_437' title='bbox 2625 841 2923 912; x_wconf 83' lang='grc' dir='ltr'>προσόντος</span> <span class='ocrx_word' id='word_1_438' title='bbox 2951 841 3105 913; x_wconf 81' lang='grc' dir='ltr'>αὐτῷ</span> <span class='ocrx_word' id='word_1_439' title='bbox 3138 844 3398 912; x_wconf 77' lang='grc' dir='ltr'>ὀφφικίου</span> <span class='ocrx_word' id='word_1_440' title='bbox 3428 848 3606 914; x_wconf 77' lang='grc' dir='ltr'>τάξιν,</span> <span class='ocrx_word' id='word_1_441' title='bbox 3633 850 3777 901; x_wconf 79' lang='grc' dir='ltr'><strong>ἐκεῖ·</strong></span> 
     </span>
    </p>
   </div>
   <div class='ocr_carea' id='block_1_63' title="bbox 2180 929 3774 1011">
    <p class='ocr_par' dir='ltr' id='par_1_63' title="bbox 2180 929 3774 1011">
     <span class='ocr_line' id='line_1_63' title="bbox 2180 929 3774 1011; baseline 0.006 -28"><span class='ocrx_word' id='word_1_442' title='bbox 2180 929 2275 984; x_wconf 85' lang='grc' dir='ltr'><strong>θεν</strong></span> <span class='ocrx_word' id='word_1_443' title='bbox 2305 930 2362 984; x_wconf 76' lang='grc' dir='ltr'><strong>δὲ</strong></span> <span class='ocrx_word' id='word_1_444' title='bbox 2391 932 2441 984; x_wconf 76' lang='grc' dir='ltr'>οἱ</span> <span class='ocrx_word' id='word_1_445' title='bbox 2486 932 2631 1002; x_wconf 70' lang='grc' dir='ltr'>ἀμφὶ</span> <span class='ocrx_word' id='word_1_446' title='bbox 2654 934 2746 987; x_wconf 77' lang='grc' dir='ltr'><strong>τὸν</strong></span> <span class='ocrx_word' id='word_1_447' title='bbox 2789 933 3082 987; x_wconf 82' lang='grc' dir='ltr'>Ὑάκινθον</span> <span class='ocrx_word' id='word_1_448' title='bbox 3111 937 3360 1008; x_wconf 74' lang='grc' dir='ltr'>μοναχοὶ,</span> <span class='ocrx_word' id='word_1_449' title='bbox 3403 932 3486 1001; x_wconf 73' lang='grc' dir='ltr'><strong>οἷς</strong></span> <span class='ocrx_word' id='word_1_450' title='bbox 3521 941 3774 1011; x_wconf 79' lang='grc' dir='ltr'>συνηριθ-</span> 
     </span>
    </p>
   </div>
   <div class='ocr_carea' id='block_1_64' title="bbox 2183 1021 3771 1099">
    <p class='ocr_par' dir='ltr' id='par_1_64' title="bbox 2183 1021 3771 1099">
     <span class='ocr_line' id='line_1_64' title="bbox 2183 1021 3771 1099; baseline 0.008 -27"><span class='ocrx_word' id='word_1_451' title='bbox 2183 1021 2384 1090; x_wconf 83' lang='grc' dir='ltr'>μοῦντο</span> <span class='ocrx_word' id='word_1_452' title='bbox 2443 1022 2541 1075; x_wconf 80' lang='grc' dir='ltr'><strong>καὶ</strong></span> <span class='ocrx_word' id='word_1_453' title='bbox 2588 1023 2639 1076; x_wconf 87' lang='grc' dir='ltr'><strong>οί</strong></span> <span class='ocrx_word' id='word_1_454' title='bbox 2695 1023 2857 1095; x_wconf 80' lang='grc' dir='ltr'>χθιζά</span> <span class='ocrx_word' id='word_1_455' title='bbox 2913 1026 3178 1091; x_wconf 85' lang='grc' dir='ltr'>παθόντες</span> <span class='ocrx_word' id='word_1_456' title='bbox 3220 1029 3316 1080; x_wconf 75' lang='grc' dir='ltr'><strong>καὶ</strong></span> <span class='ocrx_word' id='word_1_457' title='bbox 3372 1030 3771 1099; x_wconf 77' lang='grc' dir='ltr'>τυφλωθέντες,</span> 
     </span>
    </p>
   </div>
   <div class='ocr_carea' id='block_1_65' title="bbox 2179 1110 3770 1192">
    <p class='ocr_par' dir='ltr' id='par_1_65' title="bbox 2179 1110 3770 1192">
     <span class='ocr_line' id='line_1_65' title="bbox 2179 1110 3770 1192; baseline 0.007 -28"><span class='ocrx_word' id='word_1_458' title='bbox 2179 1110 2433 1181; x_wconf 77' lang='grc' dir='ltr'>Δάζαρός</span> <span class='ocrx_word' id='word_1_459' title='bbox 2458 1129 2515 1164; x_wconf 89' lang='grc' dir='ltr'><strong>τε</strong></span> <span class='ocrx_word' id='word_1_460' title='bbox 2543 1113 2572 1164; x_wconf 85' lang='grc' dir='ltr'><strong>ό</strong></span> <span class='ocrx_word' id='word_1_461' title='bbox 2594 1112 2919 1185; x_wconf 83' lang='grc' dir='ltr'>Γοριανίτης</span> <span class='ocrx_word' id='word_1_462' title='bbox 2940 1118 3032 1169; x_wconf 75' lang='grc' dir='ltr'><strong>καὶ</strong></span> <span class='ocrx_word' id='word_1_463' title='bbox 3048 1119 3076 1170; x_wconf 85' lang='grc' dir='ltr'>ὁ</span> <span class='ocrx_word' id='word_1_464' title='bbox 3100 1117 3441 1189; x_wconf 80' lang='grc' dir='ltr'>Περιστέρης</span> <span class='ocrx_word' id='word_1_465' title='bbox 3459 1120 3770 1192; x_wconf 80' lang='grc' dir='ltr'>Μακάριος·</span> 
     </span>
    </p>
   </div>
   <div class='ocr_carea' id='block_1_66' title="bbox 2178 1204 3776 1283">
    <p class='ocr_par' dir='ltr' id='par_1_66' title="bbox 2178 1204 3776 1283">
     <span class='ocr_line' id='line_1_66' title="bbox 2178 1204 3776 1283; baseline 0.004 -26"><span class='ocrx_word' id='word_1_466' title='bbox 2178 1205 2208 1257; x_wconf 90' lang='grc' dir='ltr'>ὁ</span> <span class='ocrx_word' id='word_1_467' title='bbox 2235 1205 2344 1274; x_wconf 81' lang='grc' dir='ltr'>γὰρ</span> <span class='ocrx_word' id='word_1_468' title='bbox 2370 1204 2752 1276; x_wconf 81' lang='grc' dir='ltr'>Λεπενδρηνὸς</span> <span class='ocrx_word' id='word_1_469' title='bbox 2787 1206 3106 1271; x_wconf 77' lang='grc' dir='ltr'>Ἀθανάσιος</span> <span class='ocrx_word' id='word_1_470' title='bbox 3153 1210 3219 1261; x_wconf 80' lang='grc' dir='ltr'><strong>ἐκ</strong></span> <span class='ocrx_word' id='word_1_471' title='bbox 3252 1207 3362 1261; x_wconf 86' lang='grc' dir='ltr'><strong>τῶν</strong></span> <span class='ocrx_word' id='word_1_472' title='bbox 3399 1210 3651 1264; x_wconf 82' lang='grc' dir='ltr'>παλαιῶν</span> <span class='ocrx_word' id='word_1_473' title='bbox 3680 1212 3776 1283; x_wconf 61' lang='lat'><strong>{1;-</strong></span> 
     </span>
    </p>
   </div>
   <div class='ocr_carea' id='block_1_67' title="bbox 2179 1291 3777 1373">
    <p class='ocr_par' dir='ltr' id='par_1_67' title="bbox 2179 1291 3777 1373">
     <span class='ocr_line' id='line_1_67' title="bbox 2179 1291 3777 1373; baseline 0.007 -26"><span class='ocrx_word' id='word_1_474' title='bbox 2179 1292 2369 1348; x_wconf 84' lang='grc' dir='ltr'>λωτῶν</span> <span class='ocrx_word' id='word_1_475' title='bbox 2398 1291 2467 1366; x_wconf 80' lang='grc' dir='ltr'>ἦν</span> <span class='ocrx_word' id='word_1_476' title='bbox 2502 1297 2596 1350; x_wconf 73' lang='grc' dir='ltr'><strong>καὶ</strong></span> <span class='ocrx_word' id='word_1_477' title='bbox 2623 1297 2897 1366; x_wconf 76' lang='grc' dir='ltr'>μεγάλων.</span> <span class='ocrx_word' id='word_1_478' title='bbox 2935 1300 3050 1353; x_wconf 83' lang='grc' dir='ltr'><strong>Οὐκ</strong></span> <span class='ocrx_word' id='word_1_479' title='bbox 3077 1301 3251 1369; x_wconf 84' lang='grc' dir='ltr'>ὀλίγοι</span> <span class='ocrx_word' id='word_1_480' title='bbox 3273 1301 3320 1355; x_wconf 79' lang='grc' dir='ltr'><strong>δ’</strong></span> <span class='ocrx_word' id='word_1_481' title='bbox 3352 1297 3492 1373; x_wconf 60' lang='grc' dir='ltr'>ἦσλν</span> <span class='ocrx_word' id='word_1_482' title='bbox 3521 1307 3618 1357; x_wconf 71' lang='grc' dir='ltr'>σὺν</span> <span class='ocrx_word' id='word_1_483' title='bbox 3650 1305 3777 1358; x_wconf 80' lang='grc' dir='ltr'>τού-</span> 
     </span>
    </p>
   </div>
   <div class='ocr_carea' id='block_1_68' title="bbox 2177 1387 3777 1464">
    <p class='ocr_par' dir='ltr' id='par_1_68' title="bbox 2177 1387 3777 1464">
     <span class='ocr_line' id='line_1_68' title="bbox 2177 1387 3777 1464; baseline 0.006 -25"><span class='ocrx_word' id='word_1_484' title='bbox 2177 1403 2314 1450; x_wconf 86' lang='grc' dir='ltr'>τοις,</span> <span class='ocrx_word' id='word_1_485' title='bbox 2350 1387 2445 1441; x_wconf 85' lang='grc' dir='ltr'>τοῦ</span> <span class='ocrx_word' id='word_1_486' title='bbox 2480 1388 2748 1457; x_wconf 84' lang='grc' dir='ltr'>βασιλέως</span> <span class='ocrx_word' id='word_1_487' title='bbox 2793 1391 3039 1455; x_wconf 78' lang='grc' dir='ltr'>ἐνδόντος</span> <span class='ocrx_word' id='word_1_488' title='bbox 3079 1393 3278 1464; x_wconf 77' lang='grc' dir='ltr'>ἀνέδην</span> <span class='ocrx_word' id='word_1_489' title='bbox 3313 1397 3604 1463; x_wconf 77' lang='grc' dir='ltr'>φαίνεσθαι</span> <span class='ocrx_word' id='word_1_490' title='bbox 3638 1399 3777 1451; x_wconf 89' lang='grc' dir='ltr'>πάν-</span> 
     </span>
    </p>
   </div>
   <div class='ocr_carea' id='block_1_69' title="bbox 2179 1480 3770 1565">
    <p class='ocr_par' dir='ltr' id='par_1_69' title="bbox 2179 1480 3770 1565">
     <span class='ocr_line' id='line_1_69' title="bbox 2179 1480 3770 1565; baseline 0.01 -34"><span class='ocrx_word' id='word_1_491' title='bbox 2179 1495 2297 1543; x_wconf 81' lang='grc' dir='ltr'>τας,</span> <span class='ocrx_word' id='word_1_492' title='bbox 2330 1482 2426 1534; x_wconf 78' lang='grc' dir='ltr'><strong>καὶ</strong></span> <span class='ocrx_word' id='word_1_493' title='bbox 2445 1482 2511 1533; x_wconf 84' lang='grc' dir='ltr'><strong>ὲκ</strong></span> <span class='ocrx_word' id='word_1_494' title='bbox 2534 1480 2643 1534; x_wconf 85' lang='grc' dir='ltr'><strong>τῶν</strong></span> <span class='ocrx_word' id='word_1_495' title='bbox 2674 1481 2879 1535; x_wconf 83' lang='grc' dir='ltr'>λαῖκῶν</span> <span class='ocrx_word' id='word_1_496' title='bbox 2908 1484 3004 1538; x_wconf 82' lang='grc' dir='ltr'>καί</span> <span class='ocrx_word' id='word_1_497' title='bbox 3033 1501 3097 1553; x_wconf 88' lang='grc' dir='ltr'><strong>γε</strong></span> <span class='ocrx_word' id='word_1_498' title='bbox 3121 1484 3215 1538; x_wconf 83' lang='grc' dir='ltr'>τοῦ</span> <span class='ocrx_word' id='word_1_499' title='bbox 3240 1488 3527 1550; x_wconf 79' lang='grc' dir='ltr'>παλατίου.</span> <span class='ocrx_word' id='word_1_500' title='bbox 3557 1488 3645 1562; x_wconf 83' lang='grc' dir='ltr'><strong>[Ρ.</strong></span> <span class='ocrx_word' id='word_1_501' title='bbox 3676 1490 3770 1565; x_wconf 77' lang='lat'><strong>36]</strong></span> 
     </span>
    </p>
   </div>
   <div class='ocr_carea' id='block_1_70' title="bbox 2178 1565 3773 1656">
    <p class='ocr_par' dir='ltr' id='par_1_70' title="bbox 2178 1565 3773 1656">
     <span class='ocr_line' id='line_1_70' title="bbox 2178 1565 3773 1656; baseline 0.009 -31"><span class='ocrx_word' id='word_1_502' title='bbox 2178 1565 2257 1635; x_wconf 71' lang='grc' dir='ltr'><strong>οἷς</strong></span> <span class='ocrx_word' id='word_1_503' title='bbox 2286 1573 2349 1643; x_wconf 69' lang='grc' dir='ltr'><strong>δὴ</strong></span> <span class='ocrx_word' id='word_1_504' title='bbox 2400 1575 2496 1626; x_wconf 78' lang='grc' dir='ltr'><strong>καὶ</strong></span> <span class='ocrx_word' id='word_1_505' title='bbox 2542 1575 3011 1646; x_wconf 74' lang='grc' dir='ltr'>συγκαλουμένοις</span> <span class='ocrx_word' id='word_1_506' title='bbox 3039 1580 3067 1632; x_wconf 87' lang='grc' dir='ltr'><strong>ό</strong></span> <span class='ocrx_word' id='word_1_507' title='bbox 3119 1580 3376 1650; x_wconf 76' lang='grc' dir='ltr'>βασιλεὺς</span> <span class='ocrx_word' id='word_1_508' title='bbox 3427 1584 3486 1636; x_wconf 81' lang='grc' dir='ltr'>ἐν</span> <span class='ocrx_word' id='word_1_509' title='bbox 3532 1586 3773 1656; x_wconf 80' lang='grc' dir='ltr'>ἡμέραις</span> 
     </span>
    </p>
   </div>
   <div class='ocr_carea' id='block_1_71' title="bbox 2175 1664 3771 1748">
    <p class='ocr_par' dir='ltr' id='par_1_71' title="bbox 2175 1664 3771 1748">
     <span class='ocr_line' id='line_1_71' title="bbox 2175 1664 3771 1748; baseline 0.009 -33"><span class='ocrx_word' id='word_1_510' title='bbox 2175 1664 2542 1733; x_wconf 82' lang='grc' dir='ltr'>τεταγμέναις</span> <span class='ocrx_word' id='word_1_511' title='bbox 2591 1666 2692 1735; x_wconf 81' lang='grc' dir='ltr'>τῆς</span> <span class='ocrx_word' id='word_1_512' title='bbox 2744 1667 3042 1738; x_wconf 71' lang='grc' dir='ltr'>ἑϐδομάδος</span> <span class='ocrx_word' id='word_1_513' title='bbox 3091 1671 3329 1741; x_wconf 75' lang='grc' dir='ltr'>ἑκάστης</span> <span class='ocrx_word' id='word_1_514' title='bbox 3368 1673 3586 1744; x_wconf 78' lang='grc' dir='ltr'>ὡμίλει,</span> <span class='ocrx_word' id='word_1_515' title='bbox 3630 1678 3771 1748; x_wconf 73' lang='grc' dir='ltr'>ἔχων</span> 
     </span>
    </p>
   </div>
   <div class='ocr_carea' id='block_1_72' title="bbox 2178 1756 3770 1839">
    <p class='ocr_par' dir='ltr' id='par_1_72' title="bbox 2178 1756 3770 1839">
     <span class='ocr_line' id='line_1_72' title="bbox 2178 1756 3770 1839; baseline 0.009 -32"><span class='ocrx_word' id='word_1_516' title='bbox 2178 1756 2311 1824; x_wconf 84' lang='grc' dir='ltr'>παρ’</span> <span class='ocrx_word' id='word_1_517' title='bbox 2339 1756 2575 1828; x_wconf 76' lang='grc' dir='ltr'>ἑκάτερα</span> <span class='ocrx_word' id='word_1_518' title='bbox 2600 1761 2831 1823; x_wconf 73' lang='grc' dir='ltr'>καὶτοὺς</span> <span class='ocrx_word' id='word_1_519' title='bbox 2861 1761 2957 1815; x_wconf 83' lang='grc' dir='ltr'>τοῦ</span> <span class='ocrx_word' id='word_1_520' title='bbox 2984 1764 3352 1834; x_wconf 77' lang='grc' dir='ltr'>πατριάρχου,</span> <span class='ocrx_word' id='word_1_521' title='bbox 3373 1766 3467 1820; x_wconf 89' lang='grc' dir='ltr'><strong>καί</strong></span> <span class='ocrx_word' id='word_1_522' title='bbox 3493 1766 3545 1837; x_wconf 87' lang='grc' dir='ltr'>γ’</span> <span class='ocrx_word' id='word_1_523' title='bbox 3571 1768 3770 1839; x_wconf 71' lang='grc' dir='ltr'>ἐπείρα</span> 
     </span>
    </p>
   </div>
   <div class='ocr_carea' id='block_1_73' title="bbox 2175 1845 3768 1927">
    <p class='ocr_par' dir='ltr' id='par_1_73' title="bbox 2175 1845 3768 1927">
     <span class='ocr_line' id='line_1_73' title="bbox 2175 1845 3768 1927; baseline 0.011 -28"><span class='ocrx_word' id='word_1_524' title='bbox 2175 1845 2241 1899; x_wconf 79' lang='grc' dir='ltr'><strong>δι’</strong></span> <span class='ocrx_word' id='word_1_525' title='bbox 2264 1848 2393 1918; x_wconf 79' lang='grc' dir='ltr'>ὅλης</span> <span class='ocrx_word' id='word_1_526' title='bbox 2408 1851 2508 1919; x_wconf 79' lang='grc' dir='ltr'>τῆς</span> <span class='ocrx_word' id='word_1_527' title='bbox 2526 1853 3115 1926; x_wconf 79' lang='grc' dir='ltr'>τεσσαρακονθημέρου</span> <span class='ocrx_word' id='word_1_528' title='bbox 3142 1857 3502 1927; x_wconf 61' lang='grc' dir='ltr'>συμὸισὸζειν</span> <span class='ocrx_word' id='word_1_529' title='bbox 3529 1862 3619 1913; x_wconf 80' lang='grc' dir='ltr'><strong>καὶ</strong></span> <span class='ocrx_word' id='word_1_530' title='bbox 3641 1877 3768 1915; x_wconf 85' lang='grc' dir='ltr'>συν-</span> 
     </span>
    </p>
   </div>
   <div class='ocr_carea' id='block_1_74' title="bbox 2176 1938 3767 2023">
    <p class='ocr_par' dir='ltr' id='par_1_74' title="bbox 2176 1938 3767 2023">
     <span class='ocr_line' id='line_1_74' title="bbox 2176 1938 3767 2023; baseline 0.01 -32"><span class='ocrx_word' id='word_1_531' title='bbox 2176 1938 2330 1993; x_wconf 84' lang='grc' dir='ltr'>ενοῦν</span> <span class='ocrx_word' id='word_1_532' title='bbox 2359 1941 2706 2013; x_wconf 81' lang='grc' dir='ltr'>ἀμφοτέρους</span> <span class='ocrx_word' id='word_1_533' title='bbox 2742 1945 2822 2009; x_wconf 87' lang='grc' dir='ltr'><strong>είς</strong></span> <span class='ocrx_word' id='word_1_534' title='bbox 2871 1948 3003 2015; x_wconf 91' lang='grc' dir='ltr'>μίαν</span> <span class='ocrx_word' id='word_1_535' title='bbox 3035 1949 3127 2002; x_wconf 76' lang='grc' dir='ltr'><strong>καὶ</strong></span> <span class='ocrx_word' id='word_1_536' title='bbox 3173 1949 3272 2016; x_wconf 81' lang='grc' dir='ltr'>τὴν</span> <span class='ocrx_word' id='word_1_537' title='bbox 3303 1951 3473 2023; x_wconf 79' lang='grc' dir='ltr'>αὐτὴν</span> <span class='ocrx_word' id='word_1_538' title='bbox 3518 1951 3614 2022; x_wconf 80' lang='grc' dir='ltr'>τῆς</span> <span class='ocrx_word' id='word_1_539' title='bbox 3655 1971 3767 2006; x_wconf 75' lang='grc' dir='ltr'>κοι-</span> 
     </span>
    </p>
   </div>
   <div class='ocr_carea' id='block_1_75' title="bbox 2174 2030 3764 2115">
    <p class='ocr_par' dir='ltr' id='par_1_75' title="bbox 2174 2030 3764 2115">
     <span class='ocr_line' id='line_1_75' title="bbox 2174 2030 3764 2115; baseline 0.009 -32"><span class='ocrx_word' id='word_1_540' title='bbox 2174 2030 2372 2094; x_wconf 78' lang='grc' dir='ltr'>νωνίας</span> <span class='ocrx_word' id='word_1_541' title='bbox 2425 2035 2847 2104; x_wconf 79' lang='grc' dir='ltr'>συμπλήρωσιν.</span> <span class='ocrx_word' id='word_1_542' title='bbox 2895 2037 3036 2091; x_wconf 79' lang='grc' dir='ltr'>Ἀλλ’</span> <span class='ocrx_word' id='word_1_543' title='bbox 3075 2039 3175 2093; x_wconf 70' lang='grc' dir='ltr'><strong>οὐκ</strong></span> <span class='ocrx_word' id='word_1_544' title='bbox 3222 2039 3463 2107; x_wconf 76' lang='grc' dir='ltr'>ἔπειθεν,</span> <span class='ocrx_word' id='word_1_545' title='bbox 3520 2043 3609 2096; x_wconf 78' lang='grc' dir='ltr'><strong>ὁτὲ</strong></span> <span class='ocrx_word' id='word_1_546' title='bbox 3665 2046 3764 2115; x_wconf 75' lang='grc' dir='ltr'>μὲν</span> 
     </span>
    </p>
   </div>
   <div class='ocr_carea' id='block_1_76' title="bbox 2174 2123 3768 2204">
    <p class='ocr_par' dir='ltr' id='par_1_76' title="bbox 2174 2123 3768 2204">
     <span class='ocr_line' id='line_1_76' title="bbox 2174 2123 3768 2204; baseline 0.01 -31"><span class='ocrx_word' id='word_1_547' title='bbox 2174 2123 2535 2192; x_wconf 83' lang='grc' dir='ltr'>παρακαλῶν,</span> <span class='ocrx_word' id='word_1_548' title='bbox 2565 2127 2654 2178; x_wconf 83' lang='grc' dir='ltr'>ότὲ</span> <span class='ocrx_word' id='word_1_549' title='bbox 2687 2126 2733 2179; x_wconf 78' lang='grc' dir='ltr'><strong>δ’</strong></span> <span class='ocrx_word' id='word_1_550' title='bbox 2761 2127 3022 2199; x_wconf 77' lang='grc' dir='ltr'>ἐλέγχων,</span> <span class='ocrx_word' id='word_1_551' title='bbox 3050 2132 3144 2184; x_wconf 73' lang='grc' dir='ltr'>καὶ</span> <span class='ocrx_word' id='word_1_552' title='bbox 3179 2133 3316 2187; x_wconf 75' lang='grc' dir='ltr'>πᾶσι</span> <span class='ocrx_word' id='word_1_553' title='bbox 3367 2134 3592 2204; x_wconf 85' lang='grc' dir='ltr'>τρόποις</span> <span class='ocrx_word' id='word_1_554' title='bbox 3635 2137 3768 2189; x_wconf 76' lang='grc' dir='ltr'>ὑπο-</span> 
     </span>
    </p>
   </div>
   <div class='ocr_carea' id='block_1_77' title="bbox 2173 2215 3764 2297">
    <p class='ocr_par' dir='ltr' id='par_1_77' title="bbox 2173 2215 3764 2297">
     <span class='ocr_line' id='line_1_77' title="bbox 2173 2215 3764 2297; baseline 0.01 -32"><span class='ocrx_word' id='word_1_555' title='bbox 2173 2215 2387 2286; x_wconf 83' lang='grc' dir='ltr'>τρέχων</span> <span class='ocrx_word' id='word_1_556' title='bbox 2418 2217 2513 2270; x_wconf 75' lang='grc' dir='ltr'><strong>καὶ</strong></span> <span class='ocrx_word' id='word_1_557' title='bbox 2550 2218 2918 2288; x_wconf 84' lang='grc' dir='ltr'>δουλαγωγῶν</span> <span class='ocrx_word' id='word_1_558' title='bbox 2944 2221 3171 2293; x_wconf 84' lang='grc' dir='ltr'>γνώμας</span> <span class='ocrx_word' id='word_1_559' title='bbox 3206 2224 3764 2297; x_wconf 72' lang='grc' dir='ltr'>άπανθρωπισθείσας</span> 
     </span>
    </p>
   </div>
   <div class='ocr_carea' id='block_1_78' title="bbox 2175 2387 3773 2463">
    <p class='ocr_par' dir='ltr' id='par_1_78' title="bbox 2175 2387 3773 2463">
     <span class='ocr_line' id='line_1_78' title="bbox 2175 2387 3773 2463; baseline 0.008 -22"><span class='ocrx_word' id='word_1_560' title='bbox 2175 2387 2402 2444; x_wconf 84' lang='lat' dir='ltr'><strong>tidianis</strong></span> <span class='ocrx_word' id='word_1_561' title='bbox 2461 2404 2685 2460; x_wconf 87' lang='lat' dir='ltr'><strong>quoque</strong></span> <span class='ocrx_word' id='word_1_562' title='bbox 2722 2390 2941 2447; x_wconf 57' lang='lat' dir='ltr'><strong>caneris</strong></span> <span class='ocrx_word' id='word_1_563' title='bbox 2999 2392 3349 2463; x_wconf 87' lang='lat' dir='ltr'><strong>principatus</strong></span> <span class='ocrx_word' id='word_1_564' title='bbox 3382 2394 3773 2454; x_wconf 77' lang='lat' dir='ltr'><strong>mnctionibus</strong></span> 
     </span>
    </p>
   </div>
   <div class='ocr_carea' id='block_1_79' title="bbox 2180 2476 3767 2553">
    <p class='ocr_par' dir='ltr' id='par_1_79' title="bbox 2180 2476 3767 2553">
     <span class='ocr_line' id='line_1_79' title="bbox 2180 2476 3767 2553; baseline 0.009 -22"><span class='ocrx_word' id='word_1_565' title='bbox 2180 2476 2391 2543; x_wconf 86' lang='lat' dir='ltr'><strong>feriari,</strong></span> <span class='ocrx_word' id='word_1_566' title='bbox 2447 2483 2629 2552; x_wconf 84' lang='lat' dir='ltr'><strong>quoad</strong></span> <span class='ocrx_word' id='word_1_567' title='bbox 2695 2482 2812 2537; x_wconf 67' lang='lat' dir='ltr'><strong>haec</strong></span> <span class='ocrx_word' id='word_1_568' title='bbox 2851 2484 3191 2552; x_wconf 81' lang='lat' dir='ltr'><strong>expedisset,</strong></span> <span class='ocrx_word' id='word_1_569' title='bbox 3243 2484 3454 2553; x_wconf 85' lang='lat' dir='ltr'><strong>volens,</strong></span> <span class='ocrx_word' id='word_1_570' title='bbox 3499 2488 3662 2544; x_wconf 86' lang='lat' dir='ltr'><strong>unice</strong></span> <span class='ocrx_word' id='word_1_571' title='bbox 3708 2490 3767 2545; x_wconf 89' lang='lat' dir='ltr'><strong>in</strong></span> 
     </span>
    </p>
   </div>
   <div class='ocr_carea' id='block_1_80' title="bbox 2177 2571 3772 2650">
    <p class='ocr_par' dir='ltr' id='par_1_80' title="bbox 2177 2571 3772 2650">
     <span class='ocr_line' id='line_1_80' title="bbox 2177 2571 3772 2650; baseline 0.009 -27"><span class='ocrx_word' id='word_1_572' title='bbox 2177 2572 2523 2641; x_wconf 86' lang='lat' dir='ltr'><strong>propositum</strong></span> <span class='ocrx_word' id='word_1_573' title='bbox 2550 2572 2806 2628; x_wconf 86' lang='lat' dir='ltr'><strong>incubuit</strong></span> <span class='ocrx_word' id='word_1_574' title='bbox 2841 2571 3107 2630; x_wconf 72' lang='lat' dir='ltr'><strong>Ecclesia.-</strong></span> <span class='ocrx_word' id='word_1_575' title='bbox 3128 2576 3418 2646; x_wconf 72' lang='lat' dir='ltr'><strong>paeandze.</strong></span> <span class='ocrx_word' id='word_1_576' title='bbox 3473 2577 3643 2650; x_wconf 87' lang='lat' dir='ltr'><strong>Cujus</strong></span> <span class='ocrx_word' id='word_1_577' title='bbox 3668 2597 3772 2637; x_wconf 84' lang='lat' dir='ltr'><strong>ue-</strong></span> 
     </span>
    </p>
   </div>
   <div class='ocr_carea' id='block_1_81' title="bbox 2176 2666 3769 2735">
    <p class='ocr_par' dir='ltr' id='par_1_81' title="bbox 2176 2666 3769 2735">
     <span class='ocr_line' id='line_1_81' title="bbox 2176 2666 3769 2735; baseline 0.008 -18"><span class='ocrx_word' id='word_1_578' title='bbox 2176 2666 2304 2732; x_wconf 77' lang='lat' dir='ltr'><strong>gotii</strong></span> <span class='ocrx_word' id='word_1_579' title='bbox 2340 2666 2673 2735; x_wconf 85' lang='lat' dir='ltr'><strong>principium</strong></span> <span class='ocrx_word' id='word_1_580' title='bbox 2722 2667 2791 2721; x_wconf 86' lang='lat' dir='ltr'><strong>ab</strong></span> <span class='ocrx_word' id='word_1_581' title='bbox 2838 2667 3261 2723; x_wconf 82' lang='lat' dir='ltr'><strong>Arscnialat‘um</strong></span> <span class='ocrx_word' id='word_1_582' title='bbox 3308 2672 3769 2729; x_wconf 85' lang='lat' dir='ltr'><strong>reconciliatione</strong></span> 
     </span>
    </p>
   </div>
   <div class='ocr_carea' id='block_1_82' title="bbox 2176 2757 3768 2826">
    <p class='ocr_par' dir='ltr' id='par_1_82' title="bbox 2176 2757 3768 2826">
     <span class='ocr_line' id='line_1_82' title="bbox 2176 2757 3768 2826; baseline 0.007 -15"><span class='ocrx_word' id='word_1_583' title='bbox 2176 2757 2482 2813; x_wconf 89' lang='lat' dir='ltr'><strong>ducendum</strong></span> <span class='ocrx_word' id='word_1_584' title='bbox 2524 2769 2705 2826; x_wconf 89' lang='lat' dir='ltr'><strong>ratus,</strong></span> <span class='ocrx_word' id='word_1_585' title='bbox 2741 2771 2913 2814; x_wconf 85' lang='lat' dir='ltr'><strong>totum</strong></span> <span class='ocrx_word' id='word_1_586' title='bbox 2972 2761 3140 2816; x_wconf 90' lang='lat' dir='ltr'><strong>ferme</strong></span> <span class='ocrx_word' id='word_1_587' title='bbox 3194 2764 3441 2819; x_wconf 90' lang='lat' dir='ltr'><strong>studium</strong></span> <span class='ocrx_word' id='word_1_588' title='bbox 3491 2767 3562 2820; x_wconf 87' lang='lat' dir='ltr'><strong>ad</strong></span> <span class='ocrx_word' id='word_1_589' title='bbox 3621 2767 3768 2823; x_wconf 83' lang='lat' dir='ltr'><strong>hanc</strong></span> 
     </span>
    </p>
   </div>
   <div class='ocr_carea' id='block_1_83' title="bbox 2178 2852 3769 2930">
    <p class='ocr_par' dir='ltr' id='par_1_83' title="bbox 2178 2852 3769 2930">
     <span class='ocr_line' id='line_1_83' title="bbox 2178 2852 3769 2930; baseline 0.009 -28"><span class='ocrx_word' id='word_1_590' title='bbox 2178 2852 2584 2921; x_wconf 84' lang='lat' dir='ltr'><strong>procurandam</strong></span> <span class='ocrx_word' id='word_1_591' title='bbox 2622 2854 2803 2909; x_wconf 71' lang='lat' dir='ltr'><strong>vertit.</strong></span> <span class='ocrx_word' id='word_1_592' title='bbox 2831 2854 3250 2926; x_wconf 83' lang='lat' dir='ltr'><strong>Cougregautur</strong></span> <span class='ocrx_word' id='word_1_593' title='bbox 3300 2872 3432 2930; x_wconf 76' lang='lat' dir='ltr'><strong>ergo</strong></span> <span class='ocrx_word' id='word_1_594' title='bbox 3464 2858 3591 2915; x_wconf 88' lang='lat' dir='ltr'><strong>hinc</strong></span> <span class='ocrx_word' id='word_1_595' title='bbox 3635 2861 3769 2930; x_wconf 82' lang='lat' dir='ltr'><strong>qui-</strong></span> 
     </span>
    </p>
   </div>
   <div class='ocr_carea' id='block_1_84' title="bbox 2179 2944 3768 3021">
    <p class='ocr_par' dir='ltr' id='par_1_84' title="bbox 2179 2944 3768 3021">
     <span class='ocr_line' id='line_1_84' title="bbox 2179 2944 3768 3021; baseline 0.006 -23"><span class='ocrx_word' id='word_1_596' title='bbox 2179 2944 2303 2999; x_wconf 87' lang='lat' dir='ltr'><strong>dem</strong></span> <span class='ocrx_word' id='word_1_597' title='bbox 2375 2944 2690 3014; x_wconf 88' lang='lat' dir='ltr'><strong>patriarcha</strong></span> <span class='ocrx_word' id='word_1_598' title='bbox 2727 2955 2781 2999; x_wconf 90' lang='lat' dir='ltr'><strong>ct</strong></span> <span class='ocrx_word' id='word_1_599' title='bbox 2833 2944 2964 3001; x_wconf 87' lang='lat' dir='ltr'><strong>huic</strong></span> <span class='ocrx_word' id='word_1_600' title='bbox 3026 2947 3392 3016; x_wconf 63' lang='lat' dir='ltr'><strong>:‘dhterentes,</strong></span> <span class='ocrx_word' id='word_1_601' title='bbox 3434 2951 3768 3021; x_wconf 84' lang='lat' dir='ltr'><strong>quibuscum</strong></span> 
     </span>
    </p>
   </div>
   <div class='ocr_carea' id='block_1_85' title="bbox 2180 3037 3764 3114">
    <p class='ocr_par' dir='ltr' id='par_1_85' title="bbox 2180 3037 3764 3114">
     <span class='ocr_line' id='line_1_85' title="bbox 2180 3037 3764 3114; baseline 0.004 -23"><span class='ocrx_word' id='word_1_602' title='bbox 2180 3037 2449 3107; x_wconf 87' lang='lat' dir='ltr'><strong>frequens</strong></span> <span class='ocrx_word' id='word_1_603' title='bbox 2486 3037 2816 3092; x_wconf 79' lang='lat' dir='ltr'><strong>versabalur</strong></span> <span class='ocrx_word' id='word_1_604' title='bbox 2847 3037 3101 3109; x_wconf 78' lang='lat' dir='ltr'><strong>Eulogia,</strong></span> <span class='ocrx_word' id='word_1_605' title='bbox 3142 3057 3242 3096; x_wconf 90' lang='lat' dir='ltr'><strong>uec</strong></span> <span class='ocrx_word' id='word_1_606' title='bbox 3274 3058 3387 3096; x_wconf 88' lang='lat' dir='ltr'><strong>non</strong></span> <span class='ocrx_word' id='word_1_607' title='bbox 3423 3042 3589 3114; x_wconf 88' lang='lat' dir='ltr'><strong>hujus</strong></span> <span class='ocrx_word' id='word_1_608' title='bbox 3616 3044 3764 3111; x_wconf 70' lang='lat' dir='ltr'><strong>filiae,</strong></span> 
     </span>
    </p>
   </div>
   <div class='ocr_carea' id='block_1_86' title="bbox 2178 3128 3771 3200">
    <p class='ocr_par' dir='ltr' id='par_1_86' title="bbox 2178 3128 3771 3200">
     <span class='ocr_line' id='line_1_86' title="bbox 2178 3128 3771 3200; baseline 0.006 -18"><span class='ocrx_word' id='word_1_609' title='bbox 2178 3128 2470 3182; x_wconf 83' lang='lat' dir='ltr'><strong>Thcodora</strong></span> <span class='ocrx_word' id='word_1_610' title='bbox 2528 3128 2790 3183; x_wconf 82' lang='lat' dir='ltr'><strong>videlicet</strong></span> <span class='ocrx_word' id='word_1_611' title='bbox 2853 3141 2907 3183; x_wconf 90' lang='lat' dir='ltr'><strong>et</strong></span> <span class='ocrx_word' id='word_1_612' title='bbox 2942 3147 3066 3200; x_wconf 75' lang='lat' dir='ltr'><strong>qua:</strong></span> <span class='ocrx_word' id='word_1_613' title='bbox 3126 3134 3376 3189; x_wconf 88' lang='lat' dir='ltr'><strong>occiduis</strong></span> <span class='ocrx_word' id='word_1_614' title='bbox 3418 3150 3449 3188; x_wconf 90' lang='lat' dir='ltr'><strong>e</strong></span> <span class='ocrx_word' id='word_1_615' title='bbox 3497 3138 3771 3194; x_wconf 85' lang='lat' dir='ltr'><strong>tractibus</strong></span> 
     </span>
    </p>
   </div>
   <div class='ocr_carea' id='block_1_87' title="bbox 2180 3204 3769 3284">
    <p class='ocr_par' dir='ltr' id='par_1_87' title="bbox 2180 3204 3769 3284">
     <span class='ocr_line' id='line_1_87' title="bbox 2180 3204 3769 3284; baseline 0.007 -11"><span class='ocrx_word' id='word_1_616' title='bbox 2180 3220 2246 3275; x_wconf 86' lang='lat' dir='ltr'><strong>ad</strong></span> <span class='ocrx_word' id='word_1_617' title='bbox 2284 3220 2476 3274; x_wconf 88' lang='lat' dir='ltr'><strong>harum</strong></span> <span class='ocrx_word' id='word_1_618' title='bbox 2507 3219 2710 3274; x_wconf 89' lang='lat' dir='ltr'><strong>famam</strong></span> <span class='ocrx_word' id='word_1_619' title='bbox 2746 3237 2926 3276; x_wconf 89' lang='lat' dir='ltr'><strong>rerum</strong></span> <span class='ocrx_word' id='word_1_620' title='bbox 2987 3238 3178 3279; x_wconf 86' lang='lat' dir='ltr'><strong>recens</strong></span> <span class='ocrx_word' id='word_1_621' title='bbox 3231 3224 3285 3278; x_wconf 87' lang='lat' dir='ltr'><strong>in</strong></span> <span class='ocrx_word' id='word_1_622' title='bbox 3319 3204 3636 3284; x_wconf 70' lang='lat' dir='ltr'><strong>comitatum</strong></span> <span class='ocrx_word' id='word_1_623' title='bbox 3668 3244 3769 3284; x_wconf 80' lang='lat' dir='ltr'><strong>ac-</strong></span> 
     </span>
    </p>
   </div>
   <div class='ocr_carea' id='block_1_88' title="bbox 2178 3314 3765 3389">
    <p class='ocr_par' dir='ltr' id='par_1_88' title="bbox 2178 3314 3765 3389">
     <span class='ocr_line' id='line_1_88' title="bbox 2178 3314 3765 3389; baseline 0.004 -21"><span class='ocrx_word' id='word_1_624' title='bbox 2178 3322 2429 3368; x_wconf 78' lang='lat' dir='ltr'><strong>Currt-rat</strong></span> <span class='ocrx_word' id='word_1_625' title='bbox 2460 3315 2640 3377; x_wconf 84' lang='lat' dir='ltr'><strong>Anna,</strong></span> <span class='ocrx_word' id='word_1_626' title='bbox 2673 3314 2760 3369; x_wconf 91' lang='lat' dir='ltr'><strong>cui</strong></span> <span class='ocrx_word' id='word_1_627' title='bbox 2808 3323 2864 3370; x_wconf 91' lang='lat' dir='ltr'><strong>et</strong></span> <span class='ocrx_word' id='word_1_628' title='bbox 2894 3331 3091 3370; x_wconf 86' lang='lat' dir='ltr'><strong>nomen</strong></span> <span class='ocrx_word' id='word_1_629' title='bbox 3135 3317 3345 3385; x_wconf 63' lang='lat' dir='ltr'><strong>regina;</strong></span> <span class='ocrx_word' id='word_1_630' title='bbox 3376 3318 3765 3389; x_wconf 81' lang='lat' dir='ltr'><strong>tribuebatur;</strong></span> 
     </span>
    </p>
   </div>
   <div class='ocr_carea' id='block_1_89' title="bbox 2179 3409 3768 3482">
    <p class='ocr_par' dir='ltr' id='par_1_89' title="bbox 2179 3409 3768 3482">
     <span class='ocr_line' id='line_1_89' title="bbox 2179 3409 3768 3482; baseline 0.006 -24"><span class='ocrx_word' id='word_1_631' title='bbox 2179 3414 2446 3475; x_wconf 68' lang='lat' dir='ltr'><strong>praeterea</strong></span> <span class='ocrx_word' id='word_1_632' title='bbox 2474 3421 2639 3476; x_wconf 86' lang='lat' dir='ltr'><strong>quem</strong></span> <span class='ocrx_word' id='word_1_633' title='bbox 2684 3409 3121 3462; x_wconf 71' lang='lat' dir='ltr'><strong>memoravimus</strong></span> <span class='ocrx_word' id='word_1_634' title='bbox 3181 3424 3418 3480; x_wconf 78' lang='lat' dir='ltr'><strong>magnus</strong></span> <span class='ocrx_word' id='word_1_635' title='bbox 3482 3412 3768 3482; x_wconf 71' lang='lat' dir='ltr'><strong>logotheta</strong></span> 
     </span>
    </p>
   </div>
   <div class='ocr_carea' id='block_1_90' title="bbox 2178 3496 3768 3569">
    <p class='ocr_par' dir='ltr' id='par_1_90' title="bbox 2178 3496 3768 3569">
     <span class='ocr_line' id='line_1_90' title="bbox 2178 3496 3768 3569; baseline 0.005 -17"><span class='ocrx_word' id='word_1_636' title='bbox 2178 3496 2421 3563; x_wconf 76' lang='lat' dir='ltr'><strong>Muzalo,</strong></span> <span class='ocrx_word' id='word_1_637' title='bbox 2467 3498 2768 3566; x_wconf 88' lang='lat' dir='ltr'><strong>plurimum</strong></span> <span class='ocrx_word' id='word_1_638' title='bbox 2826 3498 2971 3568; x_wconf 91' lang='lat' dir='ltr'><strong>apud</strong></span> <span class='ocrx_word' id='word_1_639' title='bbox 3007 3498 3415 3567; x_wconf 64' lang='lat' dir='ltr'><strong>,itnperatorem</strong></span> <span class='ocrx_word' id='word_1_640' title='bbox 3469 3504 3681 3569; x_wconf 84' lang='lat' dir='ltr'><strong>valens,</strong></span> <span class='ocrx_word' id='word_1_641' title='bbox 3734 3520 3768 3560; x_wconf 84' lang='lat' dir='ltr'><strong>a</strong></span> 
     </span>
    </p>
   </div>
   <div class='ocr_carea' id='block_1_91' title="bbox 2178 3591 3769 3662">
    <p class='ocr_par' dir='ltr' id='par_1_91' title="bbox 2178 3591 3769 3662">
     <span class='ocr_line' id='line_1_91' title="bbox 2178 3591 3769 3662; baseline 0.005 -18"><span class='ocrx_word' id='word_1_642' title='bbox 2178 3606 2287 3661; x_wconf 91' lang='lat' dir='ltr'><strong>quo</strong></span> <span class='ocrx_word' id='word_1_643' title='bbox 2312 3592 2367 3645; x_wconf 89' lang='lat' dir='ltr'><strong>in</strong></span> <span class='ocrx_word' id='word_1_644' title='bbox 2405 3593 2602 3662; x_wconf 74' lang='lat' dir='ltr'><strong>gratia:</strong></span> <span class='ocrx_word' id='word_1_645' title='bbox 2636 3591 2939 3662; x_wconf 77' lang='lat' dir='ltr'><strong>singularis</strong></span> <span class='ocrx_word' id='word_1_646' title='bbox 2964 3591 3226 3647; x_wconf 88' lang='lat' dir='ltr'><strong>indicium</strong></span> <span class='ocrx_word' id='word_1_647' title='bbox 3253 3593 3559 3652; x_wconf 85' lang='lat' dir='ltr'><strong>honoratus</strong></span> <span class='ocrx_word' id='word_1_648' title='bbox 3585 3596 3769 3652; x_wconf 86' lang='lat' dir='ltr'><strong>fuerat</strong></span> 
     </span>
    </p>
   </div>
   <div class='ocr_carea' id='block_1_92' title="bbox 2179 3679 3769 3754">
    <p class='ocr_par' dir='ltr' id='par_1_92' title="bbox 2179 3679 3769 3754">
     <span class='ocr_line' id='line_1_92' title="bbox 2179 3679 3769 3754; baseline 0.006 -20"><span class='ocrx_word' id='word_1_649' title='bbox 2179 3679 2445 3735; x_wconf 77' lang='lat' dir='ltr'><strong>facultate</strong></span> <span class='ocrx_word' id='word_1_650' title='bbox 2497 3682 2748 3752; x_wconf 75' lang='lat' dir='ltr'><strong>gestandi</strong></span> <span class='ocrx_word' id='word_1_651' title='bbox 2801 3691 3016 3751; x_wconf 72' lang='lat' dir='ltr'><strong>tegmen</strong></span> <span class='ocrx_word' id='word_1_652' title='bbox 3056 3686 3253 3754; x_wconf 81' lang='lat' dir='ltr'><strong>capitis</strong></span> <span class='ocrx_word' id='word_1_653' title='bbox 3311 3700 3451 3741; x_wconf 90' lang='lat' dir='ltr'><strong>auro</strong></span> <span class='ocrx_word' id='word_1_654' title='bbox 3486 3696 3539 3741; x_wconf 86' lang='lat' dir='ltr'><strong>et</strong></span> <span class='ocrx_word' id='word_1_655' title='bbox 3596 3703 3769 3744; x_wconf 84' lang='lat' dir='ltr'><strong>cocco</strong></span> 
     </span>
    </p>
   </div>
   <div class='ocr_carea' id='block_1_93' title="bbox 2179 3768 3768 3845">
    <p class='ocr_par' dir='ltr' id='par_1_93' title="bbox 2179 3768 3768 3845">
     <span class='ocr_line' id='line_1_93' title="bbox 2179 3768 3768 3845; baseline 0.006 -20"><span class='ocrx_word' id='word_1_656' title='bbox 2179 3780 2419 3838; x_wconf 67' lang='lat' dir='ltr'><strong>textum,</strong></span> <span class='ocrx_word' id='word_1_657' title='bbox 2471 3774 2760 3843; x_wconf 85' lang='lat' dir='ltr'><strong>proprium</strong></span> <span class='ocrx_word' id='word_1_658' title='bbox 2802 3768 3021 3844; x_wconf 78' lang='lat' dir='ltr'><strong>insigne</strong></span> <span class='ocrx_word' id='word_1_659' title='bbox 3078 3778 3457 3845; x_wconf 76' lang='lat' dir='ltr'><strong>megistanum‘</strong></span> <span class='ocrx_word' id='word_1_660' title='bbox 3503 3789 3557 3835; x_wconf 91' lang='lat' dir='ltr'><strong>et</strong></span> <span class='ocrx_word' id='word_1_661' title='bbox 3596 3781 3768 3836; x_wconf 83' lang='lat' dir='ltr'><strong>decus</strong></span> 
     </span>
    </p>
   </div>
   <div class='ocr_carea' id='block_1_94' title="bbox 2179 3865 3769 3945">
    <p class='ocr_par' dir='ltr' id='par_1_94' title="bbox 2179 3865 3769 3945">
     <span class='ocr_line' id='line_1_94' title="bbox 2179 3865 3769 3945; baseline 0.008 -26"><span class='ocrx_word' id='word_1_662' title='bbox 2179 3865 2451 3921; x_wconf 77' lang='lat' dir='ltr'><strong>excedens</strong></span> <span class='ocrx_word' id='word_1_663' title='bbox 2477 3867 2734 3922; x_wconf 90' lang='lat' dir='ltr'><strong>meritum</strong></span> <span class='ocrx_word' id='word_1_664' title='bbox 2769 3883 2833 3922; x_wconf 92' lang='lat' dir='ltr'><strong>ac</strong></span> <span class='ocrx_word' id='word_1_665' title='bbox 2863 3872 3093 3940; x_wconf 78' lang='lat' dir='ltr'><strong>gradum</strong></span> <span class='ocrx_word' id='word_1_666' title='bbox 3117 3870 3282 3928; x_wconf 77' lang='lat' dir='ltr'><strong>iSIius</strong></span> <span class='ocrx_word' id='word_1_667' title='bbox 3332 3873 3479 3943; x_wconf 89' lang='lat' dir='ltr'><strong>quod</strong></span> <span class='ocrx_word' id='word_1_668' title='bbox 3540 3875 3769 3945; x_wconf 70' lang='lat' dir='ltr'><strong>gerebat</strong></span> 
     </span>
    </p>
   </div>
   <div class='ocr_carea' id='block_1_95' title="bbox 2179 3958 3767 4038">
    <p class='ocr_par' dir='ltr' id='par_1_95' title="bbox 2179 3958 3767 4038">
     <span class='ocr_line' id='line_1_95' title="bbox 2179 3958 3767 4038; baseline 0.008 -27"><span class='ocrx_word' id='word_1_669' title='bbox 2179 3958 2367 4013; x_wconf 80' lang='lat' dir='ltr'><strong>oﬂirii.</strong></span> <span class='ocrx_word' id='word_1_670' title='bbox 2426 3962 2613 4013; x_wconf 78' lang='lat' dir='ltr'><strong>Altera</strong></span> <span class='ocrx_word' id='word_1_671' title='bbox 2676 3976 2739 4015; x_wconf 77' lang='lat' dir='ltr'><strong>ex</strong></span> <span class='ocrx_word' id='word_1_672' title='bbox 2792 3971 2948 4032; x_wconf 87' lang='lat' dir='ltr'><strong>parte</strong></span> <span class='ocrx_word' id='word_1_673' title='bbox 2988 3966 3383 4032; x_wconf 86' lang='lat' dir='ltr'><strong>comparebant</strong></span> <span class='ocrx_word' id='word_1_674' title='bbox 3424 3966 3767 4038; x_wconf 80' lang='lat' dir='ltr'><strong>Hyacinthus</strong></span> 
     </span>
    </p>
   </div>
   <div class='ocr_carea' id='block_1_96' title="bbox 2180 4053 3768 4124">
    <p class='ocr_par' dir='ltr' id='par_1_96' title="bbox 2180 4053 3768 4124">
     <span class='ocr_line' id='line_1_96' title="bbox 2180 4053 3768 4124; baseline 0.006 -19"><span class='ocrx_word' id='word_1_675' title='bbox 2180 4067 2304 4105; x_wconf 91' lang='lat' dir='ltr'><strong>cum</strong></span> <span class='ocrx_word' id='word_1_676' title='bbox 2344 4068 2511 4107; x_wconf 83' lang='lat' dir='ltr'><strong>manu</strong></span> <span class='ocrx_word' id='word_1_677' title='bbox 2536 4053 2935 4108; x_wconf 84' lang='lat' dir='ltr'><strong>monachorum</strong></span> <span class='ocrx_word' id='word_1_678' title='bbox 2966 4056 3375 4124; x_wconf 86' lang='lat' dir='ltr'><strong>coujurantium</strong></span> <span class='ocrx_word' id='word_1_679' title='bbox 3415 4073 3624 4112; x_wconf 81' lang='lat' dir='ltr'><strong>serum.</strong></span> <span class='ocrx_word' id='word_1_680' title='bbox 3667 4056 3768 4114; x_wconf 81' lang='lat' dir='ltr'><strong>His</strong></span> 
     </span>
    </p>
   </div>
   <div class='ocr_carea' id='block_1_97' title="bbox 2181 4146 3767 4220">
    <p class='ocr_par' dir='ltr' id='par_1_97' title="bbox 2181 4146 3767 4220">
     <span class='ocr_line' id='line_1_97' title="bbox 2181 4146 3767 4220; baseline 0.006 -23"><span class='ocrx_word' id='word_1_681' title='bbox 2181 4146 2736 4200; x_wconf 70' lang='lat' dir='ltr'><strong>enununzerahautur</strong></span> <span class='ocrx_word' id='word_1_682' title='bbox 2766 4148 2953 4219; x_wconf 73' lang='lat' dir='ltr'><strong>gravia</strong></span> <span class='ocrx_word' id='word_1_683' title='bbox 2998 4163 3171 4218; x_wconf 80' lang='lat' dir='ltr'><strong>nuper</strong></span> <span class='ocrx_word' id='word_1_684' title='bbox 3194 4150 3342 4217; x_wconf 84' lang='lat' dir='ltr'><strong>passi</strong></span> <span class='ocrx_word' id='word_1_685' title='bbox 3393 4151 3767 4220; x_wconf 67' lang='lat' dir='ltr'><strong>excaecatique</strong></span> 
     </span>
    </p>
   </div>
   <div class='ocr_carea' id='block_1_98' title="bbox 2180 4235 3769 4309">
    <p class='ocr_par' dir='ltr' id='par_1_98' title="bbox 2180 4235 3769 4309">
     <span class='ocr_line' id='line_1_98' title="bbox 2180 4235 3769 4309; baseline 0.005 -20"><span class='ocrx_word' id='word_1_686' title='bbox 2180 4235 2423 4291; x_wconf 81' lang='lat' dir='ltr'><strong>Lazarus</strong></span> <span class='ocrx_word' id='word_1_687' title='bbox 2486 4237 2808 4294; x_wconf 79' lang='lat' dir='ltr'><strong>Gurianitcs</strong></span> <span class='ocrx_word' id='word_1_688' title='bbox 2846 4248 2901 4293; x_wconf 75' lang='lat' dir='ltr'><strong>et</strong></span> <span class='ocrx_word' id='word_1_689' title='bbox 2965 4239 3239 4294; x_wconf 69' lang='lat' dir='ltr'><strong>Macarius</strong></span> <span class='ocrx_word' id='word_1_690' title='bbox 3285 4242 3613 4309; x_wconf 73' lang='lat' dir='ltr'><strong>cognomine</strong></span> <span class='ocrx_word' id='word_1_691' title='bbox 3659 4241 3769 4296; x_wconf 82' lang='lat' dir='ltr'><strong>Co-</strong></span> 
     </span>
    </p>
   </div>
   <div class='ocr_carea' id='block_1_99' title="bbox 2181 4328 3768 4404">
    <p class='ocr_par' dir='ltr' id='par_1_99' title="bbox 2181 4328 3768 4404">
     <span class='ocr_line' id='line_1_99' title="bbox 2181 4328 3768 4404; baseline 0.008 -25"><span class='ocrx_word' id='word_1_692' title='bbox 2181 4328 2361 4381; x_wconf 86' lang='lat' dir='ltr'><strong>lumba</strong></span> <span class='ocrx_word' id='word_1_693' title='bbox 2396 4345 2409 4379; x_wconf 88' lang='lat'><strong>:</strong></span> <span class='ocrx_word' id='word_1_694' title='bbox 2440 4345 2562 4382; x_wconf 88' lang='lat' dir='ltr'><strong>nam</strong></span> <span class='ocrx_word' id='word_1_695' title='bbox 2604 4328 2998 4399; x_wconf 70' lang='lat' dir='ltr'><strong>Lepeudrews</strong></span> <span class='ocrx_word' id='word_1_696' title='bbox 3027 4330 3366 4387; x_wconf 79' lang='lat' dir='ltr'><strong>Athanasius</strong></span> <span class='ocrx_word' id='word_1_697' title='bbox 3422 4347 3487 4386; x_wconf 78' lang='lat' dir='ltr'><strong>ex</strong></span> <span class='ocrx_word' id='word_1_698' title='bbox 3522 4336 3768 4404; x_wconf 84' lang='lat' dir='ltr'><strong>antiquis</strong></span> 
     </span>
    </p>
   </div>
   <div class='ocr_carea' id='block_1_100' title="bbox 2180 4418 3768 4495">
    <p class='ocr_par' dir='ltr' id='par_1_100' title="bbox 2180 4418 3768 4495">
     <span class='ocr_line' id='line_1_100' title="bbox 2180 4418 3768 4495; baseline 0.008 -24"><span class='ocrx_word' id='word_1_699' title='bbox 2180 4418 2375 4473; x_wconf 83' lang='lat' dir='ltr'><strong>zelotis</strong></span> <span class='ocrx_word' id='word_1_700' title='bbox 2409 4433 2549 4486; x_wconf 87' lang='lat' dir='ltr'><strong>etat,</strong></span> <span class='ocrx_word' id='word_1_701' title='bbox 2606 4434 2772 4491; x_wconf 81' lang='lat' dir='ltr'><strong>atque</strong></span> <span class='ocrx_word' id='word_1_702' title='bbox 2825 4422 2963 4476; x_wconf 87' lang='lat' dir='ltr'><strong>adeo</strong></span> <span class='ocrx_word' id='word_1_703' title='bbox 3007 4422 3150 4477; x_wconf 89' lang='lat' dir='ltr'><strong>inter</strong></span> <span class='ocrx_word' id='word_1_704' title='bbox 3194 4438 3291 4479; x_wconf 91' lang='lat' dir='ltr'><strong>eos</strong></span> <span class='ocrx_word' id='word_1_705' title='bbox 3347 4439 3597 4495; x_wconf 70' lang='lat' dir='ltr'><strong>magnus.</strong></span> <span class='ocrx_word' id='word_1_706' title='bbox 3648 4426 3768 4483; x_wconf 70' lang='lat' dir='ltr'><strong>Non</strong></span> 
     </span>
    </p>
   </div>
   <div class='ocr_carea' id='block_1_101' title="bbox 2182 4514 3768 4591">
    <p class='ocr_par' dir='ltr' id='par_1_101' title="bbox 2182 4514 3768 4591">
     <span class='ocr_line' id='line_1_101' title="bbox 2182 4514 3768 4591; baseline 0.008 -27"><span class='ocrx_word' id='word_1_707' title='bbox 2182 4514 2341 4583; x_wconf 82' lang='lat' dir='ltr'><strong>pauci</strong></span> <span class='ocrx_word' id='word_1_708' title='bbox 2407 4524 2592 4568; x_wconf 86' lang='lat' dir='ltr'><strong>autem</strong></span> <span class='ocrx_word' id='word_1_709' title='bbox 2652 4515 2717 4568; x_wconf 88' lang='lat' dir='ltr'><strong>ad</strong></span> <span class='ocrx_word' id='word_1_710' title='bbox 2784 4518 2980 4571; x_wconf 90' lang='lat' dir='ltr'><strong>horum</strong></span> <span class='ocrx_word' id='word_1_711' title='bbox 3016 4534 3075 4571; x_wconf 84' lang='lat' dir='ltr'><strong>se</strong></span> <span class='ocrx_word' id='word_1_712' title='bbox 3137 4531 3328 4588; x_wconf 86' lang='lat' dir='ltr'><strong>partes</strong></span> <span class='ocrx_word' id='word_1_713' title='bbox 3368 4524 3768 4591; x_wconf 56' lang='lat' dir='ltr'><strong>aggregal&#39;ant,</strong></span> 
     </span>
    </p>
   </div>
   <div class='ocr_carea' id='block_1_102' title="bbox 2182 4606 3769 4682">
    <p class='ocr_par' dir='ltr' id='par_1_102' title="bbox 2182 4606 3769 4682">
     <span class='ocr_line' id='line_1_102' title="bbox 2182 4606 3769 4682; baseline 0.006 -22"><span class='ocrx_word' id='word_1_714' title='bbox 2182 4606 2522 4676; x_wconf 77' lang='lat' dir='ltr'><strong>indulgentia</strong></span> <span class='ocrx_word' id='word_1_715' title='bbox 2550 4609 2903 4678; x_wconf 83' lang='lat' dir='ltr'><strong>imperatoris</strong></span> <span class='ocrx_word' id='word_1_716' title='bbox 2932 4609 3133 4678; x_wconf 90' lang='lat' dir='ltr'><strong>cuique</strong></span> <span class='ocrx_word' id='word_1_717' title='bbox 3182 4612 3246 4665; x_wconf 87' lang='lat' dir='ltr'><strong>ad</strong></span> <span class='ocrx_word' id='word_1_718' title='bbox 3278 4614 3593 4667; x_wconf 87' lang='lat' dir='ltr'><strong>audendum</strong></span> <span class='ocrx_word' id='word_1_719' title='bbox 3632 4629 3769 4682; x_wconf 81' lang='lat' dir='ltr'><strong>pro-</strong></span> 
     </span>
    </p>
   </div>
   <div class='ocr_carea' id='block_1_103' title="bbox 2185 4701 3770 4765">
    <p class='ocr_par' dir='ltr' id='par_1_103' title="bbox 2185 4701 3770 4765">
     <span class='ocr_line' id='line_1_103' title="bbox 2185 4701 3770 4765; baseline 0.009 -14"><span class='ocrx_word' id='word_1_720' title='bbox 2185 4701 2323 4753; x_wconf 87' lang='lat' dir='ltr'><strong>literi</strong></span> <span class='ocrx_word' id='word_1_721' title='bbox 2356 4701 2529 4753; x_wconf 83' lang='lat' dir='ltr'><strong>libere</strong></span> <span class='ocrx_word' id='word_1_722' title='bbox 2545 4717 2745 4756; x_wconf 78' lang='lat' dir='ltr'><strong>sensus</strong></span> <span class='ocrx_word' id='word_1_723' title='bbox 2774 4718 3007 4757; x_wconf 82' lang='lat' dir='ltr'><strong>areanos</strong></span> <span class='ocrx_word' id='word_1_724' title='bbox 3040 4704 3279 4759; x_wconf 86' lang='lat' dir='ltr'><strong>faciente</strong></span> <span class='ocrx_word' id='word_1_725' title='bbox 3305 4707 3573 4761; x_wconf 84' lang='lat' dir='ltr'><strong>animum.</strong></span> <span class='ocrx_word' id='word_1_726' title='bbox 3613 4705 3770 4765; x_wconf 85' lang='lat' dir='ltr'><strong>Unde</strong></span> 
     </span>
    </p>
   </div>
   <div class='ocr_carea' id='block_1_104' title="bbox 2182 4793 3773 4868">
    <p class='ocr_par' dir='ltr' id='par_1_104' title="bbox 2182 4793 3773 4868">
     <span class='ocr_line' id='line_1_104' title="bbox 2182 4793 3773 4868; baseline 0.007 -27"><span class='ocrx_word' id='word_1_727' title='bbox 2182 4793 2340 4859; x_wconf 87' lang='lat' dir='ltr'><strong>plena</strong></span> <span class='ocrx_word' id='word_1_728' title='bbox 2378 4793 2575 4846; x_wconf 86' lang='lat' dir='ltr'><strong>fiducia</strong></span> <span class='ocrx_word' id='word_1_729' title='bbox 2615 4803 2882 4862; x_wconf 79' lang='lat' dir='ltr'><strong>concepta</strong></span> <span class='ocrx_word' id='word_1_730' title='bbox 2920 4794 3023 4861; x_wconf 89' lang='lat' dir='ltr'><strong>ipsi</strong></span> <span class='ocrx_word' id='word_1_731' title='bbox 3053 4795 3167 4866; x_wconf 87' lang='lat' dir='ltr'><strong>jam</strong></span> <span class='ocrx_word' id='word_1_732' title='bbox 3202 4800 3372 4851; x_wconf 89' lang='lat' dir='ltr'><strong>sortis</strong></span> <span class='ocrx_word' id='word_1_733' title='bbox 3419 4798 3624 4851; x_wconf 60' lang='lat' dir='ltr'><strong>iullusa‘.</strong></span> <span class='ocrx_word' id='word_1_734' title='bbox 3655 4800 3773 4868; x_wconf 84' lang='lat' dir='ltr'><strong>ple-</strong></span> 
     </span>
    </p>
   </div>
   <div class='ocr_carea' id='block_1_105' title="bbox 2181 4882 3771 4958">
    <p class='ocr_par' dir='ltr' id='par_1_105' title="bbox 2181 4882 3771 4958">
     <span class='ocr_line' id='line_1_105' title="bbox 2181 4882 3771 4958; baseline 0.004 -21"><span class='ocrx_word' id='word_1_735' title='bbox 2181 4882 2309 4949; x_wconf 70' lang='lat' dir='ltr'><strong>heii,</strong></span> <span class='ocrx_word' id='word_1_736' title='bbox 2344 4884 2448 4953; x_wconf 89' lang='lat' dir='ltr'><strong>ipsi</strong></span> <span class='ocrx_word' id='word_1_737' title='bbox 2483 4884 2966 4954; x_wconf 83' lang='lat' dir='ltr'><strong>palatini;quibus</strong></span> <span class='ocrx_word' id='word_1_738' title='bbox 3026 4897 3217 4956; x_wconf 88' lang='lat' dir='ltr'><strong>utpote</strong></span> <span class='ocrx_word' id='word_1_739' title='bbox 3262 4892 3618 4958; x_wconf 82' lang='lat' dir='ltr'><strong>peculiariter</strong></span> <span class='ocrx_word' id='word_1_740' title='bbox 3667 4907 3771 4945; x_wconf 80' lang='lat' dir='ltr'><strong>au-</strong></span> 
     </span>
    </p>
   </div>
   <div class='ocr_carea' id='block_1_106' title="bbox 2180 4976 3772 5054">
    <p class='ocr_par' dir='ltr' id='par_1_106' title="bbox 2180 4976 3772 5054">
     <span class='ocr_line' id='line_1_106' title="bbox 2180 4976 3772 5054; baseline 0.009 -27"><span class='ocrx_word' id='word_1_741' title='bbox 2180 4978 2408 5030; x_wconf 72' lang='lat' dir='ltr'><strong>ctor-alis</strong></span> <span class='ocrx_word' id='word_1_742' title='bbox 2438 4976 2705 5046; x_wconf 72' lang='lat' dir='ltr'><strong>obsequio</strong></span> <span class='ocrx_word' id='word_1_743' title='bbox 2732 4978 3041 5049; x_wconf 89' lang='lat' dir='ltr'><strong>principum</strong></span> <span class='ocrx_word' id='word_1_744' title='bbox 3103 4984 3285 5037; x_wconf 89' lang='lat' dir='ltr'><strong>minus</strong></span> <span class='ocrx_word' id='word_1_745' title='bbox 3347 4999 3511 5054; x_wconf 76' lang='lat' dir='ltr'><strong>quam</strong></span> <span class='ocrx_word' id='word_1_746' title='bbox 3552 4985 3772 5043; x_wconf 75' lang='lat' dir='ltr'><strong>cmtetis</strong></span> 
     </span>
    </p>
   </div>
   <div class='ocr_carea' id='block_1_107' title="bbox 2182 5067 3771 5145">
    <p class='ocr_par' dir='ltr' id='par_1_107' title="bbox 2182 5067 3771 5145">
     <span class='ocr_line' id='line_1_107' title="bbox 2182 5067 3771 5145; baseline 0.011 -27"><span class='ocrx_word' id='word_1_747' title='bbox 2182 5067 2351 5123; x_wconf 82' lang='lat' dir='ltr'><strong>licere</strong></span> <span class='ocrx_word' id='word_1_748' title='bbox 2378 5071 2664 5123; x_wconf 77' lang='lat' dir='ltr'><strong>videbatur</strong></span> <span class='ocrx_word' id='word_1_749' title='bbox 2688 5079 2811 5124; x_wconf 89' lang='lat' dir='ltr'><strong>acta</strong></span> <span class='ocrx_word' id='word_1_750' title='bbox 2860 5071 3101 5141; x_wconf 88' lang='lat' dir='ltr'><strong>ipsorum</strong></span> <span class='ocrx_word' id='word_1_751' title='bbox 3137 5075 3478 5145; x_wconf 86' lang='lat' dir='ltr'><strong>improbare,</strong></span> <span class='ocrx_word' id='word_1_752' title='bbox 3545 5079 3771 5135; x_wconf 82' lang='lat' dir='ltr'><strong>minime</strong></span> 
     </span>
    </p>
   </div>
   <div class='ocr_carea' id='block_1_108' title="bbox 2177 5160 3771 5239">
    <p class='ocr_par' dir='ltr' id='par_1_108' title="bbox 2177 5160 3771 5239">
     <span class='ocr_line' id='line_1_108' title="bbox 2177 5160 3771 5239; baseline 0.01 -28"><span class='ocrx_word' id='word_1_753' title='bbox 2177 5160 2288 5231; x_wconf 71' lang='grc' dir='ltr'><strong>ϐο</strong></span> <span class='ocrx_word' id='word_1_754' title='bbox 2329 5170 2460 5216; x_wconf 91' lang='lat' dir='ltr'><strong>tunc</strong></span> <span class='ocrx_word' id='word_1_755' title='bbox 2510 5162 2759 5232; x_wconf 82' lang='lat' dir='ltr'><strong>profiteri</strong></span> <span class='ocrx_word' id='word_1_756' title='bbox 2825 5163 3150 5219; x_wconf 85' lang='lat' dir='ltr'><strong>dubitabant</strong></span> <span class='ocrx_word' id='word_1_757' title='bbox 3182 5170 3299 5235; x_wconf 73' lang='lat' dir='ltr'><strong>{sua</strong></span> <span class='ocrx_word' id='word_1_758' title='bbox 3362 5169 3415 5222; x_wconf 91' lang='lat' dir='ltr'><strong>in</strong></span> <span class='ocrx_word' id='word_1_759' title='bbox 3476 5180 3657 5239; x_wconf 83' lang='lat' dir='ltr'><strong>partes</strong></span> <span class='ocrx_word' id='word_1_760' title='bbox 3702 5185 3771 5227; x_wconf 86' lang='lat' dir='ltr'><strong>ac</strong></span> 
     </span>
    </p>
   </div>
   <div class='ocr_carea' id='block_1_109' title="bbox 2180 5253 3766 5332">
    <p class='ocr_par' dir='ltr' id='par_1_109' title="bbox 2180 5253 3766 5332">
     <span class='ocr_line' id='line_1_109' title="bbox 2180 5253 3766 5332; baseline 0.006 -25"><span class='ocrx_word' id='word_1_761' title='bbox 2180 5253 2501 5307; x_wconf 86' lang='lat' dir='ltr'><strong>memoriam</strong></span> <span class='ocrx_word' id='word_1_762' title='bbox 2546 5256 2759 5310; x_wconf 86' lang='lat' dir='ltr'><strong>Arseuii</strong></span> <span class='ocrx_word' id='word_1_763' title='bbox 2829 5272 2858 5310; x_wconf 86' lang='lat' dir='ltr'><strong>a</strong></span> <span class='ocrx_word' id='word_1_764' title='bbox 2903 5257 3174 5313; x_wconf 76' lang='lat' dir='ltr'><strong>Michaele</strong></span> <span class='ocrx_word' id='word_1_765' title='bbox 3218 5260 3469 5332; x_wconf 79' lang='lat' dir='ltr'><strong>Augusto</strong></span> <span class='ocrx_word' id='word_1_766' title='bbox 3535 5262 3766 5330; x_wconf 74' lang='lat' dir='ltr'><strong>relegati</strong></span> 
     </span>
    </p>
   </div>
   <div class='ocr_carea' id='block_1_110' title="bbox 2181 5345 3768 5423">
    <p class='ocr_par' dir='ltr' id='par_1_110' title="bbox 2181 5345 3768 5423">
     <span class='ocr_line' id='line_1_110' title="bbox 2181 5345 3768 5423; baseline 0.008 -26"><span class='ocrx_word' id='word_1_767' title='bbox 2181 5345 2361 5397; x_wconf 85' lang='lat' dir='ltr'><strong>studia</strong></span> <span class='ocrx_word' id='word_1_768' title='bbox 2413 5348 2663 5404; x_wconf 89' lang='lat' dir='ltr'><strong>incensa.</strong></span> <span class='ocrx_word' id='word_1_769' title='bbox 2710 5346 2820 5403; x_wconf 81' lang='lat' dir='ltr'><strong>ilos</strong></span> <span class='ocrx_word' id='word_1_770' title='bbox 2864 5348 3028 5403; x_wconf 90' lang='lat' dir='ltr'><strong>simul</strong></span> <span class='ocrx_word' id='word_1_771' title='bbox 3060 5366 3255 5408; x_wconf 87' lang='lat' dir='ltr'><strong>omnes</strong></span> <span class='ocrx_word' id='word_1_772' title='bbox 3291 5355 3458 5419; x_wconf 86' lang='lat' dir='ltr'><strong>idem,</strong></span> <span class='ocrx_word' id='word_1_773' title='bbox 3506 5354 3597 5423; x_wconf 90' lang='lat' dir='ltr'><strong>qui</strong></span> <span class='ocrx_word' id='word_1_774' title='bbox 3630 5370 3768 5409; x_wconf 83' lang='lat' dir='ltr'><strong>cun-</strong></span> 
     </span>
    </p>
   </div>
   <div class='ocr_carea' id='block_1_111' title="bbox 2179 5442 3771 5513">
    <p class='ocr_par' dir='ltr' id='par_1_111' title="bbox 2179 5442 3771 5513">
     <span class='ocr_line' id='line_1_111' title="bbox 2179 5442 3771 5513; baseline 0.009 -25"><span class='ocrx_word' id='word_1_775' title='bbox 2179 5451 2496 5505; x_wconf 79' lang='lat' dir='ltr'><strong>vocaverat,</strong></span> <span class='ocrx_word' id='word_1_776' title='bbox 2566 5442 2870 5511; x_wconf 82' lang='lat' dir='ltr'><strong>imperator</strong></span> <span class='ocrx_word' id='word_1_777' title='bbox 2938 5446 3100 5499; x_wconf 69' lang='lat' dir='ltr'><strong>statis</strong></span> <span class='ocrx_word' id='word_1_778' title='bbox 3168 5445 3366 5513; x_wconf 80' lang='lat' dir='ltr'><strong>quavis</strong></span> <span class='ocrx_word' id='word_1_779' title='bbox 3429 5445 3771 5503; x_wconf 84' lang='lat' dir='ltr'><strong>hebdomade</strong></span> 
     </span>
    </p>
   </div>
   <div class='ocr_carea' id='block_1_112' title="bbox 2178 5528 3769 5609">
    <p class='ocr_par' dir='ltr' id='par_1_112' title="bbox 2178 5528 3769 5609">
     <span class='ocr_line' id='line_1_112' title="bbox 2178 5528 3769 5609; baseline 0.008 -28"><span class='ocrx_word' id='word_1_780' title='bbox 2178 5528 2375 5584; x_wconf 86' lang='lat' dir='ltr'><strong>diebus</strong></span> <span class='ocrx_word' id='word_1_781' title='bbox 2405 5546 2504 5600; x_wconf 85' lang='lat' dir='ltr'><strong>per</strong></span> <span class='ocrx_word' id='word_1_782' title='bbox 2539 5541 2707 5588; x_wconf 87' lang='lat' dir='ltr'><strong>totam</strong></span> <span class='ocrx_word' id='word_1_783' title='bbox 2743 5536 2953 5605; x_wconf 76' lang='lat' dir='ltr'><strong>alloqui</strong></span> <span class='ocrx_word' id='word_1_784' title='bbox 2987 5535 3478 5609; x_wconf 74' lang='lat' dir='ltr'><strong>Quadragesimam</strong></span> <span class='ocrx_word' id='word_1_785' title='bbox 3510 5554 3769 5609; x_wconf 83' lang='lat' dir='ltr'><strong>perseve-</strong></span> 
     </span>
    </p>
   </div>
   <div class='ocr_carea' id='block_1_113' title="bbox 2181 5623 3766 5696">
    <p class='ocr_par' dir='ltr' id='par_1_113' title="bbox 2181 5623 3766 5696">
     <span class='ocr_line' id='line_1_113' title="bbox 2181 5623 3766 5696; baseline 0.006 -20"><span class='ocrx_word' id='word_1_786' title='bbox 2181 5623 2351 5687; x_wconf 85' lang='lat' dir='ltr'><strong>ravit,</strong></span> <span class='ocrx_word' id='word_1_787' title='bbox 2392 5639 2670 5696; x_wconf 72' lang='lat' dir='ltr'><strong>apparens</strong></span> <span class='ocrx_word' id='word_1_788' title='bbox 2735 5628 2788 5681; x_wconf 91' lang='lat' dir='ltr'><strong>in</strong></span> <span class='ocrx_word' id='word_1_789' title='bbox 2839 5640 3138 5691; x_wconf 72' lang='lat' dir='ltr'><strong>contentu.</strong></span> <span class='ocrx_word' id='word_1_790' title='bbox 3198 5629 3587 5685; x_wconf 84' lang='lat' dir='ltr'><strong>assistentibus</strong></span> <span class='ocrx_word' id='word_1_791' title='bbox 3640 5630 3766 5685; x_wconf 88' lang='lat' dir='ltr'><strong>hinc</strong></span> 
     </span>
    </p>
   </div>
   <div class='ocr_carea' id='block_1_114' title="bbox 2180 5714 3766 5788">
    <p class='ocr_par' dir='ltr' id='par_1_114' title="bbox 2180 5714 3766 5788">
     <span class='ocr_line' id='line_1_114' title="bbox 2180 5714 3766 5788; baseline 0.006 -20"><span class='ocrx_word' id='word_1_792' title='bbox 2180 5714 2309 5768; x_wconf 87' lang='lat' dir='ltr'><strong>inde</strong></span> <span class='ocrx_word' id='word_1_793' title='bbox 2334 5716 2439 5772; x_wconf 86' lang='lat' dir='ltr'><strong>sibi</strong></span> <span class='ocrx_word' id='word_1_794' title='bbox 2478 5720 2795 5788; x_wconf 81' lang='lat' dir='ltr'><strong>patriarcha</strong></span> <span class='ocrx_word' id='word_1_795' title='bbox 2827 5738 2951 5774; x_wconf 90' lang='lat' dir='ltr'><strong>eum</strong></span> <span class='ocrx_word' id='word_1_796' title='bbox 3018 5723 3157 5786; x_wconf 87' lang='lat' dir='ltr'><strong>suis,</strong></span> <span class='ocrx_word' id='word_1_797' title='bbox 3202 5732 3259 5777; x_wconf 89' lang='lat' dir='ltr'><strong>et</strong></span> <span class='ocrx_word' id='word_1_798' title='bbox 3293 5740 3511 5777; x_wconf 83' lang='lat' dir='ltr'><strong>summo</strong></span> <span class='ocrx_word' id='word_1_799' title='bbox 3564 5736 3766 5779; x_wconf 81' lang='lat' dir='ltr'><strong>conatu</strong></span> 
     </span>
    </p>
   </div>
   <div class='ocr_carea' id='block_1_115' title="bbox 2180 5808 3766 5882">
    <p class='ocr_par' dir='ltr' id='par_1_115' title="bbox 2180 5808 3766 5882">
     <span class='ocr_line' id='line_1_115' title="bbox 2180 5808 3766 5882; baseline 0.006 -19"><span class='ocrx_word' id='word_1_800' title='bbox 2180 5808 2237 5864; x_wconf 91' lang='lat' dir='ltr'><strong>in</strong></span> <span class='ocrx_word' id='word_1_801' title='bbox 2271 5809 2323 5862; x_wconf 92' lang='lat' dir='ltr'><strong>id</strong></span> <span class='ocrx_word' id='word_1_802' title='bbox 2356 5811 2681 5867; x_wconf 81' lang='lat' dir='ltr'><strong>incumbens</strong></span> <span class='ocrx_word' id='word_1_803' title='bbox 2713 5825 2770 5867; x_wconf 90' lang='lat' dir='ltr'><strong>ut</strong></span> <span class='ocrx_word' id='word_1_804' title='bbox 2797 5829 2963 5882; x_wconf 88' lang='lat' dir='ltr'><strong>quam</strong></span> <span class='ocrx_word' id='word_1_805' title='bbox 2991 5814 3393 5871; x_wconf 78' lang='lat' dir='ltr'><strong>efficacissimis</strong></span> <span class='ocrx_word' id='word_1_806' title='bbox 3425 5818 3766 5872; x_wconf 76' lang='lat' dir='ltr'><strong>oratioaihus</strong></span> 
     </span>
    </p>
   </div>
   <div class='ocr_carea' id='block_1_116' title="bbox 2181 5904 3772 5974">
    <p class='ocr_par' dir='ltr' id='par_1_116' title="bbox 2181 5904 3772 5974">
     <span class='ocr_line' id='line_1_116' title="bbox 2181 5904 3772 5974; baseline 0.007 -16"><span class='ocrx_word' id='word_1_807' title='bbox 2181 5904 2545 5974; x_wconf 87' lang='lat' dir='ltr'><strong>persuaderet</strong></span> <span class='ocrx_word' id='word_1_808' title='bbox 2574 5908 2656 5965; x_wconf 87' lang='lat' dir='ltr'><strong>eis</strong></span> <span class='ocrx_word' id='word_1_809' title='bbox 2690 5910 3049 5970; x_wconf 77' lang='lat' dir='ltr'><strong>concordiam</strong></span> <span class='ocrx_word' id='word_1_810' title='bbox 3102 5921 3157 5964; x_wconf 90' lang='lat' dir='ltr'><strong>et</strong></span> <span class='ocrx_word' id='word_1_811' title='bbox 3192 5913 3646 5969; x_wconf 88' lang='lat' dir='ltr'><strong>communionem</strong></span> <span class='ocrx_word' id='word_1_812' title='bbox 3683 5914 3772 5970; x_wconf 86' lang='lat' dir='ltr'><strong>in-</strong></span> 
     </span>
    </p>
   </div>
  </div>
