4094 6408
506 420 575 488 71
1732 422 2061 483 GEORGII
2096 423 2584 488 PACHl’MEll/E
3720 439 3784 494 '12

508 546 851 601 κλυτούντων
912 543 1138 598 ἐκείνων
1178 541 1273 598 καὶ
1305 538 1375 594 τὰ
1433 540 1656 610 θεοφιλῆ
1712 541 2101 611 ποτνιωμένων
2131 546 2173 601 Α
2206 541 2299 594 καὶ
2323 541 2470 612 ίεροῦ
2512 541 2994 615 μεταλαμϐάνουσι
3023 541 3356 611 κλάσματος,
3386 543 3537 616 δῆλοί
3558 564 3617 602 τε
3647 544 3779 618 ἦσαν

507 639 593 709 ἐφ’
624 634 668 708 ᾧ
697 640 992 710 προσσχεῖν
1016 638 1109 692 τὸν
1136 634 1269 690 Θεδν
1303 636 1400 688 καὶ¹
1433 635 1732 705 ἐμφανίσαι
1755 635 1857 705 τὴν
1887 633 2097 686 οἰκείαν

508 731 918 802 βούλησιν,’τὴν
969 731 1193 800 μακρὰν
1231 728 1382 797 σφῶν
1422 727 1801 796 ταλαιπωρίαν
1846 726 2100 793 δυσωπη-

506 821 695 876 θέντα.
740 821 828 885 Ὠς
875 821 1008 890 γοῦν
1063 818 1460 889 ἐνεϐλήθησαν,
1518 817 1744 888 καλάμη
1774 812 1914 886 ἦσαν
1959 816 2097 884 πρδς

507 913 741 983 κάμινον
769 912 865 964 καὶ
899 912 1222 981 ἀμφότεροι,
1266 910 1361 963 καὶ
1405 910 1467 961 τὸ
1495 910 1607 977 πῦρ
1642 909 1742 960 οὐκ
1782 908 1969 977 ἠγνόει
1998 908 2097 974 τὴν

507 1003 703 1057 ἑαυτοῦ
731 1002 989 1073 δύναμιν,
1026 1003 1122 1055 καὶ
1161 1000 1624 1071 συνεπτυγμένων
1665 1001 1949 1072 ἀραρότως
1974 1001 2099 1052 ἐπε-

506 1093 837 1165 λαμϐάνετο,
872 1093 1013 1146 ὥστε
1039 1096 1135 1146 καὶ⁸
1170 1095 1296 1162 μιᾶς
1324 1092 1357 1162 ἢ
1390 1093 1485 1145 καὶ
1509 1091 1766 1161 δευτέρας
1796 1090 1944 1162 ὥρας
1968 1106 2098 1143 σπο-

503 1184 594 1238 δδν
642 1185 902 1255 γενέσθαι
961 1186 1057 1240 καὶ
1101 1184 1468 1255 ἀμφοτέρους.
1508 1185 1643 1237 Τότε
1704 1183 1836 1252 γοῦν
1895 1182 2093 1244 τελέως

505 1279 1133 1349 ἁποκαραδοκήσαντες,
1194 1278 1396 1348 τρόπον
1461 1277 1570 1330 τῶν
1626 1278 1846 1343 τόμων,
1904 1274 2095 1345 ὥσπερ

506 1374 706 1424 ἐκεῖνοι
739 1372 898 1442 πυρὶ,
927 1371 1098 1436 οὕτως
1144 1364 1291 1424 οὗτοι
1327 1370 1539 1440 βασιλεῖ
1580 1368 1848 1421 ἐνεδίδουν
1882 1369 1979 1420 καὶ⁹
2003 1368 2098 1437 δῆ-

502 1465 584 1519 λοι
634 1462 775 1536 ἦσαν
813 1464 1231 1526 ὑποκλινοῦντες
1278 1464 1358 1534 τῷ
1412 1464 1748 1533 πατριάρχῃ.
1794 1461 1855 1513 '0
1912 1462 2095 1531 μέντοι

502 1572 568 1623 γε
600 1557 852 1627 βασιλεὺς
876 1557 1152 1626 διαχυθεὲς
1180 1552 1290 1607 οἷον
1319 1555 1528 1608 ἐκεῖθεν
1565 1552 1641 1617 ὥς
1671 1540 1961 1623 τῖδράσας
1982 1553 2094 1605 τῶν

503 1648 836 1719 Θαυμαστῶν
880 1648 1220 1720 (Θαυμαστὸν
1252 1647 1360 1718 γὰρ
1389 1647 1563 1700 ἐδόκει
1610 1645 1833 1716 γνώμας
1865 1647 2094 1716 ίσχυρὰς

499 1742 559 1793 ἐν
588 1742 788 1811 ἀκαρεῖ
815 1739 1205 1811 μαλαχθῆναι),
1233 1739 1310 1803 ὡς
1339 1739 1439 1811 ἢδη
1469 1738 1531 1791 τὸ
1555 1738 1676 1792 ὅλον
1706 1736 2093 1809 κατωρθωκὼς

499 1831 561 1896 ἐξ
580 1832 748 1902 αὐτῆς
768 1832 910 1902 λαφυ
920 1830 1343 1903 ραγωγηϐέντας
1361 1832 1658 1902 προσάγειν
1673 1828 1750 1901 τῷ
1772 1829 2088 1901 πατριάρχῃ

496 1924 574 1987 ὡς
601 1918 751 1995 εἶχεν
802 1925 986 1994 ὥρμα,
1037 1925 1131 1977 καὶ
1158 1923 1423 1995 κρυμώδη
1469 1926 1863 1994 κατανίφοντος
1889 1926 2090 1994 ἡφρον-

498 2017 691 2082 τίστει,
724 2015 810 2088 [Ρ.
845 2015 938 2088 38]
968 2018 1063 2071 καὶ
1108 2016 1289 2070 λαϐὼν
1338 2016 1579 2080 ἐκείνους
1608 2016 1725 2087 ἃμα
1770 2017 1910 2088 πεζῇ
1942 2017 2089 2088 βαδί-

428 2104 433 2107 ’
497 2108 607 2172 ζων
637 2109 739 2177 ὀψὲ
773 2109 1052 2164 Σαϐϐάτου
1082 2109 1160 2180 τῷ
1199 2109 1520 2181 πατριάρχη
1543 2109 1898 2180 παρίστησιν.
1930 2108 1994 2163 Οἳ
2024 2109 2088 2182 δὴ

496 2200 595 2255 καὶ
626 2200 853 2255 αὐτόθεν
887 2202 1206 2270 προσιόντες
1240 2200 1491 2269 εὐλογίας
1522 2217 1582 2253 τε
1617 2201 2088 2273 μεταλαγχάνουσι

496 2375 859 2447 optatissima:
885 2375 1122 2430 libenter
1152 2372 1548 2445 proﬂigaturus
1575 2370 1874 2427 videretur.
1904 2371 2087 2426 Desti-

496 2470 652 2524 navit
702 2480 967 2540 prmterea
1032 2469 1165 2521 tanti
1224 2465 1493 2519 momenti
1543 2463 1883 2519 caaremoniae
1939 2462 2083 2517 diem

494 2563 746 2617 omnium
779 2561 1160 2626 sacerrimam,
1203 2560 1304 2613 hoc
1334 2567 1440 2624 est,
1470 2557 1729 2627 quoniam
1773 2558 1949 2628 major
1972 2557 2083 2627 jam

498 2654 800 2708 hebdomas
821 2652 1115 2716 institerat,
1143 2651 1441 2705 Sabbatum
1465 2650 1641 2719 ipsum
1676 2658 1948 2713 sanctum,
1984 2647 2085 2703 Pa-

494 2745 639 2801 scha:
658 2745 925 2800 festorum
951 2744 1218 2814 principis
1235 2742 1497 2812 vigiliam.
1520 2740 1925 2811 Taliergojuce
1947 2756 2081 2795 con-

494 2837 732 2908 gregatis
766 2836 1004 2895 eunetis.
1038 2834 1333 2905 propitiato
1353 2833 1465 2904 62
1496 2833 1674 2904 longis
1715 2830 2105 2903 communiter‘

493 2928 837 2982 orationibus
888 2927 1022 2992 Deo,
1075 2938 1138 2978 ut
1176 2934 1365 2995 erepta
1413 2925 1701 2978 fortunare
1738 2923 2079 2990 dignaretur,

495 3020 715 3074 tandem
773 3019 1049 3073 universis
1123 3016 1588 3086 inspectantibus,
1636 3015 1760 3085 ipso
1813 3024 2081 3085 praesente

491 3112 764 3180 Augusto,
796 3111 1012 3180 piorum
1042 3109 1350 3178 hominum;
1384 3116 1438 3162 et
1478 3110 1660 3162 neutri
1692 3115 1835 3176 part1
1883 3120 2078 3175 suspe-

495 3220 710 3260 etorum
744 3204 1000 3258 manibus
1031 3203 1310 3258 volumina
1359 3201 1620 3270 utrinque
1663 3200 2076 3270 consignantur.

2200 632 2262 698 ἐξ
2287 629 2363 700 ᾧν
2389 635 2576 705 ἔλεγόν
2625 652 2686 689 τε
2722 636 2817 690 καὶ
2868 637 3141 709 ἔπραττον
3173 637 3330 692 πάντ’
3374 637 3571 703 εῶντες
3602 631 3681 709 ιφ’
3706 636 3778 706 οἳ..

2198 725 2259 776 τὸ
2291 726 2506 795 πρῶτον
2548 725 2629 790 ὡς
2676 728 2920 799 ἰσχυροῖς
2950 727 3011 794 ἐξ
3058 727 3305 797 ἀνάγκης
3356 730 3619 801 μεγίστης
3646 732 3784 800 ἐσχί-

2201 813 2374 878 ζοντο.
2435 816 2793 885 Ἐπέφωσκεν
2840 818 2874 889 ἡ
2916 820 3121 890 ἡμέρα,
3158 820 3255 874 καὶ
3288 819 3348 873 τὺ
3384 820 3586 890 θερμὸν
3614 821 3782 876 ἐκεῖνο

2202 908 2295 959 καὶ
2334 907 2547 963 ἔντονον
2596 910 2734 982 πρὸς
2764 912 2990 982 εἰρήνην
3027 912 3371 984 ψυχροῦσθαι
3421 915 3517 968 καὶ
3552 931 3779 985 καταχα-

2198 998 2297 1070 λᾷν
2326 1000 2546 1072 ἤρχετο,
2583 1003 2679 1056 καὶ
2726 1003 2803 1068 ὡς
2848 1006 3298 1075 κατασοφισθεῖσι
3351 1008 3538 1076 σφίσιν
3576 1010 3777 1072 ἑαυτοῖς

2198 1109 2509 1165 προσειχον.
2554 1095 2643 1148 Ἐν
2693 1097 2894 1166 ἀφανεῖ
2940 1097 2997 1151 δὲ
3026 1099 3167 1164 τέως
3215 1099 3282 1153 τὰ
3331 1099 3429 1170 τῆς
3485 1099 3777 1170 μεταϐολῆς

2198 1185 2414 1257 ἔχοντες
2448 1189 2657 1260 (κτῆμα
2687 1191 2796 1261 γὰρ
2824 1186 2966 1244 εἶναι
3000 1190 3224 1255 πειθοῦς
3259 1190 3358 1262 τὴν
3400 1192 3645 1264 εἰρήνην,
3670 1192 3777 1246 ἀλλ’

2197 1280 2258 1332 οὐ
2312 1279 2488 1351 τύχης
2541 1280 2802 1352 ἔκρινον),
2857 1283 3012 1352 μόλις
3069 1284 3163 1337 καὶ
3214 1285 3270 1347 ἐς
3308 1283 3526 1353 ἐκείνης
3572 1286 3776 1355 ἡμέρας

2200 1373 2467 1443 ἑσπέραν,
2502 1373 2579 1438 ὡς
2612 1376 2939 1444 ἀφυλάκτως
2973 1379 3327 1446 ἐμπεσόντες,
3362 1381 3419 1433 ἐν
3463 1379 3620 1450 δεινῷ
3642 1380 3778 1434 τιθέ-

2200 1482 2354 1534 μενοι
2383 1465 2598 1536 ἔμενον,
2634 1469 2847 1538 πρωῖας
2878 1469 2933 1521 δὲ
2964 1470 3103 1541 πλὴν
3140 1470 3340 1540 ὀλίγων
3370 1472 3572 1535 πάντες
3610 1490 3772 1541 παρε-

2196 1561 2505 1630 κεκίνηντο.
2539 1561 2597 1617 Ὀ
2624 1562 2755 1631 γοῦν
2784 1563 3025 1631 κρατῶν,
3056 1566 3179 1618 ἐπεὶ
3202 1565 3342 1634 ἔγνω
3375 1566 3437 1619 τὸ
3464 1568 3574 1621 πᾶν
3600 1568 3776 1639 είργα-

2196 1651 2394 1721 σμένος
2456 1654 2656 1726 μάτην,
2717 1658 2941 1725 συνάγει
2997 1675 3058 1711 τε
3114 1659 3244 1722 τοὺς
3303 1658 3643 1732 προῦχοντας
3685 1661 3774 1714 καὶ

2192 1743 2520 1816 δημηγορεῖ.
2554 1748 2663 1801 Καὶ
2696 1749 2789 1802 τὸν
2818 1750 2916 1818 μὲν
2946 1751 3294 1823 πατριάρχην
3325 1752 3435 1806 ἔσω
3468 1770 3570 1806 που
3600 1771 3771 1825 παρα-

2195 1835 2365 1901 ϐύσας
2397 1840 2781 1909 ἐστολισμένον
2817 1843 3028 1907 στολαῖς
3053 1846 3223 1915 ἱεραῖς
3254 1845 3623 1916 προσέταττεν
3644 1847 3769 1917 ἡρεο

2194 1930 2337 1999 μεῖν,
2373 1931 2558 1996 αὐτοῖς
2586 1933 2644 1987 δὲ
2680 1934 2929 2005 στρέφων
2959 1931 3071 1990 οἷον
3098 1937 3274 2002 διττά,
3312 1941 3410 1992 καὶ
3456 1941 3771 2013 τεχνιτεύων

2193 2019 2269 2085 ὡς
2296 2017 2364 2094 ἦν
2414 2024 2551 2094 πρὸς
2602 2025 2700 2089 τὰς
2726 2026 2950 2083 ἐκείνων
3001 2029 3246 2095 διπλόας,
3300 2031 3452 2097 ὅπως
3496 2032 3562 2087 ἂν
3603 2033 3769 2104 ἔχοιεν

2192 2112 2418 2185 γνώμης
2459 2115 2551 2169 τὸν
2600 2120 3046 2191 πατριαρχοῦντα
3098 2121 3507 2181 διεπυνθάνετο.
3566 2127 3687 2190 Τοῖς
3715 2128 3767 2180 δέ

2193 2207 2270 2277 μὴ
2299 2208 2583 2279 ὁμολογεῖν
2615 2214 2716 2283 μὲν
2740 2215 2949 2270 ἐκεῖνον
2975 2217 3325 2291 πατριάρχην
3350 2222 3378 2273 ὁ
3402 2220 3534 2292 παρ’
3563 2220 3765 2275 ἐκείνου

2190 2378 2372 2451 guidis
2402 2379 2590 2439 lloceis
2614 2385 2755 2441 caelo
2798 2389 3003 2457 passim
3039 2388 3321 2444 hiemante
3363 2388 3764 2460 depluentibus,

2189 2485 2288 2539 per
2328 2471 2485 2527 nives
2512 2482 2569 2527 et
2601 2475 2725 2546 gelu
2750 2477 2916 2546 pedes
2938 2479 3084 2533 viam
3121 2478 3358 2534 mediam
3385 2496 3659 2546 emensus,
3677 2495 3763 2533 ea-

2187 2562 2311 2618 dem
2340 2564 2563 2621 Sabbati
2596 2569 2773 2623 sancti
2795 2584 3049 2641 vespera,
3071 2572 3443 2641 patriarcham
3473 2574 3586 2629 adit
3612 2573 3763 2644 eique

2188 2655 2528 2714 Arsenianos
2560 2658 2724 2715 oll‘crt
2750 2660 2876 2731 ;qui
2911 2664 3187 2733 supplices
3205 2664 3669 2740 admotieulogias
3702 2667 3764 2720 ab

2185 2762 2252 2803 eo
2282 2759 2331 2803 et
2368 2750 2509 2805 sacri
2531 2752 2687 2822 panis
2714 2752 3083 2825 fragmentum
3121 2756 3555 2830 accipiunt,63
3590 2760 3762 2830 plane.

2185 2848 2245 2894 ut
2296 2849 2412 2896 tum
2477 2844 2842 2913 apparebant,
2904 2846 3278 2918 significantes
3344 2854 3660 2905 renuntiare
3712 2864 3766 2904 se

2183 2932 2433 3000 pristinis
2477 2936 2954 3005 persuasionibus,
3012 2948 3066 2994 et
3122 2956 3254 2994 vero
3309 2943 3533 2998 tandem
3589 2942 3763 3015 agnito

2183 3024 2451 3080 dedoctos
2479 3038 2679 3083 cuneta
2708 3030 2799 3084 illa
2827 3031 3133 3101 superiora,
3169 3047 3291 3103 qua:
3320 3050 3425 3103 pro
3451 3035 3763 3091 necessariis

2182 3117 2542 3174 abscindendi
2572 3137 2694 3176 sese
2724 3123 2794 3177 ab
2837 3122 3080 3179 Ecclesia
3110 3131 3295 3182 causis
3323 3128 3651 3193 habuerant,
3685 3144 3754 3182 re-

2184 3211 2406 3266 mittere
2443 3227 2509 3268 ac
2536 3216 2675 3269 velle
2721 3216 2975 3273 oblivisci
3010 3219 3151 3275 bona
3194 3222 3318 3278 ﬁde.
3368 3222 3642 3280 Cancrum
3676 3224 3755 3278 vix

491 3300 564 3353 Ea
599 3300 696 3366 illi,
727 3300 874 3368 quod
915 3300 1057 3353 bene
1105 3304 1365 3364 verteret,
1410 3295 1467 3349 in
1516 3294 1694 3366 ignem
1726 3293 1960 3363 jaciunt,
1995 3292 2079 3344 in-

2186 3314 2418 3375 postera>
2450 3306 2580 3363 inde
2609 3308 2719 3363 diei
2742 3311 2825 3365 sol
2852 3320 3077 3368 exortus
3114 3313 3390 3380 illuxerat,
3426 3333 3551 3387 cum
3575 3318 3757 3373 horum

489 3393 848 3448 tendentibus
891 3406 1084 3462 preces
1116 3406 1242 3446 cum
1282 3390 1523 3446 maxime
1559 3403 1658 3459 per
1698 3399 1966 3441 summam
2013 3382 2077 3438 li-

488 3485 707 3540 duciam
747 3484 1084 3547 Arsenianis,
1123 3492 1180 3537 et
1221 3481 1379 3552 quasi
1433 3480 1604 3535 Deum
1646 3476 2076 3534 admonentibus

489 3581 686 3632 adesse
729 3587 946 3645 tempus
987 3575 1302 3631 declarandi
1347 3573 1433 3628 sui
1474 3572 1719 3626 numinis
1757 3571 1812 3624 in
1847 3571 2073 3640 gratiam

489 3672 735 3741 ipsorum
761 3669 866 3722 zeli
911 3684 1008 3738 pro
1041 3668 1162 3738 ejus
1199 3666 1370 3738 gloria
1405 3664 1597 3719 tandiu
1641 3663 1842 3717 frustra
1892 3662 2075 3715 tabes-

488 3763 690 3828 centis,
735 3777 800 3815 ac
843 3761 1199 3831 lgmgissimas
1232 3744 1484 3812 miserias
1532 3753 1934 3826 patientissime
1977 3766 2075 3821 pro

488 3856 724 3910 veritate
785 3853 1045 3908 toleratas
1089 3850 1396 3906 clarissima
1436 3847 1523 3903 sui
1576 3846 1801 3912 favoris,
1835 3844 1929 3915 qui
1982 3858 2070 3898 ca-

490 3949 728 4005 lumnias
796 3948 1165 4001 humanorum
1220 3957 1473 3999 errorum
1528 3948 1757 3996 cunctas
1813 3938 2071 4003 dilueret,

489 4043 891 4116 signiﬁcatione
905 4039 1249 4098 consolandi.
1278 4038 1406 4093 Haec
1437 4037 1543 4092 illis
1561 4036 1845 4092 orantibus
1875 4032 2072 4101 stipula

490 4138 545 4191 in
579 4136 804 4191 fornace
827 4136 988 4189 ambo
1020 4132 1227 4203 pariter
1261 4131 1387 4185 libri
1422 4128 1600 4184 fuere.
1629 4126 1780 4181 Nihil
1808 4124 2071 4180 utriusvis

490 4239 745 4301 respectu
803 4230 948 4284 acris
1008 4242 1121 4282 suae
1174 4223 1394 4280 virtutis
1446 4221 1659 4278 remisit
1715 4219 1955 4274 flamma.
2005 4220 2073 4274 Et

487 4338 801 4393 quanquam
838 4336 937 4393 pro
965 4321 1187 4376 modulo
1218 4318 1413 4373 lebetis
1435 4316 1580 4371 haud
1603 4313 1834 4370 multum
1867 4327 2072 4384 pruna-

490 4427 612 4465 rum
646 4419 785 4476 erat,
818 4421 985 4480 atque
1027 4419 1324 4479 utrumque
1367 4406 1612 4462 codicem
1647 4423 1745 4476 pro
1784 4420 1885 4459 suo
1917 4421 2070 4474 quaa-

487 4520 596 4574 que
625 4519 749 4575 pars
773 4502 956 4557 studio
995 4499 1187 4556 sedulo
1214 4500 1595 4570 complicatum
1627 4508 1685 4553 et
1722 4508 2065 4568 compactum

2181 3398 2426 3455 studium
2474 3398 2611 3456 illud
2652 3403 2707 3457 in
2751 3418 2942 3474 pacem
2987 3406 3520 3481 pridianum'cmpit
3549 3411 3761 3483 langue-

2178 3507 2354 3547 scere.
2391 3492 2473 3548 Ne
2502 3493 2609 3549 sibi
2652 3506 2800 3551 esset
2833 3495 3057 3554 illusum
3100 3509 3377 3557 transacta
3413 3512 3760 3560 retractantes

2178 3585 2552 3653 verebantur;
2590 3602 2654 3642 ac
2685 3598 2893 3644 tantam
2929 3592 3012 3645 sui
3051 3593 3204 3648 nictu
3233 3606 3584 3666 properatam
3626 3593 3760 3651 oculi

2178 3675 2540 3731 mutationem
2574 3679 2854 3749 admirati,
2900 3683 3068 3740 nullis
3113 3685 3218 3740 sibi
3266 3688 3629 3757 argumentis,
3658 3685 3756 3741 nisi

2176 3781 2338 3822 casus
2388 3780 2596 3827 eventu
2637 3772 2874 3843 fortuiti,
2903 3784 3013 3831 tam
3056 3777 3166 3833 alte
3213 3778 3524 3853 insculptas
3564 3780 3755 3836 animis

2176 3859 2337 3914 evelli
2372 3862 2621 3931 potuisse
2651 3868 3045 3936 persuasiones
3071 3873 3472 3942 querebantur,
3506 3890 3629 3930 sero
3652 3873 3756 3942 jam

2176 3964 2540 4024 agnoscentes
2563 3958 2774 4016 scilicet
2804 3960 3073 4018 doctrinae
3097 3964 3308 4033 solidae,
3347 3980 3466 4022 non
3497 3967 3659 4024 sortis
3677 3966 3757 4020 in-

2176 4048 2388 4105 stabilis
2419 4049 2581 4105 talem
2616 4068 2715 4122 par
2748 4053 2921 4111 fuisse
2951 4055 3212 4112 effectum
3259 4059 3562 4116 exsistere.
3600 4059 3754 4130 Egre

2174 4141 2241 4197 ad
2291 4144 2414 4213 ejus
2457 4142 2564 4199 diei
2620 4161 2907 4216 vesperam
2948 4164 3221 4204 novorum
3265 4150 3585 4209 istiusmodi
3635 4166 3755 4207 sen-

2173 4250 2337 4290 suum
2383 4236 2788 4309 qualiscunque
2830 4240 3202 4298 dissimulatio
3264 4247 3525 4316 pervenit
3568 4264 3583 4301 :
3630 4259 3752 4301 ure-

2172 4328 2269 4383 bat
2311 4329 2520 4400 quidpe
2577 4332 2801 4400 penitus
2855 4344 2910 4390 et
2965 4336 3391 4406 inquietissime,
3439 4349 3501 4395 ut
3556 4338 3751 4396 indicia

2172 4423 2520 4492 erumpentia
2556 4424 2648 4478 vix
2680 4435 2957 4493 tenerent,
2984 4428 3225 4498 agitabat
3253 4433 3520 4501 superbos
3546 4432 3751 4487 animos

2173 4516 2439 4570 memoria
2484 4517 2895 4587 imprudentiae,
2931 4537 3038 4591 qua
3081 4538 3141 4577 se
3170 4523 3388 4581 incaute
3424 4527 3751 4597 objecissent

492 4598 685 4653 validis
728 4597 955 4667 insuper
1003 4593 1595 4689 involucrisfffpsel’al
1630 4604 1685 4647 ει
1727 4600 2064 4689 Ρτοξεξίθξίιξν
2100 4626 2143 4679 ι)
2172 4610 2421 4681 periculo
2466 4612 2660 4678 ruinae,
2700 4613 2755 4666 in
2799 4630 2964 4684 quam
2995 4626 3050 4671 et
3090 4593 3589 4689 praecipitaverant.
3626 4619 3752 4674 Lar-

491 4700 674 4744 tatnen
697 4703 802 4741 una
825 4687 1068 4741 alterave
1103 4686 1237 4740 hora
1258 4683 1397 4738 nihil
1427 4697 1493 4736 ex
1528 4692 1762 4752 utroque
1794 4682 1903 4737 nisi
1921 4682 2065 4737 cinis

486 4783 781 4853 superfuit.
822 4779 922 4834 llic
950 4782 1060 4850 jam
1092 4778 1307 4835 confusi
1342 4777 1602 4833 frustrata
1632 4776 2064 4847 exspectatione,

486 4875 778 4929 Arseniani
818 4874 1137 4945 pneSt-rtim,
1186 4871 1385 4927 imitati
1428 4886 1556 4928 suas
1604 4872 1841 4936 chartas,
1875 4880 1932 4924 ut
1962 4869 2067 4923 illa:

486 4969 621 5040 igni,
650 4969 726 5023 sic
760 4968 860 5037 ipsi
901 4971 1148 5038 Augusto
1172 4975 1477 5032 cesserunt,
1514 4980 1569 5022 et
1595 4964 1755 5020 ﬁdem
1782 4973 2063 5035 pactorum

487 5063 794 5132 reposcvnti
841 5063 1205 5119 ostenderunt
1236 5061 1385 5116 haud
1427 5076 1487 5116 se
1545 5070 1896 5115 recusaturos
1932 5059 2064 5113 sub-

481 5153 577 5223 jici
626 5152 887 5223 deinceps
923 5162 1093 5221 atque
1136 5153 1521 5221 obtemperare
1567 5151 1909 5221 patriarchae.
1943 5149 2064 5214 Quo

482 5262 743 5302 successu
770 5244 1164 5301 incredibiliter
1179 5246 1459 5299 exsultans
1480 5243 1865 5314 gratulansque
1892 5244 2065 5312 impe-
2131 5266 2139 5273 -

482 5349 631 5395 rator
660 5339 876 5409 (miram
906 5340 1109 5408 quippe
1138 5354 1253 5393 rem
1299 5337 1566 5392 divinitus
1599 5338 2063 5407 interpretabatur

483 5432 702 5499 factam,
734 5434 881 5503 quod
917 5443 1023 5487 tam
1072 5432 1297 5499 invicta,
1343 5439 1455 5485 tam
1503 5445 1711 5485 annoso
1745 5429 1892 5485 velut
1924 5430 2062 5485 callo

482 5527 738 5581 indurata
791 5525 1095 5595 pertinacia
1126 5534 1408 5579 momento
1437 5524 1678 5578 emollita
1707 5524 2061 5595 resolutaque

481 5622 846 5688 cerneretur),
884 5618 1053 5673 veluti
1083 5618 1194 5687 jam
1228 5617 1339 5673 voti
1370 5617 1459 5672 vix
1486 5616 1690 5686 Sperati
1726 5617 1883 5686 plene
1914 5632 2063 5671 com-

480 5728 602 5781 pos,
663 5714 942 5769 festinavit
997 5714 1240 5768 victorim
1293 5729 1405 5767 sua:
1445 5714 1602 5781 quasi
1659 5713 1948 5768 manubias
1999 5728 2064 5768 ac

480 5808 651 5875 spolia
682 5810 1001 5877 patriarcha:
1034 5808 1253 5863 sistere.
1289 5808 1600 5877 Eademque
1628 5809 1781 5870 hora,
1817 5811 1920 5863 etsi
1946 5820 2061 5864 tum

480 5897 620 5981 forte
660 5901 887 5972 contigit
922 5918 1168 5973 asperam
1202 5901 1468 5957 desaevire
1498 5912 1898 5974 tempesmtem,
1933 5903 2058 5959 nin-

2173 4719 2292 4758 vam
2328 4714 2507 4760 tamen
2540 4721 2602 4760 ea
2646 4708 2833 4776 utique
2872 4708 2995 4769 luce
3034 4725 3143 4765 non
3189 4712 3520 4784 deposuere.
3554 4711 3755 4768 Postri-

2170 4795 2281 4853 die.
2320 4808 2521 4865 praeter
2552 4814 2793 4866 paucos,
2829 4801 3075 4856 universi
3106 4804 3285 4873 palam
3342 4816 3494 4860 motu
3549 4799 3752 4875 ingenti

2171 4890 2563 4946 reclamarunt.
2608 4891 2932 4963 imperator,
2963 4893 3058 4952 ubi
3112 4898 3316 4951 frustra
3376 4914 3436 4954 se
3478 4899 3755 4953 laborasse

2169 4980 2458 5047 intellexit,
2492 4994 2760 5039 convocat
2792 4987 2972 5055 capita
2998 4989 3117 5059 ipsa
3153 5001 3335 5059 sectae,
3374 5002 3428 5048 et
3450 4993 3750 5047 orationem

2169 5075 2233 5129 ad
2262 5092 2390 5130 eum
2421 5089 2626 5133 emtum
2659 5079 2844 5134 habet.
2878 5082 2984 5136 Sed
3023 5092 3315 5152 antequam
3347 5086 3534 5142 dicere
3564 5099 3751 5157 aggre-

2167 5166 2424 5231 deretur,
2486 5168 2853 5238 patriarcham
2906 5172 3209 5242 pontiﬁcali
3258 5190 3515 5231 ornatum
3565 5177 3748 5231 habitu

2162 5268 2365 5328 ‘prarsto
2393 5277 2516 5315 esse
2542 5262 2719 5332 jubet,
2767 5274 3180 5333 exspectantem
3224 5268 3279 5322 in
3322 5269 3507 5325 vicino
3538 5268 3751 5325 concla-

2168 5351 2240 5404 vi.
2273 5351 2608 5409 Arsenianos
2638 5355 2757 5425 ipse
2784 5356 3004 5411 interitu
3049 5357 3333 5429 implicare
3361 5362 3556 5416 callide
3586 5377 3749 5415 cona-

2169 5455 2276 5512 tur,
2310 5463 2513 5514 anceps
2546 5450 2836 5518 quicsitum
2887 5453 2952 5505 ad
2988 5469 3182 5509 eorum
3226 5457 3504 5527 utrimque
3536 5457 3745 5527 pervias

2165 5539 2556 5611 ambiguitates
2583 5558 2889 5613 Opponens.
2929 5546 3295 5603 Percontatur
3327 5549 3578 5605 videlicet
3595 5566 3657 5602 ex
3685 5548 3746 5601 iis

2164 5631 2296 5701 quid
2346 5634 2413 5687 dc
2474 5635 2803 5703 patriarcha,
2843 5637 2937 5707 qui
2986 5655 3133 5693 nunc
3164 5640 3288 5696 talis
3330 5651 3574 5708 vocetur,
3619 5655 3744 5696 sen-

2166 5724 2339 5790 tiant;
2368 5728 2560 5796 ecquid
2593 5742 2719 5782 eum
2762 5731 2857 5783 tali
2897 5747 3088 5787 revera
3128 5734 3419 5805 dignitate,
3456 5736 3613 5805 cujus
3646 5750 3742 5787 no-

2166 5817 2315 5871 mine
2350 5819 2624 5890 dignetur,
2656 5834 2962 5893 agnoscant
3004 5828 3316 5894 prwditum.
3371 5829 3659 5883 “terebant
3691 5827 3743 5879 in

2165 5913 2506 5981 expediendo
2532 5930 2819 5984 responso.
2876 5916 3018 5972 Hinc
3054 5920 3199 5974 enim
3229 5921 3427 5977 durum
3474 5919 3746 5975 vidtbucr
