4094 6428
524 415 597 478 τ5
1745 415 2069 479 GEORGII
2110 413 2594 476 PACHYMEBIR
2918 412 2927 421 “
3721 411 3790 477 76

528 529 647 597 μοῖς
692 527 803 589 τοῖς
837 526 1064 592 εἰκόσιν,
1119 526 1199 580 ὅτι
1234 528 1326 581 καὶ
1371 528 1601 599 μοναχὸς
1635 526 1710 582 ὢν
1753 528 1852 581 ούκ
1881 526 2101 596 ἔφριξεν
2127 531 2177 594 Α
2204 542 2380 595 τερον,
2412 527 2628 595 ὁμοίαις
2675 525 2853 589 δίκαις
2905 525 3318 582 ύπούάλλουσαν
3373 527 3580 580 ἐκεῖνον
3623 544 3790 581 κατε-

525 619 797 689 ἀῦετήσας
850 620 912 672 τὸ
958 620 1143 688 σχῆμα
1202 619 1467 690 καὶπρὸς
1521 618 1612 672 τὸν
1644 618 1751 672 τῶν
1801 619 2104 689 ἀρχιερέων

462 774 477 783 κ
528 711 920 781 μεταπηδήσας
976 711 1204 782 βαομδν,
1240 713 1331 764 καὶ
1374 712 1443 764 τά
1470 710 1619 764 δεινὰ
1661 708 1849 763 παθὼν
1880 712 1945 762 ὲκ
1978 708 2105 761 πολ-

524 800 654 867 λῶν,
680 801 833 864 τέλος
857 804 1103 871 πυγμαῖς
1131 819 1189 854 τε
1223 803 1317 856 καὶ
1346 802 1609 872 ὠθισμοῖς
1637 801 1987 872 ἀνάρπαστος
2012 816 2103 868 γε·

525 892 697 959 γονὼς
716 892 821 957 ἔξω
840 908 945 945 που
968 892 1061 947 τοῦ
1076 893 1260 946 κοινοῦ
1286 894 1562 964 συνεδρίου
1590 892 1986 965 παρέρῤιπται,
2012 891 2101 943 ὅτε

526 988 624 1040 καὶ
652 987 680 1039 ὀ
705 986 986 1056 Λαρίσσης
1021 985 1327 1056 Νίκανδρος⁹
1355 986 1455 1054 τῆς
1492 985 1743 1039 Ἰωάννου
1769 982 2101 1055 χειροτονίας

525 1080 604 1134 ὢν
633 1081 727 1133 καὶ
757 1079 847 1133 διὰ
888 1078 1048 1132 τοῦτο
1099 1080 1229 1147 παρ’
1257 1079 1465 1131 ἐκείνου
1520 1078 1889 1148 καθαιρεθεὶς,
1923 1076 2101 1130 ἐκεῖσε

526 1173 721 1244 παρὼν
749 1173 843 1227 καί
865 1174 915 1241 γ’
941 1171 1151 1257 adpo);
1185 1171 1393 1223 ἐκεῖνον
1442 1169 1773 1240 ὲκριφθέντα
1804 1169 2098 1238 θεώμενος,

524 1266 707 1322 λαὸὼν
763 1264 1061 1335 μοναχικδν
1104 1263 1429 1334 ἐπιτύμϐιον
1484 1263 1603 1333 μεθ’
1652 1264 1776 1317 ὅσου
1820 1262 2101 1334 μυκτῆρος

525 1359 618 1413 καὶ
656 1355 971 1429 χλευασμοῦ
1012 1356 1340 1425 ἐπιτίθησιν.
1378 1354 1441 1411 ’0
1476 1354 1532 1407 δὲ
1561 1354 1697 1425 πρὸς
1730 1353 1888 1408 τοῦτο
1939 1354 2101 1423 μόνον

525 1454 585 1504 ἐν
630 1449 812 1522 ἑαυτῷ
859 1447 1102 1517 γεγονὼς
1148 1449 1237 1512 (τά
1281 1448 1389 1517 γὰρ
1436 1447 1660 1502 πλεῖστα
1707 1445 1813 1511 ἔξω
1865 1446 1986 1510 νοὸς
2011 1442 2101 1516 ἦν)

525 1543 773 1617 ἐρρίπτει
827 1559 886 1595 τε
922 1541 1204 1613 παρευθὺς
1253 1540 1493 1610 ἐπισχὼν
1543 1541 1642 1611 τὴν
1687 1537 2007 1610 καλύπτραν
2037 1540 2101 1591 ὲκ

527 1634 848 1706 σφενδονῶν.
876 1635 970 1687 καὶ
999 1635 1118 1695 ταῖς
1148 1632 1351 1697 ὀξείαις
1378 1630 1558 1701 βολαῖς
1585 1630 1677 1684 τοῦ
1709 1630 1863 1701 ἡλίου
1887 1629 2101 1700 γυμνὴν

524 1728 697 1782 ἐδίδου
737 1721 1141 1795 καθυπακούειν
1184 1722 1283 1795 τὴν
1323 1723 1584 1792 κεφαλήν.
1629 1722 1686 1776 '0
1720 1723 1776 1775 δὲ
1823 1722 1916 1775 καὶ
1944 1718 2099 1785 αὖῡις

524 1819 923 1887 ἀναλαμϐάνων
979 1816 1237 1879 ὶπετίθει,
1275 1816 1366 1869 καὶ
1413 1815 1568 1878 αὖθις
1618 1817 1823 1891 ἐξεῖνος
1870 1816 2099 1885 anteet-

2214 618 2369 671 νόουν
2394 617 2493 688 τὴν
2526 619 2802 688 πρόνοιαν.

2212 730 2310 786 κδ’.
2341 732 2542 798 Ὅπως
2566 735 2598 786 ό
2622 732 2985 856 Κοτανίέζᾎς
3005 733 3126 787 ἀπὸ
3154 731 3265 802 τῆς
3292 737 3575 803 Προύσης
3593 736 3792 806 φυγὰς

2900 823 2916 856 t
2965 821 3123 856 νετο.

2900 821 3123 873 pareto.

2281 898 2368 970 [Ρ.
2394 897 2485 970 Η]
2529 897 2592 951 ’0
2629 898 2814 963 μέντοι
2845 915 2906 967 γε
2934 899 3273 970 Κοτανίτζης
3303 900 3361 953 τὸ
3388 903 3573 970 σχῆμα
3608 900 3794 970 φέρων

2208 990 2318 1044 τῶν
2344 989 2594 1061 μοναχῶν
2627 990 2729 1043 κάν
2755 993 2821 1059 τῇ
2862 990 2960 1058 τῆς
2991 991 3362 1061 Περιὸλέπτου
3414 994 3547 1060 μονῇ
3582 993 3788 1059 ἀσκῶν,

2210 1083 2637 1152 ὑποκρινόμενος
2665 1082 2722 1135 δὲ
2750 1083 2845 1135 καὶ
2879 1084 3061 1136 πᾶσαν
3110 1086 3389 1151 ἁπλότητα
3418 1084 3494 1148 ὡς
3523 1085 3585 1137 ὲκ
3614 1084 3792 1154 ψυχῖς

2208 1175 2500 1245 ἀγαπήσας
2550 1175 2648 1246 τὴν
2713 1175 2990 1230 πολιτείαν
3038 1179 3128 1230 καὶ
3174 1177 3347 1249 ταύτῃ
3399 1176 3791 1230 συναποθανεῖν

2208 1266 2551 1336 αἱρούμενος,
2598 1268 2689 1320 καὶ
2737 1266 3020 1330 τοιαύταις
3058 1270 3298 1334 ἀπάταις
3351 1271 3478 1333 τοὺς
3522 1273 3791 1339 μοναχο’ς
3858 1288 3867 1295 ·

2209 1358 2475 1422 ὑπελθὼν,
2534 1358 2711 1410 πείθει
2760 1360 2971 1428 ἐφεῖναι
3009 1359 3184 1429 τούτῳ
3236 1359 3564 1414 καταλαϐεῖν
3596 1359 3693 1429 τὴν
3730 1363 3788 1410 ἐν

2210 1449 2429 1520 Προύσῃ
2488 1450 2754 1518 μεγίστην
2808 1445 3063 1525 μονὴν,ᾖ
3104 1452 3167 1521 δὴ
3223 1451 3523 1520 ἀφιγμένος
3573 1451 3789 1503 ἒκεῖοεν

2207 1538 2504 1610 τεχνιτεύει
2534 1539 2634 1610 τὴν
2680 1541 2774 1593 ἐπὶ
2824 1543 2893 1595 τά
2925 1545 3102 1596 οἰκεῖα
3148 1544 3529 1613 δραπὲτευσιν.
3574 1543 3788 1613 Γράφει

2207 1634 2317 1703 γάρ
2354 1632 2422 1686 δι’
2466 1620 2821 1707 άπορρήτων,
2870 1635 3336 1706 ὲνασχολουμένου
3378 1634 3473 1689 τοῦ
3520 1634 3787 1704 βασιλέως

2206 1726 2319 1789 τοῖς
2348 1723 2531 1788 ἄλλοις
2558 1725 2749 1795 καιρὸν
2780 1726 3032 1797 εὑρηκὼς
3067 1729 3159 1780 τδν
3188 1727 3466 1797 ἁρμόδιον,
3505 1726 3596 1779 καὶ
3631 1726 3785 1786 diti;

2207 1818 2404 1888 ὲνήρης
2450 1818 2599 1887 παρὰ
2625 1818 2733 1871 τῶν
2770 1819 2985 1872 οἰκείων
3012 1819 3432 1889 εύτρεπισθεῖσα
3463 1819 3664 1879 ἵππους
3691 1818 3787 1885 φέ-

524 1929 677 1966 πτιῖν.
730 1912 837 1965 Καὶ
890 1910 1051 1963 τοῦτο
1101 1908 1364 1972 ποῖπλάκις
1409 1907 1652 1976 γεγονὸς,
1713 1909 1887 1975 γέλως
1932 1907 2096 1977 ᾔρετο
2130 1907 2170 1962 B
2200 1925 2370 1979 ρουσα
2406 1909 2707 1976 πέμπεται.
2742 1911 2850 1963 Καὶ
2883 1908 2945 1976 δὴ
2979 1912 3383 1980 προσισχούσης
3414 1909 3644 1979 αἰγιαλῷ
3682 1911 3785 1975 τῆς

524 2004 675 2075 παρὰ
722 2003 830 2056 τῶν
868 2003 1155 2073 παρόντων
1190 2001 1283 2055 καὶ
1328 1999 1493 2071 χλεύη
1545 2001 1638 2053 καὶ
1683 2000 2003 2069 ἐπιτίμησις
2035 2000 2095 2052 ού

527 2098 718 2169 μικρά.
767 2098 831 2151 0i
878 2095 935 2149 δέ
974 2113 1037 2164 γε
1088 2092 1607 2165 προσεκτικὼτεροι,
1659 2093 1954 2161 ἀνάγοντες
2007 2094 2099 2146 τὸν

522 2189 646 2244 νοῦν
678 2189 813 2259 πρὸς
847 2187 989 2259 ᾇπερ
1039 2189 1244 2249 ἐκεῖνος
1274 2186 1447 2239 ἐποίει
1487 2186 1610 2248 τοὺς
1658 2186 1933 2257 ἀρχιερεῖς
1967 2186 2101 2255 πρύ-

525 2372 740 2425 mulans
769 2368 1007 2423 cmlcstis
1046 2380 1279 2420 censura
1306 2364 1614 2429 videbatur,
1648 2378 1926 2421 converso
1956 2372 2099 2420 stre.

524 2479 631 2519 nne
650 2461 877 2530 vestigio
904 2448 1118 2514 rediens
1143 2472 1335 2512 severo
1370 2456 1666 2527 supercilio
1693 2457 1908 2522 revisit,
1949 2458 2090 2512 alte-

524 2571 633 2628 que
667 2554 897 2609 sublata:
941 2565 1137 2606 manus
1176 2550 1285 2605 ictu
1342 2549 1736 2605 immedicabili
1786 2549 2103 2605 alllixitim-

526 2646 911 2703 miserabilem.
944 2643 1077 2698 Nam
1114 2657 1238 2696 enm
1264 2656 1294 2695 a
1340 2640 1662 2697 Galactione
1709 2640 1947 2711 quodam
1980 2639 2102 2708 ejus

523 2741 790 2810 discipulo
821 2737 1090 2793 monacho
1139 2735 1355 2792 delatus
1382 2734 1450 2789 ad
1504 2734 1898 2804 imperatorem
1956 2744 2104 2792 esset

523 2843 781 2898 tanquam
844 2830 1082 2897 tessima
1135 2826 1191 2882 in
1230 2842 1353 2883 enm
1407 2826 1733 2881 macltinans
1772 2836 1822 2880 et
1853 2826 2102 2896 loquens,

523 2940 577 2978 ts
610 2924 815 2977 indicio
848 2922 942 2975 tali
985 2921 1050 2974 ad
1084 2934 1218 2976 suas
1269 2927 1500 2974 caeteras
1532 2917 1890 2988 gravissimas
1920 2906 2105 2987 suspi-

524 3017 714 3069 ciones
769 3010 1052 3081 adjuncto,
1117 3011 1279 3079 plane
1343 3023 1650 3079 persuasus
1710 3024 1935 3078 pravum
1982 3021 2107 3063 esse

522 3118 687 3160 istum
715 3119 778 3158 ac
817 3102 918 3158 sibi
944 3102 1253 3169 capitaliter
1295 3100 1559 3157 infestum
1592 3099 1894 3165 hominem,
1927 3098 2105 3168 poenis

2202 1998 2337 2063 νεὼς
2368 2000 2418 2051 οἱ
2467 2000 2674 2070 ταύτην
2699 2001 2924 2068 ἄγοντες
2976 2000 3321 2072 δηλοποιαῦσι
3368 2000 3446 2071 τῷ
3477 2000 3785 2071 Κοτανίτζῃ

2200 2090 2299 2161 τὴν
2348 2090 2553 2159 ἄφιξιν,
2590 2091 2684 2143 καὶ
2722 2090 3034 2161 ὁρισθείσης
3088 2090 3284 2155 νυκτδς
3335 2092 3491 2144 αὐτοὶ
3552 2092 3650 2161 μὲν
3701 2090 3781 2157 τῷ

2200 2181 2369 2249 τείχει
2401 2181 2499 2251 τῆς
2524 2182 2691 2251 μονῆς
2719 2179 2836 2251 ἅμα
2886 2182 2981 2233 καὶ
3014 2181 3219 2245 πόλεως
3252 2181 3514 2250 ἐφιστῶσι
3535 2181 3661 2245 τοὺς
3692 2182 3784 2234 t1:-

2200 2357 2489 2428 caputium
2514 2356 2763 2425 ingessit,
2795 2356 3107 2428 iterumque
3129 2358 3264 2411 illtnl
3296 2358 3416 2413 sine
3464 2372 3615 2412 mora
3650 2358 3789 2412 Snr.

2200 2451 2389 2507 densis
2417 2450 2683 2510 excussit.
2721 2448 2908 2504 Tertio
2941 2458 2994 2503 et
3055 2451 3260 2521 smpius
3297 2450 3440 2506 idem
3506 2451 3781 2507 ludicrum

2202 2554 2482 2598 certamen
2510 2544 2653 2597 inter
2696 2543 2889 2597 ambos
2952 2542 3365 2614 frequentatum
3426 2554 3533 2608 est,
3581 2561 3783 2615 magno

2204 2635 2511 2689 astantium
2543 2635 2681 2697 risu,
2712 2634 3071 2689 ambitionem
3131 2637 3609 2705 pseudoantistitis
3666 2653 3787 2690 un-

2204 2726 2367 2780 nachi
2409 2736 2655 2780 extrema
2715 2726 2769 2780 in
2814 2727 3130 2781 calamitate
3178 2730 3569 2797 perdurantcm
3611 2729 3785 2782 ell'nsa

2206 2818 2630 2874 eacltinnatione
2665 2819 3096 2887 lraducentiutu,
3129 2820 3351 2874 interim
3380 2819 3509 2875 dum
3536 2823 3784 2890 pruden-

2207 2914 2377 2966 tiores
2414 2912 2645 2980 quique,
2702 2920 3019 2982 reputantes
3065 2921 3185 2966 acta
3238 2926 3447 2982 nupera
3506 2912 3780 2975 Cbalaza‘,
3870 2908 3877 2912 ’

2210 3005 2421 3074 providi
2475 3002 2730 3059 Numinis
2765 3021 2985 3075 atquum
3037 3004 3305 3073 judicium
3355 3006 3782 3066 venerabantur.

2208 3115 2321 3167 quo
2357 3097 2652 3167 supplicia,
2685 3099 2890 3167 quibus
2923 3099 3012 3153 hic
3045 3099 3211 3169 paulo
3259 3108 3389 3152 ante
3452 3097 3789 3167 subiecisset

524 3211 647 3250 enm
672 3194 1037 3266 perduellium
1066 3201 1118 3248 ct
1142 3195 1289 3248 'ltcsaa
1313 3191 1620 3261 maiestatis
1662 3205 1882 3247 reorum
1944 3188 2100 3245 addi-
2123 3181 2170 3239 (Ξ
2203 3191 2512 3245 immeritos
2534 3190 2833 3254 antistites,
2887 3191 3082 3245 merito
3138 3206 3284 3246 nunc
3320 3199 3526 3245 retorta
3570 3190 3624 3245 in
3663 3191 3789 3259 ejus

521 3301 620 3343 xu.
652 3286 794 3357 Ergo
819 3287 873 3340 itt
903 3300 967 3342 os
999 3286 1322 3354 proscissus
1383 3283 1670 3350 conviciis,
1696 3289 1752 3339 et
1785 3297 1882 3352 per
1905 3297 2099 3352 omnes

521 3382 912 3447 contumelias,
951 3379 1149 3450 quibus
1181 3376 1529 3433 incomitiare
1552 3383 1866 3444 compertos
1920 3374 2095 3429 scele-

522 3490 643 3529 rum
672 3487 737 3527 ac
766 3472 1142 3542 deprehensos
1181 3469 1235 3524 in
1267 3467 1519 3540 flagranti
1547 3466 1794 3522 vindicta
1825 3466 2098 3522 insultans

521 3565 682 3627 solet,
719 3562 1249 3634 ignominiosissime
1282 3559 1572 3615 traductus
1604 3574 1636 3613 a
1658 3561 1863 3629 passim
1897 3572 2100 3628 expro-

521 3656 835 3725 brantibus,
882 3654 1027 3724 quod
1082 3661 1344 3724 suscepta
1400 3650 1745 3721 professione
1794 3652 2098 3706 monastica

519 3765 627 3803 non
676 3757 824 3804 esset
871 3749 1083 3802 veritus
1137 3746 1505 3801 dehonestare
1564 3759 1784 3797 sacrum
1854 3742 2147 3829 babitunL

520 3842 821 3897 ambitione
844 3839 1125 3903 insolenti,
1164 3855 1268 3908 qua
1311 3838 1366 3893 itt
1394 3837 1623 3908 gradum
1669 3836 1979 3891 antistitum
2013 3836 2099 3889 itt-

518 3934 670 3990 silire
702 3949 894 3989 rursus
914 3948 1082 4002 Seque
1105 3930 1387 3986 intrudere
1423 3927 1762 3992 affectasset,
1818 3937 1936 3981 tum
1968 3941 2097 3995 pro-

518 4025 901 4098 gredientibus
926 4023 1115 4078 verbis
1170 4020 1237 4076 ad
1270 4020 1524 4082 verbera.
1585 4019 1782 4088 pugnis
1815 4019 2098 4087 plagisque

520 4120 819 4175 multorum
857 4133 1053 4172 manus
1079 4114 1329 4171 certatim
1396 4112 1751 4167 iufcrentium
1807 4120 2095 4174 contusus,

515 4212 627 4284 66
661 4211 730 4266 ad
776 4220 1084 4266 extremum
1141 4207 1452 4278 raptatione
1503 4206 1621 4259 tiit‘u
1681 4214 1887 4258 tractus
1944 4214 2097 4257 extra

516 4320 844 4361 consessum
877 4302 1034 4370 longe
1063 4300 1190 4356 inde
1217 4301 1499 4371 proiectus
1520 4308 1623 4359 est,
1662 4299 1883 4366 quando
1912 4295 2099 4351 Laris-

517 4395 696 4452 sensis
723 4392 1021 4457 Nicander,
1052 4392 1142 4462 qui
1174 4389 1322 4461 quod
1355 4389 1552 4444 fuisset
1609 4388 1897 4442 ordinatus
1948 4401 1975 4439 a
2007 4384 2099 4439 Jo-

519 4504 662 4544 anne
702 4487 905 4551 Vecco,
951 4484 1206 4539 Chalaza:
1259 4497 1424 4551 opera
1478 4491 1665 4535 motus
1718 4481 1840 4533 loco
1898 4479 2093 4541 fuerat,

519 4580 664 4637 forte
729 4578 820 4634 hic
880 4591 1124 4648 pttescns
1172 4583 1227 4628 et
1285 4589 1396 4628 sua:
1454 4583 1729 4628 auctorem
1786 4573 2095 4643 ignominia:

519 4669 1052 4744 ignominiosissime
1100 4666 1347 4742 vicissim
1373 4666 1498 4733 ejici
1554 4668 1694 4719 haud
1727 4667 1934 4720 invitus
1974 4680 2095 4719 cer-

522 4781 682 4830 nens,
723 4771 975 4834 paratum
1007 4758 1077 4814 ad
1112 4759 1429 4813 meditatam
1473 4759 1787 4815 irrisionettt
1818 4757 2096 4813 cucullum

520 4854 775 4911 monachi
808 4852 1078 4917 Cltalazze,
1106 4850 1234 4906 dum
1262 4865 1321 4907 se
1350 4840 1536 4906 coram
1568 4836 1917 4922 asportatur;
1934 4848 2097 4918 capiti

519 4947 697 5003 obiter
728 4944 935 5015 injecit.
982 4942 1095 4997 Hoc
1127 4951 1365 5013 puuctus
1423 4941 1844 4997 aculeatissitnre
1872 4941 2101 4996 subSano

520 5037 761 5093 nationis
789 5037 1013 5091 stimulo
1044 5036 1192 5091 velut
1211 5036 1512 5104 expergisci
1541 5034 1775 5090 Chalaza
1806 5034 1960 5087 visus
1990 5041 2096 5097 est,

521 5147 645 5186 cum
679 5130 743 5185 ad
773 5139 970 5184 caetera
1002 5129 1170 5184 hebes
1226 5130 1628 5198 obtorpuisset.
1706 5127 1881 5182 Sensu
1931 5125 2098 5194 igitur

524 5224 603 5278 sic
636 5224 854 5278 demum
890 5234 1131 5292 recepto.
1166 5220 1358 5291 rejccit
1393 5221 1632 5276 maxime
1680 5221 1867 5275 statim
1896 5227 2095 5273 conatu

522 5318 736 5387 insigne
770 5317 959 5373 invisae
994 5298 1380 5386 professionis.
1411 5314 1519 5369 Sed
1566 5314 1695 5368 dum
1750 5314 2100 5383 superimpo-

521 5410 686 5465 situm
712 5409 783 5471 ei,
811 5424 970 5477 quem
999 5407 1152 5479 prius
1197 5404 1466 5476 gestabat,
1524 5403 1749 5474 proprio
1788 5401 2098 5455 antistitum

523 5497 667 5568 pileo
702 5496 1084 5551 monachicum
1133 5494 1458 5566 operculum
1492 5492 1691 5562 cupide
1725 5492 1955 5554 excutit,
2011 5504 2099 5542 ar~

522 5590 694 5657 reptis
718 5588 881 5644 simul
914 5587 1054 5642 forte
1090 5585 1330 5649 laciniis,
1375 5583 1555 5637 fundae
1604 5580 1777 5651 ligura
1809 5581 1935 5635 hinc
1975 5579 2099 5633 inde

522 5679 911 5749 pendentibus,
948 5681 1231 5750 calyptrar,
1281 5677 1424 5730 hanc
1480 5687 1701 5743 quoque
1738 5673 1903 5727 simul
1962 5670 2099 5738 abji-

523 5775 694 5839 ciens,
725 5771 929 5828 nudum
955 5774 1066 5843 jatn
1096 5771 1359 5828 verticem
1394 5768 1671 5825 solaribus
1697 5767 1902 5821 acriter
1932 5781 2098 5820 uren-

527 5868 673 5922 tibus
708 5870 962 5938 exposuit
1004 5865 1196 5921 radiis.
1243 5864 1364 5929 Quo
1416 5859 1689 5915 Nicander
1719 5860 1844 5923 visp
1900 5859 2096 5914 iterum

2122 4525 2174 4584 Β

2205 3282 2378 3354 ipsius
2406 3284 2779 3353 agnoscebant
2815 3290 3001 3351 caput.

2480 3374 2571 3430 24.
2609 3373 2677 3429 Ut
2704 3372 2989 3429 Cotam'lza
3040 3372 3220 3429 Prusa
3253 3375 3464 3445 fugerit.

2275 3468 2343 3522 At
2375 3466 2666 3522 Cetanitza
2708 3476 3047 3537 susceptum,
3106 3481 3164 3521 ut
3220 3467 3273 3521 in
3311 3468 3433 3521 loco
3474 3468 3790 3534 retulimus,

2207 3559 2459 3614 habitum
2506 3557 2765 3612 monachi
2807 3558 2987 3612 adhuc
3023 3572 3218 3627 gerens
3249 3559 3303 3612 iu
3351 3557 3642 3628 Periblepli
3672 3575 3790 3611 mo.

2205 3651 2450 3706 nasterio
2484 3651 2702 3720 egregie
2735 3649 3056 3716 religionem
3088 3649 3353 3705 simulare
3391 3651 3615 3713 institit,
3674 3666 3793 3719 pta:

2205 3760 2266 3799 se
2315 3742 2498 3797 ferens
2555 3743 2647 3796 tali
2688 3742 2811 3797 vitae
2865 3753 3299 3797 consentaneum
3353 3742 3791 3810 simplicitatem,

2204 3835 2569 3905 omnibusque
2597 3844 2915 3891 contestans
2946 3835 3167 3892 indiciis
3213 3850 3277 3889 ex
3329 3836 3514 3891 animo
3567 3837 3795 3905 acquie-

2211 3942 2370 3983 scere
2400 3942 2460 3983 se
2514 3927 2769 3984 asceticae
2797 3927 3153 3997 professioni,
3187 3928 3239 3982 in
3281 3943 3455 3998 eaque
3498 3943 3674 3999 usque
3716 3932 3794 3985 ad

2206 4019 2463 4089 spiritum
2510 4029 2816 4075 extremum
2852 4035 3207 4089 perseverare
3259 4021 3421 4090 plane
3452 4021 3789 4078 decrevisse.

2205 4110 2296 4165 Sic
2327 4127 2555 4167 suorum
2608 4112 2712 4169 sibi
2745 4113 2854 4183 67
2889 4122 3083 4183 parato
3116 4112 3304 4169 favore
3361 4115 3656 4177 sodalium,
3704 4113 3791 4167 fa-

2203 4204 2310 4261 cile
2346 4205 2415 4260 ab
2448 4206 2514 4260 iis
2552 4206 2951 4274 impetravitut
2974 4207 3116 4261 bona
3167 4190 3579 4262 modera’torum
3606 4208 3785 4278 gratia

2203 4296 2258 4351 in
2293 4300 2590 4352 maximum
2626 4296 2812 4353 Prusae
2844 4298 3240 4352 monasterium
3285 4315 3343 4354 se
3369 4299 3605 4355 transire
3636 4310 3796 4370 pate-

2202 4394 2420 4445 rentur.
2458 4388 2573 4445 lluc
2600 4404 2765 4461 porro
2799 4390 2892 4444 ille
2936 4392 3243 4445 translatus
3290 4407 3451 4463 agere
3500 4391 3650 4447 vafer
3679 4408 3792 4461 op-

2203 4491 2441 4551 portuno
2466 4481 2607 4543 loco,
2634 4482 2779 4550 quod
2817 4482 3022 4536 dudum
3058 4485 3351 4552 coquebat,
3385 4484 3574 4553 erepit,
3608 4500 3788 4543 suam

2205 4573 2465 4627 nimirum
2505 4574 2557 4627 in
2583 4575 2819 4643 patriam
2886 4590 2949 4629 ac
2999 4573 3328 4632 familiarem
3380 4577 3549 4631 larem
3599 4577 3789 4646 fugam

2207 4668 2534 4721 machinari.
2581 4667 2810 4736 Scripsit
2872 4669 3017 4722 enim
3080 4685 3284 4725 arcano
3336 4686 3433 4741 per
3489 4670 3791 4727 fidissimos

2207 4761 2431 4815 nuntios
2476 4761 2595 4817 suis
2627 4762 2949 4818 domesticis
2982 4779 3105 4833 qua:
3139 4765 3207 4819 ab
3232 4765 3368 4835 ipsis
3398 4764 3512 4820 fieri
3542 4765 3790 4829 volebat,

2204 4861 2323 4907 tuto
2349 4854 2464 4921 jam
2499 4853 2965 4921 administranda,
2990 4857 3210 4926 quando
3246 4857 3551 4926 imperator
3604 4856 3794 4911 diu-r-

2202 4940 2445 4997 sissintis
2482 4943 2749 5007 intentus,
2779 4944 2847 4997 ad
2885 4962 3110 5001 sensum
3144 4948 3598 5018 itmpinatissimm
3622 4948 3793 5002 moli-
3820 4938 3841 4945 “

2203 5033 2371 5088 tionis
2423 5033 2762 5090 adversurus
2818 5047 3079 5105 tuentem,
3127 5038 3305 5092 timeri
3355 5038 3791 5109 haudquaquam

2203 5135 2413 5193 posset.
2440 5124 2701 5195 Cognatis
2732 5144 2860 5197 ergo
2894 5118 3192 5183 Cotanit‘zne
3227 5130 3320 5183 tali
3376 5129 3613 5183 articulo
3674 5148 3787 5185 non

2203 5215 2575 5278 cessantibus,
2612 5222 2924 5287 comparuit
2957 5220 3105 5273 brevi
3137 5218 3325 5274 Prusae
3359 5221 3657 5290 piscatoria
3695 5204 3790 5275 re-

2204 5306 2309 5373 mis
2348 5308 2617 5361 instructa
2650 5324 2822 5379 equos
2852 5311 3156 5375 adveltens,
3206 5326 3312 5382 qua
3343 5312 3514 5366 littori
3553 5316 3791 5384 appulsa

2204 5401 2604 5454 exsccntlentes
2654 5411 2907 5456 vectores
2951 5401 3252 5455 Colauitzm
3302 5404 3598 5457 necessarii
3644 5404 3790 5459 clam

2203 5492 2480 5546 hominem
2510 5504 2841 5548 conventum
2879 5494 2945 5548 ad
2994 5495 3177 5565 fugam
3219 5497 3478 5550 invitant.
3520 5496 3791 5553 Condicta

2204 5585 2334 5641 inde
2381 5597 2541 5640 nocte
2567 5587 2657 5641 isti
2697 5604 2855 5643 nwnro
2907 5589 3228 5644 monasterii
3273 5589 3367 5660 qui
3420 5589 3489 5646 ab
3519 5605 3583 5645 ea
3626 5600 3791 5661 parte

2206 5676 2349 5731 idem
2382 5692 2507 5731 cum
2537 5694 2694 5732 muro
2726 5680 2881 5735 urbis
2914 5691 3055 5743 erat,
3112 5696 3236 5734 cum
3270 5696 3444 5751 equos
3505 5682 3792 5735 admovis-

2206 5779 2349 5833 sent,
2373 5768 2670 5827 descendit
2707 5772 2825 5841 ipse
2876 5771 3005 5827 fune
3047 5773 3326 5828 demissus
3379 5788 3409 5827 e
3441 5773 3623 5841 pinnis
3649 5789 3790 5826 nur-

2207 5862 2384 5929 nimn,
2418 5877 2672 5933 equoque
2690 5878 3023 5930 conscenso,
3058 5865 3378 5922 abundante
3404 5865 3471 5920 ad
3507 5867 3612 5922 iter
3634 5868 3789 5936 quod
