4094 6406
320 402 393 465 ’ῖἹ
1300 400 1395 460 DE
1436 394 1881 460 ANDRONICO
1925 394 2391 459 PALEOLOGO
2431 398 2579 460 LIB.
2613 398 2663 460 Ι.
2721 426 2729 433 ν
3516 400 3588 461 78

318 532 478 580 πους,
527 515 737 578 ἐκεῖνος
766 515 823 569 δὲ
876 512 1276 584 ὑποχαλασθεὶς
1325 513 1523 585 σχοίνῳ
1559 514 1652 565 καὶ
1702 510 1902 572 ἐπιϐὰς
1940 517 1985 571 Α
2012 509 2152 581 πεζῇ
2187 514 2278 565 καὶ
2308 514 2374 584 τῇ
2398 512 2741 583 Δημητριάδι
2764 512 3180 581 ὲπιμιξομὲνας,
3204 511 3278 575 ὡς
3304 517 3602 582 κατασχεῖν

318 607 494 661 ἵππου
517 649 534 672 ,
566 607 891 660 καταλαϐὼν
919 607 1008 660 τὸν
1030 606 1301 674 αἰγιαλὸν,
1330 606 1614 674 αὑτονυχεὶ
1642 602 1906 670 ἀνάγεται

318 702 415 754 καὶ
442 700 544 771 τὴν
576 700 875 769 φυγαδείαν
903 700 977 762 ὡς
1011 700 1157 762 εἰκὸς
1184 697 1503 776 διατίθεται.

318 809 418 863 κε’.
444 809 589 879 Περὶ
614 807 727 877 τῆς
754 808 853 860 ἐπὶ
885 807 1068 879 δύσιν
1098 808 1494 879 ἐκστρατείας
1538 804 1646 859 τοῦ
1678 816 1905 872 πρωτο-

685 878 1027 947 6εστιαρίου
1069 875 1530 946 Ταρχανειὼτου.

389 970 568 1039 Ὅπερ
609 970 800 1039 μαθὼν
829 975 857 1023 ὁ
915 970 1169 1038 βασιλεὺς
1198 972 1292 1020 καὶ
1323 972 1381 1021 ὲν
1410 966 1567 1035 δεινῷ
1601 965 1908 1036 ποιησάμε-

316 1079 429 1124 νος,
451 1063 569 1115 ἐπεὶ
601 1063 697 1115 καὶ
726 1061 819 1113 τὸν
850 1062 941 1117 τοῦ
962 1059 1212 1113 Ἰωάννου
1243 1058 1338 1112 τοῦ
1363 1060 1544 1111 Δούκα
1573 1058 1665 1111 καὶ
1684 1055 1907 1111 δυτικοῦ

318 1152 820 1222 σεὸλστοκράτορος
841 1153 955 1205 υἱὸν
987 1151 1205 1221 Μιχαὴλ
1237 1151 1438 1220 πολλὴν
1476 1150 1908 1220 δραστηριότητα

317 1248 469 1316 ἔχειν
515 1245 831 1315 ἐμάνθανε,
898 1243 989 1298 τοῦ
1034 1245 1131 1314 μὲν
1180 1246 1239 1295 τὸ
1272 1243 1611 1312 θερμουργὺν
1665 1240 1909 1296 ὑπονοῶν

317 1338 473 1405 ὅμως
504 1338 584 1398 εἰς
625 1336 819 1405 καιρὸν
872 1338 1039 1389 ὲτίθςι
1066 1335 1164 1405 τὴν
1209 1336 1337 1404 περὶ
1376 1334 1542 1389 αὐτοῦ
1573 1334 1784 1404 σκέψιν,
1814 1332 1907 1387 τοῦ

317 1430 374 1481 δὲ
425 1428 486 1480 τὸ
518 1428 718 1481 αὐτίκα
765 1428 1088 1498 δραστήριον
1141 1429 1207 1481 τὰ
1256 1428 1422 1481 πολλὰ
1457 1428 1800 1489 ὑποπτεύσας
1836 1425 1909 1487 ὡς

318 1520 583 1590 ἐσομένου
607 1519 872 1589 πολεμίου
895 1520 1273 1589 ἀπαραιτήτου
1326 1519 1456 1589 πρὸς
1480 1518 1508 1571 δ
1532 1518 1595 1588 δὴ
1621 1518 1715 1571 καὶ
1738 1518 1912 1589 ὁρμή-

317 1626 456 1672 σειε,
500 1610 695 1677 λόγους
722 1627 783 1662 τε
811 1613 951 1663 κινεῖ
988 1612 1116 1680 περὶ
1161 1610 1354 1664 τούτου
1385 1611 1478 1663 καὶ
1505 1613 1572 1680 τῇ
1611 1610 1715 1679 ἰδίᾳ
1747 1610 1912 1663 αὐτα-

317 1699 480 1770 νεψίᾳ.
510 1699 876 1753 συσκέπτεται
914 1702 1080 1772 ’Δννῃ
1118 1703 1177 1771 τῇ
1225 1700 1533 1775 βασιλίσσῃ.
1589 1702 1673 1774 [Ρ.
1706 1700 1799 1773 42]
1842 1701 1908 1753 Ἠ

314 1790 361 1841 δ’
386 1794 455 1844 ὲκ
488 1791 593 1843 τῶν
624 1791 866 1844 δυνατῶν
893 1795 982 1844 καὶ
1031 1793 1241 1859 βασιλεῖ
1272 1793 1608 1861 χαριζομένη
1647 1795 1740 1848 καὶ
1796 1810 1910 1860 γει-

2015 599 2115 669 μὲν
2148 601 2348 655 ὁπόσον
2394 604 2485 656 καὶ
2519 603 2626 656 τῶν
2659 604 2776 655 ἐκεῖ
2822 602 3099 672 δυνηθεῖεν
3149 604 3301 671 νόμῳ
3358 603 3597 673 πολέμου

2010 693 2103 744 καί
2136 693 2337 763 μάχης,
2391 693 2609 762 ἕτοιμον
2640 695 2684 747 δ’
2718 690 2860 746 εἶναι
2917 694 3216 763 λαμϐάνειν
3248 697 3602 766 πεμπόμενον

2011 784 2162 853 παρὰ
2192 786 2291 853 τῆς
2327 787 2547 855 Ἀννης,
2567 787 2616 837 εἰ
2647 788 2937 856 κατασχεῖν
2964 784 3220 849 εὐοδοῖτο,
3246 787 3337 838 τὸν
3359 786 3599 856 Μιχαὴλ.

2011 872 2196 925 Ταῦτα
2233 873 2400 938 τάξας
2432 890 2489 926 τε
2520 874 2614 927 καὶ
2646 873 2897 945 κυρώσας
2927 875 2957 928 ό
2988 873 3241 944 βασιλεὺς
3268 876 3367 945 τὴν
3401 876 3601 928 ’Ἄνναν

2014 963 2131 1033 μετ’
2160 964 2386 1035 εἰρήνης
2440 966 2736 1033 ἀπέπεμπε
2787 967 2882 1019 καὶ
2926 968 3114 1037 τιμῆς,
3175 968 3337 1030 αὐτὸς
3367 968 3426 1021 δὲ
3462 986 3602 1022 παν-

2009 1056 2167 1117 τοίως
2199 1056 2624 1126 ὑποποιούμενος
2651 1059 2740 1110 τὸν
2771 1059 3270 1130 πρωτοῦεστιάριον
3306 1062 3399 1113 καὶ
3428 1063 3599 1131 τιμᾷν

2011 1145 2333 1215 αἱρούμενος
2362 1150 2473 1211 τοῖς
2507 1151 2808 1219 μεγίστοις,
2842 1151 2917 1214 ὡς
2954 1152 3047 1204 καὶ
3079 1151 3157 1221 τῷ
3186 1151 3278 1205 τοῦ
3316 1153 3598 1221 Καίσαρος

2012 1235 2282 1305 ἀξιώματι
2310 1239 2596 1308 σεμνύνειν
2633 1242 3143 1312 καθυπισχνεῖσοαι,
3197 1244 3333 1314 πρὸς
3361 1243 3461 1314 τὴν
3500 1243 3597 1298 δύο

2014 1344 2099 1380 σιν
2137 1328 2318 1399 ὥρμα.
2374 1330 2431 1384 Ὀ
2463 1332 2520 1386 δὲ
2547 1333 2698 1403 μόλις
2744 1334 2958 1404 ἀξίωμα
2991 1334 3089 1403 μὲν
3118 1321 3269 1403 ἔλεγε
3301 1334 3420 1388 τότε
3456 1335 3595 1406 λαμ-

2013 1418 2194 1473 ϐάνειν
2240 1421 2497 1489 διδόντος,
2555 1425 2644 1477 ὅτε
2692 1424 2787 1479 καὶ
2837 1426 2997 1489 αὐτὸς
3027 1424 3175 1490 ἄξιόν
3217 1444 3267 1478 τι
3304 1426 3596 1495 Ῥωμαίοις

2011 1512 2440 1584 ἐπεξεργὰσεται
2462 1515 2814 1586 κατόρθωμα,
2837 1517 2913 1580 ὡς
2948 1520 3023 1586 μὴ
3047 1517 3275 1587 δωρεὰν,
3292 1519 3405 1573 ἀλλ’
3432 1516 3595 1573 ἄυλον

2010 1604 2307 1672 λαμϐάνειν
2327 1620 2341 1635 ο
2367 1605 2486 1658 τότε
2521 1607 2576 1659 δὲ
2608 1606 2801 1677 χρείας
2833 1607 3060 1677 ἐνούσης
3090 1610 3389 1680 χρημάτων
3433 1611 3597 1672 αὐτὸς

2013 1697 2113 1765 μὲν
2146 1698 2207 1749 ἐκ
2231 1696 2325 1749 τοῦ
2357 1697 2536 1750 κοινοῦ
2561 1699 2831 1766 ταμιείου,
2854 1698 2928 1762 ὡς
2958 1700 3119 1753 αὐτὸν
3146 1701 3593 1757 διαῦεϐαιοῦσῢμιι

2010 1788 2147 1859 πρὸς
2178 1790 2301 1852 τοὺς
2333 1790 2563 1852 οἰκείους
2596 1789 2821 1859 ὕστερον
2847 1832 2862 1857 ,
2904 1790 3088 1863 ὲξήτει
3119 1792 3188 1846 τὰ
3223 1793 3485 1863 χρήματα
3511 1830 3526 1856 ,
3559 1794 3594 1862 ἠ

314 1881 507 1934 τονοῦν
538 1882 706 1937 κακον
740 1883 909 1954 ἑαυτῇ
961 1882 1195 1945 ὠθοῦσα,
1232 1883 1307 1944 ὡς
1336 1881 1449 1952 εἶχε
1482 1883 1905 1953 καθυπισχνεϊτο
1940 1868 1982 1922 Β
2007 1880 2060 1932 δὲ
2088 1881 2213 1949 περὶ
2244 1881 2333 1934 τὸν
2372 1881 2594 1950 βασιλέα
2638 1881 2802 1952 βουλὴ
2852 1885 2915 1939 ὲκ
2946 1885 3129 1955 κοινῆς
3171 1890 3594 1956 συγκροτήσεως

317 1974 593 2037 παντοίως
628 1976 717 2026 τὸν
750 1974 974 2043 ἀνεψιόν
1030 1974 1328 2044 μετελθεῖν,
1367 1975 1461 2029 καὶ
1510 1976 1675 2047 μηδὲν
1700 1979 1906 2032 ἀνεῖναι

315 2066 759 2135 δουλαγωγῆσαι,
809 2069 903 2119 καὶ
938 2066 1012 2129 ὡς
1051 2066 1308 2136 δυνηθείη
1373 2069 1578 2120 ἐκεῖνον
1630 2073 1907 2139 περισχεῖν

317 2154 580 2222 ἀφύκτως
618 2156 698 2217 είς
730 2157 919 2224 χεῖρας
954 2156 1044 2206 καὶ
1090 2154 1455 2225 πέμπεινηιῷ
1495 2154 1727 2223 βασιλεῖ.
1778 2157 1910 2208 Συν-

316 2247 513 2296 έταττε
547 2245 605 2297 δὲ
630 2248 727 2297 καὶ
756 2244 1017 2314 δυνάμεις
1038 2248 1064 2297 ὁ
1094 2245 1347 2315 βασιλεὺς
1376 2247 1714 2315 ἀφιξομένας
1745 2248 1908 2302 σύνα-

320 2352 401 2405 pa
435 2335 516 2404 τῷ
570 2334 1059 2406 πρωτοσεστιαρίῳ
1117 2337 1506 2409 Ταρχανειὼτῃ
1566 2338 1702 2408 πρὸς
1756 2339 1908 2397 δύσιν

325 2517 399 2572 ad
436 2532 593 2571 mare
622 2516 866 2572 restabat
898 2518 1079 2573 noctis
1117 2517 1184 2579 ad
1218 2518 1275 2573 id
1313 2518 1470 2573 lecta:
1515 2529 1783 2588 tempore,
1823 2518 1908 2573 lit-

316 2621 414 2665 tus
450 2609 785 2679 tempestive
831 2610 1039 2678 attigit,
1066 2625 1317 2679 naveque
1368 2617 1630 2681 exceptus
1663 2610 1797 2666 velis
1843 2614 1909 2665 de

322 2712 526 2757 caetero
555 2702 832 2771 remisque
850 2702 1228 2758 servientibus
1263 2703 1413 2757 abiit.

321 2816 418 2870 εδ.
468 2814 544 2869 De
586 2817 988 2887 protovestierii
1042 2816 1419 2872 Tat‘cltaniota:
1472 2820 1810 2887 expeditione
1852 2822 1906 2877 in

865 2885 1125 2943 Occidunt
1154 2898 1378 2942 tractus.

405 2976 480 3030 Ea
539 2977 670 3047 fuga
728 2978 985 3035 nuntiata
1020 2994 1243 3051 gravem
1281 2980 1522 3037 incussit
1590 2982 1907 3053 imperatori

344 3069 578 3125 dolorem
604 3087 670 3124 ex
699 3069 1101 3132 sollicitudine,
1134 3085 1241 3139 qua
1266 3081 1531 3143 reputans
1557 3074 1905 3130 Cotanitmm

330 3173 561 3228 gnavum
612 3167 669 3213 et
700 3161 1060 3215 exercitatum
1105 3159 1264 3215 bellis
1343 3160 1619 3217 hominem
1656 3172 1904 3231 paratum

329 3251 762 3304 instrumentum
784 3264 872 3305 res
909 3250 1144 3304 novandi
1178 3249 1347 3305 facile
1378 3252 1626 3307 futurum
1654 3251 1907 3309 Micltaeli

320 3342 567 3400 Joannis
600 3343 769 3398 Docte
802 3342 1174 3398 Occiduorum
1208 3353 1481 3401 tractuum
1512 3345 1913 3402 sebastocrato—

323 3436 403 3488 ris
432 3436 571 3501 lilio,
608 3446 838 3490 strenuo
864 3441 920 3490 et
950 3435 1208 3505 inquietae
1233 3436 1435 3491 indolis
1456 3436 1675 3505 juveni,
1707 3440 1773 3493 de
1801 3438 1910 3494 Co-

321 3529 533 3587 tanitza
562 3527 808 3598 quidem,
837 3529 1094 3598 quamvis
1120 3539 1410 3598 suspectos
1433 3530 1631 3586 merito
1676 3531 1911 3589 habebat

316 3632 441 3684 eos,
476 3633 718 3687 quorum
742 3618 882 3673 alias
910 3618 1126 3676 damnis
1172 3620 1408 3690 publicis
1434 3623 1715 3693 specimen
1745 3623 1912 3682 dede-

320 3720 435 3774 rat,
470 3711 735 3765 ardentes
763 3709 831 3764 ad
854 3710 1211 3766 rebellionem
1242 3713 1501 3784 impetus,
1556 3714 1906 3771 intentiorem

317 3804 374 3855 in
404 3809 627 3870 tempus
658 3800 807 3855 aliud
832 3816 1022 3855 curam
1055 3803 1271 3857 distulit
1308 3821 1324 3859 :
1352 3805 1537 3861 statim
1590 3815 1774 3860 autem
1815 3821 1910 3885 oc-

322 3898 669 3949 currendum
700 3905 854 3949 ratus
876 3897 1161 3964 erupturis
1205 3896 1349 3953 haud
1378 3895 1544 3951 dubie
1583 3899 1831 3966 proxime
1855 3898 1906 3953 in

310 3993 578 4055 apertum
645 3986 849 4039 bellum
889 3987 1189 4053 Michaelis,
1246 4006 1343 4058 pro
1374 3990 1496 4059 ejus
1524 4002 1583 4043 et
1642 3992 1816 4046 artatis
1852 4000 1909 4045 et

310 4076 533 4145 ingenii
598 4075 840 4141 fervore,
879 4078 1148 4143 consiliis,
1191 4081 1353 4134 anxie
1390 4082 1680 4150 inquisivit
1708 4083 1905 4150 ecquid

308 4170 391 4222 illi
423 4178 611 4235 posset
658 4170 790 4221 utile
847 4170 1280 4238 prmoceupando
1326 4172 1412 4225 vel
1477 4174 1716 4231 arcendo
1760 4190 1911 4228 com-

306 4261 579 4314 minisci.
633 4260 832 4316 Secum
896 4262 1113 4317 tandem
1173 4278 1238 4317 ac
1269 4279 1392 4318 cum
1444 4265 1567 4320 aliis
1610 4267 1910 4325 deliberem

304 4354 575 4424 negotio,
614 4356 933 4411 tentandum
990 4358 1201 4425 putavit
1250 4357 1525 4423 animum,
1572 4361 1754 4428 specie
1782 4374 1907 4414 cum

296 4460 366 4498 ea
444 4445 827 4509 consultandi,
893 4444 1068 4501 Annae
1124 4447 1328 4515 reginae
1383 4449 1731 4505 consobrina:
1770 4466 1905 4514 suae,

2011 1971 2364 2040 συλλέγεσθαι
2400 1973 2655 2028 ἐδικαίου.
2701 1974 2766 2028 Ἠ
2804 1977 2847 2027 δ’
2878 1971 2944 2046 ἦν
2984 1976 3043 2029 τὸ
3070 1977 3168 2045 τῆς
3194 1978 3452 2048 προνοίας
3480 1977 3592 2031 τῶν

2007 2058 2238 2129 ἐχόντων
2292 2063 2546 2131 προνοίας
2575 2063 2820 2119 δέκατον.
2874 2066 2939 2117 ’0
2967 2067 3029 2134 δὴ
3060 2067 3448 2136 κχὶ-συνήγετο
3482 2066 3584 2134 μὲν

2006 2150 2081 2215 ὡς
2114 2151 2274 2220 δῆθεν
2311 2155 2375 2206 ἐκ
2402 2153 2511 2205 τῶν
2533 2152 2756 2207 δικαίων
2775 2155 2883 2207 τῶν
2903 2155 3201 2222 δεσποτῶν,
3235 2156 3293 2210 τὸ
3325 2157 3433 2211 πᾶν
3464 2157 3510 2211 δ’
3543 2160 3593 2212 ot

2009 2244 2396 2313 παροικοῦντες
2450 2245 2771 2299 ἀπετίννυον
2834 2248 3273 2304 δυναστευόντων
3342 2252 3591 2307 ἐκείνων.

2008 2337 2387 2408 Συναχθέντων
2420 2337 2519 2408 μὲν
2553 2338 2802 2409 μεγάλων
2834 2340 3132 2411 χρημάτων
3154 2339 3427 2409 ἐντεῦθεν,
3464 2345 3596 2397 ταῦ·
3630 2378 3637 2379 κ

2011 2519 2085 2590 pti
2154 2517 2529 2587 promovendo
2577 2516 2886 2583 successui,
2942 2516 3185 2573 decrevit
3244 2518 3594 2576 Andronicus

2010 2611 2310 2667 exercitum
2340 2611 2448 2665 alio
2504 2619 2772 2681 praetextu
2826 2611 2880 2665 in
2932 2611 3202 2667 Occiduos
3245 2620 3455 2668 tractus
3507 2614 3598 2668 iti-

2012 2718 2146 2757 nere
2188 2703 2441 2757 terrestri
2471 2705 2711 2768 mittere,
2761 2704 3053 2774 praeposito
3082 2703 3133 2757 ei
3196 2720 3412 2759 summo
3455 2708 3596 2761 duce

2011 2794 2441 2863 protovestiario
2466 2793 2862 2862 Tarchantota,
2906 2811 3073 2864 quem
3094 2796 3268 2865 jussit
3320 2813 3496 2867 usque
3524 2801 3591 2854 ad

2014 2884 2414 2953 Demetriadem
2448 2901 2572 2940 cum
2609 2887 2785 2956 copiis
2821 2886 3437 2967 progredi,.hcllumque
3470 2891 3595 2946 illic

2011 2977 2215 3034 ducere
2243 2980 2569 3049 occupando
2590 2988 2854 3050 quantum
2883 2989 3151 3037 terrarum
3182 2994 3365 3052 posset
3385 3000 3448 3040 ac
3475 3002 3593 3039 ma-

2010 3085 2121 3126 nus
2164 3071 2411 3127 hostium
2469 3072 2659 3127 obvias
2714 3072 3019 3139 fundendo,
3060 3074 3412 3144 interimque,
3445 3077 3594 3146 quod

2015 3178 2278 3218 arcanum
2306 3172 2363 3218 et
2427 3167 2765 3235 praecipuum
2804 3165 3340 3231 destinatum-erat,
3404 3184 3597 3238 exspo-

2013 3254 2215 3313 ctando
2276 3254 2405 3311 dum
2456 3256 2818 3327 eaptumdolo
2842 3256 3166 3315 Michaelem
3209 3260 3388 3326 Anna,
3436 3260 3595 3330 juxta

2012 3349 2292 3421 condicta,
2334 3349 2438 3418 ipsi
2475 3353 2893 3407 transmitteret.
2934 3350 3029 3407 [iis
3059 3351 3115 3406 in
3173 3353 3318 3408 hunc
3368 3355 3593 3409 modum

2011 3440 2151 3494 clam
2176 3441 2520 3503 constitutis,
2571 3441 2869 3511 imperator
2927 3440 3143 3496 Annam
3202 3442 3593 3513 primumcum

2015 3544 2149 3601 pace
2175 3539 2230 3585 et
2261 3531 2468 3585 honore
2492 3530 2704 3586 dimisit
2732 3548 2748 3598 ;
2808 3547 2874 3586 ac
2908 3548 3068 3602 quem
3102 3543 3226 3603 pest
3273 3534 3422 3590 illam
3456 3536 3594 3590 mit-

2014 3638 2129 3684 tere
2166 3630 2657 3701 protovestiarinm
2727 3633 2976 3701 parabat,
3018 3650 3148 3707 quo
3203 3636 3424 3703 penitus
3485 3635 3593 3692 sibi

2012 3720 2167 3791 prius
2198 3721 2513 3781 devincirct
2542 3730 2710 3793 atque
2736 3725 2803 3779 ad
2837 3723 3073 3779 ﬁdeliter
3102 3733 3435 3796 strenueque
3473 3742 3590 3785 rem

2012 3810 2308 3879 gerendam
2374 3819 2535 3863 tanto
2583 3810 2791 3865 certius
2859 3811 3257 3880 obstringeret,
3301 3813 3592 3883 exquisitis

2011 3901 2195 3956 omnis
2224 3902 2442 3971 generis
2477 3902 2656 3956 aﬂ'ecit
2680 3902 3004 3970 honoribus,
3040 3904 3177 3957 adeo
3212 3918 3264 3958 ut
3301 3904 3417 3974 ipsa
3450 3920 3591 3973 quo-

2012 4009 2117 4063 que
2151 4008 2210 4049 se
2249 3994 2402 4048 illum
2438 3994 2832 4063 insigniturnm
2874 3994 3108 4049 Caesaris
3140 3996 3406 4065 dignitate
3435 3997 3594 4067 pol=i-

2011 4096 2251 4139 ceretur.
2288 4085 2445 4150 Quod
2468 4086 2517 4139 is
2567 4085 2799 4140 audiens
2838 4088 3081 4145 modeste
3123 4089 3371 4158 reposuit
3406 4090 3495 4145 vix
3529 4105 3593 4146 se

2008 4177 2229 4245 quidem
2297 4193 2536 4246 unquam
2601 4177 2697 4229 tali
2745 4176 2972 4245 dignum
3026 4177 3257 4247 fastigio
3292 4179 3588 4237 futurum;

2010 4277 2269 4323 caeterum
2323 4277 2436 4322 tum
2475 4266 2655 4321 minus
2699 4267 3155 4323 iuconvenienter
3208 4279 3359 4337 tanta
3395 4289 3589 4330 cumu-

2012 4345 2232 4423 landum
2263 4360 2463 4432 εἱστία,
2497 4376 2623 4416 cum
2653 4361 2803 4416 edito
2829 4361 3015 4432 aliquo
3055 4362 3109 4416 in
3137 4379 3395 4434 magnum
3426 4383 3585 4424 usum

2013 4438 2274 4513 Romanae
2317 4454 2396 4509 rei
2430 4453 2777 4511 memorabili
2849 4454 3093 4511 facinore
3141 4472 3472 4515 consecutus
3502 4461 3588 4515 fo-

294 4539 529 4605 quippe
559 4551 623 4589 ex
648 4537 881 4606 Eulogia
905 4547 1047 4595 natae
1078 4540 1252 4607 patris
1279 4540 1391 4615 68
1422 4541 1507 4593 sui
1543 4556 1753 4595 sorore.
1794 4526 1905 4597 Nec
1938 4550 1981 4603 Ι)
2011 4555 2114 4610 ret,
2145 4558 2205 4600 ut
2238 4562 2347 4603 non
2381 4546 2552 4612 gratis
2582 4547 2677 4601 sed
2727 4546 2782 4600 in
2809 4547 3097 4618 prarmium
3163 4562 3378 4606 navatae
3409 4568 3589 4623 opem.-

291 4634 477 4683 Anna
502 4636 758 4682 cunctata
778 4634 865 4683 est
890 4629 1133 4683 animum
1186 4640 1240 4684 et
1289 4633 1534 4687 studiqu
1600 4648 1909 4689 accommo-

292 4724 455 4776 dare
487 4720 635 4775 votis
696 4719 1068 4790 imperatoris.
1123 4708 1407 4791 Reputans
1455 4723 1600 4779 enim
1657 4726 1909 4781 securius

292 4814 809 4884 qumstttosiusque
838 4812 944 4866 sibi
975 4811 1092 4866 fore
1131 4812 1369 4883 Augusti
1402 4817 1695 4886 propinqui
1723 4817 1910 4872 deme-

292 4906 410 4959 reri
456 4904 699 4972 gratiam
734 4904 1087 4970 coopvrando
1117 4904 1182 4957 ad
1231 4892 1641 4974 depressionem
1706 4907 1907 4963 ferocis

292 4994 705 5049 adolescentis
743 5008 775 5049 e
815 4995 921 5047 viri
952 4995 1039 5049 sui
1074 4993 1245 5051 fratre
1276 5000 1448 5050 notho
1469 4998 1664 5066 geniti,
1689 5015 1717 5052 a
1742 5001 1904 5068 cujus

2012 4642 2068 4697 in
2094 4659 2218 4697 eum
2259 4645 2472 4721 apicem
2513 4645 2688 4700 videri
2755 4659 2979 4702 evectus
3020 4659 3225 4715 posset.
3261 4648 3393 4714 Quae
3422 4664 3588 4719 porro

2010 4744 2169 4809 erant
2205 4736 2493 4806 procimto
2520 4738 2588 4793 ad
2616 4739 2758 4795 hanc
2772 4741 3182 4809 expeditionem
3207 4741 3590 4797 Tarelmniota:

2012 4829 2327 4882 necessario
2356 4833 2712 4901 numeranda:
2769 4834 3040 4903 pecuniae.
3097 4849 3194 4889 eas
3219 4836 3455 4903 petierat
3496 4836 3589 4890 ille

2010 4906 2233 4988 quidem
2271 4923 2586 4995 exrpublico
2626 4927 2807 4994 promi
2850 4928 3068 4993 aerario,
3124 4931 3588 4997 quemadmodum

2008 5012 2150 5080 apud
2188 5027 2325 5067 suos
2354 5013 2558 5070 deinde
2604 5016 2909 5074 familiares
2930 5018 3217 5075 allirmavit
3249 5039 3263 5078 :
3301 5036 3488 5077 verum
3519 5023 3589 5078 iis

284 5099 342 5142 et
370 5090 509 5157 ipsa
545 5084 812 5155 pracipiti
855 5094 1054 5140 natura
1080 5087 1284 5140 malum
1314 5088 1631 5157 impendere
1664 5089 1768 5144 sibi
1802 5105 1904 5146 nec

282 5179 595 5233 modicum
618 5191 720 5231 nec
745 5179 902 5248 longe
931 5177 1304 5233 diﬂ‘erendum
1339 5181 1701 5251 intelligebat,
1735 5198 1900 5253 quam

286 5269 502 5341 potuit
545 5271 1067 5323 asseverantissinte
1093 5270 1161 5322 ad
1198 5271 1358 5324 ﬁdem
1410 5272 1665 5341 promissi
1699 5273 1903 5328 facien—

280 5365 428 5417 dam
471 5360 798 5415 Andronico
821 5361 1173 5416 conﬁrmavit
1208 5363 1459 5417 daturam
1492 5378 1615 5419 sese
1640 5380 1741 5434 pro
1765 5368 1901 5422 viri-

279 5456 396 5509 bus
442 5466 702 5520 nperam,
743 5464 797 5507 et
848 5452 915 5505 ad
965 5452 1018 5507 id
1069 5452 1274 5507 ﬁducia
1324 5469 1485 5524 quam
1546 5460 1897 5515 necessitudo

289 5545 616 5601 aﬂinitatis
672 5543 777 5599 sibi
833 5559 964 5612 erga
1008 5554 1198 5599 natum
1257 5560 1322 5600 ex
1396 5538 1663 5618 germano
1715 5553 1899 5607 mariti

282 5639 380 5693 sui
416 5636 723 5700 tribueret,
770 5638 966 5737 perite:
996 5652 1248 5702 usuram,
1300 5648 1361 5692 ut
1386 5728 1397 5737 -
1421 5640 1615 5696 cailide
1651 5643 1894 5699 circum-
1994 5652 2265 5719 parcitum
2309 5655 2477 5723 plebi,
2514 5659 2723 5725 reiecto
2755 5662 2812 5716 in
2860 5636 3118 5733 proceres
3149 5666 3275 5721 talis
3302 5636 3587 5737 vectigalis

279 5738 531 5797 ventum
582 5736 900 5795 suspeetqu
933 5725 1189 5796 iuvenem
1223 5740 1276 5781 et
1306 5728 1588 5785 redactum
1639 5732 1692 5786 in
1744 5744 1895 5807 pote—
1993 5758 2181 5800 onere.
2207 5745 2479 5803 Cancrum
2522 5761 2715 5807 contra
2763 5725 2994 5825 contigit
3031 5775 3044 5811 :
3092 5773 3218 5813 nam
3248 5725 3589 5821 sumundum

283 5831 508 5875 statem
547 5825 665 5871 tuto
705 5821 770 5874 ad
804 5818 1199 5888 imperatorem
1229 5820 1491 5876 mitteret.
1531 5823 1710 5895 Hujus
1741 5825 1889 5881 ince-
1992 5831 2230 5901 quisque
2280 5848 2380 5903 pro
2440 5848 2714 5919 potestate
2771 5859 2801 5897 a
2866 5818 2974 5900 sibi
3032 5847 3269 5905 subditis
3314 5818 3590 5922 εχριηρεέξι

2004 5104 2207 5172 quibus
2260 5115 2393 5162 tunc
2418 5108 2720 5179 imperator
2772 5113 2891 5185 :69
2943 5115 3201 5170 utebatur
3252 5116 3590 5174 consiliariis

2002 5198 2178 5263 satius
2231 5199 2408 5254 visunt
2466 5216 2584 5257 eam
2647 5219 2920 5262 summam
2974 5222 3040 5262 ex
3103 5223 3244 5264 nova
3295 5210 3590 5267 collatione

2002 5292 2296 5346 coniicere.
2333 5292 2585 5348 Edictum
2628 5291 2758 5367 ergo
2788 5308 2874 5353 est
2908 5308 2968 5352 ut
2996 5301 3312 5373 quicunque
3369 5305 3589 5373 pensio-

2001 5394 2099 5434 nes
2131 5394 2343 5436 annuas
2381 5397 2412 5437 e
2438 5383 2574 5438 ﬁsco
2615 5386 2953 5458 acciperent,
3003 5407 3195 5447 earum
3259 5395 3585 5462 pensionum

2005 5471 2279 5527 decimam
2310 5476 2364 5529 in
2402 5476 2564 5546 hujus
2602 5480 2882 5536 exercitus
2915 5495 3194 5553 sumptum
3248 5487 3586 5542 conferrent.

1998 5562 2160 5636 Quod
2191 5568 2532 5627 cumstatim
2562 5577 2714 5625 esset
2744 5580 3020 5640 exactum,
3059 5575 3348 5631 videbatur
3363 5577 3587 5639 quidem
