4094 6450
519 437 586 501 79
1681 431 2010 494 GEORGII
2051 430 2536 496 PACHYMER/E
2606 486 2617 501 ,
3725 426 3799 489 8’)

518 570 586 607 τα
620 550 798 604 λαῦὼν
835 551 863 603 ὁ
897 550 1386 620 πρωτοϐεστιάριος
1416 546 1531 614 ἅμα
1566 546 1843 608 πλείσταις
1873 546 2108 615 δυνάμει
2145 555 2180 609 Α
2213 538 2286 597 ὧν
2313 547 2536 599 ἐκείνων
2580 546 2676 612 μὲν
2702 543 2768 598 cit
2813 543 2941 614 τέλη
2982 542 3059 613 τῷ
3096 543 3343 614 δημοσίῳ
3367 543 3598 615 ταμιείῳ
3625 561 3795 598 κατα-

522 662 604 696 σιν
635 643 728 696 ἐπὶ
776 642 1151 713 Δημητριάδος
1177 642 1269 693 καὶ
1315 638 1422 693 τῶν
1454 640 1570 691 ἐκεῖ
1610 639 1820 709 ταχέως
1851 637 2095 707 ἐξώρμα,

522 734 656 805 πεζῇ
683 735 779 796 τὰς
817 734 1073 820 δυνάμεις
1101 735 1272 799 ἀγων.

520 853 632 912 κς’.
679 848 806 903 Ὀτι
836 852 893 902 al
943 846 1355 970 τριήρειςθτῆς
1413 843 1731 914 Ῥωματδος
1766 842 2103 912 κατημελή·

1245 934 1425 970 ησαν.

1245 934 1425 981 ησαν.

588 1011 663 1063 Τὸ
701 1010 755 1063 δὲ
786 1009 1039 1062 ναυτικὸν
1074 1008 1159 1079 [Ρ.
1200 1008 1293 1079 45]
1320 1011 1347 1062 ὁ
1380 1008 1588 1061 ἐκείνου
1623 1006 1869 1077 γαμδρδς
1908 1004 2102 1059 Ῥαοὺλ

533 1100 767 1165 ’Δλέξιος
797 1097 922 1171 ἦγε,
957 1102 1083 1170 περί
1104 1090 1220 1153 ’που
1253 1102 1350 1163 τὰς
1378 1102 1703 1172 ὀγῗοήκοντα
1736 1102 1868 1163 ναῦς
1890 1118 1901 1130 ·
1937 1102 2101 1168 συνῆν

519 1192 566 1245 δ’
589 1193 739 1263 αὐτῷ
758 1195 846 1246 καὶ
876 1195 904 1246 ὁ
936 1193 1109 1261 μέγας
1140 1194 1616 1264 στρατοπεδάρχης
1636 1193 1959 1260 Συναδηνός.
1995 1193 2104 1244 Καὶ

523 1284 791 1352 χρήσιμον
825 1283 996 1335 ὲδὸκει
1030 1282 1097 1334 τά
1129 1282 1360 1353 μέγιστα
1394 1283 1514 1335 τότε
1549 1281 1800 1335 ναυτικὸν
1827 1283 1938 1343 τοῖς
1971 1280 2103 1334 Ῥω-

523 1374 696 1444 μαίων
724 1374 1066 1445 πράγμασιν,
1099 1376 1147 1427 εί
1169 1379 1261 1428 καὶ
1292 1374 1429 1443 μετά
1457 1374 1555 1444 τὴν
1588 1374 1937 1444 ὑποστροφὴν
1961 1372 2103 1426 οὕτω

518 1466 675 1530 δόξαν
705 1465 1064 1535 κατημελεῖτο
1085 1465 1158 1529 ὡς
1186 1465 1418 1537 ζημιοῦν
1443 1465 1603 1519 πλέον
1629 1466 1661 1537 ἢ
1694 1468 1934 1519 συνοῖσον
1964 1464 2104 1519 κατὰ

521 1556 764 1622 καιρούς.
834 1546 1156 1610 ’Υπενοείτο
1203 1561 1310 1630 γὰρ
1366 1558 1460 1611 καὶ
1493 1559 1686 1619 ταῦτα,
1725 1561 1817 1610 καὶ
1870 1558 2005 1625 πρὸς
2044 1556 2106 1609 τὸ

523 1650 799 1700 πιστεύειν
828 1644 969 1719 ἦσάν
987 1666 1131 1712 τινες
1166 1646 1246 1712 οἷς
1265 1650 1468 1719 ἤρεσκε
1495 1651 1553 1703 τὸ
1589 1648 1730 1702 οὕτω
1762 1650 2101 1720 πεπρᾶχθαι,

522 1739 598 1798 ὡς
623 1739 744 1791 ἐπεί
771 1756 834 1803 γε
886 1740 985 1809 τὴν
1005 1740 1334 1819 Ἐκκλησίαν
1370 1741 1428 1792 ὲν
1466 1741 1735 1810 ἀταραξία
1767 1742 2107 1809 καταστῆναι

519 1831 717 1899 ξυνέϐη
745 1831 1004 1901 βασιλέως
1034 1836 1390 1895 σπεύσαντος,
1435 1834 1543 1885 πᾶν
1571 1832 1819 1885 ἐντεῦθεν
1850 1833 2109 1900 πολέμιον

2208 638 2531 703 ϐαλλόντων,
2560 638 2857 708 χρημάτων
2872 639 3123 705 εὐπορεῖν
3148 638 3622 692 πολυόδάλλουσαν
3646 639 3795 707 βασι·

2206 730 2502 793 λείανθκαὶ
2528 730 2736 792 τούτοις
2790 730 2933 783 κατὰ
2987 729 3216 791 σπονδάς
3247 746 3304 781 τε
3359 730 3452 782 καὶ
3509 729 3793 794 συνθεσίας

2205 823 2412 874 ἀκονιτί
2446 820 2625 874 τεκαὶ
2654 822 3020 891 ἀπραγμόνως
3055 821 3332 891 διαφέρειν
3363 821 3429 873 τὰ
3460 821 3557 889 τῆς
3590 824 3791 891 ἀρχῆς.

2207 909 2376 963 Ταῦτ’
2403 913 2603 964 ἐκεῖνοι
2636 911 2914 975 πείθοντες
2964 911 3208 981 βασιλέα,
3250 912 3350 965 οὐκ
3400 913 3664 975 ἐνιδόντες
3693 916 3790 966 καὶ

2206 1002 2342 1072 πρὸς
2365 1001 2426 1054 τὸ
2458 1004 2743 1070 μεγαλεῖον
2769 1004 2868 1074 τῆς
2899 1005 3076 1074 ἀρχῆς
3114 1005 3220 1056 τῶν
3258 1004 3567 1073 Ῥωμαίων.
3593 1003 3667 1068 ὡς
3690 1006 3791 1075 οὐχ

2205 1095 2325 1155 οἵας
2358 1093 2406 1145 τ’
2441 1092 2610 1164 οῦσης
2644 1094 2884 1163 ἀρχῆθεν
2915 1098 3025 1158 τοῖς
3077 1095 3297 1158 οἰκείοις
3342 1094 3793 1163 ἐμμένειν,οάλλὰ

2209 1184 2413 1254 ζημίαν
2451 1185 2762 1255 ἡγουμένης
2799 1187 2850 1239 εί
2881 1186 2954 1257 μὴ
2997 1187 3091 1239 καὶ
3131 1187 3263 1241 ἀλλα
3292 1186 3670 1255 προσλάϐοιτο,
3697 1186 3792 1238 καὶ

2204 1279 2286 1329 ὅτι
2311 1278 2408 1346 τῆς
2440 1279 2851 1332 Κωνσταντίνου
2877 1278 3187 1349 κρατούσης
3212 1279 3305 1331 καὶ
3334 1280 3530 1348 νήσους
3555 1277 3790 1347 ἐχοὶσης

2206 1370 2447 1423 ἀδύνατα
2480 1370 2602 1440 δίχα
2648 1372 2919 1442 τριήρεων
2961 1370 3171 1440 ἄρχειν,
3203 1373 3295 1424 καὶ
3326 1370 3498 1424 ταῦτα
3530 1370 3625 1423 τοῦ
3653 1372 3790 1423 Ἰτα-

2205 1461 2358 1514 λικοῦ
2391 1464 2450 1529 ἐξ
2476 1463 2553 1517 ὃτι
2598 1464 2855 1533 πλείστης
2895 1464 3131 1532 κορύζης
3167 1464 3612 1534 ἀνεγηγερμένου
3651 1464 3789 1531 πρδς

2206 1554 2471 1623 ἀνάληψιν
2506 1549 2581 1609 ὧν
2606 1556 2733 1627 χθὲς
2765 1559 2856 1611 καὶ
2908 1558 3013 1627 πρδ
3043 1557 3231 1626 τρίτης
3265 1557 3487 1610 ἐκείνων
3524 1551 3665 1623 ἦσαν
3694 1556 3792 1607 καὶ

2208 1649 2272 1716 τῇ
2303 1648 2443 1718 ἀρχῇ
2481 1649 2589 1701 τῶν
2629 1646 2917 1717 Ῥωμαίων
2950 1651 3015 1701 ἐκ
3040 1647 3148 1701 τῶν
3178 1649 3446 1719 τριήρεων
3480 1648 3785 1717 προσεκτή-

2210 1735 2401 1803 οησαν.
2443 1738 2626 1790 Ταῦτα
2655 1737 2903 1807 βασιλεὺς
2941 1739 3039 1804 μὲν
3066 1739 3139 1801 ὡς
3171 1738 3314 1801 είκὸς
3364 1737 3629 1807 ξυνεώρα,
3666 1739 3789 1789 ἱκα-

2210 1828 2315 1891 νῶς
2344 1828 2481 1897 ἔχων
2507 1831 2599 1881 καὶ
2632 1830 2737 1897 πρ¹>
2765 1831 2862 1899 τῆς
2897 1833 2953 1893 ἐς
2979 1829 3125 1883 ἅπαν
3151 1829 3366 1899 ἡλικίας
3394 1829 3494 1898 τῆς
3534 1833 3591 1892 ὲς
3625 1828 3789 1908 μάλι-

522 1923 846 1992 συσταλῆναι
872 1924 994 1977 τότε
1030 1925 1122 1977 καὶ
1146 1926 1492 1996 ἀπρακτήσει
1522 1925 1617 1979 τοῦ
1656 1924 1792 1979 Θεοῦ
1825 1926 2092 1987 νεύοντος.
2128 1937 2170 1991 Β
2201 1935 2300 1972 στα
2332 1919 2615 1989 βασιλικῆς
2651 1921 2979 1991 ἐπιστήμης.
3009 1922 3101 1974 καὶ
3128 1921 3234 1974 τῶν
3258 1921 3394 1974 νεῶν
3420 1922 3592 1991 εἴχετο
3620 1938 3633 1950 ·
3668 1920 3787 1974 ἀλλ’

530 2016 770 2070 Ἐκεῖθεν
821 2016 877 2070 δὲ
913 2017 1002 2070 καί
1034 2034 1181 2080 τινες
1226 2017 1334 2071 τῶν
1379 2017 1676 2087 βασιλικῶν
1706 2017 1981 2087 ἀρχόντων
2004 2018 2097 2069 καὶ

521 2106 872 2178 βουληφόρων
938 2106 1131 2176 βουλὰς
1162 2108 1403 2177 εἰσῆγον,
1432 2108 1565 2161 πολὺ
1599 2107 1699 2177 μὲν
1735 2106 1795 2159 τὸ
1824 2107 2099 2177 ἀντερετι-

519 2198 613 2250 κὸν
645 2192 811 2262 εἶναι,
847 2199 980 2252 πολὺ
1014 2199 1071 2252 δὲ
1114 2199 1173 2251 τὸ
1207 2200 1345 2253 κατὰ
1375 2199 1469 2260 τὰς
1519 2199 1649 2261 ναῦς
1691 2198 2097 2269 μισθοφορικὸν,

520 2383 788 2444 quantum
840 2376 893 2428 iu
941 2375 994 2429 id
1052 2375 1375 2430 solvendum
1443 2375 1567 2429 fuit.
1630 2374 1882 2445 Magnum
1935 2374 2099 2444 igitur

506 2466 655 2521 inde
700 2474 1045 2520 contractum
1088 2467 1334 2537 pecuniae
1368 2482 1654 2522 numerum
1690 2465 1949 2521 auferens
1977 2480 2101 2535 pro-

525 2559 885 2615 tovestiarius
947 2575 1071 2612 cum
1128 2558 1438 2614 numerosis
1491 2557 1668 2626 coriis
1722 2557 1973 2612 celeriter
2032 2556 2098 2610 ad

522 2648 890 2706 Demetriadis
931 2649 1186 2703 viciniam
1222 2665 1279 2704 se
1310 2650 1561 2713 contulit,
1593 2658 1738 2703 terra
1796 2647 2097 2702 exercitum

462 2774 471 2791 ι
518 2745 753 2798 ducens.

656 2833 747 2889 26.
786 2831 853 2888 Ut
880 2839 1115 2887 triremes
1143 2831 1417 2888 Romaidis
1458 2833 1705 2904 neglecta:
1735 2832 1953 2901 fuerint.

594 2924 1154 2995 Negligebaturenim
1218 2923 1437 2988 classis,
1495 2940 1600 2995 qua
1635 2938 1835 2979 cursus
1881 2923 1935 2978 in
2006 2939 2100 2977 eas

522 3024 708 3087 partes
739 3014 852 3070 ﬁeri
885 3012 1172 3069 commode
1204 3022 1479 3084 potuerat.
1537 3015 1775 3069 Praeerat
1824 3014 1902 3068 illi
1953 3014 2102 3084 ejus-

516 3112 640 3164 dem
677 3109 1061 3164 Tarchaniotaz
1109 3124 1278 3179 gener
1322 3107 1548 3163 Alexius
1604 3107 1765 3173 Baul,
1827 3109 2099 3176 octoginta

516 3204 734 3260 circiter
767 3217 934 3257 naves
974 3200 1205 3254 habens.
1243 3202 1379 3254 (tum
1411 3201 1515 3254 hoc
1541 3208 1664 3253 erat
1703 3214 1931 3268 magnus
1961 3213 2099 3269 quo-

2202 2010 2353 2063 ἐνίκα
2378 2011 2434 2062 τδ
2473 2012 2761 2081 μόρσιμον,
2798 2015 2891 2065 καὶ
2922 2017 3033 2075 τοῖς
3066 2013 3285 2080 λέγουσι
3317 2014 3524 2067 πείθειν
3553 2010 3640 2086 ἦν.
3679 2014 3792 2067 Καὶ

2202 2103 2263 2155 τὸ
2292 2104 2566 2171 εἰρηνικὸν
2618 2104 2675 2156 δὲ
2708 2104 2800 2158 τοῦ
2846 2107 3058 2175 καιροῦ,
3125 2108 3662 2177 συνυποκλινομένων
3693 2110 3794 2163 καὶ

2203 2197 2309 2249 τῶν
2331 2197 2533 2250 λοιπῶν
2564 2200 2865 2263 Βενετικοῖς
2893 2217 2949 2254 τε
3001 2200 3094 2254 καὶ
3124 2201 3486 2267 Γεννουῖταις,
3537 2202 3791 2257 ἐκποδὼν

2204 2388 2382 2434 tamen
2410 2380 2464 2433 in
2496 2379 2990 2457 deliberationibus
3024 2380 3091 2436 de
3141 2394 3362 2455 sumptu
3387 2400 3442 2439 tn
3492 2383 3793 2454 rempubli-

2207 2487 2328 2526 catn
2376 2473 2651 2536 faciendo,
2680 2474 2725 2529 si
2774 2475 2869 2544 qui
2904 2477 3305 2547 praecipuorum
3349 2477 3567 2548 imperii
3627 2478 3793 2532 mini-

2205 2571 2448 2617 strorum
2509 2567 2902 2622 commendare
2927 2584 2989 2623 se
3012 2570 3254 2639 prmidaa
3284 2571 3634 2641 parcimonia:
3657 2586 3788 2638 spe-

2204 2656 2291 2710 cie
2314 2654 2595 2722 volebant,
2624 2667 2736 2711 tum
2772 2660 3103 2728 pronissime
3123 2663 3447 2718 audirentur
3483 2678 3604 2718 cum
3638 2663 3792 2718 dice-

2206 2761 2327 2805 rent
2382 2764 2852 2821 supervacaneum
2884 2756 2951 2808 ali
2990 2771 3280 2810 numerum
3305 2757 3601 2826 remigum,
3640 2771 3792 2810 mer-

2203 2844 2335 2896 cede
2386 2845 2713 2899 conductam
2743 2844 2797 2900 in
2843 2862 3013 2901 naves
3066 2848 3320 2901 militiam
3367 2859 3680 2904 exterorum
3728 2847 3788 2902 in

2205 2938 2438 2992 nimiam
2474 2941 2794 2997 excrevisse
2849 2942 3280 2998 multitudinem.
3332 2943 3502 3011 Cujus
3546 2942 3789 3014 duplicis

2204 3042 2268 3097 ge
2294 3027 2420 3083 :etis
2450 3028 2759 3097 hominum,
2802 3031 2849 3086 si
2884 3032 3096 3101 priores
3127 3031 3347 3101 quidem
3379 3033 3687 3102 vectigalia,
3726 3041 3790 3088 ut

2205 3119 2390 3173 caeteri
2419 3136 2533 3174 suae
2582 3121 2768 3185 sortis,
2791 3123 2985 3176 aerario
3014 3122 3277 3193 imperata
3302 3123 3594 3186 solverent,
3615 3123 3667 3177 hi
3694 3139 3788 3178 ve-

2208 3225 2268 3262 ro
2294 3212 2642 3266 exauctorati
2669 3213 2858 3268 militia
2887 3228 3116 3283 gravare
3138 3214 3529 3284 rempublicam
3564 3215 3784 3285 impen-

513 3312 623 3366 que
668 3293 1119 3365 stratopedarcha
1152 3293 1495 3364 Synadenus.
1525 3292 1603 3345 Ac
1631 3306 1944 3363 quanquam
1970 3291 2105 3348 satis
2133 3274 2176 3331 ο
2212 3298 2305 3353 dio
2341 3299 2599 3370 stipendii
2632 3274 2965 3368 desinerent,
3015 3303 3131 3358 fore
3165 3274 3314 3359 haud
3346 3304 3507 3358 dubie
3527 3312 3586 3359 ut
3617 3274 3791 3359 li'scus

517 3387 817 3459 apparebat
855 3384 1152 3456 perutilcm
1206 3382 1468 3438 llomanis
1514 3381 1680 3437 rebus
1731 3395 1854 3437 esse
1896 3381 2104 3435 mariti-

516 3494 662 3532 mam
692 3479 1017 3547 potentiam,
1055 3487 1238 3530 tamen
1297 3482 1421 3544 post
1449 3475 1866 3529 conversionem
1914 3488 2097 3528 rerum

517 3584 645 3637 quae
676 3576 1000 3638 capessi-nte
1048 3567 1261 3636 imperii
1302 3566 1543 3621 habenas
1595 3564 1917 3620 Andronico
1962 3564 2101 3619 facta

511 3670 619 3726 est,
682 3675 744 3714 ea
812 3661 994 3714 curari
1048 3659 1378 3713 oscitantius
1430 3666 1692 3727 (mperat,
1762 3656 2102 3727 praevalenti-

511 3756 615 3811 bus
642 3755 893 3811 consiliis
932 3755 1278 3825 opinantium
1318 3764 1467 3808 recte
1520 3752 1783 3807 lucriﬁeri
1818 3760 2096 3821 sumptum

513 3849 681 3902 istum
710 3863 895 3916 posse,
925 3846 1072 3917 quod
1114 3847 1236 3915 plus
1280 3845 1493 3909 damni,
1529 3853 1587 3899 ut
1640 3843 1880 3903 aiebant,
1933 3856 2094 3911 quam

511 3940 784 3994 commodi
812 3954 877 3994 ex
915 3939 1206 3995 instructis
1247 3939 1497 4007 impensa
1552 3936 1790 3989 maxima
1824 3934 2096 3990 classibus
2147 3938 2151 3942 ’

511 4031 832 4103 reipublicae
862 4031 1196 4101 proveniret.
1243 4029 1569 4099 Allegabant
1609 4027 1677 4082 ad
1736 4028 1841 4084 hoc
1871 4042 2096 4098 persua-

511 4125 751 4179 dendum
800 4139 911 4177 non
953 4130 1274 4192 argumenta
1325 4121 1403 4176 illi
1437 4121 1657 4190 quidem
1694 4122 1833 4176 satis
1889 4119 2091 4183 valida,

510 4196 683 4271 ac‘nc
712 4216 1050 4271 verisimiles
1091 4215 1315 4284 quidem
1363 4214 1739 4283 conjecturas,
1782 4214 1878 4269 sed
1910 4211 2092 4281 suspi-

473 4303 477 4306 ’
508 4308 699 4363 ciones
732 4304 847 4361 fere
877 4321 1077 4362 meras.
1105 4305 1312 4359 Tamen
1371 4306 1485 4359 haec
1518 4304 1709 4374 pronis
1740 4303 2092 4373 accipieban-

508 4411 587 4453 tut
630 4398 883 4464 auribus,
921 4398 1146 4467 etquod
1179 4397 1369 4452 deerat
1407 4396 1877 4451 verisimilitudini
1922 4395 2092 4449 ratio-

2210 3390 2498 3460 tnultiplici
2535 3393 2777 3448 refectus
2843 3393 2968 3447 hinc
3004 3395 3132 3449 inde
3180 3405 3426 3466 sumptu,
3464 3410 3565 3450 nec
3616 3395 3790 3463 largis

2204 3484 2623 3551 erogationibus
2651 3485 2977 3549 exhaustus,
3012 3487 3315 3541 abundaret
3366 3485 3620 3556 pecunia,
3677 3501 3789 3556 qua

2204 3575 2380 3643 perite
2405 3576 2661 3646 princeps
2692 3589 2852 3635 utens
2878 3578 3038 3635 facile
3068 3582 3253 3634 hostes
3276 3592 3614 3647 exarmaret,
3672 3591 3792 3635 sta-

2202 3661 2493 3732 biliretque
2516 3679 2775 3719 securum
2822 3667 2992 3720 otium
3056 3667 3292 3722 subditis
3333 3668 3469 3721 citra
3500 3668 3785 3738 pulverem

2200 3768 2265 3809 ac
2296 3769 2554 3823 pugnam,
2576 3758 2939 3812 conciliandis
2981 3760 3279 3828 prudenter
3313 3760 3789 3815 conventionihus

2199 3857 2265 3897 ac
2292 3846 2493 3912 pactis,
2527 3846 2729 3914 quibus
2758 3848 2966 3903 certius
2994 3864 3158 3917 quam
3188 3849 3435 3904 victoriis
3467 3852 3695 3920 strepitu
3719 3865 3792 3906 ac

2198 3933 2518 3992 discrimine
2545 3939 2792 4008 quaesitis
2825 3940 2978 3997 salus
3014 3941 3283 4012 quiesque
3319 3942 3553 4012 publica,
3611 3959 3794 4013 quau-

2198 4040 2310 4082 tum
2346 4028 2412 4083 ad
2453 4029 2666 4085 felicem
2700 4032 2915 4102 imperii
2984 4047 3207 4087 cursum
3263 4036 3561 4103 optandum
3612 4043 3790 4100 esset,

2196 4121 2540 4176 lirtrarctur.
2578 4121 2731 4177 Talia
2770 4124 3015 4179 cunristi
3043 4124 3539 4195 disputarent,non
3597 4126 3790 4181 statim

2203 4212 2427 4284 quidem
2462 4215 2769 4284 probabant
2801 4216 3163 4284 Andronico;
3195 4217 3287 4287 qui
3319 4228 3368 4272 et
3396 4235 3497 4274 usu
3521 4219 3630 4287 jam
3651 4236 3798 4289 quo-

2193 4306 2318 4359 dam
2372 4307 2735 4375 principatus,
2760 4317 2815 4362 et
2860 4309 3043 4364 indole
3073 4324 3170 4379 pro
3213 4318 3376 4364 aetate
3405 4311 3664 4381 regnandi
3695 4326 3801 4365 ar-

2192 4396 2330 4451 tium
2352 4399 2564 4468 capaci,
2593 4399 2780 4453 animo
2804 4412 3067 4470 praeterea
3093 4401 3280 4472 gloriae
3295 4401 3461 4458 avido
3482 4417 3547 4457 ac
3564 4417 3797 4460 servare

507 4506 665 4553 num,
693 4491 874 4545 studia
905 4491 1270 4561 gratiosorum
1298 4488 1442 4559 apud
1471 4490 1778 4558 Augustum
1810 4499 1867 4544 et
1892 4488 2100 4544 volun»
2193 4485 2466 4542 illibatum
2497 4488 2728 4559 imperio
2767 4489 3016 4545 Romano
3059 4507 3219 4545 suum
3269 4492 3555 4562 antiquum
3595 4493 3796 4561 decus,

510 4593 653 4637 tates
674 4583 895 4659 proprio
930 4581 1117 4636 istlntc
1168 4581 1575 4650 propendentes
1607 4581 1813 4650 impetu
1869 4580 2090 4650 supple—
2122 4615 2167 4673 υ
2194 4586 2357 4648 prout
2387 4590 2593 4649 posset,
2628 4593 2797 4644 certo,
2826 4581 2960 4637 satis
2989 4584 3179 4653 utique
3205 4582 3474 4639 sentiebat
3502 4584 3567 4637 ad
3606 4586 3800 4654 splen-

508 4679 664 4731 bant.
698 4675 943 4741 Quorum
974 4676 1142 4729 etiam
1200 4673 1528 4727 audiebatur
1575 4672 1771 4737 oratio,
1825 4687 1890 4727 ex
1952 4670 2091 4725 actis

510 4764 884 4837 imperatoris,
917 4773 973 4818 cl.
1037 4763 1393 4820 contentione
1436 4777 1543 4835 qua
1594 4763 1662 4817 ad
1697 4777 1785 4818 res
1835 4762 2099 4817 Ecclesiae

511 4855 929 4925 t-mnponcndas
983 4854 1351 4921 incumberet,
1417 4855 1807 4924 augurantium
1843 4853 2094 4908 inutilem

515 4946 780 5015 deinceps
816 4947 1051 5001 classem
1084 4948 1220 5012 fore,
1259 4945 1368 5001 Deo
1419 4946 1502 5001 sic
1532 4945 1787 5002 videlicet
1842 4960 2098 5002 remune-

516 5048 707 5093 raturo
742 5039 917 5092 zelum
947 5039 1052 5095 sibi
1087 5051 1299 5110 gratum
1333 5038 1618 5109 principis,
1654 5039 2009 5094 restituendis
2044 5038 2098 5092 in

518 5132 789 5198 integrum
812 5129 1062 5200 religioni
1093 5138 1199 5183 tam
1228 5128 1466 5183 sollicite
1497 5129 1717 5192 intenti,
1738 5139 1800 5183 ut
1821 5139 1955 5183 nutu
1980 5129 2100 5195 ejus

517 5222 908 5289 disjicerentur
935 5237 1130 5277 omnes
1172 5221 1401 5276 infensa:
1447 5221 1764 5276 molitiones
1800 5220 2102 5291 'Opposita-

516 5328 639 5366 rum
664 5319 870 5367 nostrae
907 5314 1218 5368 continenti
1249 5313 1522 5383 gentium,
1554 5324 1609 5368 et
1634 5314 1781 5367 nulla
1812 5314 1879 5368 de
1902 5323 2101 5368 czrtvro

517 5403 602 5457 vis
629 5404 695 5456 ah
727 5403 799 5456 iis
829 5404 968 5457 foret
1003 5404 1313 5469 inferenda,
1354 5419 1517 5471 quam
1554 5404 1619 5457 ad
1673 5403 2099 5473 propulsandam

516 5511 676 5550 nsum
710 5497 917 5551 habere
956 5506 1180 5565 possent
1224 5496 1461 5565 aliquem
1499 5496 1671 5565 copia:
1706 5498 1945 5549 navales.
2007 5495 2103 5551 His

516 5585 697 5654 primo
734 5587 908 5656 magis
944 5602 1052 5641 non
1088 5587 1436 5657 reprehensis
1462 5603 1623 5657 quam
1684 5588 1951 5656 probatis,
2011 5589 2105 5642 de-

518 5675 645 5731 inde
678 5680 914 5746 quodam
947 5679 1109 5748 quasi
1148 5694 1412 5734 successu
1444 5678 1795 5749 impunitatis
1823 5680 2104 5735 increbre-

517 5769 815 5831 scentibus,
855 5770 1017 5827 tiebat
1060 5770 1248 5825 utctsi
1300 5770 1544 5824 nondum
1600 5770 1824 5839 publico
1874 5771 1983 5842 70
2010 5772 2105 5829 de-

516 5868 665 5915 creta
732 5862 968 5919 consilio
991 5863 1134 5919 foret
1189 5859 1441 5919 dimissio
1494 5862 1771 5918 exercitus
1806 5867 2098 5934 maritimi,

2199 4673 2386 4727 dorem
2410 4672 2733 4741 imperantis
2751 4673 2873 4729 orbi
2889 4675 3150 4741 civitatis,
3173 4692 3400 4736 necnon
3423 4681 3489 4736 ad
3515 4678 3802 4737 delensio-

2199 4777 2322 4816 nem
2341 4761 2649 4817 insularum
2670 4763 3008 4828 obiectarum
3027 4767 3341 4825 incursibus
3359 4772 3536 4843 gentis
3561 4772 3798 4838 Italica,

2199 4855 2399 4924 partim
2421 4855 2583 4910 avitis
2597 4855 2739 4911 odiis
2756 4859 2950 4925 partim
2984 4859 3067 4913 ira
3083 4864 3290 4918 recenti
3310 4880 3549 4935 curaque
3567 4880 3805 4937 recupe—

2200 4946 2358 5000 randi
2387 4962 2562 5015 nuper
2579 4946 2786 5004 amissa
2808 4949 2865 5003 in
2884 4960 3105 5008 nostras
3120 4968 3335 5024 semper
3354 4955 3582 5026 iniurias
3601 4973 3791 5014 arma-

2203 5050 2291 5101 tae,
2314 5039 2555 5095 maxime
2573 5050 2947 5112 opportunmn
2970 5060 3092 5101 esse
3117 5048 3433 5117 praesidium
3460 5051 3795 5108 triremium.

2202 5131 2406 5186 Tamen
2424 5134 2616 5188 nescio
2634 5150 2742 5204 quo
2755 5134 2863 5190 lato
2880 5138 3081 5193 sensim
3098 5142 3378 5209 praevaluit
3394 5153 3670 5216 utcunque
3682 5161 3799 5203 non

2204 5224 2471 5279 Creditum
2493 5241 2591 5280 nec
2612 5227 2786 5281 lirmis
2810 5228 2998 5283 nixum
3025 5233 3332 5289 rationibus
3360 5237 3675 5303 consilium,
3693 5255 3799 5294 seu

2204 5315 2258 5369 di
2276 5350 2282 5361 η
2299 5316 2401 5369 ina:
2422 5316 2788 5375 Proridentie
2813 5325 3122 5391 deprimere
3147 5342 3231 5382 res
3264 5342 3486 5384 nosuas
3505 5333 3803 5388 statuentis

2206 5412 2285 5462 vis
2316 5410 2691 5467 ineluctabilis
2728 5418 2841 5469 haec
2875 5416 2999 5482 fuit,
3024 5434 3117 5473 seu
3140 5421 3409 5491 principis
3436 5434 3489 5478 et
3524 5427 3808 5497 principa-

2206 5508 2295 5554 tus
2323 5501 2704 5558 ministrorum
2776 5507 2973 5575 supine
3020 5502 3358 5566 indormiéns
3384 5513 3598 5569 ﬁducia:
3662 5532 3806 5586 prac-

2206 5591 2380 5644 sentis
2408 5599 2670 5663 tanquam
2705 5596 2985 5653 duratura:
3013 5601 3067 5653 iu
3093 5617 3268 5675 terum
3298 5619 3462 5660 omne
3492 5602 3647 5675 pacis
3698 5607 3807 5662 itu-

2205 5680 2429 5748 provida
2447 5686 2694 5752 quaedam
2726 5699 2779 5742 et
2810 5690 3072 5756 gravibus
3095 5691 3225 5746 olim
3247 5694 3444 5750 luenda
3464 5697 3683 5752 damnis
3710 5715 3805 5752 so-

2206 5775 2414 5830 cordia.
2438 5774 2706 5833 Videbam
2726 5788 2855 5837 tunc
2875 5768 3130 5838 nitnirum
3149 5788 3385 5845 obnoxie
3402 5791 3683 5859 quiescere
3702 5793 3809 5846 La-

2209 5869 2385 5924 tinum
2415 5885 2579 5926 omne
2613 5886 2835 5941 nomen,
2864 5890 2965 5931 nec
2991 5892 3322 5951 quemquam
3351 5898 3413 5939 ex
3446 5881 3598 5938 Italis
3624 5884 3801 5955 magis
