4094 6426
321 432 387 499 81
668 470 673 471 ί
1265 435 1361 495 DE
1401 434 1848 497 ANDRDNICO
1888 435 2346 497 PAUEOLOGO
2385 434 2530 495 LIB.
2580 433 2630 490 ῐ.

3506 429 3641 491 82.

322 541 552 613 μάλιστα
590 539 687 595 καὶ
744 541 839 594 τοῦ
876 538 1155 611 Καρούλου
1211 543 1504 611 γενομένου
1532 586 1548 611 ,
1589 544 1895 597 εὐδιάθετον
1928 547 1970 601 Α
1998 547 2120 616 διχῆ
2143 563 2199 598 τε
2238 542 2692 616 περιταφρεῦσαι,
2727 540 2819 592 καὶ
2851 537 2996 607 ὕδωρ
3024 538 3084 589 ὲκ
3132 538 3411 607 θαλάσσης
3441 539 3583 591 ὲ.νεῖ-

318 634 419 703 τὴν
439 632 665 702 γνώμην
698 632 890 689 ἐτίθει.
923 633 985 685 Oi
1020 633 1117 703 μὲν
1147 629 1239 687 οῦν
1266 634 1364 696 τὰς
1396 635 1529 699 ναῦς
1581 636 1901 705 παριδόντες

321 723 520 791 ἐνῆκαν
551 722 792 782 ἐκείναις
840 722 1028 792 χρόνον
1080 724 1263 776 ἱκανὸν
1328 724 1419 778 καὶ
1452 726 1611 794 μόνον
1660 726 1782 793 δίχα
1806 726 1901 776 τοῦ

324 814 713 883 συνεργοῦντος
737 813 816 878 εἰς
848 813 1050 883 φθοράν
1070 815 1437 887 λογιζόμενον.
1473 818 1545 870 Τὸ
1566 817 1621 870 δὲ
1654 819 1747 870 ἐπὶ
1768 816 1902 870 ταύο

320 922 442 965 ταις
489 906 935 974 ἀποτεταγμένον
986 908 1374 975 στρατιωτικόν
1427 925 1486 960 τε
1536 910 1630 961 καὶ
1667 910 1903 979 μάχιμον

320 997 455 1067 παρ’
485 996 637 1049 οὐδὲν
664 996 903 1066 ἔχοντες,
936 1000 1050 1060 τοῖς
1081 998 1182 1065 μὲν
1233 997 1534 1068 βαναύσους
1579 1000 1774 1069 τέχνας
1802 1016 1901 1068 μεο

318 1086 653 1157 ταχειρίζειν
684 1089 898 1157 ἐφῆκαν
929 1089 1007 1151 είς
1038 1089 1407 1160 ἀποστροφὴν,
1438 1091 1609 1160 ὁπόση
1640 1108 1721 1153 τις
1755 1091 1903 1143 ἐκεῖ·

320 1179 416 1232 θεν
443 1179 643 1248 δυνατὴ
672 1174 762 1248 ἧν,
790 1181 903 1242 τοῖς
932 1179 988 1233 δὲ
1025 1182 1118 1232 καὶ
1147 1180 1467 1250 αὐτομολεῖν
1495 1184 1610 1245 τοῖς
1658 1181 1896 1251 ἐχθροῖς,
1931 1183 1939 1190 ’

320 1268 410 1342 ίΡ.
448 1269 537 1341 ιιι
588 1269 728 1323 ὥστε
785 1270 980 1341 σύναμ’
1008 1271 1234 1334 ἐκείνοις
1268 1273 1543 1342 πειρατῶν
1589 1272 1777 1344 τρόπῳ
1807 1272 1904 1342 τὴν

335 1360 628 1430 Ῥωμαίων
677 1363 900 1414 κακοῦν.
952 1361 1083 1413 Τότε
1129 1362 1188 1415 δὲ
1248 1361 1343 1415 τοῦ
1405 1362 1904 1433 πρωτοσεστιαρίου

320 1452 665 1524 ὲξορμῶντος
691 1452 826 1506 πολύ
854 1469 908 1506 τι
936 1453 1137 1524 πλῆθος
1166 1453 1352 1508 εἵπετο
1402 1454 1498 1508 ἰπὶ
1535 1454 1761 1517 δύσεως.
1795 1454 1908 1507 Kal.

317 1543 390 1612 δὴ
419 1542 745 1612 προσϐαλὼν
789 1545 1130 1614 Δημητριάδι
1159 1546 1279 1597 ἐκεῖ
1307 1545 1594 1600 συνέταττε
1626 1545 1725 1609 τὰς
1747 1544 1910 1600 δυνά-

322 1651 475 1705 μεις,
497 1633 593 1697 οὓς
629 1634 725 1704 μὲν
754 1635 990 1704 πέμπων
1015 1637 1096 1697 είς
1125 1636 1298 1690 σκῦλα
1319 1639 1413 1692 καὶ
1437 1636 1719 1708 ἁρπαγὰς,
1749 1633 1829 1700 οἷς
1858 1636 1908 1691 δ’

322 1724 424 1776 επὶ
462 1722 822 1793 ἀνοικοδομὴν
883 1723 993 1777 τῶν
1037 1725 1154 1778 ἐκεῖ
1199 1716 1481 1796 χρώμενος
1532 1727 1906 1796 πολισμάτων,

321 1815 760 1886 ἀπσκαραδοκῶν
796 1822 888 1871 καὶ
913 1818 1013 1889 τὴν
1063 1819 1160 1888 τῆς
1216 1819 1531 1891 βασιλίσσης
1562 1820 1762 1890 πρᾶξιν
1814 1819 1907 1873 ἐπὶ

2008 654 2093 689 ναι
2126 638 2246 697 ταῖς
2275 635 2521 704 τάφροις,
2555 632 2649 684 καὶ
2684 629 2855 692 οὕτως
2891 629 3084 699 ἀνέδην
3115 629 3233 682 κατ’
3260 628 3441 694 ὀλίγον
3473 628 3592 682 κτί-

2007 724 2167 788 ζοντα
2214 724 2517 793 ἀνεγείρειν
2550 721 2718 784 λίθοις
2744 720 2806 773 τὸ
2835 720 3101 787 πόλισμα.
3143 720 3242 773 Διά
3284 719 3457 773 ταῦτα
3491 718 3589 772 καὶ

2005 817 2206 886 ἀνοχὰς
2252 817 2509 879 ἐποιεῖτο,
2561 815 2653 868 καὶ
2688 813 2889 885 ἀεργὸς
2938 813 3073 884 πρὸς
3102 814 3225 877 τοὺς
3257 813 3589 888 ἀντιπάλους

2008 910 2285 978 ἐφαίνετο.

2005 1019 2109 1088 κζ’.
2147 1021 2287 1092 Περὶ
2329 1021 2432 1076 τοῦ
2466 1019 3025 1092 πρωτοόξεστισρίοιξ,
3074 1018 3175 1071 καὶ
3223 1018 3305 1092 ᾡς
3332 1018 3592 1086 ὕστερον

2261 1091 2611 1160 κατωρθώθη
2643 1090 2715 1143 τὰ
2754 1089 2907 1143 κατὰ
2936 1089 3046 1142 τὸν
3070 1087 3334 1157 Μιχαὴλ.

2079 1181 2166 1254 [Ρ.
2195 1179 2291 1253 45]
2320 1181 2427 1234 Τοῦ
2474 1180 2606 1249 γοῦν
2655 1178 2848 1249 καιροῦ
2878 1177 3201 1249 τριϐομένου
3236 1179 3388 1240 νόσος
3421 1177 3590 1246 ἐμπί-

2008 1289 2130 1324 πτει
2167 1269 2244 1340 τῷ
2274 1269 2650 1342 στρατιωτικῷ
2706 1270 2899 1340 βαρεῖα
2936 1268 3114 1337 πάντη
3147 1271 3242 1322 καὶ
3291 1267 3592 1336 αὐτουργὸς

2007 1363 2120 1426 τοῖς
2146 1361 2359 1424 πολλοῖς
2407 1360 2670 1415 θανάτουο
2704 1359 2927 1430 βαρείας
2968 1361 3077 1428 γάρ
3106 1360 3295 1429 χεῖρας
3329 1359 3359 1410 ό
3400 1358 3592 1427 λοιμὸς

2008 1452 2239 1516 ἐκείνοις
2267 1452 2461 1523 ἐφῆκε,
2491 1456 2583 1505 καὶ
2616 1450 2974 1521 ἐπασσύτεροι
3000 1450 3285 1519 ἔθνησκον.
3326 1448 3492 1512 Τέλος
3530 1449 3589 1502 δὲ

2010 1543 2108 1600 καὶ
2146 1543 2306 1607 αὐτὸς
2338 1545 2368 1596 ό
2426 1542 2731 1613 στρατηγὸς
2767 1541 3261 1612 πρωτοϐεστιάριος
3312 1542 3475 1595 νόσου
3501 1540 3593 1608 γέ-

2009 1650 2133 1702 γονε
2165 1632 2563 1704 παρανάλωμα,
2593 1631 2887 1687 κάντεῦθεν
2922 1633 2970 1686 οι
3020 1630 3459 1699 περιλειφθέντες
3491 1646 3595 1699 μη-

2009 1726 2097 1780 δὲν
2122 1726 2231 1779 τῶν
2253 1724 2516 1795 γενναίων
2554 1724 2860 1795 πράξαντες
2899 1724 3352 1793 ὕπανεζεύγνυον.
3387 1722 3589 1775 ’Υστεο

2012 1834 2107 1888 ρον
2137 1817 2194 1872 δὲ
2221 1818 2358 1887 αὑτὴ
2381 1817 2502 1871 καθ’
2525 1815 2695 1885 αὐτὴν
2718 1817 2752 1886 ἡ
2781 1815 3067 1883 βασίλισσα
3092 1814 3309 1883 σύναμα
3336 1813 3414 1881 τῷ
3443 1813 3594 1881 ἀνδρὶ

321 1906 406 1975 τῷ
435 1905 643 1976 ἀνεψιῷ
696 1906 937 1976 Μιχαὴλ,
964 1907 1040 1970 ὡς
1068 1906 1336 1962 λέλεκται.
1368 1910 1476 1964 Καὶ
1500 1909 1717 1980 πρῶτον
1757 1909 1907 1978 αύτῷ
1940 1899 1980 1953 Β
2007 1907 2322 1978 Νικηφόρῳ,
2350 1907 2522 1970 δόλοις
2551 1906 2870 1968 ὑπελθόντες
2894 1907 2988 1959 καὶ
3006 1906 3190 1976 ὅρκοις
3211 1903 3593 1971 ἐξαπατήσαν-

322 2000 438 2053 τῶν
471 1998 651 2068 ἔργων
683 1997 914 2069 πύργοις
964 1999 1192 2063 ξυλίνοις
1236 2000 1550 2071 αὐθημερὸν
1603 2001 1685 2063 είς
1738 1998 1912 2053 εἴκοσι

329 2090 427 2146 καὶ
454 2092 727 2163 τέσσαρας
747 2107 913 2144 ποτου
920 2090 1098 2161 μένοις
1121 2083 1514 2159 ’περιϐαλέσθαι
1532 2090 1909 2162 Δημητριάδα,

330 2282 502 2338 quam
534 2263 774 2322 Venetos
805 2274 857 2320 et
887 2266 1232 2327 Genuenses.
1265 2267 1368 2337 71
1401 2267 1497 2336 qui
1525 2265 1916 2337 tranquillissi-

330 2374 424 2414 me
455 2360 513 2413 in
547 2358 712 2412 terris
753 2359 970 2429 imperii
1003 2360 1286 2431 degerent,
1322 2359 1588 2414 adversus
1631 2359 1916 2413 dominan-

328 2460 442 2509 tem
474 2450 958 2520 ConstantinOpoli
991 2453 1300 2521 Augustum
1337 2450 1558 2504 hostilia
1583 2448 1910 2509 machinari,

330 2545 559 2602 sublato
589 2543 803 2598 scilicet
834 2559 865 2598 e
889 2541 1070 2597 medio
1095 2543 1316 2606 Carolo,
1373 2554 1608 2598 cunctos
1635 2545 1701 2595 ad
1740 2542 1788 2594 id
1835 2539 1918 2593 in-

330 2638 530 2698 citare,
554 2635 686 2689 dum
711 2634 1136 2701 viveret,solito.
1175 2633 1314 2688 Hinc
1345 2633 1626 2704 subrepsit
1645 2649 1747 2689 usu
1767 2632 1915 2703 quod

332 2730 478 2786 ratio
508 2742 619 2784 non
649 2726 1006 2796 probaverat,
1031 2735 1092 2782 ut
1135 2727 1522 2796 compendium
1578 2728 1731 2781 fieret
1769 2741 1918 2781 sum-

335 2830 530 2891 ptuum
551 2817 607 2871 in
625 2817 857 2872 classem
878 2816 1132 2871 tuendam
1153 2817 1394 2887 impendi
1419 2816 1706 2873 solitorum
1726 2832 1740 2883 ;
1762 2815 1919 2868 dum-

336 2927 445 2983 que
482 2912 565 2965 sic
585 2909 771 2981 agitur
793 2909 954 2980 quasi
980 2918 1263 2965 constaret
1290 2910 1444 2965 lucro
1478 2923 1795 2964 accrescere
1822 2922 1918 2977 pu-

339 3001 487 3056 blico
521 2998 791 3071 quidquid
834 2999 1252 3055 sublralteretur
1273 3000 1919 3069 rationibus‘navalisap—

349 3102 586 3165 paratus,
624 3091 835 3148 sensim
862 3091 1150 3146 deventum
1179 3107 1247 3146 eo
1276 3100 1361 3148 est
1382 3101 1439 3146 ut
1458 3091 1701 3147 Romana
1725 3092 1918 3147 classis

339 3199 451 3239 non
477 3182 712 3237 flammis
742 3181 844 3235 illa
878 3182 1094 3251 quidem
1133 3197 1242 3234 uno
1271 3192 1547 3237 mornento
1582 3182 1915 3237 absumenda

337 3274 675 3337 traderetur,
707 3280 969 3328 czeterum
1007 3274 1420 3338 permitteretur
1460 3274 1731 3328 abolenda
1784 3281 1925 3328 tem-
1953 3267 1992 3281 “⁴

334 3366 481 3435 peri,
517 3374 577 3420 et
604 3365 757 3419 nulla
793 3364 848 3418 in
873 3364 1116 3428 navium,
1140 3366 1341 3435 quibus
1370 3366 1462 3421 illa
1495 3364 1929 3431 eonstahat,tui-

333 3458 546 3513 tionem
576 3464 673 3509 aut
700 3455 1155 3510 restaurationem
1171 3465 1325 3525 parte
1349 3470 1493 3511 curae
1519 3456 1788 3526 impensa,
1812 3464 1930 3509 tan-

334 3558 452 3603 tum
474 3548 740 3603 duntaxat
790 3544 1197 3615 relinqueretur
1226 3547 1513 3614 duratura,
1559 3554 1767 3616 quanto
1808 3554 1929 3602 erat

338 3652 483 3708 opus
517 3636 700 3700 Spatio
732 3642 791 3688 ut
825 3648 992 3689 naves
1028 3650 1221 3691 omnes
1268 3652 1420 3692 mero
1449 3637 1699 3706 neglectu
1746 3644 1933 3707 putre-

344 3733 572 3783 seet-ent
601 3733 698 3778 aut
732 3725 912 3780 soluta
937 3740 1203 3796 compage
1229 3728 1602 3783 abolerentur.
1645 3726 1797 3783 Istud
1836 3742 1934 3798 po-

340 3830 462 3875 stea
482 3815 738 3885 contigit,
760 3815 866 3870 hoc
891 3831 1228 3885 praevorsum
1246 3833 1309 3871 ac
1339 3827 1795 3887 repraesentatum
1823 3835 1935 3873 ma-

342 3913 527 3966 turius
556 3919 666 3965 est.
710 3906 1212 3965 Classiariimilites
1237 3911 1390 3965 multi
1418 3925 1482 3964 ac
1502 3910 1693 3976 fortes,
1714 3927 1815 3966 nec
1843 3927 1936 3981 pa-

341 4018 466 4057 rum
532 4004 818 4059 exercitati
862 3999 1088 4074 praeliis,
1140 4003 1311 4070 spreti
1360 4016 1553 4056 omnes
1606 4003 1934 4071 rnnltatique

340 4093 646 4164 stipendio,
680 4097 877 4163 partim
909 4095 976 4148 ad
1004 4103 1151 4147 artes
1191 4105 1312 4147 sese
1357 4090 1609 4147 conferre
1658 4093 1940 4147 mechani-

340 4201 440 4241 cas
489 4186 693 4255 quibus
751 4186 954 4241 victum
1012 4192 1346 4254 quaererent,
1395 4182 1595 4250 partim
1627 4183 1696 4236 ad
1748 4183 1936 4237 hostes

341 4278 703 4349 transfugere
732 4285 861 4333 sunt
892 4275 1092 4341 coacti,
1124 4289 1363 4345 quorum
1396 4274 1526 4329 inde
1556 4273 1724 4330 ductu
1745 4272 1940 4344 pirati-

344 4373 431 4427 cis
462 4371 784 4426 incursibus
813 4385 928 4426 rem
974 4382 1238 4429 oramque
1281 4375 1523 4422 nostram
1576 4367 1932 4423 infestarunt.

339 4463 557 4518 Tamen
592 4464 700 4517 hoc
736 4476 843 4532 qun
872 4459 1241 4517 describimus
1269 4467 1536 4529 tempore,
1581 4459 1800 4529 plurimi
1839 4459 1937 4513 ho-

2013 2015 2103 2063 τες
2141 1998 2231 2052 τὸν
2260 1998 2478 2070 Μιχαὴλ
2515 1999 2590 2062 ὡς
2614 1994 2862 2066 γαμϐρὸν
2910 1998 3001 2050 ἐπὶ
3026 1999 3092 2067 τῇ
3128 1995 3358 2064 θυγατρὶ
3392 1993 3593 2061 ἀξόμε-

2014 2106 2116 2156 νοι,
2146 2089 2266 2161 μηδ’
2293 2091 2426 2144 αὐτὸ
2452 2091 2512 2144 τδ
2544 2090 2924 2160 κεκωλυμένον
2951 2090 3014 2141 ὲκ
3030 2087 3220 2156 γένους
3261 2086 3595 2155 ὑπονοήσαν-

2014 2269 2208 2342 viginti
2264 2270 2568 2340 lignearum
2602 2252 2832 2325 turrium
2866 2268 2919 2322 in
2964 2267 3196 2324 circuitu
3238 2265 3598 2321 Demetriadis

2016 2378 2127 2417 uno
2152 2363 2240 2417 die
2269 2362 2508 2432 perfecta
2532 2362 2638 2433 72
2656 2359 2974 2427 exstructio,
3001 2358 3198 2430 quibus
3229 2367 3277 2412 ct
3296 2356 3440 2412 fossa
3464 2371 3601 2427 prm—

2017 2452 2182 2508 ducta
2240 2453 2440 2523 duplex
2467 2463 2572 2517 est,
2621 2466 2762 2520 aqua
2796 2453 3024 2519 insuper
3054 2466 3085 2504 e
3140 2447 3279 2502 mari
3309 2447 3490 2502 vicino
3537 2446 3598 2500 in

2017 2556 2306 2615 utramque
2324 2543 2606 2599 derivata.
2643 2543 2856 2610 Quibus
2902 2539 3286 2611 deproperatis
3338 2539 3405 2593 ad
3460 2545 3603 2590 tutr-

1967 2699 1970 2701 Α
2016 2635 2124 2690 lam
2157 2637 2361 2707 operis,
2394 2636 2541 2692 intra
2581 2636 2637 2690 id
2672 2635 2874 2689 vallum
2906 2647 3102 2688 secure
3119 2631 3229 2700 jam
3263 2640 3347 2686 est
3400 2629 3603 2685 solido-

2017 2742 2138 2782 rum
2162 2741 2192 2781 e
2217 2742 2353 2782 saxo
2378 2726 2638 2780 nueuinm
2670 2740 2764 2796 per
2778 2724 2947 2779 otium
2968 2721 3258 2778 {Pdiﬁralio
3277 2731 3466 2776 curata
3486 2762 3499 2777 .
3543 2720 3599 2774 In

2019 2819 2106 2874 his
2130 2819 2223 2874 diu
2263 2832 2421 2873 suum
2448 2818 2750 2873 exercitum
2779 2815 3238 2885 protovestiarius
3271 2820 3597 2883 occupatum

2019 2911 2230 2978 habuit,
2266 2911 2403 2966 nihil
2438 2910 2730 2966 admodum
2759 2911 2969 2966 interea
3012 2908 3215 2979 negotii
3246 2907 3493 2963 hostibus
3524 2906 3602 2963 fa-
3640 2890 3646 2896 ’

2020 3019 2245 3059 06830118
2268 3042 2281 3057 .

2019 3116 2110 3171 27.
2132 3116 2204 3169 De
2216 3116 2621 3186 protovestiario
2636 3132 2652 3186 ς
2670 3123 2719 3169 et
2734 3126 2787 3168 ut
2804 3114 2992 3170 deinde
3018 3129 3308 3186 successum
3324 3110 3602 3166 habuerint

2203 3183 2320 3256 qua:
2361 3197 2549 3240 contra
2604 3185 2915 3240 Michaelem
2953 3183 3423 3254 comparabantur.

2084 3277 2351 3333 Caeterum
2366 3279 2418 3333 in
2432 3278 2800 3333 Romanorum
2819 3284 3123 3333 castrorum
3142 3274 3361 3339 milites,
3387 3274 3603 3342 longam

2030 3370 2124 3424 tali
2155 3370 2274 3424 loco
2295 3378 2350 3423 et
2379 3384 2543 3438 opere
2575 3369 2851 3422 trahentes
2888 3382 3121 3430 moram,
3143 3367 3326 3437 gravis
3353 3363 3603 3420 incubuit

2029 3461 2316 3515 calamitas
2352 3460 2661 3529 pestilentis
2703 3459 2901 3523 morbi,
2937 3472 3047 3528 quo
3092 3456 3251 3511 multi
3287 3465 3417 3511 sunt
3450 3456 3598 3509 brevi

2030 3552 2211 3622 spatio
2248 3551 2448 3606 necati.
2486 3549 2602 3604 Lue
2632 3549 2832 3618 quippe
2869 3564 2966 3619 per
3010 3546 3259 3618 contagia
3296 3554 3602 3616 grassante,

2032 3657 2097 3697 ac
2149 3650 2413 3712 corrupto
2461 3642 2638 3711 magis
2688 3642 2974 3710 magisque
3013 3639 3138 3695 cceli
3190 3647 3368 3694 tractu
3404 3650 3601 3692 saevam

2033 3742 2268 3804 augente
2317 3733 2448 3797 vim,
2498 3730 2859 3802 frequentatis
2895 3731 2947 3785 in
2984 3736 3259 3784 momenta
3317 3728 3604 3783 funeribus

2036 3824 2310 3893 inexpleta
2375 3822 2619 3877 Libitina
2698 3821 2918 3877 feritate
2992 3819 3387 3877 bacchabatur.
3457 3818 3603 3873 fmda

2035 3924 2219 3985 strage
2272 3916 2601 3969 cadaverum
2650 3913 2763 3968 late
2791 3921 2992 3969 cuncta
3033 3921 3419 3976 constemens,
3467 3909 3606 3965 adeo

2037 4021 2139 4061 nec
2187 4006 2324 4075 ipsis
2368 4011 2630 4076 parcente
2683 4003 3023 4073 principibus
3049 4002 3225 4068 clade,
3264 4010 3324 4057 ut
3351 4009 3607 4072 protove-

2038 4097 2290 4152 stiarium
2324 4109 2549 4166 quoque
2583 4094 2780 4150 ducem
2814 4093 2931 4160 ejus
2961 4092 3240 4147 exercitus
3288 4104 3604 4160 supremum

2036 4189 2210 4258 pestis
2238 4185 2589 4253 exstinxerit;
2622 4198 2733 4256 quo
2767 4183 2984 4239 sublato
3017 4183 3269 4253 reliquiae
3298 4183 3606 4252 copiarum,

2041 4281 2189 4337 nulla
2219 4295 2277 4335 re
2302 4287 2458 4349 gesta
2484 4286 2640 4333 tanto
2684 4286 2949 4348 apparatu
2982 4284 3037 4331 et
3080 4274 3496 4346 exspectatione
3527 4273 3615 4328 di-

2041 4388 2168 4443 gna,
2223 4370 2456 4439 inglorie
2494 4377 2867 4426 reverterunt.
2903 4367 3098 4422 Postea
3140 4376 3321 4421 tamen
3361 4367 3476 4435 ipsa
3512 4381 3623 4436 pcr-

2042 4477 2102 4517 se
2142 4462 2363 4532 regina,
2415 4469 2751 4531 cooperante
2806 4474 2904 4528 pro
2948 4454 3093 4512 virili
3141 4457 3376 4527 conjuge
3430 4443 3633 4526 ipsius

337 4574 371 4614 ι·
394 4572 467 4610 un
504 4555 560 4609 in
589 4555 873 4625 pedestres
908 4553 1201 4610 centuriati
1236 4554 1422 4623 copias
1446 4554 1932 4626 protovestiarium
1966 4561 2014 4618 ο
2040 4552 2370 4623 Nicephoro,
2432 4551 2576 4606 dolis
2639 4564 2898 4621 aggressa
2952 4547 3268 4603 Michaelem
3322 4563 3486 4601 unam
3534 4549 3619 4602 illi

340 4660 476 4704 sunt
517 4646 713 4713 secuti,
746 4644 1152 4715 expeditionem
1192 4645 1249 4699 in
1277 4653 1486 4700 tractus
1532 4643 1806 4701 Occiduos
1836 4646 1937 4701 du-

340 4750 599 4806 centem;
642 4753 748 4809 qua
784 4738 832 4793 is
856 4752 1183 4807 progressus
1210 4735 1608 4792 Demetriadem
1637 4753 1811 4808 usque
1859 4738 1936 4793 ibi

339 4832 620 4895 constitit,
650 4833 948 4900 copiasque
979 4830 1035 4884 in
1074 4845 1269 4885 manus
1288 4830 1497 4885 divisas
1522 4831 1721 4899 partim
1741 4847 1941 4886 excur-

345 4940 472 4980 rere
509 4938 574 4977 ac
602 4937 633 4977 e
656 4921 852 4977 vicinis
885 4921 1128 4976 hostium
1155 4921 1314 4974 terris
1340 4922 1551 4991 praedas
1583 4936 1764 4991 agere,
1819 4937 1942 4989 par-

342 5017 445 5070 ti-n
484 5021 800 5068 restaurare
829 5013 1029 5080 oppida
1068 5009 1335 5065 Romanae
1389 5011 1620 5066 ditionis
1666 5012 1942 5067 incursio-

344 5109 511 5163 t-ibus
547 5104 853 5161 deformata
884 5103 1180 5158 hostilibus
1209 5101 1397 5170 jussit,
1425 5102 1545 5172 ipse
1585 5103 1808 5157 interim
1843 5119 1942 5172 op-

341 5200 590 5270 periens,
623 5204 682 5249 nt
711 5196 916 5250 dictum
953 5204 1059 5258 est,
1109 5193 1363 5247 elfectum
1418 5193 1819 5260 promissorum
1857 5208 1942 5247 re-

341 5295 489 5362 ginae
517 5290 715 5353 Annae,
745 5298 801 5342 et
833 5288 997 5344 simul
1029 5286 1119 5341 illa
1146 5286 1199 5340 in
1232 5300 1364 5340 suos
1386 5284 1614 5354 laqueos
1658 5284 1937 5339 incautum

340 5384 624 5439 induissd
652 5379 973 5436 Michaelem
1017 5378 1173 5433 leviri
1216 5377 1300 5431 sui
1333 5376 1526 5441 filium,
1559 5376 1778 5443 sibique
1816 5376 1940 5444 jux-

344 5487 395 5529 ta
424 5475 682 5530 condicta
721 5471 1067 5533 tradidisset,
1092 5478 1448 5540 correptnrus
1487 5475 1713 5536 tutoque
1736 5467 1940 5535 produ-

344 5579 541 5622 cturus
565 5567 630 5618 ad
679 5567 1027 5634 Augustum.
1072 5561 1200 5616 Haec
1233 5560 1436 5630 quippe
1457 5573 1597 5634 vera
1625 5566 1745 5612 erat
1771 5571 1938 5611 morae

346 5673 536 5721 causa,
570 5657 661 5713 cui
692 5633 947 5727 speciose
978 5652 1378 5725 obtendebatur
1406 5633 1566 5719 quam
1587 5648 1700 5704 dixi
1737 5648 1938 5703 labefa-

347 5758 624 5806 ctatorum
652 5749 863 5820 injuria
890 5747 976 5802 vel
1017 5746 1279 5816 temporis
1310 5744 1392 5801 vel
1416 5743 1544 5800 belli
1569 5742 1830 5798 moenium
1857 5754 1938 5795 rc-

351 5844 591 5911 paratio;
625 5843 784 5914 cujus
823 5842 1061 5916 primum
1118 5839 1397 5910 specimen
1449 5836 1551 5893 fuit
1597 5843 1831 5908 quatuor
1884 5842 1935 5889 et

2044 4643 2284 4698 fallendo
2314 4641 2762 4697 efﬁcacissimam
2795 4640 3003 4710 reperit
3042 4640 3372 4695 machinam.
3397 4641 3610 4709 specio-

2043 4750 2168 4790 sum
2204 4742 2492 4790 ostentata:
2529 4731 2813 4786 afﬁnitatis
2845 4745 3067 4785 nomen.
3124 4728 3225 4785 Ubi
3279 4730 3423 4783 enim
3481 4746 3611 4798 pro-

2042 4827 2184 4883 mitti
2236 4827 2340 4882 sibi
2391 4825 2622 4880 Michael
2676 4823 2886 4878 audivit
2922 4822 3145 4892 nuptias
3181 4823 3345 4892 regiae
3380 4823 3623 4891 virginis

2040 4916 2341 4987 Nicephori
2386 4915 2633 4983 despotae
2675 4923 2732 4969 et
2768 4915 2940 4969 Annae
2975 4904 3179 4983 reginae
3212 4913 3358 4975 filim,
3395 4922 3449 4968 et
3496 4921 3608 4967 tam

2042 5007 2314 5077 splendidi
2363 5007 2715 5077 sponsionem
2773 5005 3113 5060 matrimonii
3167 5006 3455 5073 utriusque
3505 5007 3621 5062 sibi

2042 5100 2235 5168 puellae
2289 5098 2532 5169 parentis
2581 5096 2913 5166 juramentis
2964 5098 3327 5152 sanctissimis
3376 5098 3619 5163 firmari,

2044 5189 2201 5245 facile
2233 5204 2295 5244 se
2321 5197 2665 5259 speratorum
2699 5201 3019 5242 socerorum
3049 5189 3304 5257 potestati
3335 5188 3616 5255 permisit,

2041 5280 2369 5350 imprudens
2409 5279 2504 5347 qui
2547 5293 2653 5333 non
2693 5278 3032 5346 reputaverit
3060 5292 3228 5353 quam
3253 5286 3400 5332 esset
3430 5272 3610 5331 inc‘re‘

2042 5371 2208 5425 dibilc
2261 5369 2401 5424 velle
2456 5382 2643 5422 revera
2692 5367 2954 5436 deSpotas
2998 5367 3274 5423 collocare
3313 5366 3609 5437 legitimam

2041 5462 2313 5518 haeredem
2360 5462 2514 5516 nothi
2563 5460 2698 5525 ﬁlio,
2757 5475 2859 5517 nec
2892 5462 3069 5516 vereri
3102 5461 3376 5516 maculare
3407 5458 3609 5512 avitam

2041 5548 2381 5609 nobilitatem
2427 5552 2757 5606 admistione
2796 5551 2970 5620 spurii
2998 5552 3217 5622 generis
3245 5552 3257 5603 ι
3291 5549 3486 5604 Verum
3517 5547 3609 5617 ju-

2041 5644 2193 5698 venis
2254 5643 2552 5697 ambitione
2605 5658 2848 5713 praaceps
2898 5658 2965 5698 ne
3010 5641 3329 5712 suspicione
3383 5637 3605 5707 quidem

2040 5738 2216 5808 prima
2259 5743 2421 5792 tenus
2465 5745 2575 5791 tam
2610 5735 2819 5807 justum
2850 5735 3152 5791 admittens
3197 5740 3427 5798 metum,
3465 5744 3610 5787 czeca

2039 5831 2239 5887 fiducia
2288 5832 2341 5886 in
2396 5831 2620 5902 laqueos
2675 5846 2733 5909 se
2788 5830 2983 5888 induit.
3036 5828 3177 5885 Dans
3222 5826 3424 5898 quippe
3467 5824 3619 5883 sein
