4094 6402
365 366 439 430 85
1327 355 1422 415 DE
1462 355 1561 417 AN
1573 353 1779 416 DRON
1791 351 1910 412 lCO
1949 350 1963 410 ]

2067 350 2419 412 ιλιι)ιοῦο
2454 350 2597 411 LIB.
2644 349 2687 411 Ι.
3569 348 3639 411 85

365 470 646 541 δεχόμενοι
672 468 961 531 κτείνουσι,
992 467 1082 520 τοῦ
1114 467 1366 535 δευτέρου
1405 466 1480 535 μὴ
1523 465 1724 527 εἰδότος
1749 464 1809 515 τὸ
1866 461 1942 531 τῷ
1975 450 2251 531 Αἀἴματα
2267 464 2463 532 δεσμὸς
2480 458 2547 533 ἦν
2562 462 2659 532 τὴν
2679 460 2867 530 πρόσω
2883 459 3103 528 πορείαν
3122 456 3341 509 κωλύων
3361 457 3639 528 ἄρρηκτός

368 560 621 629 προτέρῳ
654 556 888 625 συμϐάν.
914 556 1110 619 Οἴκτος
1139 556 1193 609 δὲ
1229 554 1393 619 σώζει
1422 556 1513 607 τὸν
1537 556 1699 608 παῖδα
1732 556 1827 607 καὶ
1853 555 1947 619 μό-
2047 570 2106 606 τε
2135 557 2227 606 καὶ
2252 555 2462 615 ἀλυτος.
2494 555 2767 606 Ἀντιπνεί
2790 552 2897 620 γὰρ
2926 550 3184 618 ἐξαίφνης
3219 548 3436 620 πνεῦμα
3459 549 3640 619 βίαιον

366 668 478 714 νος,
504 647 932 719 συμποδίσαντες
964 666 1020 701 τε
1071 651 1164 701 καὶ
1199 646 1710 718 ὲπαγκωνισάμενοι
1758 645 1851 699 καί
1882 635 1971 714 γε’
2049 644 2221 708 νότου,
2248 644 2323 709 ὡς
2354 648 2445 698 καλ⁸
2476 646 2573 707 τὰς
2602 643 3042 711 ὲλλιμενιζούσας
3068 642 3368 706 ἐξοκέλλειν
3393 642 3455 695 ὲκ
3489 639 3634 710 βίας,

338 728 568 809 ’δεσμὸν
594 739 918 810 ἐμϐαλόντες
946 740 1026 810 τῷ
1075 741 1303 807 στόματι
1336 740 1585 808 ἀφιᾶσιν.
1646 728 1871 791 Ἐκεῖνοι
1901 736 1945 788 δ’

363 832 439 895 ὡς
474 827 621 902 εἶχον
650 831 756 884 ὑπὸ
794 831 968 886 κλεισὶ
998 830 1097 901 τὴν
1130 831 1380 903 φυλακὴν
1414 831 1836 900 σφραγίσαντες,
1870 828 1946 891 ὡς

368 925 446 996 μὴ
493 924 813 978 ἰκκυλισθὲν
863 925 925 978 τὺ
983 925 1196 981 παιδίον
1252 925 1491 995 ἐμφανὲς
1536 925 1644 992 πρὸ
1666 921 1860 993 καιροῦ
1886 920 1948 973 τὸ

362 1019 550 1087 δρᾶμα
580 1020 877 1087 ποιήσειεν,
914 1018 1022 1071 ὑπὸ
1072 1017 1295 1088 πρώτας
1339 1017 1583 1087 φυλακὰς
1630 1018 1726 1086 τῆς
1754 1015 1948 1078 νυκτδς

362 1111 566 1177 ἐξίασι.
602 1109 693 1180 Τῷ
723 1111 829 1181 γὰρ
855 1110 1046 1183 Ἐρρῇ,
1077 1111 1266 1180 ὥσπερ
1305 1110 1362 1164 αἰ
1392 1106 1655 1179 φυλακαὶ,
1676 1106 1818 1160 οὕτω
1852 1106 1951 1160 καὶ

361 1203 422 1253 αἱ
451 1202 553 1271 τῆς
584 1202 756 1270 πύλης
783 1201 883 1270 τῆς
908 1203 1025 1255 ἐκεῖ
1052 1201 1258 1264 κλεῖδες
1302 1200 1723 1271 ὲπιτετράςρατο.
1767 1198 1854 1261 Ὠς
1885 1197 1949 1251 ἂν

360 1295 422 1347 δὲ
451 1292 527 1362 μὴ
550 1291 678 1363 δόξῃ
709 1292 857 1357 δόλος
898 1291 957 1346 τὸ
982 1292 1281 1364 δρώμενον,
1314 1295 1520 1356 ἐκεῖνος
1546 1291 1788 1346 κάτωθεν
1837 1294 1950 1355 τοῖς
1990 1357 2000 1365 _

363 1385 593 1453 φύλαξιν
620 1387 874 1452 ὲκφωνεῖ,
899 1384 1190 1451 διυπνίζων
1217 1384 1377 1455 δῆθεν
1394 1386 1531 1455 πρὸς
1561 1384 1661 1453 τὴν
1679 1382 1787 1437 τῶν
1818 1401 1947 1437 κατ-

360 1476 643 1545 εχομένων
697 1477 967 1544 φυλακὴν,
1019 1475 1093 1537 ὡς
1127 1475 1294 1528 αὐτοῦ
1338 1491 1401 1541 γε
1444 1475 1587 1544 τάχα
1617 1476 1674 1528 ὲν
1704 1474 1951 1544 ἀπορρήα-

360 1587 478 1627 τοις
530 1568 800 1632 δουλείαις
836 1568 1223 1637 σχολάζοντος·
1284 1569 1380 1621 καὶ
1427 1567 1536 1638 γάρ
1577 1583 1724 1629 τινες
1751 1566 1951 1628 ἰδόντες

359 1662 518 1713 οὶδὲν
546 1660 675 1714 ἄλλο
707 1661 966 1713 ὑπενόουν
996 1660 1117 1713 τότε
1161 1660 1193 1731 ἢ
1247 1661 1330 1714 ὅτι
1376 1659 1593 1730 ὁρισθὲν
1630 1658 1763 1730 πρὸς
1793 1658 1952 1730 βασι-

360 1751 502 1813 λέως
531 1751 597 1803 δι’
628 1751 960 1821 ἀπορρήτων
990 1750 1151 1814 αὐτὸς
1178 1750 1489 1820 οἰκονομοίη
1521 1751 1588 1803 τά
1621 1748 1952 1819 προσταττό-

2050 736 2145 786 καλ.
2178 733 2375 805 ἄνεμος
2425 734 2673 803 ἐμποδὼν
2704 733 2835 804 ἔστη
2883 733 3361 804 παρανομήσασιν.
3418 731 3492 786 Οὐ
3524 733 3633 799 γὰρ

2053 826 2183 896 μίαν
2210 825 2242 895 ἢ
2274 827 2369 879 καὶ
2400 825 2659 894 δευτέραν
2681 825 2895 896 ἡμέραν
2924 822 3115 893 ὴπλόει
3144 824 3206 874 ὲκ
3243 821 3432 893 βιαίων
3468 822 3639 875 νότων

2048 917 2110 968 τδ
2132 915 2389 983 πέλαγος,
2419 914 2532 968 ἀλλ’
2559 915 2642 984 ἐφ’
2672 916 2929 986 ἡμέραις,
2963 915 3156 984 μέχρις
3178 914 3243 967 ἂν
3270 915 3469 966 ἐκεῖνοι
3498 912 3643 966 κατὰ

2048 1009 2149 1077 τὴν
2194 1007 2498 1061 Ῥαιδεστὸν
2528 1005 2896 1077 ἐξοκείλαντες
2925 1004 3031 1057 ὑπὸ
3059 1006 3217 1075 χεῖρα
3255 1004 3498 1073 γένοιντο
3523 1007 3638 1067 τοῖς

2048 1097 2292 1167 τυχοῦσι.
2332 1096 2443 1149 Καὶ
2471 1096 2643 1150 ταῦτα
2674 1096 2771 1167 μὲν
2833 1095 2971 1165 μετὰ
3021 1095 3247 1165 χρόνους
3295 1094 3639 1163 πέπρακται,

2050 1189 2149 1258 τῆς
2176 1188 2221 1242 δ’
2249 1187 2571 1253 ἀκολουθίας
2600 1187 2848 1258 διδούσης
2882 1186 2977 1241 τοῦ
3008 1187 3168 1257 λόγου
3201 1186 3437 1240 ἐνταῦθα
3468 1203 3645 1256 προα-

2052 1280 2400 1334 νατέτακται.
2467 1280 2631 1350 Ἦμίν
2664 1281 2723 1334 δὲ
2776 1280 2914 1334 ἰτέον
2951 1280 3085 1350 πρὸς
3134 1278 3204 1331 τὰ
3234 1277 3386 1347 ἑξῆς.
3421 1275 3647 1347 Ἐμπης

2052 1370 2111 1423 δὲ
2139 1368 2470 1437 προσθετέον
2527 1370 2623 1423 καὶ
2673 1368 2832 1421 τοῦτο
2893 1368 3112 1435 σφίσιν·
3153 1369 3505 1421 ἐπικοινωνεῖ
3535 1367 3646 1436 γὰρ

2051 1464 2162 1524 τοίς
2192 1461 2778 1531 προανατεταγμένοις.
2813 1460 3031 1528 Ὀγδόου
3066 1459 3176 1530 γάρ
3206 1460 3272 1512 ὲκ
3302 1458 3495 1512 τούτου
3522 1459 3648 1530 χρό-

2051 1573 2146 1609 νου
2171 1553 2254 1627 [Ρ.
2290 1553 2381 1626 ιη
2408 1554 2817 1619 διανυσθέντος,
2848 1554 2944 1608 καὶ
2990 1553 3105 1608 τῶν
3132 1554 3347 1608 οἰκείων
3397 1553 3560 1606 αὐτοῦ
3589 1553 3648 1606 δὲ

2054 1645 2358 1717 ζητούντων
2394 1646 2474 1718 τῷ
2511 1646 2909 1719 πρεσϐεύεσθαι
2939 1649 3088 1717 παρὰ
3113 1646 3344 1715 βασιλέα
3377 1648 3473 1699 καὶ
3504 1645 3641 1700 καθ-

2054 1740 2444 1811 υπισχνεϊσθαι
2472 1740 2542 1794 τά
2594 1739 2829 1810 μεγάλα,
2860 1740 2910 1792 εἰ
2943 1740 3104 1809 μόνον
3130 1740 3313 1793 ἀνεῖτο
3345 1738 3457 1791 τῶν
3478 1737 3651 1807 φυλα-

364 1811 507 1914 μενα
538 1845 634 1896 καὶ
660 1811 791 1906 τοῦς
836 1811 1164 1914 όρισθέντας
1213 1811 1435 1913 ἐκφέρει
1478 1811 1689 1905 ’νυκτὸς
1720 1842 1854 1896 ὅπου
1887 1840 1954 1895 ἂν
1980 1811 2033 1871 Β
2066 1831 2179 1886 κῶν
2211 1832 2305 1887 καὶ
2335 1829 2473 1902 πρὸς
2501 1832 2697 1895 αὐτοὺς
2725 1831 2963 1897 γένοιτο.
2992 1830 3027 1882 δ
3058 1830 3157 1897 μὲν
3190 1828 3409 1900 κρατῶν
3440 1829 3649 1898 hii?"

362 1936 465 1987 καὶ
490 1934 909 2003 προστάσσοιτο.
947 1933 1178 1988 Ἐκεῖνοι
1205 1934 1261 1988 δὲ
1300 1936 1395 1997 τὰς
1427 1934 1675 2003 φυλακὰς
1721 1934 1961 2005 ὑποδρα-

366 2031 566 2098 μόντες
597 2027 937 2081 ἐπιϐαίνουσι
970 2025 1069 2097 τῆς
1101 2027 1249 2096 νηός.
1297 2028 1406 2081 Καὶ
1454 2023 1523 2098 ἦν
1556 2027 1738 2090 αὐτοῖς
1761 2026 1837 2090 ὡς
1870 2027 1967 2080 καὶ

366 2123 507 2174 πᾶσι
537 2120 873 2186 γνωσθέντος
895 2121 923 2173 ό
957 2119 1083 2183 νοῦς
1120 2120 1177 2172 ὲν
1211 2119 1425 2174 ἐλπίσιν
1451 2120 1868 2190 ἀναμφιϐόλως,
1889 2120 1965 2182 ὡς

365 2214 523 2267 οὐδὲν
545 2213 795 2282 ἐμποδὼν
829 2213 1036 2266 ὲσεῐται
1074 2212 1220 2266 δυοῖν
1253 2212 1284 2283 ἢ
1321 2214 1416 2266 καί
1448 2211 1615 2282 τριῶν
1653 2212 1878 2283 ἡμερῶν
1901 2213 1965 2284 τῇ

367 2307 599 2376 Εὐρίπῳ
630 2307 926 2375 προσσχεῖν
956 2306 1051 2359 καὶ
1087 2306 1195 2358 τῶν
1247 2306 1345 2375 τῆς
1376 2304 1553 2375 φυγῆς
1585 2304 1844 2370 ἀνεθῆναι
1874 2304 1968 2373 φό-

369 2400 509 2461 ϐων,
539 2397 641 2467 τῆς
695 2397 929 2467 ἀδελφῆς
963 2396 1328 2468 κνριευοῦσης
1359 2399 1461 2467 τῆς
1509 2398 1703 2467 νήσου,
1751 2397 1896 2450 Ἀλλ’
1926 2397 1959 2467 ἡ

372 2490 693 2559 παλίμπους
722 2487 1040 2560 περιίστατο
1066 2487 1212 2555 δίκη,
1247 2487 1341 2541 καὶ
1362 2486 1434 2540 τά
1466 2486 1575 2540 τῶν
1600 2485 1970 2555 φονευθέντων

372 2669 612 2739 primam
649 2667 831 2723 noctis
867 2669 1135 2739 vigiliam,
1176 2677 1233 2726 et
1288 2669 1565 2737 clavibus,
1617 2685 1757 2741 quas
1805 2670 1974 2725 liabe-

374 2755 531 2816 b..ut,
562 2752 856 2822 diligenter
889 2752 1117 2808 occluso
1157 2768 1399 2818 carcere.
1456 2768 1526 2809 ne
1561 2770 1697 2824 puer
1719 2770 1838 2810 sese
1860 2766 1974 2810 tor-

372 2836 599 2904 qucttdo
617 2834 764 2890 foras
784 2851 1082 2905 prorepens
1102 2847 1426 2906 praemature
1447 2837 1707 2892 indicium
1729 2837 1866 2909 fugae
1894 2839 1974 2894 fa-

381 2934 556 2982 ceret.
591 2928 684 2980 Sic
711 2927 928 2981 eductis
958 2926 1126 2981 Erres
1155 2928 1388 2997 captivis
1444 2928 1684 2991 duobus.
1713 2930 1975 2985 inclama-

389 3024 463 3072 vit
485 3035 614 3074 voce
641 3029 904 3075 contenta
939 3022 1165 3089 reliquis
1200 3022 1350 3078 intus
1400 3023 1756 3085 satellitibus.
1807 3027 1968 3093 quasi

384 3116 720 3169 excitaturus
757 3124 869 3167 tum
916 3113 1054 3167 forte
1096 3115 1455 3178 dormientes.
1510 3125 1570 3170 ut
1610 3117 1851 3188 vigiliatn
1911 3131 1970 3173 se

381 3210 567 3279 utique
592 3210 819 3264 absente
855 3209 1226 3264 intenderent.
1257 3207 1562 3265 Valiturum
1594 3210 1695 3266 huc
1722 3228 1830 3267 non
1857 3212 1975 3267 fru-

374 3314 492 3352 szra
519 3298 756 3352 credidit
778 3297 845 3352 ad
874 3297 1250 3352 discutiendas
1284 3298 1627 3367 suspitiones
1653 3302 1969 3367 obviorum,

372 3390 472 3444 tali
492 3391 629 3443 hora
649 3397 839 3443 notum
859 3387 1207 3458 imperatoris
1229 3387 1540 3442 ministrum
1555 3389 1776 3445 tendere
1794 3393 1859 3445 ad
1885 3394 1972 3446 lit-

374 3491 469 3533 ters
487 3495 615 3533 cum
635 3478 853 3532 duobus
868 3478 1079 3531 eductis
1099 3478 1345 3531 custodia
1363 3478 1724 3534 cernentium.
1744 3480 1973 3551 7511³-

371 3584 485 3637 que
504 3581 613 3620 non
627 3565 773 3620 aliud
792 3565 844 3619 in
864 3574 1094 3618 mentem
1110 3564 1257 3618 venit
1274 3565 1414 3619 forte
1427 3568 1848 3621 oecurrentibus
1863 3568 1971 3624 nisi
2003 3622 2007 3625 Α

376 3656 702 3711 mandatum
739 3671 999 3711 arcanum
1041 3656 1334 3725 quoppiam
1375 3657 1542 3712 Erren
1596 3658 1688 3712 tali
1723 3668 1971 3731 tempore

373 3750 636 3817 exsequi,
668 3756 720 3803 et
753 3750 965 3803 vinctos
997 3765 1136 3819 quos
1164 3759 1310 3806 esset
1337 3749 1532 3821 jussus
1571 3760 1967 3822 transportare.

379 3842 485 3897 Per
523 3844 663 3896 hanc
695 3843 933 3911 speciem
959 3843 1148 3909 etiam,
1176 3856 1316 3911 quas
1342 3847 1678 3912 pertransire
1703 3846 1966 3913 oportuit,

378 3945 780 3988 nocturnorum
816 3934 1040 4003 vigilum
1078 3934 1351 3990 custodiis
1395 3935 1586 3997 elusis,
1631 3934 1966 3991 inobservati

378 4028 799 4097 incolumesque
823 4042 1018 4082 omnes
1044 4041 1236 4082 navem
1261 4036 1673 4095 exspectantem
1697 4043 1966 4083 conscen-

377 4119 605 4183 derunt,
645 4118 847 4186 optima
879 4132 975 4187 spe
998 4118 1297 4178 gestientes
1325 4118 1621 4173 felicissimi
1649 4134 1965 4185 successus;

379 4226 484 4265 nec
518 4210 839 4269 dubitabant
873 4209 1029 4278 quin,
1083 4218 1141 4263 ut
1176 4209 1337 4262 initia
1379 4224 1438 4265 se
1480 4210 1705 4276 dabant,
1752 4211 1968 4265 cunctis

375 4305 445 4357 ai
492 4313 678 4356 votum
726 4301 1048 4365 liuentibus,
1107 4301 1275 4356 biduo
1328 4302 1582 4356 triduove
1628 4302 1967 4372 appellarent

374 4396 672 4465 Euripum,
708 4403 875 4465 atque
905 4392 1059 4462 apud
1088 4392 1178 4448 isti
1220 4393 1592 4449 dominantem
1644 4395 1838 4449 insula:
1874 4409 1967 4450 so-

2000 3156 2047 3217 C

2067 1925 2136 1977 τὰ
2174 1925 2305 1995 περὶ
2331 1923 2546 1988 τούτου,
2580 1923 2675 1977 καὶ
2702 1922 2885 1989 λόγοις
2903 1922 3217 1992 οἰκονομίας
3254 1918 3378 1974 οὗτε
3415 1920 3649 1989 πάμπαν

2068 2016 2300 2085 ἀνήνατο
2350 2012 2475 2068 οὔτε
2509 2014 2617 2084 μὴν
2654 2013 2943 2068 κατένευεν
2995 2013 3053 2076 ἑς
3108 2012 3168 2065 τὸ
3222 2009 3505 2073 παντελές.
3536 2011 3650 2072 Τάς

2069 2107 2202 2176 γοῦν
2234 2107 2489 2171 τοιαύτας
2545 2105 2818 2169 ἀναϐολὰς
2857 2106 3142 2176 μανθάνων
3187 2106 3393 2165 ἐκεῖνος
3454 2103 3651 2174 βουλὴν

2072 2198 2387 2270 βουλεύεται
2425 2199 2691 2270 κακίστην
2717 2196 2919 2267 μᾶλλον
2945 2197 2979 2266 ἢ
3008 2197 3258 2265 συνετὴν.
3291 2193 3652 2263 Ἐγγειτονῶν

2071 2290 2182 2360 γὰρ
2206 2290 2314 2344 τῶν
2336 2290 2653 2361 ἀνακτόρων
2686 2287 3145 2359 ἐγκεκλεισμένος
3174 2287 3308 2340 ὅπου
3339 2285 3405 2352 δὴ
3435 2286 3527 2339 καὶ
3555 2283 3656 2353 βα·

2073 2382 2256 2446 σιλεὺς
2286 2382 2442 2454 ᾤκει,
2475 2382 2617 2450 ἔγνω
2643 2380 2754 2450 πῦρ
2782 2381 2982 2433 ἐνιέναι
3016 2380 3131 2439 τοῖς
3167 2378 3364 2442 οἴκοις,
3402 2376 3477 2438 ὡς
3507 2376 3570 2445 δή
3599 2392 3654 2428 τι

2074 2476 2319 2544 γενναῖον
2372 2471 2696 2543 ποιούμενος
2738 2471 2800 2523 τι
2859 2471 2940 2533 εἰς
2994 2467 3237 2522 τοιοῦτον
3294 2466 3656 2537 ἀναρρίπτειν

2076 2649 2174 2707 sed
2230 2648 2483 2721 pluribus
2517 2647 2781 2703 continue
2809 2646 3029 2710 diebus,
3066 2644 3251 2716 quoad
3280 2644 3471 2701 infelix
3506 2646 3658 2698 navi-

2075 2743 2224 2815 gium
2257 2740 2583 2798 sustinendo
2610 2739 2785 2810 impar
2816 2739 3080 2810 rejectum
3104 2738 3169 2792 ad
3196 2736 3467 2792 thzedesti
3498 2751 3657 2791 oram

2076 2835 2153 2891 ibi
2186 2834 2327 2890 forte
2357 2833 2599 2890 inventis
2638 2822 2881 2903 Augusti‘
2916 2831 3211 2896 ministris,
3249 2844 3391 2901 quos
3422 2829 3659 2885 vehebat

2079 2926 2363 2999 fugitivos,
2404 2928 2459 2981 in
2511 2941 2707 2980 manus
2745 2923 2989 2981 tradidit.
3041 2922 3166 2979 liaac
3216 2933 3537 2993 postquam,
3592 2930 3657 2977 ut

2079 3020 2343 3087 iudicavi,
2392 3019 2670 3090 posterius
2708 3029 2861 3089 gesta
2883 3033 2947 3073 ex
2970 3017 3263 3072 occasione
3301 3031 3655 3087 prmoccupa-

2078 3115 2258 3169 vimus
2287 3127 2586 3183 exponere,
2620 3125 2902 3167 resumere
2942 3111 3190 3165 ordinem
3239 3116 3562 3174 eventuum,
3597 3121 3658 3166 et

2078 3206 2144 3263 ad
2166 3223 2229 3263 ea
2262 3222 2383 3278 qua:
2411 3206 2671 3276 deinceps
2702 3204 2818 3261 lieri
2848 3204 3081 3275 contigit
3109 3204 3301 3260 eadem
3327 3218 3436 3272 qua
3469 3214 3657 3259 trans-

2074 3310 2192 3354 acta
2237 3309 2369 3354 sunt
2429 3298 2573 3352 serie
2634 3297 2840 3353 referre
2885 3311 3192 3352 sermonem
3237 3295 3651 3353 debueramus:

2074 3392 2223 3463 piget
2277 3400 2458 3445 tamen
2502 3390 2630 3444 hinc
2670 3388 2955 3444 discedere
3005 3402 3115 3444 non
3173 3387 3431 3457 imposita
3489 3388 3654 3457 longe

2074 3482 2293 3553 negotio
2340 3482 2607 3538 clausula.
2637 3482 2747 3554 76
2782 3481 3034 3536 Addatur
3060 3495 3191 3551 ergo
3227 3482 3322 3552 qui
3355 3481 3516 3537 lentis
3556 3482 3653 3537 diu

2074 3577 2279 3633 dilatus
2310 3574 2612 3631 intervallis
2658 3574 2877 3629 tandem
2920 3575 3265 3644 supervenit,
3315 3575 3655 3630 novissimus

2073 3677 2128 3730 et
2162 3668 2323 3738 plane
2373 3667 2615 3736 tragicus
2657 3664 2857 3721 fabulae
2901 3676 3081 3721 actus.
3132 3665 3400 3722 Octavum
3434 3668 3547 3738 jam
3595 3668 3651 3722 in

2072 3760 2322 3815 custodia
2368 3760 2556 3814 infelix
2602 3758 2831 3814 Michael
2892 3774 3099 3814 annum
3135 3760 3474 3830 expleverat,
3525 3777 3655 3815 cunt

2072 3851 2405 3907 necessariis
2432 3852 2604 3922 ipsius
2630 3850 2844 3907 crebris
2868 3851 3235 3920 legationibus
3261 3851 3649 3919 imperatorem

2075 3944 2399 4015 urgentibus
2454 3951 2509 3999 et
2558 3957 2755 4013 magna
2806 3941 3234 4011 pollicentibus,
3290 3943 3338 3997 si
3388 3944 3650 3997 miserum

2072 4037 2339 4104 tantisper
2376 4034 2610 4089 vinculis
2641 4034 2883 4088 solutum
2929 4035 2994 4086 ad
3031 4050 3165 4088 suos
3208 4016 3395 4089 redire
3445 4036 3651 4103 permi-

2070 4129 2261 4191 sisset,
2291 4134 2569 4196 Augustus
2603 4140 2709 4179 non
2733 4125 2825 4179 ille
2845 4124 3066 4194 quidem
3091 4124 3384 4194 praefracte
3407 4127 3649 4195 negavit,

2070 4228 2163 4273 aut
2193 4233 2413 4272 omnem
2447 4216 2792 4286 supplicibus
2818 4215 3154 4285 impetrandi
3181 4216 3478 4285 aliquando
3498 4220 3645 4285 quod

2070 4316 2319 4376 peterent
2372 4321 2523 4376 Spem
2574 4298 2834 4369 abscidit,
2883 4321 3070 4359 verum
3120 4315 3302 4360 tamen
3344 4321 3444 4360 nec
3490 4308 3655 4378 plane

2070 4398 2412 4464 annuit,sed
2445 4397 2626 4453 verbis
2651 4396 2882 4465 placidis
2909 4406 2962 4451 et
2996 4399 3313 4457 exorabilis.
3345 4400 3437 4455 ubi
3476 4410 3654 4454 matu-

373 4503 564 4546 rorem
591 4488 855 4555 ipsorum,
879 4485 1208 4540 miserarum
1233 4485 1411 4539 anxie
1436 4486 1577 4555 fugae
1606 4484 1961 4540 formidinum
1998 4500 2042 4555 ι)
2073 4508 2194 4546 rum
2244 4491 2404 4556 foret,
2445 4489 2616 4546 animi
2666 4490 2905 4567 quadam
2957 4490 3199 4545 humana
3252 4492 3651 4562 significatione

374 4592 436 4639 et
471 4583 622 4653 longi
664 4579 911 4634 carceris
958 4593 1330 4651 aerumnarum
1368 4577 1531 4634 unice
1561 4578 1767 4642 securi,
1802 4588 1958 4633 tran-

377 4675 610 4744 quillam
636 4672 702 4727 de
721 4680 924 4726 caetero
950 4670 1117 4724 vitam
1148 4680 1392 4739 agerent.
1425 4669 1623 4725 Verum
1654 4671 1961 4727 intervertit

375 4779 703 4822 successum
765 4760 980 4817 cruenti
1036 4761 1199 4829 ccepti
1260 4776 1598 4832 persequens
1654 4762 1959 4819 homicidas

371 4861 629 4916 celestis
679 4858 837 4918 ultio.
882 4856 1155 4925 sanguine
1206 4855 1418 4909 scilicet
1455 4856 1780 4911 miserorum
1816 4872 1958 4926 quos

375 4956 637 5008 incautos
684 4956 1078 5019 oppresserant
1131 4946 1404 5001 clamante
1443 4947 1510 4999 ad
1552 4944 1745 5010 Deum,
1782 4955 1834 5002 et
1874 4966 1962 5005 re-

375 5059 593 5100 moram
621 5038 905 5111 injiciente
933 5038 1179 5109 fugitivis
1203 5038 1629 5094 ineluctabilent.
1661 5037 1757 5093 Vix
1788 5042 1956 5096 altum

372 5142 694 5199 tenuerant,
749 5148 874 5187 cum
924 5131 1006 5186 eis
1060 5130 1114 5185 in
1157 5130 1452 5185 adversum
1504 5138 1612 5184 tam
1663 5133 1960 5188 vehemens

371 5238 573 5285 auster
616 5225 896 5290 incubuit,
943 5234 1003 5279 ut
1053 5224 1234 5279 adhuc
1269 5232 1513 5279 tenentes
1540 5236 1756 5293 portum
1790 5242 1959 5284 naves

373 5322 433 5375 in
479 5320 576 5374 illa
625 5317 744 5387 ipsa
781 5323 899 5370 tuta
946 5314 1187 5371 statione
1220 5324 1567 5382 concuteret,
1594 5331 1659 5371 ac
1689 5332 1798 5391 quo
1842 5335 1961 5375 mo-

373 5419 567 5468 mento
603 5424 743 5464 aura
790 5407 1233 5488 inopinatissime
1277 5406 1506 5474 reﬂavit,
1551 5425 1658 5478 qua
1703 5427 1960 5481 persevc-

372 5507 559 5561 rantia
607 5503 853 5569 duravit,
893 5509 1108 5557 tantum
1140 5518 1249 5558 non
1291 5503 1435 5558 clare
1464 5514 1748 5574 appareret
1786 5508 1961 5561 scele-

374 5605 533 5661 ribus
580 5598 911 5673 fugientium
966 5597 1243 5653 infensum
1283 5596 1481 5652 calum
1523 5608 1780 5667 receptus
1824 5598 1959 5668 ipsis

375 5696 555 5752 securi
610 5706 815 5763 negare
865 5689 1202 5746 facultatem.
1239 5688 1360 5744 Non
1391 5689 1540 5744 enim
1575 5706 1683 5744 uno
1719 5691 1960 5746 alterove

388 5785 473 5843 die
497 5784 846 5846 intractabile
876 5781 1294 5841 violentissimis
1320 5782 1521 5839 austris
1546 5798 1694 5838 mare
1721 5781 1954 5851 hOl'l'lJll,

2072 4582 2316 4638 conditis
2374 4584 2540 4637 anxie
2604 4582 2974 4637 sollicitorum
3030 4592 3152 4638 vota
3207 4583 3483 4638 delinivit.
3539 4583 3655 4639 llas

2069 4675 2300 4730 Michael
2331 4674 2633 4731 Andronici
2669 4676 3153 4746 tergiversationcs
3191 4684 3250 4731 et
3292 4676 3645 4739 artificiosas.

2070 4767 2161 4821 ubi
2195 4766 2475 4838 cognovit,
2511 4766 2817 4821 detestatus
2858 4781 3064 4831 moras,
3107 4766 3402 4822 consilium
3446 4769 3549 4823 init
3592 4780 3649 4824 et

2070 4866 2253 4929 emptu
2288 4866 2341 4912 et
2369 4867 2569 4914 eventu
2613 4858 2797 4926 potius
2842 4858 3352 4927 desperatissimum
3384 4874 3448 4913 ac
3479 4862 3652 4931 pessi-

2071 4967 2218 5005 mum
2270 4966 2432 5020 quant
2491 4949 2602 5003 ullo
2649 4949 2864 5004 astutiae
2913 4949 3133 5019 ingenio
3181 4954 3644 5008 commendabile.

2066 5042 2202 5099 Cum
2251 5042 2397 5097 enim
2453 5042 2510 5096 in
2559 5040 2695 5095 turri
2737 5049 3054 5096 servaretur
3111 5041 3378 5097 Palatinis
3425 5046 3646 5101 admota

2068 5137 2276 5193 uadibus
2321 5137 2463 5190 intra
2509 5150 2651 5204 quas
2704 5134 2821 5203 ipse
2869 5132 3259 5189 diversabatur
3305 5133 3640 5204 imperator.

2069 5233 2220 5285 visus
2243 5228 2344 5285 sibi
2369 5238 2451 5283 est
2475 5240 2799 5297 generosum
2821 5224 3027 5295 aliquid
3050 5225 3320 5289 facturus,
3341 5225 3388 5280 si
3407 5225 3642 5281 ﬂammis

2069 5338 2170 5378 suo
2193 5322 2397 5376 carceri
2424 5318 2701 5387 subjectis
2731 5317 2905 5386 ipsius
2932 5332 3152 5387 quoque
3180 5316 3343 5372 invisi
3373 5318 3645 5387 principis

2068 5413 2387 5481 contiguum
2440 5407 2764 5463 incenderet
2819 5405 3187 5462 domicilium.
3245 5406 3415 5462 Nocte
3474 5408 3643 5478 igitur

2069 5508 2440 5575 intempesta,
2498 5505 2652 5572 prius
2704 5499 2977 5556 obseratis
3037 5498 3329 5568 diligenter
3397 5502 3641 5556 carceris

2070 5599 2267 5663 valvis,
2298 5598 2475 5666 ignem
2505 5593 2695 5663 injecit
2715 5593 2768 5647 in
2795 5604 3004 5647 structu
3032 5592 3303 5662 lignorum
3334 5590 3637 5655 aridorum,

2070 5707 2234 5761 quam
2267 5690 2392 5741 ante
2419 5690 2775 5754 congesserat
2805 5679 2993 5751 specie
3028 5680 3289 5736 habendae
3321 5685 3384 5734 ad
3414 5697 3638 5739 manuni

2070 5779 2311 5837 materia:
2341 5776 2667 5835 necessariae
2708 5773 2831 5831 foco
2875 5772 3111 5830 cubiculi
3153 5772 3373 5845 longum
3410 5773 3465 5829 in
3508 5783 3644 5834 tem.
