4094 6440
405 358 478 421 t7
1617 373 1941 436 GEORGII
1987 379 2472 444 PACHYMER/E
3622 383 3693 447 88

403 471 670 527 κίνδυνον.
727 474 838 528 Καὶ
865 475 930 546 δὴ
971 476 1167 541 νυκτὸς
1196 477 1338 549 ἀωρὶ
1387 479 1641 547 κάγκανα
1684 483 1815 548 ξύλα
1849 486 1993 538 ἐτοι-
2026 492 2072 548 Α

409 563 747 633 μασάμενος,
807 564 885 631 ὥς
932 567 1095 637 δῆθεν
1146 568 1498 639 θερμαίνοιτο
1559 573 1850 643 (χειμῶνος
1887 576 1995 647 γὰρ

407 652 711 724 ἐπράττετο
749 655 944 722 ταῦτα,
980 660 1109 730 περί
1131 677 1234 713 που
1262 662 1698 734 Σκιροφοριῶνος
1736 667 1802 719 τά
1833 671 1994 734 μέσα,

407 745 466 808 ὃς
492 746 642 799 ἐστιν
668 747 695 800 ὁ
722 748 1057 818 Δεκέὄριος),
1083 750 1183 815 τὰς
1223 751 1394 822 θύρας
1407 755 1521 824 ,τῆς
1563 757 1790 827 εἱρκτῆς
1818 760 1999 829 ἀσφα-

408 835 702 907 λισάμενος
755 840 968 895 ἔνδοθεν
1022 842 1133 913 πῦρ
1164 844 1390 915 ἐνίησιν,
1425 846 1453 900 ὂ
1480 847 1545 917 δὴ
1596 851 1689 902 καὶ
1721 850 1820 919 τῆς
1849 850 1999 919 ὥρας

408 930 803 1000 καταταχῆσαν
837 932 1038 1001 ἐξῆπτε
1072 936 1167 989 καὶ
1196 940 1310 1001 τοῖς
1348 939 1505 1003 ἐκτὸς
1541 941 1702 1010 δῆλον
1733 937 1822 1013 ἦν.
1857 943 2000 998 Φθά-

409 1019 573 1073 νειδέ
610 1021 708 1074 καὶ
743 1023 835 1074 τὸν
867 1022 1093 1093 βασιλέα
1129 1026 1516 1096 ἀγρυπνοῦντα
1547 1030 1627 1081 ἔτι
1656 1029 1715 1083 τὸ
1750 1031 1996 1099 γεγονός.

410 1113 519 1168 Καὶ
547 1110 605 1175 δς
632 1114 759 1173 τοὺς
807 1115 1184 1185 ἀμυνομένους
1225 1117 1326 1170 οὐκ
1369 1120 1598 1184 ἐκεῖνον,
1634 1121 1769 1174 ἀλλὰ
1799 1123 1858 1175 τὸ
1889 1102 2000 1192 πῦρ

413 1204 495 1264 εἰς
518 1204 849 1256 κατάσϐεσιν
878 1207 1194 1276 ἀπέπεμπε,
1247 1208 1360 1260 Καί
1388 1227 1470 1271 τις
1502 1211 1609 1264 τῶν
1639 1211 1814 1265 ἄλλων
1844 1216 2000 1265 ἐκτο-

415 1293 546 1360 μίας
615 1295 843 1363 Κάρὸας
901 1296 1192 1367 λεγόμενος
1256 1301 1581 1370 προφθάσας
1634 1304 1752 1366 ταῖς
1807 1303 2001 1373 θύραις

410 1387 788 1455 πῳσῆραττεν
809 1388 885 1451 ὡς
909 1390 1137 1455 ἀνοίξων
1156 1409 1170 1423 θ
1193 1392 1267 1455 ὡς
1290 1393 1334 1446 δ’
1363 1396 1462 1448 οὐκ
1477 1390 1544 1465 ἦν
1569 1396 1807 1464 ἀνοίγειν
1832 1398 2001 1467 ἠσφα-

411 1476 695 1546 λισμένας,
724 1478 936 1545 ἀξίναις
965 1484 1063 1546 τὰς
1100 1484 1267 1556 θύρας
1294 1488 1477 1550 αὐτοῖς
1523 1488 1743 1557 μοχλοῖς
1774 1491 1869 1542 καὶ
1897 1490 1999 1562 βα-

411 1568 708 1642 λανάγραις
745 1572 1109 1639 ἐξετίνασσον.
1165 1576 1332 1631 Οῠπω
1355 1579 1411 1632 δὲ
1456 1582 1637 1645 καλῶς
1663 1582 1693 1635 ὀ
1741 1584 2004 1654 ἐκτομίας

412 1661 553 1736 ἔφθη
575 1664 732 1720 οὐδοῦ
762 1666 1089 1732 ἐπισεὸαὼς,
1124 1670 1378 1734 κάκεῖνος
1419 1670 1630 1726 ἔνδοθεν
1656 1677 1723 1744 τῇ
1757 1676 2004 1746 μαχαίρᾳ

413 1759 794 1826 προσυπαντᾷ,
856 1757 952 1812 καὶ
979 1760 1091 1822 τοῖς
1122 1759 1462 1832 σπλάγχνοις
1491 1765 1697 1835 ταύτην
1741 1766 2003 1834 ἐμϐάλλει

413 1846 512 1900 καὶ
536 1842 696 1912 αὖθις
721 1848 889 1919 ἀλλην
918 1854 1012 1905 καὶ
1038 1851 1228 1921 τρίτην
1261 1854 1354 1907 ἐπὶ
1389 1854 1644 1920 ταύταις,
1681 1859 1774 1912 καὶ
1810 1859 2006 1930 νεκρὸς
2037 1835 2080 1892 Β

413 1940 446 1990 ὁ
470 1938 699 2009 πληγεὶς
728 1939 946 1994 αὐτίκα.
975 1943 1085 1997 Καὶ
1113 1942 1277 2005 εὐθὺς
1306 1946 1492 2001 πολλοὶ
1517 1949 1615 2017 μέν
1641 1949 2005 2022 ἐσεῤῥύησαν,

412 2029 477 2082 τὸ
503 2028 561 2083 δὲ
611 2031 992 2102 πελεκυφόρον
1026 2033 1214 2103 τάγμα
1248 2033 1549 2104 βασίλειον,
1583 2039 1906 2110 ἀγαιόμενοι
1933 2040 2008 2113 τῷ

418 2121 714 2192 συμϐάντι,
746 2125 1032 2181 πελέκεσιν
1059 2130 1264 2182 ἐκεῖνον
1290 2131 1535 2200 ἀνηλεῶς
1569 2133 2007 2202 κατακτείνουσι,

416 2213 620 2268 καὶτὸν
643 2214 816 2279 οὕτως
833 2216 940 2270 ὑπὸ
970 2224 1150 2291 τρυφῇ
1177 2221 1450 2291 τραφέντα
1478 2222 1584 2287 ἔξω
1612 2240 1716 2277 που
1746 2224 2012 2296 ἐκϐεϐλη-

421 2303 583 2374 μένον
611 2306 755 2361 κατά
784 2307 886 2380 τὴν
919 2311 1168 2380 ἀργυρᾶν
1198 2312 1502 2385 λεγομένην
1525 2317 1750 2379 εἰκαίως
1781 2333 1900 2381 πως
1918 2318 2011 2371 καὶ

416 2396 495 2457 ὡς
515 2393 674 2466 ἐτυχε
700 2396 1020 2453 θάπτουσιν.
1055 2401 1217 2455 Ἀ).λά
1244 2402 1418 2457 ταῦτα
1447 2404 1544 2473 μὲν
1564 2406 1620 2470 ἐς
1644 2406 1917 2473 τοσοῦτον,
1932 2409 2010 2472 είς

416 2484 621 2555 δεῖγμα
644 2486 753 2540 τῶν
776 2487 1132 2559 ἀνθρωπίνων
1176 2492 1545 2563 πραγμάτων,
1593 2496 1687 2549 καὶ
1711 2496 1793 2550 ὅτι
1828 2499 2010 2562 σκιαῖς

422 2578 625 2649 μᾶλλον
655 2580 688 2651 ἢ
720 2582 927 2647 τούτοις
957 2585 1238 2641 πιστεύειν
1264 2587 1509 2659 ἄμεινον.

394 2772 527 2827 ,ριιε
558 2758 776 2824 alendo,
814 2773 979 2832 prout
1006 2764 1159 2834 rigor
1190 2767 1460 2829 brumalis
1525 2777 1882 2845 tempestatis
1927 2792 2011 2830 rc-

420 2852 720 2919 quirehat:
757 2870 881 2908 nam
915 2858 1030 2912 haec
1063 2861 1212 2915 circa
1243 2862 1567 2921 Decembris
1604 2866 1849 2923 medium
1888 2879 2010 2925 arta

422 2948 577 2995 sunt.
608 2940 852 2997 Flamma
894 2955 1051 3015 rapto
1077 2945 1265 3005 fomite
1286 2952 1543 3006 celeriter
1569 2969 1757 3024 pyram
1791 2957 2008 3012 obviam

422 3036 700 3105 amplexa,
730 3038 1031 3097 luculentis
1063 3043 1213 3098 horae
1272 3048 1450 3115 spatio
1505 3050 1880 3107 inclaresccns
1917 3069 2014 3107 au—

424 3130 629 3196 ctibus,
672 3145 769 3201 per
794 3142 1147 3201 ertnnpentes
1170 3152 1200 3189 e
1237 3146 1382 3192 tecto
1402 3132 1561 3194 intra
1593 3143 1736 3210 quod
1768 3156 2009 3212 cmperat

2472 499 2581 562 κη’.
2616 495 2754 563 Περὶ
2788 494 2892 549 τοῦ
2935 494 3097 563 ἱεροῦ
3120 495 3321 564 ἄρτου.

2104 634 2109 639 .
2174 582 2240 654 [Ρ
2259 582 2354 657 48]
2401 584 2776 656 Ἐπηλήθευσε
2823 586 2879 638 δὲ
2931 589 3042 647 τοῖς
3097 586 3218 638 τότε
3270 585 3691 656 τετελεσμένοις

2102 676 2195 728 καί
2235 694 2285 729 τι
2322 676 2540 747 συμϐὰν
2576 677 2810 747 φοϐερὸν
2845 678 2947 747 μὲν
2992 678 3144 740 ίδεῖν,
3181 677 3413 747 φοϐερὸν
3441 676 3489 731 δ’
3518 680 3695 733 ἀκοῦ-

2104 783 2217 828 σαι,
2246 761 2306 821 οὗ
2340 767 2404 836 δὴ
2432 769 2525 820 καὶ
2551 768 2712 832 ἄλλος
2743 768 2873 822 ἄλλο
2904 786 2957 821 τι
3001 768 3066 822 ἂν
3096 768 3407 821 αἰτιάσαιτο
3442 769 3535 821 καὶ
3565 769 3695 824 ἄλλο

2102 858 2282 921 ἄλλος,
2306 860 2482 923 οὐδεὶς
2511 860 2558 914 δ’
2586 862 2673 924 ἂν,
2707 856 2886 931 οἶμαι,
2909 860 3169 931 εῦστοχον
3198 860 3321 929 θείη
3352 860 3452 928 τὴν
3482 863 3689 932 κρίσιν,

2101 949 2209 1002 κᾶν
2259 950 2430 1005 πολλά
2482 953 2655 1020 κάμοι
2703 952 3090 1023 προσερευνῶν
3118 970 3132 985 ο
3191 971 3209 1003 ι
3252 950 3349 1015 Τίς
3402 954 3515 1024 γὰρ
3550 954 3695 1021 ἔγνω

2102 1039 2228 1093 νοῦν
2256 1041 2489 1109 Κυρίου,
2519 1044 2599 1107 είς
2628 1043 2685 1096 δὲ
2714 1044 2781 1097 τά
2809 1043 3015 1113 ἔσχατα
3057 1043 3154 1114 τῆς
3184 1043 3380 1112 σοφίας
3411 1044 3579 1098 αὐτοῦ
3613 1046 3695 1111 τίς

2103 1127 2379 1196 ἀφίκετο;
2416 1147 2436 1180 ι
2478 1131 2646 1200 φησὶν
2687 1132 2716 1183 ὁ
2753 1130 2898 1185 Ἶώὁ.
2930 1129 3004 1184 Τδ
3026 1130 3073 1183 δ’
3109 1127 3178 1184 αὖ
3210 1133 3273 1183 ἐκ
3304 1130 3398 1185 τοῦ
3430 1136 3696 1203 παρεικό-

2101 1236 2193 1283 τος
2226 1222 2321 1274 ἐπὶ
2378 1225 2490 1285 τοῖς
2541 1224 2709 1286 θείοις
2743 1223 2965 1276 τοιαῦτα
3005 1224 3254 1291 γίνεσθαι
3284 1224 3465 1291 λέγειν
3515 1226 3546 1295 ἦ
3601 1227 3697 1281 καὶ
3737 1208 3749 1220 ’

2102 1312 2356 1379 δοξάζειν
2388 1311 2475 1369 οἷα
2501 1314 2566 1385 δὴ
2609 1316 2704 1368 καὶ
2729 1316 2992 1393 ἐροῦμεν,
3041 1317 3321 1380 μανίαισιν
3369 1316 3694 1387 ὑποκρέκει,

2106 1408 2239 1473 φησί
2292 1408 2581 1478 Πίνδαρος.
2629 1408 2788 1479 Ἐμοὶ
2824 1408 2869 1462 δ’
2922 1406 3070 1473 άπαξ
3120 1409 3359 1480 ἐμαυτὸν
3414 1411 3698 1462 καθεικότι

2104 1499 2185 1561 είς
2228 1497 2494 1565 ἀγγελίαν
2529 1498 2635 1552 τῶν
2678 1499 3013 1567 γενομένων,
3047 1499 3113 1570 ἦν
3155 1514 3259 1551 που
3310 1501 3407 1552 καὶ
3450 1497 3600 1568 παρά
3639 1500 3700 1551 τὺ

2104 1590 2253 1652 εἰκὸς
2283 1589 2535 1659 γέγονεν,
2589 1590 2651 1643 οὐ
2703 1590 2933 1654 δικαίως
2970 1590 3037 1645 ἂν
3066 1591 3162 1644 καὶ
3202 1590 3571 1659 παραιτητέον
3610 1590 3699 1658 εῗη

2105 1683 2134 1736 ὃ
2161 1700 2217 1755 τι,
2239 1683 2481 1752 λέγοιμι.
2518 1682 2697 1752 Νέμει
2727 1681 2840 1753 γὰρ
2862 1681 2922 1734 τὸ
2952 1681 3237 1753 θαῤῥεῖνή
3271 1681 3557 1751 ἀτρέκεια.
3588 1681 3700 1733 Καὶ

2105 1776 2262 1829 οὐδὲν
2287 1768 2692 1845 χεῖρον,οῐμαι,
2733 1774 2838 1828 ὑπὸ
2868 1773 2977 1828 τῶν
2998 1773 3440 1827 ἀκουσόντων-ἂν
3469 1772 3700 1842 πάθοιμι

2110 1863 2285 1933 λέγων
2300 1857 2377 1919 ὧν
2408 1863 2649 1931 ἐμαυτὸν
2671 1862 2803 1927 ῐσως
2833 1863 3102 1933 δράσαιμι
3131 1862 3206 1934 μὴ
3229 1863 3424 1917 είπών.
3456 1862 3701 1917 Ἐκεῖθεν

2115 1957 2214 2022 μὲν
2248 1957 2358 2027 γὰρ
2411 1954 2571 2019 δόξαν
2620 1954 2896 2010 ἀπώσαιτ’
2925 1954 2991 2007 ἄν
3030 1971 3113 2018 τις
3148 1952 3242 2008 τοῦ
3281 1954 3441 2008 πάντ’
3479 1953 3701 2024 ἐπέχειν

2110 2051 2177 2102 ἐκ
2208 2048 2501 2116 φιλαυτίας
2524 2048 2641 2110 τοῖς
2670 2045 2792 2100 τότε
2823 2045 3085 2116 ξυμσᾶσι,
3114 2046 3213 2098 καί
3236 2045 3287 2115 γ’
3314 2046 3541 2114 ἀνάγειν
3567 2046 3705 2115 πρὸς

2110 2139 2169 2193 ἐν
2204 2158 2259 2193 τι
2289 2142 2350 2194 τὸ
2382 2139 2457 2211 μὴ
2506 2139 2651 2194 κατά
2690 2138 2898 2211 τρόπον
2944 2139 3132 2191 ἐκεῖνα
3166 2139 3263 2192 καὶ
3295 2138 3573 2207 τάσφαλὲς
3604 2155 3701 2191 πε-

2112 2232 2382 2303 πρᾶχθαι·
2421 2230 2677 2285 ἐντεῦθεν
2730 2230 2788 2284 δέ
2841 2229 2957 2283 ἀλλ’
2987 2230 3036 2282 εί
3071 2230 3150 2300 μή
3185 2229 3239 2282 τί
3274 2246 3337 2298 γε
3390 2230 3590 2296 πλέον,
3624 2229 3703 2299 τῷ

2111 2323 2243 2391 γοῦν
2276 2322 2473 2376 ἑκόντα
2505 2320 2880 2392 παρατρέχειν
2905 2320 2966 2374 τὸ
2997 2318 3276 2388 ξυμπεσδν
3298 2321 3364 2374 ἐκ
3392 2318 3700 2389 δαιμονίου,

2111 2409 2309 2483 οῐμαι,
2368 2412 2631 2483 προνοίας
2690 2410 3000 2483 ρυπαίνοιτ⁹
3050 2411 3118 2465 ἂν
3184 2412 3218 2483 ἡ
3277 2410 3403 2464 καθ’
3460 2411 3706 2481 ἱστορίαν

2111 2506 2365 2578 ἀλήθεια.
2400 2505 2491 2575 Τῷ
2515 2522 2598 2558 τοι
2623 2503 2902 2558 καὶτοῦτο
2922 2504 3060 2577 πρὸς
3089 2506 3203 2566 τοῖς
3230 2503 3416 2567 ἄλλοις
3435 2503 3703 2571 λεγέσθω,

2111 2599 2274 2671 δεῖμα
2306 2598 2406 2670 μὲν
2438 2600 2606 2670 φέρον
2633 2596 2771 2652 Θεοῦ
2800 2598 3086 2666 προνοίας,
3126 2597 3266 2669 πρὸς
3299 2597 3327 2650 δ
3365 2614 3420 2650 τι
3447 2596 3503 2649 δὲ
3548 2595 3706 2666 φέροι

2113 2781 2214 2835 tati
2279 2778 2551 2833 natalium
2605 2788 2888 2847 opumque
2954 2787 3020 2828 ac
3077 2771 3363 2827 titulorum
3404 2768 3705 2825 illustrium

2114 2870 2396 2942 Splendori
2423 2883 2584 2940 quam
2613 2867 2827 2921 umbris
2855 2879 3086 2935 prorsus
3118 2861 3381 2917 inanibus
3404 2858 3704 2914 ﬁdendum.

2608 2956 2698 3013 28.
2733 2956 2810 3010 De
2840 2972 2994 3010 sacro
3045 2970 3201 3024 pane.

2188 3054 2300 3109 lluc
2336 3068 2525 3121 porro,
2563 3061 2623 3105 ut
2649 3051 2715 3102 ad
2765 3048 3085 3104 intermissa
3119 3060 3206 3100 me
3259 3042 3518 3104 referam,
3567 3048 3709 3095 tem-

2118 3161 2249 3214 pure
2284 3154 2425 3197 tetro
2456 3151 2510 3196 et
2536 3147 2857 3210 portentoso
2882 3137 3266 3206 experimento
3300 3131 3707 3202 deprehensum

424 3217 679 3274 fumosos
715 3221 973 3278 immistis
1005 3223 1265 3282 scintillis
1300 3227 1517 3295 globos,
1561 3244 1738 3298 usque
1790 3230 1854 3284 ad
1889 3246 2015 3286 sen-
2041 3206 2083 3263 δ
2118 3206 2201 3292 est
2231 3252 2296 3290 ex
2321 3251 2451 3289 vero
2476 3231 2771 3287 convenire
2790 3229 2961 3286 sacris
2995 3227 3203 3283 nostris
3234 3227 3399 3296 vulgo
3435 3224 3517 3279 eis
3550 3222 3709 3276 attri-

425 3327 550 3367 sum
593 3324 748 3368 extra
777 3315 1094 3385 degentium
1132 3318 1187 3372 in
1223 3318 1473 3389 pruiimo
1534 3319 1739 3375 indicia
1780 3322 1866 3376 sui
1897 3337 2017 3391 per-

426 3403 572 3458 tulit.
611 3401 743 3458 Rem
770 3406 834 3460 in'
859 3408 1050 3477 primis
1116 3409 1300 3465 adhuc
1366 3411 1721 3466 commodum
1778 3413 2016 3483 vigilans

425 3497 711 3565 Augustus
742 3501 1169 3570 animadvertit;
1227 3520 1293 3560 ac
1345 3509 1574 3577 raptim,
1628 3524 1724 3578 pro
1757 3508 2017 3562 instantia

426 3589 687 3659 periculi.
721 3592 993 3647 satellites
1016 3602 1290 3664 quotquot
1309 3596 1374 3650 ad
1414 3612 1638 3652 manum
1690 3598 1866 3662 fuere,
1905 3600 2022 3668 jus-

429 3682 505 3736 sit
531 3696 824 3738 accurrere
849 3686 915 3738 ad
952 3699 1252 3753 carcerem,
1297 3703 1407 3742 non
1471 3705 1674 3759 ptenas
1712 3691 2021 3747 intlirturos

429 3773 798 3839 incendiaria,
836 3790 999 3845 quem
1038 3776 1219 3833 adhuc
1249 3778 1375 3847 quis
1410 3788 1560 3835 esset
1592 3783 1892 3843 nesciebat,
1927 3786 2020 3836 sed

428 3865 749 3920 incendium
787 3868 964 3936 ipsum
1001 3870 1402 3924 exstincturus.
1442 3873 1586 3925 Ante
1605 3887 1795 3927 omnes
1823 3871 1887 3927 ad
1912 3872 2028 3941 jus-

436 3974 562 4013 sum
604 3958 843 4014 evolavit
882 3962 1198 4028 eunuchus,
1231 3962 1442 4018 Carbas
1476 3966 1723 4029 nomine,
1776 3966 2028 4022 tentatis—

437 4064 548 4119 que
596 4048 830 4118 foribus,
891 4052 999 4122 77
1062 4052 1155 4107 ubi
1221 4054 1465 4109 munitas
1540 4056 2028 4125 imponetrahiliter

438 4145 630 4212 sentit,
685 4146 975 4202 securibus
1019 4147 1281 4202 efl‘ractas
1338 4162 1462 4202 cum
1506 4149 1645 4204 seris
1698 4150 1859 4203 simul
1895 4150 2028 4219 ipsis

434 4257 501 4293 at:
532 4241 781 4295 vectibus
814 4241 1057 4309 subruit,
1125 4241 1531 4311 obstaculaque
1588 4243 1845 4298 amolitus
1883 4243 2028 4299 iutto

438 4332 714 4401 irrumpit.
742 4329 843 4385 Vix
875 4331 1052 4386 limini
1088 4331 1279 4400 pedem
1336 4333 1624 4401 iniecerat.
1674 4350 1800 4388 cum
1838 4333 2030 4389 adver-

438 4438 536 4478 sus
567 4425 791 4477 irruens
831 4423 1061 4477 Michael
1101 4437 1287 4477 ensem
1313 4425 1361 4477 ei
1388 4424 1559 4494 adigit
1586 4427 1638 4478 in
1678 4428 1912 4491 viscera,
1944 4442 2032 4482 re-

442 4515 746 4583 petitis-que
772 4515 854 4571 his
881 4524 1031 4569 terve
1063 4515 1342 4570 similibus
1377 4515 1553 4585 plagis
1584 4517 1848 4572 miserum
1885 4527 2026 4574 ster-
2057 4552 2100 4602 ι)

439 4626 476 4664 n
504 4609 878 4664 texanimem.
922 4607 1003 4662 Ad
1035 4607 1303 4663 facinoris
1330 4607 1673 4663 atrocitatem
1710 4611 1934 4670 subitis.
1967 4621 2026 4666 ut

439 4702 527 4764 tit.
590 4700 933 4757 clamoribus
1012 4708 1293 4757 momento
1350 4700 1648 4771 divulgatis
1713 4702 2029 4758 conﬂuxere

441 4791 627 4846 statim
661 4789 908 4860 plurimi,
939 4799 995 4844 et
1015 4790 1159 4845 inter
1198 4790 1297 4846 hos
1321 4792 1522 4847 cohors
1579 4794 2025 4864 securigerorum

443 4883 725 4955 excubare
757 4884 823 4938 ad
859 4882 1065 4955 regiam
1099 4883 1285 4939 solita.
1328 4884 1393 4939 lli
1436 4896 1670 4941 cruento
1711 4889 2028 4956 spectaculo

445 4975 684 5037 perculsi
721 4983 1005 5030 auctorem
1037 4974 1204 5029 cadis
1238 4973 1484 5039 nefaria.
1549 4976 1631 5031 ira
1671 4992 1888 5032 omnem
1931 4980 2031 5031 mi-

446 5069 766 5125 sericordia:
788 5083 1012 5123 sensum
1046 5069 1336 5134 obruente,
1390 5068 1690 5124 crudeliter
1742 5069 2029 5125 securibus

447 5159 832 5213 conciderunt.
865 5157 1049 5213 Talem
1080 5169 1275 5214 nactus
1314 5158 1473 5215 linem
1512 5168 1598 5215 est
1630 5159 1775 5215 filius
1796 5157 2029 5216 Joannis

449 5254 941 5321 sebastocratoris,
980 5270 1142 5325 quem
1189 5255 1351 5325 longe
1380 5254 1740 5310 dissentanea
1777 5255 2026 5310 mollitiei

450 5346 773 5418 principalis
831 5347 1185 5403 educationis
1233 5348 1518 5415 sepultura
1587 5346 1670 5403 sic
1749 5355 2029 5401 mortuum

449 5444 686 5508 rxcepit,
722 5440 892 5495 ltutno
926 5449 1129 5495 temere
1155 5439 1352 5508 injecta
1409 5438 1611 5503 obiter,
1647 5439 2035 5509 contemptim-

449 5534 916 5604 quetumulatum
951 5535 1075 5587 loco
1107 5532 1339 5603 profano
1385 5541 1539 5586 extra
1591 5532 1805 5593 urbem,
1864 5547 2033 5602 prope

451 5627 707 5695 paludem
740 5641 860 5695 qua:
890 5625 1093 5679 dicitur
1127 5629 1421 5692 Argentea.
1482 5623 1604 5679 Haec
1646 5625 1858 5693 prolata
1882 5626 2033 5680 velut

455 5718 510 5771 in
539 5718 820 5787 specimen
854 5717 963 5771 sint
990 5715 1251 5769 vanitatis
1284 5730 1607 5784 pomparum
1630 5717 2027 5785 humanarum;

455 5824 579 5879 quae
618 5816 771 5866 recte
804 5807 930 5880 quis
948 5808 1252 5876 aestimans,
1307 5824 1412 5863 non
1451 5809 1574 5879 plus
1613 5820 1820 5879 reputet
1871 5811 2034 5869 rlari-

2123 3330 2306 3382 bulam
2357 3323 2776 3396 appellationem
2840 3320 2950 3374 τῶν
2996 3318 3438 3388 τετελεσμένωνς
3498 3315 3593 3370 sed
3645 3330 3708 3367 ea

2120 3419 2321 3474 rariori
2363 3417 2585 3473 notione
2607 3430 2712 3486 qua
2755 3413 2861 3467 ista
2891 3410 3170 3467 interdum
3214 3427 3315 3465 vox
3351 3408 3620 3479 pollutum
3656 3414 3712 3458 et

2122 3512 2558 3567 contaminatum
2594 3507 2847 3577 designat
2875 3505 3186 3575 quidpiam.
3218 3502 3463 3571 Contigit
3500 3501 3711 3569 quippe

2127 3620 2212 3657 res
2238 3603 2357 3657 visu
2378 3600 2597 3671 quidem
2651 3596 2958 3662 horribilis,
3004 3595 3198 3649 auditu
3231 3594 3365 3664 quin
3408 3593 3576 3646 etiam
3626 3590 3712 3643 itt-

2129 3693 2323 3759 landa;
2356 3692 2516 3759 cujus
2547 3689 2711 3743 aliam
2738 3687 2829 3741 alii
2861 3701 3080 3742 causam
3111 3684 3201 3739 ubi
3246 3682 3540 3754 quantavis
3572 3696 3708 3733 cou-

2128 3784 2406 3839 tendendo
2434 3781 2871 3851 perscrutatione
2913 3777 3255 3848 quaesierint,
3287 3785 3383 3829 aut
3416 3774 3497 3828 vel
3544 3788 3710 3839 argu-

2131 3876 2360 3931 tissimis
2405 3873 2517 3928 nixi
2553 3872 2892 3942 ttonjecturis
2943 3869 3301 3940 assignarint,
3336 3865 3481 3922 haud
3521 3874 3706 3918 tamen

2128 3981 2281 4025 certo
2313 3966 2524 4039 judicio
2558 3966 2827 4021 definiant
2885 3964 2967 4019 vel
3014 3977 3126 4033 quo
3161 3978 3256 4032 per
3293 3960 3546 4015 homines
3578 3972 3712 4011 Cun-

2134 4068 2341 4116 tractus
2372 4072 2504 4112 casu
2539 4058 2621 4112 vel
2655 4071 2765 4127 quo
2800 4056 2892 4110 Dei
2922 4054 3156 4110 consilio
3185 4053 3491 4123 permissus
3532 4048 3714 4103 fmdus

2132 4156 2222 4210 hic
2253 4163 2307 4209 ct
2324 4151 2607 4208 infaustus
2644 4160 2881 4207 eventus
2911 4149 3099 4204 fuerit.
3130 4146 3268 4214 Quis
3303 4146 3449 4201 enim
3506 4157 3713 4212 cogno-

2133 4250 2212 4303 vit
2239 4262 2465 4303 sensum
2496 4244 2761 4300 Domini?
2801 4244 2909 4298 Aut
2939 4242 3089 4311 quis,
3149 4248 3204 4294 ut
3244 4237 3346 4294 Job
3396 4236 3495 4302 ait,
3539 4251 3716 4305 usque

2133 4343 2200 4397 ad
2236 4341 2459 4397 ultimos
2492 4339 2615 4407 eius
2651 4336 2934 4407 sapientiae
2965 4333 3214 4406 pervenit
3245 4330 3556 4388 terminos?
3580 4329 3713 4383 Nam

2138 4451 2288 4491 mera
2316 4433 2525 4489 fortuiti
2556 4430 2867 4488 temeritate
2889 4444 3181 4491 occursus,
3208 4428 3346 4481 citra
3400 4425 3566 4479 ullam
3590 4437 3714 4476 cer-

2133 4538 2219 4584 tos
2249 4534 2569 4597 sequentem
2602 4524 2739 4578 ﬂues
2794 4522 3048 4577 Numinis
3097 4528 3295 4575 cuncta
3330 4517 3574 4587 regentis
3605 4516 3718 4586 78

2132 4617 2559 4690 providentiam,
2594 4614 2709 4671 fieri
2762 4612 3029 4683 cernique
3064 4610 3245 4682 qualia
3292 4624 3414 4663 mox
3470 4606 3713 4661 referam

2131 4708 2225 4778 qui
2263 4707 2475 4761 diceret
2540 4714 2636 4759 aut
2690 4703 3063 4767 existimaret,
3100 4701 3268 4770 hujus
3326 4699 3582 4769 equidem
3632 4697 3716 4750 vel

2132 4798 2550 4852 amrmationem
2585 4794 2666 4849 vel
2715 4791 3046 4849 sententiam
3100 4792 3278 4846 ausim
3325 4791 3510 4846 dicere
3554 4788 3715 4859 juxta

2131 4891 2457 4954 Pindarum,
2492 4886 2635 4942 haud
2683 4886 2841 4954 longe
2873 4899 2900 4938 a
2941 4885 3128 4939 furore
3190 4884 3534 4952 discrepare.
3582 4880 3714 4935 Mihi

2133 4991 2412 5050 utcunque
2461 4978 2703 5033 insuavis
2761 4976 2965 5031 accidit
3023 4975 3477 5031 commemoratio
3529 4973 3763 5044 istius--

2134 5073 2279 5127 modi
2317 5077 2694 5126 monstrorum
2727 5066 3083 5137 inauspicata:
3118 5065 3438 5131 mentionis,
3475 5079 3582 5118 non
3631 5073 3719 5119 est

2134 5175 2314 5218 tamen
2368 5162 2622 5222 liberum,
2666 5173 2730 5211 ex
2790 5172 2903 5226 quo
2935 5158 3097 5211 istam
3139 5155 3286 5209 ultro
3334 5156 3714 5210 necessitatem

2134 5258 2303 5322 subii,
2341 5262 2594 5325 suscepta
2638 5252 2988 5322 professione
3040 5252 3451 5321 qualescunque
3482 5266 3573 5306 res
3623 5265 3717 5318 ge-

2134 5357 2250 5404 stas
2278 5344 2606 5416 exponendi,
2658 5343 2726 5398 ab
2778 5343 2866 5397 his
2917 5343 3129 5411 scripto
3164 5342 3489 5395 mandandis
3546 5339 3718 5395 absti-

2134 5457 2284 5495 nere.
2321 5440 2380 5494 lu
2416 5453 2527 5507 quo
2561 5435 2835 5505 intrepide
2867 5433 3171 5488 allirmandi
3207 5432 3337 5488 facit
3366 5433 3581 5487 animos
3611 5433 3718 5487 evi-

2133 5534 2318 5588 dentia
2353 5530 2733 5587 testatissimae
2772 5528 3060 5595 veritatis;
3121 5544 3224 5583 nec
3252 5530 3491 5582 deterret
3517 5528 3717 5604 verisi-

2137 5626 2340 5680 militer
2397 5632 2733 5693 excepturus
2813 5620 3195 5676 narrationem
3261 5634 3439 5675 meam
3492 5620 3716 5689 quidam

2137 5720 2336 5773 horror
2362 5716 2749 5770 auditurorum
2791 5727 2858 5766 ex
2921 5728 3010 5767 me
3050 5727 3241 5768 casum
3279 5713 3429 5767 dictu
3469 5711 3716 5784 fmdum;

2136 5812 2319 5883 qualia
2348 5809 2568 5865 delicati
2602 5805 2747 5878 genii
2773 5805 3009 5864 lectores
3033 5807 3175 5865 haud
3200 5806 3313 5864 fere
3340 5807 3475 5862 citra
3510 5805 3716 5863 indicit
