4094 6424
305 406 379 468 89
1270 405 1370 466 DE
1408 403 1856 467 ANDRONICO
1898 403 2360 467 PALEOLOGO
2405 407 2547 468 LIB.
2593 405 2645 467 Ι.
3497 398 3568 462 90

304 518 341 585 ἢ
396 512 671 585 παρελθὸν
726 513 760 582 ἢ
831 512 1093 583 ἐσόμενον
1146 511 1220 575 ὡς
1296 515 1447 599 sine;
1501 515 1888 584 ἀγνοούμενον.
1924 516 1964 570 Α
2000 533 2098 583 μος
2125 515 2219 569 οὖν
2264 516 2446 570 ἰδόντα
2490 515 2810 587 παραυτίκα
2842 513 3109 583 λαμόάνει
3147 513 3238 566 τὸν
3266 512 3438 599 ἱερέα,
3480 517 3574 566 καὶ

315 607 536 676 Ἡμέρα
588 606 690 675 μὲν
738 599 834 659 οὗν
882 607 981 675 τῆς
1017 606 1081 678 [Ρ
1114 604 1206 678 49]
1257 606 1482 677 τυρινῆς
1541 606 1894 679 κυριὼνυμος

303 696 418 750 τότ’
450 696 733 765 ἐφίστατο,
782 695 966 748 ἐκάλει
993 696 1050 749 δὲ
1083 697 1176 749 τὸν
1216 698 1302 750 ἐπ’
1334 698 1634 768 ἐκκλησίας
1677 699 1893 768 ἱερουρ-

307 786 513 855 γοῦντα
563 784 626 838 τὸ
678 784 951 853 σύνηθεςο
999 786 1060 839 τὸ
1106 787 1152 839 δ’
1204 783 1271 856 ἦν
1321 789 1384 842 τὸ
1415 788 1894 858 προηγιασμέναις

308 880 613 948 ἀναφοραῖς
648 877 710 930 τὸ
735 877 882 945 ἱερὸν
909 879 1097 942 πυξίον
1115 879 1174 943 ἐς
1207 880 1235 932 ὃ
1262 898 1315 932 τι
1342 881 1578 950 μάλιστα
1614 879 1893 950 ἐμπιπλᾷν

307 973 453 1025 κατὰ
504 970 703 1041 χρείαν
750 969 862 1023 τῶν
910 971 1264 1039 τεταγμένων
1317 970 1698 1041 λειτουργιῶν.
1741 972 1894 1024 Ἐπεὶ

306 1061 442 1130 γοῦν
469 1061 756 1114 τετέλεστο
808 1061 909 1130 μὲν
942 1063 974 1131 ἠ
1020 1066 1121 1132 τῆς
1172 1063 1323 1132 ίερᾶς
1373 1062 1563 1126 Θυσίας
1598 1064 1847 1133 ἀναφορά
1873 1102 1889 1126 ,

301 1154 677 1229 ἀνεπτύσσετο
710 1151 767 1206 δὲ
794 1152 857 1206 τδ
896 1151 1087 1217 πυξίον
1124 1154 1210 1222 ἐφ’
1238 1149 1282 1222 ᾧ
1310 1158 1438 1218 τοὺς
1470 1156 1652 1223 ἱεροὺς
1692 1154 1891 1224 ἄρτους

298 1245 556 1315 τεθῆναι,
588 1244 828 1315 εὕρηταί
858 1263 946 1306 τις
970 1246 1135 1309 εὐθὺς
1172 1247 1322 1310 ἐντὸς
1351 1248 1460 1301 τῶν
1507 1247 1893 1316 προηγιασμὲ-

300 1357 414 1393 νων
459 1340 737 1409 ἀναφορὰ,
765 1338 834 1409 ἥν
867 1339 930 1409 δὴ
971 1340 1066 1393 καὶ
1121 1341 1313 1394 είκασέ
1340 1358 1424 1405 τις
1449 1341 1593 1412 ὀρῶν
1624 1341 1755 1412 μίαν
1782 1342 1893 1395 τῶν

300 1428 477 1500 τριῶν
510 1431 741 1484 ἐκείνων
770 1426 936 1492 εἶναι,
963 1431 1028 1502 ἢν
1076 1433 1172 1484 καὶ
1197 1431 1299 1501 τῆς
1325 1432 1489 1500 ἁγίας
1519 1434 1615 1486 καὶ
1649 1431 1893 1501 μεγάλης

302 1521 580 1593 Τετράδος
607 1522 910 1592 μέλλουσαν
935 1523 1323 1593 ἀναφέρεσθαι,
1346 1524 1562 1595 συμϐὰν
1583 1525 1726 1592 τότε,
1755 1525 1891 1579 καθ-

300 1613 380 1679 ὼς
424 1614 717 1677 λέλεκται,
751 1616 828 1685 μὴ
869 1615 940 1669 τὰ
980 1615 1081 1686 τῆς
1130 1617 1285 1688 ἱερᾶς
1328 1617 1652 1688 τελεσθῆναι
1702 1617 1896 1682 θυσίας

300 1706 393 1760 διὰ
444 1706 546 1776 τὴν
597 1705 689 1759 ἐπ’
720 1705 1023 1776 ἐκκλησίας
1064 1708 1177 1762 τῶν
1227 1707 1707 1778 ὲκκλησιαστικῶν
1763 1709 1894 1781 παρ’

299 1797 708 1868 οίιινδηποτοῦν
732 1798 831 1869 ὀψὲ
864 1800 964 1871 τῆς
994 1800 1145 1874 ὥρας
1180 1804 1471 1872 γεγονυῖαν
1512 1800 1889 1874 συγχώρησιν,

300 1890 489 1942 ἱκετσέ
526 1906 631 1943 που
662 1890 966 1960 ἀφεθεῖσαν
984 1893 1084 1964 τῆς
1115 1894 1368 1960 πράξεως
1399 1895 1615 1949 κεῖσθαι
1641 1895 1894 1949 συνέϐαι-

298 1998 419 2035 νεν.
462 1981 528 2032 Ἦ
554 1980 600 2034 δ’
626 1983 901 2052 ἡχρείωτο
930 1984 1163 2054 πάμπαν
1203 1986 1300 2039 καὶ
1348 1988 1590 2057 σέσηπτο
1609 2027 1625 2053 ,
1655 1986 1731 2051 ὡς
1765 1988 1893 2059 μηδ’

301 2074 492 2129 εἰκόνα
522 2076 716 2146 φέρειν
747 2076 944 2149 ἄρτου,
981 2080 1055 2149 μὴ
1090 2080 1172 2133 ότι
1204 2079 1260 2148 γ’
1288 2081 1454 2150 ἄρτον
1498 2082 1595 2136 καὶ
1624 2083 1890 2153 ἀμηγέπη

302 2166 643 2234 φαίνεσθαι,
683 2167 821 2220 ἀλλά
862 2185 986 2222 τινα
1033 2169 1203 2224 τύπον
1254 2170 1603 2243 θρυμμάτων
1642 2172 1893 2242 μελάνων

301 2258 582 2329 θηριακῆς
608 2259 642 2329 ἦ
668 2276 816 2324 τινος
847 2259 1011 2314 ἄλλου
1039 2262 1289 2316 τοιούτου
1320 2264 1727 2335 σκευάσματος.
1757 2265 1894 2337 Τρό-

301 2437 514 2495 faStidii
546 2447 603 2494 et
624 2440 784 2509 quasi
823 2439 1255 2499 abominabundi
1305 2444 1737 2499 transmiserint.
1764 2446 1893 2500 Ete-

300 2532 417 2587 nim
454 2530 588 2586 dum
620 2539 817 2604 reputo
864 2549 983 2591 rem
1036 2535 1323 2601 attentius,
1373 2536 1533 2592 facile
1568 2538 1749 2593 sentio
1785 2536 1890 2592 im-

300 2621 434 2691 pelli
468 2635 556 2676 me
603 2620 673 2677 ad
726 2623 871 2679 idem
927 2625 1382 2694 conspirantibus
1434 2627 1488 2682 in
1523 2642 1717 2691 unum,
1765 2626 1893 2682 hinc

308 2721 568 2783 respectu
595 2712 936 2784 iudiciorum
967 2716 1299 2784 alienorum,
1331 2718 1461 2772 hinc
1492 2718 1697 2789 proprii
1728 2717 1891 2773 officii

306 2803 659 2875 praescripto,
701 2820 827 2861 cum
867 2820 968 2861 nec
999 2808 1192 2877 utique
1241 2824 1329 2864 me
1357 2808 1534 2877 fugiat
1582 2810 1791 2879 culpari
1824 2810 1892 2865 ab

310 2895 545 2951 eruditis
574 2896 898 2963 historicos,
927 2898 974 2954 si
1007 2914 1145 2969 quos
1198 2901 1663 2972 deprehenderint
1714 2903 1895 2971 indng

320 3000 447 3056 gere
470 2987 684 3057 privato
716 2996 927 3060 gustui,
961 2991 1159 3044 damno
1190 2993 1466 3045 memoria:
1504 2992 1756 3062 publicae,
1794 3009 1891 3048 ac-

322 3081 710 3136 commodanda
743 3083 1063 3138 narratione
1089 3085 1154 3136 ad
1189 3098 1394 3139 cenam
1419 3085 1727 3140 adamatam
1758 3087 1892 3155 ipsis

314 3170 714 3229 concinnitatis
739 3171 944 3228 fucosae
973 3175 1233 3244 speciem,
1276 3191 1439 3245 quam
1468 3176 1647 3244 quoad
1701 3176 1891 3231 confe-

308 3266 508 3329 cezint,
548 3264 686 3320 nihil
719 3266 878 3337 pensi
910 3266 1153 3322 habeant
1212 3268 1568 3324 dissimulare
1599 3285 1664 3324 ac
1711 3271 1891 3325 detor-

310 3372 483 3428 quere
517 3357 572 3410 in
612 3357 866 3427 subjecto
896 3366 1240 3428 argumento,
1284 3360 1329 3414 si
1380 3359 1512 3430 quid
1564 3360 1655 3415 isti
1706 3360 1897 3415 forma:

305 3450 579 3505 reluctari
636 3453 1021 3506 contumacius
1072 3451 1354 3516 viderint;
1404 3468 1503 3506 nec
1541 3452 1896 3508 dissimulare

308 3539 523 3609 possim
550 3540 801 3595 convicia
826 3539 1203 3605 conscientias,
1225 3542 1355 3611 quid
1384 3555 1565 3596 meum
1600 3557 1629 3596 a
1665 3558 1749 3596 me
1778 3560 1896 3596 mu-

307 3645 416 3684 nus
454 3630 662 3699 exigat,
717 3632 1013 3695 monentis,
1067 3631 1452 3700 edicentisque
1509 3634 1740 3702 quadam
1777 3634 1896 3687 ine-

268 3788 277 3795 _
313 3721 556 3777 xorabili
589 3721 892 3776 severitate
920 3734 1172 3775 censurae
1202 3737 1309 3786 me,
1345 3722 1392 3777 si
1426 3722 1651 3777 conscio
1675 3723 1897 3777 silentio

310 3811 639 3869 involverim
690 3812 836 3881 quod
900 3827 1046 3867 nunc
1109 3811 1298 3867 divino
1346 3812 1487 3867 haud
1540 3813 1705 3867 dubie
1761 3821 1894 3868 nutu

311 3903 571 3974 contigit,
597 3902 890 3968 maculam,
915 3902 963 3957 si
995 3901 1131 3956 nihil
1161 3902 1333 3967 aliud,
1360 3903 1675 3959 inusturum
1705 3919 1898 3974 quam-

308 3994 438 4048 dam
494 3991 771 4075 historipze
815 3991 1059 4046 veritati.
1123 3990 1304 4057 Quare
1345 3992 1479 4047 illud
1528 3999 1657 4047 ante
1711 3993 1895 4048 omnia

314 4088 561 4153 dicatur,
621 4083 821 4139 divinae
871 4083 1091 4153 quidem
1127 4086 1504 4138 characterem
1538 4083 1899 4153 providentia:

311 4182 656 4251 praeferens;
724 4177 793 4231 de
851 4190 962 4243 quo
1008 4185 1190 4229 tamen
1244 4177 1539 4244 prudenter
1593 4177 1899 4233 aestimetur

312 4271 561 4343 ignorari
595 4269 727 4338 quid
762 4267 983 4323 tandem
1038 4268 1121 4322 vel
1154 4268 1413 4338 respiciat
1448 4271 1784 4338 praeteritum
1812 4271 1895 4324 vel

311 4368 620 4431 auguretur
647 4374 713 4414 ac
743 4357 1033 4429 portendat
1067 4365 1415 4413 eventurum.
1448 4357 1738 4414 Dominica
1770 4361 1897 4416 illu-

313 4464 476 4510 xerat
512 4453 736 4524 proprio
761 4452 1031 4506 vocabulo
1065 4451 1213 4506 dicta
1254 4451 1459 4522 Tyrine
1482 4466 1512 4505 a
1565 4452 1712 4507 casei
1768 4462 1899 4506 tunc

1992 608 2021 660 ὅ
2047 624 2101 660 τι
2132 606 2332 678 πράξοι
2365 608 2506 677 (οὐδὲ
2560 608 2672 676 γάρ
2720 602 2789 677 ἦν
2844 608 3051 660 ἑκείνον
3081 605 3240 685 ὲνοβν
3281 594 3570 667 εἰς’κατά-

1992 696 2156 765 ληψιν
2203 700 2314 761 τοίς
2362 699 2720 767 προσφάτοις)
2775 699 3050 751 διενοεῖτο.
3102 699 3213 751 Καὶ
3245 696 3305 749 τδ
3337 700 3570 766 πρᾶγμα

1993 788 2224 858 φοϐερὸν
2259 790 2456 854 ἔδοξεν,
2486 791 2549 843 οὐ
2580 790 2752 843 παθὸν
2780 790 2938 843 τόσον
2966 790 3088 842 ὅσον
3124 789 3315 858 φανὲν.
3344 790 3573 857 ἐπείπερ

1993 881 2063 935 τὰ
2090 881 2193 949 τῆς
2226 882 2566 953 εὐθετήσεως
2585 885 2959 953 ὴμηχάνηται.
3003 883 3198 936 Τοίνυν
3229 883 3321 935 καὶ
3352 885 3433 946 είς
3461 901 3580 936 κοι-

1992 973 2089 1043 νὴν
2111 973 2242 1026 θέαν
2264 975 2562 1045 προύτέθη,
2581 976 2675 1028 καὶ
2693 975 2757 1027 τὸ
2782 974 3035 1044 ποιητέον
3063 974 3281 1042 μεθ’ὄτι
3310 976 3573 1044 πλείστης

1994 1063 2238 1133 ἐζητεῖτο
2289 1066 2386 1134 τῆς
2422 1066 2733 1131 εὐλαϐείας.
2788 1067 2928 1120 Ἀλλ’
2971 1066 2999 1120 ὃ
3029 1063 3097 1139 ἦν
3132 1067 3227 1120 καὶ
3269 1069 3444 1121 ἐδόκει
3479 1071 3572 1122 καὶ

1993 1154 2205 1222 πρέπον
2234 1150 2324 1228 ἦν,
2379 1158 2442 1210 τὸ
2492 1156 2681 1228 περιὸν
2721 1157 2819 1227 τῆς
2870 1158 3233 1228 παραλλαγῆς
3266 1160 3367 1211 οὐκ
3400 1160 3573 1212 ἐδίδου

1992 1246 2264 1311 γίνεσθαι.
2295 1249 2389 1300 καὶ
2415 1247 2478 1317 δὴ
2509 1247 2649 1317 πρὸς
2670 1247 2770 1318 τὴν
2801 1250 3109 1321 μετάληψιν
3135 1250 3312 1303 ὀκνῶν
3339 1253 3367 1303 ὁ
3395 1253 3577 1321 ἱερεὺς

1993 1338 2054 1391 οὔ
2104 1339 2383 1408 προσίετο.
2419 1340 2537 1407 Θεῷ
2590 1341 2639 1394 δ’
2680 1342 2979 1411 ἀναφέρειν
3023 1342 3198 1406 ἄλλως
3248 1344 3347 1396 οὐκ
3395 1341 3462 1414 ἦν
3502 1344 3577 1413 μὴ

1951 1505 1954 1508 ,
1997 1428 2368 1497 μεταλαϐόντα
2399 1430 2467 1484 τά
2496 1430 2663 1502 δῶρα.
2692 1433 2800 1485 Καὶ
2826 1431 2981 1486 ἔνθεν
3012 1432 3113 1502 μὲν
3147 1434 3333 1499 φόϐος,
3367 1434 3579 1487 ἐκεῖθεν

1993 1520 2041 1574 δ’
2077 1520 2286 1591 ἀπορία
2316 1523 2444 1586 τοὺς
2492 1524 2810 1593 θεωμένους
2839 1524 3251 1595 διεμεριζέτην,
3285 1526 3387 1578 οὒκ
3429 1526 3582 1596 ἕχον-

1992 1628 2094 1675 τας
2148 1612 2177 1666 ὅ
2222 1629 2275 1666 τι
2311 1613 2409 1667 καὶ
2458 1612 2745 1685 πράξοιεν.
2787 1614 2848 1669 '0
2893 1614 3024 1680 γοῦν
3056 1617 3225 1688 φόϐος
3278 1618 3380 1681 τὰς
3425 1618 3580 1686 σφῶν

1994 1703 2223 1775 γνώμας
2261 1703 2583 1759 συνέστελλε
2618 1706 2758 1777 πρὸς
2787 1707 2919 1775 μίαν
2950 1710 3043 1762 καὶ
3075 1708 3174 1780 τὴν
3220 1709 3393 1782 αὐτὴν
3425 1709 3577 1777 ἄγων

1997 1795 2215 1868 βουλὴν,
2232 1798 2294 1852 τὸ
2322 1799 2414 1853 τὸν
2436 1799 2613 1871 ἱερέα,
2635 1800 2741 1854 κᾶν
2756 1800 2786 1854 ὃ
2807 1818 2858 1854 τι
2883 1801 2976 1855 καὶ
2995 1803 3179 1866 πάθοι,
3204 1802 3578 1873 προσήσεσθαι

1992 1885 2056 1939 τὸ
2102 1888 2452 1958 φαινόμενον.
2509 1889 2615 1944 Τοῦ
2664 1889 2723 1944 δὲ
2754 1891 2876 1961 μηδ’
2927 1892 3066 1954 ὅλως
3103 1895 3363 1962 προσιτὸν
3396 1895 3576 1947 ἐκεῖνο

1990 1975 2309 2045 νομίζοντος
2357 1979 2481 2048 μηδ’
2512 1980 2705 2051 ἄκροις
2731 1980 2804 2044 ὡς
2836 1982 3017 2035 εἰπεῖν
3049 1981 3256 2050 χείλεσι
3293 1982 3353 2034 τὸ
3400 1983 3579 2052 παρά-

1993 2068 2182 2137 παν,ή
2218 2068 2424 2137 ἀπορία
2459 2071 2938 2141 παρατολμήσασα
2993 2070 3279 2142 ἐσχεδίαζε
3322 2072 3578 2143 μηχανὴν

1992 2154 2131 2207 πολὺ
2164 2154 2264 2226 μὲν
2279 2158 2389 2210 τῶν
2412 2157 2581 2225 ἀξίων
2604 2160 2963 2237 ἀποδέουσαν,
3000 2162 3308 2229 ἀναγκαίαν
3333 2161 3379 2214 δ’
3398 2161 3578 2224 ἄλλως

1994 2246 2137 2318 ὑπὲρ
2194 2250 2305 2305 πᾶν
2362 2250 2553 2320 ἕτερον
2587 2251 2616 2305 ὃ
2662 2251 2727 2324 δὴ
2778 2254 2875 2307 καὶ
2912 2255 3188 2327 ἐννοήσειὲ
3217 2271 3302 2318 τις
3332 2255 3578 2309 πώποτε.

1994 2436 2208 2499 tempus
2234 2447 2249 2497 ;
2283 2445 2393 2500 quo
2423 2430 2601 2500 spatio
2631 2440 2888 2503 corrupta
2916 2433 3131 2488 scilicet
3178 2447 3243 2487 ac
3274 2431 3432 2503 plane
3454 2432 3572 2503 jam

1994 2522 2174 2590 putris
2251 2521 2549 2578 destinatis
2613 2524 2797 2593 inepta
2847 2523 3041 2580 usibus
3092 2523 3270 2578 fuerat
3335 2524 3573 2589 reddita,

1992 2611 2197 2682 quippe
2228 2627 2349 2683 quae
2374 2629 2443 2670 ne
2475 2616 2712 2685 speciem
2737 2615 2959 2683 quidem
2989 2616 3250 2671 retineret
3276 2616 3454 2686 panis,
3482 2617 3577 2671 sed

1992 2703 2226 2758 formam
2255 2707 2551 2775 quamdam
2586 2710 2815 2763 haberet
2846 2708 3283 2778 fragmentorum
3325 2716 3574 2765 atrorum

1993 2796 2256 2852 theriaca:
2296 2809 2391 2853 aut
2420 2800 2616 2856 similis
2671 2801 2901 2856 alterius
2931 2801 3297 2856 confectionis
3329 2802 3451 2872 ejus
3485 2817 3579 2870 ge-

1993 2887 2165 2941 neris.
2208 2885 2443 2959 Diriguit
2484 2891 2601 2945 visu
2645 2901 2874 2962 repente
2920 2892 3356 2962 inOpinatissimo
3388 2907 3576 2948 sacer-

1995 2979 2116 3042 dos,
2144 2987 2198 3033 et
2227 2988 2468 3036 tremore
2500 2985 2672 3039 totius
2705 2985 2953 3052 corporis
2978 2984 3262 3038 horrorem
3292 2998 3357 3038 ac
3381 2992 3573 3039 aestum

1995 3072 2167 3126 animi
2202 3074 2512 3141 declarans,
2577 3076 2824 3131 incertus
2872 3074 3005 3144 quid
3042 3084 3251 3145 ageret,
3307 3076 3573 3131 haerebat.

1999 3165 2186 3234 Neque
2227 3166 2370 3220 cnim
2427 3167 2657 3223 miscere
2711 3183 2770 3222 se
2838 3167 3070 3236 putabat
3124 3181 3286 3237 posse
3335 3177 3574 3223 veterem

1999 3256 2145 3311 illam
2191 3259 2516 3328 particulam
2571 3274 2694 3312 cum
2737 3259 3074 3323 recentibus,
3116 3260 3298 3329 quasi,
3353 3270 3413 3314 ut
3463 3260 3573 3323 hae,

1998 3347 2078 3403 sic
2106 3348 2196 3401 illa
2221 3346 2404 3402 offerri
2472 3351 2819 3419 percepturis
2873 3358 3057 3418 posset
3091 3358 3147 3404 et
3176 3349 3447 3425 sacrificio
3504 3365 3576 3405 ex

1999 3441 2474 3509 praesanctificatis
2528 3443 2853 3498 celebrando
2906 3444 3068 3513 digna
3113 3442 3295 3496 hostia
3334 3445 3576 3498 censeri.

1998 3531 2134 3587 Cum
2165 3547 2297 3602 ergo
2342 3533 2407 3586 ad
2457 3535 2833 3601 spectaculum
2883 3542 2992 3587 tam
3029 3532 3301 3597 deforme,
3338 3533 3405 3586 ad
3463 3542 3573 3587 tam

1999 3638 2201 3693 anceps
2262 3625 2521 3693 utrinque
2553 3624 2886 3694 periculum,
2918 3634 3144 3680 arcente
3185 3625 3314 3679 hinc
3345 3634 3401 3678 et
3449 3624 3579 3679 inde

2001 3725 2172 3773 metu.
2200 3724 2259 3770 et
2292 3724 2474 3770 tamen
2521 3715 2722 3784 agendi
2789 3717 3124 3770 necessitate
3152 3715 3405 3769 cunctari
3446 3729 3577 3781 pro-

2002 3806 2245 3870 hibente,
2275 3806 2369 3860 diu
2419 3804 2883 3861 deliberabundus
2916 3806 3203 3875 expediret
3258 3804 3434 3871 nihil;
3477 3802 3578 3858 de-

2000 3896 2168 3966 nique
2200 3897 2453 3951 adhibuit
2492 3899 2917 3953 circumstantes
2945 3898 3014 3951 ad
3049 3897 3367 3957 consilium,
3410 3909 3578 3948 voca-

2003 3986 2184 4056 tisque
2236 3996 2461 4041 ostenso
2510 3986 2655 4056 quod
2726 3987 2968 4054 videbat,
3037 3986 3171 4056 quid
3236 3999 3375 4053 opus
3432 3984 3578 4037 facto

2003 4077 2285 4132 videretur
2322 4092 2617 4146 suggerere
2651 4092 2720 4133 ne
2745 4086 3125 4146 gravarentur,
3176 4089 3392 4131 summa
3447 4089 3580 4129 con-

2001 4170 2246 4224 tentione
2304 4170 2699 4225 demississime
2730 4170 2929 4224 oravit.
2998 4168 3197 4224 Statim
3251 4167 3581 4223 occurrebat

2000 4263 2214 4319 cunctis
2246 4264 2396 4319 factu
2431 4266 2702 4334 optimum
2728 4264 2867 4327 fore,
2892 4265 2935 4319 si
2970 4265 3216 4333 fragmen
3244 4262 3389 4318 sacri
3421 4260 3582 4332 panis

2001 4358 2283 4413 mucidum
2340 4358 2474 4414 illud
2524 4366 2579 4413 et
2641 4365 2913 4413 vetustate
2977 4357 3272 4410 alteratum
3323 4354 3580 4410 sacerdos

2002 4450 2215 4506 edendo
2252 4460 2620 4517 consumeret,
2660 4465 2942 4522 vacuoque
2966 4449 3078 4519 jam
3124 4449 3238 4505 vasi
3269 4463 3296 4500 a
3329 4463 3388 4504 se
3417 4446 3579 4501 modo

309 4547 497 4602 adhuc
523 4562 627 4602 usu
661 4546 970 4614 permisso;
1001 4558 1110 4614 qua
1146 4544 1285 4598 ritus
1329 4550 1632 4599 consuetus
1666 4544 1895 4599 vocabat
1926 4563 1971 4618 ι)
2001 4550 2320 4599 consecrata
2381 4544 2624 4609 recentia
2679 4543 2918 4598 inderet.
2977 4540 3085 4596 Sed
3132 4549 3240 4594 tam
3279 4547 3420 4592 tetra
3458 4544 3579 4591 erat

310 4639 661 4694 sacerdotem
691 4638 757 4691 ad
816 4637 1206 4706 praeparandas
1239 4636 1294 4691 in
1353 4652 1511 4691 saera
1560 4637 1756 4706 pyxide
1799 4646 1894 4691 .tot

309 4731 621 4786 oblationes
658 4728 968 4784 consecrati
994 4727 1170 4794 panis,
1229 4738 1364 4799 quot
1418 4729 1481 4781 ad
1530 4728 1894 4783 celebrandas

309 4823 471 4896 juxta
506 4838 715 4877 morem
738 4823 1011 4877 instantes
1045 4820 1295 4891 liturgias
1330 4836 1395 4875 ex
1421 4821 1895 4891 praesanctilicatis

313 4913 629 4981 oportebat.
685 4910 785 4966 Ubi
827 4925 962 4981 ergo
1019 4918 1124 4976 est,
1162 4910 1437 4964 incruenti
1466 4910 1575 4979 79
1636 4908 1892 4964 sacriﬁcii

309 5011 540 5075 peracta
602 5001 927 5066 functione,
980 5009 1169 5070 aperta
1215 4998 1373 5070 pyxis
1410 5001 1478 5053 ad
1541 4999 1895 5053 collocandos

312 5100 460 5167 intra
485 5111 606 5150 eam
637 5103 992 5149 consecratos
1037 5108 1231 5163 panes,
1283 5093 1508 5147 inventa
1554 5092 1706 5146 intus
1737 5108 1892 5163 qua:-

310 5190 439 5244 dam
492 5185 747 5256 apparuit
786 5199 853 5239 ex
904 5182 1378 5255 praesanctificatis
1430 5181 1671 5246 oblatio,
1727 5196 1894 5252 quam

311 5281 440 5351 quis
479 5281 704 5334 intuens
750 5277 1127 5347 suspicaretur
1184 5291 1347 5331 unam
1376 5289 1445 5331 ex
1494 5276 1565 5330 iis
1594 5290 1720 5331 esse
1776 5290 1898 5345 qua:

313 5387 463 5428 anno
494 5371 767 5440 superiori
815 5368 953 5424 feria
1007 5376 1207 5439 quarta
1257 5366 1611 5422 hebdomadas
1666 5367 1896 5437 majoris

313 5478 441 5518 cum
490 5460 676 5517 offerri
728 5460 1032 5527 debuisset,
1083 5460 1266 5516 oblata
1317 5459 1541 5515 minime
1572 5458 1794 5525 fuerat,
1837 5468 1899 5514 ut

315 5554 625 5610 indicatum
663 5562 750 5610 est
777 5555 1057 5624 superius,
1113 5562 1339 5624 propter
1379 5568 1658 5610 recessum
1723 5554 1899 5610 eccle-

319 5647 677 5703 siasticarum
716 5662 781 5701 ex
807 5644 1063 5710 ecclesia,
1096 5645 1573 5714 qualibuscunque
1609 5643 1678 5699 de
1712 5645 1918 5701 causis-

313 5755 649 5811 praeversum
685 5740 1033 5795 caeremoniae
1074 5738 1270 5793 debitae
1318 5738 1413 5792 tali
1476 5737 1612 5804 diei,
1648 5751 1712 5793 ac
1768 5752 1899 5807 pro-

316 5835 594 5901 ptereaibi
638 5833 822 5890 fuerat
847 5831 1038 5888 relicta
1077 5833 1432 5903 neglectaque
1464 5831 1533 5888 ad
1587 5831 1692 5888 hoc
1723 5845 1898 5902 usque

1998 4635 2119 4705 ejus
2153 4634 2384 4702 species,
2435 4642 2497 4690 ut
2549 4643 2764 4690 tantum
2806 4635 3079 4704 imperare
3109 4633 3391 4709 stomacho
3438 4631 3581 4685 cele-

1998 4728 2168 4783 brans
2191 4742 2249 4782 se
2288 4735 2515 4796 negaret
2537 4742 2719 4797 posse.
2749 4743 2812 4781 ac
2850 4743 2916 4782 ne
2943 4726 3177 4781 summis
3226 4726 3449 4795 quidem
3473 4724 3575 4778 ‘la-

1996 4818 2113 4873 bris
2156 4819 2293 4874 adeo
2338 4818 2622 4873 rancidum
2682 4820 2920 4873 frustum
2996 4817 3227 4871 omnino
3277 4817 3579 4871 sustineret

1997 4909 2289 4979 attingere.
2317 4911 2431 4980 80
2458 4911 2681 4966 Ahsolvi
2730 4919 2913 4965 tamen
2950 4908 3286 4963 sacrificium
3331 4923 3435 4960 non
3478 4922 3580 4978 po-

1997 5008 2161 5067 terat,
2187 5001 2293 5056 nisi
2327 5011 2667 5057 statueretur
2693 5002 2841 5057 circa
2897 5001 3005 5056 hoc
3031 4999 3315 5069 quidpiam
3351 5007 3405 5052 et
3436 5013 3575 5068 quo-

2000 5097 2379 5165 modocunque
2449 5104 2796 5150 amoveretur
2865 5095 2992 5148 inde
3062 5093 3400 5149 nauseabilis
3476 5093 3577 5145 ista

2001 5188 2361 5243 Eucharistia:
2402 5202 2576 5243 sacrae
2631 5186 2834 5256 portio.
2889 5186 3030 5241 Inita
3075 5186 3310 5255 denique
3358 5184 3441 5238 via
3494 5194 3581 5240 est

2001 5282 2174 5351 magis
2216 5282 2404 5351 utique
2449 5280 2763 5336 necessaria
2809 5295 2975 5349 quam
3012 5277 3236 5342 decens,
3293 5277 3360 5331 ad
3411 5292 3577 5344 quam

2000 5383 2197 5446 sponte
2227 5373 2488 5431 sacerdos
2531 5363 2934 5443 multo'angore
2958 5371 3266 5427 cruciatum
3330 5369 3573 5424 animum

2001 5468 2219 5522 tandem
2286 5465 2543 5520 advertit.
2602 5463 2811 5519 Divinae
2869 5463 3131 5519 nimirum
3217 5457 3583 5513 Providentia

2000 5557 2424 5626 permittendam
2454 5556 2670 5623 putavit
2713 5551 3195 5622 consumptionem
3228 5549 3478 5604 ultimam
3513 5548 3582 5602 il-

2009 5647 2115 5702 lius
2147 5644 2438 5714 fragmenti
2464 5648 2629 5709 sacri,
2667 5643 2983 5714 seponendo
3016 5641 3146 5696 illud
3205 5638 3261 5694 in
3290 5637 3578 5693 seductum

2002 5737 2207 5804 locum,
2246 5736 2435 5807 qualia
2460 5737 2514 5790 in
2556 5735 2818 5792 sacrariis
2861 5733 3048 5806 parari
3081 5731 3343 5801 antiquus
3393 5731 3579 5787 eccle-

2003 5830 2207 5887 siarum
2253 5844 2391 5885 usus
2425 5829 2676 5885 obtinet:
2715 5825 2934 5882 furnum
2972 5830 3221 5883 sanctum
3249 5823 3423 5880 nostri
3477 5837 3577 5878 vo-
