4094 6396
325 398 397 464 93
1286 402 1382 461 DE
1420 397 1866 463 ANDRONICO
1907 402 2372 464 PAL/EOLOGO
2409 402 2560 463 LIB.
2602 402 2654 462 ῐ.
3532 389 3600 454 9's

329 512 426 564 καὶ
459 515 771 581 προστιγὲν
813 512 1247 580 ἀσφαλισθὲντος
1301 515 1399 567 τοῦ
1443 515 1600 569 οἴκου
1639 515 1873 585 βεϐαίως
1900 555 1915 581 ,
1946 522 1991 578 Δ
2020 518 2317 573 καὶτοῦτο.
2371 517 2514 572 Καθ’
2542 516 2578 570 ἃ
2620 516 2683 585 δὴ
2718 513 2892 565 πάντα
2946 510 3142 572 αὐτοὺς
3193 501 3404 575 ἀθιγείς
3437 505 3600 568 ὄντας

330 601 402 655 τὰ
430 601 569 655 αὐτά
596 597 668 673 ἦν
701 604 796 655 καὶ
839 602 1007 657 πάλιν
1048 606 1161 668 τοῖς
1200 605 1492 675 πρότερον.
1530 608 1639 659 Καὶ
1673 604 1829 671 αὖθις
1856 611 1919 677 ἐν

331 698 446 757 τοῖς
472 695 720 765 Χαρσιου
750 690 889 765 αἷμα
913 697 1015 767 τῆς
1045 696 1257 758 εἰκόνος
1288 697 1383 750 τοῦ
1407 697 1667 767 λαμπρὸν
1696 702 1752 753 ὲν
1782 703 1924 772 μάρ-

335 801 461 838 τυσι
489 784 802 853 λάμποντος
831 785 1110 854 Γεωργίου
1144 784 1386 855 δαψιλῶς
1423 786 1715 852 ἁνέΰλυζε.
1755 790 1921 843 Ταῦθ’

333 877 478 946 ὁρῶν
501 875 530 929 ὁ
557 877 787 945 κρατῶι
836 876 1108 947 δειδήμων
1133 875 1229 936 ὣν,
1266 879 1342 940 ὡς
1390 879 1451 931 τὸ
1476 880 1675 950 ἀληθὲς
1712 883 1919 946 εἰπεῖν,

334 969 467 1038 περὶ
491 969 559 1022 τὰ
580 967 809 1022 τοιαῦτα
848 970 944 1022 καὶ
977 966 1242 1039 εὐλαϐὴς,
1268 970 1436 1038 φόδον
1460 971 1525 1022 οὐ
1554 974 1750 1043 μικρὸν
1782 968 1920 1044 εἶχε,

337 1064 539 1130 μήπως
572 1062 695 1132 Θεῷ
741 1061 936 1114 δοκοῦν
984 1062 1216 1124 ἐκεινοις
1274 1065 1572 1134 προσέχειν
1610 1066 1777 1129 αὐτὸς
1834 1051 1923 1118 ἐπ’

335 1152 524 1215 ἄλλοις
556 1151 670 1222 ἔχοι
713 1152 809 1205 τὸν
838 1150 965 1203 νοῦν
997 1152 1092 1205 καί
1133 1151 1185 1218 γ’
1219 1153 1325 1218 ἔξω
1356 1155 1451 1206 τοῦ
1495 1155 1642 1209 θείου
1681 1157 1927 1225 θελήμα-

333 1258 428 1303 ’.ος
457 1242 865 1311 osa-apameae.
899 1245 1064 1298 Ὅθεν
1096 1246 1191 1299 καὶ
1250 1248 1544 1315 συγκαλῶν
1594 1253 1920 1320 παρεκάλει,

335 1340 432 1386 καὶ
465 1334 573 1403 ἰδίᾳ
623 1334 721 1387 καὶ
780 1335 1071 1406 φανερῶς,
1110 1341 1389 1394 καθιστὼν
1437 1345 1688 1404 συνόδους
1735 1344 1921 1408 λαῶν,

334 1428 596 1493 γενέσθαι
625 1427 755 1480 ποτὲ
786 1428 887 1498 τῆς
917 1431 1142 1501 εἰρήνης
1185 1434 1361 1502 ἠξίου,
1409 1435 1505 1486 καὶ
1538 1434 1752 1487 ἀπιδεῖν
1788 1437 1924 1505 πρὸς

336 1520 439 1586 τὴν
491 1519 593 1581 τῆς
631 1518 966 1590 Ἐκκλησὶας
1018 1524 1295 1592 ὁμόνοιαν.
1341 1522 1484 1577 Ἀλλ’
1517 1526 1616 1578 οὐκ
1667 1525 1882 1578 ἔπειθεν
1909 1543 1923 1558 ο

334 1604 406 1676 ἦν
458 1609 570 1678 γὰρ
615 1607 849 1670 ἐκείνοις
907 1611 1161 1679 φανερῶς
1223 1614 1663 1680 προσιστάμενον
1715 1614 1776 1665 τὸ
1830 1612 1924 1666 τοῦ

348 1700 556 1768 Ἰωσὴφ
571 1700 918 1769 μνημόσυνον
948 1704 1037 1753 καὶ
1069 1702 1130 1754 τὺ
1152 1703 1249 1771 τῆς
1290 1701 1641 1775 Ἐκκλησίας,
1663 1706 1737 1770 ὼς
1761 1705 1926 1777 ᾤοντο

337 1793 619 1862 λέγοντες,
649 1791 947 1862 ρύπασμα,
981 1795 1352 1866 κοινωνούσης
1382 1799 1729 1868 ἀφορισμοίς.
1768 1797 1929 1866 Ἀφο-

2024 610 2285 675 καθὰπαξ
2310 611 2414 663 τῶν
2434 607 2811 680 ῥυπασμάτων
2840 604 3037 665 αὐτοὺς
3068 600 3164 653 καὶ
3188 599 3286 669 τὴν
3312 595 3603 667 διόρθωσιν

2022 704 2266 764 δικαίους
2299 697 2438 754 εἶναι
2496 700 2784 767 πράττειν,
2841 695 3017 757 ἄλλως
3063 690 3118 745 δὲ
3174 689 3296 760 μηδ’
3351 685 3601 741 ὁπωσοῦν

2024 792 2424 861 καταδέχεσθαι
2456 791 2557 861 τὴν
2582 789 2859 855 ὁμόνοιαν.

2025 906 2125 959 λα’,
2162 904 2301 972 Περὶ
2335 902 2445 972 τῆς
2484 897 2854 972 ἀνακομιδῆς
2886 897 2989 951 τοῦ
3029 894 3326 972 ᾼειψάγου
3353 891 3461 945 τοῦ
3490 904 3601 943 πα-

2484 970 2767 1041 τριάρχου
2812 971 2867 1023 Ἀ
2871 968 3047 1036 pcrer
3050 985 3145 1021 ου.

2096 1062 2205 1119 Ἦν
2249 1065 2346 1135 μὲν
2397 1063 2491 1118 οὖν
2536 1065 2630 1116 καὶ
2662 1062 2727 1134 [Ρ
2758 1060 2851 1132 52]
2896 1060 3005 1112 τῶν
3044 1053 3409 1127 Ἀρσενιατῶν
3459 1067 3603 1105 τισιν

2028 1158 2403 1229 εἶρηνεύσασι,
2456 1157 2552 1208 καὶ
2607 1152 2823 1222 μάλισθ’
2889 1152 2972 1203 ὅτι
3010 1149 3105 1201 καὶ
3143 1148 3281 1200 κατὰ
3314 1145 3374 1198 τὸ
3412 1145 3608 1211 Ἀτρα-

2031 1252 2251 1320 μύττιον
2285 1247 2654 1310 συνελθοῦσιν,
2679 1245 2756 1308 ὡς
2783 1243 3019 1313 εἴρηται,
3044 1237 3381 1293 ἐσπούδαστο
3410 1235 3603 1297 ταῦτα,

2025 1337 2093 1409 ἦν
2132 1340 2225 1394 οὖν
2260 1340 2380 1391 τότε
2431 1336 2526 1391 καὶ
2581 1334 2768 1402 σφίσιν
2801 1334 2987 1400 ἔφεσις
3015 1330 3110 1383 ἐπὶ
3157 1328 3271 1389 τοῖς
3314 1322 3603 1395 προτέροις

2027 1435 2261 1497 ἐκείνοις
2285 1426 2643 1494 ἀνακομίζειν
2670 1427 2729 1479 τὸ
2761 1423 2921 1493 σῶμα
2949 1424 3009 1475 τὸ
3045 1418 3325 1491 ’Ᾱρσενεου
3359 1418 3422 1469 ὲκ
3446 1417 3610 1485 Προι-

2029 1526 2313 1594 κοννήσου.
2374 1521 2439 1575 Οἳ
2473 1519 2536 1590 δὴ
2585 1519 2680 1571 καὶ
2734 1515 2893 1576 αὖθις
2929 1512 3142 1583 βασιλεῖ
3191 1509 3608 1581 προσανέφερον

2030 1616 2124 1670 καὶ
2153 1612 2359 1684 ἠξίουν.
2395 1611 2544 1676 Πλὴν
2573 1610 2668 1662 καὶ
2698 1602 2941 1677 σκέμμα
2965 1623 3016 1657 τι
3055 1602 3191 1673 βαθὺ
3227 1601 3323 1654 καὶ
3357 1599 3606 1667 γενναῖον

2029 1711 2087 1763 ἐν
2118 1707 2336 1770 τούτοις
2360 1701 2449 1775 ἦν,
2477 1703 2553 1765 ὡς
2568 1700 2797 1766 ἔδειξεν,
2831 1698 3098 1764 ἀξιοῦσιν·
3130 1696 3158 1748 ὁ
3181 1694 3289 1762 γὰρ
3311 1693 3386 1753 ὡς
3407 1691 3610 1750 ἀδίκως

2027 1800 2316 1870 ἐκϐληθεὶς
2341 1797 2435 1850 ἐπὶ
2466 1796 2564 1865 τὴν
2593 1793 2864 1863 προτέραν
2901 1788 3069 1858 τιμὴν
3115 1786 3457 1870 ἀναγόμενος
3490 1776 3606 1849 εἶχε

342 1884 543 1952 ρισμὶν
586 1883 634 1937 δ’
668 1884 860 1954 ἔλεγον
913 1888 1006 1939 τὸν
1042 1886 1138 1940 τοῦ
1179 1887 1462 1957 Ἀρσενιου
1517 1888 1655 1959 πρὸς
1701 1889 1922 1960 Ἰωσήφ.
1960 1876 1999 1931 Β
2027 1868 2223 1963 δηλοῦν
2263 1887 2510 1942 ἐντεῦθεν
2563 1884 2654 1939 τὸν
2695 1882 2893 1953 Ἰωσὴφ
2947 1878 3274 1947 ἐπιϐήτορα,
3315 1868 3360 1942 ᾧ
3401 1873 3465 1943 δὴ
3513 1871 3608 1924 καὶ

341 1974 459 2026 Οὐκ
487 1971 607 2029 οἴδα
637 1975 695 2029 δὲ
725 1977 776 2030 ει
820 1979 915 2030 καὶ
949 1978 1017 2031 τὰ
1046 1978 1500 2050 ὡρκωμοτημένα
1529 1982 1695 2034 πάλαι
1724 1981 1800 2051 μὴ
1833 1981 1928 2032 λοι-

341 2064 512 2119 σόντα
572 2067 747 2132 λύσιν,
778 2066 814 2121 ἃ
844 2068 907 2138 δὴ
941 2068 1085 2138 ἔχειν
1115 2070 1261 2123 λύειν
1293 2073 1750 2142 ὲγκεχωρημὲνον
1775 2072 1926 2142 παρὰ

352 2154 637 2226 ’Δρσενίου
678 2160 772 2212 τὸν
819 2158 1110 2214 Ὑάκινθον
1136 2161 1376 2215 λαϐόντα
1405 2164 1498 2216 τὸν
1521 2163 1709 2234 θρόνον
1758 2162 1930 2216 διεδε-

344 2247 559 2315 δαίουν,
591 2249 757 2320 μέρος
788 2247 930 2322 ἦσαν
962 2253 1057 2305 καὶ
1087 2253 1262 2307 ταῦτα
1310 2255 1761 2325 συμϐαλλόμενον
1794 2255 1929 2324 πρὸς

341 2341 404 2395 τὸ
425 2341 717 2412 ῥύπασμα.
749 2343 815 2397 El
840 2343 898 2397 δὲ
921 2345 1017 2396 καὶ
1034 2344 1094 2397 τὸ
1120 2345 1260 2400 κατὰ
1285 2335 1381 2400 τὸν
1414 2348 1654 2401 πάππαν
1680 2347 1934 2418 προσετι-

345 2431 477 2486 θουν
502 2435 709 2505 τρίτον,
766 2435 844 2507 μὴ
894 2440 1007 2500 τοῖς
1064 2438 1332 2508 πρότερον
1369 2439 1742 2510 ἱκανούμενοι,
1791 2442 1932 2493 ἔστω

346 2611 568 2669 hibittts
615 2622 767 2669 esset
814 2628 883 2669 eo
936 2628 1264 2682 concursus,
1329 2615 1590 2671 obserata
1645 2616 1936 2688 diligenter

348 2702 627 2767 conclavi,
652 2702 830 2757 ﬂuxus
857 2711 1041 2760 tamen
1064 2705 1458 2776 lacrytnarum,
1487 2708 1647 2773 plane
1678 2716 1736 2762 ut
1758 2708 1934 2777 prius,

348 2795 753 2864 perseveravit.
807 2793 1025 2850 Rursus
1073 2795 1127 2850 in
1177 2797 1390 2852 aedibus
1424 2796 1667 2853 Charsiae
1712 2801 1936 2868 sanguis

352 2900 420 2938 ex
446 2883 626 2955 efﬁgie
647 2887 936 2955 splendide
981 2886 1216 2941 illustris
1249 2888 1392 2941 inter
1415 2896 1688 2959 martyres
1713 2886 1934 2959 Georgzi

362 2979 576 3046 copiose
605 2979 870 3032 manavit.
905 2976 1031 3031 Haec
1065 2979 1366 3048 imperator
1394 2979 1605 3045 videns,
1641 2980 1806 3033 homo
1841 2996 1939 3032 na—

366 3075 506 3130 tura,
534 3074 591 3122 ut
622 3080 811 3121 verum
845 3067 1040 3128 fatear,
1074 3052 1237 3136 paulo
1282 3065 1687 3122 formidolosmr
1726 3049 1779 3121 iii
1816 3068 1939 3120 tali-

359 3157 485 3223 bus,
510 3168 717 3213 metum
745 3159 892 3213 haud
920 3159 1197 3213 modicum
1228 3161 1501 3230 concepit,
1530 3176 1599 3216 ne
1629 3160 1768 3215 forte
1792 3161 1937 3216 Deus

355 3261 454 3316 per
488 3247 605 3303 haec
637 3248 906 3301 indicaret
935 3247 1160 3300 minime
1187 3246 1293 3301 sibi
1326 3250 1574 3317 probari,
1609 3249 1755 3318 quod
1779 3249 1931 3317 prin-

353 3355 487 3411 ceps
518 3341 779 3395 Ecclesia:
814 3340 1075 3409 pacanda!
1105 3352 1237 3393 Cura
1275 3342 1506 3395 remissa
1551 3340 1777 3395 interim
1810 3343 1934 3397 aliis

351 3432 690 3497 attenderet;
733 3432 881 3486 unde
918 3432 1084 3486 etiam
1133 3442 1454 3485 secuturum
1517 3433 1768 3487 videlicet
1820 3443 1939 3488 erat

355 3529 418 3575 ut
464 3534 816 3591 quaacunque
874 3520 1205 3588 susciperet,
1261 3525 1437 3575 aversi
1476 3537 1641 3576 causa
1695 3524 1795 3575 ista
1831 3540 1939 3576 nu-

355 3616 527 3670 minis
557 3612 750 3669 favore
781 3614 1047 3668 destituta
1082 3614 1224 3666 male
1270 3615 1653 3667 succederent.
1688 3615 1804 3668 Tali
1838 3615 1941 3670 sol-

354 3710 652 3767 licitudine
700 3710 1006 3765 instinctus
1071 3718 1233 3763 vocat
1288 3717 1586 3782 congregat
1644 3711 1940 3779 alloquitur

357 3801 673 3872 sigillatim,
698 3802 875 3869 palam
900 3801 1255 3862 adhortatur,
1282 3801 1494 3869 plebem
1521 3801 1685 3854 etiam
1712 3802 1938 3854 densam

358 3893 418 3945 in
452 3895 555 3945 hos
575 3900 883 3945 conventus
908 3889 1225 3953 admittens,
1254 3905 1355 3942 nec
1389 3888 1673 3958 indignum
1699 3904 1759 3944 se
1789 3906 1943 3959 repn-

359 3996 490 4039 tans
518 3982 856 4037 humillimas
876 3982 1039 4036 etiam
1070 3981 1282 4035 ambire
1305 3984 1649 4035 admonendo
1666 3983 1949 4036 suadendo

364 4076 613 4145 rogando
664 4090 958 4144 quemque,
994 4089 1095 4143 pro
1140 4088 1201 4128 se
1231 4088 1298 4128 ne
1326 4084 1648 4145 gravaretur
1685 4076 1751 4130 ad
1800 4076 1947 4144 pacis

294 4220 307 4235 ,
363 4168 653 4236 urgetium
688 4164 977 4220 conferre:
1004 4166 1407 4220 miserarentur
1438 4164 1702 4221 Ecclesiae
1732 4167 1946 4221 scissu-

364 4261 577 4322 ris-{et
608 4259 691 4313 his
729 4257 1096 4312 resarciendis
1148 4258 1425 4313 modicum
1459 4259 1590 4328 quid
1633 4260 1950 4328 impendere

366 4354 713 4427 privata-runt
759 4366 835 4403 ne
900 4359 1306 4404 cunctarentur
1357 4351 1656 4404 rationum.
1713 4352 1788 4403 Ita
1841 4350 1948 4402 ille.

365 4447 479 4500 Sed
500 4442 687 4499 surdis
709 4456 773 4496 ea
796 4452 994 4495 cuncta
1017 4441 1380 4495 canebantur.
1405 4441 1602 4496 Obuixi
1636 4444 1953 4510 perﬂabant

2029 1981 2334 2052 ἀφορισμὺς
2370 1976 2858 2048 προστριϐόμενος,
2885 1971 2960 2035 ὡς
2986 1970 3198 2037 ελεγον,
3229 1967 3359 2037 παρ’
3391 1964 3606 2017 ὲκεῖνου

2030 2074 2295 2144 ὑπορρεῖν
2327 2071 2397 2124 τὰ
2440 2069 2562 2124 κατ’
2589 2068 2811 2121 ἐκείνου
2865 2063 3067 2126 τελέως
3123 2059 3293 2112 ἐδίδου
3346 2057 3413 2111 ἂν
3457 2055 3609 2124 παρὰ

2030 2165 2142 2226 τοῖς
2172 2165 2334 2216 αὑτὸν
2368 2165 2580 2215 ἐκεῖνον
2613 2157 3017 2228 θαυμάζουσιν.
3051 2153 3112 2207 '0
3140 2152 3328 2223 μέντοι
3359 2166 3423 2218 γε
3455 2148 3604 2218 pasa—

2033 2256 2158 2320 λεὺς
2181 2255 2314 2323 πρὸς
2328 2256 2430 2319 τὴν
2458 2253 2559 2318 τῆς
2589 2248 2925 2319 Ἐκκλητεας
2947 2246 3084 2307 ὅλως
3108 2242 3332 2313 ἀφορῶν
3360 2242 3607 2309 εἰρήνην,

2033 2352 2107 2414 ὡς
2137 2354 2265 2416 τοὺς
2314 2350 2559 2419 ὁρῶντας
2591 2345 2893 2409 πιστεύειν,
2949 2337 3503 2413 προκαταλαμϐάνων
3554 2333 3613 2386 δὲ

2035 2445 2290 2507 καὶτοὺς
2321 2442 2519 2506 ἄλλους
2567 2437 2823 2493 ἐντεῦθεν
2878 2435 2958 2506 (τὸ
3008 2432 3117 2504 γὰρ
3164 2431 3348 2500 σφίσιν
3394 2426 3615 2498 ἰσχυρὸν

2039 2621 2250 2676 chalcm
2285 2626 2508 2675 evectus
2532 2617 2799 2671 thronum
2823 2614 3020 2682 ligatos
3048 2608 3395 2665 anathemate
3435 2604 3614 2676 legiti-

2038 2728 2124 2767 ma
2157 2713 2376 2765 demum
2409 2707 2758 2762 absolutione
2792 2702 3176 2759 reconciliaret
3208 2701 3401 2754 sacris.
3441 2697 3510 2751 ιιι
3553 2705 3614 2749 ut

2038 2806 2105 2859 de
2138 2805 2237 2859 l;a:
2263 2803 2404 2856 fama
2431 2802 2522 2865 sit,
2558 2799 2697 2853 haud
2723 2798 2885 2867 plane
2918 2794 2985 2849 ad
3010 2792 3278 2864 liquidum
3308 2789 3613 2859 explorata,

2039 2898 2251 2952 tertiam
2305 2908 2455 2950 certe
2500 2892 2739 2962 agnitum
2800 2890 2914 2958 jam
2978 2885 3196 2957 publice
3263 2882 3615 2951 obiectabant

2040 2990 2301 3045 Ecclesia:
2339 2987 2539 3050 labem,
2590 2982 2816 3038 admissi
2864 2980 3206 3048 principatus
3251 2975 3429 3043 Papae;
3458 2971 3618 3040 cujus

2041 3081 2245 3152 piaculi
2301 3094 2427 3151 cum
2460 3086 2610 3133 esset
2660 3077 2715 3131 in
2766 3073 3019 3129 confesso
3052 3071 3205 3140 ipsos
3252 3081 3393 3122 unos
3448 3065 3619 3119 fuisse

1964 3205 2008 3262 ρ
2040 3189 2268 3244 prorsus
2294 3181 2567 3240 expertes,
2595 3170 2741 3224 solos
2762 3169 2949 3222 haberi
2983 3166 3183 3221 debere
3205 3164 3357 3262 ipsos
3389 3159 3618 3262 idoneos

2040 3262 2133 3331 qni
2168 3261 2359 3315 modos
2395 3260 2447 3314 id
2491 3257 2757 3329 purgandi
2789 3253 3235 3324 prtescriberent.
3272 3247 3324 3301 Id
3354 3246 3408 3301 ni
3440 3246 3617 3308 ﬁeret,

2039 3352 2183 3405 haud
2216 3364 2341 3407 sese
2372 3349 2599 3403 omnino
2628 3358 2868 3414 unquam
2905 3346 2960 3398 in
3000 3355 3191 3413 pacem
3222 3344 3623 3394 conventuros.

2041 3489 2129 3542 5|.
2160 3486 2238 3541 De
2265 3484 2619 3556 reportatione
2655 3479 3003 3550 reliquiarum
3031 3474 3353 3546 patriarchae
3387 3470 3633 3525 Arsenii..
3676 3549 3689 3560 ι

2115 3616 2319 3671 [larum
2377 3630 2561 3670 rerum
2616 3612 2759 3682 apud
2818 3612 3201 3679 imperatorem
3236 3596 3623 3674 urgendarum

2044 3724 2144 3778 pro
2168 3705 2476 3761 Arseniatis
2499 3704 2716 3758 caeteris
2742 3716 2876 3757 cura
2911 3698 3260 3753 incumbebat
3292 3692 3633 3765 quibusdam-

2049 3802 2322 3869 ipsornm,
2361 3796 2497 3852 satis
2529 3797 2595 3848 ad
2625 3797 2729 3848 hoc
2760 3791 3043 3863 gratiosis,
3068 3788 3212 3859 quod
3244 3787 3279 3840 ii
3310 3801 3528 3847 manus,
3568 3793 3629 3836 ut

2047 3891 2250 3944 dictum
2299 3895 2420 3951 est,
2463 3886 2604 3955 apud
2658 3881 3052 3952 Atramyttiutn
3099 3878 3405 3938 dedissent,
3437 3875 3625 3941 Augu-

2048 3991 2243 4047 stoque
2272 3978 2454 4031 datam
2494 3975 2653 4031 (idem
2694 3973 2795 4029 soli
2827 3972 3010 4026 adhuc
3037 3985 3104 4026 ex
3145 3967 3406 4023 omnibus
3446 3978 3629 4019 serva-

2049 4082 2194 4126 rent.
2229 4070 2323 4125 llis
2358 4080 2581 4124 cauSam
2628 4067 2972 4132 reliquorum
3009 4062 3301 4134 agentibus
3327 4059 3623 4128 plurimum

2050 4164 2332 4233 Angustus
2364 4160 2569 4215 favoris
2605 4158 2974 4228 impertiebat,
3011 4154 3157 4225 quod
3186 4168 3283 4222 per
3313 4166 3409 4205 eos
3435 4164 3627 4218 sperac

2053 4267 2138 4309 ret
2189 4254 2328 4308 alios
2379 4252 2700 4307 traliendos.
2750 4249 2855 4305 Per
2906 4249 3041 4304 istos
3088 4247 3254 4316 igitur
3297 4243 3626 4308 interpretes

2053 4350 2359 4405 Arseniana
2393 4346 2559 4400 factio
2585 4384 2600 4409 ,
2633 4359 2757 4400 cum
2797 4341 3011 4397 referre
3042 4339 3336 4409 plurimum
3371 4334 3438 4389 ad
3476 4348 3626 4386 sum.

2058 4457 2199 4495 mam
2224 4440 2306 4494 sui
2334 4449 2512 4494 Status
2545 4444 2822 4506 reputaret
2850 4434 3121 4504 reportari
3153 4429 3368 4486 Arsenii
3395 4429 3633 4482 cadaver

362 4535 676 4591 Arseniata:
706 4536 758 4586 in
799 4532 887 4587 his
922 4532 977 4585 in
1008 4548 1130 4601 qua:
1160 4534 1338 4602 palam
1371 4543 1767 4617 convenerant,
1794 4528 1948 4585 haud
1985 4536 2024 4593 υ
2055 4551 2085 4587 e
2117 4533 2470 4587 Proconneso
2519 4530 2572 4584 in
2617 4530 2828 4592 urbem,
2871 4525 2926 4581 id
2965 4527 3033 4579 ab
3079 4521 3396 4578 Andronico
3444 4530 3639 4590 petere»

363 4643 431 4680 se
465 4641 705 4694 unquam
743 4639 1002 4680 cessuros
1054 4626 1159 4680 nisi
1192 4628 1330 4680 satis
1378 4625 1627 4695 ipsorum
1680 4626 1952 4680 arbitratu

365 4722 604 4774 adversa
627 4734 753 4787 pars
792 4725 1052 4788 purgaret
1099 4718 1296 4782 labem,
1325 4729 1382 4771 ut
1426 4723 1708 4785 rebantur,
1733 4730 1955 4772 contra.

366 4820 519 4867 ctam
542 4810 780 4879 primum
804 4809 1141 4863 admittenda
1161 4809 1215 4861 in
1240 4811 1415 4861 sacris
1429 4810 1956 4863 commemoratione

366 4900 600 4971 Iosephi
622 4917 635 4965 ;
657 4901 852 4955 deinde
869 4900 1221 4954 anathemate
1243 4901 1608 4955 communiter
1627 4901 1696 4955 ab
1712 4900 1956 4955 Ecclesia

371 5002 670 5052 contracto
696 5005 765 5048 ex
818 4992 1153 5062 contagione
1205 4990 1433 5062 Josephi
1463 4993 1734 5062 ejusdem,
1791 5007 1956 5063 quem

370 5087 944 5151 esaommunicatum,
992 5093 1054 5140 ut
1102 5085 1390 5156 putabant.
1427 5085 1576 5154 quod
1626 5101 1736 5139 non
1775 5085 1955 5140 solum

373 5183 769 5239 communione
795 5179 1027 5248 dignata
1049 5179 1145 5233 sed
1171 5178 1323 5232 velut
1351 5162 1725 5247 patriarcham
1763 5176 1959 5232 fuisset

370 5282 661 5339 venerata,
687 5271 960 5327 maculam
992 5269 1167 5339 ipsius
1198 5269 1253 5322 in
1281 5284 1340 5322 se
1364 5279 1687 5323 attraxerat.
1721 5267 1961 5324 Suberat

371 5380 431 5425 et
487 5369 631 5425 forte
677 5368 788 5422 alia
826 5382 895 5421 ex
946 5365 1086 5420 claui
1137 5362 1458 5417 constitutis
1486 5372 1542 5417 et
1596 5362 1961 5433 jurejurando

374 5461 655 5531 quondam
712 5457 945 5515 sancitis
1005 5456 1150 5511 inter
1204 5455 1358 5525 ipsos
1414 5469 1583 5509 causa
1620 5456 1957 5533 ,obscurior.

375 5553 488 5625 83
519 5552 727 5619 Nempe
758 5549 1082 5618 coniurasse
1112 5545 1453 5601 Arsenianos
1487 5544 1655 5615 aliqui
1704 5545 1959 5601 ferebant

374 5658 660 5716 nunquam
705 5657 766 5697 se
814 5642 963 5695 bona
1017 5639 1121 5692 llde
1164 5636 1405 5692 inituros
1448 5652 1575 5692 cum
1628 5636 1960 5692 adversariis

377 5737 754 5796 concordiam,
790 5733 894 5788 nisi
922 5729 1290 5802 Hyacinthus,
1309 5742 1472 5799 quem
1502 5728 1610 5784 sibi
1633 5731 1957 5785 subst-imis.

377 5834 459 5882 sit
486 5828 753 5883 vicarium
782 5824 987 5895 injuste
1010 5821 1267 5879 detrusus
1292 5820 1583 5903 Arsenius,
1631 5820 1686 5875 in
1715 5820 1951 5890 patriar-

2057 4626 2283 4681 institit.
2326 4623 2460 4678 Erat
2513 4623 2631 4678 hanc
2672 4619 3073 4692 perartiliciosa
3125 4626 3179 4672 et
3232 4614 3392 4670 valde
3447 4620 3637 4666 astuta

2057 4719 2272 4788 petitio,
2316 4716 2521 4785 quippe
2547 4729 2669 4784 qua:
2708 4712 2892 4768 fronte
2924 4710 3099 4781 prima
3140 4707 3277 4762 nihil
3330 4704 3643 4776 praeferens

2061 4807 2437 4879 periculosius
2473 4821 2537 4860 ea
2568 4812 2687 4860 erat
2716 4814 2898 4859 tamen
2929 4816 3038 4872 qua
3071 4813 3336 4855 concessa
3370 4809 3635 4850 recusare

2057 4898 2357 4969 losepliitae
2390 4914 2499 4951 non
2525 4904 2751 4974 possent
2781 4897 2915 4957 quin
2944 4903 2999 4948 et
3028 4888 3549 4962 pseudopatriarcha
3580 4894 3637 4939 et

2063 5009 2194 5047 vero
2220 4992 2507 5060 perculsus
2542 4990 2891 5078 anathemate
2916 4985 3186 5055 Iosephus
3217 4988 3626 5052 agnosceretur.

2060 5087 2198 5142 Cum
2229 5086 2377 5142 enim
2405 5072 2782 5154 reportatione
2803 5083 3008 5139 ossium
3040 5078 3259 5135 Arsenii
3289 5093 3321 5131 e
3347 5077 3468 5131 loco
3493 5072 3649 5127 εκεῖ-ι

2063 5178 2144 5244 lii,
2180 5196 2293 5248 quo
2322 5180 2531 5246 ejectus
2564 5177 2766 5241 fuerat,
2794 5175 2849 5228 in
2882 5171 3223 5243 inctropolim
3265 5169 3349 5224 sui
3400 5167 3638 5237 patriar-

2061 5273 2260 5327 citatus
2309 5285 2500 5324 verum
2540 5268 2746 5339 ipsum,
2784 5267 2951 5321 etiam
2982 5265 3113 5320 dum
3143 5261 3441 5324 exsularet,
3475 5266 3647 5324 atque

2062 5364 2200 5420 adeo
2231 5363 2299 5417 ad
2330 5369 2563 5417 mortem
2597 5374 2797 5429 usque,
2830 5358 3004 5414 fuisse
3047 5357 3414 5428 patriarcham
3453 5351 3640 5406 decla-

2061 5461 2300 5520 raretur,
2332 5453 2510 5523 palam
2534 5460 2654 5507 erat
2680 5449 3003 5521 Josephnm,
3024 5453 3113 5519 qui
3133 5464 3200 5505 eo
3221 5449 3434 5503 vivente
3456 5447 3641 5498 locum

2062 5548 2242 5618 ipsius
2275 5545 2472 5608 tenuit,
2500 5544 2641 5598 nihil
2675 5542 2783 5597 nisi
2816 5543 2963 5599 sedis
2995 5544 3298 5596 invasorem
3327 5537 3518 5591 alienae
3542 5546 3643 5604 per

2066 5638 2175 5691 vim
2209 5635 2489 5690 introsum
2521 5632 2693 5688 videri
2725 5640 2781 5688 et
2809 5632 2916 5686 dici
2951 5645 3147 5701 posse;
3178 5640 3230 5683 et
3271 5626 3417 5695 quod
3451 5624 3521 5678 ab
3548 5639 3643 5678 eo-

2061 5730 2182 5785 dem
2203 5728 2434 5782 Arsenio
2454 5734 2582 5782 ante
2610 5738 2771 5781 suam
2800 5725 3126 5795 electionem
3188 5717 3640 5774 interminatione

2066 5821 2433 5878 auathematis
2465 5819 2779 5892 prohibitus
2815 5818 2959 5874 idem
2988 5814 3260 5885 Iosephus
3308 5811 3504 5867 fuisset
3538 5813 3653 5867 im-
