  <div class='ocr_page' id='page_1' title='image "/cluster/home/n/w/nwhite01/storage/ocr_20150623/144:no.2/coo.31924054870492/056.png"; bbox 0 0 4094 6420; ppageno 0'>
   <div class='ocr_carea' id='block_1_1' title="bbox 368 399 3617 475">
    <p class='ocr_par' dir='ltr' id='par_1_1' title="bbox 368 399 3617 475">
     <span class='ocr_line' id='line_1_1' title="bbox 368 399 3617 475; baseline 0.003 -11"><span class='ocrx_word' id='word_1_1' title='bbox 368 402 436 465; x_wconf 82' lang='lat'><strong>97</strong></span> <span class='ocrx_word' id='word_1_2' title='bbox 1296 404 1389 463; x_wconf 88' lang='lat' dir='ltr'><strong>DE</strong></span> <span class='ocrx_word' id='word_1_3' title='bbox 1428 403 1874 464; x_wconf 75' lang='lat' dir='ltr'><strong>ANDRONICO</strong></span> <span class='ocrx_word' id='word_1_4' title='bbox 1916 401 2377 467; x_wconf 64' lang='lat' dir='ltr'><strong>PAL/EOLOGO</strong></span> <span class='ocrx_word' id='word_1_5' title='bbox 2414 399 2559 467; x_wconf 83' lang='lat' dir='ltr'><strong>LIB.</strong></span> <span class='ocrx_word' id='word_1_6' title='bbox 2610 410 2653 468; x_wconf 84' lang='grc' dir='ltr'><strong>ῐ.</strong></span> <span class='ocrx_word' id='word_1_7' title='bbox 3545 415 3617 475; x_wconf 76' lang='grc'><strong>93</strong></span> 
     </span>
    </p>
   </div>
   <div class='ocr_carea' id='block_1_2' title="bbox 368 510 2839 587">
    <p class='ocr_par' dir='ltr' id='par_1_2' title="bbox 368 510 2839 587">
     <span class='ocr_line' id='line_1_2' title="bbox 368 510 2839 587; baseline 0.002 -22"><span class='ocrx_word' id='word_1_8' title='bbox 368 510 661 582; x_wconf 71' lang='grc' dir='ltr'>ἑϐδομάδος</span> <span class='ocrx_word' id='word_1_9' title='bbox 722 511 860 581; x_wconf 68' lang='grc' dir='ltr'>πρὸς</span> <span class='ocrx_word' id='word_1_10' title='bbox 894 511 993 581; x_wconf 76' lang='grc' dir='ltr'>τὴν</span> <span class='ocrx_word' id='word_1_11' title='bbox 1025 510 1130 563; x_wconf 80' lang='grc' dir='ltr'><strong>τῶν</strong></span> <span class='ocrx_word' id='word_1_12' title='bbox 1175 511 1414 582; x_wconf 69' lang='grc' dir='ltr'>Ὀδηγῶν</span> <span class='ocrx_word' id='word_1_13' title='bbox 1465 513 1584 566; x_wconf 79' lang='grc' dir='ltr'>κατ’</span> <span class='ocrx_word' id='word_1_14' title='bbox 1638 513 1759 572; x_wconf 78' lang='grc' dir='ltr'>ἔθος</span> <span class='ocrx_word' id='word_1_15' title='bbox 1808 510 1936 565; x_wconf 78' lang='grc' dir='ltr'>λαοῦ</span> <span class='ocrx_word' id='word_1_16' title='bbox 1965 512 2015 572; x_wconf 75' lang='grc' dir='ltr'>Α</span> <span class='ocrx_word' id='word_1_17' title='bbox 2044 512 2283 581; x_wconf 75' lang='grc' dir='ltr'>Ἀραϐες</span> <span class='ocrx_word' id='word_1_18' title='bbox 2341 516 2371 584; x_wconf 80' lang='grc' dir='ltr'>ἧ</span> <span class='ocrx_word' id='word_1_19' title='bbox 2431 518 2534 587; x_wconf 83' lang='grc' dir='ltr'><strong>μὴν</strong></span> <span class='ocrx_word' id='word_1_20' title='bbox 2587 521 2839 581; x_wconf 77' lang='grc' dir='ltr'>Αἰθίοπες</span> 
     </span>
    </p>
   </div>
   <div class='ocr_carea' id='block_1_3' title="bbox 368 602 1944 673">
    <p class='ocr_par' dir='ltr' id='par_1_3' title="bbox 368 602 1944 673">
     <span class='ocr_line' id='line_1_3' title="bbox 368 602 1944 673; baseline 0 -17"><span class='ocrx_word' id='word_1_21' title='bbox 368 602 780 672; x_wconf 78' lang='grc' dir='ltr'><strong>συντρέχοντος,</strong></span> <span class='ocrx_word' id='word_1_22' title='bbox 824 605 1042 668; x_wconf 74' lang='grc' dir='ltr'>κάκεῖνο</span> <span class='ocrx_word' id='word_1_23' title='bbox 1076 604 1508 673; x_wconf 77' lang='grc' dir='ltr'>ὑπανοιγόμενον</span> <span class='ocrx_word' id='word_1_24' title='bbox 1543 606 1654 665; x_wconf 82' lang='grc' dir='ltr'>τοῖς</span> <span class='ocrx_word' id='word_1_25' title='bbox 1686 602 1944 672; x_wconf 81' lang='grc' dir='ltr'>προσιοῦ-</span> 
     </span>
    </p>
   </div>
   <div class='ocr_carea' id='block_1_4' title="bbox 368 691 1944 766">
    <p class='ocr_par' dir='ltr' id='par_1_4' title="bbox 368 691 1944 766">
     <span class='ocr_line' id='line_1_4' title="bbox 368 691 1944 766; baseline -0.001 -19"><span class='ocrx_word' id='word_1_26' title='bbox 368 712 452 747; x_wconf 81' lang='grc' dir='ltr'><strong>σιν</strong></span> <span class='ocrx_word' id='word_1_27' title='bbox 479 694 666 747; x_wconf 72' lang='grc' dir='ltr'>ἄνετον</span> <span class='ocrx_word' id='word_1_28' title='bbox 714 691 803 765; x_wconf 81' lang='grc' dir='ltr'><strong>ἦν.</strong></span> <span class='ocrx_word' id='word_1_29' title='bbox 867 696 958 749; x_wconf 87' lang='grc' dir='ltr'>Ἐν</span> <span class='ocrx_word' id='word_1_30' title='bbox 1013 694 1224 766; x_wconf 80' lang='grc' dir='ltr'>ὑστέρῳ</span> <span class='ocrx_word' id='word_1_31' title='bbox 1257 695 1311 747; x_wconf 91' lang='grc' dir='ltr'><strong>δὲ</strong></span> <span class='ocrx_word' id='word_1_32' title='bbox 1338 695 1568 765; x_wconf 72' lang='grc' dir='ltr'><strong>χρόνῳ-ἡ</strong></span> <span class='ocrx_word' id='word_1_33' title='bbox 1622 693 1944 747; x_wconf 85' lang='grc' dir='ltr'>Ῥαούλαινα</span> 
     </span>
    </p>
   </div>
   <div class='ocr_carea' id='block_1_5' title="bbox 365 785 1941 858">
    <p class='ocr_par' dir='ltr' id='par_1_5' title="bbox 365 785 1941 858">
     <span class='ocr_line' id='line_1_5' title="bbox 365 785 1941 858; baseline -0.002 -17"><span class='ocrx_word' id='word_1_34' title='bbox 365 786 919 857; x_wconf 76' lang='grc' dir='ltr'>πρωτοϐεστιάρισσα</span> <span class='ocrx_word' id='word_1_35' title='bbox 969 789 1025 840; x_wconf 81' lang='grc' dir='ltr'><strong>ἐν</strong></span> <span class='ocrx_word' id='word_1_36' title='bbox 1076 790 1142 858; x_wconf 88' lang='grc' dir='ltr'>τῇ</span> <span class='ocrx_word' id='word_1_37' title='bbox 1196 785 1293 839; x_wconf 82' lang='grc' dir='ltr'>τοῦ</span> <span class='ocrx_word' id='word_1_38' title='bbox 1340 785 1497 853; x_wconf 71' lang='grc' dir='ltr'>ἁγίου</span> <span class='ocrx_word' id='word_1_39' title='bbox 1528 785 1777 856; x_wconf 85' lang='grc' dir='ltr'><strong>Ἀνδρέου</strong></span> <span class='ocrx_word' id='word_1_40' title='bbox 1807 785 1941 854; x_wconf 83' lang='grc' dir='ltr'>μονῇ</span> 
     </span>
    </p>
   </div>
   <div class='ocr_carea' id='block_1_6' title="bbox 362 875 1944 949">
    <p class='ocr_par' dir='ltr' id='par_1_6' title="bbox 362 875 1944 949">
     <span class='ocr_line' id='line_1_6' title="bbox 362 875 1944 949; baseline -0.003 -18"><span class='ocrx_word' id='word_1_41' title='bbox 362 878 461 932; x_wconf 80' lang='grc' dir='ltr'>τοῦ</span> <span class='ocrx_word' id='word_1_42' title='bbox 491 879 590 948; x_wconf 79' lang='grc' dir='ltr'><strong>τῆς</strong></span> <span class='ocrx_word' id='word_1_43' title='bbox 623 877 860 949; x_wconf 85' lang='grc' dir='ltr'>κρίσεως</span> <span class='ocrx_word' id='word_1_44' title='bbox 888 880 931 931; x_wconf 76' lang='grc' dir='ltr'>ξε</span> <span class='ocrx_word' id='word_1_45' title='bbox 944 878 1031 947; x_wconf 83' lang='grc' dir='ltr'>ρδν</span> <span class='ocrx_word' id='word_1_46' title='bbox 1062 876 1209 931; x_wconf 85' lang='grc' dir='ltr'>οἷκον</span> <span class='ocrx_word' id='word_1_47' title='bbox 1243 878 1322 939; x_wconf 79' lang='grc' dir='ltr'><strong>εις</strong></span> <span class='ocrx_word' id='word_1_48' title='bbox 1345 877 1539 938; x_wconf 83' lang='grc' dir='ltr'>κάλλος</span> <span class='ocrx_word' id='word_1_49' title='bbox 1572 875 1944 945; x_wconf 79' lang='grc' dir='ltr'><strong>ἐξησκημένον</strong></span> 
     </span>
    </p>
   </div>
   <div class='ocr_carea' id='block_1_7' title="bbox 365 963 1942 1039">
    <p class='ocr_par' dir='ltr' id='par_1_7' title="bbox 365 963 1942 1039">
     <span class='ocr_line' id='line_1_7' title="bbox 365 963 1942 1039; baseline -0.004 -15"><span class='ocrx_word' id='word_1_50' title='bbox 365 970 467 1024; x_wconf 72' lang='grc' dir='ltr'><strong>καὶ</strong></span> <span class='ocrx_word' id='word_1_51' title='bbox 504 968 733 1039; x_wconf 81' lang='grc' dir='ltr'>μέγεθος</span> <span class='ocrx_word' id='word_1_52' title='bbox 766 969 984 1039; x_wconf 85' lang='grc' dir='ltr'>ἀνιστᾷ.</span> <span class='ocrx_word' id='word_1_53' title='bbox 1016 969 1125 1021; x_wconf 77' lang='grc' dir='ltr'><strong>Καὶ</strong></span> <span class='ocrx_word' id='word_1_54' title='bbox 1151 969 1274 1020; x_wconf 74' lang='grc' dir='ltr'>ἐπεὶ</span> <span class='ocrx_word' id='word_1_55' title='bbox 1300 966 1537 1037; x_wconf 85' lang='grc' dir='ltr'>σπουδὴν</span> <span class='ocrx_word' id='word_1_56' title='bbox 1583 963 1727 1035; x_wconf 82' lang='grc' dir='ltr'>εἶχεν</span> <span class='ocrx_word' id='word_1_57' title='bbox 1758 965 1942 1034; x_wconf 76' lang='grc' dir='ltr'>ἐκείνη</span> 
     </span>
    </p>
   </div>
   <div class='ocr_carea' id='block_1_8' title="bbox 367 1055 1942 1131">
    <p class='ocr_par' dir='ltr' id='par_1_8' title="bbox 367 1055 1942 1131">
     <span class='ocr_line' id='line_1_8' title="bbox 367 1055 1942 1131; baseline -0.005 -17"><span class='ocrx_word' id='word_1_58' title='bbox 367 1060 506 1129; x_wconf 74' lang='grc' dir='ltr'>πρὸς</span> <span class='ocrx_word' id='word_1_59' title='bbox 534 1061 625 1112; x_wconf 79' lang='grc' dir='ltr'><strong>τὸν</strong></span> <span class='ocrx_word' id='word_1_60' title='bbox 658 1061 1006 1131; x_wconf 83' lang='grc' dir='ltr'>πατριάρχην</span> <span class='ocrx_word' id='word_1_61' title='bbox 1032 1061 1090 1112; x_wconf 69' lang='grc' dir='ltr'>οὔ</span> <span class='ocrx_word' id='word_1_62' title='bbox 1114 1059 1213 1130; x_wconf 76' lang='grc' dir='ltr'>τὴν</span> <span class='ocrx_word' id='word_1_63' title='bbox 1237 1058 1503 1128; x_wconf 77' lang='grc' dir='ltr'><strong>τυχοῦσαν</strong></span> <span class='ocrx_word' id='word_1_64' title='bbox 1535 1058 1628 1110; x_wconf 71' lang='grc' dir='ltr'>καὶ</span> <span class='ocrx_word' id='word_1_65' title='bbox 1650 1055 1828 1120; x_wconf 82' lang='grc' dir='ltr'>ζῶντα</span> <span class='ocrx_word' id='word_1_66' title='bbox 1850 1056 1942 1109; x_wconf 73' lang='grc' dir='ltr'><strong>καὶ</strong></span> 
     </span>
    </p>
   </div>
   <div class='ocr_carea' id='block_1_9' title="bbox 364 1151 1941 1225">
    <p class='ocr_par' dir='ltr' id='par_1_9' title="bbox 364 1151 1941 1225">
     <span class='ocr_line' id='line_1_9' title="bbox 364 1151 1941 1225; baseline -0.005 -16"><span class='ocrx_word' id='word_1_67' title='bbox 364 1156 796 1225; x_wconf 81' lang='grc' dir='ltr'>τελευτήσαντα,</span> <span class='ocrx_word' id='word_1_68' title='bbox 849 1155 993 1220; x_wconf 77' lang='grc' dir='ltr'>ἀξιοῖ</span> <span class='ocrx_word' id='word_1_69' title='bbox 1044 1155 1267 1224; x_wconf 82' lang='grc' dir='ltr'>βασιλέα</span> <span class='ocrx_word' id='word_1_70' title='bbox 1326 1155 1420 1206; x_wconf 77' lang='grc' dir='ltr'><strong>καὶ</strong></span> <span class='ocrx_word' id='word_1_71' title='bbox 1467 1152 1712 1222; x_wconf 83' lang='grc' dir='ltr'>λιπαρῶς</span> <span class='ocrx_word' id='word_1_72' title='bbox 1760 1151 1941 1204; x_wconf 77' lang='grc' dir='ltr'>δέεται</span> 
     </span>
    </p>
   </div>
   <div class='ocr_carea' id='block_1_10' title="bbox 364 1239 1941 1318">
    <p class='ocr_par' dir='ltr' id='par_1_10' title="bbox 364 1239 1941 1318">
     <span class='ocr_line' id='line_1_10' title="bbox 364 1239 1941 1318; baseline -0.003 -20"><span class='ocrx_word' id='word_1_73' title='bbox 364 1246 591 1313; x_wconf 80' lang='grc' dir='ltr'>δοθῆναι</span> <span class='ocrx_word' id='word_1_74' title='bbox 612 1247 672 1299; x_wconf 81' lang='grc' dir='ltr'><strong>τὸ</strong></span> <span class='ocrx_word' id='word_1_75' title='bbox 701 1247 859 1311; x_wconf 88' lang='grc' dir='ltr'>σῶμα</span> <span class='ocrx_word' id='word_1_76' title='bbox 880 1250 946 1318; x_wconf 80' lang='grc' dir='ltr'>τῇ</span> <span class='ocrx_word' id='word_1_77' title='bbox 984 1247 1105 1300; x_wconf 88' lang='grc' dir='ltr'>κατ’</span> <span class='ocrx_word' id='word_1_78' title='bbox 1136 1245 1307 1314; x_wconf 80' lang='grc' dir='ltr'>αὐτὴν</span> <span class='ocrx_word' id='word_1_79' title='bbox 1329 1248 1486 1315; x_wconf 79' lang='grc' dir='ltr'>μονῇ,</span> <span class='ocrx_word' id='word_1_80' title='bbox 1518 1245 1600 1312; x_wconf 81' lang='grc' dir='ltr'><strong>ἐφ’</strong></span> <span class='ocrx_word' id='word_1_81' title='bbox 1623 1239 1776 1311; x_wconf 83' lang='grc' dir='ltr'>ᾧπερ</span> <span class='ocrx_word' id='word_1_82' title='bbox 1802 1244 1941 1295; x_wconf 79' lang='grc' dir='ltr'>ἁπο-</span> 
     </span>
    </p>
   </div>
   <div class='ocr_carea' id='block_1_11' title="bbox 362 1331 1941 1408">
    <p class='ocr_par' dir='ltr' id='par_1_11' title="bbox 362 1331 1941 1408">
     <span class='ocr_line' id='line_1_11' title="bbox 362 1331 1941 1408; baseline -0.004 -17"><span class='ocrx_word' id='word_1_83' title='bbox 362 1338 590 1405; x_wconf 80' lang='grc' dir='ltr'>τεθῆναι</span> <span class='ocrx_word' id='word_1_84' title='bbox 624 1336 699 1404; x_wconf 83' lang='grc' dir='ltr'><strong>τῷ</strong></span> <span class='ocrx_word' id='word_1_85' title='bbox 734 1338 866 1408; x_wconf 84' lang='grc' dir='ltr'>παρ’</span> <span class='ocrx_word' id='word_1_86' title='bbox 898 1338 1072 1406; x_wconf 82' lang='grc' dir='ltr'>αὐτῆς</span> <span class='ocrx_word' id='word_1_87' title='bbox 1110 1335 1458 1405; x_wconf 83' lang='grc' dir='ltr'>ἀνεγερθέντι</span> <span class='ocrx_word' id='word_1_88' title='bbox 1488 1332 1621 1403; x_wconf 87' lang='grc' dir='ltr'>ναῷ.</span> <span class='ocrx_word' id='word_1_89' title='bbox 1650 1335 1718 1385; x_wconf 81' lang='grc'><strong>’0</strong></span> <span class='ocrx_word' id='word_1_90' title='bbox 1752 1331 1814 1402; x_wconf 81' lang='grc' dir='ltr'>δὴ</span> <span class='ocrx_word' id='word_1_91' title='bbox 1847 1332 1941 1384; x_wconf 75' lang='grc' dir='ltr'>καὶ</span> 
     </span>
    </p>
   </div>
   <div class='ocr_carea' id='block_1_12' title="bbox 362 1424 1941 1498">
    <p class='ocr_par' dir='ltr' id='par_1_12' title="bbox 362 1424 1941 1498">
     <span class='ocr_line' id='line_1_12' title="bbox 362 1424 1941 1498; baseline -0.003 -18"><span class='ocrx_word' id='word_1_92' title='bbox 362 1430 619 1495; x_wconf 81' lang='grc' dir='ltr'>γέγονεν,</span> <span class='ocrx_word' id='word_1_93' title='bbox 660 1429 851 1498; x_wconf 79' lang='grc' dir='ltr'>ἐτέρας</span> <span class='ocrx_word' id='word_1_94' title='bbox 894 1428 1015 1481; x_wconf 86' lang='grc' dir='ltr'>τότε</span> <span class='ocrx_word' id='word_1_95' title='bbox 1056 1428 1331 1497; x_wconf 74' lang='grc' dir='ltr'><strong>συστάσης</strong></span> <span class='ocrx_word' id='word_1_96' title='bbox 1366 1426 1505 1479; x_wconf 82' lang='grc' dir='ltr'>κατὰ</span> <span class='ocrx_word' id='word_1_97' title='bbox 1533 1427 1593 1478; x_wconf 87' lang='grc' dir='ltr'><strong>τὸ</strong></span> <span class='ocrx_word' id='word_1_98' title='bbox 1627 1424 1773 1481; x_wconf 75' lang='grc' dir='ltr'>εἰκὸς</span> <span class='ocrx_word' id='word_1_99' title='bbox 1806 1441 1941 1476; x_wconf 63' lang='grc' dir='ltr'>παν.</span> 
     </span>
    </p>
   </div>
   <div class='ocr_carea' id='block_1_13' title="bbox 359 1512 1942 1593">
    <p class='ocr_par' dir='ltr' id='par_1_13' title="bbox 359 1512 1942 1593">
     <span class='ocr_line' id='line_1_13' title="bbox 359 1512 1942 1593; baseline -0.006 -19"><span class='ocrx_word' id='word_1_100' title='bbox 359 1519 644 1586; x_wconf 73' lang='grc' dir='ltr'>ηγύρεως,</span> <span class='ocrx_word' id='word_1_101' title='bbox 698 1517 822 1571; x_wconf 85' lang='grc' dir='ltr'>καθ’</span> <span class='ocrx_word' id='word_1_102' title='bbox 846 1517 917 1589; x_wconf 84' lang='grc' dir='ltr'>ἢν</span> <span class='ocrx_word' id='word_1_103' title='bbox 950 1517 1203 1588; x_wconf 77' lang='grc' dir='ltr'>βασιλεὺς</span> <span class='ocrx_word' id='word_1_104' title='bbox 1248 1519 1342 1570; x_wconf 70' lang='grc' dir='ltr'>καὶ</span> <span class='ocrx_word' id='word_1_105' title='bbox 1375 1515 1678 1593; x_wconf 82' lang='grc' dir='ltr'>σύγκλητος</span> <span class='ocrx_word' id='word_1_106' title='bbox 1710 1516 1804 1566; x_wconf 72' lang='grc' dir='ltr'><strong>καὶ</strong></span> <span class='ocrx_word' id='word_1_107' title='bbox 1833 1512 1942 1565; x_wconf 81' lang='grc' dir='ltr'><strong>τῶν</strong></span> 
     </span>
    </p>
   </div>
   <div class='ocr_carea' id='block_1_14' title="bbox 362 1604 1941 1680">
    <p class='ocr_par' dir='ltr' id='par_1_14' title="bbox 362 1604 1941 1680">
     <span class='ocr_line' id='line_1_14' title="bbox 362 1604 1941 1680; baseline -0.004 -18"><span class='ocrx_word' id='word_1_108' title='bbox 362 1610 685 1680; x_wconf 76' lang='grc' dir='ltr'><strong>ἱερωμένων</strong></span> <span class='ocrx_word' id='word_1_109' title='bbox 730 1610 912 1680; x_wconf 76' lang='grc' dir='ltr'>σχεδὸν</span> <span class='ocrx_word' id='word_1_110' title='bbox 942 1612 990 1663; x_wconf 86' lang='grc' dir='ltr'>οἱ</span> <span class='ocrx_word' id='word_1_111' title='bbox 1016 1611 1235 1673; x_wconf 85' lang='grc' dir='ltr'>πάντες,</span> <span class='ocrx_word' id='word_1_112' title='bbox 1289 1608 1411 1662; x_wconf 76' lang='grc' dir='ltr'>οὐδὲ</span> <span class='ocrx_word' id='word_1_113' title='bbox 1438 1607 1538 1676; x_wconf 86' lang='grc' dir='ltr'>τῆς</span> <span class='ocrx_word' id='word_1_114' title='bbox 1571 1605 1804 1668; x_wconf 82' lang='grc' dir='ltr'>λαὼδους</span> <span class='ocrx_word' id='word_1_115' title='bbox 1832 1604 1941 1657; x_wconf 88' lang='grc' dir='ltr'>λει-</span> 
     </span>
    </p>
   </div>
   <div class='ocr_carea' id='block_1_15' title="bbox 362 1694 1940 1771">
    <p class='ocr_par' dir='ltr' id='par_1_15' title="bbox 362 1694 1940 1771">
     <span class='ocr_line' id='line_1_15' title="bbox 362 1694 1940 1771; baseline -0.003 -20"><span class='ocrx_word' id='word_1_116' title='bbox 362 1700 579 1771; x_wconf 80' lang='grc' dir='ltr'>πούσης</span> <span class='ocrx_word' id='word_1_117' title='bbox 631 1701 843 1770; x_wconf 80' lang='grc' dir='ltr'>μοίρας,</span> <span class='ocrx_word' id='word_1_118' title='bbox 905 1700 1113 1754; x_wconf 78' lang='grc' dir='ltr'>ἐκεῖθεν</span> <span class='ocrx_word' id='word_1_119' title='bbox 1153 1698 1586 1765; x_wconf 72' lang='grc' dir='ltr'>πεζοποροῦντες</span> <span class='ocrx_word' id='word_1_120' title='bbox 1627 1697 1725 1766; x_wconf 82' lang='grc' dir='ltr'>τὴν</span> <span class='ocrx_word' id='word_1_121' title='bbox 1778 1694 1940 1765; x_wconf 81' lang='grc' dir='ltr'>τιμὴν</span> 
     </span>
    </p>
   </div>
   <div class='ocr_carea' id='block_1_16' title="bbox 359 1789 1936 1863">
    <p class='ocr_par' dir='ltr' id='par_1_16' title="bbox 359 1789 1936 1863">
     <span class='ocr_line' id='line_1_16' title="bbox 359 1789 1936 1863; baseline -0.004 -17"><span class='ocrx_word' id='word_1_122' title='bbox 359 1794 588 1846; x_wconf 71' lang='grc' dir='ltr'>ἐτέλουν</span> <span class='ocrx_word' id='word_1_123' title='bbox 618 1792 695 1863; x_wconf 83' lang='grc' dir='ltr'>τῷ</span> <span class='ocrx_word' id='word_1_124' title='bbox 721 1793 1058 1863; x_wconf 84' lang='grc' dir='ltr'>πατριάρχῃ,</span> <span class='ocrx_word' id='word_1_125' title='bbox 1088 1793 1189 1845; x_wconf 76' lang='grc' dir='ltr'><strong>οὐκ</strong></span> <span class='ocrx_word' id='word_1_126' title='bbox 1217 1791 1374 1859; x_wconf 82' lang='grc' dir='ltr'>ὀλίγα</span> <span class='ocrx_word' id='word_1_127' title='bbox 1416 1791 1508 1843; x_wconf 84' lang='grc' dir='ltr'>τοῦ</span> <span class='ocrx_word' id='word_1_128' title='bbox 1538 1789 1803 1859; x_wconf 86' lang='grc' dir='ltr'>βασιλέως</span> <span class='ocrx_word' id='word_1_129' title='bbox 1835 1804 1936 1840; x_wconf 88' lang='grc' dir='ltr'><strong>κα-</strong></span> 
     </span>
    </p>
   </div>
   <div class='ocr_carea' id='block_1_17' title="bbox 360 1882 1514 1950">
    <p class='ocr_par' dir='ltr' id='par_1_17' title="bbox 360 1882 1514 1950">
     <span class='ocr_line' id='line_1_17' title="bbox 360 1882 1514 1950; baseline -0.002 -11"><span class='ocrx_word' id='word_1_130' title='bbox 360 1884 696 1948; x_wconf 85' lang='grc' dir='ltr'>ταϐαλόντος</span> <span class='ocrx_word' id='word_1_131' title='bbox 731 1884 825 1937; x_wconf 78' lang='grc' dir='ltr'>καὶ</span> <span class='ocrx_word' id='word_1_132' title='bbox 859 1884 929 1937; x_wconf 74' lang='grc' dir='ltr'>τὰ</span> <span class='ocrx_word' id='word_1_133' title='bbox 953 1882 1059 1936; x_wconf 89' lang='grc' dir='ltr'><strong>τῶν</strong></span> <span class='ocrx_word' id='word_1_134' title='bbox 1095 1883 1274 1936; x_wconf 87' lang='grc' dir='ltr'>πόνων</span> <span class='ocrx_word' id='word_1_135' title='bbox 1305 1882 1514 1950; x_wconf 73' lang='grc' dir='ltr'>ἐφόδια.</span> 
     </span>
    </p>
   </div>
   <div class='ocr_carea' id='block_1_18' title="bbox 594 2018 1726 2091">
    <p class='ocr_par' dir='ltr' id='par_1_18' title="bbox 594 2018 1726 2091">
     <span class='ocr_line' id='line_1_18' title="bbox 594 2018 1726 2091; baseline -0.001 -16"><span class='ocrx_word' id='word_1_136' title='bbox 594 2021 693 2091; x_wconf 86' lang='grc' dir='ltr'><strong>λβ’.</strong></span> <span class='ocrx_word' id='word_1_137' title='bbox 733 2022 867 2087; x_wconf 77' lang='grc' dir='ltr'>Περὶ</span> <span class='ocrx_word' id='word_1_138' title='bbox 904 2018 1022 2073; x_wconf 81' lang='grc' dir='ltr'>τῶν</span> <span class='ocrx_word' id='word_1_139' title='bbox 1056 2019 1206 2074; x_wconf 74' lang='grc' dir='ltr'>καέίι</span> <span class='ocrx_word' id='word_1_140' title='bbox 1237 2020 1463 2087; x_wconf 82' lang='grc' dir='ltr'><strong>Συρίαν</strong></span> <span class='ocrx_word' id='word_1_141' title='bbox 1491 2019 1726 2074; x_wconf 79' lang='grc' dir='ltr'>δεινῶν.</span> 
     </span>
    </p>
   </div>
   <div class='ocr_carea' id='block_1_19' title="bbox 438 2111 1937 2184">
    <p class='ocr_par' dir='ltr' id='par_1_19' title="bbox 438 2111 1937 2184">
     <span class='ocr_line' id='line_1_19' title="bbox 438 2111 1937 2184; baseline -0.004 -16"><span class='ocrx_word' id='word_1_142' title='bbox 438 2114 577 2168; x_wconf 81' lang='grc' dir='ltr'>τότε</span> <span class='ocrx_word' id='word_1_143' title='bbox 613 2116 705 2168; x_wconf 78' lang='grc' dir='ltr'>καὶ</span> <span class='ocrx_word' id='word_1_144' title='bbox 733 2114 801 2166; x_wconf 83' lang='grc' dir='ltr'>τὰ</span> <span class='ocrx_word' id='word_1_145' title='bbox 840 2112 983 2166; x_wconf 77' lang='grc' dir='ltr'>κατὰ</span> <span class='ocrx_word' id='word_1_146' title='bbox 1018 2111 1101 2184; x_wconf 88' lang='grc' dir='ltr'><strong>[Ρ.</strong></span> <span class='ocrx_word' id='word_1_147' title='bbox 1133 2111 1228 2183; x_wconf 65' lang='grc'><strong>54]</strong></span> <span class='ocrx_word' id='word_1_148' title='bbox 1248 2111 1450 2182; x_wconf 86' lang='grc' dir='ltr'>Συρίαν</span> <span class='ocrx_word' id='word_1_149' title='bbox 1476 2113 1780 2181; x_wconf 79' lang='grc' dir='ltr'>ἐπράττετο</span> <span class='ocrx_word' id='word_1_150' title='bbox 1802 2113 1937 2163; x_wconf 80' lang='grc' dir='ltr'>πάν-</span> 
     </span>
    </p>
   </div>
   <div class='ocr_carea' id='block_1_20' title="bbox 358 2204 1942 2275">
    <p class='ocr_par' dir='ltr' id='par_1_20' title="bbox 358 2204 1942 2275">
     <span class='ocr_line' id='line_1_20' title="bbox 358 2204 1942 2275; baseline -0.003 -13"><span class='ocrx_word' id='word_1_151' title='bbox 358 2209 537 2263; x_wconf 81' lang='grc' dir='ltr'>δεινα.</span> <span class='ocrx_word' id='word_1_152' title='bbox 580 2207 639 2260; x_wconf 89' lang='lat'><strong>&#39;0</strong></span> <span class='ocrx_word' id='word_1_153' title='bbox 668 2207 779 2275; x_wconf 82' lang='grc' dir='ltr'>γὰρ</span> <span class='ocrx_word' id='word_1_154' title='bbox 819 2206 918 2274; x_wconf 84' lang='grc' dir='ltr'>τῆς</span> <span class='ocrx_word' id='word_1_155' title='bbox 948 2205 1266 2267; x_wconf 83' lang='grc' dir='ltr'>Βαϐυλῶνος</span> <span class='ocrx_word' id='word_1_156' title='bbox 1322 2204 1557 2257; x_wconf 74' lang='grc' dir='ltr'>σονλτὰν</span> <span class='ocrx_word' id='word_1_157' title='bbox 1589 2204 1696 2274; x_wconf 76' lang='grc' dir='ltr'><strong>πρὸ</strong></span> <span class='ocrx_word' id='word_1_158' title='bbox 1735 2207 1942 2275; x_wconf 72' lang='grc' dir='ltr'>χρόνων</span> 
     </span>
    </p>
   </div>
   <div class='ocr_carea' id='block_1_21' title="bbox 358 2297 1941 2368">
    <p class='ocr_par' dir='ltr' id='par_1_21' title="bbox 358 2297 1941 2368">
     <span class='ocr_line' id='line_1_21' title="bbox 358 2297 1941 2368; baseline -0.001 -16"><span class='ocrx_word' id='word_1_159' title='bbox 358 2300 549 2352; x_wconf 82' lang='grc' dir='ltr'>λαϐὼν</span> <span class='ocrx_word' id='word_1_160' title='bbox 574 2299 911 2368; x_wconf 76' lang='grc' dir='ltr'><strong>Ἀντιόχειαν</strong></span> <span class='ocrx_word' id='word_1_161' title='bbox 938 2299 1033 2351; x_wconf 74' lang='grc' dir='ltr'>καὶ</span> <span class='ocrx_word' id='word_1_162' title='bbox 1065 2301 1144 2360; x_wconf 84' lang='grc' dir='ltr'>εἰς</span> <span class='ocrx_word' id='word_1_163' title='bbox 1165 2297 1361 2367; x_wconf 71' lang='grc' dir='ltr'>ἔδαφος</span> <span class='ocrx_word' id='word_1_164' title='bbox 1388 2297 1739 2368; x_wconf 79' lang='grc' dir='ltr'>κατερείψας,</span> <span class='ocrx_word' id='word_1_165' title='bbox 1760 2299 1941 2367; x_wconf 78' lang='grc' dir='ltr'>ἀφῆκε</span> 
     </span>
    </p>
   </div>
   <div class='ocr_carea' id='block_1_22' title="bbox 356 2388 1942 2460">
    <p class='ocr_par' dir='ltr' id='par_1_22' title="bbox 356 2388 1942 2460">
     <span class='ocr_line' id='line_1_22' title="bbox 356 2388 1942 2460; baseline 0 -17"><span class='ocrx_word' id='word_1_166' title='bbox 356 2393 475 2454; x_wconf 79' lang='grc' dir='ltr'>τοῖς</span> <span class='ocrx_word' id='word_1_167' title='bbox 520 2389 643 2459; x_wconf 80' lang='grc' dir='ltr'>μετ’</span> <span class='ocrx_word' id='word_1_168' title='bbox 682 2392 891 2442; x_wconf 74' lang='grc' dir='ltr'>ἐκεῖνον</span> <span class='ocrx_word' id='word_1_169' title='bbox 922 2391 1237 2459; x_wconf 80' lang='grc' dir='ltr'>ἀκήρυκτον</span> <span class='ocrx_word' id='word_1_170' title='bbox 1274 2388 1418 2457; x_wconf 79' lang='grc' dir='ltr'>ἔχειν</span> <span class='ocrx_word' id='word_1_171' title='bbox 1454 2390 1635 2460; x_wconf 83' lang='grc' dir='ltr'><strong>μάχην</strong></span> <span class='ocrx_word' id='word_1_172' title='bbox 1666 2389 1802 2459; x_wconf 79' lang='grc' dir='ltr'>μετὰ</span> <span class='ocrx_word' id='word_1_173' title='bbox 1836 2390 1942 2442; x_wconf 86' lang='grc' dir='ltr'><strong>τῶν</strong></span> 
     </span>
    </p>
   </div>
   <div class='ocr_carea' id='block_1_23' title="bbox 370 2480 1938 2552">
    <p class='ocr_par' dir='ltr' id='par_1_23' title="bbox 370 2480 1938 2552">
     <span class='ocr_line' id='line_1_23' title="bbox 370 2480 1938 2552; baseline 0.001 -18"><span class='ocrx_word' id='word_1_174' title='bbox 370 2480 599 2534; x_wconf 82' lang='grc' dir='ltr'><strong>Ἰταλῶν</strong></span> <span class='ocrx_word' id='word_1_175' title='bbox 648 2481 758 2534; x_wconf 88' lang='grc' dir='ltr'><strong>τῶν</strong></span> <span class='ocrx_word' id='word_1_176' title='bbox 806 2482 908 2552; x_wconf 80' lang='grc' dir='ltr'>τὴν</span> <span class='ocrx_word' id='word_1_177' title='bbox 943 2481 1218 2550; x_wconf 81' lang='grc' dir='ltr'>παραλίαν</span> <span class='ocrx_word' id='word_1_178' title='bbox 1260 2480 1554 2534; x_wconf 73' lang='grc' dir='ltr'>οἰκούντων</span> <span class='ocrx_word' id='word_1_179' title='bbox 1593 2482 1658 2535; x_wconf 73' lang='grc' dir='ltr'>ὲκ</span> <span class='ocrx_word' id='word_1_180' title='bbox 1684 2483 1938 2541; x_wconf 83' lang='grc' dir='ltr'>παλαιοῦ,</span> 
     </span>
    </p>
   </div>
   <div class='ocr_carea' id='block_1_24' title="bbox 362 2560 1943 2645">
    <p class='ocr_par' dir='ltr' id='par_1_24' title="bbox 362 2560 1943 2645">
     <span class='ocr_line' id='line_1_24' title="bbox 362 2560 1943 2645; baseline 0.001 -16"><span class='ocrx_word' id='word_1_181' title='bbox 362 2574 533 2629; x_wconf 85' lang='grc' dir='ltr'>Ὅθεν</span> <span class='ocrx_word' id='word_1_182' title='bbox 563 2573 657 2628; x_wconf 78' lang='grc' dir='ltr'><strong>καὶ</strong></span> <span class='ocrx_word' id='word_1_183' title='bbox 703 2571 931 2626; x_wconf 74' lang='grc' dir='ltr'>ἐπὶτῶν</span> <span class='ocrx_word' id='word_1_184' title='bbox 962 2560 1085 2625; x_wconf 75' lang='grc' dir='ltr'>τότε</span> <span class='ocrx_word' id='word_1_185' title='bbox 1116 2571 1328 2642; x_wconf 87' lang='grc' dir='ltr'>καιρῶν</span> <span class='ocrx_word' id='word_1_186' title='bbox 1377 2573 1943 2645; x_wconf 85' lang='grc' dir='ltr'>στρατολογησάμενοι</span> 
     </span>
    </p>
   </div>
   <div class='ocr_carea' id='block_1_25' title="bbox 364 2736 1947 2807">
    <p class='ocr_par' dir='ltr' id='par_1_25' title="bbox 364 2736 1947 2807">
     <span class='ocr_line' id='line_1_25' title="bbox 364 2736 1947 2807; baseline 0.001 -14"><span class='ocrx_word' id='word_1_187' title='bbox 364 2739 555 2794; x_wconf 89' lang='lat' dir='ltr'><strong>lorum</strong></span> <span class='ocrx_word' id='word_1_188' title='bbox 597 2739 654 2792; x_wconf 92' lang='lat' dir='ltr'><strong>in</strong></span> <span class='ocrx_word' id='word_1_189' title='bbox 688 2737 775 2793; x_wconf 88' lang='lat' dir='ltr'><strong>via</strong></span> <span class='ocrx_word' id='word_1_190' title='bbox 811 2736 1005 2792; x_wconf 89' lang='lat' dir='ltr'><strong>salutis</strong></span> <span class='ocrx_word' id='word_1_191' title='bbox 1037 2737 1239 2792; x_wconf 90' lang='lat' dir='ltr'><strong>ducum</strong></span> <span class='ocrx_word' id='word_1_192' title='bbox 1286 2737 1487 2807; x_wconf 90' lang='lat' dir='ltr'><strong>populo</strong></span> <span class='ocrx_word' id='word_1_193' title='bbox 1522 2737 1587 2793; x_wconf 90' lang='lat' dir='ltr'><strong>de</strong></span> <span class='ocrx_word' id='word_1_194' title='bbox 1619 2754 1770 2793; x_wconf 90' lang='lat' dir='ltr'><strong>more</strong></span> <span class='ocrx_word' id='word_1_195' title='bbox 1818 2754 1947 2794; x_wconf 87' lang='lat' dir='ltr'><strong>con-</strong></span> 
     </span>
    </p>
   </div>
   <div class='ocr_carea' id='block_1_26' title="bbox 366 2828 1943 2898">
    <p class='ocr_par' dir='ltr' id='par_1_26' title="bbox 366 2828 1943 2898">
     <span class='ocr_line' id='line_1_26' title="bbox 366 2828 1943 2898; baseline -0.001 -12"><span class='ocrx_word' id='word_1_196' title='bbox 366 2836 655 2893; x_wconf 90' lang='lat' dir='ltr'><strong>currente,</strong></span> <span class='ocrx_word' id='word_1_197' title='bbox 692 2829 1044 2884; x_wconf 89' lang='lat' dir='ltr'><strong>reserabatur</strong></span> <span class='ocrx_word' id='word_1_198' title='bbox 1071 2843 1201 2883; x_wconf 88' lang='lat' dir='ltr'><strong>arca</strong></span> <span class='ocrx_word' id='word_1_199' title='bbox 1232 2828 1537 2898; x_wconf 88' lang='lat' dir='ltr'><strong>depositum</strong></span> <span class='ocrx_word' id='word_1_200' title='bbox 1571 2830 1789 2885; x_wconf 83' lang='lat' dir='ltr'><strong>Arsenii</strong></span> <span class='ocrx_word' id='word_1_201' title='bbox 1811 2847 1943 2885; x_wconf 35' lang='lat' dir='ltr'><strong>cons</strong></span> 
     </span>
    </p>
   </div>
   <div class='ocr_carea' id='block_1_27' title="bbox 373 2920 1945 2990">
    <p class='ocr_par' dir='ltr' id='par_1_27' title="bbox 373 2920 1945 2990">
     <span class='ocr_line' id='line_1_27' title="bbox 373 2920 1945 2990; baseline 0.002 -13"><span class='ocrx_word' id='word_1_202' title='bbox 373 2925 584 2986; x_wconf 85' lang='lat' dir='ltr'><strong>tinens,</strong></span> <span class='ocrx_word' id='word_1_203' title='bbox 636 2921 803 2990; x_wconf 82' lang='lat' dir='ltr'><strong>idque</strong></span> <span class='ocrx_word' id='word_1_204' title='bbox 837 2922 1083 2977; x_wconf 91' lang='lat' dir='ltr'><strong>omnium</strong></span> <span class='ocrx_word' id='word_1_205' title='bbox 1139 2920 1315 2976; x_wconf 84' lang='lat' dir='ltr'><strong>visere</strong></span> <span class='ocrx_word' id='word_1_206' title='bbox 1364 2921 1702 2977; x_wconf 88' lang='lat' dir='ltr'><strong>studentinm</strong></span> <span class='ocrx_word' id='word_1_207' title='bbox 1755 2923 1945 2980; x_wconf 87' lang='lat' dir='ltr'><strong>liberis</strong></span> 
     </span>
    </p>
   </div>
   <div class='ocr_carea' id='block_1_28' title="bbox 380 3008 1962 3085">
    <p class='ocr_par' dir='ltr' id='par_1_28' title="bbox 380 3008 1962 3085">
     <span class='ocr_line' id='line_1_28' title="bbox 380 3008 1962 3085; baseline 0.001 -15"><span class='ocrx_word' id='word_1_208' title='bbox 380 3015 656 3071; x_wconf 79' lang='lat' dir='ltr'><strong>obtutibus</strong></span> <span class='ocrx_word' id='word_1_209' title='bbox 706 3013 1106 3082; x_wconf 76' lang='lat' dir='ltr'><strong>exponebatur.</strong></span> <span class='ocrx_word' id='word_1_210' title='bbox 1157 3014 1455 3083; x_wconf 82' lang='lat' dir='ltr'><strong>Aliquanto</strong></span> <span class='ocrx_word' id='word_1_211' title='bbox 1521 3021 1646 3082; x_wconf 89' lang='lat' dir='ltr'><strong>post</strong></span> <span class='ocrx_word' id='word_1_212' title='bbox 1703 3008 1962 3085; x_wconf 83' lang='lat' dir='ltr'><strong>tempore</strong></span> 
     </span>
    </p>
   </div>
   <div class='ocr_carea' id='block_1_29' title="bbox 2899 522 3622 596">
    <p class='ocr_par' dir='ltr' id='par_1_29' title="bbox 2899 522 3622 596">
     <span class='ocr_line' id='line_1_29' title="bbox 2899 522 3622 596; baseline 0.01 -24"><span class='ocrx_word' id='word_1_213' title='bbox 2899 522 3113 590; x_wconf 78' lang='grc' dir='ltr'>πρῶτον</span> <span class='ocrx_word' id='word_1_214' title='bbox 3158 525 3255 590; x_wconf 80' lang='grc' dir='ltr'><strong>μὲν</strong></span> <span class='ocrx_word' id='word_1_215' title='bbox 3283 524 3496 594; x_wconf 73' lang='grc' dir='ltr'>αἱροῦσι</span> <span class='ocrx_word' id='word_1_216' title='bbox 3522 527 3622 596; x_wconf 79' lang='grc' dir='ltr'><strong>τὴν</strong></span> 
     </span>
    </p>
   </div>
   <div class='ocr_carea' id='block_1_30' title="bbox 2048 604 3615 685">
    <p class='ocr_par' dir='ltr' id='par_1_30' title="bbox 2048 604 3615 685">
     <span class='ocr_line' id='line_1_30' title="bbox 2048 604 3615 685; baseline 0.01 -29"><span class='ocrx_word' id='word_1_217' title='bbox 2048 604 2307 674; x_wconf 75' lang='grc' dir='ltr'>Τρίπολιν</span> <span class='ocrx_word' id='word_1_218' title='bbox 2357 609 2449 661; x_wconf 76' lang='grc' dir='ltr'>καὶ</span> <span class='ocrx_word' id='word_1_219' title='bbox 2501 611 2696 680; x_wconf 77' lang='grc' dir='ltr'>ἡϐηδὸν</span> <span class='ocrx_word' id='word_1_220' title='bbox 2738 614 2866 675; x_wconf 81' lang='grc' dir='ltr'>τοὺς</span> <span class='ocrx_word' id='word_1_221' title='bbox 2900 615 2956 665; x_wconf 72' lang='grc' dir='ltr'><strong>ἐν</strong></span> <span class='ocrx_word' id='word_1_222' title='bbox 2987 615 3123 683; x_wconf 79' lang='grc' dir='ltr'>αὐτῇ</span> <span class='ocrx_word' id='word_1_223' title='bbox 3152 617 3615 685; x_wconf 82' lang='grc' dir='ltr'>κατασφάττουσι,</span> 
     </span>
    </p>
   </div>
   <div class='ocr_carea' id='block_1_31' title="bbox 2047 699 3616 778">
    <p class='ocr_par' dir='ltr' id='par_1_31' title="bbox 2047 699 3616 778">
     <span class='ocr_line' id='line_1_31' title="bbox 2047 699 3616 778; baseline 0.008 -29"><span class='ocrx_word' id='word_1_224' title='bbox 2047 699 2141 749; x_wconf 80' lang='grc' dir='ltr'><strong>καὶ</strong></span> <span class='ocrx_word' id='word_1_225' title='bbox 2171 699 2341 770; x_wconf 75' lang='grc' dir='ltr'>αὐτὴν</span> <span class='ocrx_word' id='word_1_226' title='bbox 2371 702 2433 770; x_wconf 76' lang='grc' dir='ltr'><strong>δὴ</strong></span> <span class='ocrx_word' id='word_1_227' title='bbox 2472 702 2570 772; x_wconf 78' lang='grc' dir='ltr'>τὴν</span> <span class='ocrx_word' id='word_1_228' title='bbox 2598 704 2752 757; x_wconf 86' lang='grc' dir='ltr'>πόλιν</span> <span class='ocrx_word' id='word_1_229' title='bbox 2782 704 3180 778; x_wconf 84' lang='grc' dir='ltr'>ἀνατρέπουσιν</span> <span class='ocrx_word' id='word_1_230' title='bbox 3213 708 3277 761; x_wconf 84' lang='grc' dir='ltr'>ἐκ</span> <span class='ocrx_word' id='word_1_231' title='bbox 3318 708 3616 778; x_wconf 78' lang='grc' dir='ltr'>θεμέθλων,</span> 
     </span>
    </p>
   </div>
   <div class='ocr_carea' id='block_1_32' title="bbox 2046 786 3617 869">
    <p class='ocr_par' dir='ltr' id='par_1_32' title="bbox 2046 786 3617 869">
     <span class='ocr_line' id='line_1_32' title="bbox 2046 786 3617 869; baseline 0.01 -31"><span class='ocrx_word' id='word_1_232' title='bbox 2046 786 2237 842; x_wconf 82' lang='grc' dir='ltr'>ἔπειτα</span> <span class='ocrx_word' id='word_1_233' title='bbox 2288 792 2379 843; x_wconf 73' lang='grc' dir='ltr'>καὶ</span> <span class='ocrx_word' id='word_1_234' title='bbox 2426 791 2524 862; x_wconf 80' lang='grc' dir='ltr'>τὴν</span> <span class='ocrx_word' id='word_1_235' title='bbox 2569 793 2886 864; x_wconf 84' lang='grc' dir='ltr'>πολυπληθῆ</span> <span class='ocrx_word' id='word_1_236' title='bbox 2943 795 3284 865; x_wconf 77' lang='grc' dir='ltr'>Πτολεμαΐδα</span> <span class='ocrx_word' id='word_1_237' title='bbox 3328 799 3398 852; x_wconf 79' lang='grc' dir='ltr'>τὰ</span> <span class='ocrx_word' id='word_1_238' title='bbox 3454 800 3617 869; x_wconf 85' lang='grc' dir='ltr'>ὅμοια</span> 
     </span>
    </p>
   </div>
   <div class='ocr_carea' id='block_1_33' title="bbox 2043 878 3618 957">
    <p class='ocr_par' dir='ltr' id='par_1_33' title="bbox 2043 878 3618 957">
     <span class='ocr_line' id='line_1_33' title="bbox 2043 878 3618 957; baseline 0.008 -27"><span class='ocrx_word' id='word_1_239' title='bbox 2043 878 2232 948; x_wconf 83' lang='grc' dir='ltr'>δρῶσι,</span> <span class='ocrx_word' id='word_1_240' title='bbox 2268 882 2359 934; x_wconf 75' lang='grc' dir='ltr'>καὶ</span> <span class='ocrx_word' id='word_1_241' title='bbox 2390 885 2570 936; x_wconf 83' lang='grc' dir='ltr'>πᾶσαν</span> <span class='ocrx_word' id='word_1_242' title='bbox 2598 884 2698 954; x_wconf 82' lang='grc' dir='ltr'><strong>τὴν</strong></span> <span class='ocrx_word' id='word_1_243' title='bbox 2726 886 2999 955; x_wconf 82' lang='grc' dir='ltr'>παραλίαν</span> <span class='ocrx_word' id='word_1_244' title='bbox 3036 886 3618 957; x_wconf 74' lang='grc' dir='ltr'><strong>ἐξανδραποδισάμενοι</strong></span> 
     </span>
    </p>
   </div>
   <div class='ocr_carea' id='block_1_34' title="bbox 2043 969 3618 1046">
    <p class='ocr_par' dir='ltr' id='par_1_34' title="bbox 2043 969 3618 1046">
     <span class='ocr_line' id='line_1_34' title="bbox 2043 969 3618 1046; baseline 0.008 -26"><span class='ocrx_word' id='word_1_245' title='bbox 2043 969 2111 1021; x_wconf 78' lang='grc' dir='ltr'>τὰ</span> <span class='ocrx_word' id='word_1_246' title='bbox 2157 969 2411 1040; x_wconf 81' lang='grc' dir='ltr'>θαύματα</span> <span class='ocrx_word' id='word_1_247' title='bbox 2461 974 2559 1042; x_wconf 81' lang='grc' dir='ltr'><strong>τῆς</strong></span> <span class='ocrx_word' id='word_1_248' title='bbox 2598 975 2796 1044; x_wconf 80' lang='grc' dir='ltr'>Συρίας</span> <span class='ocrx_word' id='word_1_249' title='bbox 2837 977 3126 1046; x_wconf 71' lang='grc' dir='ltr'>ἠφάνισαν.</span> <span class='ocrx_word' id='word_1_250' title='bbox 3201 979 3309 1030; x_wconf 77' lang='grc' dir='ltr'><strong>Καὶ</strong></span> <span class='ocrx_word' id='word_1_251' title='bbox 3358 978 3504 1044; x_wconf 79' lang='grc' dir='ltr'>ἔδοξε</span> <span class='ocrx_word' id='word_1_252' title='bbox 3548 980 3618 1032; x_wconf 81' lang='grc' dir='ltr'>τὰ</span> 
     </span>
    </p>
   </div>
   <div class='ocr_carea' id='block_1_35' title="bbox 2042 1057 3617 1134">
    <p class='ocr_par' dir='ltr' id='par_1_35' title="bbox 2042 1057 3617 1134">
     <span class='ocr_line' id='line_1_35' title="bbox 2042 1057 3617 1134; baseline 0.01 -26"><span class='ocrx_word' id='word_1_253' title='bbox 2042 1057 2288 1127; x_wconf 79' lang='grc' dir='ltr'>ἡμέτερα</span> <span class='ocrx_word' id='word_1_254' title='bbox 2323 1060 2524 1130; x_wconf 87' lang='grc' dir='ltr'>τέρατα</span> <span class='ocrx_word' id='word_1_255' title='bbox 2557 1063 2644 1116; x_wconf 79' lang='grc' dir='ltr'>ἐπ’</span> <span class='ocrx_word' id='word_1_256' title='bbox 2667 1066 2895 1129; x_wconf 81' lang='grc' dir='ltr'>ἐκείνοις</span> <span class='ocrx_word' id='word_1_257' title='bbox 2931 1065 3167 1134; x_wconf 82' lang='grc' dir='ltr'>φανέντα</span> <span class='ocrx_word' id='word_1_258' title='bbox 3188 1085 3244 1120; x_wconf 85' lang='grc' dir='ltr'><strong>τε</strong></span> <span class='ocrx_word' id='word_1_259' title='bbox 3272 1070 3368 1120; x_wconf 69' lang='grc' dir='ltr'>καὶ</span> <span class='ocrx_word' id='word_1_260' title='bbox 3394 1070 3617 1122; x_wconf 84' lang='grc' dir='ltr'>τελειω-</span> 
     </span>
    </p>
   </div>
   <div class='ocr_carea' id='block_1_36' title="bbox 2044 1144 3615 1227">
    <p class='ocr_par' dir='ltr' id='par_1_36' title="bbox 2044 1144 3615 1227">
     <span class='ocr_line' id='line_1_36' title="bbox 2044 1144 3615 1227; baseline 0.009 -29"><span class='ocrx_word' id='word_1_261' title='bbox 2044 1144 2204 1200; x_wconf 79' lang='grc' dir='ltr'>θέντα</span> <span class='ocrx_word' id='word_1_262' title='bbox 2228 1164 2241 1176; x_wconf 94' lang='grc'><strong>·</strong></span> <span class='ocrx_word' id='word_1_263' title='bbox 2272 1150 2484 1218; x_wconf 83' lang='grc' dir='ltr'>δάκρυα</span> <span class='ocrx_word' id='word_1_264' title='bbox 2517 1150 2625 1221; x_wconf 86' lang='grc' dir='ltr'>γὰρ</span> <span class='ocrx_word' id='word_1_265' title='bbox 2654 1155 2835 1207; x_wconf 79' lang='grc' dir='ltr'>ἐκεῖνα</span> <span class='ocrx_word' id='word_1_266' title='bbox 2866 1156 2960 1208; x_wconf 75' lang='grc' dir='ltr'>καὶ</span> <span class='ocrx_word' id='word_1_267' title='bbox 2993 1156 3200 1226; x_wconf 81' lang='grc' dir='ltr'>αἵματα</span> <span class='ocrx_word' id='word_1_268' title='bbox 3236 1157 3369 1227; x_wconf 71' lang='grc' dir='ltr'>πρὸς</span> <span class='ocrx_word' id='word_1_269' title='bbox 3403 1159 3470 1211; x_wconf 82' lang='grc' dir='ltr'>τὰ</span> <span class='ocrx_word' id='word_1_270' title='bbox 3508 1176 3615 1227; x_wconf 87' lang='grc' dir='ltr'>μα-</span> 
     </span>
    </p>
   </div>
   <div class='ocr_carea' id='block_1_37' title="bbox 2043 1237 3617 1319">
    <p class='ocr_par' dir='ltr' id='par_1_37' title="bbox 2043 1237 3617 1319">
     <span class='ocr_line' id='line_1_37' title="bbox 2043 1237 3617 1319; baseline 0.008 -32"><span class='ocrx_word' id='word_1_271' title='bbox 2043 1237 2184 1305; x_wconf 73' lang='grc' dir='ltr'>κρὰν</span> <span class='ocrx_word' id='word_1_272' title='bbox 2231 1240 2391 1307; x_wconf 81' lang='grc' dir='ltr'>ἡμῶν</span> <span class='ocrx_word' id='word_1_273' title='bbox 2421 1243 2768 1313; x_wconf 72' lang='grc' dir='ltr'>ἀνεφέροντο,</span> <span class='ocrx_word' id='word_1_274' title='bbox 2806 1247 3290 1316; x_wconf 82' lang='grc' dir='ltr'>ἀποπεμπομένων</span> <span class='ocrx_word' id='word_1_275' title='bbox 3313 1249 3377 1299; x_wconf 82' lang='grc' dir='ltr'>τὰ</span> <span class='ocrx_word' id='word_1_276' title='bbox 3410 1248 3617 1319; x_wconf 78' lang='grc' dir='ltr'>φοϐερὰ</span> 
     </span>
    </p>
   </div>
   <div class='ocr_carea' id='block_1_38' title="bbox 2043 1327 3615 1405">
    <p class='ocr_par' dir='ltr' id='par_1_38' title="bbox 2043 1327 3615 1405">
     <span class='ocr_line' id='line_1_38' title="bbox 2043 1327 3615 1405; baseline 0.009 -27"><span class='ocrx_word' id='word_1_277' title='bbox 2043 1327 2201 1396; x_wconf 80' lang='grc' dir='ltr'>ἡμῶν</span> <span class='ocrx_word' id='word_1_278' title='bbox 2230 1330 2440 1401; x_wconf 78' lang='grc' dir='ltr'>ἑτέροις</span> <span class='ocrx_word' id='word_1_279' title='bbox 2460 1336 2571 1396; x_wconf 87' lang='grc' dir='ltr'>τοῖς</span> <span class='ocrx_word' id='word_1_280' title='bbox 2598 1334 2671 1404; x_wconf 80' lang='grc' dir='ltr'>μὴ</span> <span class='ocrx_word' id='word_1_281' title='bbox 2709 1336 2793 1389; x_wconf 79' lang='grc' dir='ltr'>ὅτι</span> <span class='ocrx_word' id='word_1_282' title='bbox 2827 1336 2879 1403; x_wconf 91' lang='grc' dir='ltr'>γ’</span> <span class='ocrx_word' id='word_1_283' title='bbox 2911 1338 2992 1399; x_wconf 76' lang='grc' dir='ltr'><strong>εἰς</strong></span> <span class='ocrx_word' id='word_1_284' title='bbox 3025 1341 3236 1405; x_wconf 79' lang='grc' dir='ltr'>πεῖραν,</span> <span class='ocrx_word' id='word_1_285' title='bbox 3259 1337 3376 1392; x_wconf 81' lang='grc' dir='ltr'>ἀλλ’</span> <span class='ocrx_word' id='word_1_286' title='bbox 3402 1338 3511 1391; x_wconf 84' lang='grc' dir='ltr'><strong>οὐδ’</strong></span> <span class='ocrx_word' id='word_1_287' title='bbox 3535 1340 3615 1403; x_wconf 80' lang='grc' dir='ltr'>είς</span> 
     </span>
    </p>
   </div>
   <div class='ocr_carea' id='block_1_39' title="bbox 2044 1415 3619 1499">
    <p class='ocr_par' dir='ltr' id='par_1_39' title="bbox 2044 1415 3619 1499">
     <span class='ocr_line' id='line_1_39' title="bbox 2044 1415 3619 1499; baseline 0.009 -31"><span class='ocrx_word' id='word_1_288' title='bbox 2044 1415 2171 1469; x_wconf 86' lang='grc' dir='ltr'>θέαν</span> <span class='ocrx_word' id='word_1_289' title='bbox 2205 1418 2524 1489; x_wconf 83' lang='grc' dir='ltr'><strong>δυναμένοις</strong></span> <span class='ocrx_word' id='word_1_290' title='bbox 2576 1424 2745 1495; x_wconf 70' lang='grc' dir='ltr'>μόνην</span> <span class='ocrx_word' id='word_1_291' title='bbox 2793 1427 2900 1480; x_wconf 87' lang='grc' dir='ltr'><strong>τῶν</strong></span> <span class='ocrx_word' id='word_1_292' title='bbox 2933 1426 3077 1480; x_wconf 78' lang='grc' dir='ltr'>ἰδίων</span> <span class='ocrx_word' id='word_1_293' title='bbox 3117 1429 3303 1482; x_wconf 85' lang='grc' dir='ltr'>κακῶν</span> <span class='ocrx_word' id='word_1_294' title='bbox 3335 1430 3470 1499; x_wconf 81' lang='grc' dir='ltr'>ἡμῖν</span> <span class='ocrx_word' id='word_1_295' title='bbox 3507 1447 3619 1482; x_wconf 88' lang='grc' dir='ltr'>κοι-</span> 
     </span>
    </p>
   </div>
   <div class='ocr_carea' id='block_1_40' title="bbox 2043 1508 3614 1588">
    <p class='ocr_par' dir='ltr' id='par_1_40' title="bbox 2043 1508 3614 1588">
     <span class='ocr_line' id='line_1_40' title="bbox 2043 1508 3614 1588; baseline 0.006 -28"><span class='ocrx_word' id='word_1_296' title='bbox 2043 1508 2302 1579; x_wconf 83' lang='grc' dir='ltr'>νωνῆσαι.</span> <span class='ocrx_word' id='word_1_297' title='bbox 2335 1511 2408 1564; x_wconf 84' lang='grc' dir='ltr'><strong>Τὸ</strong></span> <span class='ocrx_word' id='word_1_298' title='bbox 2441 1513 2486 1566; x_wconf 84' lang='grc' dir='ltr'>δ’</span> <span class='ocrx_word' id='word_1_299' title='bbox 2518 1508 2586 1584; x_wconf 81' lang='grc' dir='ltr'><strong>ἦν</strong></span> <span class='ocrx_word' id='word_1_300' title='bbox 2638 1516 2744 1585; x_wconf 76' lang='grc' dir='ltr'><strong>ἄρα</strong></span> <span class='ocrx_word' id='word_1_301' title='bbox 2775 1517 3072 1588; x_wconf 77' lang='grc' dir='ltr'>παραψυχὴ</span> <span class='ocrx_word' id='word_1_302' title='bbox 3104 1521 3197 1570; x_wconf 75' lang='grc' dir='ltr'><strong>καὶ</strong></span> <span class='ocrx_word' id='word_1_303' title='bbox 3225 1518 3412 1572; x_wconf 86' lang='grc' dir='ltr'>κακῶν</span> <span class='ocrx_word' id='word_1_304' title='bbox 3443 1519 3614 1588; x_wconf 80' lang='grc' dir='ltr'>ἀνάρ-</span> 
     </span>
    </p>
   </div>
   <div class='ocr_carea' id='block_1_41' title="bbox 2039 1604 3614 1672">
    <p class='ocr_par' dir='ltr' id='par_1_41' title="bbox 2039 1604 3614 1672">
     <span class='ocr_line' id='line_1_41' title="bbox 2039 1604 3614 1672; baseline 0.005 -19"><span class='ocrx_word' id='word_1_305' title='bbox 2039 1617 2217 1672; x_wconf 77' lang='grc' dir='ltr'>τησις,</span> <span class='ocrx_word' id='word_1_306' title='bbox 2244 1604 2577 1671; x_wconf 79' lang='grc' dir='ltr'>γνωσθέντος</span> <span class='ocrx_word' id='word_1_307' title='bbox 2616 1606 2882 1662; x_wconf 82' lang='grc' dir='ltr'>παθοῦσιν</span> <span class='ocrx_word' id='word_1_308' title='bbox 2912 1608 2986 1672; x_wconf 75' lang='grc' dir='ltr'>ὡς</span> <span class='ocrx_word' id='word_1_309' title='bbox 3015 1611 3150 1663; x_wconf 80' lang='grc' dir='ltr'>ὅπου</span> <span class='ocrx_word' id='word_1_310' title='bbox 3184 1611 3243 1664; x_wconf 85' lang='grc' dir='ltr'><strong>τὸ</strong></span> <span class='ocrx_word' id='word_1_311' title='bbox 3290 1610 3397 1663; x_wconf 90' lang='grc' dir='ltr'><strong>τῶν</strong></span> <span class='ocrx_word' id='word_1_312' title='bbox 3424 1610 3614 1663; x_wconf 87' lang='grc' dir='ltr'>δεινῶν</span> 
     </span>
    </p>
   </div>
   <div class='ocr_carea' id='block_1_42' title="bbox 2043 1695 3616 1771">
    <p class='ocr_par' dir='ltr' id='par_1_42' title="bbox 2043 1695 3616 1771">
     <span class='ocr_line' id='line_1_42' title="bbox 2043 1695 3616 1771; baseline 0.005 -25"><span class='ocrx_word' id='word_1_313' title='bbox 2043 1695 2287 1762; x_wconf 63' lang='grc' dir='ltr'>σημεῖον,</span> <span class='ocrx_word' id='word_1_314' title='bbox 2325 1696 2441 1749; x_wconf 77' lang='grc' dir='ltr'>ἐκεῖ</span> <span class='ocrx_word' id='word_1_315' title='bbox 2487 1696 2775 1767; x_wconf 80' lang='grc' dir='ltr'>ξυμϐαίνει</span> <span class='ocrx_word' id='word_1_316' title='bbox 2823 1699 2919 1754; x_wconf 75' lang='grc' dir='ltr'>καὶ</span> <span class='ocrx_word' id='word_1_317' title='bbox 2957 1699 3016 1752; x_wconf 78' lang='grc' dir='ltr'><strong>τὸ</strong></span> <span class='ocrx_word' id='word_1_318' title='bbox 3046 1701 3400 1771; x_wconf 30' lang='grc' dir='ltr'>λὰποτέλεσμα</span> <span class='ocrx_word' id='word_1_319' title='bbox 3429 1703 3616 1769; x_wconf 81' lang='grc' dir='ltr'><strong>γίγνε⁹</strong></span> 
     </span>
    </p>
   </div>
   <div class='ocr_carea' id='block_1_43' title="bbox 2044 1783 2188 1839">
    <p class='ocr_par' dir='ltr' id='par_1_43' title="bbox 2044 1783 2188 1839">
     <span class='ocr_line' id='line_1_43' title="bbox 2044 1783 2188 1839; baseline 0.014 -2"><span class='ocrx_word' id='word_1_320' title='bbox 2044 1783 2188 1839; x_wconf 83' lang='grc' dir='ltr'>σθαι.</span> 
     </span>
    </p>
   </div>
   <div class='ocr_carea' id='block_1_44' title="bbox 2046 1944 3615 2016">
    <p class='ocr_par' dir='ltr' id='par_1_44' title="bbox 2046 1944 3615 2016">
     <span class='ocr_line' id='line_1_44' title="bbox 2046 1944 3615 2016; baseline 0.007 -21"><span class='ocrx_word' id='word_1_321' title='bbox 2046 1944 2148 2012; x_wconf 85' lang='grc' dir='ltr'>λγ’.</span> <span class='ocrx_word' id='word_1_322' title='bbox 2204 1945 2346 2013; x_wconf 85' lang='grc' dir='ltr'>Περὶ</span> <span class='ocrx_word' id='word_1_323' title='bbox 2405 1947 2510 2001; x_wconf 76' lang='grc' dir='ltr'>τοῦ</span> <span class='ocrx_word' id='word_1_324' title='bbox 2557 1947 2840 2012; x_wconf 79' lang='grc' dir='ltr'>δευτέρου</span> <span class='ocrx_word' id='word_1_325' title='bbox 2897 1952 3287 2004; x_wconf 76' lang='grc' dir='ltr'>συνοικεσίου</span> <span class='ocrx_word' id='word_1_326' title='bbox 3346 1953 3451 2005; x_wconf 81' lang='grc' dir='ltr'>τοῦ</span> <span class='ocrx_word' id='word_1_327' title='bbox 3499 1954 3615 2016; x_wconf 76' lang='grc' dir='ltr'><strong>,βα-</strong></span> 
     </span>
    </p>
   </div>
   <div class='ocr_carea' id='block_1_45' title="bbox 2711 2018 2951 2082">
    <p class='ocr_par' dir='ltr' id='par_1_45' title="bbox 2711 2018 2951 2082">
     <span class='ocr_line' id='line_1_45' title="bbox 2711 2018 2951 2082; baseline 0.013 -12"><span class='ocrx_word' id='word_1_328' title='bbox 2711 2018 2951 2082; x_wconf 73' lang='grc' dir='ltr'>σιλέως.</span> 
     </span>
    </p>
   </div>
   <div class='ocr_carea' id='block_1_46' title="bbox 2133 2127 3615 2205">
    <p class='ocr_par' dir='ltr' id='par_1_46' title="bbox 2133 2127 3615 2205">
     <span class='ocr_line' id='line_1_46' title="bbox 2133 2127 3615 2205; baseline 0.005 -26"><span class='ocrx_word' id='word_1_329' title='bbox 2133 2127 2190 2180; x_wconf 90' lang='lat'><strong>&#39;0</strong></span> <span class='ocrx_word' id='word_1_330' title='bbox 2222 2128 2403 2195; x_wconf 83' lang='grc' dir='ltr'>μέντοι</span> <span class='ocrx_word' id='word_1_331' title='bbox 2429 2146 2490 2195; x_wconf 92' lang='grc' dir='ltr'><strong>γε</strong></span> <span class='ocrx_word' id='word_1_332' title='bbox 2525 2130 2776 2198; x_wconf 83' lang='grc' dir='ltr'>βασιλεὺς</span> <span class='ocrx_word' id='word_1_333' title='bbox 2817 2131 2900 2202; x_wconf 78' lang='grc' dir='ltr'><strong>[Ρ.</strong></span> <span class='ocrx_word' id='word_1_334' title='bbox 2924 2133 3013 2205; x_wconf 76' lang='lat'><strong>55]</strong></span> <span class='ocrx_word' id='word_1_335' title='bbox 3047 2135 3195 2198; x_wconf 79' lang='grc' dir='ltr'>υἱοὺς</span> <span class='ocrx_word' id='word_1_336' title='bbox 3226 2135 3361 2205; x_wconf 79' lang='grc' dir='ltr'>ἔχων</span> <span class='ocrx_word' id='word_1_337' title='bbox 3397 2135 3454 2199; x_wconf 79' lang='grc' dir='ltr'><strong>ἐξ</strong></span> <span class='ocrx_word' id='word_1_338' title='bbox 3484 2136 3615 2188; x_wconf 72' lang='grc' dir='ltr'><strong>Ἅν-</strong></span> 
     </span>
    </p>
   </div>
   <div class='ocr_carea' id='block_1_47' title="bbox 2049 2217 3621 2295">
    <p class='ocr_par' dir='ltr' id='par_1_47' title="bbox 2049 2217 3621 2295">
     <span class='ocr_line' id='line_1_47' title="bbox 2049 2217 3621 2295; baseline 0.003 -25"><span class='ocrx_word' id='word_1_339' title='bbox 2049 2233 2147 2287; x_wconf 83' lang='grc' dir='ltr'><strong>νης</strong></span> <span class='ocrx_word' id='word_1_340' title='bbox 2171 2217 2271 2286; x_wconf 79' lang='grc' dir='ltr'>τῆς</span> <span class='ocrx_word' id='word_1_341' title='bbox 2300 2218 2359 2283; x_wconf 82' lang='grc' dir='ltr'>ἐξ</span> <span class='ocrx_word' id='word_1_342' title='bbox 2383 2220 2648 2289; x_wconf 83' lang='grc' dir='ltr'>Οῠγγρων</span> <span class='ocrx_word' id='word_1_343' title='bbox 2680 2222 2789 2287; x_wconf 88' lang='grc' dir='ltr'>δύο,</span> <span class='ocrx_word' id='word_1_344' title='bbox 2828 2222 3039 2295; x_wconf 80' lang='grc' dir='ltr'>Μιχαήλ</span> <span class='ocrx_word' id='word_1_345' title='bbox 3076 2241 3137 2277; x_wconf 89' lang='grc' dir='ltr'><strong>τε</strong></span> <span class='ocrx_word' id='word_1_346' title='bbox 3164 2226 3253 2277; x_wconf 77' lang='grc' dir='ltr'><strong>καὶ</strong></span> <span class='ocrx_word' id='word_1_347' title='bbox 3276 2227 3621 2279; x_wconf 56' lang='grc' dir='ltr'>Κωνσταντῖέ</span> 
     </span>
    </p>
   </div>
   <div class='ocr_carea' id='block_1_48' title="bbox 2047 2309 3616 2393">
    <p class='ocr_par' dir='ltr' id='par_1_48' title="bbox 2047 2309 3616 2393">
     <span class='ocr_line' id='line_1_48' title="bbox 2047 2309 3616 2393; baseline 0.006 -32"><span class='ocrx_word' id='word_1_348' title='bbox 2047 2324 2158 2371; x_wconf 83' lang='grc' dir='ltr'>νον,</span> <span class='ocrx_word' id='word_1_349' title='bbox 2188 2309 2281 2363; x_wconf 83' lang='grc' dir='ltr'><strong>τὸν</strong></span> <span class='ocrx_word' id='word_1_350' title='bbox 2314 2310 2415 2379; x_wconf 84' lang='grc' dir='ltr'><strong>μὲν</strong></span> <span class='ocrx_word' id='word_1_351' title='bbox 2441 2312 2733 2381; x_wconf 86' lang='grc' dir='ltr'>βασιλικῶς</span> <span class='ocrx_word' id='word_1_352' title='bbox 2756 2314 2929 2382; x_wconf 82' lang='grc' dir='ltr'>ἀνῆγε</span> <span class='ocrx_word' id='word_1_353' title='bbox 2970 2316 3064 2368; x_wconf 71' lang='grc' dir='ltr'>καὶ</span> <span class='ocrx_word' id='word_1_354' title='bbox 3095 2317 3169 2377; x_wconf 86' lang='grc' dir='ltr'>ὡς</span> <span class='ocrx_word' id='word_1_355' title='bbox 3209 2320 3307 2393; x_wconf 72' lang='grc' dir='ltr'><strong>τῆς</strong></span> <span class='ocrx_word' id='word_1_356' title='bbox 3341 2316 3616 2386; x_wconf 81' lang='grc' dir='ltr'>βασιλείας</span> 
     </span>
    </p>
   </div>
   <div class='ocr_carea' id='block_1_49' title="bbox 2047 2403 3624 2476">
    <p class='ocr_par' dir='ltr' id='par_1_49' title="bbox 2047 2403 3624 2476">
     <span class='ocr_line' id='line_1_49' title="bbox 2047 2403 3624 2476; baseline 0.004 -21"><span class='ocrx_word' id='word_1_357' title='bbox 2047 2403 2293 2473; x_wconf 83' lang='grc' dir='ltr'>διάδοχον</span> <span class='ocrx_word' id='word_1_358' title='bbox 2320 2405 2642 2476; x_wconf 77' lang='grc' dir='ltr'>ἐθεράπευε,</span> <span class='ocrx_word' id='word_1_359' title='bbox 2676 2407 2765 2459; x_wconf 80' lang='grc' dir='ltr'>τὸν</span> <span class='ocrx_word' id='word_1_360' title='bbox 2794 2407 2848 2460; x_wconf 81' lang='grc' dir='ltr'>δὲ</span> <span class='ocrx_word' id='word_1_361' title='bbox 2878 2410 3284 2462; x_wconf 75' lang='grc' dir='ltr'>Κωνσταντῖνον</span> <span class='ocrx_word' id='word_1_362' title='bbox 3315 2411 3394 2473; x_wconf 86' lang='grc' dir='ltr'>εἰς</span> <span class='ocrx_word' id='word_1_363' title='bbox 3424 2411 3624 2464; x_wconf 78' lang='grc' dir='ltr'>δεσπὸ-</span> 
     </span>
    </p>
   </div>
   <div class='ocr_carea' id='block_1_50' title="bbox 2046 2496 3618 2570">
    <p class='ocr_par' dir='ltr' id='par_1_50' title="bbox 2046 2496 3618 2570">
     <span class='ocr_line' id='line_1_50' title="bbox 2046 2496 3618 2570; baseline 0.005 -24"><span class='ocrx_word' id='word_1_364' title='bbox 2046 2511 2148 2565; x_wconf 82' lang='grc' dir='ltr'>την</span> <span class='ocrx_word' id='word_1_365' title='bbox 2184 2496 2400 2565; x_wconf 75' lang='grc' dir='ltr'>ἔτρεφε.</span> <span class='ocrx_word' id='word_1_366' title='bbox 2437 2497 2528 2568; x_wconf 81' lang='grc' dir='ltr'>Τῷ</span> <span class='ocrx_word' id='word_1_367' title='bbox 2583 2501 2764 2568; x_wconf 81' lang='grc' dir='ltr'>μέντοι</span> <span class='ocrx_word' id='word_1_368' title='bbox 2819 2516 2883 2568; x_wconf 90' lang='grc' dir='ltr'><strong>γε</strong></span> <span class='ocrx_word' id='word_1_369' title='bbox 2911 2502 3131 2570; x_wconf 80' lang='grc' dir='ltr'>Μιχαὴλ</span> <span class='ocrx_word' id='word_1_370' title='bbox 3183 2502 3276 2555; x_wconf 77' lang='grc' dir='ltr'><strong>καὶ</strong></span> <span class='ocrx_word' id='word_1_371' title='bbox 3326 2503 3354 2555; x_wconf 87' lang='grc' dir='ltr'>ὁ</span> <span class='ocrx_word' id='word_1_372' title='bbox 3386 2496 3618 2565; x_wconf 59' lang='grc' dir='ltr'>’πάππος</span> 
     </span>
    </p>
   </div>
   <div class='ocr_carea' id='block_1_51' title="bbox 2048 2585 3618 2661">
    <p class='ocr_par' dir='ltr' id='par_1_51' title="bbox 2048 2585 3618 2661">
     <span class='ocr_line' id='line_1_51' title="bbox 2048 2585 3618 2661; baseline 0.004 -22"><span class='ocrx_word' id='word_1_373' title='bbox 2048 2585 2214 2640; x_wconf 81' lang='grc' dir='ltr'>αὐτοῦ</span> <span class='ocrx_word' id='word_1_374' title='bbox 2243 2587 2465 2659; x_wconf 83' lang='grc' dir='ltr'>Μιχαὴλ</span> <span class='ocrx_word' id='word_1_375' title='bbox 2496 2589 2594 2659; x_wconf 85' lang='grc' dir='ltr'>τῆς</span> <span class='ocrx_word' id='word_1_376' title='bbox 2636 2592 2715 2653; x_wconf 83' lang='grc' dir='ltr'>εἰς</span> <span class='ocrx_word' id='word_1_377' title='bbox 2763 2589 2862 2661; x_wconf 80' lang='grc' dir='ltr'>τὴν</span> <span class='ocrx_word' id='word_1_378' title='bbox 2906 2591 3184 2660; x_wconf 81' lang='grc' dir='ltr'>βασιλείαν</span> <span class='ocrx_word' id='word_1_379' title='bbox 3230 2594 3618 2655; x_wconf 73' lang='grc' dir='ltr'>καταστάσεως</span> 
     </span>
    </p>
   </div>
   <div class='ocr_carea' id='block_1_52' title="bbox 2050 2748 3620 2824">
    <p class='ocr_par' dir='ltr' id='par_1_52' title="bbox 2050 2748 3620 2824">
     <span class='ocr_line' id='line_1_52' title="bbox 2050 2748 3620 2824; baseline 0.005 -20"><span class='ocrx_word' id='word_1_380' title='bbox 2050 2748 2407 2818; x_wconf 70' lang='grc' dir='ltr'>Ριοιειιιοὶιιῑζς</span> <span class='ocrx_word' id='word_1_381' title='bbox 2467 2760 2521 2806; x_wconf 91' lang='lat' dir='ltr'><strong>et</strong></span> <span class='ocrx_word' id='word_1_382' title='bbox 2573 2768 2667 2808; x_wconf 89' lang='lat' dir='ltr'><strong>ora</strong></span> <span class='ocrx_word' id='word_1_383' title='bbox 2723 2757 2975 2812; x_wconf 87' lang='lat' dir='ltr'><strong>universa</strong></span> <span class='ocrx_word' id='word_1_384' title='bbox 3031 2758 3301 2813; x_wconf 88' lang='lat' dir='ltr'><strong>maritima</strong></span> <span class='ocrx_word' id='word_1_385' title='bbox 3350 2759 3620 2824; x_wconf 77' lang='lat' dir='ltr'><strong>subaCIa,</strong></span> 
     </span>
    </p>
   </div>
   <div class='ocr_carea' id='block_1_53' title="bbox 2054 2840 3621 2918">
    <p class='ocr_par' dir='ltr' id='par_1_53' title="bbox 2054 2840 3621 2918">
     <span class='ocr_line' id='line_1_53' title="bbox 2054 2840 3621 2918; baseline 0.006 -24"><span class='ocrx_word' id='word_1_386' title='bbox 2054 2840 2384 2909; x_wconf 84' lang='lat' dir='ltr'><strong>mancipatis</strong></span> <span class='ocrx_word' id='word_1_387' title='bbox 2435 2842 2489 2895; x_wconf 91' lang='lat' dir='ltr'><strong>in</strong></span> <span class='ocrx_word' id='word_1_388' title='bbox 2546 2844 2721 2899; x_wconf 90' lang='lat' dir='ltr'><strong>diram</strong></span> <span class='ocrx_word' id='word_1_389' title='bbox 2780 2847 3096 2902; x_wconf 77' lang='lat' dir='ltr'><strong>servitutem</strong></span> <span class='ocrx_word' id='word_1_390' title='bbox 3129 2847 3460 2904; x_wconf 84' lang='lat' dir='ltr'><strong>Christianis</strong></span> <span class='ocrx_word' id='word_1_391' title='bbox 3500 2849 3621 2918; x_wconf 89' lang='lat' dir='ltr'><strong>ejus</strong></span> 
     </span>
    </p>
   </div>
   <div class='ocr_carea' id='block_1_54' title="bbox 2052 2931 3621 2998">
    <p class='ocr_par' dir='ltr' id='par_1_54' title="bbox 2052 2931 3621 2998">
     <span class='ocr_line' id='line_1_54' title="bbox 2052 2931 3621 2998; baseline 0.008 -12"><span class='ocrx_word' id='word_1_392' title='bbox 2052 2931 2268 2998; x_wconf 85' lang='lat' dir='ltr'><strong>incolis,</strong></span> <span class='ocrx_word' id='word_1_393' title='bbox 2305 2935 2624 2997; x_wconf 67' lang='lat' dir='ltr'><strong>praeclarum</strong></span> <span class='ocrx_word' id='word_1_394' title='bbox 2666 2938 2816 2993; x_wconf 88' lang='lat' dir='ltr'><strong>illum</strong></span> <span class='ocrx_word' id='word_1_395' title='bbox 2843 2949 2897 2994; x_wconf 88' lang='lat' dir='ltr'><strong>et</strong></span> <span class='ocrx_word' id='word_1_396' title='bbox 2925 2941 3215 2995; x_wconf 85' lang='lat' dir='ltr'><strong>mirilicum</strong></span> <span class='ocrx_word' id='word_1_397' title='bbox 3257 2940 3501 2997; x_wconf 79' lang='lat' dir='ltr'><strong>ﬂorentis</strong></span> <span class='ocrx_word' id='word_1_398' title='bbox 3526 2945 3621 2997; x_wconf 83' lang='lat' dir='ltr'><strong>ha-</strong></span> 
     </span>
    </p>
   </div>
   <div class='ocr_carea' id='block_1_55' title="bbox 2051 3023 3623 3105">
    <p class='ocr_par' dir='ltr' id='par_1_55' title="bbox 2051 3023 3623 3105">
     <span class='ocr_line' id='line_1_55' title="bbox 2051 3023 3623 3105; baseline 0.009 -28"><span class='ocrx_word' id='word_1_399' title='bbox 2051 3035 2248 3078; x_wconf 90' lang='lat' dir='ltr'><strong>ctenus</strong></span> <span class='ocrx_word' id='word_1_400' title='bbox 2296 3023 2470 3096; x_wconf 74' lang='lat' dir='ltr'><strong>Syria:</strong></span> <span class='ocrx_word' id='word_1_401' title='bbox 2534 3037 2736 3083; x_wconf 89' lang='lat' dir='ltr'><strong>statum</strong></span> <span class='ocrx_word' id='word_1_402' title='bbox 2793 3033 3138 3088; x_wconf 75' lang='lat' dir='ltr'><strong>exciderunt.</strong></span> <span class='ocrx_word' id='word_1_403' title='bbox 3207 3032 3440 3105; x_wconf 85' lang='lat' dir='ltr'><strong>Visaque</strong></span> <span class='ocrx_word' id='word_1_404' title='bbox 3494 3047 3623 3091; x_wconf 89' lang='lat' dir='ltr'><strong>sunt</strong></span> 
     </span>
    </p>
   </div>
   <div class='ocr_carea' id='block_1_56' title="bbox 384 3103 3622 3195">
    <p class='ocr_par' dir='ltr' id='par_1_56' title="bbox 384 3103 3622 3195">
     <span class='ocr_line' id='line_1_56' title="bbox 384 3103 3622 3195; baseline 0 -34"><span class='ocrx_word' id='word_1_405' title='bbox 384 3106 639 3163; x_wconf 67' lang='lat' dir='ltr'><strong>ﬂuuiana</strong></span> <span class='ocrx_word' id='word_1_406' title='bbox 685 3105 1168 3176; x_wconf 86' lang='lat' dir='ltr'><strong>protovestiarissa</strong></span> <span class='ocrx_word' id='word_1_407' title='bbox 1216 3105 1266 3160; x_wconf 90' lang='lat' dir='ltr'><strong>in</strong></span> <span class='ocrx_word' id='word_1_408' title='bbox 1295 3103 1470 3160; x_wconf 88' lang='lat' dir='ltr'><strong>sancti</strong></span> <span class='ocrx_word' id='word_1_409' title='bbox 1499 3104 1728 3160; x_wconf 79' lang='lat' dir='ltr'><strong>Andreae</strong></span> <span class='ocrx_word' id='word_1_410' title='bbox 1756 3121 1949 3160; x_wconf 91' lang='lat' dir='ltr'><strong>mona-</strong></span> <span class='ocrx_word' id='word_1_411' title='bbox 1980 3168 2021 3195; x_wconf 51' lang='grc' dir='ltr'><strong><em>ρ</em></strong></span> <span class='ocrx_word' id='word_1_412' title='bbox 2056 3124 2247 3170; x_wconf 54' lang='lat' dir='ltr'><strong>nostra</strong></span> <span class='ocrx_word' id='word_1_413' title='bbox 2298 3117 2386 3171; x_wconf 69' lang='lat' dir='ltr'><strong>illa</strong></span> <span class='ocrx_word' id='word_1_414' title='bbox 2412 3158 2428 3183; x_wconf 65' lang='grc'><em>,</em></span> <span class='ocrx_word' id='word_1_415' title='bbox 2482 3134 2604 3188; x_wconf 63' lang='lat' dir='ltr'><strong>quae</strong></span> <span class='ocrx_word' id='word_1_416' title='bbox 2646 3137 2823 3191; x_wconf 59' lang='lat' dir='ltr'><strong>nuper</strong></span> <span class='ocrx_word' id='word_1_417' title='bbox 2872 3103 3622 3195; x_wconf 34' lang='grc' dir='ltr'><strong>ιηεηιοιηθνίωυείροηοηιε</strong></span> 
     </span>
    </p>
   </div>
   <div class='ocr_carea' id='block_1_57' title="bbox 374 3196 1951 3268">
    <p class='ocr_par' dir='ltr' id='par_1_57' title="bbox 374 3196 1951 3268">
     <span class='ocr_line' id='line_1_57' title="bbox 374 3196 1951 3268; baseline -0.001 -14"><span class='ocrx_word' id='word_1_418' title='bbox 374 3198 547 3254; x_wconf 78' lang='lat' dir='ltr'><strong>sterio</strong></span> <span class='ocrx_word' id='word_1_419' title='bbox 572 3213 603 3252; x_wconf 85' lang='lat' dir='ltr'><strong>a</strong></span> <span class='ocrx_word' id='word_1_420' title='bbox 632 3196 851 3268; x_wconf 77' lang='lat' dir='ltr'><strong>judicio</strong></span> <span class='ocrx_word' id='word_1_421' title='bbox 881 3198 1271 3268; x_wconf 74' lang='lat' dir='ltr'><strong>cognominato</strong></span> <span class='ocrx_word' id='word_1_422' title='bbox 1301 3211 1516 3252; x_wconf 80' lang='lat' dir='ltr'><strong>sacram</strong></span> <span class='ocrx_word' id='word_1_423' title='bbox 1555 3200 1724 3251; x_wconf 70' lang='lat' dir='ltr'><strong>aedem</strong></span> <span class='ocrx_word' id='word_1_424' title='bbox 1757 3199 1951 3267; x_wconf 80' lang='lat' dir='ltr'><strong>exqui-</strong></span> 
     </span>
    </p>
   </div>
   <div class='ocr_carea' id='block_1_58' title="bbox 370 3291 1949 3363">
    <p class='ocr_par' dir='ltr' id='par_1_58' title="bbox 370 3291 1949 3363">
     <span class='ocr_line' id='line_1_58' title="bbox 370 3291 1949 3363; baseline -0.001 -14"><span class='ocrx_word' id='word_1_425' title='bbox 370 3294 480 3349; x_wconf 77' lang='lat' dir='ltr'><strong>sito</strong></span> <span class='ocrx_word' id='word_1_426' title='bbox 504 3291 746 3348; x_wconf 74' lang='lat' dir='ltr'><strong>artiﬁcio</strong></span> <span class='ocrx_word' id='word_1_427' title='bbox 777 3292 891 3363; x_wconf 73' lang='lat'><strong>86</strong></span> <span class='ocrx_word' id='word_1_428' title='bbox 915 3291 1252 3347; x_wconf 84' lang='lat' dir='ltr'><strong>elaboratam</strong></span> <span class='ocrx_word' id='word_1_429' title='bbox 1269 3292 1576 3359; x_wconf 75' lang='lat' dir='ltr'><strong>exstruxit;</strong></span> <span class='ocrx_word' id='word_1_430' title='bbox 1609 3308 1674 3348; x_wconf 88' lang='lat' dir='ltr'><strong>ac</strong></span> <span class='ocrx_word' id='word_1_431' title='bbox 1691 3293 1949 3362; x_wconf 85' lang='lat' dir='ltr'><strong>quoniam</strong></span> 
     </span>
    </p>
   </div>
   <div class='ocr_carea' id='block_1_59' title="bbox 369 3382 1951 3459">
    <p class='ocr_par' dir='ltr' id='par_1_59' title="bbox 369 3382 1951 3459">
     <span class='ocr_line' id='line_1_59' title="bbox 369 3382 1951 3459; baseline 0 -19"><span class='ocrx_word' id='word_1_432' title='bbox 369 3400 486 3459; x_wconf 67' lang='grc' dir='ltr'>που</span> <span class='ocrx_word' id='word_1_433' title='bbox 524 3384 743 3457; x_wconf 68' lang='lat' dir='ltr'><strong>vulgari</strong></span> <span class='ocrx_word' id='word_1_434' title='bbox 781 3398 846 3439; x_wconf 89' lang='lat' dir='ltr'><strong>ea</strong></span> <span class='ocrx_word' id='word_1_435' title='bbox 880 3382 1082 3437; x_wconf 87' lang='lat' dir='ltr'><strong>mulier</strong></span> <span class='ocrx_word' id='word_1_436' title='bbox 1105 3383 1289 3439; x_wconf 87' lang='lat' dir='ltr'><strong>studio</strong></span> <span class='ocrx_word' id='word_1_437' title='bbox 1318 3398 1378 3439; x_wconf 88' lang='lat' dir='ltr'><strong>se</strong></span> <span class='ocrx_word' id='word_1_438' title='bbox 1421 3385 1678 3453; x_wconf 88' lang='lat' dir='ltr'><strong>amplecti</strong></span> <span class='ocrx_word' id='word_1_439' title='bbox 1716 3386 1951 3454; x_wconf 89' lang='lat' dir='ltr'><strong>patriar-</strong></span> 
     </span>
    </p>
   </div>
   <div class='ocr_carea' id='block_1_60' title="bbox 371 3474 1948 3545">
    <p class='ocr_par' dir='ltr' id='par_1_60' title="bbox 371 3474 1948 3545">
     <span class='ocr_line' id='line_1_60' title="bbox 371 3474 1948 3545; baseline 0.001 -16"><span class='ocrx_word' id='word_1_440' title='bbox 371 3474 538 3530; x_wconf 80' lang='lat' dir='ltr'><strong>cham</strong></span> <span class='ocrx_word' id='word_1_441' title='bbox 572 3474 756 3540; x_wconf 85' lang='lat' dir='ltr'><strong>illum,</strong></span> <span class='ocrx_word' id='word_1_442' title='bbox 816 3474 999 3544; x_wconf 89' lang='lat' dir='ltr'><strong>quoad</strong></span> <span class='ocrx_word' id='word_1_443' title='bbox 1060 3474 1197 3529; x_wconf 77' lang='lat' dir='ltr'><strong>vixit</strong></span> <span class='ocrx_word' id='word_1_444' title='bbox 1244 3483 1299 3529; x_wconf 91' lang='lat' dir='ltr'><strong>et</strong></span> <span class='ocrx_word' id='word_1_445' title='bbox 1330 3486 1619 3545; x_wconf 79' lang='lat' dir='ltr'><strong>postquam</strong></span> <span class='ocrx_word' id='word_1_446' title='bbox 1669 3476 1948 3542; x_wconf 68' lang='lat' dir='ltr'><strong>(lacessit,</strong></span> 
     </span>
    </p>
   </div>
   <div class='ocr_carea' id='block_1_61' title="bbox 368 3568 1950 3637">
    <p class='ocr_par' dir='ltr' id='par_1_61' title="bbox 368 3568 1950 3637">
     <span class='ocr_line' id='line_1_61' title="bbox 368 3568 1950 3637; baseline 0 -14"><span class='ocrx_word' id='word_1_447' title='bbox 368 3581 595 3636; x_wconf 82' lang='lat' dir='ltr'><strong>semper</strong></span> <span class='ocrx_word' id='word_1_448' title='bbox 640 3568 1006 3636; x_wconf 87' lang='lat' dir='ltr'><strong>ostenderat,</strong></span> <span class='ocrx_word' id='word_1_449' title='bbox 1065 3577 1439 3623; x_wconf 88' lang='lat' dir='ltr'><strong>consentanee</strong></span> <span class='ocrx_word' id='word_1_450' title='bbox 1488 3568 1616 3621; x_wconf 85' lang='lat' dir='ltr'><strong>huic</strong></span> <span class='ocrx_word' id='word_1_451' title='bbox 1666 3575 1798 3621; x_wconf 90' lang='lat' dir='ltr'><strong>noto</strong></span> <span class='ocrx_word' id='word_1_452' title='bbox 1831 3568 1950 3637; x_wconf 89' lang='lat' dir='ltr'><strong>ejus</strong></span> 
     </span>
    </p>
   </div>
   <div class='ocr_carea' id='block_1_62' title="bbox 370 3658 1952 3730">
    <p class='ocr_par' dir='ltr' id='par_1_62' title="bbox 370 3658 1952 3730">
     <span class='ocr_line' id='line_1_62' title="bbox 370 3658 1952 3730; baseline 0 -16"><span class='ocrx_word' id='word_1_453' title='bbox 370 3658 597 3714; x_wconf 76' lang='lat' dir='ltr'><strong>alfectui</strong></span> <span class='ocrx_word' id='word_1_454' title='bbox 630 3661 792 3715; x_wconf 81' lang='lat' dir='ltr'><strong>enixe</strong></span> <span class='ocrx_word' id='word_1_455' title='bbox 833 3659 1011 3715; x_wconf 82' lang='lat' dir='ltr'><strong>oravit</strong></span> <span class='ocrx_word' id='word_1_456' title='bbox 1041 3659 1453 3730; x_wconf 85' lang='lat' dir='ltr'><strong>imperatorem,</strong></span> <span class='ocrx_word' id='word_1_457' title='bbox 1486 3668 1544 3715; x_wconf 91' lang='lat' dir='ltr'><strong>ut</strong></span> <span class='ocrx_word' id='word_1_458' title='bbox 1579 3660 1704 3726; x_wconf 36' lang='lat' dir='ltr'><strong>dari.</strong></span> <span class='ocrx_word' id='word_1_459' title='bbox 1735 3659 1952 3729; x_wconf 72' lang='lat' dir='ltr'><strong>jnberrt</strong></span> 
     </span>
    </p>
   </div>
   <div class='ocr_carea' id='block_1_63' title="bbox 368 3752 1950 3822">
    <p class='ocr_par' dir='ltr' id='par_1_63' title="bbox 368 3752 1950 3822">
     <span class='ocr_line' id='line_1_63' title="bbox 368 3752 1950 3822; baseline 0.001 -16"><span class='ocrx_word' id='word_1_460' title='bbox 368 3753 594 3808; x_wconf 70' lang='lat' dir='ltr'><strong>Arseuii</strong></span> <span class='ocrx_word' id='word_1_461' title='bbox 642 3767 849 3822; x_wconf 76' lang='lat' dir='ltr'><strong>corpus</strong></span> <span class='ocrx_word' id='word_1_462' title='bbox 898 3768 1001 3808; x_wconf 91' lang='lat' dir='ltr'><strong>suo</strong></span> <span class='ocrx_word' id='word_1_463' title='bbox 1052 3753 1144 3808; x_wconf 85' lang='lat' dir='ltr'><strong>isti</strong></span> <span class='ocrx_word' id='word_1_464' title='bbox 1212 3754 1595 3817; x_wconf 86' lang='lat' dir='ltr'><strong>monasterio,</strong></span> <span class='ocrx_word' id='word_1_465' title='bbox 1640 3752 1950 3808; x_wconf 79' lang='lat' dir='ltr'><strong>honoriﬁce</strong></span> 
     </span>
    </p>
   </div>
   <div class='ocr_carea' id='block_1_64' title="bbox 370 3844 1950 3913">
    <p class='ocr_par' dir='ltr' id='par_1_64' title="bbox 370 3844 1950 3913">
     <span class='ocr_line' id='line_1_64' title="bbox 370 3844 1950 3913; baseline 0.001 -14"><span class='ocrx_word' id='word_1_466' title='bbox 370 3845 590 3899; x_wconf 75' lang='lat' dir='ltr'><strong>scilicet</strong></span> <span class='ocrx_word' id='word_1_467' title='bbox 638 3844 709 3898; x_wconf 84' lang='lat' dir='ltr'><strong>ab</strong></span> <span class='ocrx_word' id='word_1_468' title='bbox 737 3858 801 3898; x_wconf 85' lang='lat' dir='ltr'><strong>ea</strong></span> <span class='ocrx_word' id='word_1_469' title='bbox 867 3844 1249 3913; x_wconf 83' lang='lat' dir='ltr'><strong>deponendum</strong></span> <span class='ocrx_word' id='word_1_470' title='bbox 1304 3844 1362 3898; x_wconf 90' lang='lat' dir='ltr'><strong>in</strong></span> <span class='ocrx_word' id='word_1_471' title='bbox 1420 3844 1527 3900; x_wconf 86' lang='lat' dir='ltr'><strong>isto</strong></span> <span class='ocrx_word' id='word_1_472' title='bbox 1572 3853 1754 3899; x_wconf 91' lang='lat' dir='ltr'><strong>erecto</strong></span> <span class='ocrx_word' id='word_1_473' title='bbox 1807 3858 1835 3897; x_wconf 88' lang='lat' dir='ltr'><strong>a</strong></span> <span class='ocrx_word' id='word_1_474' title='bbox 1890 3859 1950 3900; x_wconf 88' lang='lat' dir='ltr'><strong>se</strong></span> 
     </span>
    </p>
   </div>
   <div class='ocr_carea' id='block_1_65' title="bbox 372 3935 1946 4006">
    <p class='ocr_par' dir='ltr' id='par_1_65' title="bbox 372 3935 1946 4006">
     <span class='ocr_line' id='line_1_65' title="bbox 372 3935 1946 4006; baseline 0 -16"><span class='ocrx_word' id='word_1_475' title='bbox 372 3941 601 4006; x_wconf 87' lang='lat' dir='ltr'><strong>tempto.</strong></span> <span class='ocrx_word' id='word_1_476' title='bbox 645 3935 801 4002; x_wconf 83' lang='lat' dir='ltr'><strong>Quod</strong></span> <span class='ocrx_word' id='word_1_477' title='bbox 850 3952 977 3991; x_wconf 91' lang='lat' dir='ltr'><strong>cum</strong></span> <span class='ocrx_word' id='word_1_478' title='bbox 1027 3937 1408 4006; x_wconf 74' lang='lat' dir='ltr'><strong>impetrasset,</strong></span> <span class='ocrx_word' id='word_1_479' title='bbox 1466 3937 1538 3991; x_wconf 90' lang='lat' dir='ltr'><strong>ita</strong></span> <span class='ocrx_word' id='word_1_480' title='bbox 1585 3937 1784 3992; x_wconf 81' lang='lat' dir='ltr'><strong>factum</strong></span> <span class='ocrx_word' id='word_1_481' title='bbox 1826 3946 1946 4001; x_wconf 88' lang='lat' dir='ltr'><strong>est,</strong></span> 
     </span>
    </p>
   </div>
   <div class='ocr_carea' id='block_1_66' title="bbox 374 4028 1946 4109">
    <p class='ocr_par' dir='ltr' id='par_1_66' title="bbox 374 4028 1946 4109">
     <span class='ocr_line' id='line_1_66' title="bbox 374 4028 1946 4109; baseline -0.002 -25"><span class='ocrx_word' id='word_1_482' title='bbox 374 4028 545 4098; x_wconf 78' lang='lat' dir='ltr'><strong>idque</strong></span> <span class='ocrx_word' id='word_1_483' title='bbox 604 4036 867 4097; x_wconf 84' lang='lat' dir='ltr'><strong>apparatu</strong></span> <span class='ocrx_word' id='word_1_484' title='bbox 916 4038 971 4082; x_wconf 88' lang='lat' dir='ltr'><strong>et</strong></span> <span class='ocrx_word' id='word_1_485' title='bbox 1026 4043 1257 4109; x_wconf 42' lang='lat' dir='ltr'><strong>pompa.</strong></span> <span class='ocrx_word' id='word_1_486' title='bbox 1289 4043 1396 4082; x_wconf 89' lang='lat' dir='ltr'><strong>non</strong></span> <span class='ocrx_word' id='word_1_487' title='bbox 1434 4028 1620 4083; x_wconf 89' lang='lat' dir='ltr'><strong>minus</strong></span> <span class='ocrx_word' id='word_1_488' title='bbox 1677 4043 1841 4098; x_wconf 87' lang='lat' dir='ltr'><strong>quam</strong></span> <span class='ocrx_word' id='word_1_489' title='bbox 1891 4029 1946 4081; x_wconf 93' lang='lat' dir='ltr'><strong>in</strong></span> 
     </span>
    </p>
   </div>
   <div class='ocr_carea' id='block_1_67' title="bbox 370 4118 1951 4191">
    <p class='ocr_par' dir='ltr' id='par_1_67' title="bbox 370 4118 1951 4191">
     <span class='ocr_line' id='line_1_67' title="bbox 370 4118 1951 4191; baseline 0.001 -16"><span class='ocrx_word' id='word_1_490' title='bbox 370 4121 547 4190; x_wconf 79' lang='lat' dir='ltr'><strong>priori</strong></span> <span class='ocrx_word' id='word_1_491' title='bbox 584 4119 946 4174; x_wconf 81' lang='lat' dir='ltr'><strong>translatione</strong></span> <span class='ocrx_word' id='word_1_492' title='bbox 990 4119 1318 4189; x_wconf 77' lang='lat' dir='ltr'><strong>magniﬁcis.</strong></span> <span class='ocrx_word' id='word_1_493' title='bbox 1367 4118 1504 4174; x_wconf 85' lang='lat' dir='ltr'><strong>Nam</strong></span> <span class='ocrx_word' id='word_1_494' title='bbox 1556 4131 1685 4176; x_wconf 87' lang='lat' dir='ltr'><strong>tunc</strong></span> <span class='ocrx_word' id='word_1_495' title='bbox 1733 4135 1951 4191; x_wconf 77' lang='lat' dir='ltr'><strong>quoque</strong></span> 
     </span>
    </p>
   </div>
   <div class='ocr_carea' id='block_1_68' title="bbox 373 4211 1948 4281">
    <p class='ocr_par' dir='ltr' id='par_1_68' title="bbox 373 4211 1948 4281">
     <span class='ocr_line' id='line_1_68' title="bbox 373 4211 1948 4281; baseline 0.001 -15"><span class='ocrx_word' id='word_1_496' title='bbox 373 4220 715 4281; x_wconf 70' lang='lat' dir='ltr'><strong>congregato</strong></span> <span class='ocrx_word' id='word_1_497' title='bbox 745 4220 892 4267; x_wconf 70' lang='lat' dir='ltr'><strong>cmtu</strong></span> <span class='ocrx_word' id='word_1_498' title='bbox 924 4226 1122 4281; x_wconf 80' lang='lat' dir='ltr'><strong>magno</strong></span> <span class='ocrx_word' id='word_1_499' title='bbox 1156 4212 1357 4267; x_wconf 88' lang='lat' dir='ltr'><strong>iterum</strong></span> <span class='ocrx_word' id='word_1_500' title='bbox 1389 4226 1487 4281; x_wconf 89' lang='lat' dir='ltr'><strong>per</strong></span> <span class='ocrx_word' id='word_1_501' title='bbox 1518 4212 1708 4267; x_wconf 87' lang='lat' dir='ltr'><strong>urbem</strong></span> <span class='ocrx_word' id='word_1_502' title='bbox 1739 4211 1948 4281; x_wconf 86' lang='lat' dir='ltr'><strong>suppli-</strong></span> 
     </span>
    </p>
   </div>
   <div class='ocr_carea' id='block_1_69' title="bbox 372 4302 1947 4373">
    <p class='ocr_par' dir='ltr' id='par_1_69' title="bbox 372 4302 1947 4373">
     <span class='ocr_line' id='line_1_69' title="bbox 372 4302 1947 4373; baseline 0.001 -15"><span class='ocrx_word' id='word_1_503' title='bbox 372 4302 524 4358; x_wconf 85' lang='lat' dir='ltr'><strong>catio</strong></span> <span class='ocrx_word' id='word_1_504' title='bbox 553 4302 844 4373; x_wconf 78' lang='lat' dir='ltr'><strong>processit,</strong></span> <span class='ocrx_word' id='word_1_505' title='bbox 897 4303 1148 4373; x_wconf 74' lang='lat' dir='ltr'><strong>Augusto</strong></span> <span class='ocrx_word' id='word_1_506' title='bbox 1201 4304 1321 4372; x_wconf 87' lang='lat' dir='ltr'><strong>ipso</strong></span> <span class='ocrx_word' id='word_1_507' title='bbox 1355 4319 1419 4358; x_wconf 90' lang='lat' dir='ltr'><strong>ac</strong></span> <span class='ocrx_word' id='word_1_508' title='bbox 1453 4313 1674 4371; x_wconf 85' lang='lat' dir='ltr'><strong>senatu,</strong></span> <span class='ocrx_word' id='word_1_509' title='bbox 1706 4319 1809 4360; x_wconf 85' lang='lat' dir='ltr'><strong>nec</strong></span> <span class='ocrx_word' id='word_1_510' title='bbox 1837 4320 1947 4360; x_wconf 91' lang='lat' dir='ltr'><strong>non</strong></span> 
     </span>
    </p>
   </div>
   <div class='ocr_carea' id='block_1_70' title="bbox 369 4391 1946 4464">
    <p class='ocr_par' dir='ltr' id='par_1_70' title="bbox 369 4391 1946 4464">
     <span class='ocr_line' id='line_1_70' title="bbox 369 4391 1946 4464; baseline 0.003 -16"><span class='ocrx_word' id='word_1_511' title='bbox 369 4391 774 4449; x_wconf 79' lang='lat' dir='ltr'><strong>ecclesiasticis</strong></span> <span class='ocrx_word' id='word_1_512' title='bbox 828 4392 1001 4447; x_wconf 71' lang='lat' dir='ltr'><strong>ferme</strong></span> <span class='ocrx_word' id='word_1_513' title='bbox 1047 4393 1347 4460; x_wconf 89' lang='lat' dir='ltr'><strong>omnibus,</strong></span> <span class='ocrx_word' id='word_1_514' title='bbox 1392 4408 1495 4447; x_wconf 83' lang='lat' dir='ltr'><strong>nec</strong></span> <span class='ocrx_word' id='word_1_515' title='bbox 1544 4395 1742 4449; x_wconf 90' lang='lat' dir='ltr'><strong>minori</strong></span> <span class='ocrx_word' id='word_1_516' title='bbox 1781 4409 1946 4464; x_wconf 88' lang='lat' dir='ltr'><strong>quam</strong></span> 
     </span>
    </p>
   </div>
   <div class='ocr_carea' id='block_1_71' title="bbox 2040 3208 3622 3286">
    <p class='ocr_par' dir='ltr' id='par_1_71' title="bbox 2040 3208 3622 3286">
     <span class='ocr_line' id='line_1_71' title="bbox 2040 3208 3622 3286; baseline 0.006 -26"><span class='ocrx_word' id='word_1_517' title='bbox 2040 3208 2241 3277; x_wconf 85' lang='lat' dir='ltr'><strong>clades</strong></span> <span class='ocrx_word' id='word_1_518' title='bbox 2272 3209 2407 3264; x_wconf 87' lang='lat' dir='ltr'><strong>istas</strong></span> <span class='ocrx_word' id='word_1_519' title='bbox 2435 3210 2745 3270; x_wconf 85' lang='lat' dir='ltr'><strong>indicasse:</strong></span> <span class='ocrx_word' id='word_1_520' title='bbox 2780 3214 3160 3286; x_wconf 85' lang='lat' dir='ltr'><strong>lacrymasque</strong></span> <span class='ocrx_word' id='word_1_521' title='bbox 3205 3216 3328 3271; x_wconf 88' lang='lat' dir='ltr'><strong>illas</strong></span> <span class='ocrx_word' id='word_1_522' title='bbox 3363 3225 3419 3270; x_wconf 90' lang='lat' dir='ltr'><strong>et</strong></span> <span class='ocrx_word' id='word_1_523' title='bbox 3459 3231 3622 3270; x_wconf 87' lang='lat' dir='ltr'><strong>cruo-</strong></span> 
     </span>
    </p>
   </div>
   <div class='ocr_carea' id='block_1_72' title="bbox 2053 3300 3622 3381">
    <p class='ocr_par' dir='ltr' id='par_1_72' title="bbox 2053 3300 3622 3381">
     <span class='ocr_line' id='line_1_72' title="bbox 2053 3300 3622 3381; baseline 0.006 -29"><span class='ocrx_word' id='word_1_524' title='bbox 2053 3314 2169 3353; x_wconf 88' lang='lat' dir='ltr'><strong>rem</strong></span> <span class='ocrx_word' id='word_1_525' title='bbox 2208 3314 2274 3354; x_wconf 87' lang='lat' dir='ltr'><strong>ex</strong></span> <span class='ocrx_word' id='word_1_526' title='bbox 2325 3300 2661 3369; x_wconf 80' lang='lat' dir='ltr'><strong>imaginibus</strong></span> <span class='ocrx_word' id='word_1_527' title='bbox 2705 3303 2826 3358; x_wconf 80' lang='lat' dir='ltr'><strong>l‘usa</strong></span> <span class='ocrx_word' id='word_1_528' title='bbox 2879 3305 3045 3375; x_wconf 77' lang='lat' dir='ltr'><strong>longe</strong></span> <span class='ocrx_word' id='word_1_529' title='bbox 3076 3306 3182 3358; x_wconf 88' lang='lat' dir='ltr'><strong>alio</strong></span> <span class='ocrx_word' id='word_1_530' title='bbox 3226 3308 3532 3381; x_wconf 60' lang='lat' dir='ltr'><strong>respexisse</strong></span> <span class='ocrx_word' id='word_1_531' title='bbox 3559 3323 3622 3361; x_wconf 84' lang='lat' dir='ltr'><strong>ac</strong></span> 
     </span>
    </p>
   </div>
   <div class='ocr_carea' id='block_1_73' title="bbox 2052 3392 3620 3466">
    <p class='ocr_par' dir='ltr' id='par_1_73' title="bbox 2052 3392 3620 3466">
     <span class='ocr_line' id='line_1_73' title="bbox 2052 3392 3620 3466; baseline 0.004 -21"><span class='ocrx_word' id='word_1_532' title='bbox 2052 3392 2204 3445; x_wconf 74' lang='lat' dir='ltr'><strong>velut</strong></span> <span class='ocrx_word' id='word_1_533' title='bbox 2253 3392 2307 3446; x_wconf 91' lang='lat' dir='ltr'><strong>in</strong></span> <span class='ocrx_word' id='word_1_534' title='bbox 2357 3393 2689 3462; x_wconf 78' lang='lat' dir='ltr'><strong>longinquas</strong></span> <span class='ocrx_word' id='word_1_535' title='bbox 2727 3409 2756 3448; x_wconf 91' lang='lat' dir='ltr'><strong>a</strong></span> <span class='ocrx_word' id='word_1_536' title='bbox 2802 3397 2959 3450; x_wconf 89' lang='lat' dir='ltr'><strong>nobis</strong></span> <span class='ocrx_word' id='word_1_537' title='bbox 2991 3398 3099 3466; x_wconf 79' lang='lat'><strong>87</strong></span> <span class='ocrx_word' id='word_1_538' title='bbox 3133 3397 3300 3453; x_wconf 74' lang='lat' dir='ltr'><strong>fuisse</strong></span> <span class='ocrx_word' id='word_1_539' title='bbox 3331 3400 3620 3452; x_wconf 84' lang='lat' dir='ltr'><strong>amandata</strong></span> 
     </span>
    </p>
   </div>
   <div class='ocr_carea' id='block_1_74' title="bbox 2055 3485 3622 3555">
    <p class='ocr_par' dir='ltr' id='par_1_74' title="bbox 2055 3485 3622 3555">
     <span class='ocr_line' id='line_1_74' title="bbox 2055 3485 3622 3555; baseline 0.004 -19"><span class='ocrx_word' id='word_1_540' title='bbox 2055 3490 2256 3547; x_wconf 86' lang='lat' dir='ltr'><strong>terras,</strong></span> <span class='ocrx_word' id='word_1_541' title='bbox 2309 3485 2361 3539; x_wconf 90' lang='lat' dir='ltr'><strong>in</strong></span> <span class='ocrx_word' id='word_1_542' title='bbox 2411 3485 2477 3539; x_wconf 88' lang='lat' dir='ltr'><strong>iis</strong></span> <span class='ocrx_word' id='word_1_543' title='bbox 2521 3486 2785 3555; x_wconf 77' lang='lat' dir='ltr'><strong>explenda</strong></span> <span class='ocrx_word' id='word_1_544' title='bbox 2833 3488 2993 3542; x_wconf 87' lang='lat' dir='ltr'><strong>malis</strong></span> <span class='ocrx_word' id='word_1_545' title='bbox 3021 3504 3251 3552; x_wconf 83' lang='lat' dir='ltr'><strong>quorum</strong></span> <span class='ocrx_word' id='word_1_546' title='bbox 3305 3505 3411 3544; x_wconf 90' lang='lat' dir='ltr'><strong>non</strong></span> <span class='ocrx_word' id='word_1_547' title='bbox 3442 3491 3622 3545; x_wconf 87' lang='lat' dir='ltr'><strong>dicam</strong></span> 
     </span>
    </p>
   </div>
   <div class='ocr_carea' id='block_1_75' title="bbox 2052 3573 3626 3649">
    <p class='ocr_par' dir='ltr' id='par_1_75' title="bbox 2052 3573 3626 3649">
     <span class='ocr_line' id='line_1_75' title="bbox 2052 3573 3626 3649; baseline 0.004 -23"><span class='ocrx_word' id='word_1_548' title='bbox 2052 3573 2412 3642; x_wconf 75' lang='lat' dir='ltr'><strong>experientia.</strong></span> <span class='ocrx_word' id='word_1_549' title='bbox 2465 3577 2558 3630; x_wconf 86' lang='lat' dir='ltr'><strong>sed</strong></span> <span class='ocrx_word' id='word_1_550' title='bbox 2618 3591 2689 3631; x_wconf 88' lang='lat' dir='ltr'><strong>ne</strong></span> <span class='ocrx_word' id='word_1_551' title='bbox 2739 3588 3071 3647; x_wconf 89' lang='lat' dir='ltr'><strong>conspectus</strong></span> <span class='ocrx_word' id='word_1_552' title='bbox 3107 3580 3325 3649; x_wconf 88' lang='lat' dir='ltr'><strong>quidem</strong></span> <span class='ocrx_word' id='word_1_553' title='bbox 3365 3592 3457 3635; x_wconf 89' lang='lat' dir='ltr'><strong>ant</strong></span> <span class='ocrx_word' id='word_1_554' title='bbox 3485 3598 3516 3635; x_wconf 91' lang='lat' dir='ltr'><strong>e</strong></span> <span class='ocrx_word' id='word_1_555' title='bbox 3545 3583 3626 3635; x_wconf 69' lang='lat' dir='ltr'><strong>vi-</strong></span> 
     </span>
    </p>
   </div>
   <div class='ocr_carea' id='block_1_76' title="bbox 2052 3666 3623 3742">
    <p class='ocr_par' dir='ltr' id='par_1_76' title="bbox 2052 3666 3623 3742">
     <span class='ocr_line' id='line_1_76' title="bbox 2052 3666 3623 3742; baseline 0.008 -26"><span class='ocrx_word' id='word_1_556' title='bbox 2052 3666 2179 3717; x_wconf 86' lang='lat' dir='ltr'><strong>cino</strong></span> <span class='ocrx_word' id='word_1_557' title='bbox 2213 3680 2415 3721; x_wconf 83' lang='lat' dir='ltr'><strong>sensus</strong></span> <span class='ocrx_word' id='word_1_558' title='bbox 2459 3668 2525 3720; x_wconf 87' lang='lat' dir='ltr'><strong>ad</strong></span> <span class='ocrx_word' id='word_1_559' title='bbox 2574 3684 2674 3724; x_wconf 91' lang='lat' dir='ltr'><strong>nos</strong></span> <span class='ocrx_word' id='word_1_560' title='bbox 2713 3673 3066 3741; x_wconf 74' lang='lat' dir='ltr'><strong>pet-lingeret,</strong></span> <span class='ocrx_word' id='word_1_561' title='bbox 3105 3674 3179 3726; x_wconf 85' lang='lat' dir='ltr'><strong>uti</strong></span> <span class='ocrx_word' id='word_1_562' title='bbox 3222 3688 3322 3727; x_wconf 87' lang='lat' dir='ltr'><strong>nec</strong></span> <span class='ocrx_word' id='word_1_563' title='bbox 3344 3673 3453 3728; x_wconf 90' lang='lat' dir='ltr'><strong>illis</strong></span> <span class='ocrx_word' id='word_1_564' title='bbox 3489 3675 3623 3742; x_wconf 83' lang='lat' dir='ltr'><strong>ipsis</strong></span> 
     </span>
    </p>
   </div>
   <div class='ocr_carea' id='block_1_77' title="bbox 2051 3756 3623 3831">
    <p class='ocr_par' dir='ltr' id='par_1_77' title="bbox 2051 3756 3623 3831">
     <span class='ocr_line' id='line_1_77' title="bbox 2051 3756 3623 3831; baseline 0.008 -25"><span class='ocrx_word' id='word_1_565' title='bbox 2051 3756 2297 3811; x_wconf 89' lang='lat' dir='ltr'><strong>vicissim</strong></span> <span class='ocrx_word' id='word_1_566' title='bbox 2328 3759 2602 3827; x_wconf 77' lang='lat' dir='ltr'><strong>gentibus,</strong></span> <span class='ocrx_word' id='word_1_567' title='bbox 2633 3776 2756 3831; x_wconf 82' lang='lat' dir='ltr'><strong>quae</strong></span> <span class='ocrx_word' id='word_1_568' title='bbox 2781 3776 2886 3816; x_wconf 89' lang='lat' dir='ltr'><strong>nos</strong></span> <span class='ocrx_word' id='word_1_569' title='bbox 2917 3762 3182 3830; x_wconf 83' lang='lat' dir='ltr'><strong>urgebant</strong></span> <span class='ocrx_word' id='word_1_570' title='bbox 3210 3764 3461 3827; x_wconf 84' lang='lat' dir='ltr'><strong>adversa,</strong></span> <span class='ocrx_word' id='word_1_571' title='bbox 3495 3776 3623 3819; x_wconf 80' lang='lat' dir='ltr'><strong>uota</strong></span> 
     </span>
    </p>
   </div>
   <div class='ocr_carea' id='block_1_78' title="bbox 2052 3848 3622 3917">
    <p class='ocr_par' dir='ltr' id='par_1_78' title="bbox 2052 3848 3622 3917">
     <span class='ocr_line' id='line_1_78' title="bbox 2052 3848 3622 3917; baseline 0.005 -18"><span class='ocrx_word' id='word_1_572' title='bbox 2052 3859 2234 3912; x_wconf 83' lang='lat' dir='ltr'><strong>erant,</strong></span> <span class='ocrx_word' id='word_1_573' title='bbox 2291 3848 2525 3917; x_wconf 83' lang='lat' dir='ltr'><strong>abrupto</strong></span> <span class='ocrx_word' id='word_1_574' title='bbox 2584 3865 2614 3904; x_wconf 89' lang='lat' dir='ltr'><strong>a</strong></span> <span class='ocrx_word' id='word_1_575' title='bbox 2666 3850 2826 3907; x_wconf 89' lang='lat' dir='ltr'><strong>nobis</strong></span> <span class='ocrx_word' id='word_1_576' title='bbox 2868 3853 3102 3908; x_wconf 89' lang='lat' dir='ltr'><strong>invicem</strong></span> <span class='ocrx_word' id='word_1_577' title='bbox 3151 3855 3508 3909; x_wconf 89' lang='lat' dir='ltr'><strong>commercio.</strong></span> <span class='ocrx_word' id='word_1_578' title='bbox 3563 3854 3622 3907; x_wconf 86' lang='lat' dir='ltr'><strong>Id</strong></span> 
     </span>
    </p>
   </div>
   <div class='ocr_carea' id='block_1_79' title="bbox 2053 3939 3628 4010">
    <p class='ocr_par' dir='ltr' id='par_1_79' title="bbox 2053 3939 3628 4010">
     <span class='ocr_line' id='line_1_79' title="bbox 2053 3939 3628 4010; baseline 0.004 -18"><span class='ocrx_word' id='word_1_579' title='bbox 2053 3939 2197 4008; x_wconf 90' lang='lat' dir='ltr'><strong>quod</strong></span> <span class='ocrx_word' id='word_1_580' title='bbox 2233 3939 2323 3992; x_wconf 89' lang='lat' dir='ltr'><strong>ubi</strong></span> <span class='ocrx_word' id='word_1_581' title='bbox 2376 3950 2461 3995; x_wconf 90' lang='lat' dir='ltr'><strong>est</strong></span> <span class='ocrx_word' id='word_1_582' title='bbox 2510 3941 2950 3999; x_wconf 89' lang='lat' dir='ltr'><strong>animadversum</strong></span> <span class='ocrx_word' id='word_1_583' title='bbox 2982 3985 2996 4010; x_wconf 94' lang='lat'><strong>,</strong></span> <span class='ocrx_word' id='word_1_584' title='bbox 3029 3945 3200 3999; x_wconf 86' lang='lat' dir='ltr'><strong>valuit</strong></span> <span class='ocrx_word' id='word_1_585' title='bbox 3226 3960 3286 4000; x_wconf 85' lang='lat' dir='ltr'><strong>ea</strong></span> <span class='ocrx_word' id='word_1_586' title='bbox 3314 3947 3628 4001; x_wconf 89' lang='lat' dir='ltr'><strong>observatio</strong></span> 
     </span>
    </p>
   </div>
   <div class='ocr_carea' id='block_1_80' title="bbox 2051 4028 3628 4095">
    <p class='ocr_par' dir='ltr' id='par_1_80' title="bbox 2051 4028 3628 4095">
     <span class='ocr_line' id='line_1_80' title="bbox 2051 4028 3628 4095; baseline 0.006 -12"><span class='ocrx_word' id='word_1_587' title='bbox 2051 4028 2117 4084; x_wconf 89' lang='lat' dir='ltr'><strong>ad</strong></span> <span class='ocrx_word' id='word_1_588' title='bbox 2154 4030 2501 4085; x_wconf 86' lang='lat' dir='ltr'><strong>relevandam</strong></span> <span class='ocrx_word' id='word_1_589' title='bbox 2558 4032 2610 4086; x_wconf 89' lang='lat' dir='ltr'><strong>in</strong></span> <span class='ocrx_word' id='word_1_590' title='bbox 2654 4033 2856 4090; x_wconf 86' lang='lat' dir='ltr'><strong>nostris</strong></span> <span class='ocrx_word' id='word_1_591' title='bbox 2895 4036 3207 4090; x_wconf 64' lang='lat' dir='ltr'><strong>maestitiam</strong></span> <span class='ocrx_word' id='word_1_592' title='bbox 3248 4052 3314 4090; x_wconf 78' lang='lat' dir='ltr'><strong>ex</strong></span> <span class='ocrx_word' id='word_1_593' title='bbox 3352 4037 3519 4094; x_wconf 88' lang='lat' dir='ltr'><strong>minis</strong></span> <span class='ocrx_word' id='word_1_594' title='bbox 3550 4041 3628 4095; x_wconf 82' lang='lat' dir='ltr'><strong>si-</strong></span> 
     </span>
    </p>
   </div>
   <div class='ocr_carea' id='block_1_81' title="bbox 2051 4120 3628 4201">
    <p class='ocr_par' dir='ltr' id='par_1_81' title="bbox 2051 4120 3628 4201">
     <span class='ocr_line' id='line_1_81' title="bbox 2051 4120 3628 4201; baseline 0.007 -30"><span class='ocrx_word' id='word_1_595' title='bbox 2051 4134 2281 4189; x_wconf 81' lang='lat' dir='ltr'><strong>gnorum</strong></span> <span class='ocrx_word' id='word_1_596' title='bbox 2316 4120 2625 4178; x_wconf 86' lang='lat' dir='ltr'><strong>istiusmodi</strong></span> <span class='ocrx_word' id='word_1_597' title='bbox 2655 4133 3005 4201; x_wconf 49' lang='lat' dir='ltr'><strong>conceptam,</strong></span> <span class='ocrx_word' id='word_1_598' title='bbox 3033 4125 3376 4183; x_wconf 84' lang='lat' dir='ltr'><strong>Recrearunt</strong></span> <span class='ocrx_word' id='word_1_599' title='bbox 3403 4128 3486 4183; x_wconf 88' lang='lat' dir='ltr'><strong>illi</strong></span> <span class='ocrx_word' id='word_1_600' title='bbox 3518 4129 3628 4184; x_wconf 90' lang='lat' dir='ltr'><strong>sei-</strong></span> 
     </span>
    </p>
   </div>
   <div class='ocr_carea' id='block_1_82' title="bbox 2051 4209 3628 4287">
    <p class='ocr_par' dir='ltr' id='par_1_82' title="bbox 2051 4209 3628 4287">
     <span class='ocr_line' id='line_1_82' title="bbox 2051 4209 3628 4287; baseline 0.007 -24"><span class='ocrx_word' id='word_1_601' title='bbox 2051 4209 2174 4264; x_wconf 88' lang='lat' dir='ltr'><strong>lieet</strong></span> <span class='ocrx_word' id='word_1_602' title='bbox 2231 4211 2447 4266; x_wconf 87' lang='lat' dir='ltr'><strong>animos</strong></span> <span class='ocrx_word' id='word_1_603' title='bbox 2499 4222 2553 4267; x_wconf 92' lang='lat' dir='ltr'><strong>et</strong></span> <span class='ocrx_word' id='word_1_604' title='bbox 2602 4212 2741 4270; x_wconf 84' lang='lat' dir='ltr'><strong>bene</strong></span> <span class='ocrx_word' id='word_1_605' title='bbox 2791 4229 3013 4285; x_wconf 88' lang='lat' dir='ltr'><strong>sperare</strong></span> <span class='ocrx_word' id='word_1_606' title='bbox 3064 4228 3473 4287; x_wconf 81' lang='lat' dir='ltr'><strong>perrexerunt,</strong></span> <span class='ocrx_word' id='word_1_607' title='bbox 3533 4219 3628 4274; x_wconf 83' lang='lat' dir='ltr'><strong>ubi</strong></span> 
     </span>
    </p>
   </div>
   <div class='ocr_carea' id='block_1_83' title="bbox 2050 4303 3625 4377">
    <p class='ocr_par' dir='ltr' id='par_1_83' title="bbox 2050 4303 3625 4377">
     <span class='ocr_line' id='line_1_83' title="bbox 2050 4303 3625 4377; baseline 0.006 -23"><span class='ocrx_word' id='word_1_608' title='bbox 2050 4311 2396 4367; x_wconf 80' lang='lat' dir='ltr'><strong>compertum</strong></span> <span class='ocrx_word' id='word_1_609' title='bbox 2432 4310 2488 4356; x_wconf 90' lang='lat' dir='ltr'><strong>et</strong></span> <span class='ocrx_word' id='word_1_610' title='bbox 2517 4303 2693 4371; x_wconf 87' lang='lat' dir='ltr'><strong>reipsa</strong></span> <span class='ocrx_word' id='word_1_611' title='bbox 2718 4306 3153 4360; x_wconf 81' lang='lat' dir='ltr'><strong>demonstratum</strong></span> <span class='ocrx_word' id='word_1_612' title='bbox 3195 4308 3447 4377; x_wconf 87' lang='lat' dir='ltr'><strong>apparuit</strong></span> <span class='ocrx_word' id='word_1_613' title='bbox 3482 4309 3625 4364; x_wconf 82' lang='lat' dir='ltr'><strong>hami</strong></span> 
     </span>
    </p>
   </div>
   <div class='ocr_carea' id='block_1_84' title="bbox 2050 4391 3626 4467">
    <p class='ocr_par' dir='ltr' id='par_1_84' title="bbox 2050 4391 3626 4467">
     <span class='ocr_line' id='line_1_84' title="bbox 2050 4391 3626 4467; baseline 0.007 -26"><span class='ocrx_word' id='word_1_614' title='bbox 2050 4403 2235 4442; x_wconf 86' lang='lat' dir='ltr'><strong>veram</strong></span> <span class='ocrx_word' id='word_1_615' title='bbox 2260 4404 2384 4444; x_wconf 89' lang='lat' dir='ltr'><strong>esse</strong></span> <span class='ocrx_word' id='word_1_616' title='bbox 2420 4391 2795 4462; x_wconf 73' lang='lat' dir='ltr'><strong>pervulgatam</strong></span> <span class='ocrx_word' id='word_1_617' title='bbox 2826 4393 3144 4463; x_wconf 88' lang='lat' dir='ltr'><strong>opinionem</strong></span> <span class='ocrx_word' id='word_1_618' title='bbox 3175 4395 3364 4464; x_wconf 70' lang='lat' dir='ltr'><strong>illam],</strong></span> <span class='ocrx_word' id='word_1_619' title='bbox 3391 4413 3498 4467; x_wconf 88' lang='lat' dir='ltr'><strong>qua</strong></span> <span class='ocrx_word' id='word_1_620' title='bbox 3522 4399 3626 4452; x_wconf 87' lang='lat' dir='ltr'><strong>sibi</strong></span> 
     </span>
    </p>
   </div>
   <div class='ocr_carea' id='block_1_85' title="bbox 370 4479 3627 4570">
    <p class='ocr_par' dir='ltr' id='par_1_85' title="bbox 370 4479 3627 4570">
     <span class='ocr_line' id='line_1_85' title="bbox 370 4479 3627 4570; baseline 0.001 -32"><span class='ocrx_word' id='word_1_621' title='bbox 370 4493 538 4539; x_wconf 83' lang='lat' dir='ltr'><strong>antea</strong></span> <span class='ocrx_word' id='word_1_622' title='bbox 566 4484 754 4555; x_wconf 78' lang='lat' dir='ltr'><strong>populi</strong></span> <span class='ocrx_word' id='word_1_623' title='bbox 790 4483 1165 4550; x_wconf 82' lang='lat' dir='ltr'><strong>multitudine,</strong></span> <span class='ocrx_word' id='word_1_624' title='bbox 1198 4485 1451 4540; x_wconf 81' lang='lat' dir='ltr'><strong>ordinato</strong></span> <span class='ocrx_word' id='word_1_625' title='bbox 1473 4497 1528 4541; x_wconf 78' lang='lat' dir='ltr'><strong>et</strong></span> <span class='ocrx_word' id='word_1_626' title='bbox 1560 4485 1710 4540; x_wconf 79' lang='lat' dir='ltr'><strong>lento</strong></span> <span class='ocrx_word' id='word_1_627' title='bbox 1727 4486 1946 4542; x_wconf 77' lang='lat' dir='ltr'><strong>incessu</strong></span> <span class='ocrx_word' id='word_1_628' title='bbox 1979 4515 2026 4570; x_wconf 64' lang='grc' dir='ltr'><strong>υ</strong></span> <span class='ocrx_word' id='word_1_629' title='bbox 2055 4481 2320 4535; x_wconf 87' lang='lat' dir='ltr'><strong>hactenus</strong></span> <span class='ocrx_word' id='word_1_630' title='bbox 2348 4479 2604 4538; x_wconf 87' lang='lat' dir='ltr'><strong>homines</strong></span> <span class='ocrx_word' id='word_1_631' title='bbox 2624 4493 3014 4553; x_wconf 84' lang='lat' dir='ltr'><strong>persuaserant</strong></span> <span class='ocrx_word' id='word_1_632' title='bbox 3052 4495 3239 4539; x_wconf 78' lang='lat' dir='ltr'><strong>eventa</strong></span> <span class='ocrx_word' id='word_1_633' title='bbox 3270 4485 3627 4557; x_wconf 80' lang='lat' dir='ltr'><strong>signiﬁcatio—</strong></span> 
     </span>
    </p>
   </div>
   <div class='ocr_carea' id='block_1_86' title="bbox 370 4574 1949 4647">
    <p class='ocr_par' dir='ltr' id='par_1_86' title="bbox 370 4574 1949 4647">
     <span class='ocr_line' id='line_1_86' title="bbox 370 4574 1949 4647; baseline 0.001 -16"><span class='ocrx_word' id='word_1_634' title='bbox 370 4574 549 4632; x_wconf 72' lang='lat' dir='ltr'><strong>fu&#39;nus</strong></span> <span class='ocrx_word' id='word_1_635' title='bbox 599 4575 1006 4646; x_wconf 81' lang='lat' dir='ltr'><strong>perbonoriliee</strong></span> <span class='ocrx_word' id='word_1_636' title='bbox 1038 4577 1525 4647; x_wconf 87' lang='lat' dir='ltr'><strong>prosequentibus,</strong></span> <span class='ocrx_word' id='word_1_637' title='bbox 1560 4593 1725 4647; x_wconf 86' lang='lat' dir='ltr'><strong>quam</strong></span> <span class='ocrx_word' id='word_1_638' title='bbox 1779 4578 1832 4632; x_wconf 86' lang='lat' dir='ltr'><strong>in</strong></span> <span class='ocrx_word' id='word_1_639' title='bbox 1862 4593 1949 4632; x_wconf 86' lang='lat' dir='ltr'><strong>ee-</strong></span> 
     </span>
    </p>
   </div>
   <div class='ocr_carea' id='block_1_87' title="bbox 370 4668 1947 4738">
    <p class='ocr_par' dir='ltr' id='par_1_87' title="bbox 370 4668 1947 4738">
     <span class='ocr_line' id='line_1_87' title="bbox 370 4668 1947 4738; baseline -0.001 -16"><span class='ocrx_word' id='word_1_640' title='bbox 370 4669 687 4723; x_wconf 80' lang='lat' dir='ltr'><strong>iebritatem</strong></span> <span class='ocrx_word' id='word_1_641' title='bbox 715 4682 824 4721; x_wconf 88' lang='lat' dir='ltr'><strong>non</strong></span> <span class='ocrx_word' id='word_1_642' title='bbox 841 4668 1115 4722; x_wconf 87' lang='lat' dir='ltr'><strong>modicum</strong></span> <span class='ocrx_word' id='word_1_643' title='bbox 1143 4669 1308 4722; x_wconf 87' lang='lat' dir='ltr'><strong>etiam</strong></span> <span class='ocrx_word' id='word_1_644' title='bbox 1332 4674 1610 4738; x_wconf 87' lang='lat' dir='ltr'><strong>sumptum</strong></span> <span class='ocrx_word' id='word_1_645' title='bbox 1643 4668 1947 4738; x_wconf 85' lang='lat' dir='ltr'><strong>imperator</strong></span> 
     </span>
    </p>
   </div>
   <div class='ocr_carea' id='block_1_88' title="bbox 374 4759 1949 4830">
    <p class='ocr_par' dir='ltr' id='par_1_88' title="bbox 374 4759 1949 4830">
     <span class='ocr_line' id='line_1_88' title="bbox 374 4759 1949 4830; baseline 0 -16"><span class='ocrx_word' id='word_1_646' title='bbox 374 4761 529 4823; x_wconf 79' lang='lat' dir='ltr'><strong>fecit,</strong></span> <span class='ocrx_word' id='word_1_647' title='bbox 564 4760 889 4827; x_wconf 81' lang='lat' dir='ltr'><strong>artiﬁcibus,</strong></span> <span class='ocrx_word' id='word_1_648' title='bbox 911 4762 1005 4830; x_wconf 86' lang='lat' dir='ltr'><strong>qui</strong></span> <span class='ocrx_word' id='word_1_649' title='bbox 1041 4761 1484 4829; x_wconf 87' lang='lat' dir='ltr'><strong>qualemcunque</strong></span> <span class='ocrx_word' id='word_1_650' title='bbox 1508 4760 1575 4813; x_wconf 89' lang='lat' dir='ltr'><strong>ad</strong></span> <span class='ocrx_word' id='word_1_651' title='bbox 1604 4759 1658 4813; x_wconf 89' lang='lat' dir='ltr'><strong>id</strong></span> <span class='ocrx_word' id='word_1_652' title='bbox 1685 4759 1949 4814; x_wconf 84' lang='lat' dir='ltr'><strong>contulis-</strong></span> 
     </span>
    </p>
   </div>
   <div class='ocr_carea' id='block_1_89' title="bbox 375 4850 1877 4922">
    <p class='ocr_par' dir='ltr' id='par_1_89' title="bbox 375 4850 1877 4922">
     <span class='ocr_line' id='line_1_89' title="bbox 375 4850 1877 4922; baseline -0.001 -14"><span class='ocrx_word' id='word_1_653' title='bbox 375 4862 777 4920; x_wconf 6' lang='lat' dir='ltr'><strong>sentpoperam,</strong></span> <span class='ocrx_word' id='word_1_654' title='bbox 815 4852 966 4919; x_wconf 73' lang='lat' dir='ltr'><strong>larga</strong></span> <span class='ocrx_word' id='word_1_655' title='bbox 996 4851 1064 4907; x_wconf 90' lang='lat' dir='ltr'><strong>de</strong></span> <span class='ocrx_word' id='word_1_656' title='bbox 1090 4867 1193 4907; x_wconf 91' lang='lat' dir='ltr'><strong>suo</strong></span> <span class='ocrx_word' id='word_1_657' title='bbox 1233 4850 1507 4922; x_wconf 88' lang='lat' dir='ltr'><strong>stipendia</strong></span> <span class='ocrx_word' id='word_1_658' title='bbox 1536 4850 1877 4921; x_wconf 88' lang='lat' dir='ltr'><strong>persolvens.</strong></span> 
     </span>
    </p>
   </div>
   <div class='ocr_carea' id='block_1_90' title="bbox 549 4939 1766 5011">
    <p class='ocr_par' dir='ltr' id='par_1_90' title="bbox 549 4939 1766 5011">
     <span class='ocr_line' id='line_1_90' title="bbox 549 4939 1766 5011; baseline 0 -15"><span class='ocrx_word' id='word_1_659' title='bbox 549 4942 637 4997; x_wconf 74' lang='grc'><strong>52.</strong></span> <span class='ocrx_word' id='word_1_660' title='bbox 675 4943 748 4997; x_wconf 82' lang='lat' dir='ltr'><strong>De</strong></span> <span class='ocrx_word' id='word_1_661' title='bbox 778 4943 1018 4998; x_wconf 77' lang='lat' dir='ltr'><strong>cladibus</strong></span> <span class='ocrx_word' id='word_1_662' title='bbox 1044 4939 1470 4998; x_wconf 70' lang='lat' dir='ltr'><strong>Christianorum</strong></span> <span class='ocrx_word' id='word_1_663' title='bbox 1496 4942 1552 4995; x_wconf 82' lang='lat' dir='ltr'><strong>in</strong></span> <span class='ocrx_word' id='word_1_664' title='bbox 1583 4940 1766 5011; x_wconf 80' lang='lat' dir='ltr'><strong>Syria.</strong></span> 
     </span>
    </p>
   </div>
   <div class='ocr_carea' id='block_1_91' title="bbox 442 5034 1949 5106">
    <p class='ocr_par' dir='ltr' id='par_1_91' title="bbox 442 5034 1949 5106">
     <span class='ocr_line' id='line_1_91' title="bbox 442 5034 1949 5106; baseline -0.001 -16"><span class='ocrx_word' id='word_1_665' title='bbox 442 5036 607 5090; x_wconf 86' lang='lat' dir='ltr'><strong>Circa</strong></span> <span class='ocrx_word' id='word_1_666' title='bbox 640 5035 745 5090; x_wconf 90' lang='lat' dir='ltr'><strong>hoc</strong></span> <span class='ocrx_word' id='word_1_667' title='bbox 774 5046 993 5106; x_wconf 85' lang='lat' dir='ltr'><strong>tempus</strong></span> <span class='ocrx_word' id='word_1_668' title='bbox 1019 5036 1360 5104; x_wconf 60' lang='lat' dir='ltr'><strong>gravissima</strong></span> <span class='ocrx_word' id='word_1_669' title='bbox 1397 5035 1614 5106; x_wconf 83' lang='lat' dir='ltr'><strong>Syriam</strong></span> <span class='ocrx_word' id='word_1_670' title='bbox 1669 5034 1949 5090; x_wconf 88' lang='lat' dir='ltr'><strong>calamita-</strong></span> 
     </span>
    </p>
   </div>
   <div class='ocr_carea' id='block_1_92' title="bbox 373 5124 1993 5199">
    <p class='ocr_par' dir='ltr' id='par_1_92' title="bbox 373 5124 1993 5199">
     <span class='ocr_line' id='line_1_92' title="bbox 373 5124 1993 5199; baseline -0.004 -13"><span class='ocrx_word' id='word_1_671' title='bbox 373 5140 464 5187; x_wconf 85' lang='lat' dir='ltr'><strong>tes</strong></span> <span class='ocrx_word' id='word_1_672' title='bbox 494 5126 828 5186; x_wconf 80' lang='lat' dir='ltr'><strong>aﬂlixerunt.</strong></span> <span class='ocrx_word' id='word_1_673' title='bbox 862 5128 999 5183; x_wconf 84' lang='lat' dir='ltr'><strong>Nam</strong></span> <span class='ocrx_word' id='word_1_674' title='bbox 1026 5129 1320 5199; x_wconf 84' lang='lat' dir='ltr'><strong>Babylonis</strong></span> <span class='ocrx_word' id='word_1_675' title='bbox 1342 5129 1525 5184; x_wconf 87' lang='lat' dir='ltr'><strong>sultan</strong></span> <span class='ocrx_word' id='word_1_676' title='bbox 1550 5138 1705 5196; x_wconf 86' lang='lat' dir='ltr'><strong>capta</strong></span> <span class='ocrx_word' id='word_1_677' title='bbox 1738 5127 1867 5182; x_wconf 89' lang='lat' dir='ltr'><strong>olim</strong></span> <span class='ocrx_word' id='word_1_678' title='bbox 1896 5135 1952 5181; x_wconf 91' lang='lat' dir='ltr'><strong>et</strong></span> <span class='ocrx_word' id='word_1_679' title='bbox 1990 5124 1993 5127; x_wconf 35' lang='grc' dir='ltr'><strong>λ</strong></span> 
     </span>
    </p>
   </div>
   <div class='ocr_carea' id='block_1_93' title="bbox 373 5217 1947 5291">
    <p class='ocr_par' dir='ltr' id='par_1_93' title="bbox 373 5217 1947 5291">
     <span class='ocr_line' id='line_1_93' title="bbox 373 5217 1947 5291; baseline -0.006 -13"><span class='ocrx_word' id='word_1_680' title='bbox 373 5224 501 5278; x_wconf 73' lang='lat' dir='ltr'><strong>solo</strong></span> <span class='ocrx_word' id='word_1_681' title='bbox 526 5232 737 5291; x_wconf 73' lang='lat' dir='ltr'><strong>aequata</strong></span> <span class='ocrx_word' id='word_1_682' title='bbox 760 5219 1076 5279; x_wconf 84' lang='lat' dir='ltr'><strong>Antiochia,</strong></span> <span class='ocrx_word' id='word_1_683' title='bbox 1099 5219 1497 5272; x_wconf 81' lang='lat' dir='ltr'><strong>internecinum</strong></span> <span class='ocrx_word' id='word_1_684' title='bbox 1522 5217 1577 5272; x_wconf 91' lang='lat' dir='ltr'><strong>in</strong></span> <span class='ocrx_word' id='word_1_685' title='bbox 1607 5219 1769 5271; x_wconf 84' lang='lat' dir='ltr'><strong>Italos</strong></span> <span class='ocrx_word' id='word_1_686' title='bbox 1795 5230 1947 5270; x_wconf 87' lang='lat' dir='ltr'><strong>oram</strong></span> 
     </span>
    </p>
   </div>
   <div class='ocr_carea' id='block_1_94' title="bbox 373 5310 1953 5387">
    <p class='ocr_par' dir='ltr' id='par_1_94' title="bbox 373 5310 1953 5387">
     <span class='ocr_line' id='line_1_94' title="bbox 373 5310 1953 5387; baseline -0.006 -17"><span class='ocrx_word' id='word_1_687' title='bbox 373 5317 554 5387; x_wconf 76' lang='lat' dir='ltr'><strong>Syriae</strong></span> <span class='ocrx_word' id='word_1_688' title='bbox 586 5315 923 5368; x_wconf 83' lang='lat' dir='ltr'><strong>maritimam</strong></span> <span class='ocrx_word' id='word_1_689' title='bbox 961 5312 1279 5366; x_wconf 82' lang='lat' dir='ltr'><strong>obtinentes</strong></span> <span class='ocrx_word' id='word_1_690' title='bbox 1320 5310 1520 5365; x_wconf 86' lang='lat' dir='ltr'><strong>bellum</strong></span> <span class='ocrx_word' id='word_1_691' title='bbox 1573 5310 1715 5364; x_wconf 87' lang='lat' dir='ltr'><strong>odiis</strong></span> <span class='ocrx_word' id='word_1_692' title='bbox 1760 5322 1953 5379; x_wconf 86' lang='lat' dir='ltr'><strong>perpe-</strong></span> 
     </span>
    </p>
   </div>
   <div class='ocr_carea' id='block_1_95' title="bbox 376 5400 1953 5469">
    <p class='ocr_par' dir='ltr' id='par_1_95' title="bbox 376 5400 1953 5469">
     <span class='ocr_line' id='line_1_95' title="bbox 376 5400 1953 5469; baseline -0.008 -6"><span class='ocrx_word' id='word_1_693' title='bbox 376 5406 646 5464; x_wconf 80' lang='lat' dir='ltr'><strong>tuandum</strong></span> <span class='ocrx_word' id='word_1_694' title='bbox 670 5404 1038 5462; x_wconf 68' lang='lat' dir='ltr'><strong>haereditariis</strong></span> <span class='ocrx_word' id='word_1_695' title='bbox 1068 5403 1273 5459; x_wconf 85' lang='lat' dir='ltr'><strong>dudum</strong></span> <span class='ocrx_word' id='word_1_696' title='bbox 1304 5402 1703 5455; x_wconf 87' lang='lat' dir='ltr'><strong>transmiserat.</strong></span> <span class='ocrx_word' id='word_1_697' title='bbox 1731 5400 1832 5453; x_wconf 85' lang='lat' dir='ltr'><strong>Cui</strong></span> <span class='ocrx_word' id='word_1_698' title='bbox 1857 5414 1953 5469; x_wconf 83' lang='lat' dir='ltr'><strong>per</strong></span> 
     </span>
    </p>
   </div>
   <div class='ocr_carea' id='block_1_96' title="bbox 372 5490 1953 5567">
    <p class='ocr_par' dir='ltr' id='par_1_96' title="bbox 372 5490 1953 5567">
     <span class='ocr_line' id='line_1_96' title="bbox 372 5490 1953 5567; baseline -0.005 -15"><span class='ocrx_word' id='word_1_699' title='bbox 372 5499 494 5552; x_wconf 72' lang='lat' dir='ltr'><strong>lucc</strong></span> <span class='ocrx_word' id='word_1_700' title='bbox 545 5507 793 5567; x_wconf 84' lang='lat' dir='ltr'><strong>tempora</strong></span> <span class='ocrx_word' id='word_1_701' title='bbox 856 5494 1228 5563; x_wconf 81' lang='lat' dir='ltr'><strong>obsequentes</strong></span> <span class='ocrx_word' id='word_1_702' title='bbox 1284 5491 1537 5552; x_wconf 77' lang='lat' dir='ltr'><strong>Arabes,</strong></span> <span class='ocrx_word' id='word_1_703' title='bbox 1611 5498 1706 5543; x_wconf 88' lang='lat' dir='ltr'><strong>aut</strong></span> <span class='ocrx_word' id='word_1_704' title='bbox 1765 5490 1953 5558; x_wconf 89' lang='lat' dir='ltr'><strong>potius</strong></span> 
     </span>
    </p>
   </div>
   <div class='ocr_carea' id='block_1_97' title="bbox 371 5580 1955 5658">
    <p class='ocr_par' dir='ltr' id='par_1_97' title="bbox 371 5580 1955 5658">
     <span class='ocr_line' id='line_1_97' title="bbox 371 5580 1955 5658; baseline -0.008 -12"><span class='ocrx_word' id='word_1_705' title='bbox 371 5589 685 5658; x_wconf 61' lang='lat' dir='ltr'><strong>Ethiopes,</strong></span> <span class='ocrx_word' id='word_1_706' title='bbox 726 5587 964 5655; x_wconf 88' lang='lat' dir='ltr'><strong>primum</strong></span> <span class='ocrx_word' id='word_1_707' title='bbox 1001 5586 1220 5653; x_wconf 89' lang='lat' dir='ltr'><strong>quidem</strong></span> <span class='ocrx_word' id='word_1_708' title='bbox 1257 5591 1566 5651; x_wconf 75' lang='lat' dir='ltr'><strong>expugnata</strong></span> <span class='ocrx_word' id='word_1_709' title='bbox 1599 5580 1807 5651; x_wconf 78' lang='lat' dir='ltr'><strong>Tripoli</strong></span> <span class='ocrx_word' id='word_1_710' title='bbox 1837 5597 1955 5635; x_wconf 92' lang='lat' dir='ltr'><strong>om-</strong></span> 
     </span>
    </p>
   </div>
   <div class='ocr_carea' id='block_1_98' title="bbox 370 5674 1948 5751">
    <p class='ocr_par' dir='ltr' id='par_1_98' title="bbox 370 5674 1948 5751">
     <span class='ocr_line' id='line_1_98' title="bbox 370 5674 1948 5751; baseline -0.007 -12"><span class='ocrx_word' id='word_1_711' title='bbox 370 5698 477 5740; x_wconf 81' lang='lat' dir='ltr'><strong>nes</strong></span> <span class='ocrx_word' id='word_1_712' title='bbox 504 5684 559 5737; x_wconf 88' lang='lat' dir='ltr'><strong>in</strong></span> <span class='ocrx_word' id='word_1_713' title='bbox 590 5697 653 5737; x_wconf 82' lang='lat' dir='ltr'><strong>ea</strong></span> <span class='ocrx_word' id='word_1_714' title='bbox 675 5689 927 5751; x_wconf 86' lang='lat' dir='ltr'><strong>repertos</strong></span> <span class='ocrx_word' id='word_1_715' title='bbox 953 5676 1250 5747; x_wconf 87' lang='lat' dir='ltr'><strong>puberibus</strong></span> <span class='ocrx_word' id='word_1_716' title='bbox 1274 5675 1511 5743; x_wconf 80' lang='lat' dir='ltr'><strong>majores</strong></span> <span class='ocrx_word' id='word_1_717' title='bbox 1533 5674 1948 5738; x_wconf 81' lang='lat' dir='ltr'><strong>interfecerunt,</strong></span> 
     </span>
    </p>
   </div>
   <div class='ocr_carea' id='block_1_99' title="bbox 370 5767 1954 5845">
    <p class='ocr_par' dir='ltr' id='par_1_99' title="bbox 370 5767 1954 5845">
     <span class='ocr_line' id='line_1_99' title="bbox 370 5767 1954 5845; baseline -0.009 -14"><span class='ocrx_word' id='word_1_718' title='bbox 370 5776 679 5845; x_wconf 73' lang='lat' dir='ltr'><strong>urbemque</strong></span> <span class='ocrx_word' id='word_1_719' title='bbox 705 5774 885 5844; x_wconf 77' lang='lat' dir='ltr'><strong>ipsa‘tu</strong></span> <span class='ocrx_word' id='word_1_720' title='bbox 909 5784 939 5823; x_wconf 84' lang='lat' dir='ltr'><strong>a</strong></span> <span class='ocrx_word' id='word_1_721' title='bbox 963 5769 1332 5823; x_wconf 76' lang='lat' dir='ltr'><strong>fundamentis</strong></span> <span class='ocrx_word' id='word_1_722' title='bbox 1360 5780 1605 5835; x_wconf 75' lang='lat' dir='ltr'><strong>eversam</strong></span> <span class='ocrx_word' id='word_1_723' title='bbox 1625 5767 1743 5820; x_wconf 88' lang='lat' dir='ltr'><strong>solo</strong></span> <span class='ocrx_word' id='word_1_724' title='bbox 1769 5781 1954 5833; x_wconf 64' lang='lat' dir='ltr'><strong>aequa-</strong></span> 
     </span>
    </p>
   </div>
   <div class='ocr_carea' id='block_1_100' title="bbox 380 5854 1953 5930">
    <p class='ocr_par' dir='ltr' id='par_1_100' title="bbox 380 5854 1953 5930">
     <span class='ocr_line' id='line_1_100' title="bbox 380 5854 1953 5930; baseline -0.008 -10"><span class='ocrx_word' id='word_1_725' title='bbox 380 5873 533 5920; x_wconf 87' lang='lat' dir='ltr'><strong>runt.</strong></span> <span class='ocrx_word' id='word_1_726' title='bbox 573 5863 720 5919; x_wconf 83' lang='lat' dir='ltr'><strong>idem</strong></span> <span class='ocrx_word' id='word_1_727' title='bbox 760 5856 1113 5930; x_wconf 80' lang='lat' dir='ltr'><strong>postmodum</strong></span> <span class='ocrx_word' id='word_1_728' title='bbox 1146 5855 1394 5911; x_wconf 75' lang='lat' dir='ltr'><strong>fecerunt</strong></span> <span class='ocrx_word' id='word_1_729' title='bbox 1434 5864 1485 5909; x_wconf 90' lang='lat' dir='ltr'><strong>et</strong></span> <span class='ocrx_word' id='word_1_730' title='bbox 1513 5854 1953 5924; x_wconf 72' lang='lat' dir='ltr'><strong>populosissima:</strong></span> 
     </span>
    </p>
   </div>
   <div class='ocr_carea' id='block_1_101' title="bbox 2055 4571 3625 4643">
    <p class='ocr_par' dir='ltr' id='par_1_101' title="bbox 2055 4571 3625 4643">
     <span class='ocr_line' id='line_1_101' title="bbox 2055 4571 3625 4643; baseline 0.005 -19"><span class='ocrx_word' id='word_1_731' title='bbox 2055 4586 2188 4627; x_wconf 90' lang='lat' dir='ltr'><strong>num</strong></span> <span class='ocrx_word' id='word_1_732' title='bbox 2223 4571 2565 4627; x_wconf 78' lang='lat' dir='ltr'><strong>funestarum</strong></span> <span class='ocrx_word' id='word_1_733' title='bbox 2603 4575 2712 4630; x_wconf 88' lang='lat' dir='ltr'><strong>illis</strong></span> <span class='ocrx_word' id='word_1_734' title='bbox 2735 4575 2959 4631; x_wconf 90' lang='lat' dir='ltr'><strong>omnino</strong></span> <span class='ocrx_word' id='word_1_735' title='bbox 2990 4576 3046 4630; x_wconf 91' lang='lat' dir='ltr'><strong>in</strong></span> <span class='ocrx_word' id='word_1_736' title='bbox 3077 4575 3215 4631; x_wconf 88' lang='lat' dir='ltr'><strong>locis</strong></span> <span class='ocrx_word' id='word_1_737' title='bbox 3245 4581 3532 4643; x_wconf 79' lang='lat' dir='ltr'><strong>exstitura,</strong></span> <span class='ocrx_word' id='word_1_738' title='bbox 3570 4580 3625 4632; x_wconf 91' lang='lat' dir='ltr'><strong>in</strong></span> 
     </span>
    </p>
   </div>
   <div class='ocr_carea' id='block_1_102' title="bbox 2050 4662 3623 4734">
    <p class='ocr_par' dir='ltr' id='par_1_102' title="bbox 2050 4662 3623 4734">
     <span class='ocr_line' id='line_1_102' title="bbox 2050 4662 3623 4734; baseline 0.006 -18"><span class='ocrx_word' id='word_1_739' title='bbox 2050 4662 2253 4732; x_wconf 85' lang='lat' dir='ltr'><strong>quibus</strong></span> <span class='ocrx_word' id='word_1_740' title='bbox 2274 4662 2522 4734; x_wconf 80' lang='lat' dir='ltr'><strong>prodigia</strong></span> <span class='ocrx_word' id='word_1_741' title='bbox 2549 4664 2732 4721; x_wconf 89' lang='lat' dir='ltr'><strong>clades</strong></span> <span class='ocrx_word' id='word_1_742' title='bbox 2756 4665 2890 4721; x_wconf 84' lang='lat' dir='ltr'><strong>istas</strong></span> <span class='ocrx_word' id='word_1_743' title='bbox 2918 4666 3182 4722; x_wconf 89' lang='lat' dir='ltr'><strong>minantia</strong></span> <span class='ocrx_word' id='word_1_744' title='bbox 3207 4667 3623 4726; x_wconf 81' lang='lat' dir='ltr'><strong>fuissentedita.</strong></span> 
     </span>
    </p>
   </div>
   <div class='ocr_carea' id='block_1_103' title="bbox 2227 4755 3448 4831">
    <p class='ocr_par' dir='ltr' id='par_1_103' title="bbox 2227 4755 3448 4831">
     <span class='ocr_line' id='line_1_103' title="bbox 2227 4755 3448 4831; baseline 0.004 -19"><span class='ocrx_word' id='word_1_745' title='bbox 2227 4756 2316 4812; x_wconf 72' lang='lat'><strong>33.</strong></span> <span class='ocrx_word' id='word_1_746' title='bbox 2345 4755 2423 4810; x_wconf 81' lang='lat' dir='ltr'><strong>De</strong></span> <span class='ocrx_word' id='word_1_747' title='bbox 2451 4757 2679 4811; x_wconf 66' lang='lat' dir='ltr'><strong>secundo</strong></span> <span class='ocrx_word' id='word_1_748' title='bbox 2705 4760 3049 4814; x_wconf 81' lang='lat' dir='ltr'><strong>matrimonio</strong></span> <span class='ocrx_word' id='word_1_749' title='bbox 3092 4761 3448 4831; x_wconf 78' lang='lat' dir='ltr'><strong>imperatoris.</strong></span> 
     </span>
    </p>
   </div>
   <div class='ocr_carea' id='block_1_104' title="bbox 2122 4847 3630 4922">
    <p class='ocr_par' dir='ltr' id='par_1_104' title="bbox 2122 4847 3630 4922">
     <span class='ocr_line' id='line_1_104' title="bbox 2122 4847 3630 4922; baseline 0.007 -22"><span class='ocrx_word' id='word_1_750' title='bbox 2122 4847 2193 4901; x_wconf 84' lang='lat' dir='ltr'><strong>At</strong></span> <span class='ocrx_word' id='word_1_751' title='bbox 2211 4849 2508 4917; x_wconf 87' lang='lat' dir='ltr'><strong>imperator</strong></span> <span class='ocrx_word' id='word_1_752' title='bbox 2534 4863 2658 4903; x_wconf 87' lang='lat' dir='ltr'><strong>cum</strong></span> <span class='ocrx_word' id='word_1_753' title='bbox 2685 4864 2753 4904; x_wconf 77' lang='lat' dir='ltr'><strong>ex</strong></span> <span class='ocrx_word' id='word_1_754' title='bbox 2783 4853 2941 4906; x_wconf 82' lang='lat' dir='ltr'><strong>Anna</strong></span> <span class='ocrx_word' id='word_1_755' title='bbox 2998 4849 3219 4922; x_wconf 74' lang='lat' dir='ltr'><strong>Ungara</strong></span> <span class='ocrx_word' id='word_1_756' title='bbox 3242 4854 3401 4919; x_wconf 31' lang='lat' dir='ltr'><strong>.duos</strong></span> <span class='ocrx_word' id='word_1_757' title='bbox 3437 4870 3630 4922; x_wconf 83' lang='lat' dir='ltr'><strong>super-</strong></span> 
     </span>
    </p>
   </div>
   <div class='ocr_carea' id='block_1_105' title="bbox 2051 4940 3627 5012">
    <p class='ocr_par' dir='ltr' id='par_1_105' title="bbox 2051 4940 3627 5012">
     <span class='ocr_line' id='line_1_105' title="bbox 2051 4940 3627 5012; baseline 0.006 -19"><span class='ocrx_word' id='word_1_758' title='bbox 2051 4940 2208 4995; x_wconf 85' lang='lat' dir='ltr'><strong>stites</strong></span> <span class='ocrx_word' id='word_1_759' title='bbox 2240 4940 2465 4993; x_wconf 89' lang='lat' dir='ltr'><strong>haberet</strong></span> <span class='ocrx_word' id='word_1_760' title='bbox 2495 4940 2658 5004; x_wconf 80' lang='lat' dir='ltr'><strong>ﬁlios,</strong></span> <span class='ocrx_word' id='word_1_761' title='bbox 2709 4943 3029 4998; x_wconf 80' lang='lat' dir='ltr'><strong>Michaelem</strong></span> <span class='ocrx_word' id='word_1_762' title='bbox 3073 4958 3125 4999; x_wconf 90' lang='lat' dir='ltr'><strong>et</strong></span> <span class='ocrx_word' id='word_1_763' title='bbox 3153 4944 3576 5003; x_wconf 87' lang='lat' dir='ltr'><strong>Constantinum</strong></span> <span class='ocrx_word' id='word_1_764' title='bbox 3610 4966 3627 5012; x_wconf 88' lang='lat'><strong>;</strong></span> 
     </span>
    </p>
   </div>
   <div class='ocr_carea' id='block_1_106' title="bbox 2051 5030 3629 5104">
    <p class='ocr_par' dir='ltr' id='par_1_106' title="bbox 2051 5030 3629 5104">
     <span class='ocr_line' id='line_1_106' title="bbox 2051 5030 3629 5104; baseline 0.006 -19"><span class='ocrx_word' id='word_1_765' title='bbox 2051 5033 2291 5102; x_wconf 82' lang='lat' dir='ltr'><strong>priorem</strong></span> <span class='ocrx_word' id='word_1_766' title='bbox 2315 5032 2668 5102; x_wconf 87' lang='lat' dir='ltr'><strong>quidemjam</strong></span> <span class='ocrx_word' id='word_1_767' title='bbox 2719 5030 2775 5088; x_wconf 89' lang='lat' dir='ltr'><strong>in</strong></span> <span class='ocrx_word' id='word_1_768' title='bbox 2828 5034 3041 5104; x_wconf 84' lang='lat' dir='ltr'><strong>imperii</strong></span> <span class='ocrx_word' id='word_1_769' title='bbox 3088 5040 3431 5091; x_wconf 86' lang='lat' dir='ltr'><strong>consortium</strong></span> <span class='ocrx_word' id='word_1_770' title='bbox 3496 5053 3629 5095; x_wconf 82' lang='lat' dir='ltr'><strong>eve-</strong></span> 
     </span>
    </p>
   </div>
   <div class='ocr_carea' id='block_1_107' title="bbox 2053 5122 3628 5200">
    <p class='ocr_par' dir='ltr' id='par_1_107' title="bbox 2053 5122 3628 5200">
     <span class='ocr_line' id='line_1_107' title="bbox 2053 5122 3628 5200; baseline 0.004 -23"><span class='ocrx_word' id='word_1_771' title='bbox 2053 5132 2203 5178; x_wconf 86' lang='lat' dir='ltr'><strong>ctum</strong></span> <span class='ocrx_word' id='word_1_772' title='bbox 2230 5122 2382 5193; x_wconf 72' lang='lat' dir='ltr'><strong>regio</strong></span> <span class='ocrx_word' id='word_1_773' title='bbox 2413 5122 2492 5176; x_wconf 88' lang='lat' dir='ltr'><strong>uti</strong></span> <span class='ocrx_word' id='word_1_774' title='bbox 2512 5123 2775 5192; x_wconf 79' lang='lat' dir='ltr'><strong>collegam</strong></span> <span class='ocrx_word' id='word_1_775' title='bbox 2803 5132 2857 5177; x_wconf 91' lang='lat' dir='ltr'><strong>et</strong></span> <span class='ocrx_word' id='word_1_776' title='bbox 2882 5141 3255 5181; x_wconf 87' lang='lat' dir='ltr'><strong>successorem</strong></span> <span class='ocrx_word' id='word_1_777' title='bbox 3284 5124 3628 5200; x_wconf 73' lang='lat' dir='ltr'><strong>désignatum</strong></span> 
     </span>
    </p>
   </div>
   <div class='ocr_carea' id='block_1_108' title="bbox 2054 5214 3634 5292">
    <p class='ocr_par' dir='ltr' id='par_1_108' title="bbox 2054 5214 3634 5292">
     <span class='ocr_line' id='line_1_108' title="bbox 2054 5214 3634 5292; baseline 0.004 -23"><span class='ocrx_word' id='word_1_778' title='bbox 2054 5217 2203 5270; x_wconf 86' lang='lat' dir='ltr'><strong>cultu</strong></span> <span class='ocrx_word' id='word_1_779' title='bbox 2240 5214 2570 5280; x_wconf 85' lang='lat' dir='ltr'><strong>honorabat,</strong></span> <span class='ocrx_word' id='word_1_780' title='bbox 2620 5215 2890 5269; x_wconf 89' lang='lat' dir='ltr'><strong>minorem</strong></span> <span class='ocrx_word' id='word_1_781' title='bbox 2945 5217 3180 5273; x_wconf 89' lang='lat' dir='ltr'><strong>alterum</strong></span> <span class='ocrx_word' id='word_1_782' title='bbox 3236 5219 3291 5274; x_wconf 89' lang='lat' dir='ltr'><strong>in</strong></span> <span class='ocrx_word' id='word_1_783' title='bbox 3337 5221 3634 5292; x_wconf 73' lang='lat' dir='ltr'><strong>despotica:</strong></span> 
     </span>
    </p>
   </div>
   <div class='ocr_carea' id='block_1_109' title="bbox 2054 5302 3631 5380">
    <p class='ocr_par' dir='ltr' id='par_1_109' title="bbox 2054 5302 3631 5380">
     <span class='ocr_line' id='line_1_109' title="bbox 2054 5302 3631 5380; baseline 0.002 -17"><span class='ocrx_word' id='word_1_784' title='bbox 2054 5307 2334 5377; x_wconf 80' lang='lat' dir='ltr'><strong>dignitatis</strong></span> <span class='ocrx_word' id='word_1_785' title='bbox 2363 5305 2670 5375; x_wconf 80' lang='lat' dir='ltr'><strong>insignibus</strong></span> <span class='ocrx_word' id='word_1_786' title='bbox 2698 5306 2959 5364; x_wconf 87' lang='lat' dir='ltr'><strong>educans.</strong></span> <span class='ocrx_word' id='word_1_787' title='bbox 2992 5311 3057 5362; x_wconf 84' lang='lat' dir='ltr'><strong>At</strong></span> <span class='ocrx_word' id='word_1_788' title='bbox 3099 5309 3381 5367; x_wconf 79' lang='lat' dir='ltr'><strong>Michaelis</strong></span> <span class='ocrx_word' id='word_1_789' title='bbox 3411 5302 3631 5380; x_wconf 88' lang='lat' dir='ltr'><strong>quidem</strong></span> 
     </span>
    </p>
   </div>
   <div class='ocr_carea' id='block_1_110' title="bbox 2057 5398 3633 5472">
    <p class='ocr_par' dir='ltr' id='par_1_110' title="bbox 2057 5398 3633 5472">
     <span class='ocr_line' id='line_1_110' title="bbox 2057 5398 3633 5472; baseline 0.004 -21"><span class='ocrx_word' id='word_1_790' title='bbox 2057 5411 2330 5466; x_wconf 67' lang='lat' dir='ltr'><strong>suprema:</strong></span> <span class='ocrx_word' id='word_1_791' title='bbox 2372 5398 2662 5465; x_wconf 77' lang='lat' dir='ltr'><strong>potestatis</strong></span> <span class='ocrx_word' id='word_1_792' title='bbox 2703 5400 3121 5467; x_wconf 82' lang='lat' dir='ltr'><strong>participatione</strong></span> <span class='ocrx_word' id='word_1_793' title='bbox 3174 5416 3299 5456; x_wconf 90' lang='lat' dir='ltr'><strong>cum</strong></span> <span class='ocrx_word' id='word_1_794' title='bbox 3346 5412 3491 5456; x_wconf 80' lang='lat' dir='ltr'><strong>certa</strong></span> <span class='ocrx_word' id='word_1_795' title='bbox 3537 5418 3633 5472; x_wconf 79' lang='lat' dir='ltr'><strong>spe</strong></span> 
     </span>
    </p>
   </div>
   <div class='ocr_carea' id='block_1_111' title="bbox 2057 5488 3635 5562">
    <p class='ocr_par' dir='ltr' id='par_1_111' title="bbox 2057 5488 3635 5562">
     <span class='ocr_line' id='line_1_111' title="bbox 2057 5488 3635 5562; baseline 0.005 -20"><span class='ocrx_word' id='word_1_796' title='bbox 2057 5488 2419 5543; x_wconf 79' lang='lat' dir='ltr'><strong>successionis</strong></span> <span class='ocrx_word' id='word_1_797' title='bbox 2459 5488 2696 5542; x_wconf 89' lang='lat' dir='ltr'><strong>ornandi</strong></span> <span class='ocrx_word' id='word_1_798' title='bbox 2753 5500 2945 5543; x_wconf 85' lang='lat' dir='ltr'><strong>auctor</strong></span> <span class='ocrx_word' id='word_1_799' title='bbox 2997 5507 3133 5546; x_wconf 86' lang='lat' dir='ltr'><strong>avus</strong></span> <span class='ocrx_word' id='word_1_800' title='bbox 3184 5493 3357 5562; x_wconf 88' lang='lat' dir='ltr'><strong>ipsius</strong></span> <span class='ocrx_word' id='word_1_801' title='bbox 3406 5491 3635 5549; x_wconf 78' lang='lat' dir='ltr'><strong>Michael</strong></span> 
     </span>
    </p>
   </div>
   <div class='ocr_carea' id='block_1_112' title="bbox 2060 5576 3632 5648">
    <p class='ocr_par' dir='ltr' id='par_1_112' title="bbox 2060 5576 3632 5648">
     <span class='ocr_line' id='line_1_112' title="bbox 2060 5576 3632 5648; baseline 0.006 -18"><span class='ocrx_word' id='word_1_802' title='bbox 2060 5576 2264 5643; x_wconf 76' lang='lat' dir='ltr'><strong>iuerat,</strong></span> <span class='ocrx_word' id='word_1_803' title='bbox 2292 5579 2384 5646; x_wconf 89' lang='lat' dir='ltr'><strong>qui</strong></span> <span class='ocrx_word' id='word_1_804' title='bbox 2419 5588 2540 5648; x_wconf 86' lang='lat' dir='ltr'><strong>post</strong></span> <span class='ocrx_word' id='word_1_805' title='bbox 2574 5580 2885 5634; x_wconf 86' lang='lat' dir='ltr'><strong>nuntiatam</strong></span> <span class='ocrx_word' id='word_1_806' title='bbox 2942 5581 3113 5636; x_wconf 62' lang='lat' dir='ltr'><strong>Annae</strong></span> <span class='ocrx_word' id='word_1_807' title='bbox 3169 5597 3348 5636; x_wconf 89' lang='lat' dir='ltr'><strong>nurus</strong></span> <span class='ocrx_word' id='word_1_808' title='bbox 3399 5596 3632 5639; x_wconf 89' lang='lat' dir='ltr'><strong>mortem</strong></span> 
     </span>
    </p>
   </div>
   <div class='ocr_carea' id='block_1_113' title="bbox 2058 5669 3630 5745">
    <p class='ocr_par' dir='ltr' id='par_1_113' title="bbox 2058 5669 3630 5745">
     <span class='ocr_line' id='line_1_113' title="bbox 2058 5669 3630 5745; baseline 0.006 -22"><span class='ocrx_word' id='word_1_809' title='bbox 2058 5669 2478 5725; x_wconf 75' lang='lat' dir='ltr'><strong>amictissimum</strong></span> <span class='ocrx_word' id='word_1_810' title='bbox 2512 5686 2577 5724; x_wconf 87' lang='lat' dir='ltr'><strong>eo</strong></span> <span class='ocrx_word' id='word_1_811' title='bbox 2614 5686 2743 5725; x_wconf 81' lang='lat' dir='ltr'><strong>casu</strong></span> <span class='ocrx_word' id='word_1_812' title='bbox 2772 5671 3149 5728; x_wconf 83' lang='lat' dir='ltr'><strong>Andronicum</strong></span> <span class='ocrx_word' id='word_1_813' title='bbox 3189 5691 3295 5728; x_wconf 89' lang='lat' dir='ltr'><strong>non</strong></span> <span class='ocrx_word' id='word_1_814' title='bbox 3318 5689 3509 5745; x_wconf 88' lang='lat' dir='ltr'><strong>parum</strong></span> <span class='ocrx_word' id='word_1_815' title='bbox 3540 5693 3630 5733; x_wconf 83' lang='lat' dir='ltr'><strong>rc-</strong></span> 
     </span>
    </p>
   </div>
   <div class='ocr_carea' id='block_1_114' title="bbox 2059 5761 3637 5834">
    <p class='ocr_par' dir='ltr' id='par_1_114' title="bbox 2059 5761 3637 5834">
     <span class='ocr_line' id='line_1_114' title="bbox 2059 5761 3637 5834; baseline 0.004 -18"><span class='ocrx_word' id='word_1_816' title='bbox 2059 5772 2341 5817; x_wconf 79' lang='lat' dir='ltr'><strong>creaverat</strong></span> <span class='ocrx_word' id='word_1_817' title='bbox 2367 5761 2477 5814; x_wconf 79' lang='lat' dir='ltr'><strong>ﬁlio</strong></span> <span class='ocrx_word' id='word_1_818' title='bbox 2500 5761 2624 5831; x_wconf 87' lang='lat' dir='ltr'><strong>ejus</strong></span> <span class='ocrx_word' id='word_1_819' title='bbox 2659 5765 2888 5832; x_wconf 89' lang='lat' dir='ltr'><strong>parvulo</strong></span> <span class='ocrx_word' id='word_1_820' title='bbox 2912 5765 3018 5818; x_wconf 89' lang='lat' dir='ltr'><strong>sibi</strong></span> <span class='ocrx_word' id='word_1_821' title='bbox 3077 5766 3391 5834; x_wconf 79' lang='lat' dir='ltr'><strong>cognomini</strong></span> <span class='ocrx_word' id='word_1_822' title='bbox 3443 5768 3637 5823; x_wconf 79' lang='lat' dir='ltr'><strong>confe-</strong></span> 
     </span>
    </p>
   </div>
   <div class='ocr_carea' id='block_1_115' title="bbox 2061 5852 3642 5931">
    <p class='ocr_par' dir='ltr' id='par_1_115' title="bbox 2061 5852 3642 5931">
     <span class='ocr_line' id='line_1_115' title="bbox 2061 5852 3642 5931; baseline 0.007 -23"><span class='ocrx_word' id='word_1_823' title='bbox 2061 5852 2251 5908; x_wconf 90' lang='lat' dir='ltr'><strong>rendis</strong></span> <span class='ocrx_word' id='word_1_824' title='bbox 2273 5854 2586 5924; x_wconf 76' lang='lat' dir='ltr'><strong>insignibus</strong></span> <span class='ocrx_word' id='word_1_825' title='bbox 2613 5856 2850 5925; x_wconf 88' lang='lat' dir='ltr'><strong>imperii,</strong></span> <span class='ocrx_word' id='word_1_826' title='bbox 2880 5857 3241 5927; x_wconf 83' lang='lat' dir='ltr'><strong>eumdemqne</strong></span> <span class='ocrx_word' id='word_1_827' title='bbox 3284 5870 3342 5914; x_wconf 91' lang='lat' dir='ltr'><strong>ut</strong></span> <span class='ocrx_word' id='word_1_828' title='bbox 3375 5860 3642 5931; x_wconf 79' lang='lat' dir='ltr'><strong>collegam</strong></span> 
     </span>
    </p>
   </div>
  </div>
