4094 6406
340 393 443 465 101

1278 390 1376 453 DE
1413 386 1861 451 ANDRONICO
1895 386 2368 448 ΡΑιίΕοιοϐο
2409 389 2553 452 LIB.
2602 390 2650 449 Ῐ.

3506 392 3612 457 1οΞ

320 514 495 583 ἄνδρα
521 510 576 564 δὲ
601 508 733 580 παρ’
758 509 990 571 Ἰταλοῖς
1037 509 1370 577 γεννηθέντα
1397 525 1457 561 τε
1486 506 1583 561 καὶ
1610 506 1915 577 τραφέντα,
1951 510 1991 565 Α
2031 504 2120 561 λε’.
2160 505 2430 570 Διάλεξις
2475 507 2581 560 τοῦ
2630 506 2861 583 Βέκνςου
2912 507 3061 576 μετὰ
3107 509 3223 562 τῶν
3268 509 3398 578 περὶ
3451 513 3610 580 Γρη-

322 606 419 660 καὶ
438 604 592 658 οῦπω
617 605 810 667 ταῦτα,
840 604 974 658 ἀλλὰ
1000 604 1096 656 καὶ
1118 603 1312 664 αὐταῖς
1342 600 1560 663 στολαῖς
1584 602 1678 653 καὶ
1696 598 1914 669 γλώττῃ

318 697 459 765 πρὸς
488 697 557 747 τὰ
590 694 839 765 ἡμέτερα
867 694 1380 764 παρεισφρήσαντα,
1414 689 1795 760 εὐφημοῦντες
1823 688 1913 742 δέ-

314 789 483 859 χεσθε
505 805 523 854 ;
552 788 615 839 El
638 786 693 839 δὲ
716 786 1007 856 δογμάτων
1031 786 1196 838 ἕνεκα
1217 785 1429 853 λέγετε,
1464 783 1720 855 βασιλεὺς
1749 800 1917 853 προσ-

313 880 576 944 καλεὶτω,
606 879 703 932 καὶ
732 878 1111 947 συναχθέντων
1138 877 1402 931 ἁπάντων
1425 876 1675 930 ἀκουέτω
1695 875 1756 928 τὸ
1779 875 1914 944 φρό-

314 989 494 1043 νημα,
530 969 631 1023 κᾶν
655 969 793 1034 δόξω
824 968 1010 1033 κακῶς
1045 968 1282 1040 φρονῶν,
1310 967 1547 1033 ξυνετῶν
1574 966 1785 1036 ἀνδρῶν
1818 969 1913 1018 καὶ

309 1063 427 1116 τῶν
454 1050 689 1134 Γραφῶν
717 1061 1016 1133 κρινόντων
1066 1061 1161 1113 καὶ
1190 1059 1473 1113 εύλαΰῶν⁸
1506 1062 1555 1111 εί
1584 1059 1631 1111 δ’
1649 1055 1763 1120 οὖν,
1795 1057 1912 1111 ἀλλ’

312 1154 410 1207 ἵνα
437 1154 493 1207 τί
550 1153 730 1222 λόγοις
756 1152 989 1221 ἀμαθῶν
1036 1154 1132 1206 καὶ
1187 1151 1471 1222 βαναύσων
1501 1152 1757 1220 ἑπόμενοι
1790 1151 1912 1220 ἐμοὶ

306 1247 381 1299 τὰ
409 1247 666 1319 χείριστα
694 1246 1065 1317 περιάπτετε;
1102 1265 1120 1297 ι
1158 1244 1329 1299 Ταῦτ’
1352 1245 1508 1314 ἔλεγε
1538 1247 1747 1307 Βέκκος
1777 1248 1908 1298 ἀνα-

307 1324 545 1405 φανδὸν,
578 1340 672 1392 καὶ
695 1337 855 1407 δῆλος
886 1335 954 1407 ἦν
982 1338 1154 1395 θέλων
1198 1339 1293 1390 καὶ
1322 1336 1538 1407 βασιλεί
1566 1336 1909 1406 προσαγγέλο

302 1429 528 1483 λεσθαι.
585 1430 651 1482 Ὃ
690 1429 757 1499 δὴ
805 1429 901 1481 καὶ
930 1429 1030 1480 οὐκ
1065 1429 1144 1489 εἰς
1177 1427 1397 1498 μακρὰν
1443 1428 1711 1497 ἐγεγόνει.
1738 1428 1905 1496 Κοινῇ

299 1539 369 1575 τε
403 1522 516 1591 γὰρ
550 1520 740 1589 σκέψει
772 1519 1097 1588 κατάγεται,
1137 1520 1231 1572 καὶ
1280 1522 1347 1591 τῇ
1382 1522 1517 1589 μονῇ
1569 1519 1661 1572 τοῦ
1696 1520 1909 1589 Κοσμι-

305 1616 428 1667 δὶου
462 1615 754 1683 προσίσχει
802 1612 901 1681 τῆς
950 1612 1077 1681 νηὸς
1135 1612 1369 1677 ἀποϐὰς,
1397 1610 1603 1682 ὦριστό
1637 1627 1697 1663 τε
1723 1612 1907 1682 ἡμέρα

304 1708 408 1777 τῆς
443 1706 762 1774 διαλέξεως,
794 1707 888 1759 καὶ
920 1706 1138 1768 σύνοδος
1166 1706 1330 1776 ἱερῶν
1362 1703 1599 1775 ἀνδρῶν,
1635 1703 1907 1771 παρόντος

309 1804 409 1854 καὶ
458 1798 628 1853 αὐτοῦ
675 1798 968 1868 βασιλέως,
1011 1797 1115 1852 ἀνὰ
1144 1797 1237 1851 τὸν
1273 1796 1591 1862 Ἀλεξιακὸν
1631 1795 1906 1866 τρίκλινον

2708 581 2930 646 γόμον.

2094 694 2226 759 Καὶ,
2269 714 2286 745 t
2330 696 2451 750 ’ῐνα
2478 695 2553 755 τί,
2584 712 2601 745 ι
2642 695 2830 764 φησὶν,
2859 713 2877 747 ι
2909 689 2954 748 ὦ
2984 697 3071 768 [Ρ.
3104 694 3197 768 57]
3228 689 3403 760 οὗτος,
3428 696 3612 767 ύγρῶν

2019 786 2200 839 οὐσῶν
2229 790 2324 840 καὶ
2356 786 2434 840 ἔτι
2474 788 2585 841 τῶν
2620 787 2731 841 σῶν
2762 788 3047 841 συλλαϐῶν
3080 788 3166 857 ἐφ’
3197 784 3279 853 οἷς
3305 789 3612 858 ὡμολόγεις

2018 876 2288 946 ἐσφάλθαι
2345 879 2439 932 καὶ
2497 878 2832 950 συγγνώμην
2883 882 3102 951 ἐζήτεις
3148 882 3243 935 καὶ
3272 883 3610 951 παραίτησιν

2018 968 2233 1034 ἐποιοῦ,
2268 973 2515 1041 σήμερον
2548 970 2959 1041 ἁναλαμὸόινεις
2989 976 3055 1027 τὰ
3085 973 3484 1043 ὡμολογημένα
3513 974 3610 1026 καὶ

2017 1062 2323 1118 ἀδικεῖσθαι
2341 1063 2672 1135 διισχυρίζῃ,
2688 1064 2829 1119 ὥστε
2848 1067 2943 1118 καὶ
2960 1065 3218 1136 τοιαύτην
3235 1065 3298 1137 δὴ
3314 1066 3407 1119 καὶ
3421 1063 3614 1123 τοσαύὲ

2015 1171 2116 1225 την
2136 1155 2574 1224 συγκροτηθῆναι
2594 1156 2694 1225 τὴν
2713 1156 2993 1227 παροῦσαν
3021 1157 3279 1224 σύνοδον;
3309 1174 3326 1207 ι
3355 1176 3374 1209 ι
3409 1157 3555 1218 Ὅτι,
3584 1175 3604 1209 ο

2017 1247 2172 1316 φησὶ,
2200 1265 2221 1298 ι
2243 1247 2437 1316 λόγους
2465 1248 2726 1319 Πατέρων
2758 1251 3004 1313 εἰπόντες
3030 1251 3124 1302 καὶ
3154 1250 3315 1318 λόγον
3345 1250 3612 1304 ἀπαιτού-

2017 1356 2167 1407 μενοι
2189 1324 2324 1407 περὶ⁵
2346 1339 2553 1392 τούτων
2572 1341 2752 1408 ἡμεῖς,
2774 1339 2934 1394 ἄλλον
2957 1342 3058 1411 μὲν
3086 1341 3285 1404 εἰδότες
3308 1344 3499 1413 καιρὸν
3517 1344 3610 1395 τὸν

2014 1432 2112 1500 τῆς
2136 1430 2362 1484 ἐκείνων
2385 1431 2760 1498 ἀναπτύξεως,
2784 1432 2944 1486 ἄλλον
2966 1434 3023 1486 δὲ
3066 1434 3157 1487 τὸν
3186 1435 3305 1488 τότε
3339 1434 3604 1505 παρόντα,

2012 1521 2317 1594 εἰρηνεύειν
2352 1522 2598 1585 θέλοντες
2640 1526 2820 1591 μόνον,
2867 1526 3100 1593 ἀφέντες
3137 1527 3205 1579 τὰ
3239 1527 3418 1582 πάντα
3447 1528 3608 1582 ταῦτ’

2010 1616 2373 1684 ἐπράττομεν.
2405 1615 2466 1668 ού
2496 1616 2606 1685 μὴν
2635 1617 2689 1668 δὲ
2725 1619 2816 1669 καὶ
2853 1618 2994 1672 ὥστε
3052 1620 3180 1682 τοὺς
3245 1620 3606 1691 βουλομένους

2010 1707 2329 1777 ἐργολαϐεῖν
2354 1709 2442 1760 καὶ
2468 1710 2794 1776 περιάπτειν
2824 1712 2961 1779 ἡμῖν
2991 1714 3259 1781 αἱρέσεως
3285 1713 3452 1781 ἐγκλη
3465 1731 3558 1779 μα.
3578 1733 3597 1765 ι

2010 1800 2120 1853 Καὶ
2136 1800 2228 1851 τῖν
2252 1799 2409 1867 λόγον
2428 1800 2767 1854 ἀναλαϐόντα
2787 1802 2880 1853 τὸν
2902 1803 3253 1874 πατρηιάρχην
3274 1803 3602 1875 Γρηγόριον,

309 1894 550 1961 γίνεται.
609 1892 798 1962 Παρῆν
829 1891 929 1961 μὲν
950 1890 1041 1945 οὖν
1067 1893 1095 1945 6
1121 1888 1547 1960 πατριαρχεύων
1574 1889 1900 1958 Γρηγόριος,
1939 1878 1979 1932 Β
2015 1908 2034 1943 t
2065 1893 2176 1945 Kal.
2203 1893 2256 1944 τί
2288 1909 2350 1960 γε
2384 1892 2444 1945 τδ
2464 1892 2780 1962 δοξάμενον,
2817 1913 2835 1945 ι
2878 1895 3065 1961 φάναι.
3103 1915 3121 1946 ι
3150 1900 3257 1956 τοῖς
3282 1896 3428 1963 ἀμφὶ
3454 1898 3542 1961 σέ;
3576 1915 3596 1947 ι

310 1986 505 2057 παρῆν
543 1985 602 2038 δὲ
654 1986 807 2038 καὶὸ
853 1983 1259 2054 Ἀλεξανδρείας
1328 1982 1666 2045 ’Δθανάσιος,
1718 1981 1903 2054 ἀρρὠ

313 2096 461 2143 στως
506 2077 648 2146 ἔχων
670 2076 763 2128 τοῦ
791 2076 1040 2143 σώματος
1073 2075 1399 2146 κλινοπετής
1420 2091 1478 2127 τε
1508 2075 1602 2127 καὶ
1623 2072 1717 2127 sui
1736 2072 1903 2142 σκίμ-

314 2170 498 2233 ποδος.
523 2169 698 2237 Συνῆν
726 2168 784 2221 δὲ
806 2167 902 2219 καὶ
935 2167 1084 2221 πᾶσα
1117 2166 1226 2219 τῶν
1262 2165 1563 2236 ἀρχιερέων
1606 2165 1905 2235 ὁμήγυρις.

312 2262 499 2315 Ἦσαν
528 2262 588 2314 δὲ
624 2262 716 2314 καὶ
750 2261 800 2312 οἱ
833 2259 935 2329 τῆς
981 2257 1314 2327 Ἐκκλησῐας
1373 2257 1467 2309 καὶ
1495 2256 1724 2327 μοναχοὶ
1751 2255 1908 2309 πλεῖο

314 2371 457 2416 στοι,
490 2353 588 2405 καὶ
614 2353 724 2407 τῶν
748 2351 956 2404 λαῖκῶν
977 2354 1024 2404 οἱ
1052 2351 1352 2419 ἐλλόγιμσ-ι.
1391 2350 1512 2418 Ἐφ’
1543 2343 1623 2414 οἷς
1655 2351 1905 2422 προύκά-

311 2444 448 2512 οητο
479 2441 759 2513 βασιλεὺς,
810 2444 906 2495 καὶ
956 2440 1096 2513 ἀμφ’
1136 2443 1344 2495 ἐκεῖνον
1389 2436 1531 2512 ἦσαν
1564 2441 1680 2493 ὅσοι
1707 2458 1764 2495 τε
1796 2440 1903 2494 τῶν

317 2536 671 2604 μεγιστάνων
706 2536 799 2587 καὶ
829 2534 889 2585 τὸ
914 2535 1013 2603 τῆς
1044 2532 1350 2603 συγκλήτου
1400 2532 1550 2585 ἅπαν
1582 2533 1901 2602 περιφανές.

310 2624 422 2682 Ἤν
460 2627 519 2680 δὲ
550 2629 644 2679 καὶ
671 2628 700 2679 ό
732 2625 908 2697 μέγας
934 2625 1252 2695 λογοθέτης,
1279 2625 1349 2678 τὰ
1372 2625 1564 2694 πρῶτα
1590 2625 1697 2679 τῶν
1730 2641 1907 2678 συνει-

310 2716 622 2787 λεγμένων,
655 2716 877 2785 σύναμα
924 2715 1245 2786 πατριάρχῃ
1282 2715 1684 2787 ἀναδεξάμενος
1707 2715 1778 2769 τὰ
1807 2713 1909 2783 τῆς

312 2809 622 2874 διαλέξεως.
654 2807 781 2862 Ἐπὶ
810 2808 1023 2872 τούτοις
1055 2809 1083 2861 ό
1110 2809 1209 2876 τῆς
1247 2806 1579 2880 Ἐκκλησίας
1608 2810 1814 2881 ῥήτωρ,
1845 2808 1905 2873 ὃς

317 2901 383 2971 δὴ
401 2903 499 2956 καὶ
513 2902 625 2955 τῶν
648 2899 915 2968 διαλόγων
947 2902 1278 2970 κατήρχετο.

329 3083 740 3158 doctisjndiciis
778 3082 1042 3138 veremini
1073 3082 1293 3139 stultam
1336 3080 1716 3137 credulitatem
1751 3079 1903 3134 addi-

319 3178 479 3233 cere!
511 3201 529 3229 ι
566 3177 695 3233 Haec
731 3173 939 3232 Veccus
973 3175 1151 3245 palam
1190 3175 1520 3244 proloquens
1562 3173 1709 3228 haud
1743 3168 1904 3227 dubi-

313 3274 463 3325 tabat
500 3272 635 3340 quin
675 3269 788 3324 cito
827 3267 898 3323 ad
947 3256 1335 3337 imperatorem
1384 3263 1751 3329 deferrentur,
1803 3265 1905 3320 hoc

310 3364 430 3434 ipso
456 3363 649 3416 animo
680 3361 732 3416 id
781 3359 973 3430 agens.
1010 3357 1119 3413 Nec
1165 3372 1265 3413 sua
1302 3372 1428 3412 eum
1478 3372 1606 3428 spes
1654 3355 1847 3411 fefellit
1884 3374 1900 3412 :

308 3456 500 3509 statim
538 3454 743 3522 quippe
792 3449 1112 3504 admonitus
1144 3450 1421 3516 Augustus
1454 3446 1627 3501 Prusa
1668 3446 1900 3502 Vecwm

306 3546 566 3602 accersit.
603 3544 792 3613 Neque
827 3543 875 3598 is
912 3550 1208 3595 cunctatus
1235 3538 1472 3593 nave'ad
1494 3538 1902 3593 Cosmidiimo-

308 3639 617 3695 uasterinm
645 3634 876 3705 appulsa
909 3648 974 3686 eo
993 3630 1299 3686 exscendit.
1324 3628 1631 3711 Dicta_hinc
1648 3629 1764 3684 dies
1785 3631 1898 3683 col-

307 3733 525 3803 loquio.
574 3729 700 3784 Coit
753 3727 993 3796 synodus
1036 3722 1574 3785 ecclesiasticoruut,
1630 3732 1898 3790 premente

309 3826 432 3893 ipso
454 3819 728 3891 principe,
755 3817 811 3870 in
853 3814 1156 3870 triclinium
1205 3813 1548 3867 Alcxiacum.
1595 3812 1766 3866 Adest
1806 3828 1903 3883 pa-

309 3915 555 3970 triarcha
584 3908 925 3978 Gregorius;
956 3903 1385 3981 Alexandrinus,
1405 3918 1627 3973 quoque
1657 3904 1904 3957 Athana-

308 4009 452 4073 sius,
485 4004 637 4075 quod
672 4005 815 4056 l’orte
851 4009 982 4054 tunc
1009 3997 1121 4068 9o
1149 4004 1461 4067 aegrotaret,
1484 3996 1820 4050 decumbens
1848 3997 1901 4050 in

310 4097 517 4156 lectulo
542 4103 822 4169 portatur.
846 4091 997 4149 Ordo
1027 4088 1320 4144 universus
1341 4089 1656 4144 antistitum
1694 4102 1900 4142 conve-

311 4193 417 4254 nit,
442 4204 545 4244 nec
572 4184 761 4242 clerici
790 4185 1014 4245 desunt,
1046 4197 1149 4237 nec
1167 4181 1422 4253 plerique
1476 4180 1902 4246 monachorum,

308 4294 416 4335 nec
443 4278 714 4333 laicorum
738 4275 947 4345 quique
974 4272 1282 4337 lectissimi.
1323 4271 1419 4326 llis
1451 4270 1778 4341 praesidebat
1805 4271 1904 4324 im-

306 4377 559 4442 perator,
602 4367 749 4421 circa
775 4379 835 4420 se
867 4363 1078 4418 habens
1137 4371 1476 4417 summatum
1532 4360 1804 4431 primores
1853 4373 1907 4416 ct

302 4471 544 4518 senatus
566 4459 748 4528 capita
779 4456 898 4526 ipsa
928 4470 994 4509 ac
1028 4453 1330 4509 coltuniua.
1364 4450 1421 4506 In
1455 4451 1650 4523 primis
1692 4452 1904 4506 emine-

2008 1978 2191 2039 Ἦσαν
2225 1985 2336 2054 γὰρ
2367 1988 2467 2039 σὺν
2505 1985 2699 2055 ἐκείνῳ
2729 1986 2825 2039 καὶ
2853 1988 2900 2039 οἱ
2928 1987 3095 2040 πάλαι
3143 1987 3537 2058 ἀρχιδιάκονοι,
3575 1988 3605 2041 ὅ

2008 2093 2071 2129 τε
2115 2076 2532 2146 Μελιτηνιώτης
2578 2078 2987 2140 Κωνσταντϊνος
3020 2078 3115 2132 καὶ
3167 2079 3478 2149 Μετοχίτης
3507 2080 3605 2131 Γε-

2010 2166 2240 2239 ώργιοτ.
2272 2168 2335 2220 Οἱ
2368 2167 2446 2231 δὲ,
2487 2186 2506 2218 ι
2538 2167 2603 2219 Εἰ
2639 2168 2737 2236 μὲν
2763 2166 2859 2238 τὴν
2891 2168 3074 2226 ἁπλῶς
3108 2168 3387 2237 θεολογίαν
3419 2168 3602 2239 βούλει

2012 2262 2230 2329 μαθεῖν,
2261 2262 2356 2313 καὶ
2378 2263 2478 2332 τὴν
2508 2261 2666 2327 δόξαν
2699 2261 2768 2331 ἥν
2794 2263 2886 2314 καὶ
2910 2262 3109 2334 καρδίᾳ
3135 2262 3469 2332 πιστεύομεν
3502 2264 3603 2316 καὶ

2008 2352 2382 2423 ὁμολογοῦμεν
2409 2353 2664 2422 στόματι,
2698 2352 2839 2423 αῦτη
2872 2353 3020 2406 ἐστὶν
3053 2354 3121 2425 ἣν
3153 2352 3301 2417 ἅπας
3332 2353 3600 2417 θεολογεῖ,

2009 2437 2043 2515 ᾗ
2079 2445 2173 2496 καὶ
2192 2444 2359 2513 ἡμεῖς
2382 2442 2731 2512 ἐμμενοῦμεν
2758 2443 2918 2513 μέχρι
2944 2443 3042 2496 καὶ
3071 2443 3247 2513 αὐτῆς
3278 2442 3601 2504 τελευταίας

2009 2532 2311 2604 ἀναπνοῆς·
2369 2534 2419 2586 εί
2474 2532 2529 2585 δὲ
2581 2532 2764 2600 ζητεῖς
2796 2531 2892 2584 καὶ
2931 2531 3032 2601 τὴν
3064 2532 3173 2584 τῶν
3213 2532 3495 2602 Πατέρων.
3530 2530 3601 2602 ἢν

2008 2625 2111 2679 ούκ
2136 2625 2390 2679 ἐναντίαν
2422 2624 2603 2692 φαμὲν
2643 2624 2720 2691 τῷ
2761 2624 3017 2694 συμϐόλῳ
3052 2628 3154 2693 τῆς
3184 2622 3444 2686 πίστεως,
3481 2622 3598 2677 ἀλλ’

2008 2714 2310 2779 ἀνάπτυξιν
2332 2714 2426 2768 καὶ
2452 2712 2835 2784 διασαφήνισιν
2884 2714 3083 2783 μᾶλλον
3106 2713 3223 2766 τῶν
3249 2713 3516 2783 κειμένων
3539 2713 3603 2764 ἐν

2007 2808 2087 2878 τῷ
2119 2807 2397 2878 συμϐόλῳ,
2447 2805 2779 2877 εὑρίσκομεν
2821 2807 2880 2859 ὲν
2910 2807 3158 2876 Γραφαῖς
3179 2808 3240 2859 τὸ
3277 2805 3503 2875 Πνεῦμα
3534 2805 3603 2857 τὸ

2009 2899 2165 2968 ἅγιον
2226 2898 2672 2970 χορηγούμενον,
2718 2897 3039 2969 διδόμενον,
3098 2897 3599 2969 ἀποστελλόμενον,

2008 3080 2236 3151 putatis,
2267 3079 2628 3150 praeiudicare
2655 3078 2952 3149 quidquam
2987 3080 3133 3133 circa
3163 3080 3379 3147 dogma.
3407 3078 3602 3145 itaque
3664 3124 3681 3133 -

2008 3177 2213 3231 invidia
2246 3176 2371 3230 inde
2398 3178 2450 3229 in
2479 3192 2577 3230 nos
2609 3174 2844 3230 conflata
2870 3176 3013 3245 quod
3046 3173 3269 3229 Patrum
3299 3176 3439 3230 dicta
3468 3191 3601 3245 pro-

2006 3265 2187 3320 bando
2217 3264 2657 3331 protulissemus,
2690 3279 2812 3316 cum
2834 3278 2902 3318 eo
2942 3264 3163 3318 nomine
3224 3280 3449 3318 causam
3507 3275 3596 3317 tu-

2005 3358 2287 3413 multuose
2314 3357 2640 3427 juhercmur
2671 3346 2877 3418 dicere,
2902 3374 3002 3411 nos
3026 3365 3340 3425 reputantes
3376 3357 3429 3410 in
3488 3357 3603 3411 illis

2005 3448 2262 3504 fluctibus
2292 3450 2683 3505 concitatiouis
2718 3449 2998 3518 popularis
3052 3448 3230 3502 locum
3276 3450 3416 3501 haud
3473 3447 3592 3502 fore

2005 3539 2311 3609 tranquillae
2336 3539 2670 3607 iudagationi
2699 3538 2966 3600 veritatis,
2999 3539 3256 3608 aliudque
3279 3541 3346 3592 ab
3376 3541 3478 3591 hoc
3499 3555 3601 3591 ex-

2005 3633 2361 3702 speetandum
2386 3642 2618 3699 tempus.
2649 3648 2756 3701 quo
2783 3631 2900 3686 ista:
2920 3632 3353 3701 dogmaticarum
3375 3646 3597 3685 contro-

2005 3723 2314 3777 versiarum
2367 3723 2753 3792 perplexitates
2783 3723 2995 3778 utiliter
3023 3722 3435 3785 evolverentur,
3463 3739 3595 3776 cun-

2003 3813 2105 3866 ctis
2131 3813 2351 3866 omissis
2385 3827 2447 3866 ea
2475 3827 2596 3881 quae
2621 3811 2755 3864 dicis
2784 3810 3037 3873 fecimus,
3072 3820 3268 3881 sponte
3319 3813 3595 3864 honorem

2006 3904 2352 3966 abdicantcs,
2383 3919 2489 3957 non
2519 3912 2698 3957 tamen
2735 3919 2829 3972 per
2861 3904 2964 3958 hoc
3007 3918 3201 3958 ansam
3236 3894 3481 3972 praebere
3507 3917 3594 3955 ar-

2003 3994 2234 4052 bitrai-ie
2302 3995 2693 4050 insultantibus
2752 3994 2994 4050 volentes
3052 4009 3176 4050 reos
3230 4009 3330 4048 nos
3387 3976 3598 4047 erroris

2008 4090 2297 4160 peragendi
2327 4101 2382 4143 et
2409 4089 2759 4159 impengendi
2786 4090 2948 4145 nobis
2986 4090 3196 4147 crimen
3239 4088 3533 4144 luereseos.
3568 4106 3592 4139 ι

2007 4181 2108 4237 Hic
2171 4182 2486 4251 patriarcha
2542 4180 2840 4253 Gregorius
2901 4195 3211 4241 sermonem
3266 4196 3591 4250 occupans:

2013 4297 2031 4331 t
2079 4277 2214 4344 Quis
2251 4286 2460 4341 autem,
2517 4276 2716 4345 inquit,
2749 4274 2944 4328 horum
2980 4273 3072 4344 qui
3107 4283 3233 4327 sunt
3268 4274 3411 4328 circa
3445 4282 3497 4326 te
3527 4274 3599 4325 de

2007 4372 2268 4439 doimate
2314 4383 2511 4422 sensus
2562 4365 2685 4422 est?
2733 4385 2752 4417 ι
2787 4366 2957 4420 Erant
3003 4365 3206 4434 quippe
3250 4379 3374 4418 cum
3420 4362 3601 4416 Vocet).

2007 4459 2285 4530 quondam
2324 4456 2707 4512 archidiaconi
2734 4455 3097 4512 Meliteniotes
3123 4454 3517 4510 Constantinus
3542 4469 3597 4504 es

304 4558 401 4612 bat
422 4553 726 4624 logotheta,
756 4564 886 4603 suas
912 4547 967 4615 ip
993 4543 1270 4616 colloquio
1300 4544 1464 4597 simul
1511 4557 1636 4597 cum
1670 4543 1904 4613 patriar-

2011 4553 2117 4624 91
2184 4548 2470 4606 Metochita
2522 4550 2810 4618 Georgius.
2861 4546 2965 4614 Qui
3025 4547 3106 4602 sic
3174 4546 3439 4601 continuo
3508 4560 3597 4600 re-

304 4649 409 4705 cha
445 4653 634 4714 partes
669 4641 947 4696 obiturus.
996 4637 1183 4693 Prima
1235 4636 1486 4691 omnium
1550 4649 1653 4691 vox
1700 4635 1906 4689 exstitit

305 4739 572 4796 Ecclesia:
589 4737 831 4792 rhetoris
855 4731 1084 4787 Veccuin
1104 4730 1157 4785 in
1174 4732 1287 4784 haec
1307 4731 1468 4785 verba
1487 4727 1870 4800 compellantis
1892 4747 1906 4782 :

305 4835 398 4890 35.
443 4828 786 4900 Colloquium
840 4825 991 4880 Vecci
1017 4840 1136 4945 cogn
1191 4821 1444 4893 Gregorio
1485 4831 1533 4875 et
1575 4823 1688 4890 ejus
1720 4837 1909 4892 sequa-

1029 4910 1073 4945 Cl
1113 4910 1195 4945 us.

1029 4910 1195 4947 σπυυδ.

382 5036 403 5067 ο
429 5014 709 5081 Quorsum
731 5010 867 5065 heus
896 5018 974 5073 tu,
1000 5008 1154 5063 salvo
1176 5007 1358 5061 adhuc
1375 5016 1430 5062 et
1452 5015 1700 5061 exstante
1725 5005 1906 5060 libello

304 5104 734 5181 supplicationis
760 5113 890 5166 tute,
923 5116 1033 5172 quo
1061 5114 1274 5154 errasse
1304 5107 1356 5153 te
1377 5097 1664 5153 confessus
1690 5099 1902 5154 veniam

304 5203 589 5275 poscebas
644 5194 1108 5263 renuutiabasque
1157 5191 1434 5262 dignitati,
1467 5190 1634 5245 hodie
1666 5193 1903 5245 resumis

305 5311 431 5365 quae
467 5294 573 5347 rite
601 5288 896 5359 stipulatus
927 5284 1306 5347 abdicaveras,
1338 5292 1391 5337 et
1450 5282 1655 5353 injuste
1716 5294 1899 5339 actum

307 5400 491 5444 tecum
519 5398 648 5440 sero
674 5379 901 5435 tandem
931 5376 1243 5439 contendis,
1293 5374 1680 5446 principesque
1721 5379 1899 5447 coegi-

306 5482 378 5536 sti
414 5480 562 5537 hunc
594 5477 760 5531 talem
798 5480 1121 5538 tantamque
1163 5483 1345 5523 causae
1375 5468 1465 5523 isti
1501 5471 1898 5538 cognoscenlte

305 5585 643 5644 congregare
674 5562 985 5640 synodum?
1022 5561 1163 5629 Quia
1186 5576 1350 5631 quam
1378 5575 1651 5615 memoras
1674 5560 1897 5615 abdica-

306 5668 514 5722 tionem
534 5680 646 5721 nou
669 5677 736 5717 eo
764 5674 873 5731 quo
898 5655 1123 5711 credere
1146 5654 1368 5723 Quidam
1389 5655 1645 5708 videntur
1666 5651 1899 5708 fecimus

304 5762 511 5814 animo.
543 5755 906 5813 Vexationem
938 5749 1142 5819 quippe
1165 5746 1894 5815 dutttasatintempestivatu

307 5868 400 5917 per
423 5854 569 5907 illam
592 5849 879 5905 voluimus
914 5841 1210 5903 redimere,
1235 5838 1459 5894 minime
1483 5847 1686 5905 autem,
1724 5850 1778 5892 ut
1802 5854 1897 5893 vos

2012 4643 2350 4715 spondcruut
2374 4659 2388 4697 :
2413 4659 2432 4696 ι
2462 4641 2742 4709 Siquidem
2768 4640 2908 4694 bona
2937 4639 3039 4693 fide
3061 4638 3143 4691 vis
3164 4638 3293 4707 quid
3323 4638 3390 4691 de
3416 4636 3593 4705 Spiri-

2014 4747 2102 4790 tus
2122 4734 2299 4789 sancti
2335 4731 2689 4809 proccssione
2716 4730 3024 4785 sentiamus
3051 4744 3117 4783 ex
3164 4728 3320 4782 nobis
3356 4728 3591 4787 discere,

2009 4842 2174 4899 quam
2201 4835 2269 4882 de
2292 4837 2394 4880 hoc
2419 4825 2674 4895 dogmate
2693 4821 3019 4879 sententiam
3050 4830 3100 4874 et
3129 4821 3293 4873 corde
3319 4819 3596 4874 credimus

2010 4926 2067 4972 et
2123 4931 2218 4970 ore
2254 4914 2599 4986 profitemur,
2643 4913 2757 4966 haec
2796 4913 2985 4966 eadem
3042 4919 3125 4963 est
3185 4924 3351 4977 quam
3408 4910 3596 4977 quivis

2008 5020 2270 5063 consueta
2300 5005 2537 5061 formula
2574 5005 2734 5057 fidem
2762 5004 2830 5057 de
2861 5003 2967 5057 Deo
3004 5016 3158 5055 suam
3203 4999 3465 5069 protitens
3491 5016 3592 5054 es-

2005 5081 2218 5173 primit,
2245 5099 2330 5154 cui
2391 5109 2443 5151 et
2483 5112 2584 5152 nos
2630 5097 2921 5157 haeremus,
2955 5104 3200 5163 perstare
3255 5109 3319 5164 ea
3352 5094 3405 5147 in
3455 5096 3592 5148 certi

2008 5211 2181 5264 usque
2209 5198 2273 5248 al
2327 5204 2630 5246 extremum
2684 5189 2961 5259 spiritum.
3011 5188 3106 5240 Sin
3156 5198 3336 5240 autem
3392 5186 3591 5254 quaeris

2005 5288 2328 5342 sententiain
2365 5287 2429 5337 de
2467 5283 2572 5335 hoc
2619 5280 2859 5343 Patrum,
2892 5296 3057 5349 quam
3088 5295 3194 5332 non
3256 5279 3587 5331 contrariam

2004 5394 2127 5433 esse
2152 5376 2538 5431 contendimus
2566 5371 2825 5447 Sjtubolo
2862 5371 3007 5434 Iidei,
3040 5370 3133 5423 sed
3166 5370 3585 5438 explicationem

2001 5470 2192 5543 potius
2215 5446 2269 5524 et
2299 5446 2722 5521 declarationem
2754 5463 3049 5517 verborum
3087 5460 3350 5532 Symboli,
3386 5459 3590 5526 reperi-

2003 5577 2124 5617 ntus
2142 5562 2195 5615 in
2209 5558 2427 5626 scriptis
2446 5555 2770 5610 authenticis
2789 5555 3050 5622 Spiritum
3071 5562 3316 5605 sanctum
3333 5549 3587 5618 praeberi,

2000 5653 2142 5719 dari,
2173 5651 2333 5714 mitti,
2363 5649 2582 5718 prodire
2623 5663 2688 5701 ex
2718 5648 2880 5702 Patre
2913 5662 3008 5715 per
3040 5642 3280 5706 Filium;
3314 5640 3587 5694 interdum

2000 5756 2056 5801 et
2081 5762 2109 5798 a
2145 5740 2473 5812 quibusdam
2510 5739 2731 5791 Patrum
2760 5736 2868 5790 dici
2906 5735 3221 5798 procedere.
3253 5733 3344 5785 Ait
3402 5741 3586 5786 autem

2000 5846 2054 5891 et
2079 5837 2143 5890 de
2187 5833 2342 5887 Patre
2362 5846 2592 5900 magnus
2622 5827 2863 5882 Joannes
2891 5825 3257 5880 Damasccnus
3288 5835 3408 5877 esse
3431 5820 3584 5874 illum
