4094 6424
502 369 607 437 103

1715 372 2033 435 GEORGII
2074 371 2557 434 PACHYMERE

3608 372 3747 451 _:ot

496 482 897 555 προερχόμενον
952 484 1017 534 ἐκ
1066 481 1275 552 Πατρὸς
1333 480 1399 533 δι’
1438 481 1587 544 Υἰοῦ,
1647 481 1761 534 ἔστι
1795 482 1839 534 δ’
1874 475 1935 533 οὗ
1967 481 2061 533 καὶ
2092 485 2136 540 Α
2165 481 2351 548 ἆγιον;
2379 483 2490 552 Οὐχ
2521 483 2827 534 ῦπονοεῖται
2864 481 3085 551 Τριθεΐχ
3139 480 3197 532 το
3222 479 3586 548 συναγόμενον
3615 495 3632 545 ;
3671 477 3750 532 Οὐ

495 576 626 644 παρ’
657 575 818 637 ἐνίοις
868 574 977 627 τῶν
1016 574 1275 643 Πατέρων
1331 574 1789 643 ἐκπορευόμενον.
1818 575 1980 640 Λέγει
2010 573 2066 625 δὲ

495 667 590 719 καὶ
618 668 647 718 6
678 664 849 734 μέγας
869 665 1225 735 Δαμασκηνὸς
1273 665 1529 734 Ἰωάννης
1569 683 1588 716 ι
1628 666 1722 718 καὶ
1770 663 2069 734 προϐολεὺς

492 758 583 811 διὰ
611 757 784 823 Λόγου
813 757 1207 827 ἐκφαντορικοῦ
1234 756 1571 826 Πνεῦματος.
1615 775 1634 809 t
1672 757 1882 810 Ταυτὸν
1918 755 1976 809 δὲ
2009 756 2071 809 τὸ

493 832 828 917 προϐολεὺς
854 848 929 919 τῷ
955 847 1113 918 αἰτίῳ
1151 847 1514 917 γινώσκομεν.
1547 848 1730 902 Αἴτιον
1752 847 1845 900 οῦν
1868 846 1928 899 οὗ
1961 863 2067 915 φα-

497 959 599 1010 μεν
625 942 715 993 τον
739 941 870 994 Υίὸν
900 941 993 992 ἐπὶ⁸
1020 944 1086 1010 τῇ
1122 942 1186 993 ἐκ
1216 941 1434 1009 [ἰατρὸς
1480 940 1693 1010 προόδῳ
1731 939 1815 1011 [Ρ.
1848 938 1941 1011 58]
1973 938 2069 992 τοῦ
2102 1009 2110 1015 .

408 1024 429 1035 ’
496 1034 835 1105 Ilva-Jparor,
872 1032 995 1086 οὔτε
1036 1033 1141 1101 μὴν
1175 1032 1468 1095 συναίτιον,
1500 1030 1635 1083 ἀλλὰ
1660 1033 1752 1083 καὶ
1788 1029 2069 1097 ἀναθεμα-

493 1126 718 1192 τίζομεν
750 1126 843 1179 καὶ
872 1124 1295 1193 ἁποὸαλλὸμεθα
1316 1125 1411 1176 τὸν
1440 1121 1585 1175 οὕτω
1608 1122 1853 1190 λέγοντα.
1883 1120 1985 1175 Τὸν
2012 1121 2069 1174 δέ

496 1218 719 1288 Πατέρα
783 1216 955 1270 αἴτιον
993 1216 1062 1269 δι’
1106 1216 1237 1269 Υἱοῦ
1289 1215 1383 1266 τοῦ
1440 1213 1758 1284 Πνεῦματος
1816 1214 2066 1280 λέγομεν,

495 1308 727 1375 ἐπείπερ
761 1306 822 1359 τὸ
877 1305 1174 1375 προθολεὺς
1224 1306 1304 1368 είς
1356 1304 1543 1370 αῐτιον,
1580 1300 2007 1372 ἐκλαμϐάνεται.
2044 1319 2061 1351 ι

500 1419 519 1450 ι
554 1401 660 1453 Καὶ
689 1398 825 1460 πῶς,
851 1391 896 1451 ὦ
918 1391 1087 1460 οὗτοι,
1123 1413 1141 1446 ι
1179 1396 1346 1465 φησὶν
1369 1396 1395 1446 6
1417 1393 1590 1461 μέγας
1610 1391 1922 1461 λογοθέτης,
1962 1409 1980 1443 t
2007 1393 2068 1445 οὐ

496 1493 701 1544 ποιεῖτε
726 1490 898 1543 αἴτιον
926 1488 1015 1542 τὸν
1046 1487 1172 1540 Υἱὺν
1206 1489 1297 1538 ἐπὶ
1324 1488 1389 1555 τῇ
1421 1487 1484 1536 ἐκ
1506 1485 1714 1554 Πατρδς
1735 1484 1948 1553 προόδῳ
1973 1483 2068 1536 τοῦ

496 1584 833 1650 Πνεῦματος,
870 1580 1101 1649 ἐπείπερ
1129 1579 1216 1632 διὰ
1248 1578 1408 1644 λόγου
1436 1577 1611 1629 αἴτιον
1637 1574 1952 1646 ὁμολογεῖτε
1980 1574 2071 1629 τδν

498 1676 718 1743 Πατέρα
746 1673 840 1726 τοῦ
868 1673 1216 1739 Πνεύματος;
1252 1671 1508 1721 Δείκνυτε
1538 1668 1646 1734 γὰρ
1683 1667 1741 1731 ἐξ
1760 1662 1833 1719 ὦν
1858 1666 2067 1733 λέγετε,

495 1765 572 1827 ὡς
609 1764 708 1818 οῦκ
743 1763 806 1817 ἂν
834 1765 861 1817 6
897 1761 1084 1830 Πατὴρ
1142 1759 1416 1830 προῦὸαλε
1468 1759 1715 1828 Πνεῦμα,
1746 1761 1794 1810 εἰ
1847 1757 1922 1828 μὴ
1944 1758 2069 1810 Υίὸν

498 1855 714 1922 ἐγέννα.
748 1854 821 1907 Τὸ
852 1853 895 1905 δ’
919 1853 1066 1906 ἐστὶν
1099 1850 1500 1920 ἐμφαινόμενον
1546 1850 1741 1903 αἴτιον.
1781 1868 1800 1901 ι
1844 1848 1984 1910 Τοὺς
2013 1849 2071 1902 δὲ

499 1945 751 2007 θέλοντας
798 1943 1088 2012 ἐκφεύγειν
1138 1943 1198 1997 τὸ
1233 1942 1632 2012 ὑπονοούμενον
1671 1942 1874 1995 ἄτοπον
1906 1943 2070 2010 φάναι

500 2037 575 2098 ὡς
608 2036 779 2089 πολλὰ
808 2037 900 2090 ἐπὶ
925 2035 1025 2105 τῆς
1055 2034 1330 2102 θεολογίας
1358 2034 1607 2100 λέγονται
1626 2033 1661 2087 ἃ
1684 2034 1747 2103 δὴ
1785 2033 1965 2105 μικρῷ
2000 2033 2075 2102 τῷ

502 2127 646 2197 λόγῳ
693 2128 765 2180 τὰ
816 2127 1023 2197 μεγάλα
1084 2125 1453 2195 σταθμώμενα
1492 2125 1822 2193 ἐμφαίνουσι
1853 2143 1905 2178 τι
1957 2129 2075 2188 ταῖς

503 2219 850 2290 χαμερπέσιν
872 2218 1105 2280 ἐννοίαις
1129 2220 1225 2270 καὶ
1251 2218 1452 2271 ἄτοπον
1481 2218 1618 2279 ὅλως
1640 2219 1733 2271 καὶ
1761 2218 1835 2289 μὴ
1868 2219 2076 2289 πρέπον

503 2311 644 2381 Θεῷ.
681 2329 700 2362 ι
742 2311 816 2363 Οὑ
847 2309 1096 2379 λέγομεν,
1127 2310 1347 2372 Τέλειος
1392 2307 1523 2372 Θεὸς
1551 2310 1578 2362 6
1600 2310 1813 2380 Πατὴρ,
1843 2312 1959 2373 καὶ,
1979 2308 2079 2364 Τέ-

502 2403 644 2467 λειος
668 2403 800 2467 Θεὸς
834 2406 862 2457 6
896 2403 1045 2467 Υἱὸς,
1078 2402 1196 2469 καὶ,
1232 2401 1452 2465 Τέ)ειος
1486 2400 1619 2465 Θεὸς
1656 2401 1715 2455 τὸ
1744 2402 1971 2474 Πνεῦμα
2018 2402 2079 2457 τὸ

498 2585 882 2655 productorem
923 2598 1018 2652 per
1067 2581 1304 2635 Verbum
1353 2579 1702 2635 enuntiatorii
1731 2577 1985 2650 Spiritus.
2021 2578 2079 2636 ln

500 2691 636 2731 voce
685 2683 867 2730 autem
906 2673 1241 2743 productart‘s
1287 2671 1750 2740 principii-activi
1802 2672 2086 2726 notionem

501 2766 876 2835 agnoscimus.
911 2763 1145 2817 Causam
1176 2762 1338 2833 igitur
1380 2775 1487 2814 non
1515 2760 1750 2815 dicimus
1797 2761 1995 2816 Filiqu
2025 2763 2082 2817 in

500 2873 598 2914 sua
632 2875 701 2915 ex
734 2857 897 2911 Patre
935 2855 1285 2924 processione
1311 2853 1485 2910 sancti
1516 2853 1779 2922 Spiritus,
1812 2870 1876 2909 ac
1906 2870 2084 2925 neque

498 2964 832 3005 concausam
861 2965 874 2999 :
909 2950 1036 3017 quin
1074 2954 1127 3000 et
1159 2946 1685 3001 anatliematixamus
1731 2955 1785 2999 et
1805 2945 2085 3015 rejicimus

499 3042 582 3096 sic
607 3042 917 3109 loquentem
942 3056 957 3104 ;
983 3038 1078 3093 sed
1104 3037 1315 3091 Patrem
1335 3050 1557 3109 causam
1579 3053 1673 3106 per
1691 3036 1886 3090 Filium
1908 3038 2083 3092 sancti

2171 573 2423 643 λέγομεν.
2464 575 2789 644 Ἐγέννησεν
2821 575 2846 626 6
2882 572 3068 644 Πατὴρ
3095 573 3184 625 τὸν
3216 572 3382 637 Υίὸν;
3435 571 3549 625 Οὐκ
3572 572 3743 641 ἀνα-ζῇ

2174 666 2412 734 Ἄρειος,
2438 664 2636 719 ἐννοῶν
2660 665 2827 734 ριπὴν
2857 665 2952 716 καὶ
2985 663 3188 729 ἄτομον
3226 662 3423 731 χρόνον
3454 661 3621 729 μέσον
3647 661 3745 714 τοῦ

2170 755 2465 823 γεννῶντος
2496 756 2591 810 καὶ
2622 756 2717 808 τοῦ
2758 755 3124 823 γεννωμένου;
3149 753 3311 807 Ἀλλά
3339 753 3399 806 τὸ
3423 752 3747 823 βλάσφημον

2171 847 2580 917 ἀποφεύγομεν,
2615 846 2885 916 ίστάμεθα
2912 845 2969 899 δέ
3002 847 3100 901 καὶ
3138 846 3284 914 ὅροις
3313 845 3412 912 τῆς
3434 843 3743 908 εὐσεϐείας,

2170 940 2266 992 καὶ
2288 939 2349 992 τὸ
2376 938 2484 991 τῶν
2519 939 2558 990 Γ
2565 938 2755 1007 ραφῶν
2782 937 3191 1006 ὁμολογοῦντες
3217 935 3313 989 καὶ
3337 936 3398 988 τὺ
3432 937 3748 1004 κακεμφαϊ-

2171 1047 2261 1083 νον
2288 1030 2349 1084 οὐ
2403 1029 2860 1100 παραδεχόμενοι.
2912 1047 2931 1081 ι
2984 1027 3268 1081 Ἐντεῦθεν
3317 1027 3345 1079 6
3390 1025 3746 1095 Μοσκάμπαρ

2170 1123 2465 1194 Γεώργιος.
2504 1123 2852 1193 χαρτοφύλαξ
2884 1122 2960 1176 ὣν
2990 1122 3090 1190 τῆς
3125 1119 3455 1189 Ἐκκλησίας
3485 1119 3628 1187 τότε,
3663 1119 3753 1171 νό-

2172 1216 2266 1269 θον
2291 1216 2444 1283 ἓλεγε
2480 1216 2542 1268 τὸ
2575 1216 2758 1284 ῥητόν.
2828 1213 2990 1267 Ἀλλὰ
3035 1213 3131 1267 καὶ
3166 1210 3304 1282 πρὸς
3335 1209 3497 1263 αὐτὸν
3517 1209 3545 1261 6
3575 1208 3752 1277 μέγας

2171 1304 2484 1375 λογοθέτης,
2546 1304 2678 1374 ἄγχι
2729 1309 2873 1373 σχὼν
2930 1303 3196 1373 κεφαλὴν,
3250 1301 3339 1354 ῐνα
3376 1300 3452 1370 μὴ
3486 1298 3752 1352 πυθοίατο

2171 1398 2344 1462 ἄλλοι,
2370 1415 2389 1448 t
2423 1398 2529 1450 Kal.
2559 1386 2694 1460 πῶς,
2719 1390 2763 1450 ὦ
2786 1390 2959 1458 οὗτος.
2991 1414 3010 1448 ι
3037 1394 3221 1463 φησὶν,
3252 1411 3272 1444 ς
3311 1389 3545 1462 ίσχυρῶς
3567 1391 3753 1459 λέγειν

2170 1490 2397 1558 δόξομεν
2452 1489 2628 1551 οὕτως
2686 1486 3152 1557 ἁπολογούμενοις
3200 1485 3359 1553 Ἐπεὶ
3388 1485 3447 1537 ἐν
3476 1486 3542 1554 τῇ
3581 1483 3750 1553 βίϐλῳ

2170 1582 2267 1651 τῆς
2286 1582 2438 1650 ἱερᾶς
2480 1579 2829 1649 Ὀπλοθήκης
2862 1578 3006 1631 κατὰ
3033 1578 3184 1649 ῥῆμα
3204 1578 3377 1630 κεῖται
3407 1574 3467 1628 τὸ
3491 1574 3652 1646 ῥητὸν
3673 1575 3753 1638 ὡς

2170 1673 2328 1739 ἁγίου
2367 1672 2530 1742 ῥητὸν
2560 1673 2655 1725 καὶ
2705 1670 2800 1723 τοῦ
2833 1670 3071 1740 μεγάλου
3101 1666 3489 1738 Δαμασκηνοῦ.
3523 1686 3540 1719 ι
3584 1666 3751 1720 Ἀλλὰ

2171 1765 2381 1833 τρανῶς
2408 1763 2542 1833 πρὸς
2571 1764 2695 1823 τοὺς
2728 1760 3107 1829 ἀντιλέγοντας
3137 1759 3322 1825 ἔλεγεν
3356 1757 3429 1820 ὼς
3468 1776 3486 1809 t
3510 1757 3748 1828 Δέχομαι

2179 1858 2281 1927 μὲν
2312 1856 2372 1908 τὺ
2399 1856 2563 1925 ῥητὸν
2614 1855 2770 1922 ἁγίου
2821 1849 2983 1916 εἶναι,
3020 1851 3164 1919 πλὴν
3207 1852 3304 1922 οὐχ
3333 1851 3653 1920 ὁμολογήσω
3689 1850 3751 1901 τὸ

2177 1948 2399 2017 Πνεῦμα
2437 1947 2524 1999 διὰ
2576 1947 2749 2014 Λόγον
2806 1962 2865 1997 τε
2903 1945 2996 1999 καὶ
3050 1944 3180 1996 Υίοῦ
3209 1944 3306 2012 τὴν
3329 1942 3510 1995 αἰτίαν
3564 1943 3625 1995 ἐκ
3653 1939 3747 1992 τοῦ

2180 2042 2411 2110 Πατρός.
2439 2040 2594 2094 Οῦτω
2644 2041 2753 2109 γὰρ
2772 2041 2868 2093 καὶ
2907 2034 3369 2106 παραϐολώτερον
3398 2035 3608 2103 εἴποιμι
3642 2033 3751 2086 τῶν

2180 2135 2241 2188 ἐγ
2269 2130 2481 2203 Πατρδς
2513 2132 2609 2182 καὶ
2644 2128 2775 2183 Υίοῦ
2826 2128 3091 2194 λεγόντων
3120 2127 3178 2179 rb
3215 2126 3442 2196 Πνεῦμα
3480 2125 3540 2178 τδ
3597 2125 3752 2191 ἆγιον

2177 2224 2596 2295 ἐκπορεύεσθαι,
2632 2222 2764 2292 παρ’
2795 2222 2919 2274 ὅσον
2944 2222 3060 2274 ἑκά
3095 2221 3194 2291 μέν
3222 2219 3322 2287 τῆς
3358 2219 3529 2287 αὐτῆς
3557 2218 3754 2287 προθέ-

2181 2332 2317 2378 σεως
2351 2313 2438 2367 ἐπ’
2472 2315 2595 2383 ἴσης
2628 2313 2886 2383 κειμένης
2916 2311 3011 2378 καὶ
3040 2315 3150 2374 τοῖς
3180 2312 3328 2375 δυσὶ,
3352 2309 3454 2363 κᾶν
3488 2310 3630 2362 κατά
3653 2310 3752 2373 τὴν

2184 2407 2455 2477 ἰσοτιμίαν
2507 2405 2593 2477 [Ρ.
2630 2404 2724 2477 59]
2778 2405 2887 2459 τῶν
2940 2404 3315 2464 ὑποστάσεων,
3339 2403 3398 2456 τὸ
3421 2403 3616 2456 ταυτὸν
3644 2400 3752 2454 τῶν

2182 2587 2357 2658 Sequi,
2383 2586 2733 2656 repudiamus
2759 2598 2824 2638 ac
2863 2582 3196 2651 repellimus.
3230 2600 3249 2633 ι
3287 2579 3386 2635 Hic
3416 2579 3757 2648 Moscampar

2183 2676 2475 2745 Georgius,
2500 2677 2592 2744 qui
2622 2683 2752 2729 tunc
2768 2682 2884 2728 erat
2907 2673 3165 2728 Ecclesia:
3183 2672 3594 2741 cltartopbylax,
3628 2686 3762 2739 spu-

2186 2769 2325 2824 rium
2351 2778 2404 2822 et
2435 2767 2845 2838 supposititium
2874 2780 2998 2820 esse
3032 2764 3322 2818 afﬁrmavit
3358 2763 3500 2817 istud
3530 2748 3763 2817 attribu-

2189 2871 2300 2915 tum
2338 2859 2694 2914 Damascenio
2732 2858 3130 2913 testimonium.
3162 2856 3360 2910 Verum
3391 2858 3458 2910 ad
3492 2855 3613 2924 ejus
3658 2870 3763 2908 au-

2185 2967 2299 3006 rem
2365 2953 2543 3020 capite
2598 2953 2845 3020 proxime
2917 2949 3160 3013 admeto,
3216 2963 3282 3002 ne
3332 2947 3423 3001 alii
3471 2948 3763 3009 audirent,

2194 3058 2427 3110 magnus
2456 3042 2735 3111 logotlteta
2765 3040 3131 3095 insusurravit
3157 3056 3171 3092 τ
3196 3058 3213 3090 ι
3240 3036 3300 3090 Et
3323 3038 3619 3106 quomodo,
3645 3038 3764 3090 tin-

500 3108 739 3203 Spiritus
767 3108 1481 3200 dicimus,quandoquidem
1503 3131 1770 3184 vocabulo
1791 3130 2087 3199 προϐολεύς
2117 3141 2159 3196 c
2195 3108 2411 3201 quiens,
2445 3151 2465 3184 ι
2511 3108 2756 3201 proferre
2792 3132 2856 3185 ad
2887 3130 3247 3187 evincendum
3280 3128 3516 3184 eﬂicacia
3548 3129 3729 3185 videbi
3760 3158 3765 3163 -

504 3224 800 3294 productor
849 3220 1100 3293 prim-ipii
1137 3220 1299 3275 activi
1332 3219 1669 3289 signiﬁcatus
1701 3219 1908 3273 subest.
1956 3238 1974 3270 ι
2017 3251 2083 3261 -

510 3335 528 3368 ι
575 3315 642 3370 Et
665 3315 961 3385 quomodo,
996 3316 1130 3369 heus
1150 3328 1266 3376 vos,
1296 3328 1403 3367 non
1435 3310 1615 3367 facitis
1644 3311 1842 3366 Filium
1874 3312 1926 3366 in
1958 3327 2087 3382 pro-

501 3407 757 3462 cessione
788 3421 854 3462 ex
886 3406 1047 3460 Patre
1080 3420 1304 3461 causam
1339 3404 1517 3460 sancti
1552 3403 1816 3472 Spiritus.
1842 3406 2089 3473 quando-

2190 3240 2338 3285 mur,
2362 3233 2469 3277 tam
2503 3223 2719 3276 inﬁrma
2773 3220 3087 3276 defensione
3139 3221 3391 3276 utentes?
3419 3221 3769 3290 quandoqui-

2188 3315 2311 3369 dem
2341 3315 2446 3368 boc
2469 3314 2672 3367 dictum
2707 3329 2734 3364 a
2766 3325 2817 3366 te
2846 3313 3108 3382 rejectum
3155 3321 3216 3367 ut
3248 3313 3644 3383 apocrypltum,
3680 3313 3767 3369 di-

2187 3413 2334 3460 serte
2367 3419 2431 3457 ac
2460 3402 2683 3474 syllabis
2722 3403 2946 3456 totidem
2977 3408 3156 3455 exstat
3192 3401 3246 3456 in
3277 3415 3433 3457 sacra
3468 3400 3769 3471 Hoplothe-

502 3499 719 3566 quidem
745 3512 844 3567 per
865 3497 1102 3551 Verbum
1124 3511 1343 3551 causam
1364 3497 1483 3566 ejus
1501 3495 1830 3565 proﬁtemini
1851 3493 2090 3549 Patrem?
2188 3512 2275 3560 ca,
2306 3497 2473 3560 libro,
2501 3503 2560 3548 ut
2595 3495 2727 3555 scis,
2752 3494 3096 3549 auctoritatis
3113 3493 3265 3549 omni
3283 3494 3607 3563 exceptione
3644 3509 3769 3548 ma-

500 3586 801 3642 Ostenditis
830 3585 975 3641 enim
1005 3602 1070 3640 ex
1121 3586 1206 3641 his
1249 3601 1369 3656 qua:
1413 3586 1623 3649 dicitis,
1652 3585 2084 3656 haudquaquam
2184 3588 2345 3659 joris,
2379 3587 2638 3658 adjuncto
2667 3587 2833 3641 etiam
2880 3586 3030 3641 clare
3079 3585 3300 3640 nomine
3352 3586 3531 3655 magni
3574 3586 3773 3641 Dama-

503 3678 748 3731 futurum
786 3675 954 3730 fuisse.
985 3687 1042 3731 ut
1077 3677 1236 3732 Pater
1288 3677 1612 3747 produceret
1665 3676 1929 3746 Spiritum
1966 3692 2094 3730 san-
2190 3680 2362 3743 sccni,
2389 3679 2509 3748 ejus
2539 3678 2805 3733 auctoris.
2836 3695 2855 3728 ι
2887 3676 3103 3744 Quibus
3153 3676 3424 3732 submisse
3446 3678 3773 3733 immurmu-

503 3778 677 3837 ctum,
702 3768 807 3825 nisi
836 3779 1119 3838 generaret
1149 3768 1372 3834 Filium,
1403 3784 1470 3824 ex
1500 3784 1612 3838 quo
1646 3779 1871 3839 apparet
1904 3784 2089 3823 veram
2198 3772 2354 3832 ratis.
2415 3771 2628 3826 sublata
2673 3770 2787 3840 jam
2843 3784 2977 3825 voce
3027 3768 3443 3824 archidiaconus
3494 3769 3770 3839 logotlieta

501 3872 687 3913 causa:
716 3857 1102 3927 preprietatem
1131 3856 1269 3912 Filio
1294 3856 1590 3911 convenire
1613 3866 1865 3925 respectu
1904 3854 2093 3925 Spiri-
2196 3862 2420 3919 intuens
2458 3881 2471 3917 :
2502 3881 2520 3915 r
2545 3862 2813 3929 Admitte,
2832 3862 2929 3929 ait,
2957 3861 3425 3926 testimonium,et
3448 3862 3622 3917 sancti
3643 3876 3772 3917 esse

503 3960 621 4007 tus.
660 3969 680 4003 ο
731 3949 812 4005 Διί
845 3964 907 4003 ea
959 3948 1034 4001 illi
1058 3948 1261 4001 vitandi
1298 3947 1519 4002 absurdi
1554 3946 1697 4015 quod
1754 3945 2093 4001 inferebatur
2192 3969 2317 4010 vere
2343 3954 2668 4009 Damasceni
2710 3968 2950 4023 agnosco
2980 3971 2995 4009 ε
3027 3961 3284 4007 σείει-ειη]
3314 3968 3423 4009 non
3477 3954 3768 4009 assentiar

508 4043 651 4098 huic
684 4041 948 4096 rationem
981 4040 1170 4095 iniere.
1217 4037 1482 4093 Dixerunt
1515 4037 1683 4091 multa
1729 4051 1853 4092 esse
1884 4037 1993 4108 92
2039 4038 2090 4092 in
2195 4046 2456 4117 Spir-imm
2489 4061 2586 4116 ρει-
2616 4043 2858 4100 Verbum
2890 4054 2940 4101 ει
2974 4044 3174 4100 Filium
3210 4043 3476 4115 originem
3507 4059 3573 4100 ex
3609 4043 3777 4099 pazre

517 4144 629 4188 tota
660 4131 1027 4204 explicatione
1057 4128 1255 4185 divina:
1284 4128 1592 4194 Trinitatis,
1621 4144 1740 4199 quae
1762 4129 1806 4185 Si
1830 4129 1954 4197 quis
1983 4145 2099 4187 me-
2193 4139 2432 4195 trahere:
2462 4138 2546 4194 pic
2576 4138 2721 4193 enim
2751 4137 2941 4193 dicens
2989 4137 3253 4192 audacius
3294 4137 3550 4206 loquerer
3602 4151 3768 4206 quam

505 4227 676 4281 tiatur
705 4233 938 4294 angusto
981 4221 1205 4276 modulo
1262 4219 1488 4275 rationis
1514 4219 1780 4277 naturalis
1808 4228 1865 4275 et
1910 4221 1977 4275 ad
2019 4220 2092 4275 li-
2194 4227 2232 4283 ii
2257 4228 2351 4299 qui
2385 4226 2658 4283 amr-mam
2685 4240 2755 4283 ex
2784 4226 2949 4282 Ριιιιθ
2996 4236 3052 4283 ει
3103 4220 3244 4281 Filio
3282 4237 3539 4282 sanctum
3598 4226 3775 4295 spiri-

509 4319 661 4371 bram
691 4314 990 4381 exiguitate
1019 4326 1117 4365 sua
1143 4320 1253 4364 tam
1289 4310 1503 4382 magnis
1524 4310 1688 4366 rebus
1720 4311 2095 4381 ponderandis
2199 4330 2311 4375 tum
2358 4319 2674 4390 procedere,
2705 4317 2967 4390 quoniam
3015 4318 3071 4373 in
3102 4318 3209 4375 hoc
3268 4318 3588 4374 Latinorum
3621 4319 3773 4373 dicto

507 4409 770 4477 imparem
793 4403 1093 4466 examinet,
1107 4402 1293 4472 utique
1311 4410 1635 4472 apparenter
1652 4401 1887 4456 inferant
1906 4400 2094 4470 absur,

2198 4410 2306 4482 93
2334 4410 2649 4466 communia
2690 4409 3098 4480 praepositionis
3125 4423 3192 4464 ea:
3242 4410 3449 4480 pariter
3495 4409 3768 4480 adaptatre

507 4498 642 4553 dum
662 4505 717 4551 et
749 4494 919 4550 Deum
944 4493 1214 4548 dedeceus
1252 4491 1529 4560 quidpiam
1558 4509 1574 4548 :
1613 4509 1632 4544 ι
1673 4491 1755 4547 Au
1795 4506 1904 4548 non
1936 4491 2081 4547 enim
2125 4494 2170 4550 Β
2198 4497 2344 4552 Patri
2374 4492 2624 4567 Filioque
2661 4497 2727 4551 ad
2755 4497 3120 4566 aequalitatem
3150 4498 3505 4566 hypostasum
3542 4498 3682 4551 inter
3712 4512 3774 4551 se

507 4587 740 4655 exempli
771 4584 945 4657 gratia
978 4584 1212 4638 dicimus
1249 4599 1263 4636 :
1304 4581 1465 4638 Pater
1496 4590 1581 4638 est
1616 4581 1888 4651 perfectus
1927 4581 2091 4641 Deus,

512 4678 685 4732 Filius
709 4677 835 4730 item
856 4674 1129 4744 perfectus
1171 4671 1587 4741 Deus,Spiritus
1629 4688 1847 4742 quoque
1871 4681 2096 4726 sanctus

512 4779 568 4822 et
592 4769 709 4837 ipse
723 4765 996 4837 perfectus
1019 4765 1158 4819 Deus
1177 4764 1201 4817 τ
1220 4764 1369 4819 Unde
1396 4765 1518 4832 quis
1538 4778 1646 4819 non
1677 4763 1820 4817 videt
1838 4777 2098 4831 apparere

513 4855 859 4909 inferendam
902 4855 1419 4921 admittendamquc,
1459 4867 1622 4922 quam
1673 4861 1855 4905 tamen
1888 4852 2100 4919 respui-

514 4962 659 5009 mus,
676 4947 901 5001 deorum
921 4944 1238 5001 Trinitatem
1258 4946 1278 4998 ?
1299 4944 1693 4998 Similitercum
1715 4944 1948 5016 dicimus
1968 4939 2099 5016 :Ge—

514 5041 633 5094 nuit
666 5039 825 5092 Pater
857 5037 1075 5103 Filium,
1109 5053 1288 5092 nonne
1315 5039 1562 5091 videmur
1592 5036 1720 5088 dare
1748 5036 1876 5087 Ario
1908 5049 2095 5089 ansam

515 5133 821 5186 allirman'di
850 5130 1228 5186 intercessisse
1249 5137 1583 5182 momentum
1604 5125 1821 5194 aliquod
1849 5135 1943 5178 aut
1961 5140 2098 5194 puu-

510 5236 659 5278 ctum
682 5223 940 5293 temporis
955 5223 1193 5277 medium
1225 5221 1366 5273 inter
1384 5227 1730 5288 generantem
1749 5224 1804 5270 et
1818 5217 2061 5286 genitum
2082 5217 2102 5272 ἲ

511 5320 710 5374 Verum
744 5319 846 5374 hoc
884 5329 1142 5385 tanquam
1170 5313 1551 5382 blaSpbemum
1605 5326 1947 5376 aversantur,
1975 5327 2098 5365 cum

512 5406 644 5459 illud
679 5405 822 5459 unde
866 5405 921 5458 in
955 5405 1188 5474 speciem
1220 5400 1593 5469 consequitur,
1624 5406 1881 5468 tanquam
1906 5401 2100 5455 ortbo-

512 5497 717 5551 doxum
742 5506 1048 5550 teneamus.
1067 5492 1157 5548 Sic
1179 5491 1346 5561 igitur
1372 5491 1424 5544 in
1450 5491 1703 5560 praesenti
1726 5506 1940 5561 quoque
1970 5506 2102 5546 con-

514 5588 780 5640 troversia
812 5587 1066 5648 facimus,
1101 5592 1308 5639 stantes
1345 5584 1482 5636 intra
1514 5583 1779 5637 terminos
1802 5584 2099 5669 religionis’

509 5690 563 5732 et
585 5678 897 5746 proﬁtentes
914 5679 1132 5746 quidem
1156 5674 1303 5746 quod
1322 5675 1523 5729 diserte
1542 5673 1757 5743 scriptis
1770 5675 2102 5731 authenticis

509 5786 828 5835 expressum
859 5768 1173 5824 cernimus:
1206 5767 1349 5837 quod
1375 5781 1439 5821 ex
1475 5765 1539 5821 iis
1570 5767 1783 5820 videtur
1800 5767 2098 5823 absurdum

2197 4589 2547 4643 astruendam
2580 4588 2754 4656 magis
2776 4589 3088 4656 quadrans,
3111 4587 3356 4642 audacia:
3386 4588 3645 4642 invidiam
3665 4587 3774 4642 nisi

2197 4681 2358 4747 plane
2404 4678 2584 4739 diluit,
2619 4678 2868 4731 emollire
2921 4684 3071 4732 certe
3121 4677 3416 4745 plurimum
3471 4686 3669 4747 potest.
3713 4680 3750 4733 li

2199 4771 2304 4823 alia
2335 4783 2465 4824 vero
2508 4769 2782 4823 sententia
2812 4769 2941 4822 dum
2992 4766 3229 4834 Spiritus
3255 4783 3318 4822 ex
3356 4768 3518 4823 Patre
3551 4787 3643 4839 per
3675 4768 3771 4826 Fi-

2199 4860 2331 4914 lium
2370 4860 2640 4913 asseritur
2671 4859 2990 4926 procedere,
3034 4859 3123 4912 illa
3160 4859 3455 4915 diversitas
3513 4862 3777 4928 praeposi-

2201 4950 2408 5003 tinuum
2433 4948 2578 5002 Patri
2609 4947 2861 5017 Filioque
2891 4950 3431 5002 accommodatarum
3459 4951 3768 5018 emphasim

2203 5041 2586 5109 nescioquam
2651 5040 2911 5094 absonam
2971 5040 3292 5094 dinei-entia:
3348 5043 3624 5095 immiscet
3679 5045 3774 5095 uni

2202 5132 2560 5201 simplicique
2592 5131 2935 5200 processioni
2961 5131 3136 5185 sancti
3170 5130 3411 5198 Spiritus
3464 5147 3531 5185 ex
3584 5131 3777 5187 thear-

2199 5222 2807 5292 chicisbypostasibus,
2843 5224 2991 5276 velut
3032 5222 3393 5277 subindicans
3451 5223 3598 5277 aliud
3655 5238 3778 5279 esse

2202 5314 2373 5368 sancti
2400 5312 2639 5383 Spiritus
2686 5314 3013 5383 principium
3041 5314 3301 5377 activum.
3354 5314 3596 5379 Patrem,
3628 5316 3777 5369 aliud

2203 5404 2446 5472 ejusdem
2486 5404 2814 5470 principium
2880 5403 3141 5468 activum,
3196 5403 3437 5470 Filium;
3489 5421 3599 5476 quo
3644 5405 3778 5475 quid

2204 5497 2359 5564 pejus
2402 5495 2884 5563 damnabiliusque
2914 5494 3021 5549 tlici
3093 5495 3311 5563 potest?
3383 5514 3404 5547 ι
3445 5495 3535 5551 Sic
3582 5511 3783 5567 magno

2206 5586 2485 5657 logothela
2546 5587 2753 5649 locuto,
2806 5597 2861 5640 et
2915 5586 3097 5641 valide
3148 5601 3215 5641 ac
3264 5588 3691 5643 ineluetabilitcr
3749 5607 3782 5643 a

2206 5676 2422 5731 cunctis
2462 5676 2778 5730 existimato
2821 5677 3157 5745 disputasse,
3214 5678 3591 5734 archidiaconi
3645 5681 3782 5734 nihil

2206 5767 2350 5838 quod
2414 5775 2605 5821 contra
2687 5769 3020 5822 sententiam
3084 5768 3359 5824 ltiscerent
3415 5770 3668 5824 idoneum
3726 5772 3780 5824 iu
