4094 6394
422 290 527 357 105

1340 287 1437 354 DE
1478 286 1917 355 ANDRONICO
1952 284 2425 353 PALEOLOGO
2465 290 2613 352 LIB.
2666 292 2685 349 [

3534 298 3629 356 1Ὶὶ

406 414 726 485 προθέσεων
757 409 1010 478 κείμενον
1041 410 1100 462 τὸ
1128 411 1330 481 ἀτηρδν
1361 415 1453 481 τῆς
1481 414 1686 482 τόλμης
1710 413 1973 483 ἁμηγέπη
2008 417 2049 469 Α
2080 411 2567 482 ἀπεμφαίνουσκνς
2612 429 2630 461 ι
2669 409 2833 464 Ταῦτ’
2869 411 3114 471 εἰπόντος
3140 410 3231 464 τοῦ
3280 413 3649 482 πατριάρχου.

407 504 657 570 πέτρυκεν
694 502 959 565 ἐπιλύειν,
988 501 1221 555 ἐνταῦθα
1256 505 1308 555 δὲ
1343 506 1403 557 τὸ
1436 505 1695 572 διάφορον
1715 503 1821 556 τῶν
1846 520 1979 570 προ-

408 596 636 650 θέσεων.
665 595 924 665 διάφορον
951 596 1046 648 καὶ
1078 596 1177 664 τὴν
1211 596 1420 650 ἔννοιαν
1468 599 1565 664 τῆς
1594 596 1789 659 λέξεως
1815 596 1979 663 ἔργα·

408 689 662 756 ζόμενον,
715 686 979 756 διαφορὰν
1033 690 1379 757 παραστήσει
1443 689 1707 757 μεγίστην
1757 687 1849 740 ἐπὶ
1880 687 1976 754 τῆς

405 777 695 848 aurigena!
725 779 857 844 μιᾶς
886 776 1117 847 προόδου
1149 779 1243 832 τοῦ
1272 778 1589 849 Πνεῦματος
1616 779 1724 832 τῶν
1755 777 1973 848 θεαρχι-

404 870 521 920 κῶν
552 868 929 933 ὐποστάσεων,
976 870 1051 930 ὡς
1105 869 1272 939 ἄλλην
1329 870 1428 939 μὲν
1480 871 1660 924 αἰτίαν
1706 867 1847 925 εἶναι
1886 870 1977 922 τὸν

408 959 655 1029 Πατέρα,
678 959 847 1037 ἄλλην
863 960 919 1012 δὲ
939 961 1029 1012 τον
1053 951 1272 1025 nomo?)
1294 960 1347 1013 τί
1374 959 1439 1013 ἂν
1458 961 1543 1029 εῐη
1566 960 1625 1012 τὸ
1643 959 1970 1028 χείριστονςι

405 1049 596 1111 οὕτως
652 1049 899 1108 εἰπόντος
938 1052 1032 1102 καὶ
1067 1051 1266 1120 ἰσχυρὰ
1314 1050 1457 1103 πάνυ
1499 1050 1750 1114 δόξαντος
1778 1050 1975 1116 λέγειν,

402 1138 649 1200 ἐκείνους
706 1139 783 1207 μὴ
817 1137 1150 1205 δυναμένους
1196 1136 1581 1204 ἀπολογεῖσθαι
1618 1138 1751 1207 πρὸς
1800 1137 1978 1190 ταῦτα

407 1228 571 1296 μόνον
597 1226 796 1294 λέγειν,
820 1245 838 1279 t
864 1226 974 1280 Καὶ
994 1225 1047 1279 τί
1074 1225 1212 1296 πρὸς
1232 1226 1379 1295 ἡμᾶς
1405 1228 1585 1294 λέγεις
1609 1227 1781 1281 ταῦτα
1800 1246 1816 1294 ;
1836 1227 1977 1293 Λέγε

402 1322 545 1392 πρὸς
573 1322 664 1374 τὸν
689 1320 950 1374 είττόντα⁹
1012 1319 1107 1373 καὶ
1154 1320 1202 1371 εί
1238 1318 1335 1388 μὲν
1378 1321 1703 1386 κενοφωνεῖν
1745 1320 1848 1374 οἴει
1884 1320 1977 1374 τὸν

402 1411 789 1481 Δαμασκόθεν,
829 1413 879 1464 εί
910 1410 966 1463 δὲ
1001 1410 1090 1464 τὸν
1122 1409 1280 1478 λόγον
1311 1409 1466 1481 δέχῃ,
1493 1408 1583 1463 ῐνα
1613 1408 1666 1463 τί
1711 1411 1875 1480 ἡμεῖς
1916 1410 1975 1462 ὲν

401 1506 621 1574 αἱρέσει
650 1501 1129 1572 κατηγορούμεθα,
1155 1504 1203 1554 εἰ
1227 1501 1400 1554 ταυτα⁵
1424 1518 1509 1554 σοι
1546 1501 1860 1572 πράττομεν
1882 1503 1977 1554 καὶ

400 1597 497 1648 τὸν
526 1596 686 1664 λόγον
732 1596 825 1647 καὶ
874 1594 1026 1646 αὐτοὶ
1053 1593 1129 1656 ὡς
1167 1592 1323 1658 ἁγίου
1372 1591 1529 1659 λόγον
1577 1592 1855 1661 τιμῶμενς
1907 1619 1978 1631 —-

401 1683 555 1755 Τιμᾷ
625 1702 709 1747 τις
770 1683 832 1737 τὺ
894 1684 1037 1752 ἱερὸν
1105 1680 1455 1748 Εὐαγγέλιον,
1528 1681 1556 1731 ὁ
1630 1666 1975 1750 πατριάρχης

2087 504 2180 555 καὶ
2216 502 2361 571 μάλα
2388 502 2651 569 γενναίως
2674 502 2980 565 ἐνστάντος,
3011 504 3208 555 ἐκείνοι
3234 501 3368 571 πρὸς
3397 505 3457 555 τὸ
3478 502 3655 556 δεῦτε·-

2087 614 2178 666 ρον
2218 596 2583 663 ἀτονήσαντες
2616 594 2846 665 πρὸς-τὺ
2866 594 3084 662 πρῶτον
3120 595 3505 662 ἀπελογοῦντο,
3536 615 3555 646 t
3584 596 3655 647 Τὸ

2086 687 2187 754 μὲν
2208 678 2301 740 τοῦ
2327 685 2659 758 Εὐαγγελίομ
2684 686 2867 757 ῥηιδν,
2892 680 2938 740 ὧ
2965 688 3084 752 τᾶν,
3124 706 3143 739 ι
3175 688 3448 756 λέγοντες,
3475 707 3494 738 ι
3517 688 3653 741 ἰδίαν

2085 777 2197 846 ἔχει
2233 779 2383 846 παρὰ
2433 779 2541 830 τῶν
2603 778 2858 848 Πατέρων
2892 781 2991 848 τὴν
3022 780 3284 848 ἐξήγησιν
3316 782 3651 850 πρόσφορον,

2085 869 2180 920 καὶ
2239 867 2409 929 κακὸς
2449 868 2663 930 niveo);
2693 870 2721 921 ὁ
2778 871 2852 938 μὴ
2913 868 3119 939 ταύτην
3148 868 3438 941 δεχόμενος
3460 888 3475 903 ο
3506 876 3567 924 τὺ
3595 872 3650 924 δὲ
3696 876 3709 897 ‘

2084 957 2448 1026 προκείμενον
2503 957 2664 1010 τοῦτο
2727 959 2892 1027 ῥητὸν
2925 960 2983 1025 ἐξ
3015 960 3259 1031 ἀνάγκης
3312 964 3646 1031 σημαντικλν

2083 1048 2291 1110 ἑννοίας
2323 1049 2459 1101 ἐστί.
2517 1049 2736 1101 Δείκνυε
2789 1050 3082 1121 τοιγαροῦν
3111 1054 3211 1121 τὴν
3233 1040 3513 1124 ἐξήγησιν.
3556 1060 3648 1107 καὶ

2082 1139 2241 1208 ἡμεῖς
2270 1136 2532 1208 ἑψόμεθα.
2592 1138 2653 1192 Ei
2696 1140 2741 1193 δ’
2788 1136 2903 1203 οῦν,
2957 1142 3092 1196 ἀλλὰ
3125 1142 3189 1195 σὺ
3219 1142 3367 1207 λέγε,
3403 1145 3526 1196 ἐπεὶ
3551 1146 3652 1211 τὴν

2085 1229 2358 1299 ἡμετέραν
2385 1228 2446 1280 οὗ
2473 1229 2888 1299 παραδέχῃ,κα“ι
2908 1231 3275 1301 ἀκουσόμεθα.
3308 1251 3327 1285 ι
3356 1264 3426 1274 —-
3447 1233 3653 1286 «Ἐκεῖ-

2082 1330 2162 1366 νοι
2194 1312 2277 1385 [Ρ.
2309 1312 2399 1385 60]
2425 1315 2484 1367 τὸ
2516 1315 2703 1386 ῥητὸν,
2743 1335 2762 1369 ι
2798 1318 2965 1385 φησὶν
3003 1320 3031 1371 ὀ
3068 1320 3436 1391 πατριάρχης,
3476 1341 3494 1373 ‹
3534 1322 3653 1390 ἑξη-

2082 1402 2325 1470 γοῦνται,
2361 1403 2410 1457 οἳ
2440 1405 2502 1474 δὴ
2543 1407 2608 1459 ὲκ
2642 1407 2854 1476 Πατρός
2888 1426 3021 1477 φασι
3048 1410 3109 1462 τδ
3145 1411 3366 1480 Πνεῦμα
3406 1416 3464 1465 τὸ
3500 1416 3653 1482 ἆγιον

2082 1493 2502 1562 ἐκπορεύεσθαι.
2538 1514 2556 1547 ι
2605 1527 2673 1537 -
2723 1516 2742 1548 ι
2784 1500 2892 1551 Καὶ
2929 1499 3010 1561 τίς
3066 1502 3126 1552 οὐ
3178 1506 3368 1572 φρονεῖ
3396 1504 3589 1568 τοῦτο;
3625 1527 3642 1555 υ

2082 1586 2266 1652 φασίν.
2310 1603 2330 1635 t
2370 1578 2542 1640 Τοῦτο
2588 1591 2683 1642 καὶ
2732 1591 2865 1660 ἡμῖν
2916 1591 3202 1662 ἀγαπητὸν
3255 1593 3349 1647 καὶ
3374 1598 3651 1665 σωτηρίος

2085 1677 2257 1741 ἐλπίς.
2296 1697 2314 1729 ι
2341 1705 2412 1715 -—-
2447 1696 2465 1728 ι
2508 1678 2618 1732 Καὶ
2653 1679 2944 1750 εἰδέχεσοε
2971 1679 3151 1747 τοῦτο,
3193 1701 3211 1733 ι
3241 1686 3269 1736 ὁ
3303 1687 3478 1754 μέγας
3497 1688 3651 1754 λογο-

400 1780 560 1844 φησι,
630 1775 803 1842 λέγων
861 1772 1083 1842 μείζονα
1109 1770 1208 1824 τοῦ
1245 1770 1374 1824 Υίοῦ
1395 1770 1487 1822 τὸν
1530 1770 1769 1840 Πατέρα.
1830 1769 1971 1823 Ἀλλ’
2006 1759 2050 1819 Β
2083 1766 2244 1839 θέτης
2261 1768 2413 1838 φησὶ,
2442 1789 2460 1820 t
2487 1769 2732 1823 τίέκεῑνο
2750 1772 3149 1843 προϐάλλεσθες
3182 1776 3440 1829 ι-ιὍτι
3461 1781 3650 1847 καιρὸς

397 1869 498 1936 οὐχ
524 1864 709 1919 ἱκανὸν
733 1864 892 1917 τοῦτο
911 1863 1005 1916 καὶ
1027 1863 1209 1931 μόνον,
1232 1863 1279 1913 εἰ
1309 1861 1386 1930 μὴ
1409 1861 1503 1912 καὶ
1525 1858 1702 1929 ὀρθῶς
1727 1857 1970 1928 ἐξηγοῖτο

397 1959 461 2009 τὸ
486 1956 884 2025 θεοπαράδοτον
911 1953 1111 2020 λόγιον.
1146 1951 1214 2005 Τί
1242 1950 1376 2018 γοῦν
1405 1952 1453 2003 εί
1500 1951 1593 2003 καὶ
1620 1949 1779 2019 ipsi;
1824 1949 1973 2018 δεχό-

398 2063 555 2115 μενοι
580 2045 642 2097 τὸ
662 2042 824 2114 ρητὺν
847 2039 1167 2112 στρεϐλοῦτε
1195 2039 1291 2111 τὴν
1317 2038 1640 2107 ὑπονόησιν;
1672 2037 1881 2097 ’Δλλως
1909 2053 1968 2089 τε

396 2136 449 2189 ςὲ
481 2135 580 2187 καὶ
598 2129 953 2202 annuam
992 2132 1099 2183 είσι
1124 2128 1195 2182 τὰ
1226 2129 1336 2182 τῶν
1367 2128 1540 2197 ἁγίων
1576 2126 1716 2198 ῥητὰ
1749 2129 1845 2179 καὶ
1876 2126 1970 2177 ἀλ-

393 2222 726 2295 ληλόπλοκα,
763 2222 886 2274 ἐπεὶ
932 2220 1028 2273 καὶ
1073 2217 1134 2283 ἐξ
1162 2217 1280 2280 ἑνὸς
1315 2221 1409 2271 καὶ
1458 2217 1630 2270 ἁπλοῦ
1661 2215 1967 2283 πνεύματος

392 2313 673 2383 δ.αφόρως
699 2312 1023 2382 ἐρρέθησαν.
1038 2310 1223 2376 Δεῖξον
1248 2310 1427 2362 τοίνυν
1450 2309 1542 2361 τὸν
1571 2307 1728 2376 λόγον
1749 2305 1964 2366 τοῦτον,

389 2404 449 2459 ὃν
475 2406 642 2473 ὑμεῖς
670 2404 878 2470 λέγετε,
940 2399 1410 2470 συγκροτούμενον
1459 2400 1556 2453 καὶ
1584 2398 1644 2462 ἐξ
1666 2397 1867 2451 ἄλλων.
1902 2398 1966 2450 Εί

2073 1857 2276 1928 ἀπῄτει
2304 1860 2382 1922 εἰς
2418 1859 2587 1913 ἐθνῶν
2627 1861 2849 1931 εἰρήνην
2881 1863 2939 1915 τὸ
2961 1864 3132 1916 ταῦτα
3165 1864 3367 1933 λέγειν,
3406 1887 3424 1918 ›
3456 1871 3645 1938 φασίν.

2079 1967 2098 1999 ι
2138 1948 2255 2001 Νῦν
2299 1948 2393 2012 δὲ,
2429 1968 2449 2001 ι
2480 1952 2643 2019 φησὶν
2690 1952 2718 2003 ὁ
2763 1952 3000 2017 Βέκκος,
3055 1974 3074 2006 ‹
3115 1957 3165 2009 εί
3206 1957 3308 2025 μὲν
3369 1958 3646 2029 βούλεσθε,

2076 2038 2330 2111 σιγητέον
2390 2040 2523 2111 ἡμῖν
2573 2041 2636 2093 τὸ
2687 2042 2840 2111 ῥῆμα
2886 2044 3020 2098 πολὺ
3068 2045 3129 2097 τὺ
3182 2047 3457 2117 τολμηρδν
3504 2048 3650 2118 ἔχειν

2070 2128 2281 2185 δοκοῦν.
2331 2131 2394 2184 Ei
2446 2130 2494 2184 δ’
2530 2126 2649 2194 οῦν,
2699 2132 2836 2187 ἀλλὰ
2868 2135 3211 2205 παρασασίας
3256 2140 3385 2208 περὶ
3422 2141 3490 2192 τὰ
3526 2142 3646 2209 [sp-ﬁ

2073 2220 2497 2292 ἐγκαλουμένοις
2517 2223 2762 2293 δόγματα
2785 2225 3040 2290 αίτία,ὡ;
3059 2223 3236 2297 οἶμαι,
3261 2230 3430 2296 μείων
3452 2232 3647 2284 ἀπολο-

2070 2311 2304 2376 γεῖσθαι.
2335 2312 2440 2365 Καὶ
2467 2312 2531 2382 δὴ
2558 2299 2826 2384 πρόσσχες
2864 2333 2975 2384 μοι,
3023 2315 3177 2386 κύριέ
3235 2336 3359 2387 μου,
3404 2338 3422 2370 ι
3488 2323 3646 2390 φησι,

2076 2416 2095 2449 ι
2136 2399 2279 2468 μέγα
2296 2400 2555 2468 λογοθέτα
2583 2417 2598 2432 ’
2633 2401 2693 2454 σὲ
2732 2402 2839 2472 γὰρ
2880 2404 2991 2472 6ρῶ
3035 2405 3148 2475 (καὶ
3183 2406 3280 2477 οὐχ
3332 2407 3649 2479 ὑποτρέχων

388 2498 439 2550 δ’
470 2499 576 2551 οὐκ
605 2495 782 2565 ἔχετε,
815 2491 997 2556 καθὼς
1016 2491 1124 2563 ἄρα
1140 2491 1253 2545 οὐδ’
1275 2490 1451 2561 ἔχετε,
1477 2491 1531 2543 τί
1556 2490 1685 2544 ἄλλο
1716 2488 1966 2557 βούλεται
2068 2488 2231 2559 λέγω)
2280 2489 2641 2555 διαλεκτικοῖς
2688 2492 2876 2547 κανόσι
2924 2495 3208 2564 χρώμενον
3260 2497 3357 2550 καὶ¹
3414 2501 3556 2553 κατὰ
3587 2505 3647 2553 τὸ

389 2592 423 2655 ἡ
453 2583 684 2654 τοιαΰτη
717 2582 1035 2653 περινόησις
1065 2582 1114 2634 τί
1139 2580 1215 2650 μὴ
1239 2579 1536 2649 στρεϐλοῦν
1569 2578 1632 2633 τὸ
1655 2578 1807 2647 ῥῆμα
1828 2576 1967 2647 πρὸς

387 2679 633 2733 διάνοιαν
665 2674 823 2745 ξένην
853 2674 955 2743 τῆς
987 2672 1174 2741 κοινῆς
1207 2671 1316 2724 τῶν
1343 2669 1606 2740 Πατέρων
1633 2670 1842 2733 ἐννοίας
1873 2670 1965 2721 καὶ

388 2859 656 2920 promptu
686 2846 889 2903 habere
916 2844 1041 2907 visi,
1069 2843 1174 2898 hoc
1198 2842 1469 2897 duntaxat
1518 2842 1587 2896 de
1631 2842 1964 2898 auctoritate
2006 2861 2037 2869 -

396 2948 799 3011 reposuerunt:
836 2956 857 2990 ι
903 2935 1044 3003 Quid
1063 2935 1127 2989 ad
1150 2950 1252 2990 nos
1285 2935 1387 2988 ista
1420 2933 1651 3004 dirigis?
1682 2931 1846 2989 Refer
1865 2950 1964 3003 po-

405 3038 512 3089 tius
562 3035 629 3089 ad
680 3041 961 3085 auctorem
1016 3028 1152 3082 dicti
1208 3035 1405 3081 contra
1465 3027 1611 3096 quod
1678 3026 1962 3095 disputas,

2069 2576 2348 2646 προσῆκον
2405 2578 2804 2649 διαλεγόμενον.
2843 2599 2861 2631 ι
2889 2611 2958 2622 -
2980 2600 2999 2633 ι
3047 2584 3208 2637 Ἀλλὰ
3240 2587 3313 2657 μὴ
3343 2587 3578 2655 θὼπευε,
3625 2610 3642 2639 ι

2068 2667 2309 2737 ἐγκύψας
2341 2671 2504 2739 φησιν
2532 2671 2752 2733 ἐκεῖνος.
2793 2691 2810 2722 ι
2839 2673 2930 2742 Μὴ
2962 2674 3191 2742 γένοιτο,
3227 2695 3244 2727 ι
3286 2677 3411 2747 ἔφη.
3448 2699 3467 2732 t
3505 2680 3648 2733 Ἀλλ’

2069 2845 2235 2899 tutari
2259 2854 2390 2899 sunt
2411 2847 2682 2916 aggressi.
2716 2864 2734 2898 ε
2772 2848 2936 2917 Atqui
2969 2852 3366 2918 evangelicum,
3396 2853 3646 2924 inquien-

2068 2942 2177 2998 tes,
2216 2932 2421 2989 dictum
2476 2936 2625 3004 quod
2686 2952 2981 3003 memoras,
3034 2955 3068 2993 ο
3128 2940 3293 3004 bone,
3351 2942 3646 3012 legitimam

2070 3025 2232 3080 habet
2260 3035 2315 3080 et
2351 3026 2570 3081 erudito
2600 3028 2774 3082 cuivis
2802 3029 3018 3087 obviam
3049 3032 3306 3086 traditaut
3334 3049 3364 3087 a
3396 3033 3647 3090 Pattibus

397 3141 561 3197 quem
598 3123 857 3194 agnoscis
878 3130 931 3175 et
960 3119 1138 3190 magni
1167 3120 1429 3182 aestimas,
1451 3116 1714 3173 Joannem
1772 3117 1969 3173 Dama-
1998 3103 2042 3161 (ἶ
2076 3117 2497 3186 expositionem,
2553 3134 2716 3187 qttatn
2758 3120 2851 3188 qui
2890 3136 2996 3173 non
3042 3123 3328 3192 receperit,
3382 3128 3557 3193 palam
3588 3144 3647 3181 se

389 3231 641 3271 Seruum.
682 3214 839 3267 llunc
894 3213 1108 3266 incesse
1164 3224 1230 3265 ac
1290 3221 1493 3264 temere
1531 3208 1774 3263 locutum
1842 3224 1973 3280 pro-

390 3310 606 3368 nuntia,
638 3306 785 3376 quod
816 3305 924 3359 dici
976 3316 1200 3358 necesse
1244 3312 1351 3366 est,
1388 3302 1433 3355 si
1461 3316 1626 3369 quam
1660 3317 1688 3354 a
1723 3313 1774 3355 te
1810 3303 1973 3354 modo

388 3400 714 3454 audivimus
744 3396 1053 3451 admittitur
1076 3393 1275 3448 oratio.
1311 3393 1406 3446 Sin
1440 3391 1491 3445 id
1521 3393 1742 3460 quidem
1798 3399 1974 3443 atten-

387 3505 509 3546 tare
534 3490 682 3544 haud
722 3489 988 3549 sustines,
1016 3495 1071 3541 et
1111 3486 1245 3540 tanti
1277 3482 1460 3538 Patris
1510 3484 1834 3537 verecundia
1886 3497 1974 3536 er-

2076 3207 2443 3262 tlatnuahilem
2477 3208 2730 3277 praebeat.
2765 3208 2997 3265 Edatum
3038 3221 3220 3269 autem
3245 3230 3354 3282 quo
3405 3216 3472 3270 de
3530 3218 3646 3283 agi-

2077 3307 2186 3361 tur,
2214 3298 2418 3366 aliquid
2443 3299 2711 3381 signiticet
2733 3311 2966 3369 oportet,
3023 3304 3209 3373 utique
3248 3321 3278 3357 ει
3344 3319 3492 3360 recto
3539 3327 3643 3361 nou

2074 3390 2364 3444 aherrans.
2403 3388 2576 3454 Quale
2606 3400 2786 3445 autem
2826 3393 2876 3446 id
2902 3394 3121 3448 demunt
3171 3397 3263 3461 sit,
3295 3401 3521 3452 ostende
3549 3404 3644 3463 sis,

2073 3492 2128 3536 et
2159 3481 2477 3537 Damasceni
2509 3483 2814 3540 admissum
2865 3501 2898 3539 a
2938 3498 2987 3542 te
3054 3492 3454 3557 testimonium,
3484 3508 3643 3563 prout

394 3586 543 3639 ruris
576 3582 898 3650 suspicione
929 3578 1271 3632 [mel-audam
1299 3591 1494 3631 censes
1534 3575 1974 3644 urtlmdoxisqtte
2072 3570 2232 3625 debet
2282 3573 2530 3643 intelligi,
2588 3590 2808 3629 enarra.
2890 3574 3199 3647 Sequemur
3244 3584 3643 3651 expositionem

388 3674 794 3730 aet-ensendam
850 3671 1141 3741 genuinam
1178 3677 1230 3723 ct
1257 3668 1391 3723 citra
1418 3667 1641 3722 dubium
1674 3667 1970 3736 legitimam

385 3771 621 3823 Joannis
655 3785 685 3821 e
712 3766 980 3819 DillltaSCO
1019 3765 1371 3822 sententiam,
1398 3777 1499 3816 cur
1534 3779 1633 3816 nos
1694 3765 1970 3817 haereseos

389 3877 743 3916 accusamur.
776 3860 920 3928 quod
971 3858 1121 3926 paria
1183 3866 1363 3909 tecum
1425 3864 1477 3909 et
1518 3854 1890 3908 testimonium
1938 3870 1968 3907 ει

394 3968 445 4008 te
480 3968 701 4023 quoque
728 3965 826 4020 pro
860 3964 987 4003 vero
1028 3949 1269 4018 agnitum
1304 3946 1478 4001 sancti
1514 3944 1832 4000 Damasceni
1864 3944 1969 3998 ho-

390 4042 698 4098 noratntts?
728 4039 1062 4093 -Honorat
1106 4038 1258 4108 quis,
1314 4037 1497 4106 inquit
1517 4036 1606 4090 hic
1626 4036 1968 4105 patriarcha,

391 4151 615 4190 saetum
677 4133 1048 4203 Evattgrlium,
1118 4131 1418 4185 admittens
1476 4130 1528 4181 itt
1578 4143 1644 4181 eo
1687 4142 1816 4180 vere
1858 4127 1965 4180 diri

394 4227 658 4295 majorem
696 4225 834 4279 Filio
865 4224 1102 4276 Patrem.
1143 4222 1249 4276 Sed
1293 4220 1395 4274 hoc
1425 4236 1531 4273 nutt
1589 4217 1809 4280 suﬂicit,
1857 4217 1965 4271 nisi

392 4326 543 4369 recte
571 4330 638 4370 ac
676 4331 839 4370 sensu
861 4313 1133 4368 catholico
1175 4320 1430 4381 exponat,
1486 4309 1638 4380 juxta
1697 4308 1964 4378 majorum

388 4406 770 4468 traditionem,
796 4405 927 4459 illud
973 4404 1152 4473 ipsum
1210 4401 1517 4463 oraculum.
1566 4398 1748 4465 Quare
1799 4398 1965 4468 igitur

388 4513 491 4552 vos
521 4496 874 4551 admittentes
925 4494 1248 4550 Damasceni
1308 4494 1707 4553 testimonium,
1763 4506 1964 4545 rectam

387 4594 517 4662 ejus
546 4592 1051 4659 interpretationem
1083 4585 1434 4658 pervertitis?
1491 4585 1795 4655 praesertim
1840 4598 1964 4635 eum

391 4689 508 4739 sint
536 4683 770 4736 invicem
803 4695 941 4734 nexa
970 4690 1025 4734 et
1081 4690 1274 4733 mutuo
1325 4678 1603 4747 implicata
1650 4688 1964 4730 sanctorum

387 4777 582 4841 eﬂata,
618 4776 804 4842 utique
839 4789 965 4828 eum
986 4771 1098 4844 94
1124 4788 1191 4826 ex
1218 4786 1327 4826 uno
1384 4783 1439 4825 et
1495 4770 1729 4838 simplici
1759 4765 1962 4838 spiritu

388 4871 710 4924 diﬂ'crenter
739 4866 1059 4920 eﬂ'erantur.
1091 4863 1374 4917 Ostendite
1423 4863 1589 4931 igitur
1626 4863 1766 4914 hanc
1798 4875 1963 4928 quant

388 4960 652 5031 profertis
683 4958 854 5012 Patris
892 4957 1057 5010 unius
1088 4956 1419 5009 sententiam
1480 4955 1705 5007 conﬂari
1760 4944 1966 5006 contir-

386 5054 643 5120 marique
677 5066 742 5103 ex
779 5049 903 5102 aliis
928 5061 1172 5117 quoque.
1204 5044 1301 5099 Sin
1349 5046 1399 5098 id
1438 5060 1545 5098 non
1611 5048 1863 5112 potestis,
1907 5051 1966 5095 ttt

385 5159 583 5200 revera
620 5157 726 5195 non
762 5142 1017 5209 potestis,
1074 5137 1202 5206 quid
1267 5137 1416 5191 aliud
1487 5148 1567 5189 est
1634 5144 1813 5188 vestra
1858 5134 1961 5188 ista

382 5237 643 5293 obtrnsio
698 5234 828 5286 dicti
872 5232 1090 5287 obscuri
1121 5241 1174 5284 et
1207 5231 1461 5298 ancipitis
1514 5244 1677 5297 quant
1723 5226 1966 5281 detorsio

382 5334 497 5387 reri
528 5330 674 5384 rﬂ‘ati
702 5328 767 5381 ad
795 5326 1126 5381 sententiam
1161 5326 1394 5377 alienam
1427 5338 1455 5374 a
1517 5337 1680 5375 sensu
1742 5319 1960 5376 Patrum

380 5438 547 5494 atque
580 5436 614 5475 a
650 5418 927 5474 catholica
957 5417 1236 5471 dissonam
1281 5413 1513 5484 regula?
1570 5431 1589 5463 ι
1629 5414 1804 5476 Talia,
1841 5427 1962 5481 qua:

378 5515 812 5572 archidiaeonos
870 5508 1048 5562 valide
1108 5506 1405 5575 urgebant,
1477 5504 1783 5572 patriarcha
1835 5521 1959 5556 cum

376 5613 637 5671 dixisset,
684 5607 763 5661 illi
821 5606 1081 5660 secundm
1133 5603 1253 5673 ejus
1314 5603 1583 5655 orationis
1643 5600 1781 5668 parti
1824 5600 1961 5652 nihil

374 5707 649 5763 habentes
678 5701 831 5773 quod
865 5700 1186 5767 objicerent,
1218 5696 1484 5749 adversus
1517 5693 1753 5761 priorem
1789 5692 1868 5747 sic
1898 5708 1957 5744 se

688 5800 974 5859 ΡΑτῐιοι.
1008 5794 1120 5851 Gtt.
1159 5791 1417 5850 CXLIV.

2073 3678 2236 3731 quam
2267 3665 2492 3733 probam
2523 3666 2798 3722 attuleris.
2832 3666 2941 3722 Nec
2999 3686 3256 3725 recusare
3310 3682 3463 3741 potes
3511 3691 3641 3744 quin

2073 3754 2574 3823 interpretationem
2599 3758 2848 3826 proferas
2881 3771 3052 3825 tuam,
3084 3776 3207 3815 cum
3264 3774 3508 3818 nostram
3564 3785 3643 3818 ιϊ-

2067 3846 2247 3913 jit-ias.
2278 3845 2523 3916 Loquere
2548 3849 3029 3918 lgitur,audimus.
3065 3871 3083 3904 ι
3104 3870 3200 3903 -ι
3230 3852 3443 3909 Dictum
3470 3856 3590 3922 huc,
3622 3878 3637 3905 ι

2073 3940 2383 4007 patriarcha
2440 3943 2675 4006 reponit,
2729 3959 2746 3992 ι
2806 3942 2943 3996 satis
2989 3943 3063 3995 illi
3106 3957 3387 4014 exponunt
3434 3948 3529 4017 qui
3563 3951 3641 4002 di-

2070 4042 2204 4084 cunt
2264 4028 2533 4101 Spiritum
2588 4043 2839 4088 sanctum
2885 4050 2951 4088 ex
3026 4034 3188 4091 Patre
3238 4040 3555 4105 procedere.
3620 4060 3636 4091 ι

2069 4154 2138 4164 —
2173 4140 2191 4173 ι
2247 4122 2312 4177 Et
2367 4123 2491 4192 quis
2549 4139 2657 4177 non
2712 4125 2783 4179 ita
2845 4127 3052 4180 sentit?
3103 4120 3377 4196 inquiunt.
3433 4131 3542 4184 Iloe
3589 4148 3639 4184 et

2071 4229 2172 4267 nos
2207 4215 2617 4283 amplectimur;
2656 4217 2707 4267 in
2746 4216 2847 4270 hac
2872 4217 2975 4271 [ide
3010 4218 3199 4272 salutis
3236 4236 3386 4291 spem
3446 4222 3641 4275 funda—

2070 4320 2209 4359 mus.
2228 4325 2349 4357 ι-ι
2363 4307 2418 4360 Si
2439 4307 2539 4360 hoc
2561 4308 2821 4377 recipitis,
2845 4309 2922 4361 ait
2947 4325 3175 4378 magnus
3199 4313 3494 4381 logotheta,
3511 4317 3640 4384 quid

1998 4431 2041 4484 ι)
2073 4398 2202 4451 illud
2246 4400 2390 4452 aliud
2431 4401 2767 4454 obtenditis?
2840 4420 2858 4452 ι
2918 4430 2987 4441 -—
3051 4420 3071 4453 ι
3126 4403 3416 4473 Propterea
3473 4410 3640 4475 quod,

2074 4491 2401 4559 respondent
2435 4492 2527 4556 illi,
2553 4501 2764 4561 tempus
2786 4494 3043 4561 poscebat
3068 4495 3132 4547 ad
3162 4510 3352 4564 pacem
3403 4500 3640 4568 gentium

2070 4582 2467 4635 Conciliandam
2498 4585 2621 4636 talia
2662 4583 2916 4653 proferri.
2963 4603 2982 4635 ι
3015 4584 3222 4640 Veceus
3245 4587 3332 4640 hic
3366 4603 3644 4658 resumpto

2070 4689 2340 4738 sermone,
2370 4692 2387 4722 ι
2412 4671 2687 4741 Siquidem
2716 4676 2784 4726 ita
2821 4676 3001 4737 vultis,
3032 4677 3129 4735 ait,
3147 4676 3365 4730 silentio
3387 4677 3643 4746 deinceps

2071 4769 2423 4835 premendum
2450 4767 2555 4820 erit
2591 4768 2693 4821 huc
2722 4767 2954 4829 dictttnt,
3019 4770 3107 4823 cui
3157 4784 3188 4821 a
3222 4770 3376 4823 vobis
3435 4786 3643 4838 magum

2068 4860 2307 4914 audaciae
2334 4861 2731 4913 notainuritur.
2767 4863 3033 4913 Caeterum
3098 4875 3164 4913 ex
3219 4860 3321 4914 hoc
3378 4860 3639 4914 hactenus

2068 4953 2318 5022 allegatu,
2352 4961 2474 5019 post
2512 4950 2746 5014 silendo,
2805 4951 2953 5002 hunc
3008 4950 3196 5002 saltent
3262 4951 3439 5002 obiter
3490 4952 3637 5017 jun-,

2069 5048 2289 5115 opinor,
2343 5054 2531 5099 nostro
2590 5044 2831 5096 truetum
2886 5042 3139 5111 legimus,
3171 5052 3231 5095 ttt
3274 5041 3328 5095 in
3390 5057 3453 5095 ea
3521 5060 3641 5109 qua:

2070 5138 2392 5206 impingitur
2422 5135 2580 5189 nobis
2619 5134 2974 5189 accusatimte
3031 5135 3406 5202 perversionis
3456 5148 3641 5188 sacru-

2072 5245 2191 5281 runt
2225 5229 2540 5296 dogmatutn
2584 5229 2765 5278 minor
2794 5225 3081 5277 incumbat
3140 5224 3193 5277 itt
3234 5233 3510 5293 posterum
3533 5221 3639 5292 95

2069 5322 2364 5374 necessitas
2396 5318 2749 5373 defensionis.
2784 5319 2982 5386 quippe
3025 5316 3160 5368 satis
3208 5316 3485 5369 excusatis
3544 5330 3641 5365 au-

2065 5418 2318 5468 ctoritate
2343 5428 2504 5480 quam
2530 5413 2881 5477 allegautus.»
2909 5410 3085 5478 Atque
3113 5408 3199 5462 hic
3228 5407 3436 5461 Veccus
3458 5403 3638 5456 Muza-

2068 5510 2244 5560 lonem
2281 5506 2497 5557 intuens
2532 5521 2543 5554 :
2584 5520 2602 5552 ι
2635 5502 2951 5562 Commoda,
3006 5516 3104 5552 oro
3136 5508 3207 5561 te,
3244 5496 3374 5549 mihi
3425 5495 3639 5546 brevem

2065 5595 2436 5656 attentionem,
2467 5592 2688 5645 domine
2724 5592 2819 5654 mi,
2851 5606 3044 5658 magno
3071 5589 3364 5653 logotlteta.
3390 5580 3465 5634 Te
3495 5597 3640 5634 entnt

2066 5687 2222 5742 video
2241 5685 2362 5754 (nec
2393 5684 2611 5753 palpum
2638 5684 2962 5737 obtrudendi
2983 5684 3154 5752 gratia
3189 5678 3426 5745 loquor),
3452 5687 3525 5740 te,
3550 5677 3638 5729 in-

3220 5770 3261 5833 4
