4094 6418
548 330 660 400 ’107

1750 330 2074 396 GEORGII
2126 332 2610 397 ΡΑΟΗΥΜΕΠΕ

3706 345 3803 417 108

546 454 670 524 ἐμοὶ
700 461 798 523 μεν
830 447 1172 515 ὲξεικονίζειν
1199 446 1266 501 τὰ
1316 445 1656 500 ἀνεικὸνιστα
1698 442 1861 512 φόϐος
1928 444 2122 516 μέγας,
2150 444 2447 517 ⁴Διστατον,
2476 449 2600 500 ἐπεὶ
2629 449 2721 502 καὶ
2752 449 2810 501 τὸ
2838 449 2949 517 φῶς
2985 453 3247 524 προσεχὲς
3288 456 3366 527 τῷ
3394 452 3527 529 ἡλίῳ
3571 460 3672 531 (ἔτι
3705 467 3805 535 γὰρ

491 534 499 545 ’
535 551 648 604 τῶν
684 550 740 604 δὲ
764 549 935 615 ἁγίων
980 548 1246 614 λεγόντων
1296 545 1543 609 ἕπεσθαι,
1599 545 1857 616 ἐχόμενος
1909 546 2125 609 πάντως

535 640 630 694 τοῦ
658 638 1144 709 προτειχίσματος,
1172 634 1432 704 ἀσφαλῶς
1462 633 1570 699 ἔξω
1598 636 1656 697 ὲς
1684 636 1711 688 ὃ
1738 652 1790 687 τι
1839 636 1932 689 καὶ
1962 635 2120 702 λέξω.

537 728 757 792 Ἥλιον,
784 728 977 780 ἀκτῖνα
1007 724 1101 777 καὶ
1131 723 1245 789 φῶς
1267 722 1374 776 τῶν
1400 721 1783 775 ἀνεικονίστων
1818 723 2000 775 εἰκόνα
2031 723 2125 791 φέ-

526 836 711 893 ρουσι,
735 819 829 871 καὶ
855 815 1011 879 αὖθις
1029 815 1309 886 ὀφθαλμὸν
1334 815 1537 885 πηγῆς,
1593 813 1737 884 ὕδωρ
1802 814 1895 867 καὶ
1960 830 2125 867 ποτα-

539 912 660 982 μόν.
685 910 799 979 Οὐχ
829 907 973 961 οὕτω
998 907 1247 976 λέγουσιν
1282 907 1374 958 ἐπὶ
1418 906 1518 973 τῆς
1562 904 1835 975 μακαρίας
1895 906 2118 973 Τριάδος

531 1006 582 1057 οἱ
617 1003 855 1070 θεολόγοι
880 1002 1159 1068 Πατέρεςς
1203 998 1336 1050 Ἰδοὺ
1366 997 1516 1066 γοῦν,
1548 997 1717 1067 ἥλιος,
1769 999 1863 1050 καὶ
1902 998 1935 1066 ἠ
1963 998 2121 1059 ἀκτὶς

532 1093 818 1166 προσεχῶς
865 1091 927 1157 ἐξ
986 1089 1175 1155 αὑτοῦ,
1217 1088 1283 1142 δι’
1336 1089 1508 1157 αὐτῆς
1559 1089 1637 1153 δὲ,
1698 1089 1827 1158 πρίν
1852 1106 1905 1142 τι
1935 1088 2121 1141 καινὸν

539 1186 917 1253 παρεμπεσεῖν
951 1182 1155 1251 νόημα,
1186 1180 1281 1232 καὶ
1312 1179 1443 1231 αὐτὸ
1466 1179 1527 1230 τὺ
1549 1178 1665 1248 φῶς
1695 1177 1753 1244 ἐξ
1785 1177 1956 1247 ἡλίου.
1991 1174 2118 1247 'Ap‘

531 1282 568 1349 ὴ
612 1277 833 1348 ἀκτὶςῆ
883 1277 912 1329 6
970 1272 1121 1344 ἥλιος
1161 1272 1377 1339 uiator;
1421 1270 1646 1323 Εὐθετεῖ
1696 1287 1785 1340 μοι
1846 1271 1935 1323 τὸν
1964 1270 2119 1337 λόγον

533 1371 628 1423 καὶ
661 1369 690 1421 6
718 1368 939 1436 Νύσσης
979 1365 1281 1435 Γρηγόριος
1328 1363 1502 1429 λέγων
1527 1378 1541 1393 ⁸
1575 1361 1681 1415 Τοῦ
1727 1361 1785 1414 δὲ
1832 1360 1892 1426 ἐξ
1939 1362 2119 1425 αἰτίας

528 1462 704 1527 ὄντος,
744 1460 990 1513 τουτέστι
1009 1458 1118 1510 τῶν
1142 1455 1434 1520 αἰτιατῶν,
1462 1453 1624 1507 πάλιν
1654 1453 1821 1524 ἄλλην
1855 1453 2119 1524 διαφορὰν

529 1551 820 1623 ἐννοοῦμεν
841 1568 854 1583 ·
890 1550 951 1604 τὸ
982 1552 1081 1621 μὲν
1111 1549 1219 1620 γὰρ
1246 1546 1530 1619 προσεχῶς
1561 1548 1626 1599 ὲκ
1646 1545 1740 1599 τοῦ
1787 1544 2027 1614 πρώτου,
2059 1546 2119 1599 τὸ

510 1648 582 1700 Δδὲ
611 1646 697 1700 διὰ
723 1645 814 1697 τοῦ
844 1641 1128 1713 προσεχῶς
1158 1643 1222 1694 ἐκ
1241 1640 1333 1694 τοῦ
1360 1638 1603 1710 πρώτου.
1641 1658 1660 1691 ι
1716 1638 1858 1712 Πρὸς
1883 1638 1941 1691 ὃν
1976 1640 2119 1691 ἐκεῖ-

522 1745 632 1798 νοι,
662 1748 681 1784 ι
716 1731 828 1784 Καὶ
856 1731 953 1799 οὐχ
974 1730 1255 1800 ὁμολογεῖς
1286 1727 1350 1801 [Ρ
1372 1727 1466 1801 6-1]
1496 1729 1557 1782 τὸ
1597 1727 1820 1799 Πνεῦμα
1865 1732 1923 1782 τδ
1960 1730 2116 1798 ἆγιον

522 1790 797 1892 προσεχὲς
828 1790 1349 1890 τῷᾟσίτρὶάὒσιτερ
1381 1790 1475 1873 καί
1499 1819 1590 1873 τὸν
1623 1790 1778 1887 Υίόνς
1828 1821 1940 1873 Καὶ
1986 1790 2115 1875 πτοία
2143 1790 2192 1850 Β

513 1912 593 1965 ῖᾶν
643 1911 782 1982 ἀκοὴ
838 1911 899 1965 τὸ
945 1910 1186 1965 τοιοῦτον
1228 1910 1614 1981 παραδέξαιτο,
1657 1912 1707 1964 εί
1759 1912 1787 1964 6
1843 1911 1943 1981 μὲν
1985 1911 2115 1976 Υἱὸς

520 2000 962 2073 τῳοσέχεταιτῷ
1021 2001 1216 2071 Πατρὶ,
1269 1996 1328 2053 τὸ
1371 2001 1425 2053 δὲ
1480 1999 1705 2069 Πνεῦμα
1763 2003 1961 2071 τοπικῇ
2008 2017 2115 2054 τινι

510 2091 735 2162 έδιεχείᾳ
755 2091 1057 2156 διίσταται;
1083 2092 1195 2161 Τῆς
1222 2091 1449 2154 ἀτοπίας
1474 2092 1489 2144 l
1525 2092 1587 2145 Et
1613 2091 1722 2162 γὰρ
1750 2093 1778 2145 δ
1807 2091 2008 2162 Κύριος
2034 2090 2118 2145 λέ-

525 2201 637 2249 γει,
674 2202 693 2235 ι
742 2183 885 2250 Ἐγὼ
945 2184 1004 2235 ὲν
1045 2182 1123 2252 τῷ
1154 2183 1327 2254 Πατρί
1361 2186 1455 2235 καὶ
1506 2184 1534 2235 6
1587 2186 1776 2255 Πατὴρ
1816 2186 1874 2237 ὲν
1905 2186 2044 2256 ἐμοὶ,
2088 2204 2108 2238 ι

526 2274 642 2327 ἀλλ’
667 2274 761 2328 οὖν
794 2273 1014 2342 εὔλογον
1046 2275 1116 2327 τὰ
1141 2274 1282 2327 αὐτὰ
1309 2274 1492 2343 λέγειν
1522 2275 1617 2328 καὶ
1648 2279 1777 2345 περὶ
1816 2275 1911 2329 τοῦ
1946 2277 2116 2331 Πνεῦ-

532 2382 725 2436 ματος,
770 2367 929 2437 εἴπερ
961 2366 1263 2437 ὀρθοδοξεῖν
1296 2368 1621 2437 βουλόμεθα,
1669 2369 1731 2421 τὸ
1781 2369 2004 2441 Πνεῦμα
2051 2373 2111 2424 ὲν

526 2460 603 2530 τῷ
637 2459 811 2531 Πατρί
839 2459 936 2512 καὶ
962 2463 989 2512 ὁ
1016 2460 1201 2531 Πατὴρ
1229 2462 1289 2512 ὲν
1341 2461 1420 2531 τῷ
1445 2461 1746 2531 Πνεῦματι,
1794 2465 1891 2516 καὶ
1955 2460 2113 2527 αὖθις

527 2555 585 2605 ἐν
616 2551 693 2625 τῷ
720 2550 853 2622 Υἰῷ,
880 2553 973 2605 καὶ
1001 2553 1029 2605 6
1060 2551 1186 2616 Υἱὸς
1218 2554 1277 2604 ὲν
1302 2552 1379 2623 τῷ
1410 2553 1719 2622 Πνεῦματι.
1758 2538 1827 2607 Ἦ
1856 2556 1917 2608 οὐ
1957 2554 2113 2609 ταῦθ’

526 2646 700 2710 οὕτως
746 2645 897 2718 ἔχει;
932 2666 950 2699 ι
988 2645 1212 2712 Βέκκος,
1254 2665 1273 2698 ι
1302 2647 1430 2711 Ναὶ,
1478 2666 1497 2699 ι
1547 2650 1733 2719 φησίν.
1783 2668 1802 2701 ι
1842 2650 2112 2721 Προσεχὲς

531 2744 628 2813 μὲν
656 2743 935 2814 ὁμολογεῖν
969 2742 1063 2795 τοῦ
1088 2742 1301 2812 Πατρδς
1326 2743 1386 2795 τὸ
1415 2742 1656 2814 Πνεῦμα,
1697 2747 1780 2798 ὃτι
1819 2749 1916 2800 καὶ
1963 2748 2114 2801 ἀῒιά-

525 2896 714 2950 quam,
746 2881 872 2935 novi
904 2881 1206 2935 dialecticis
1257 2897 1308 2934 In
1339 2882 1665 2937 disserendo
1733 2884 1811 2938 uti
1882 2886 2109 2955 regulis,

522 2981 577 3024 ct
601 2973 1014 3025 accommodate
1040 2971 1108 3025 ad
1129 2971 1241 3025 veri
1264 2973 1720 3042 dijudicationem
1749 2975 2048 3043 disputare.
2085 2995 2105 3028 ι

526 3057 625 3115 llic
645 3060 920 3130 logotbeta
950 3063 1223 3117 concitate
1254 3064 1636 3131 interpellans,
1670 3060 1780 3119 «Ne
1806 3065 2103 3130 aduleris,»

524 3155 600 3207 ait
646 3153 745 3207 Cui
767 3153 996 3220 Vcccus,
1018 3174 1038 3206 ι
1067 3156 1222 3210 Absit
1243 3157 1292 3210 id
1313 3158 1590 3227 quidem.)
1619 3156 1853 3227 Moxque
1877 3174 2110 3229 pergens
2137 3143 2182 3204 (ἶ

526 3247 813 3316 sutjunxit
847 3269 856 3302 :
883 3265 902 3300 ι
927 3246 989 3302 Et
1009 3247 1087 3303 sic
1105 3248 1320 3319 quidem
1342 3250 1572 3305 multum
1591 3253 2117 3306 rereorassimnlare

521 3337 711 3392 conari
739 3352 861 3408 qua:
892 3338 1000 3393 ulla
1031 3338 1167 3394 satis
1200 3340 1432 3407 exprimi
1483 3340 1851 3395 similitudine
1903 3355 2115 3410 neque-

523 3440 642 3498 unt,
680 3445 806 3486 cum
860 3432 995 3486 mihi
1030 3439 1212 3486 tamen
1242 3432 1427 3487 videar
1458 3432 1645 3487 verbis
1682 3432 1949 3488 insistens
2008 3430 2112 3486 Pa-

523 3537 669 3579 trum
693 3534 747 3579 et
777 3525 919 3579 intra
949 3539 1140 3580 eorum
1172 3526 1413 3594 exempli
1477 3527 1890 3591 auctoritatem,
1950 3526 2111 3596 quasi

528 3619 611 3673 cis
643 3618 991 3673 antemurale
1017 3617 1435 3684 solidissimum,
1470 3626 1588 3673 tuto
1615 3634 1679 3672 ac
1710 3634 1905 3673 secure
1962 3631 2110 3674 stare

521 3726 587 3765 ac
621 3709 797 3781 loqui,
833 3725 940 3765 non
971 3710 1238 3767 dubitabo
1266 3713 1341 3766 uti
1363 3714 1903 3781 comparationibus,
1970 3728 2111 3782 quas

520 3806 594 3860 illi
638 3804 935 3860 adltibuere
990 3804 1059 3860 ad
1118 3804 1337 3860 divinas
1394 3804 1677 3873 utcunque
1727 3808 2109 3862 etnanationes

520 3897 949 3952 adumbraudas.
980 3895 1227 3951 Aﬂ‘erunt
1259 3896 1311 3951 bi
1346 3896 1598 3951 videlicet
1649 3896 1845 3963 solem,
1894 3897 2107 3951 radium

517 3998 571 4041 ct
599 3988 802 4054 lucem,
840 3988 1007 4043 rudes
1053 3988 1247 4058 utique
1279 3988 1546 4059 imagines
1581 3988 1732 4043 nullo
1767 3990 1913 4060 pingi
1936 3990 2110 4044 simu-

517 4081 671 4134 lacro
716 4079 1021 4134 valentium
1105 4079 1519 4149 proccssionum
1581 4081 1754 4135 beatae
1794 4079 2105 4139 Trinitatis.

518 4172 987 4228 AlIcruutrursus
1030 4174 1251 4227 oculum
1288 4172 1483 4240 fontis,
1509 4190 1709 4244 aquam
1742 4184 1800 4231 et
1851 4176 2104 4231 ﬂuvium.

520 4262 721 4333 S‘cque
752 4265 946 4318 harum
985 4263 1157 4335 efﬁgie
1188 4263 1520 4335 iformarum
1583 4267 1898 4324 divinarum
1937 4271 2102 4325 trium

486 4339 900 4425 personarum,
936 4358 1117 4426 quoad
1144 4359 1271 4413 licet
1304 4359 1548 4415 humano
1581 4364 1790 4430 captui,
1824 4364 2105 4420 insinuare

517 4447 755 4518 speciem
785 4458 1064 4519 satagunt,
1097 4447 1257 4512 Ecce,
1288 4451 1518 4515 aientes,
1548 4453 1628 4508 sol
1667 4463 1721 4508 et
1756 4454 1943 4510 radius
1972 4471 2105 4512 con.

2230 538 2428 607 ἔχομαι
2469 537 2565 607 τῆς
2590 538 2842 610 εἰκόνος),
2876 540 2984 595 τῶν
3024 542 3146 596 λίαν
3168 546 3393 600 εἰκότων
3437 552 3571 616 ἐστὶ,
3622 556 3711 609 καὶ
3746 559 3802 611 οὐ

2225 629 2565 699 διαμάχομαι
2600 646 2612 660 ·
2649 633 2933 701 προσεχῶς
2966 633 3011 687 δ’
3044 636 3243 689 ἐννοεῖν
3282 640 3344 691 τὸ
3374 642 3599 713 Πνεῦμα
3635 648 3697 700 ἐκ
3716 648 3803 702 τοῦ

2226 723 2439 792 Πατρδς
2493 723 2718 807 όλλόγος
2777 725 2837 777 οὐ
2892 725 3075 781 δίδωσι
3123 728 3223 797 τῆς
3277 730 3559 803 διαφορᾶς.
3607 736 3679 791 Τὸ
3711 740 3803 807 μὲν

2225 813 2354 882 γὰρ,
2394 805 2553 882 φησὶ,
2578 815 2858 885 προσεχῶς
2904 816 2996 869 τοῦ
3022 817 3108 871 διὰ
3139 818 3232 871 τοῦ
3276 825 3595 894 προσεχῶς·
3657 805 3804 898 ὑμεῖς

2222 905 2279 957 δὲ
2305 907 2536 968 τοπικὰς
2564 906 2874 971 διαστάσεις
2900 908 2933 980 ἢ
2965 910 3072 979 μὴν
3106 915 3199 962 καὶ
3222 916 3479 982 χρονικὰς
3519 918 3805 986 ὲμσὰλλον.

2222 1012 2312 1058 τες
2343 997 2602 1062 συνάγετε
2639 996 2857 1060 πάντως
2892 1000 2952 1050 τὸ
2974 1000 3194 1056 ἄτοπον.
3254 1004 3327 1055 Τὸ
3355 1005 3485 1071 γοῦν
3520 1009 3799 1074 γεννᾶσθαι

2225 1088 2317 1141 καὶ
2348 1087 2438 1140 τὸν
2461 1088 2589 1141 Υἱὸν
2612 1090 2674 1141 ἐκ
2700 1089 2794 1142 τοῦ
2823 1091 3030 1161 Πατρδς
3065 1094 3344 1166 ἀπορροήν
3383 1115 3504 1151 τινα
3561 1103 3649 1154 καὶ
3702 1103 3803 1155 διέο

2222 1198 2379 1251 χειαν
2400 1181 2630 1251 τοπικὴν
2654 1183 2839 1252 σχεδὸν
2871 1184 3084 1238 δίδωσιν
3110 1189 3335 1242 ἐννοεῖν.
3376 1191 3537 1244 Ἀλλὰ
3563 1193 3623 1246 τὸ
3655 1194 3801 1247 ἀδια-

2222 1273 2432 1335 στάτως
2467 1275 2864 1344 προσκείμενον
2889 1277 2981 1330 καὶ
3018 1279 3077 1331 τὸ
3114 1278 3173 1343 ἐξ
3198 1280 3409 1335 ἐκείνου
3461 1279 3602 1337 εἶναι
3657 1272 3804 1358 δηλοῖ

2220 1362 2310 1416 τὸν
2341 1363 2489 1430 Υίὸν,
2532 1368 2626 1420 καί
2658 1367 2719 1419 τὸ
2755 1369 2947 1440 ἐκείνῳ
2976 1370 3070 1422 καὶ
3124 1371 3281 1435 αὖθις
3327 1373 3466 1429 εἶναι
3502 1378 3602 1431 οὐκ
3650 1380 3804 1448 ἁφαιο

2223 1458 2417 1517 ρείται.
2474 1457 2631 1511 Οῦτω
2693 1461 2788 1514 καὶ
2840 1462 2933 1514 ἐπὶ
2966 1462 3059 1515 τοῦ
3093 1464 3407 1535 Πνεύματος
3455 1469 3563 1523 νόει
3596 1488 3700 1540 μοι.
3732 1471 3797 1526 Ἢ

2224 1550 2423 1620 μᾶλλον
2476 1551 2569 1603 ἐπὶ
2625 1552 2725 1622 τῆς
2772 1555 2981 1618 εἰκόνος
3037 1559 3065 1608 6
3119 1557 3276 1626 λόγος
3326 1560 3580 1628 γινέσθω,
3616 1563 3689 1627 ὡς
3733 1565 3798 1620 ἂν

2219 1639 2626 1711 ἀσφαλέστερον
2665 1642 2941 1713 λέγοιμεν.
3004 1646 3223 1701 ’Δκτῖνα
3255 1649 3489 1721 λέγομεν
3523 1653 3582 1721 ἐξ
3627 1655 3792 1726 ἡλίου,

2219 1730 2502 1802 ἀποτομὴν
2524 1732 2583 1796 ἐξ
2604 1733 2814 1787 ἐκείνου
2828 1734 3032 1803 ταύτης
3054 1737 3153 1790 οὐκ
3172 1739 3415 1811 οἴδαμεν.
3444 1744 3564 1808 Φῶς
3577 1745 3796 1819 λέγομεν

2220 1822 2288 1877 δι’
2307 1824 2477 1894 αὐτῆς
2501 1823 2727 1895 tamen.
2748 1827 2841 1879 καὶ
2870 1829 2966 1897 τὴν
2988 1831 3266 1898 μεσιτείαν
3288 1833 3598 1906 ἐννοοῦμεν,
3622 1840 3712 1892 καὶ
3739 1839 3795 1894 τδ

2218 1915 2642 1986 προσεχίζεσθαι
2665 1918 2725 1970 τὸ
2739 1918 2852 1986 φῶς
2870 1919 2948 1989 τῷ
2980 1920 3112 1992 ήλίῳ
3128 1922 3219 1977 διὰ
3236 1924 3337 1995 τὴν
3355 1926 3459 1997 τῆς
3478 1929 3692 1993 ἀκτῖνος
3708 1947 3796 1998 με·

2219 2008 2421 2060 σιτείαν
2456 2007 2556 2060 οὐκ
2600 2009 3012 2081 ἀπαρνούμεθα.
3047 2017 3146 2068 Διά
3179 2016 3337 2070 τοῦτο
3370 2022 3465 2073 καὶ
3496 2020 3741 2091 ἐπιφέρει
3766 2023 3793 2075 6

2216 2097 2392 2167 ἅγιος,
2418 2101 2529 2171 Τῆς
2549 2103 2640 2155 τοῦ
2666 2103 2794 2157 Υίοῦ
2828 2106 3103 2175 μεσιτείας
3133 2111 3226 2162 καὶ
3249 2111 3399 2182 αὐτῷ
3416 2112 3479 2166 τὸ
3518 2116 3793 2184 μονογενὲς

2217 2191 2614 2264 φυλαττούσης,
2644 2196 2738 2248 καὶ
2761 2196 2821 2248 τὸ
2847 2196 3068 2266 Πνεῦμα
3092 2202 3191 2271 τῆς
3217 2200 3311 2254 τοῦ
3337 2204 3552 2275 Πατρὸς
3566 2206 3793 2275 σχέσεως

2219 2285 2294 2355 μὴ
2317 2285 2713 2357 ἀπειργούσης.
2737 2306 2757 2340 ι
2788 2288 2950 2341 Ταῦτ’
2967 2290 3212 2355 εἰπόντος
3238 2293 3332 2347 τοῦ
3352 2296 3583 2366 Βέκκου,
3602 2298 3629 2350 6
3656 2296 3793 2352 Ἀλε-

2217 2377 2499 2447 ξανδρείας
2522 2379 2747 2434 αὐτόθεν
2777 2382 2884 2436 ἀπὸ
2910 2382 3003 2436 τοῦ
3034 2386 3331 2455 σκίμποδος
3354 2390 3495 2461 πρὸς
3520 2378 3701 2459 αὐτὸν,
3721 2390 3791 2454 ὡς

2222 2490 2241 2524 ι
2299 2472 2489 2542 Ἡμεῖς
2524 2477 2622 2545 τῆς
2675 2475 3003 2546 Ἐκκλησίας
3041 2479 3351 2551 κρατοῦμεν
3407 2484 3480 2537 τὰ
3532 2484 3788 2555 δόγματα,

2214 2563 2251 2617 ὃ.
2283 2566 2377 2618 καὶ
2408 2566 2811 2636 παρελάϐομεν,
2842 2570 3016 2621 ταῦτα
3047 2569 3105 2623 δὲ
3134 2570 3316 2638 λέγειν
3363 2575 3468 2628 οὐκ
3521 2576 3791 2647 ἐδιδάχθη-

2217 2672 2338 2724 μεν.
2373 2656 2432 2710 Εἰ
2466 2658 2566 2726 μὲν
2599 2657 2693 2711 οὖν
2726 2658 3016 2724 πλατυκῶς
3048 2663 3270 2734 ἐκράτει
3299 2665 3527 2740 ταῦταή
3581 2669 3790 2739 Ἐκκλη-

2216 2748 2328 2812 σία,
2361 2750 2461 2801 οὐκ
2489 2749 2555 2803 ἂν
2589 2751 2684 2803 καὶ
2708 2752 2855 2821 ἡμᾶς
2882 2753 2939 2817 ἐξ
2966 2755 3221 2825 ,ἀνάγκης
3255 2756 3520 2816 διέλαθεν.
3565 2761 3712 2816 Ἐπεὶ
3737 2763 3789 2815 δὲ

2214 2888 2611 2947 absurditatem
2656 2893 2669 2945 !
2708 2891 2763 2947 Si
2797 2896 2944 2947 enim
2980 2892 3247 2952 Dominus
3269 2897 3409 2954 dicit
3472 2918 3487 2954 :
3525 2921 3544 2953 ι
3594 2903 3703 2972 Εεο
3734 2902 3783 2955 in

2215 2981 2397 3050 Patre,
2460 2996 2513 3039 et
2566 2984 2725 3039 Pater
2777 2986 2828 3039 in
2878 3002 2965 3041 me
2999 2988 3040 3053 ¹,
3072 3007 3092 3039 ι
3144 2992 3405 3046 convenit
3464 2993 3644 3064 utique
3695 3010 3786 3050 nos

2213 3083 2402 3131 eadem
2457 3078 2525 3133 de
2583 3076 2792 3147 Spiritu
2847 3095 3069 3150 quoque
3127 3084 3329 3151 dicere,
3382 3086 3653 3158 siquidem
3704 3102 3789 3141 or-

2219 3168 2462 3223 thodoxe
2496 3185 2689 3230 sapere
2743 3160 3025 3239 volumus,
3078 3176 3311 3231 credere
3347 3179 3615 3234 nimirum
3674 3178 3789 3249 Spi-

2221 3259 2389 3312 ritum
2424 3275 2545 3313 esse
2582 3260 2637 3313 itt
2668 3259 2831 3317 Patre
2859 3272 2913 3316 et
2949 3262 3168 3319 Patrem
3198 3268 3254 3320 in
3317 3267 3554 3339 Spiritu.
3601 3287 3787 3327 rursus

2218 3348 2479 3420 Spiritum
2510 3353 2562 3406 in
2592 3351 2734 3406 Filio
2750 3365 2805 3409 et
2831 3353 3031 3411 Filium
3062 3358 3116 3411 in
3141 3359 3369 3428 Spiritu.
3423 3365 3506 3418 An
3532 3379 3641 3420 non
3680 3364 3789 3418 haec

2217 3440 2291 3495 ita
2316 3457 2374 3495 se
2395 3442 2593 3498 habent
2610 3444 2634 3497 ?
2654 3463 2774 3497 ι--ι
2807 3446 2904 3512 Ita,
2942 3467 2961 3500 ι
2984 3452 3263 3521 respondit
3286 3452 3518 3511 Veccus.
3545 3476 3564 3509 ι
3589 3453 3782 3521 Fateri,

2216 3532 2462 3602 inquam,
2485 3536 2809 3591 continuum
2842 3539 2989 3595 Patri
3022 3543 3286 3611 Spiritum
3318 3548 3510 3619 utique
3535 3551 3793 3607 indistan—

2217 3636 2323 3680 tem
2352 3628 2501 3697 (nam
2536 3636 2591 3681 et
2633 3628 2818 3686 lumen
2888 3620 3213 3690 continuum
3263 3639 3366 3693 soli
3427 3650 3559 3697 est:
3619 3641 3789 3696 haereo

2213 3720 2418 3792 quippe
2451 3724 2632 3780 adhuc
2662 3727 2717 3779 in
2765 3727 3145 3799 similitudine)
3209 3743 3646 3790 consentaneum
3709 3742 3787 3789 est

2213 3813 2473 3880 maxime,
2512 3830 2620 3869 non
2676 3832 2964 3885 repugno:
3002 3821 3207 3877 sentire
3257 3832 3444 3881 autem
3475 3827 3786 3881 continuum

2212 3920 2277 3957 ex
2316 3902 2478 3959 Patre
2509 3904 2710 3960 Filium
2758 3908 2899 3963 ratio
2958 3924 3070 3963 non
3137 3913 3391 3968 concedit
3454 3917 3784 3972 differentia}.

2209 3995 2346 4052 Nam
2372 3998 2667 4068 Gregorius
2693 4001 2925 4057 de.Filio
2957 4004 3177 4074 quidem
3212 4006 3290 4061 ait
3323 4023 3451 4064 esse
3481 4011 3633 4066 illum
3660 4024 3787 4067 con—

2213 4094 2363 4148 tinue
2392 4109 2456 4149 ex
2481 4093 2663 4162 Patre,
2717 4095 2785 4151 de
2819 4095 3030 4167 Spiritu
3062 4115 3195 4153 vero
3225 4117 3350 4156 esse
3384 4118 3487 4169 per
3522 4120 3648 4162 eum
3697 4103 3785 4174 qui

2208 4188 2471 4242 continue
2518 4204 2582 4243 ex
2616 4187 2907 4246 Patreest.
2969 4190 3075 4247 Vos
3114 4209 3240 4248 vero
3266 4196 3476 4252 locales
3508 4198 3787 4253 distantias

2208 4290 2305 4336 aut
2360 4281 2537 4350 spatia
2596 4283 2989 4352 interjicientes
3051 4296 3359 4359 temporum
3399 4293 3783 4348 absurditatem

2208 4374 2435 4428 Omnino
2472 4376 2754 4432 inducitis.
2813 4377 3107 4436 Enimvero
3159 4388 3413 4453 generari
3470 4387 3667 4443 Filium
3722 4400 3786 4439 ex

2216 4464 2396 4532 Patre,
2422 4483 2546 4521 cum
2581 4470 2759 4524 solum
2815 4472 3060 4536 auditur,
3123 4475 3326 4544 praebet
3349 4480 3570 4545 quidem
3608 4476 3785 4533 animo

2297 4518 2308 4520 ἡ
2582 4518 2759 4524 -------
2815 4518 3060 4536 __...-..-,
3123 4518 3570 4545 ,μηνυυμηυωη
3608 4518 3783 4533 ...μων

521 4543 673 4595 tinue
702 4554 765 4593 ex
795 4542 937 4609 ipso,
969 4555 1065 4609 per
1096 4542 1309 4596 radium
1349 4557 1512 4610 porro
1566 4545 1889 4615 priusquam
1944 4548 2100 4618 quis-
2139 4518 2183 4573 Β
2215 4556 2403 4609 nescio
2477 4574 2645 4626 quam
2706 4564 2944 4628 speciem
3005 4567 3159 4632 quasi
3214 4564 3447 4623 cmuxus
3495 4580 3550 4623 ct
3604 4567 3786 4622 localis

518 4648 678 4699 quam
713 4648 889 4687 novus
918 4632 1273 4690 intcrincidat
1304 4650 1525 4700 sensus,
1585 4646 1639 4691 et
1689 4637 1869 4707 ipsum
1917 4639 2100 4694 lumen

516 4739 582 4778 ex
614 4723 751 4778 sole.
788 4723 982 4779 Utrum
1018 4724 1181 4795 igitur
1205 4728 1392 4782 radius
1430 4744 1496 4781 an
1531 4730 1611 4784 sul
1649 4731 1872 4786 luminis
1896 4734 2105 4789 causa?

514 4814 752 4883 Adaptat
785 4816 932 4872 hunc
963 4816 1096 4871 mibi
1131 4834 1442 4874 sermonem
1470 4818 1756 4892 Nj'ssenus
1779 4823 2099 4895 Gregorius,

515 4906 644 4960 dum
687 4907 764 4962 ait
816 4929 830 4964 :
871 4909 1002 4980 Ejus
1067 4912 1213 4981 quod
1262 4929 1518 4969 excausa
1549 4926 1658 4983 est,
1705 4917 1809 4973 hoc
1838 4928 1924 4974 est
1967 4935 2102 4975 cau-

517 5010 798 5069 satorum,
833 5019 1025 5059 rursus
1070 5005 1235 5060 aliam
1289 5007 1654 5063 differentiam
1716 5011 2096 5082 intelligimus.

514 5095 674 5147 Aliud
698 5096 844 5150 enim
875 5106 957 5153 est
1002 5100 1259 5156 continue
1288 5117 1351 5157 ex
1386 5104 1585 5172 primo,
1623 5104 1769 5158 aliud
1826 5120 1922 5173 per
1970 5119 2098 5159 eum

515 5192 607 5252 qui
641 5198 723 5241 cst
756 5192 1018 5246 continue
1042 5207 1109 5247 ex
1146 5197 1342 5261 primo.
1397 5214 1415 5245 ι
1456 5195 1536 5249 Ad
1572 5197 1718 5265 quod
1776 5197 2100 5266 patriarcha

514 5298 638 5335 cum
668 5282 782 5337 suis
813 5282 1225 5353 interpellantes
1259 5297 1647 5353 occurrerunt,
1688 5307 1706 5339 ι
1745 5288 1922 5353 Tune,
1949 5293 2104 5344 aien-

515 5386 755 5433 tcs.nou
816 5378 1096 5432 conﬁteris
1159 5377 1423 5447 Spiritum
1484 5392 1738 5434 sanctum
1775 5383 2099 5438 continuum

511 5466 657 5521 l’atri
690 5484 830 5533 esse,
862 5471 1007 5525 sicut
1029 5482 1083 5525 et
1112 5469 1503 5537 Filinm3Quis
1534 5482 1719 5527 autem
1751 5475 1939 5530 audire
1971 5492 2100 5532 sus-

511 5560 682 5616 tineat
724 5559 929 5616 Filium
962 5563 1185 5631 quidem
1224 5564 1546 5619 continuum
1599 5565 1773 5633 Patri,
1832 5567 2098 5639 Spiritqu

513 5653 836 5708 vcrolocali
898 5654 1136 5725 quadam
1182 5654 1294 5725 96
1355 5657 1702 5725 separatione
1752 5660 1998 5715 distare?
2058 5663 2100 5717 Ο

594 5792 608 5820 ⁵
637 5788 797 5845 Joan.
835 5807 946 5860 xiv,
983 5791 1072 5845 10.

2212 4652 2547 4718 egressionis
2590 4652 2909 4706 distantiam
2962 4656 3269 4711 inferentis.
3336 4658 3441 4714 Sed
3508 4659 3785 4727 corrigitur

2212 4741 2555 4812 imaginatio,
2600 4761 2721 4799 cum
2791 4748 3010 4800 additur
3055 4751 3326 4805 indivulse
3370 4754 3787 4821 indistincteque

2212 4836 2486 4903 generari,
2515 4852 2637 4891 rere
2672 4838 2749 4892 sic
2775 4854 2839 4892 ex
2871 4838 3030 4893 Patre
3063 4844 3377 4909 signitiCans
3410 4861 3532 4899 esse
3561 4845 3783 4909 Filium,

2214 4938 2272 4982 ut
2299 4927 2462 4981 simul
2486 4930 2541 4982 in
2570 4929 2729 4984 Patre
2752 4933 2851 4997 sit;
2896 4950 2995 4988 nec
3019 4936 3164 4989 enim
3207 4952 3327 4990 esse
3370 4953 3433 4992 ex
3465 4939 3640 4992 aufert
3669 4950 3787 4991 esse

2210 5018 2289 5071 in.
2324 5018 2417 5073 Sic
2443 5028 2495 5072 et
2518 5022 2654 5074 milii
2682 5023 3014 5078 ratiocinari:
3067 5028 3132 5081 de
3188 5027 3418 5096 Spiritu.
3470 5030 3579 5084 Aut
3611 5027 3786 5099 potius

2211 5111 2280 5165 ad
2313 5112 2729 5169 similitudinem
2751 5119 3009 5186 superius
3039 5121 3331 5175 adductam
3376 5122 3646 5177 referatur
3674 5136 3785 5177 ser-

2213 5220 2324 5270 mo,
2361 5216 2420 5259 ut
2448 5208 2702 5262 securius
2740 5211 3055 5277 loquamur.
3138 5212 3375 5267 Badium
3434 5215 3670 5270 dicimus
3721 5225 3783 5267 ex

2212 5297 2350 5364 sole,
2384 5308 2644 5353 ettamen
2675 5302 2980 5358 abscissum
3025 5321 3090 5359 ex
3151 5307 3268 5361 sole
3343 5309 3622 5377 quidpiam
3676 5318 3783 5359 non

2210 5390 2594 5449 existimamus
2661 5409 2783 5451 esse
2839 5397 3075 5451 radium.
3144 5398 3352 5454 Lumen
3415 5402 3650 5455 dicimus
3693 5411 3784 5467 per

2211 5486 2424 5539 radium
2459 5504 2580 5543 esse
2611 5504 2675 5558 es
2705 5490 2839 5555 sole,
2869 5498 2923 5544 et
2950 5492 3349 5548 mediationem
3412 5493 3782 5563 intelligimus,

2208 5582 2593 5636 etcoutinuari
2623 5583 2806 5638 lumen
2842 5584 3060 5653 soliper
3094 5587 3231 5641 radii
3267 5588 3649 5643 mediationem
3681 5599 3782 5638 non

2212 5689 2495 5744 negamus.
2525 5675 2822 5746 Propterea
2848 5685 2902 5733 et
2939 5677 3092 5733 addit
3120 5689 3348 5735 sanctus
3385 5680 3497 5734 lucc
3520 5678 3627 5749 97
3670 5688 3778 5729 ver-
