4094 6410
554 346 645 416 lii

1780 350 2103 410 GEORGII
2163 345 2643 411 PACllYIllEil/E

3739 357 3825 423 112

546 467 803 538 ἐραστὴς,
833 463 1055 536 γνώμην
1096 465 1247 519 οἴσω.
1283 463 1467 526 ἅπλῶς
1517 462 1610 517 καὶ
1637 464 1983 534 ἀπεριέργως
2020 468 2134 527 τοῖς
2163 459 2213 525 Α
2237 467 2331 520 τοῦ
2367 468 2554 539 ὀρθοῦ.
2600 469 2740 521 Ἀλλ’
2775 468 2884 523 ἰδοὺ
2922 470 3013 523 καὶ
3043 464 3139 541 τὴν
3179 468 3302 524 κατ’
3332 470 3577 540 ἐμαυτοῦ
3632 475 3820 541 γνῶσιν

548 558 727 624 λόγοις
750 552 1030 628 χρώμενος
1053 573 1068 621 ;
1092 555 1286 622 Ἡμεῖς
1315 556 1412 624 μὲν
1447 554 1539 607 οὖν
1566 562 1633 606 τά
1656 555 1766 607 τῶν
1801 556 1971 623 ἁγίων
2004 555 2145 625 ρητὰ

548 649 641 703 ἐπὶ
663 646 870 717 καιρῶν
896 647 1147 714 εὑρόντες
1172 645 1498 717 ζητούντων,
1534 645 1608 707 ὡς
1643 644 1902 711 ἀσφαλῶς
1953 644 2147 715 ἔχοντα

547 740 643 792 καὶ
679 735 937 809 δρθὸδοξσ,
963 736 1387 806 προσηκάμεθα.
1422 736 1532 789 Καὶ
1552 735 1645 788 τὸν
1682 735 1787 804 μὲν
1817 734 2147 805 ὁμολογοῦν-

546 847 617 886 τα
639 832 702 884 ὲκ
734 832 948 900 Πατρδς
978 830 1039 883 τὸ
1073 830 1301 899 Πνεῦμα
1324 831 1387 882 τὸ
1417 829 1577 897 ἅγιον
1617 828 2019 899 ἐκπορεύεσθαι
2050 829 2145 883 καὶ

545 923 927 994 ἀπεδεχόμεθα
949 922 1042 976 καὶ
1058 922 1458 992 ἀποδεχόμεθαο
1482 923 1642 988 λόγος
1655 924 1764 989 γὰρ
1781 921 1873 974 τοῦ
1895 922 2149 992 Σωτῆρος

548 1017 753 1085 καὶτῆς
773 1016 1014 1072 συνόδου.
1036 1013 1130 1067 καὶ¹
1155 1015 1313 1083 ἡμεῖς
1350 1012 1470 1065 καθ’
1488 1013 1723 1082 ἑκάστην
1753 1012 1926 1073 οὕτως
1962 1013 2151 1081 ὁμολο-

549 1107 773 1179 γοῦμεν.
795 1108 871 1161 Οὐ
887 1108 1059 1178 μὴνδὲ
1080 1106 1213 1160 ἀλλὰ
1247 1109 1339 1159 καὶ
1356 1107 1447 1157 τὸν
1472 1109 1534 1158 ἐκ
1571 1107 1782 1176 Πατρ³.ς
1809 1106 1877 1157 δι’
1903 1106 2027 1158 Υίοῦ
2062 1106 2152 1158 λέ-

547 1216 715 1269 γοντα
734 1199 1134 1270 ἐκπορεύεσθαι
1153 1199 1229 1263 ὼς
1250 1198 1451 1269 συνόδῳ
1467 1197 1614 1269 πάσῃ
1633 1201 1699 1270 τῇ
1725 1198 1928 1270 ἑϐδόμῃ
1945 1198 2150 1269 ἑπόμε-

551 1309 646 1348 νον
692 1290 1072 1362 ἀποδεχόμεθα
1103 1294 1195 1345 καῖ
1226 1292 1407 1357 αὐτὸν,
1438 1289 1529 1343 τὸν
1554 1290 1607 1343 δέ
1626 1307 1686 1358 γε
1716 1288 1790 1361 μὴ
1814 1290 2060 1358 τιμῶντα
2080 1292 2148 1345 τὰ

547 1385 656 1439 τῶν
680 1383 853 1452 άγίων
881 1384 1018 1453 ῥητὰ
1048 1383 1253 1453 τόλμης
1302 1382 1654 1454 γραφόμεθα.
1698 1382 1831 1435 Ἰδοὺ
1886 1380 2019 1449 γοῦν
2053 1383 2149 1451 σή-

552 1494 716 1548 μερον
749 1478 969 1547 πάρεισι
1003 1477 1104 1545 μὲν
1166 1477 1527 1546 πατριάρχαι.
1580 1475 1803 1545 πάρεισι
1861 1474 1910 1527 δ’
1956 1476 2147 1543 ἀρχιε-

553 1571 664 1639 ρεῖς
691 1569 784 1621 καὶ
811 1567 1010 1636 κλῆρος
1031 1565 1178 1629 ἅπας
1219 1566 1316 1618 καὶ
1344 1565 1573 1635 μοναχοὶ
1603 1564 1857 1627 εὐλαϐεῖς
1891 1566 1981 1617 καὶ
2036 1563 2145 1616 τῶν

550 1659 756 1736 λαϊκῶν
805 1659 855 1713 οί
921 1657 1219 1727 ἐλλόγιμοι.
1270 1656 1427 1709 Θέλω
1455 1657 1556 1709 καὶ
1606 1654 1983 1727 ὀρθοδοξοῦσιν
2012 1656 2143 1724 ὑμῖν

552 1753 849 1813 κοινωνεῖν,
890 1751 983 1803 καὶ
1012 1749 1204 1812 κοινῶς
1240 1748 1593 1817 ὁπωσδήποτε
1648 1747 1740 1800 τοῦ
1798 1746 1962 1817 ὀρθοῦ
2008 1763 2146 1814 σφα-

2254 562 2415 630 ἀιρεῖς
2442 563 2579 625 ὅλως
2606 562 2759 632 ὑμῶν
2795 563 3039 631 γίνομαι.
3097 564 3191 617 καὶ
3247 563 3586 627 διδασκάλοις
3636 568 3822 623 ὡσανεί

2252 672 2361 708 τισι
2415 655 2658 725 χρῶμαι.
2738 655 2930 726 Ὑμεῖς
2984 656 3317 729 προηγεῖσθε
3344 699 3358 722 ,
3418 659 3572 725 κάγὼ
3632 659 3823 730 ἕψομαι

2252 747 2603 818 πράττουσιν.
2646 747 2976 802 Ἐκτιθέσθω
3029 749 3217 819 τόμος,
3263 749 3357 802 καὶ
3415 749 3824 820 ἀποπεποιήσθω

2249 839 2310 893 τδ
2333 839 2531 910 δόγμα.
2565 840 2660 895 καὶ
2694 840 3090 912 άποϐεδλήσθω
3118 842 3179 894 τὸ
3214 858 3234 893 t
3272 841 3340 894 δι’
3370 841 3522 906 Υίοῦ,
3565 862 3582 894 ι
3628 844 3676 895 εί
3712 842 3824 914 βού-

2249 931 2429 985 λεσθε.
2493 933 2614 986 Κᾶν
2644 933 2719 1003 μὴ
2754 932 2960 1002 ἕψομαι
3016 934 3109 985 καὶ
3167 932 3349 996 αὐτὸς,
3382 934 3554 987 καίτοι
3581 935 3633 1002 γ’
3680 936 3823 999 εἰδὼς

2252 1023 2511 1094 Πατέρων
2545 1025 2709 1095 ρητδν
2735 1026 2830 1077 καὶ
2857 1024 3029 1093 μέγαν
3055 1026 3436 1096 ἐπηρτημένον
3467 1028 3563 1096 τῆς
3595 1029 3823 1097 παρορά-

2252 1135 2388 1182 σεως
2413 1118 2477 1191 [P
2494 1119 2588 1192 61]
2613 1120 2874 1183 κίνδυνον,
2901 1120 3061 1183 αὐτὸς
3088 1122 3269 1175 αἰτίαν
3303 1119 3430 1187 ἔξω,
3450 1122 3562 1174 εἴτε
3580 1121 3683 1192 μὴν
3714 1138 3826 1174 πει-

2251 1209 2458 1279 σμονῆς
2479 1211 2588 1263 εἴτε
2612 1210 2719 1281 μὴν
2737 1210 2829 1263 καὶ
2851 1211 3135 1282 αἱρέσεως·
3157 1209 3296 1264 θέλω
3318 1211 3426 1280 γὰρ
3450 1211 3545 1264 σὺν
3565 1211 3690 1281 ὑμῖν
3705 1213 3824 1264 πᾶσι

2249 1302 2344 1355 καὶ¹
2358 1301 2710 1371 δικαιωθῆναι
2727 1303 2822 1356 καὶ
2835 1302 3254 1373 κατακριθῆναι,
3275 1301 3338 1356 Ei
3355 1303 3401 1355 δ’
3414 1304 3570 1372 ὑμεῖς
3590 1304 3684 1372 μὲν
3701 1302 3827 1355 διευο

2248 1392 2500 1446 λαϐεῖσθε
2527 1393 2624 1465 τὴν
2648 1394 2870 1465 πρᾶξιν,
2891 1395 3021 1464 ὑμῖν
3051 1394 3095 1448 δ’
3114 1394 3497 1464 έπιφορτίζετε
3515 1394 3612 1463 τὴν
3634 1394 3824 1448 ἀποδο-

2248 1483 2369 1553 λὴν,
2402 1482 2623 1552 εὔλογον
2648 1482 2789 1539 εἶναι
2841 1485 3082 1551 πάντως,
3135 1484 3220 1538 ἵνα
3263 1484 3339 1557 μὴ
3385 1486 3482 1537 καὶ
3544 1485 3823 1552 ἀναγκαῖον

2248 1577 2409 1638 εἴπω,
2439 1576 2594 1647 ὑμῶν
2635 1576 3104 1646 διευλαϐουμένων
3137 1576 3230 1631 καὶ
3283 1576 3677 1646 διαμελλὸντων
3738 1576 3823 1628 καὶ

2248 1669 2394 1738 ἡμᾶς
2448 1668 2703 1733 δεδιέναι,
2764 1670 2837 1739 μή
2902 1687 3021 1732 πως
3083 1669 3520 1739 παρασφαλεῖσιν
3567 1669 3694 1739 ἡμῖν
3736 1666 3824 1720 καὶ

2252 1761 2433 1829 μονοις
2464 1760 2533 1813 τὰ
2558 1761 2657 1813 τοῦ
2699 1761 2945 1815 κινδύνου
2989 1763 3400 1832 περιστήσεται,
3446 1779 3465 1813 ι
3507 1780 3527 1813 r
3580 1759 3716 1813 Ἀλλ’
3766 1757 3825 1812 οὐ

551 1844 687 1897 λεῖαι
718 1842 815 1912 τὴν
847 1839 964 1911 μεθ’
996 1841 1155 1911 ὑμῶν
1181 1841 1482 1908 καταδίκην
1509 1840 1771 1911 αἱροῦμαι
1813 1840 1967 1908 παρὰ
2019 1838 2140 1908 θεῷ
2173 1837 2213 1890 Β
2244 1853 2603 1924 γεγράφαμεν
2634 1855 2817 1924 ἡμεῖς,
2860 1873 2879 1904 ι
2918 1855 3083 1924 φασὶν
3117 1854 3166 1908 οἱ
3196 1854 3325 1924 περὶ
3353 1854 3445 1907 τὸν
3491 1851 3823 1922 πατριάρχην

551 1935 788 2005 κρίνοντι
817 1935 849 2004 ἢ
882 1934 1041 2001 μόνος
1066 1933 1163 2003 τὴν
1205 1931 1480 2003 ἡμετέραν
1504 1931 1850 2006 ’ἀσφάλειαιη
1899 1932 1972 1984 Τὸ
2010 1929 2142 1998 γοῦν

553 2029 698 2098 ὑμᾶς
724 2026 823 2096 ἐμὲ
856 2026 1037 2097 ζητεῖν
1065 2043 1124 2079 τε
1174 2027 1270 2078 καὶ
1311 2025 1648 2094 ἀναγκάζειν
1693 2026 1789 2079 καὶ
1839 2026 1961 2088 τοὺς
2022 2025 2143 2094 μετ’

552 2119 686 2192 ἔμοῦ
717 2119 1090 2173 ἁποὸαλέσθαι
1122 2118 1298 2188 δόγμα
1327 2117 1609 2189 ῐιατέρων,
1636 2115 1782 2170 οὕτω
1811 2116 1876 2189 δὴ
1909 2116 2143 2171 παλαιὸν

553 2216 646 2269 καὶ
705 2214 859 2284 παρὰ
907 2210 1119 2264 πολλῶν
1173 2210 1490 2279 λεγόμενον,
1548 2210 1693 2279 ὑμᾶς
1719 2209 1776 2261 δὲ
1813 2208 1980 2279 μηδὲν
2010 2212 2141 2280 περὶ

550 2307 754 2360 τούτων
777 2304 1104 2375 φροντίζειν,
1147 2302 1210 2356 οὖ
1252 2320 1342 2372 μοι
1388 2303 1539 2355 δοκεῖ
1568 2301 1715 2372 ἔχειν
1774 2301 1836 2355 τὸ
1893 2301 2138 2369 εὔλογον.

555 2397 844 2465 Ἑστιγὰρ
878 2397 970 2451 καὶ
1001 2394 1129 2465 ἐμοὶ
1178 2394 1437 2448 εὐλάϐεια
1488 2394 1564 2464 μή
1622 2409 1740 2457 πως
1795 2393 2142 2463 παρασςραλῶ

549 2593 768 2650 quoque
800 2578 851 2634 in
883 2577 1046 2631 modo
1071 2575 1139 2628 de
1173 2573 1379 2629 divinis
1410 2571 1856 2627 emanatimiibus
1911 2573 2145 2641 loquen-

550 2674 603 2729 di
653 2670 919 2726 oﬂ'cnsum
974 2678 1057 2723 est
1101 2667 1407 2738 quidpiam,
1456 2672 1518 2720 ut
1565 2666 1942 2721 ostendemus.
1999 2665 2140 2719 Num

551 2776 836 2836 propterea
871 2778 967 2818 vos
1002 2777 1032 2815 a
1064 2761 1225 2816 nobis
1276 2774 1375 2829 pro
1414 2774 1711 2814 excommu
1737 2759 1917 2813 uicatis
1979 2758 2140 2812 vitari

551 2875 648 2930 par
679 2856 805 2913 est?
847 2871 974 2911 num
999 2863 1052 2908 et
1073 2869 1175 2909 nos
1199 2853 1338 2907 labis
1371 2851 1493 2922 ejus
1517 2856 1780 2908 conscios
1803 2853 1992 2922 religio
2013 2854 2143 2907 sub-

550 2956 647 3028 igit
674 2954 1004 3023 abrumpere
1042 2950 1145 3004 hoc
1196 2949 1561 3019 colloquium,
1593 2955 1650 3002 et
1693 2948 2140 3002 communionem

548 3056 787 3105 vestram
822 3055 1085 3116 tanquam
1110 3044 1466 3099 anathemate
1530 3055 1921 3112 percussorum
1980 3054 2141 3094 aver-

548 3141 685 3201 sari.
733 3155 799 3193 ac
833 3139 912 3194 sic
938 3152 1159 3191 omnem
1217 3135 1577 3190 conciliandae
1632 3133 1943 3188 concordia!
1989 3148 2135 3199 spem

547 3235 808 3302 viamque
836 3230 1224 3302 praecidere?»
1284 3227 1387 3295 Hie
1407 3228 1721 3299 patriarcha
1748 3244 1872 3280 eum
1936 3227 2053 3281 suis
2109 3244 2139 3280 e

548 3322 728 3379 Vceco
759 3322 1051 3394 requisivit
1086 3320 1177 3376 ubi
1228 3329 1282 3376 et
1312 3320 1515 3390 quibus
1551 3319 1605 3374 in
1656 3318 1841 3373 verbis
1887 3327 2137 3372 erratum

547 3434 576 3472 a
615 3433 674 3472 se
711 3415 872 3471 foret.
915 3414 1109 3469 Statim
1140 3412 1348 3469 Veccus
1376 3414 1622 3469 chartam
1658 3426 1689 3468 e
1713 3411 1836 3466 sinu
1873 3412 2139 3481 prolatam

548 3509 808 3564 ostendit.
836 3507 1013 3573 Quam
1056 3522 1181 3561 cum
1212 3505 1294 3560 illi
1341 3505 1621 3574 legissent,
1655 3519 1814 3559 suam
1848 3514 2139 3572 negarunt,

547 3614 733 3658 etnon
758 3600 921 3654 modo
947 3598 1096 3668 quod
1118 3606 1239 3653 erat
1266 3596 1322 3651 in
1346 3612 1411 3652 ea
1444 3595 1732 3666 scriptum,
1760 3596 1852 3650 sed
1884 3603 1937 3650 et
1962 3596 2138 3664 ipsum

549 3709 687 3765 pene
712 3692 902 3762 scripti
932 3701 1240 3755 auctorem,
1263 3690 1583 3760 quicunque
1610 3688 1680 3743 fo:
1696 3698 1772 3751 et,
1794 3688 2025 3759 sub99
2045 3689 2141 3743 de-

549 3787 845 3842 testatione
868 3782 1231 3837 anathrmatis
1253 3781 1551 3835 abominati
1582 3791 1730 3834 sunt.
1753 3780 1855 3835 llic
1876 3779 2143 3835 Moscam-

546 3891 670 3946 par,
693 3878 787 3946 qui
816 3874 921 3929 sibi
944 3880 1063 3928 erat
1088 3872 1348 3929 conscius
1370 3886 1431 3927 se
1451 3871 1765 3941 scripsisse,
1787 3886 1889 3927 nec
1917 3871 2142 3926 infitiari

549 3968 865 4037 sustinebat
906 3963 1262 4020 manifestam
1296 3980 1435 4028 rem,
1475 3979 1632 4021 suam
1661 3979 1781 4020 eam
1805 3965 2138 4036 scripturam

549 4064 731 4117 fassus
773 4076 935 4119 esse:
974 4059 1123 4130 quod
1167 4072 1289 4112 eam
1317 4066 1622 4122 exorasset,
1658 4065 1744 4113 est
1777 4069 2013 4114 conatus
2040 4073 2139 4115 ex—

547 4172 763 4211 cusare.
798 4142 918 4221 Quo
945 4154 1159 4208 Vi-ccus
1197 4151 1415 4209 audito.
1461 4151 1737 4206 renidenti
1789 4168 1855 4207 ac
1887 4154 2140 4222 spirante

548 4252 780 4304 nmltam
819 4249 1055 4319 gnatiam
1089 4246 1244 4299 vultu
1277 4244 1644 4314 patriarcham
1681 4233 1943 4299 intuens:
1989 4264 2008 4296 ι
2040 4243 2139 4299 Ex-

554 4340 949 4409 spectabamus
989 4352 1090 4391 nos
1114 4334 1363 4404 quidem,
1390 4334 1565 4403 inquit
1594 4350 1688 4404 per
1714 4335 2137 4390 urbanissimam

552 4434 839 4493 face-tiam,
901 4441 954 4483 te
1011 4429 1114 4484 hoc
1168 4430 1435 4499 scriptum
1491 4445 1591 4500 pro
1643 4440 1739 4485 tuo
1791 4432 2137 4500 agniturum.

2243 1946 2688 2016 ἀπολογούμενοι.
2742 1966 2759 1998 ι
2804 1946 2967 2016 Ὑμῖν
3015 1946 3326 2013 γέγραπται
3383 1946 3478 1999 καὶ
3527 1944 3821 2009 κεκίνηται·

2248 2040 2376 2109 ὑμῖν
2428 2042 2521 2093 καὶ
2554 2039 2895 2108 ἁποόλητέον
2947 2038 3144 2094 ταῦτα.
3178 2058 3197 2091 ι
3276 2058 3295 2091 ι
3338 2041 3448 2093 Καὶ
3477 2039 3531 2092 τί
3556 2054 3618 2104 γε
3648 2037 3706 2090 τὸ
3733 2038 3825 2106 ἐμ-

2247 2132 2423 2185 ποδών
2453 2150 2469 2199 ;
2509 2150 2527 2183 ι
2560 2134 2608 2186 oi
2640 2133 2769 2201 περὶ
2805 2133 2897 2186 τδν
2952 2132 3178 2197 Βέκκον,
3254 2150 3272 2182 ι
3321 2130 3625 2201 ὲθαρῤεῖτε,
3657 2146 3675 2178 ι
3729 2141 3822 2195 φα-

2248 2228 2352 2290 σὶν,
2397 2244 2414 2277 ι
2446 2228 2581 2279 ὅπου
2625 2225 2717 2278 καὶ
2747 2224 3007 2293 ἀδελφοὺς
3060 2223 3404 2295 προσλήψετε
3458 2218 3821 2292 θεραπεύσαν-

2246 2334 2355 2379 τες.
2399 2336 2417 2368 ι
2464 2317 2604 2369 Ἀλλ’
2632 2316 2979 2370 οὺκςέπειθον
3003 2316 3277 2383 λέγοντες.
3316 2313 3483 2367 Ἀλλὰ
3508 2314 3605 2366 καὶ
3630 2309 3822 2382 μᾶλλον

2246 2409 2641 2482 τραχυνθέντος
2675 2406 3028 2462 κατ’ὲκείνου
3062 2407 3157 2461 τοῦ
3213 2406 3578 2478 πατριάρχου,
3631 2404 3703 2467 ὡς
3735 2402 3819 2454 καὶ

2247 2591 2429 2647 verbis
2457 2589 2564 2645 fuci
2597 2590 2946 2660 expertibus,
2983 2604 3161 2644 meam
3195 2601 3362 2658 super
3401 2588 3507 2642 hac
3536 2582 3821 2641 declarabo

2247 2684 2600 2739 sententiam.
2623 2681 2734 2738 Nos
2764 2683 2984 2752 quidem
3010 2680 3329 2736 testimonia
3363 2688 3681 2734 sanctorum
3699 2688 3818 2729 cum

2246 2773 2682 2839 invenissemus,
2726 2772 2966 2843 negotiis
2988 2786 3113 2840 qua:
3149 2780 3282 2825 tunc
3313 2771 3695 2826 tractabantur
3717 2765 3821 2820 exi-

2243 2869 2504 2938 gentibus
2534 2878 2841 2937 opportune
2876 2863 3213 2935 protulimus
3253 2870 3313 2917 ut
3350 2877 3552 2918 secura
3590 2870 3640 2916 et
3673 2859 3820 2929 plane

2244 2958 2568 3015 orthodoxa.
2600 2956 2664 3011 Et
2695 2966 2751 3010 ut
2780 2971 2905 3010 eum
2936 2955 3032 3024 qui
3058 2954 3261 3008 dixerit
3289 2952 3562 3022 Spiritum
3583 2958 3821 3007 sanctum

2243 3069 2312 3110 ex
2342 3050 2506 3106 Patre
2539 3049 2861 3119 procedere,
2890 3048 3242 3115 suscepimus
3270 3052 3326 3099 et
3365 3045 3700 3113 suscipimus
3731 3055 3824 3110 pro

2244 3155 2393 3201 recte
2448 3146 2727 3199 sentiente
2782 3141 3160 3210 loquenteque
3211 3138 3341 3207 (hoc
3395 3139 3545 3192 enim
3585 3135 3821 3189 Salvator

2248 3241 2453 3306 docuit,
2492 3240 2595 3293 hoc
2625 3236 2871 3307 Synodus
2898 3232 3166 3295 sancivit;
3194 3231 3336 3284 item
3378 3237 3439 3282 ct
3473 3242 3571 3282 nos
3592 3223 3822 3297 quotidie

2245 3332 2500 3403 symbolo
2538 3328 2827 3383 recitando
2854 3322 3226 3395 profitemur).
3262 3320 3343 3377 sic
3370 3336 3475 3376 nec
3498 3320 3646 3374 illum
3677 3331 3821 3371 aver-

2245 3425 2353 3477 sari
2413 3421 2497 3477 fas
2536 3429 2794 3489 putamus
2821 3417 2914 3487 qui
2963 3414 3151 3471 dicere
3182 3412 3429 3467 voluerit
3462 3411 3725 3484 Spiritum
3757 3424 3821 3463 es

2244 3516 2405 3570 Patre
2441 3531 2538 3586 per
2571 3513 2770 3568 Filium
2827 3509 3149 3581 procedere.
3180 3507 3385 3575 Quidni
3423 3510 3571 3563 enim
3603 3514 3656 3560 et
3688 3505 3822 3589 hunc

2248 3609 2601 3678 recipiamus,
2633 3606 2725 3674 qui
2759 3602 2954 3674 synodi
2991 3599 3240 3671 septimae
3273 3601 3550 3654 universae
3590 3596 3812 3653 auctori-

2245 3710 2412 3757 tatem
2449 3699 2503 3754 in
2544 3700 2649 3753 hoc
2678 3694 2985 3765 sequatur?
3037 3692 3226 3762 Itaque
3277 3706 3380 3747 nos
3422 3691 3569 3748 haud
3619 3688 3821 3745 dubite-

2247 3811 2393 3860 mus,
2424 3795 2471 3848 si
2499 3793 2625 3863 quis
2646 3793 2719 3846 sit
2740 3790 2836 3861 qui
2868 3789 3095 3843 disertis
3131 3785 3475 3840 testimoniis
3510 3792 3821 3841 sanctorum

2246 3887 2468 3942 Patrum
2526 3886 2792 3940 honorem
2831 3895 2939 3935 non
2988 3878 3263 3940 habuerit,
3313 3877 3465 3933 hunc
3508 3872 3820 3932 temeritatis

2244 3982 2531 4035 damnare.
2562 3977 2640 4031 En
2667 3974 2826 4044 100
2856 3973 3024 4044 igitur
3052 3969 3142 4025 hic
3174 3968 3338 4023 hodie
3359 3968 3568 4024 adsunt
3602 3965 3822 4038 patriar-

2245 4071 2381 4134 cha,
2407 4069 2607 4122 adsunt
2632 4063 2904 4136 episc0pi,
2933 4075 3040 4115 una
3066 4066 3147 4114 est
3175 4058 3359 4114 clerus
3383 4059 3694 4116 universus.
3725 4068 3818 4108 nec

2247 4178 2354 4216 non
2389 4158 2644 4215 monachi
2667 4154 2933 4226 religiosi,
2966 4161 3021 4210 et
3046 4168 3075 4205 e
3102 4152 3257 4205 laicis
3279 4151 3489 4220 quique
3520 4148 3815 4207 lectissimi.

2246 4252 2383 4305 Volo
2405 4259 2459 4305 et
2477 4249 2632 4303 vobis
2656 4245 2964 4302 orthodoxe
2985 4242 3353 4300 sentientibus
3387 4242 3817 4302 communicare,

2244 4354 2297 4397 et
2331 4356 2457 4395 cum
2482 4337 2669 4393 iisdem
2695 4335 2875 4398 vobis,
2904 4336 2953 4391 si
2988 4334 3130 4390 forte
3170 4335 3546 4388 communiter
3576 4348 3816 4404 quarun-

2243 4448 2354 4504 que
2408 4430 2623 4486 ratione
2677 4446 2708 4485 a
2745 4438 2895 4484 recto
2952 4426 3276 4489 deflexistis,
3322 4441 3499 4494 poenae
3547 4425 3727 4478 omnis
3758 4438 3817 4474 ac

553 4529 717 4585 Nunc
744 4531 789 4583 si
840 4546 945 4582 non
980 4537 1135 4580 tuum
1182 4527 1337 4591 illud,
1381 4529 1476 4581 sed
1514 4526 1678 4597 hujus
1709 4535 1813 4592 est,
1860 4536 2024 4595 prout
2059 4525 2138 4582 fa-
2173 4553 2216 4607 ι)
2246 4538 2403 4579 noxa:
2437 4536 2542 4592 qua
2573 4521 2680 4577 hoc
2712 4520 2936 4575 nomine
2963 4535 2989 4571 ιι
3024 4517 3136 4571 Deo
3158 4516 3439 4586 iudicante
3483 4514 3817 4578 aiIiciamini,

551 4630 696 4677 tetur
734 4626 873 4690 ipse,
917 4622 1074 4688 pulex
1134 4619 1406 4689 quispiam
1445 4617 1688 4688 plaustro
1744 4618 1990 4673 insidens
2038 4634 2140 4674 nec

552 4713 789 4767 incitare
824 4726 923 4764 llCC
956 4709 1238 4763 reﬂectere
1264 4721 1355 4764 ﬂlll
1391 4702 1767 4764 suillaminare
1793 4725 1995 4764 CUI'l'llS
2031 4710 2135 4765 ιιιὶ·

550 4822 657 4876 que
707 4804 924 4859 ruentis
959 4805 1224 4874 impetum
1257 4804 1456 4874 valeat.
1502 4822 1519 4855 ι
1574 4803 1699 4857 Haec
1732 4800 1944 4857 Veccus
1977 4802 2134 4870 dixit,

548 4897 731 4966 lepide
788 4896 1041 4951 alludcns
1091 4895 1157 4948 ad
1219 4911 1417 4949 nomen
1491 4894 1637 4949 aliud
1692 4894 2136 4965 chartophylacis

548 4990 948 5061 Moscamparis
988 5008 1000 5043 :
1037 4998 1155 5044 erat
1189 4989 1332 5043 enim
1388 4990 1470 5042 vir
1497 4990 1587 5043 ille
1636 4987 1932 5042 binomius.
1972 5006 1989 5037 ι
2014 4987 2133 5043 Ca:-

548 5096 767 5142 ternm,
824 5081 1102 5145 subdidit,
1158 5094 1626 5150 cognosceremus
1675 5079 1908 5133 libenter
1965 5095 2131 5150 quam

549 5187 606 5229 tu
638 5175 767 5229 huic
796 5188 1014 5244 pmnam
1050 5172 1369 5228 inflicturns
1400 5174 1501 5238 sis,
1542 5170 1821 5227 manifesti
1842 5172 1954 5242 jam
1982 5186 2132 5227 erro-

550 5268 626 5322 ris
660 5267 715 5320 in
750 5266 1025 5335 dogmatis
1060 5265 1420 5334 expressione
1451 5273 1760 5333 comperto.
1796 5282 1814 5314 ι
1864 5261 1980 5318 Hoc
2011 5263 2131 5319 loco

549 5375 674 5413 cum
734 5358 866 5411 varii
916 5357 1069 5409 varia
1117 5356 1410 5417 dixissent;
1467 5371 1568 5410 nec
1617 5357 1878 5424 reperiret
1921 5355 2129 5408 exitum

550 5450 752 5504 frustra
782 5449 1078 5517 productus
1126 5462 1333 5508 sermo,
1370 5461 1660 5500 resumens
1700 5445 1909 5500 chcus
1936 5446 2018 5499 sic
2050 5444 2132 5497 in-

551 5541 674 5593 tnlit
704 5557 718 5593 :
758 5559 776 5589 ι
817 5539 1029 5615 Sequar
1062 5552 1172 5603 quo
1198 5552 1295 5590 vos
1322 5536 1518 5605 praeire
1542 5538 1684 5593 votis
1703 5539 1883 5603 video,
1911 5551 2133 5607 quaque

550 5632 717 5684 vultis
749 5643 1004 5684 occurro.
1044 5626 1122 5680 En
1151 5640 1279 5696 ego
1307 5641 1552 5697 quoque,
1582 5642 1748 5698 quam
1780 5630 2129 5693 desiderati,

551 5722 713 5788 cujus
763 5734 931 5775 causa
992 5716 1261 5785 satagitis,
1335 5717 1558 5772 nemine
1603 5718 1891 5773 remissius
1943 5732 2130 5789 pactsm

551 5827 763 5877 amans,
820 5824 1120 5880 proponam
1182 5809 1538 5879 simpliciter,
1595 5811 1640 5865 si
1696 5810 2044 5880 permittitis,
2074 5821 2131 5868 et

2246 4615 2587 4671 consortium
2619 4613 2809 4670 subire
2836 4621 3062 4684 paratus
3095 4626 3241 4666 sum.
3273 4608 3546 4666 Caeterum
3577 4622 3819 4680 quaerere

2243 4726 2343 4764 vos
2372 4726 2401 4764 a
2438 4724 2551 4775 me,
2591 4716 2646 4763 et
2682 4721 2782 4762 nos
2812 4704 3040 4762 omnino
3068 4708 3133 4758 ad
3167 4704 3270 4760 hoc
3319 4719 3544 4773 cogere,
3595 4715 3651 4757 ut
3682 4700 3816 4770 abji-

2242 4802 2452 4855 ciamus
2476 4802 2674 4870 dogma
2697 4797 2922 4852 Patrum
2945 4797 3079 4850 adeo
3103 4797 3413 4866 antiquum,
3434 4798 3502 4850 ab
3528 4795 3664 4850 adeo
3686 4791 3819 4845 mul-

2243 4894 2313 4947 tis
2360 4900 2661 4957 assertnm,
2714 4905 2812 4944 vos
2854 4897 3037 4942 autem
3074 4887 3284 4943 nullum
3323 4887 3527 4941 habere
3561 4885 3700 4940 velle
3737 4897 3819 4936 re-

2240 4994 2490 5054 spectum
2515 4984 2799 5037 rationum
2827 4979 3335 5049 allegationumque
3367 4985 3819 5041 nostrarum,ncc

2237 5078 2464 5133 unnino
2529 5084 2782 5143 reputare
2827 5090 2992 5143 quam
3029 5071 3228 5127 validis
3258 5069 3677 5125 defensionibus
3722 5063 3819 5120 ob-

2232 5172 2379 5241 jecta
2426 5167 2768 5238 repellimus,
2822 5167 2966 5220 h.md
2999 5164 3135 5219 mihi
3164 5163 3380 5219 videtur
3432 5176 3651 5232 aequum
3695 5170 3815 5213 esse

2236 5274 2331 5319 aut
2365 5269 2804 5316 consentaneum
2842 5257 3211 5315 moderationi
3265 5257 3321 5310 in
3376 5256 3443 5310 iis
3488 5251 3817 5310 necessaria:

2234 5356 2332 5426 qui
2359 5357 2497 5408 bona
2529 5353 2634 5407 fide
2655 5353 2983 5407 dirimendis
3005 5347 3405 5405 controversiis
3435 5346 3669 5416 pacique
3689 5357 3817 5396 con-

2237 5446 2489 5502 ciliandae
2519 5445 2655 5499 dant
2685 5458 2932 5514 operam.
2960 5442 3167 5511 Nempe
3192 5441 3259 5494 ad
3289 5440 3394 5495 hoc
3437 5439 3699 5505 utrinque
3729 5447 3817 5486 ce-

2236 5542 2365 5595 dere
2406 5536 2690 5608 quidpiam
2750 5544 3051 5591 tractantes
3100 5534 3379 5590 convenit.
3427 5529 3578 5585 Cedo
3635 5536 3812 5583 autent

2235 5645 2360 5700 ego,
2389 5632 2555 5685 etiam
2589 5629 2657 5684 ad
2694 5628 2879 5681 vivum
2917 5641 3201 5689 resecans,
3243 5624 3408 5680 etiam
3463 5621 3574 5674 vim
3612 5621 3814 5673 faciens

2235 5724 2457 5793 proprio
2496 5723 2711 5794 sensui.
2741 5722 2887 5775 Inest
2922 5735 3087 5790 porro
3118 5729 3171 5773 et
3202 5716 3340 5771 mihi
3371 5712 3665 5781 religiosus
3703 5724 3813 5763 mc-

2236 5825 2325 5872 tus
2358 5814 2655 5871 abcrrandi
2685 5830 2710 5868 a
2745 5822 2892 5868 recto
2929 5816 3203 5879 dogmate.
3257 5807 3464 5861 Tamen
3515 5816 3645 5858 ecce
3690 5812 3815 5870 pro~
