4094 6402
320 383 422 446 il'i

1248 394 1347 454 DE
1385 394 1830 455 ANDRONICO
1872 394 2335 457 PALAEOLOGO
2374 399 2522 460 LIB.
2572 402 2621 460 Ι.

3492 393 3592 456 lli

317 504 480 576 ὕϐρει
528 504 1061 578 διαλοιδορήσασθαι,
1108 508 1200 561 τὸν
1234 507 1443 563 Βέκκον
1498 508 1903 579 παροξυνθέντα
1940 512 1984 569 Α
2013 512 2214 569 λύοιτο.
2266 515 2402 568 Νυνὶ
2427 516 2482 569 δὲ
2512 514 2879 578 ἁλλ’ἒκαστος
2930 512 3028 583 τὴν
3058 511 3195 567 ίδίαν
3245 510 3591 581 δικαιοσύνην

316 596 516 666 ἐκείνῳ
537 596 640 667 μὲν
671 599 892 668 εὐφυῶς
917 599 1238 669 ἐπιπλῆξαι,
1265 601 1400 670 πρὸς
1433 599 1491 654 δὲ
1540 601 1632 654 τὸν
1678 600 1904 670 βασιλέα

317 688 724 756 επιστραφέντα
749 689 1154 760 μεγαλοφώνως
1181 692 1361 743 εἰπεῖν
1398 689 1516 752 μεθ’
1549 691 1718 761 ὅρκου
1749 692 1826 754 ὡς
1853 693 1903 743 εἰ

317 777 397 848 μὴ
420 779 582 842 αὐτὸς
612 779 818 844 ἐξέλθοι
849 781 940 835 τοῦ
973 782 1391 853 πατριαρχείου,
1415 783 1515 836 οὐκ
1560 783 1625 838 ἄν
1654 799 1785 836 ποτε
1812 782 1905 836 τὸν

312 870 420 938 τῆς
474 870 801 942 Ἐκκλησίας
846 872 1418 943 καταστορεθήσεσθαι
1467 871 1733 927 κλύδωνα.
1793 872 1904 927 Καὶ

310 961 491 1029 οὕτως
518 965 789 1029 εἰπόντος,
822 966 959 1037 ὀργῇ
988 966 1264 1036 ληφθέντα
1309 966 1403 1021 τὸν
1458 966 1678 1037 βασιλέα
1708 966 1902 1032 ἐξανα-

312 1052 514 1121 στῆναι
539 1055 658 1118 καὶ,
680 1071 700 1105 ε
734 1053 952 1121 Τίδαίς
993 1073 1013 1107 ι
1047 1056 1214 1126 φάναι
1267 1055 1409 1125 ὑπὲρ
1437 1057 1536 1124 τῆς
1577 1053 1904 1124 Ἐκκλησίας

308 1145 815 1214 δεινοπαθήσανταο
845 1165 866 1198 ι
893 1148 995 1201 οὐκ
1026 1148 1188 1216 ἀρκεῖ
1222 1149 1292 1201 τα
1343 1147 1606 1217 πρότερα,
1644 1146 1779 1200 ἀλλὰ
1807 1146 1904 1199 καὶ

311 1239 483 1292 πάλιν
508 1239 609 1307 τὴν
647 1238 979 1306 Ἐκκλησίαν
1016 1239 1315 1308 ταράξετε,
1358 1238 1453 1290 καὶ
1500 1237 1622 1290 δυσὶ
1671 1236 1902 1308 περιϐα-

307 1331 335 1380 λ
351 1334 460 1383 ςίτε
492 1329 771 1400 πολέμοις,
796 1330 947 1383 ἐνθεν
978 1329 1077 1398 μὲν
1094 1332 1214 1394 ταῖς
1240 1329 1353 1382 τῶν
1370 1329 1704 1399 σχιζομένων
1733 1346 1904 1395 προσ-

305 1421 525 1487 ϐολαῖς,
555 1421 767 1495 ἐκεῖθεν
794 1420 852 1474 δὲ
886 1423 983 1474 καὶ
1010 1422 1131 1484 ταῖς
1162 1420 1466 1493 παρ’ύμῶν
1502 1422 1683 1474 αὐτῶν
1715 1420 1788 1484 ὡς
1819 1422 1900 1473 εἰ-

309 1515 439 1564 πεῖν
475 1511 869 1581 ὲνευκαιρίαις,
913 1510 1055 1565 ὥστε
1106 1511 1438 1565 κινδυνεύειν
1478 1510 1578 1581 τὴν
1636 1510 1764 1580 μίαν
1808 1510 1902 1564 καὶ

306 1604 592 1673 ᾰρῤηκτον
632 1604 962 1674 Ἐκκλησίαν
1013 1604 1135 1657 καθ’
1168 1604 1342 1674 αὐτὴν
1396 1604 1792 1659 στασιάζουσαν
1844 1607 1901 1657 ἐν

306 1699 385 1765 τῷ
420 1696 624 1751 ἐσθίειν
652 1698 778 1759 τοὺς
810 1698 979 1768 αὐτῆς
1003 1697 1264 1767 ἀλλήλους
1302 1697 1699 1767 δαπανηθῆναι,
1757 1698 1900 1768 ὑπὲρ

300 1787 374 1860 ἧς
416 1790 582 1853 αὐτὸς
608 1792 636 1843 δ
659 1791 894 1862 Χριστὸς
923 1790 983 1842 τδ
1015 1792 1212 1843 οἰκεῖον
1233 1784 1372 1859 αἷμα
1403 1790 1623 1860 ὲξέχεες
1657 1809 1675 1841 ι
1712 1791 1897 1844 Ταῦτα

309 1885 406 1933 καὶ
468 1881 643 1934 πλείω
690 1882 898 1952 τούτων
951 1880 1120 1934 εἰπὼν
1170 1881 1331 1950 δῆλος
1361 1877 1428 1952 ἦν
1471 1882 1668 1944 ἀλύων,
1706 1884 1781 1953 μὴ
1820 1884 1899 1944 είς

306 1973 475 2025 κιλόν
514 1989 569 2025 τι
607 1972 731 2041 μηδ’
760 1974 839 2035 εἰς
892 1973 1193 2043 συμφέρον,
1243 1974 1272 2026 ὃ
1313 1972 1379 2045 δὴ
1426 1975 1519 2026 καὶ
1573 1975 1895 2042 προσεδόκα,

306 2062 701 2133 καταληξάσης
725 2062 826 2130 τῆς
857 2062 1162 2125 διαλέξεως.
1206 2064 1339 2115 Τότε
1359 2062 1416 2115 δὲ
1438 2060 1541 2117 ὧδέ
1572 2081 1656 2127 τις
1686 2063 1751 2117 ἂν
1776 2060 1899 2119 εἷπε

309 2154 451 2224 πρὸς
483 2154 711 2223 πλησίον
741 2154 923 2221 ἄλλον,
965 2172 983 2205 ι
1025 2155 1088 2207 ’Ὠ
1106 2156 1289 2218 πόποι,
1316 2152 1353 2227 ἦ
1387 2159 1528 2225 μέγα
1553 2155 1616 2226 δὴ
1644 2158 1703 2209 τὸ
1725 2158 1898 2211 ταῦτα

308 2249 484 2300 κινεῖν
538 2252 635 2299 καὶ.
700 2245 886 2315 ζητεῖν
950 2248 1205 2318 συνιστᾷν
1232 2249 1332 2317 τὴν
1362 2248 1496 2301 ίδίαν
1547 2249 1897 2322 δικαιοσύνην

302 2342 567 2402 ἕκαστον,
604 2337 790 2389 ἱκανὸν
815 2336 880 2408 [Ρ
912 2336 1003 2409 65]
1043 2337 1101 2390 ὃν
1132 2339 1180 2391 εί
1221 2338 1560 2403 διαλυθέντος
1601 2342 1694 2394 τοῦ
1756 2344 1898 2394 κατὰ

300 2430 398 2482 τὸν
456 2429 692 2483 πάππαν
742 2430 1040 2485 σκανδάλου
1076 2434 1169 2486 καὶ
1224 2432 1393 2487 τᾶλλα
1442 2434 1621 2487 πάντα
1678 2437 1893 2489 συνδια-

300 2613 491 2682 prium
535 2612 807 2668 abdicans
849 2612 1118 2680 judicium
1152 2613 1311 2682 plane
1362 2623 1539 2670 vester
1594 2617 1683 2679 lio,
1717 2617 1892 2673 disci-

302 2709 585 2778 plinaeque
645 2723 732 2761 me
782 2717 981 2762 vestrm
1054 2708 1313 2779 subjicio.
1383 2709 1620 2764 Docilem
1686 2727 1753 2766 en
1810 2729 1894 2766 me

305 2800 521 2855 habetis
554 2800 865 2855 auditorem
894 2802 1120 2866 ;ducite
1146 2802 1417 2870 magistri,
1446 2820 1555 2872 quo
1587 2805 1740 2868 libet,
1772 2820 1895 2859 cre-

307 2893 560 2949 dulitatis
602 2901 812 2962 paratae
870 2894 1230 2964 discipulum.
1286 2896 1491 2950 Edatur
1551 2905 1759 2957 tomus.
1807 2915 1891 2955 rc-

316 2980 571 3050 probetur
593 2983 819 3053 dogma,
846 2983 1158 3052 rejiciatur,
1207 2986 1252 3040 si
1284 2985 1357 3039 ita
1389 2986 1581 3047 vultis,
1608 3003 1670 3040 ex
1708 2989 1892 3042 deria-

320 3072 526 3126 ratione
549 3072 863 3128 divinarum
888 3076 1298 3129 emanationum
1334 3077 1542 3129 mentio
1575 3082 1889 3143 processio-

2007 605 2206 676 ζητῶν,
2240 608 2339 676 τὴν
2369 608 2463 662 τοῦ
2502 607 2639 662 Θεοῦ
2683 606 3033 677 δικαιοσύνην
3093 605 3153 659 οὐ
3197 604 3420 675 φθάσειε
3471 602 3589 657 πώ-

2008 717 2161 761 ποτε,
2195 700 2271 764 ὡς
2293 703 2506 756 ἐκεῖνοι.
2550 721 2570 754 ι
2606 701 2678 755 Th
2704 701 2750 756 δ’
2780 704 2838 765 ἐς
2868 702 2896 756 ὅ
2918 719 2968 756 τι
2998 700 3260 773 προῆλθε,
3309 699 3589 768 προῖόντες

2006 793 2262 863 ἐροῦμεν.
2304 793 2575 859 Ἑκείνους
2613 795 2712 865 μὲν
2734 790 2827 851 οὖν
2855 795 2976 849 τότε
3005 795 3106 865 τῆς
3152 794 3371 847 συνόδου
3403 793 3587 846 διαλυ-

2005 885 2248 958 θείσηςή
2285 888 2378 941 τοῦ
2408 889 2702 959 Κοσμιδίου
2741 885 2854 958 εἶχε
2888 888 3048 958 μονὴ,
3092 886 3230 956 πλὴν
3274 886 3380 939 ὑπ’)
3416 901 3586 955 φρου-

2012 980 2122 1047 ροῖς
2143 979 2239 1033 καὶ
2257 984 2528 1049 φυλακαῖς
2556 982 2966 1051 προσηκούσαις
2984 996 2999 1013 ⁸
3019 980 3110 1043 οὓς
3140 980 3205 1049 δὴ
3225 980 3318 1032 καὶ
3345 978 3584 1045 πέμπων

2002 1071 2031 1122 ὀ
2054 1071 2305 1142 βασιλεὺς
2334 1074 2634 1144 εἰρηνεύειν
2658 1074 2833 1144 ἠξίου,
2854 1075 2950 1127 καὶ
2993 1074 3176 1127 πᾶσαν
3205 1068 3578 1137 δικαιολογίαν

2005 1164 2240 1232 ἀφέντας
2272 1164 2479 1232 διάγειν
2499 1164 2694 1235 ἀνέδην
2722 1166 2816 1219 καὶ
2837 1166 2938 1236 τὴν
2967 1165 3063 1219 ἀπ’
3110 1163 3274 1217 αὐτοῦ
3299 1163 3587 1233 εὐμένειαν

2003 1257 2246 1328 ἔχοντας.
2276 1257 2339 1311 Εἰ
2371 1257 2414 1311 δ’
2439 1255 2554 1323 οὖν,
2585 1258 2699 1313 ἀλλ’
2721 1258 2938 1330 ὲξορίας
2965 1256 3325 1330 προσηπείλει
3354 1256 3451 1310 καὶ
3482 1272 3585 1308 κα-

2004 1347 2229 1417 κουχίας
2260 1349 2604 1419 ὲπαξομένας
2636 1350 2789 1420 σφίσι
2815 1364 2833 1383 ο
2871 1348 3131 1422 μηδὲγὰρ
3156 1345 3294 1402 εἶναι
3331 1348 3506 1409 ἄλλως
3548 1346 3581 1417 ἦ

2001 1439 2078 1503 ὥς
2110 1440 2313 1510 ἐτάχθη
2352 1440 2656 1506 γίγνεσθαι,
2688 1441 2885 1507 αὐτοὺς
2915 1442 2980 1512 δὴ
3006 1443 3198 1512 φήμην
3221 1443 3397 1509 κακὴν
3427 1439 3580 1508 ἕχον-

2001 1548 2100 1595 τας
2123 1531 2661 1601 παραπόλλυσθαε,εί
2689 1534 2763 1606 μή
2795 1550 2859 1602 τε
2901 1534 3337 1605 μετανοήσαντες
3375 1534 3476 1602 τῆς
3509 1535 3584 1585 εἰ-

2006 1625 2170 1694 ρήνης
2201 1623 2487 1692 γένωνται.
2528 1624 2714 1679 Ταῦτα
2740 1625 2833 1678 τοῦ
2877 1626 3139 1696 βασιλέως
3165 1628 3423 1697 συχνάκις
3466 1627 3583 1680 δια-

2006 1718 2348 1788 μηνυομένου
2397 1718 2490 1773 καὶ
2543 1718 2725 1788 ἀγαθὰ
2778 1718 3177 1789 προτείνοντος,
3219 1721 3416 1773 ἐκεῖνοι
3459 1717 3584 1771 οὔτε

2003 1808 2139 1879 πρὸς
2157 1809 2275 1873 δέος
2294 1808 2402 1863 τῶν
2424 1810 2609 1864 λυπῶν
2627 1810 3000 1881 προήχθησαν,
3022 1808 3146 1863 οὔτε
3178 1811 3315 1881 πρὸς
3343 1811 3439 1872 τὰς
3470 1810 3582 1862 τῶν

1959 1900 2225 1968 ῗάγαθῶν
2275 1902 2608 1968 επαγγελίας
2655 1901 3128 1973 ὲμαλακίσθησαν,
3185 1901 3581 1963 διευτονοῦντες

1999 1993 2057 2045 δὲ
2092 1992 2228 2064 πρὸς
2258 1994 2545 2064 ἀμφότερα
2594 1992 2849 2063 ἑτοίμους
2880 1992 3110 2054 ἑαυτοὺς
3137 1995 3400 2064 παρεῖχον
3447 1992 3582 2062 πρὸς

1999 2084 2028 2137 ὃ
2063 2103 2111 2137 τι
2134 2082 2275 2150 δόξει
2298 2083 2377 2154 τῷ
2406 2084 2640 2154 βασιλεῖ,
2680 2084 2755 2148 ὡς
2781 2085 2957 2138 ἐκεῖνο
2988 2085 3189 2155 μᾶλλον
3223 2084 3579 2153 πεισομένους

1998 2176 2169 2247 ἡδέως
2193 2175 2225 2246 ἦ
2255 2178 2370 2238 τοῖς
2397 2175 2539 2229 οὕτω
2564 2177 2986 2241 καταδικάζουσι
3017 2176 3427 2245 σπεισομένους.
3453 2175 3578 2229 Ἐπὶ

2001 2268 2204 2337 μᾶλλον
2273 2267 2332 2322 δὲ
2391 2268 2529 2339 πρὸς
2596 2269 2795 2333 αὐτοὺς
2850 2270 2878 2323 ὁ
2926 2266 3179 2339 βασιλεὺς
3231 2266 3581 2337 παρωξύνετο

1998 2360 2293 2422 ἀνενδότως
2337 2359 2598 2431 μένοντας
2627 2360 2687 2413 τὸ
2712 2361 2998 2432 παράπαν.
3034 2359 3341 2420 Πάντων,δ’
3369 2362 3580 2431 ἀπορη-

1998 2449 2112 2515 Θεὶς
2146 2450 2253 2505 τῶν
2295 2451 2594 2521 μαλάττειν
2631 2452 2865 2524 ἑχόντων
2918 2451 3117 2524 ψυχὴν,
3156 2451 3307 2516 τέλος
3340 2450 3577 2523 ὲξορίαις

1997 2643 2093 2688 aut
2119 2634 2292 2704 culpa:
2314 2632 2510 2689 morbo
2531 2633 2834 2689 causamini
2867 2632 2891 2687 3
2937 2650 2956 2684 ι
2990 2630 3192 2689 Verum
3228 2630 3346 2686 hate
3378 2629 3569 2686 dicen-

1994 2737 2079 2781 tes
2105 2724 2339 2791 Veceus,
2372 2734 2427 2781 et
2457 2727 2550 2795 qui
2580 2726 2649 2781 ab
2681 2739 2748 2780 eo
2780 2725 3028 2801 stabant,
3048 2740 3153 2780 non
3182 2729 3577 2793 persuaserunt

1997 2818 2345 2886 patriarchae,
2390 2818 2484 2888 qui
2536 2818 2719 2889 potius
2756 2816 3016 2873 efferatus
3061 2817 3321 2873 instantia
3358 2831 3573 2881 eorum,

1994 2911 2341 2965 stomachum
2368 2910 2571 2965 acriter
2596 2910 2650 2964 in
2682 2907 2921 2964 Veccum
2953 2924 3276 2979 erumpens,
3303 2924 3405 2962 nec
3439 2924 3573 2963 con-

1996 3002 2238 3056 tumeliis
2271 3000 2581 3065 abStinuit;
2633 3001 2839 3072 quibus
2893 3009 2948 3055 et
2998 3000 3092 3056 hic
3139 3000 3386 3055 irritatus
3429 3001 3574 3055 haud

1996 3094 2268 3148 sedatiora
2304 3095 2575 3165 reposuit.
2617 3093 2696 3150 Ac
2724 3103 3015 3164 postquam
3046 3095 3245 3165 (magis
3279 3103 3460 3148 tamen
3493 3095 3575 3148 in-

314 3164 400 3220 nis
427 3163 667 3236 Spiritus
698 3168 879 3222 sancti
907 3182 972 3222 es
998 3169 1156 3225 Patre
1179 3184 1275 3240 per
1303 3170 1522 3225 Filium.
1548 3170 1659 3224 Nisi
1691 3190 1891 3242 sequar

2000 3187 2223 3255 geniuse
2253 3202 2417 3257 quam
2451 3186 2671 3258 acerbe)
2707 3188 2849 3242 comi
2888 3187 3138 3243 libertate
3165 3188 3300 3243 satis
3335 3188 3572 3259 castiga-

305 3264 362 3314 et
386 3258 504 3329 ipse
533 3259 844 3330 (utcunque
882 3261 1145 3316 conscius
1170 3262 1437 3317 contrarii
1468 3261 1690 3318 Patrum
1716 3266 1888 3333 ellati,

304 3363 406 3404 nec
431 3350 700 3420 ignorans
720 3366 887 3421 quam
914 3365 1113 3422 magno
1136 3354 1383 3423 periculo
1413 3357 1717 3411 auctoritas
1740 3367 1889 3414 tanta

302 3441 666 3514 negligatur),
722 3445 838 3513 ipse
889 3444 1105 3514 culpam
1149 3445 1363 3501 habebo
1415 3448 1531 3505 sive
1590 3454 1892 3508 temeraria;

301 3534 685 3602 persuasionis
732 3551 832 3591 seu
879 3536 1043 3590 etiam
1086 3537 1386 3596 haereseos.
1440 3541 1578 3597 Volo
1609 3545 1755 3596 enim
1801 3559 1893 3596 vn-

304 3627 530 3682 hiscum
563 3629 939 3684 communiter
968 3630 1228 3687 omnibus
1271 3641 1326 3687 et
1356 3632 1647 3701 iustiﬁcari
1673 3646 1726 3690 et
1756 3652 1889 3691 con-

300 3718 580 3774 damnari.
609 3717 706 3773 Sin
739 3736 839 3775 vos
887 3728 1039 3776 tenet
1084 3723 1419 3779 verecundia
1474 3741 1543 3779 ne
1594 3728 1890 3797 reprobare

302 3811 449 3865 dicta
483 3812 711 3867 Patrum
747 3813 1019 3877 audeatis,
1058 3824 1114 3869 et
1164 3814 1218 3870 in
1249 3831 1350 3872 nos
1400 3817 1712 3874 deoneratis
1760 3819 1887 3875 facti

303 3904 429 3971 ejus
457 3904 747 3969 invidiam,
779 3906 853 3959 ita
882 3914 940 3961 ut
963 3921 1129 3976 quam
1157 3923 1253 3977 per
1282 3924 1380 3964 vos
1414 3908 1669 3981 rel‘ugitis
1697 3912 1891 3968 decer-

304 4016 440 4056 nere
464 4000 880 4070 abrogatiunem
911 4003 1181 4059 doctrinae
1209 4020 1240 4060 a
1281 4007 1489 4063 sanctis
1529 4009 1678 4062 clare
1717 4010 1886 4063 tradi-

303 4101 397 4151 ιιρ,
421 4091 584 4145 nobis
614 4091 994 4146 attentandam
1026 4091 1351 4164 injuugatis,
1388 4097 1476 4150 aio
1506 4112 1628 4154 meo
1654 4098 1780 4167 jure
1823 4115 1890 4155 ac

299 4181 587 4238 contendo
610 4194 1047 4239 consentaneum
1085 4186 1239 4256 101
1276 4188 1474 4242 rationi
1503 4204 1650 4256 esse,
1678 4203 1737 4245 ut
1776 4207 1885 4247 non

299 4287 355 4331 et
380 4276 532 4332 factu
565 4279 940 4333 necessarium
964 4278 1167 4344 dicam,
1191 4281 1508 4338 timentibus
1539 4297 1603 4337 ac
1621 4292 1888 4338 cunctan—

296 4368 454 4421 tibus
496 4366 553 4420 in
605 4380 665 4420 re
713 4376 859 4420 tanta
894 4368 1069 4431 vobis,
1118 4382 1218 4421 nos
1255 4384 1476 4439 quoque
1510 4380 1779 4437 metuere.
1819 4389 1888 4428 ne

298 4459 445 4511 forte
478 4457 828 4527 postmodum
875 4458 1022 4513 ineo
1063 4459 1205 4527 quod
1239 4460 1375 4515 citra
1425 4472 1666 4516 vestrum
1697 4478 1884 4519 exem-

1998 3279 2075 3330 vit
2106 3276 2413 3342 hominem,
2443 3276 2508 3332 ad
2545 3279 2854 3348 Augustum
2903 3292 3205 3333 conversus
3230 3277 3377 3333 clara
3406 3279 3574 3333 incla-

1996 3370 2169 3422 mavit
2202 3383 2356 3431 voce,
2382 3368 2749 3438 jurejurando
2777 3369 2946 3424 etiam
2979 3369 3185 3424 dictum
3216 3371 3570 3438 conﬁrmans,

1996 3473 2063 3512 ue
2094 3471 2335 3526 unquam
2369 3465 2617 3525 speraret
2646 3457 2946 3526 procellam
2978 3472 3083 3527 qua
3118 3456 3283 3513 modo
3321 3457 3571 3512 turbare-

1995 3557 2084 3602 tur
2115 3546 2352 3601 Ecclesia
2374 3545 2698 3610 sedandam,
2720 3545 2826 3602 nisi
2860 3546 2952 3615 qui
2984 3561 3128 3601 nunc
3150 3546 3570 3616 patriarchalcm

1994 3640 2266 3692 insidebat
2297 3638 2577 3703 thronum,
2612 3639 2740 3692 inde
2772 3647 3147 3694 amoveretur.
3170 3640 3289 3702 Quo
3315 3641 3447 3696 talia
3480 3657 3574 3693 vn-

1992 3727 2281 3791 cil’erante,
2314 3726 2724 3782 excandescens
2774 3728 3073 3795 imperator
3114 3744 3567 3800 .exsurgensqnc.

1996 3837 2017 3869 ε
2077 3817 2181 3883 Εη,
2225 3816 2323 3881 ait,
2370 3832 2530 3887 quem
2558 3815 2795 3873 fructum
2851 3818 3145 3874 referimus
3188 3820 3436 3890 gravium
3472 3836 3572 3891 pro

1991 3909 2236 3964 Ecclesia
2273 3911 2523 3965 laborum
2552 3912 2565 3964 ι
2599 3926 2708 3964 non
2735 3909 3013 3966 sufﬁciunt
3046 3912 3206 3967 vobis
3235 3916 3445 3983 priora,
3476 3917 3569 3970 sed

1990 4012 2045 4056 et
2076 4016 2276 4057 rursus
2297 3999 2605 4057 Eeclesiam
2646 4002 2965 4070 turbabitis,
2989 4002 3197 4075 duplici
3226 4021 3345 4060 eam
3373 4009 3571 4064 distra-

1992 4098 2187 4152 hentes
2221 4097 2387 4161 bello,
2421 4096 2548 4152 hinc
2578 4096 2800 4166 quidem
2834 4111 2932 4165 per
2959 4111 3058 4153 vos
3086 4098 3359 4167 objectam
3389 4101 3571 4155 insul-

1990 4188 2141 4245 tibus
2176 4189 2685 4254 schismaticorum,
2721 4188 2851 4244 inde
2880 4197 3063 4244 autem
3090 4190 3313 4258 vestris,
3339 4207 3372 4246 u
3410 4193 3570 4249 levis-

1989 4281 2130 4335 sime
2168 4279 2372 4342 dicam,
2399 4278 2913 4350 importunitatibus
2942 4280 3230 4350 jactatam,
3265 4291 3327 4338 ut
3351 4285 3568 4354 pericu-

1988 4374 2102 4429 lum
2132 4387 2255 4430 esse
2287 4371 2536 4427 videatur
2571 4386 2640 4426 ne
2671 4386 2801 4439 una,
2832 4371 3102 4430 indivulse
3128 4375 3410 4433 cohaerens
3437 4377 3563 4434 sibi.

1988 4480 2174 4522 secum
2194 4464 2307 4534 jam
2331 4464 2673 4521 tumultuans
2693 4474 2746 4519 et
2764 4479 2897 4521 suos
2920 4465 3290 4524 seditionibus
3315 4470 3569 4524 commit-

300 4550 453 4615 plum
478 4547 685 4614 privata
720 4548 916 4603 tidncia
949 4548 1332 4618 inceptet-intus,
1361 4550 1647 4608 aberrasse
1672 4568 1700 4607 a
1733 4565 1884 4609 recto
1917 4546 1960 4600 ί)
1992 4564 2139 4623 tens,
2169 4557 2297 4612 dum
2329 4556 2405 4612 illi
2441 4572 2500 4612 se
2532 4559 2786 4612 mordent
2821 4557 2979 4630 102
3012 4558 3265 4623 invicem,
3287 4561 3402 4631 ipsa
3434 4576 3567 4616 con»

297 4646 473 4707 atque
504 4635 798 4692 oﬂ'endisse
838 4637 1166 4706 deprehensi
1195 4639 1294 4693 soli
1329 4639 1549 4693 luamus
1587 4639 1885 4696 inconsul-

294 4741 409 4783 tam
458 4729 773 4795 audaciam,
814 4729 871 4783 in
923 4730 1178 4793 exitium,
1216 4731 1364 4799 quod
1414 4747 1515 4789 vos
1579 4734 1884 4803 sapientius

294 4820 593 4884 timuistis,
649 4820 1040 4876 immiserabili
1097 4823 1251 4876 ruina
1306 4822 1616 4894 praecipites
1661 4825 1818 4895 lapsi.
1859 4845 1879 4879 ι

299 4911 400 4963 ll-c
433 4909 750 4978 patriarcha
787 4926 915 4966 cum
949 4912 1094 4975 suis,
1128 4922 1188 4966 ut
1231 4916 1746 4984 argumentationis,
1774 4931 1882 4986 qua

298 5002 672 5071 urgebantur,
704 5002 868 5058 Vecci
893 5004 1002 5057 vim
1038 5019 1067 5058 a
1096 5020 1217 5060 sese
1261 5006 1634 5075 depellerent:
1667 5027 1686 5060 r
1715 5010 1882 5079 Atqui

294 5113 327 5149 π
353 5113 422 5161 is,
456 5095 736 5165 inquiunt,
772 5098 876 5152 ista
914 5114 1022 5152 non
1048 5099 1410 5170 scripsimus;
1460 5118 1562 5158 nos
1592 5103 1693 5157 ista
1731 5104 1884 5158 libel-

292 5190 363 5243 lis
386 5188 563 5244 editis
586 5203 701 5273 μου
747 5189 1051 5246 iudidimus
1084 5194 1421 5249 testimonia.
1452 5193 1563 5250 Vos
1594 5196 1707 5250 hinc
1750 5197 1881 5252 alle-

295 5281 495 5343 gastis,
537 5296 569 5335 a
605 5282 760 5336 vobis
791 5282 882 5335 illa
921 5292 1050 5337 sunt
1105 5284 1418 5341 mota.'Vos
1458 5286 1688 5355 proinde
1733 5290 1880 5344 soles

291 5373 540 5440 abjicere
587 5386 652 5425 ac
691 5387 951 5428 revocare
983 5374 1113 5428 talia
1158 5387 1396 5443 oportet.
1440 5393 1458 5428 ι
1499 5379 1576 5431 Ad
1633 5392 1697 5434 ea
1740 5378 1881 5436 Vec-

296 5476 399 5515 rus
438 5478 451 5512 :
492 5477 514 5510 ι
556 5457 695 5524 Quid
719 5470 904 5514 atatem
945 5461 1169 5530 impedit
1204 5464 1503 5531 quominus
1527 5474 1581 5518 et
1613 5480 1730 5530 vos,
1781 5468 1878 5535 ait,

298 5548 555 5604 audeatis
607 5565 881 5617 occupare
935 5566 1059 5620 qua:
1106 5553 1486 5621 prmscrihitis,
1536 5564 1591 5610 et
1627 5560 1879 5627 exemplo

299 5642 518 5708 praeire,
574 5658 771 5708 magno
807 5644 1000 5714 utique
1057 5660 1241 5715 operae
1291 5648 1487 5715 pretio,
1537 5650 1758 5719 quando
1798 5654 1878 5708 sie

296 5731 499 5788 fratres
559 5736 843 5790 vobiscum
906 5736 1224 5800 assumetis,
1289 5740 1709 5812 adjungetisque
1761 5744 1874 5813 jam

295 5841 389 5894 per
438 5842 535 5880 vos
571 5836 786 5881 curatus
840 5828 907 5881 ab
962 5843 1028 5884 eo
1082 5845 1189 5898 quo
1238 5830 1488 5888 laborare
1522 5833 1643 5892 illos
1672 5837 1876 5891 erroris

1986 4659 2253 4715 sumatur,
2306 4664 2405 4717 pro
2444 4664 2550 4718 qua
2584 4650 2700 4720 ipse
2722 4650 2979 4708 Christus
3015 4652 3298 4722 proprium
3336 4656 3563 4724 sangui-

1989 4757 2112 4797 nem
2147 4739 2340 4796 elfndit
2371 4742 2385 4795 l
2425 4741 2552 4797 Haec
2590 4749 2645 4796 et
2672 4742 2828 4812 plura
2859 4742 2944 4800 bis
2972 4744 3260 4814 Augustus
3318 4745 3561 4810 loculus,

1989 4832 2135 4886 haud
2166 4832 2406 4887 obscure
2439 4831 2771 4888 ferebatsibi
2802 4828 3254 4891 molestissimum
3287 4839 3559 4903 accidere,

1984 4925 2130 4995 quod
2161 4925 2248 4980 hic
2270 4939 2629 4995 congressus.
2664 4926 2825 4996 longe
2852 4934 3050 4982 contra
3084 4944 3247 4997 quam
3292 4944 3559 4999 sperave—

1991 5027 2100 5081 rat,
2138 5015 2192 5071 in
2219 5016 2351 5071 nihil
2386 5031 2486 5072 nec
2519 5017 2777 5086 privatim
2812 5017 3103 5074 honestum
3141 5036 3239 5074 nec
3258 5026 3564 5079 communi-

1987 5116 2069 5160 ter
2098 5107 2232 5160 utile
2266 5107 2564 5162 desineret.
2618 5107 2946 5178 Hnjusmodi
2991 5122 3105 5166 tum
3143 5124 3292 5183 gesta
3322 5117 3449 5186 quis
3480 5118 3561 5171 itt-

1987 5209 2168 5263 tuens,
2222 5199 2419 5254 merito
2468 5200 2842 5256 insusurrarct
2883 5204 2933 5257 in
2982 5219 3179 5261 aurem
3210 5210 3363 5264 socio
3396 5228 3411 5266 :
3439 5209 3555 5266 Heu

1985 5293 2104 5344 me!
2139 5306 2209 5345 an
2259 5307 2514 5361 maguum
2573 5293 2678 5349 hnc
2730 5295 3037 5367 quidpiam,
3084 5315 3307 5357 movere
3343 5303 3469 5368 ista,
3504 5313 3557 5359 et

1983 5397 2232 5451 qu:erere
2265 5397 2422 5437 suam
2468 5401 2743 5456 quemque
2801 5397 3044 5445 statuere
3099 5391 3395 5462 justitiam,
3430 5410 3553 5450 cum

1983 5485 2196 5539 aequum
2232 5482 2399 5535 esset,
2436 5474 2656 5530 sublato
2679 5476 2793 5545 jam
2828 5476 2897 5532 de
2927 5492 3066 5550 papa
3105 5483 3383 5548 seandalo,
3420 5500 3556 5539 cnn-

1982 5571 2101 5614 ctas
2129 5560 2333 5627 pariter
2359 5563 2597 5634 reliquas
2619 5570 3030 5625 controversias
3066 5573 3366 5643 componi?
3394 5574 3553 5632 Nunc

1982 5662 2163 5706 autem
2201 5668 2355 5709 suam
2407 5658 2790 5729 unusquisque
2824 5661 3094 5730 justitiam
3152 5679 3430 5732 quzerens,
3482 5671 3549 5723 ad

1982 5741 2074 5797 Dei
2107 5745 2378 5813 justitiam
2405 5763 2510 5802 non
2543 5752 2823 5818 perveniet
2857 5767 3117 5823 unquam.
3143 5750 3220 5808 ita
3245 5755 3323 5810 illi
3354 5760 3553 5816 mussi-~

1982 5837 2185 5893 tabant.
2224 5840 2342 5906 Quo
2370 5857 2496 5897 γι·το
2528 5859 2614 5897 res
2648 5846 2865 5900 tandem
2895 5847 3137 5915 eruperit
3166 5848 3216 5903 in
3249 5865 3541 5921 progrcsm
