4094 6444
543 399 651 462 115

1729 404 2051 464 GEORGII
2091 407 2581 468 PACHYMER/E

3691 404 3782 472 illi

536 512 781 568 δικαιοῦν
809 514 867 583 ἔγ
881 534 967 569 νω.
1009 518 1120 571 Καὶ
1141 518 1205 588 δὴ
1236 520 1373 589 πρὸς
1401 521 1459 573 τὸ
1497 524 1639 575 κατὰ
1662 523 1812 588 δεξιὰ
1842 523 2121 576 εἰσπλέον-
2153 529 2195 583 Α
2230 529 2294 595 τῇ
2335 526 2442 577 τῶν
2466 523 2821 592 Νικητιόιτων
2859 526 2955 591 τῆς
2995 520 3303 591 Δακιδύζης
3326 522 3580 593 φρουρίῳ,
3608 524 3693 577 κιὶ
3712 528 3785 596 τῷ

535 621 590 658 τι
624 606 715 658 τὸν
766 607 1093 677 Ἀστακηνδν
1128 609 1327 664 κόλπον
1375 613 1654 681 φρούριον,
1704 614 1764 667 τὸ
1808 614 1950 667 οὕτω
2000 632 2117 675 πως

536 698 630 749 τοῦ
655 699 813 765 ἁγίου
845 699 1149 769 Γρηγορίου
1187 702 1594 773 ἐπιλεγόμενον,
1640 706 1972 776 προστάσσει
2000 706 2119 774 πλῷ

538 790 915 858 χρησαμέδους
970 790 1302 859 ἀπάγεσθαι,
1360 787 1435 846 Oi}
1464 795 1528 863 δὴ
1576 798 1671 848 καὶ
1715 796 2120 862 ὲγκλεισθέντες

540 880 646 933 ὑπὸ
670 885 925 952 φρουροῖς
970 884 1195 943 Κελτοῖς
1229 885 1322 939 καί
1348 903 1452 940 τινι
1484 886 1592 939 τῶν
1622 888 2120 957 ὲκπροκοιτούντων

535 970 615 1038 τῷ
651 970 861 1039 βασιλεῖ
896 974 1139 1040 ἀφεῖντο,
1164 974 1263 1025 ὅσοι
1307 974 1375 1027 τὰ
1427 977 1505 1037 εἰς
1541 976 1729 1045 χρείαν
1777 973 1886 1028 τῶν
1937 977 2120 1041 ἀναγ-

540 1061 712 1113 καίων
780 1062 1130 1130 ἀπρονόητοι,
1174 1062 1327 1115 οὐδὲν
1369 1063 1529 1116 πλέον
1588 1064 1920 1133 ἀπονάμενοι
1963 1063 2120 1131 βασιο

538 1150 698 1213 λέως,
722 1152 804 1204 ὅτι
835 1152 912 1222 μὴ
950 1157 1086 1221 μετὰ
1148 1155 1338 1219 καιρὺν
1403 1153 1488 1205 ἐπ’
1544 1154 1805 1220 ἀνατολῆς
1843 1155 2120 1223 ὁρμῶντος

540 1245 1006 1316 πατριαρχοῦντος
1051 1245 1394 1310 Ἀθανασίου,
1430 1250 1519 1300 τόν
1557 1264 1615 1300 τε
1651 1247 1792 1300 κατὰ
1833 1246 1930 1317 τὴν
1967 1246 2119 1300 Ἑλε-

541 1335 758 1387 νόπολιν
791 1337 1192 1407 περαιιυθέντος
1225 1338 1489 1407 πορθμὸν,
1520 1338 1615 1391 καὶ
1640 1338 1731 1390 τὸν
1763 1337 1937 1406 μέγαν
1967 1336 2123 1402 λογοα

540 1426 703 1495 θέτην
734 1430 820 1480 ἐπ’
851 1431 1049 1493 αὐτοὺς
1093 1431 1428 1498 πέμψαντος,
1466 1430 1524 1482 ὃν
1569 1431 1663 1487 καὶ
1714 1432 1792 1492 εἰς
1844 1429 2120 1497 πρωτοϐε-

542 1520 787 1586 στιάριον
818 1521 1161 1582 ἀνεϐίϐασεν,
1204 1524 1231 1574 ὁ
1259 1524 1358 1590 μὲν
1402 1522 1601 1602 ἐκατρκ
1639 1520 1911 1591 χρυσίνοις
1940 1522 2122 1573 ἐνικα-

542 1610 720 1675 VOS-ro,
752 1611 865 1665 ὁδέ
890 1629 953 1678 γε
1003 1612 1414 1683 Μελιτηνιώπης
1473 1616 1827 1684 πεντήκοντα.
1900 1613 1957 1664 Ὀ
2011 1615 2121 1681 γὰρ

540 1700 723 1770 τρίτος
759 1704 785 1755 ὁ
814 1702 1119 1772 Μετοχίτης
1164 1704 1250 1756 διὰ
1289 1704 1442 1756 νόσον
1497 1702 1853 1773 προκατήχθη
1906 1703 1996 1756 ἐπὶ
2052 1705 2123 1755 τὰ

541 1795 681 1849 οἴκοι
721 1795 951 1861 ἐκεῖθεν,
979 1796 1238 1865 βασιλέως
1273 1796 1694 1867 προστάξαντος.

2225 618 2412 686 τυφλῷ
2459 617 2681 687 Ἰωάννῃ
2740 616 3013 686 συμμίξας
3062 614 3464 684 φιλοφρονεῖταί
3514 633 3568 668 τε
3601 616 3665 669 τὰ
3717 621 3783 671 ei-

2225 710 2380 767 κότα,
2414 710 2507 760 καὶ
2530 709 2589 760 τὸ
2623 710 2701 771 είς
2735 710 2945 759 ἐκεῖνον
2976 706 3129 776 παρὰ
3186 705 3282 758 τοῦ
3330 708 3531 775 πατρὸς
3585 704 3785 774 γεγονὸς

2222 801 2383 861 αὐτὸς
2419 803 2678 871 ἐπειρᾶτο
2712 788 3002 868 μαλάττειν
3048 801 3167 861 ταῖς
3214 797 3610 857 ύποπτὼσεσιν,
3658 797 3786 848 ὥστε

2222 893 2316 945 καὶ
2343 892 2763 963 συγχωρηθῆναι
2794 892 2923 962 παρ’
2965 891 3175 944 ἐκείνου
3225 891 3323 944 καὶ
3373 884 3483 943 οἷον
3540 904 3786 957 κραταιω-

2224 981 2383 1053 θῆναι
2416 983 2554 1052 πρὸς
2581 982 2643 1035 τὺ
2681 981 2987 1052 βασιλεύειν
3012 980 3073 1045 ἐξ
3104 981 3310 1049 ἀγαθοῦ
3329 978 3529 1033 σκοποῦ
3559 980 3649 1030 καί
3667 995 3790 1047 χρη-

2225 1075 2353 1141 στῆς
2381 1073 2700 1136 διαθέσεως.
2734 1073 2905 1136 Δύτδς
2932 1073 2989 1127 δὲ
3013 1073 3123 1126 τῶν
3157 1075 3234 1135 είς
3254 1071 3465 1143 τρυφὴν
3493 1068 3680 1138 ἐκείνῳ
3704 1069 3790 1120 καὶ

2222 1165 2407 1218 ἄνεσιν
2436 1166 2745 1234 προνοήσας
2774 1164 3178 1218 ἀπαλλάττεται
3202 1164 3301 1231 τὴν
3330 1162 3615 1231 ταχίστην.
3667 1161 3791 1211 Τότε

2222 1257 2267 1309 δ’
2299 1256 2529 1318 ἐπιστὰς
2563 1256 2795 1318 ἐκείνοις
2841 1257 2870 1308 ὁ
2921 1255 3440 1326 πρωτοὸεστιάριος,
3492 1252 3791 1307 Ἀθανασίου

2224 1352 2710 1419 πατριαρχοῦντος,
2732 1348 2859 1417 περὶ
2874 1341 2935 1400 οὗ
2958 1348 3094 1416 μετὰ
3112 1344 3283 1399 ταῦτα
3300 1344 3687 1416 ρηθήσεται,τ5ι
3708 1345 3795 1410 μὲν

2223 1442 2592 1511 προγεγονὸτα
2617 1442 2709 1491 καὶ
2723 1439 3071 1507 διεμάλαττε,
3096 1437 3191 1490 καὶ
3216 1436 3385 1499 πολὺς
3407 1436 3653 1503 ἐφαίνετο
3684 1434 3794 1491 τοὺς

2223 1534 2424 1602 ἄνδρας
2452 1533 2714 1586 θωπεύων
2728 1549 2787 1584 τε
2805 1532 2900 1585 καὶ
2921 1529 3366 1597 ὑποποιούμενος,
3385 1528 3477 1582 καὶ
3494 1527 3558 1597 δὴ
3572 1527 3666 1596 τῆς
3686 1526 3801 1577 πυ).-

2224 1628 2323 1695 λῆς
2353 1627 2451 1693 μὲν
2466 1626 2703 1687 ἐκείνους
2730 1625 2972 1693 φρουρᾶς
2994 1624 3184 1692 ἀνῆκε,
3213 1623 3488 1692 φρουροὺς
3522 1620 3565 1675 δ’
3587 1621 3801 1689 ἀφῃρεῖ-

2223 1736 2305 1777 το.
2329 1718 2443 1771 ἐστι
2466 1717 2511 1770 δ’
2538 1716 2629 1780 οὓς
2657 1718 2751 1769 καὶ
2774 1716 3083 1786 ἐνήλλαττε,
3110 1713 3425 1781 καὶὰγαθὰς
3440 1713 3686 1766 ὑπέτεινε
3709 1712 3797 1769 τὰς

2229 1808 2471 1870 ἐλπίδας,
2522 1805 2615 1857 καὶ
2648 1804 2747 1872 τὴν
2787 1806 2937 1873 παρὰ
2956 1802 3220 1870 βασιλέως
3237 1802 3482 1871 ἠγγυᾶτο
3498 1798 3794 1867 εὐμένειαν.

541 1912 652 1977 λς’.
713 1913 940 1981 ἰλ-ἔιξις
990 1913 1096 1966 τοῦ
1147 1913 1455 1977 ,βασιλέως
1501 1915 1652 1981 πρὸς
1693 1910 1983 1978 Ἰωάννην
2022 1911 2128 1964 τὸν
2158 1886 2200 1940 Β
2235 1901 2466 1953 Ἔπειτα
2500 1899 2591 1951 καὶ
2616 1896 2765 1967 αύτῷ
2802 1895 3008 1966 βασιλεῖ
3041 1894 3404 1963 καταχθέντες
3430 1893 3524 1945 τοῦ
3556 1887 3803 1981 φρουρέου

1079 1984 1199 2036 ἀπὸ
1232 1984 1569 2045 βασιλέων.

628 2071 767 2126 Ἀλλ’
788 2073 815 2125 ὅ
847 2090 914 2141 με
935 2073 1180 2141 παρῆλθε
1241 2072 1444 2143 μικρὸῦ
1484 2072 1552 2143 [Ρ
1582 2072 1673 2145 66]
1735 2073 2000 2143 πρότερον
2033 2088 2127 2139 γε.

550 2169 727 2235 γονδς,
763 2166 1017 2234 βασιλεὺς
1045 2167 1139 2235 τῆς
1181 2167 1385 2230 πόλεως
1420 2166 1759 2237 ὲξεληλακὼς
1799 2164 2126 2235 προσϐάλλει

548 2439 872 2497 referemus.
899 2438 1133 2493 V'eccum
1167 2453 1332 2510 porro
1363 2447 1416 2492 et
1444 2438 1625 2493 socios
1647 2436 1826 2491 soluto
1855 2444 2126 2491 conventu

548 2532 809 2587 Cosmidii
860 2533 1256 2587 monasterium
1293 2532 1536 2601 excepit,
1583 2539 1842 2585 caeterum
1884 2529 1995 2584 illic
2026 2530 2128 2584 sub

550 2625 657 2678 tida
703 2623 924 2678 habitos
973 2622 1271 2677 custodia:
1314 2638 1453 2691 quos
1496 2632 1549 2676 ct
1582 2620 1868 2677 dimittens
1897 2621 2130 2690 impera-

550 2728 658 2782 tor,
694 2726 754 2770 ut
787 2731 847 2771 se
877 2717 943 2771 ad
977 2730 1166 2786 pacem
1205 2716 1560 2780 inclinarent,
1591 2715 1804 2780 orabat,
1839 2725 1891 2769 et
1924 2715 2129 2769 omissa

549 2809 904 2880 pugnacitate
927 2809 1050 2877 jura
1084 2810 1304 2878 propria
1339 2809 1527 2863 tuendi
1569 2809 1795 2863 mallent
1824 2809 2021 2877 degere
2047 2822 2132 2860 se-

549 2917 681 2957 cure
722 2902 895 2970 gratia
934 2901 1181 2955 fruentes
1213 2902 1412 2972 ipsius,
1455 2901 1539 2956 sin
1566 2901 1618 2955 id
1670 2903 1899 2961 nollent,
1936 2902 2129 2954 exsilia

546 3005 604 3051 et
631 3010 907 3052 mrumnas
929 2994 1065 3063 ipsis
1086 2993 1410 3063 infligendas
1435 2995 1819 3049 comminans:
1853 3011 1957 3046 non
1984 2995 2127 3047 enim

549 3102 612 3144 se
650 3102 939 3155 passurum
974 3087 1133 3141 aliter
1161 3103 1327 3156 quam
1356 3096 1522 3157 prout
1570 3086 1766 3141 fuisset
1815 3088 2129 3140 ordinatum

552 3181 692 3235 fieri.
735 3179 908 3233 Porro
940 3179 1090 3248 ipsos
1132 3187 1428 3248 coopertos
1458 3176 1684 3232 infamia
1739 3179 1879 3230 male
1925 3177 2130 3243 peritu-

552 3290 668 3339 ros,
726 3274 829 3329 nisi
867 3273 1135 3328 hactenus
1189 3287 1438 3328 actorum
1492 3273 1813 3343 poenitentia
1867 3279 2128 3340 colli-cpta

552 3367 873 3424 conferrent
919 3368 1161 3422 animum
1219 3367 1286 3420 ad
1344 3382 1555 3435 pacem.
1614 3366 1765 3421 Talia
1812 3381 1935 3420 cum
1991 3379 2133 3431 sta-pc

549 3460 918 3531 signiﬁcasset
985 3461 1310 3529 imperator,
1348 3460 1476 3514 etsi
1519 3458 1710 3513 audire
1758 3458 1973 3521 vellent,
2009 3471 2133 3525 pro-

546 3572 707 3625 Spcra
736 3564 884 3610 esset
911 3564 1107 3608 cuncta
1143 3553 1541 3623 pollicitus,illi
1577 3569 1676 3606 nec
1708 3560 1852 3604 nzctu
1894 3551 2129 3604 ll‘istittltt

551 3648 772 3704 adducti
824 3662 923 3700 nec.
959 3645 1249 3715 promissis
1279 3646 1529 3701 lmtorum
1584 3645 1813 3697 emolliti
1852 3652 2000 3704 sunt,
2035 3641 2134 3693 till-

552 3745 815 3796 durantes
846 3756 907 3795 se
932 3740 1200 3795 adversus
1229 3749 1484 3807 utraque,
1523 3755 1691 3807 seque
1721 3746 1940 3806 paratos
1972 3737 2129 3788 exhi-

554 3837 743 3889 bentes
771 3836 838 3889 ad
874 3834 1092 3904 quidvis
1137 3833 1263 3887 ntali
1311 3832 1657 3887 subeundum
1704 3832 1848 3900 quod
1888 3830 2132 3899 inﬂigere

554 3923 689 3990 ipsis
733 3923 999 3976 voluisset
1041 3923 1370 3991 imperator,
1420 3923 1607 3991 utqui
1645 3922 1868 3975 omnino
1918 3922 2130 3976 consti—

552 4017 789 4069 tuissent
820 4015 1128 4085 quamlibet
1165 4016 1351 4084 potius
1383 4015 1736 4070 acerbitatem
1771 4015 1926 4085 103
1963 4015 2133 4069 liben-

552 4118 634 4159 ter
666 4107 873 4177 perpeti
915 4123 1080 4176 quam
1117 4108 1230 4162 ullo
1259 4125 1383 4163 cum
1412 4109 1478 4164 iis
1506 4108 1715 4163 foedere
1746 4109 1918 4171 coire,
1947 4107 2038 4174 qui
2073 4122 2131 4161 se

553 4204 660 4255 isto
713 4203 879 4258 modo
913 4205 1403 4258 condemnassent.
1453 4202 1569 4268 Qua
1614 4218 1803 4256 eorum
1853 4202 2128 4257 declarata

549 4297 921 4350 obstinatione
954 4311 1107 4365 spem
1152 4297 1357 4351 nullam
1396 4295 1745 4365 relinquente
1795 4297 2132 4365 resipiscen-

552 4389 643 4442 ti:e
678 4390 733 4441 in
766 4399 1074 4458 posterum,
1112 4389 1285 4457 magis
1314 4398 1368 4440 et
1408 4388 1462 4442 in
1496 4388 1646 4457 ipsos
1678 4389 1961 4458 magisque
1996 4404 2129 4443 con-

552 4482 757 4535 citatus
786 4482 1119 4550 imperator,
1161 4491 1216 4534 et
1249 4480 1384 4534 nihil
1426 4480 1635 4535 habens
1672 4480 1965 4553 reliquum,
1994 4497 2132 4537 cun-

2233 1990 2487 2059 ἁσμένως
2519 1992 2697 2058 πάντη
2729 1988 2823 2041 καὶ
2849 1987 3185 2056 φιλοφρόνως
3216 1986 3525 2056 ὡμίλησαν.
3591 1984 3677 2045 Ὠς
3706 1980 3804 2048 γὰρ

2234 2070 2328 2134 καί
2360 2081 2428 2134 τὰ
2463 2082 2611 2151 παρὰ
2645 2078 2738 2132 τοῦ
2774 2079 3077 2148 Γρηγορίου
3105 2076 3602 2145 ἁπεδοκιμάζοντο,
3628 2072 3700 2135 ὼς
3722 2071 3806 2123 καὶ

2233 2172 2365 2227 αὐτὸ
2419 2170 2536 2241 μετ’
2587 2170 2767 2239 ὀλίγον
2807 2169 3064 2240 ἐροῦμεν,
3116 2171 3211 2224 καὶ
3267 2167 3370 2239 ἤδη
3412 2167 3502 2220 διὰ
3531 2166 3699 2219 ταῦτα
3728 2162 3806 2216 ἐν·

2237 2454 2386 2498 tatus
2419 2444 2549 2498 inde
2578 2442 2691 2511 jam
2724 2451 2849 2497 ante
2874 2442 2926 2496 in
2959 2455 3115 2496 suam
3158 2441 3388 2495 domum
3437 2438 3617 2494 fuerat
3661 2436 3808 2506 jussu

2237 2536 2613 2606 imperatoris.
2983 2542 3009 2558 ‘

2234 2650 2304 2704 56
2365 2649 2631 2720 Profectio
2662 2649 3007 2720 imperatoris
3042 2647 3111 2701 ad
3149 2647 3416 2701 Joannem
3446 2646 3574 2700 olim
3606 2643 3813 2714 imperio

2889 2719 3170 2788 dejectum.

2311 2812 2415 2867 Sed
2455 2829 2541 2867 me
2591 2814 2935 2883 praeterierat
2966 2814 3113 2882 quod
3174 2813 3337 2880 paulo
3378 2813 3533 2883 prius
3568 2806 3816 2873 contigit,

2237 2908 2625 2973 imperatorem
2672 2906 2928 2959 videlicet
2963 2921 3028 2958 ex
3065 2906 3201 2960 urbe
3234 2906 3556 2973 profectum
3601 2917 3659 2956 se
3694 2913 3816 2952 con-

2240 3001 2432 3055 tulisse
2460 2999 2524 3053 ad
2571 3015 2752 3053 arcem
2798 2998 3195 3053 Nicetia'aruut
3235 2999 3597 3070 Dacibyzam,
3644 2995 3817 3063 ibique

2236 3091 2574 3147 custoditum
2627 3089 2893 3145 Joannem
2922 3108 3125 3145 ciccum
3162 3092 3512 3160 peroﬂieiose
3540 3090 3817 3145 salutasse.

2238 3197 2650 3250 excusasseqne
2675 3190 2731 3235 ut
2767 3183 2967 3248 potuit,
2992 3198 3058 3235 ac
3089 3182 3277 3237 multis
3308 3183 3569 3238 benevoli
3605 3180 3819 3235 allectus

2242 3274 2749 3341 significationibus
2805 3273 3360 3342 exltibitionibusque
3407 3276 3640 3329 honoris
3688 3269 3820 3324 initi-

2241 3383 2371 3436 gare
2401 3377 2639 3420 tentasse
2670 3365 2928 3433 injuriam
2976 3364 3076 3434 ipsi
3120 3382 3150 3419 a
3199 3375 3353 3434 patre
3411 3366 3815 3422 atrocissimam

2241 3460 2470 3522 ill-«tam,
2514 3468 2573 3512 ut
2605 3458 2685 3513 sic
2718 3458 2973 3512 videlicet
3000 3474 3065 3511 ex
3086 3460 3520 3530 circumscripto
3554 3458 3820 3528 quondam

2241 3553 2453 3607 nefarie
2484 3552 2693 3621 pupillo
2725 3553 2976 3621 principe
3010 3552 3232 3607 eliceret
3280 3554 3660 3609 voluntariam
3691 3549 3823 3621 juris

2241 3648 2326 3698 sui
2382 3645 2688 3698 cessionem
2725 3655 2777 3698 et
2829 3660 3165 3699 consensum
3205 3645 3257 3698 in
3319 3647 3621 3716 imperium
3659 3643 3823 3713 ipsius

2240 3739 2566 3800 Andronici,
2601 3753 2712 3807 quo
2749 3754 3048 3801 consensu,
3103 3739 3245 3806 quod
3284 3738 3432 3794 forte
3469 3741 3572 3810 ipsi
3606 3739 3669 3793 ad
3700 3736 3824 3806 legi-

2242 3835 2429 3887 limam
2463 3834 2809 3902 principatus
2842 3834 3252 3902 possessionem
3303 3835 3409 3890 dce
3442 3845 3522 3901 at,
3554 3844 3827 3901 utcunque

2240 3926 2614 3993 supplerctur,
2655 3924 2815 3996 105.
2852 3938 2907 3979 et
2941 3934 3059 3978 rata
3088 3926 3142 3979 in
3181 3934 3473 3993 posterum
3511 3927 3824 3981 redderetur

2239 4017 2501 4084 ninnique
2533 4018 2700 4070 animi
2730 4017 2996 4086 religione
3035 4033 3098 4071 ac
3130 4020 3400 4087 scrupulo
3439 4020 3614 4074 libera
3650 4033 3746 4072 sua
3779 4016 3827 4068 in

2237 4110 2562 4180 dignitatem
2622 4111 2925 4179 Augustam
2985 4111 3290 4164 successio.
3334 4111 3464 4177 Quo
3521 4114 3825 4179 impetrato.

2238 4205 2387 4273 large
2448 4202 2695 4257 vicissim
2765 4202 3069 4271 assignatis
3131 4214 3510 4259 exatictorato
3598 4202 3828 4274 principi

2240 4297 2458 4351 abunde
2521 4298 2837 4351 sullecturis
2874 4296 2938 4349 ad
2983 4295 3189 4350 lautum
3245 4297 3460 4352 victum
3513 4300 3833 4366 cultumque

2241 4398 2528 4450 caeterum,
2561 4387 2728 4442 etiam
2751 4385 3074 4450 delicatum,
3101 4386 3397 4455 impensis,
3430 4390 3699 4444 celeriter
3718 4385 3836 4440 inde

2246 4499 2306 4538 se
2332 4481 2561 4550 recepit.
2596 4486 2727 4538 Post
2788 4481 2891 4533 hoc
2925 4479 3150 4532 deruunt
3186 4481 3256 4533 ita
3303 4479 3541 4542 factum,
3582 4492 3835 4550 protovc—

551 4587 636 4631 cta
670 4575 878 4632 frustra
914 4585 1199 4646 expertus,
1223 4592 1333 4645 quo
1360 4585 1699 4647 se'spcrarct
1723 4592 1884 4647 posse
1912 4578 2128 4631 illorum
2168 4576 2207 4627 D
2237 4575 2486 4633 Stiarius.
2523 4575 2772 4627 mittente
2796 4571 3103 4624 Athanasio
3148 4572 3497 4641 patriarcha,
3533 4573 3604 4629 de
3638 4588 3751 4642 quo
3786 4578 3838 4623 et

552 4672 768 4726 animos
797 4670 1032 4737 mollire,
1067 4672 1283 4725 tandem
1314 4671 1523 4725 exsiliis
1547 4672 1694 4739 ipsos
1721 4672 1983 4723 damnare
2007 4686 2135 4723 con-

558 4768 764 4825 stituit.
821 4766 987 4821 Jubct
1039 4767 1224 4836 itaque
1277 4783 1420 4821 nave
1463 4767 1745 4835 deportari
1785 4766 1835 4817 in
1892 4780 2133 4818 arccma

556 4863 769 4917 dextris
817 4859 1148 4930 ingredienti
1204 4860 1386 4913 sinum
1421 4860 1754 4914 Astacenum
1808 4859 1995 4919 sitam,
2046 4857 2133 4909 aui

558 4971 753 5009 nomen
785 4971 813 5010 a
848 4964 1042 5010 sancto
1075 4952 1344 5023 Gregorio
1369 4963 1472 5017 est,
1509 4953 1601 5007 ubi
1631 4952 1875 5005 conclusi
1908 4952 2011 5002 sub
2040 4966 2135 5002 cu-

555 5049 731 5104 stodia
757 5048 1065 5110 Celtorutn,
1096 5049 1183 5101 cui
1220 5056 1453 5116 praaerat
1491 5060 1635 5097 unus
1663 5061 1725 5097 ex
1761 5042 2135 5110 imperatoriis

555 5140 995 5203 excubitoribus,
1023 5141 1197 5194 relicti
1227 5148 1359 5193 sunt
1387 5141 1507 5193 sine
1541 5139 1650 5192 ulla
1688 5139 1906 5191 interim
1943 5136 2133 5204 prori-

555 5237 713 5289 sione
742 5234 1028 5303 pensiouis
1064 5234 1128 5287 ad
1156 5233 1382 5293 victum,
1415 5231 1599 5301 inopia
1633 5233 1723 5283 diu
1764 5230 1966 5283 frustra
1997 5243 2132 5296 pra--

556 5328 756 5383 stolata
777 5328 1149 5383 necessarium
1168 5328 1236 5381 ab
1258 5327 1590 5393 imperatore
1605 5325 1933 5383 subsidium,
1955 5323 2135 5391 quoad

557 5424 843 5491 aliquanto
877 5421 1155 5489 posterius
1191 5418 1549 5489 proficiscens
1596 5419 1649 5470 in
1694 5416 1976 5471 Orientem
2037 5429 2131 5483 pa—

558 5517 797 5570 triarcha
846 5514 1205 5577 Athanasius,
1261 5521 1314 5565 et
1375 5512 1439 5565 ad
1512 5508 1885 5579 Helenopolim
1934 5510 2134 5564 fretum

557 5610 865 5679 trajicicns.
893 5610 1045 5662 misit
1077 5608 1139 5660 ad
1164 5622 1258 5661 eos
1282 5622 1537 5675 magnum
1564 5592 1920 5675 logothctatil,
1943 5616 2136 5674 postea

558 5700 1049 5772 protovestiarium
1088 5710 1357 5763 creatum,
1409 5703 1500 5767 qui
1542 5697 1718 5753 Vecco
1761 5699 1977 5765 quidem
2015 5713 2141 5749 cen-

561 5806 677 5848 tum
712 5809 935 5854 aurcos,
976 5792 1324 5846 Mcliteniota:
1366 5808 1494 5845 vero
1529 5792 1928 5861 quinquaginta
1966 5790 2139 5843 dona-

563 5888 659 5941 vit.
694 5881 826 5937 Nam
857 5883 1051 5938 tertius
1083 5879 1374 5937 Metocltiza
1404 5891 1623 5951 propter
1654 5879 1911 5936 morbum
1936 5879 2137 5950 depor-

2239 4669 2361 4735 ejus
2394 4668 2740 4736 promotione
2772 4676 2895 4734 post
2925 4667 3042 4720 haec
3080 4666 3316 4731 dicetur,
3358 4665 3614 4721 Veccuni
3647 4677 3703 4720 et
3725 4664 3839 4734 ejus

2239 4762 2453 4817 socium
2502 4762 2555 4814 in
2593 4774 2819 4814 carcere
2857 4759 3144 4813 convenit.
3203 4757 3302 4812 llic
3352 4758 3536 4829 igitur
3589 4760 3721 4815 novi
3754 4775 3845 4827 pa-

2244 4855 2506 4907 triarchae
2548 4850 2836 4905 Athanasii
2889 4852 3101 4919 legatus
3142 4851 3282 4905 duos
3316 4854 3584 4920 captivos
3624 4851 3845 4906 exsules

2243 4947 2517 5002 consulari
2576 4946 2754 4999 modis
2784 4945 3047 5000 omnibus
3082 4954 3137 4999 et
3174 4945 3428 5014 priorum
3468 4947 3613 5014 ipsis
3644 4960 3847 5000 rerum-

2241 5054 2437 5092 narum
2487 5037 2721 5093 delinire
2775 5038 3059 5093 tristitiam
3122 5039 3345 5105 sategit.
3416 5053 3490 5092 ne
3559 5037 3846 5091 blanditiis

2241 5131 2465 5200 quidem
2494 5139 2549 5182 et
2576 5129 3074 5195 assen'ationibus,
3105 5143 3215 5199 quo
3265 5130 3392 5182 illos
3426 5129 3844 5188 demereretur,

2244 5223 2546 5277 abstinens.
2585 5222 2883 5291 Angustias
2911 5236 3133 5291 quoque
3165 5220 3443 5274 custodia:
3474 5222 3716 5285 laxavit,
3751 5236 3845 5272 cu-

2244 5317 2571 5383 stodumquc
2630 5317 2898 5382 quosdam
2955 5314 3211 5369 amovit;
3249 5312 3390 5365 alios
3432 5313 3844 5382 placidioribus

2244 5408 2495 5471 mutavit,
2526 5408 2722 5461 melius
2745 5409 2908 5460 etiam
2943 5421 3166 5474 sperare
3188 5405 3242 5458 in
3269 5412 3564 5473 posterum
3620 5406 3847 5475 jubens,

2246 5503 2360 5555 imo
2391 5503 2522 5573 ipsis
2552 5502 2833 5571 spondens
2855 5515 2963 5554 non
2993 5502 3235 5569 vulgaris
3264 5499 3411 5567 apud
3442 5500 3847 5570 imperatorem

2247 5597 2428 5650 locum
2464 5596 2674 5665 gratim.
2709 5595 2851 5661 Quin
2895 5594 2950 5647 et
2980 5594 3178 5649 deinde
3202 5592 3383 5647 educti
3414 5606 3660 5647 carcere
3688 5604 3854 5661 atque

2250 5689 2315 5743 ad
2357 5693 2664 5756 Angusturn
2694 5687 3091 5741 admissionem
3126 5685 3297 5748 nacti,
3331 5699 3465 5738 cum
3496 5686 3572 5739 ab
3607 5686 3704 5740 illo
3728 5694 3857 5739 sunt

2251 5783 2551 5837 lienorifice
2580 5782 2813 5851 accepti,
2849 5789 2960 5834 tum
2990 5792 3043 5833 et
3077 5779 3181 5848 ipsi
3216 5777 3473 5833 vicissim
3513 5780 3695 5832 multa
3730 5793 3855 5831 cum

2252 5877 2656 5948 signiﬁcatione
2688 5875 2798 5932 veri
2829 5872 3056 5929 allectus
3097 5871 3427 5940 ﬁduciaque
3464 5869 3667 5925 liberae
3697 5886 3861 5927 vcnc-
