4094 6406
306 409 407 472 lli

1244 414 1345 474 DE
1373 412 1816 474 ANDRONICO
1849 406 2322 469 PALAZOLOGO
2365 409 2510 469 LIB.
2563 408 2609 467 ῐ.

2834 313 2861 330 κ

3465 406 3484 459 l
3504 402 3577 462 τε·

292 530 513 578 σπονδοι
532 522 692 597 ἦσαν.
715 525 779 578 re
820 527 931 580 πᾶν
969 526 1207 589 τιθέντες
1249 528 1340 578 ἐπὶ
1378 528 1489 589 τοῖς
1519 527 1575 578 ἐν
1613 523 1732 591 θεῷ
1753 523 1887 593 βρα-
1917 532 1955 587 Α
1988 522 2338 592 ὴιρροντίστει
2378 521 2474 574 καὶ
2506 523 2563 573 ἐν
2595 522 2906 596 ἀνακωχαῖς
2934 513 3021 587 ἦν,
3049 516 3205 580 δόξας
3234 515 3292 567 τε,
3317 513 3572 583 ἐνοχλοῦν
3660 576 3663 577 ν

295 618 571 685 σευούσης
601 616 860 688 ἀληθείας
903 619 1408 689 διαγνωμονήσουσι
1472 617 1674 682 λογίοις
1732 612 1885 668 οὖσιν

297 712 417 781 ἅμα
447 711 541 763 καὶ
577 711 856 775 εὖλαϐέσι,
884 712 1050 777 τάξας
1083 711 1333 781 βασιλεὺς
1369 713 1465 780 τῆς
1494 708 1673 763 αὐτῶν
1725 724 1885 760 συνε-

298 804 536 867 ὶεύσεως
559 805 654 857 καὶ
681 803 874 875 καιρὸν
905 804 1000 857 κει.)⁸
1026 806 1213 868 τόπον,
1236 803 1325 855 τὸν
1355 803 1453 870 μὲν
1493 803 1611 869 μετ’
1638 802 1699 853 οὐ
1727 799 1884 861 πολὺ,

296 899 393 950 τὸν
421 897 480 951 δὲ
519 896 578 949 τὸ
609 897 873 950 Λοπάδιον
905 883 1242 968 (ἐκεῖσεγὲρ
1274 895 1610 964 ἐξήλαυνεν),
1667 893 1886 944 ἐλευσο-

298 989 473 1058 μένου
521 990 617 1041 καὶ
669 990 763 1042 τοῦ
816 990 1002 1060 τρίτου
1052 988 1147 1042 τοῦ
1200 988 1538 1057 Μετοχίτου,
1571 985 1753 1048 καθὼς
1791 984 1884 1036 καὶ

292 1082 505 1151 ἠξίουν.
539 1081 660 1150 μετ’
693 1083 985 1150 εὐμενείας
1021 1084 1120 1151 τῆς
1147 1081 1283 1150 πρὸς
1312 1082 1553 1141 ἐκείνους
1586 1079 1879 1146 ἀναχωρεῖ.

297 1170 548 1225 Ἔθαλπε
577 1172 685 1241 γὰρ
707 1176 803 1225 καὶ
826 1172 1047 1234 τούτους
1079 1171 1282 1224 καὶτὸν
1306 1168 1804 1238 πρωτςϐεστιάριον
1822 1167 1883 1219 τὸ

295 1266 522 1333 συμϐὰν
543 1265 667 1334 περὶ
688 1265 778 1317 τὸν
802 1265 1123 1333 Γρηγὸριον,
1160 1262 1255 1316 καὶ
1286 1262 1527 1326 ἐλπίζειν
1556 1260 1712 1331 ἐπῄει
1730 1260 1881 1326 σφίσι

288 1361 357 1413 τὰ
386 1360 524 1429 πρὸς
554 1361 799 1429 εἰρήνην.
830 1361 954 1420 Τοῖς
986 1342 1087 1429 μὲν
1107 1359 1215 1428 γὰρ
1233 1360 1294 1410 οὐ
1320 1359 1478 1421 πόνος
1500 1353 1568 1428 ἦν
1585 1357 1884 1411 65511605!-

293 1468 400 1522 σης
436 1452 540 1519 τῆς
568 1452 751 1505 αὐτῶν
772 1452 1108 1521 ἐξηγήσεως,
1140 1453 1261 1505 ἐπεὶ
1288 1452 1382 1504 καὶ
1409 1453 1441 1522 ἡ
1465 1451 1557 1503 τοῦ
1577 1447 1879 1520 Γρηγορίου

293 1542 705 1610 κατέγνωσται,
740 1542 837 1596 καὶ
871 1545 1004 1596 ὅπου
1029 1543 1093 1597 ἂν
1113 1545 1318 1608 ἐκεῖνος
1341 1542 1757 1608 radiis-ramea!
1779 1542 1880 1596 αὖ·

290 1633 377 1684 τοὶ
414 1633 636 1697 πάντως
675 1633 1061 1702 ταχθήσονται,
1092 1635 1214 1688 ἐπεὶ
1244 1636 1338 1688 καὶ
1387 1635 1556 1705 ἄμφω
1610 1636 1690 1697 είς
1741 1632 1878 1688 Θεοῦ

296 1726 580 1794 μυστήρια
614 1725 1040 1796 παρακύψαντες
1067 1727 1126 1779 τὸ
1147 1727 1304 1797 ὀρθὸν
1333 1726 1741 1783 οὕ.κατέλα6ον.
1771 1726 1880 1781 Καὶ

286 1819 407 1878 τοῖς
437 1817 538 1884 μὲν
565 1817 738 1880 οὕτως
769 1817 1011 1880 ἐλπίζειν
1046 1818 1224 1890 ἐπῄει,
1258 1820 1286 1873 ὁ
1311 1819 1366 1871 δέ
1392 1835 1456 1888 γε
1478 1819 1883 1891 πρωτοϐεστιά-

1989 615 2377 683 ὑπεξαγαγὼν.

1989 729 2086 793 λζ’.
2125 732 2262 799 Περὶ
2309 731 2421 799 τῆς
2465 731 2750 799 ἀγγελίας
2788 729 2896 784 τοῦ
2949 727 3298 799 πειρατικρῦ
3342 728 3576 781 στόλου

2100 797 2213 854 καί
2230 797 2632 871 ιιετάκομιδῆς
2662 801 2775 855 τοῦ
2803 798 3134 865 βασιλικοῦ
3158 797 3453 866 σώματος.

2059 893 2164 946 Τοῦ
2194 893 2250 946 δέ
2290 910 2355 962 γε
2390 894 2703 967 πειρατικοῦ
2745 892 2885 946 κατὰ
2924 892 3200 945 θάλασσαν
3242 889 3575 942 πλεονάσαν-

1987 1001 2097 1049 τος,
2130 985 2250 1036 ἐπεὶ
2281 985 2342 1038 τὸ
2401 985 2656 1038 ναυτικὸν
2714 983 2994 1048 παντελῶς
3033 983 3338 1054 ἀπήρτητο,
3387 981 3468 1033 ἔτι
3516 980 3574 1032 δὲ

1987 1076 2195 1129 καὶτοῦ
2227 1077 2495 1131 Σκυθικοῦ
2517 1079 2691 1148 ὁρμᾷν
2708 1076 3047 1147 ὴγγελμὲνου
3079 1075 3128 1146 (ὁ
3156 1075 3265 1145 γὰρ
3292 1075 3571 1144 Τερτερῆς

1983 1172 2081 1239 οὐχ
2109 1166 2219 1233 οἷός
2247 1170 2299 1222 τ’
2342 1166 2407 1239 ἦν
2438 1171 2535 1242 οὐχ
2566 1171 2714 1231 ὅπως
2753 1170 2956 1231 ἄλλοις,
2999 1167 3122 1221 οὐδὲ
3151 1166 3332 1235 ἐαυτῷ
3364 1180 3575 1235 προσαμ·

1986 1262 2218 1332 ρὴγειν),
2250 1263 2474 1331 πέμψας
2496 1264 2524 1316 ὁ
2567 1263 2818 1334 βασιλεὺς
2850 1261 2977 1325 τοὺς
3013 1262 3114 1331 μὲν
3145 1260 3281 1331 πρὸς
3330 1257 3574 1330 θαλάσσῃ

1984 1357 2395 1425 κατῳκηκότας,
2430 1356 2647 1427 ἕτοιμον
2687 1357 2860 1428 θήραν
2885 1355 3282 1427 προκειμένους
3312 1354 3424 1416 τοῖς
3448 1369 3571 1405 πει-

1988 1451 2199 1518 ραταῖς,
2250 1450 2512 1520 ἐνδοτέρω
2557 1452 2661 1521 γῆς
2693 1447 3446 1517 ἀναστέλλειν“προσέταττεν
3498 1445 3572 1506 ὡς

1984 1537 2234 1592 ἐντεῦθεν
2263 1532 2821 1613 ὑπεκδραμουμένους
2854 1542 2915 1595 τὸ
2945 1540 3204 1611 χαλεπὸν,
3232 1537 3359 1600 τοὺς
3386 1537 3445 1591 δὲ
3475 1535 3574 1605 τὴν

1989 1631 2278 1699 μεσόγαιον
2304 1631 2525 1704 Θρᾴκης
2554 1650 2614 1686 τε
2634 1633 2728 1688 καὶ
2760 1631 3100 1694 Μακεδονίας
3119 1628 3570 1699 κατῳκημένους.

1983 1720 2108 1772 ἐπεὶ
2150 1720 2700 1791 καταδραμουμένους
2728 1721 2848 1793 ᾔδει
2892 1721 3020 1783 τοὺς
3066 1717 3475 1784 ἐξελαύνοντας,
3506 1715 3573 1783 ἢν

1988 1810 2062 1880 μή
2097 1828 2179 1874 τις
2208 1811 2431 1875 κωλύοι,
2464 1813 2493 1866 ὃ
2526 1813 2590 1882 δὴ
2613 1814 2705 1867 καὶ
2731 1811 2990 1867 ἀδύνατον
3023 1810 3279 1883 τηνικάδε
3309 1808 3574 1878 κατεφαί-

292 1924 413 1977 ριος
446 1905 584 1977 ᾤετο
609 1907 685 1968 ὡς
719 1907 963 1961 ἐκποδὼν
1020 1911 1316 1981 γενομένου
1348 1910 1442 1964 τοῦ
1499 1912 1879 1983 δυσμεναίνειν
1913 1901 1957 1956 Β
1987 1921 2127 1970 νετο,
2152 1907 2262 1969 τοῖς
2293 1906 2472 1960 ἐκεῖσε
2501 1908 2779 1979 φρουρίοις
2809 1907 2870 1960 οὐ
2900 1908 3035 1960 πολὺ
3065 1905 3127 1959 τὸ
3146 1902 3386 1973 ἀσφαλὲς
3415 1900 3573 1970 ἔχου-

294 2000 695 2068 τειστευομένου
732 2003 827 2054 καὶ
868 2002 1041 2055 ταυτὰ
1080 2004 1231 2072 σφίσι
1274 2003 1540 2067 παθόντος
1590 2005 1744 2058 αὐτοὶ
1782 2007 1884 2075 ρᾳ-

288 2090 425 2151 Sim;
452 2090 588 2158 πρός
605 2090 705 2161 τὴν
748 2091 1076 2163 Ἐκκλησίαν
1099 2095 1505 2164 ὁμονοήσουσιν.
1560 2095 1720 2148 Ἀλλὰ
1756 2094 1886 2148 ταῦ-

290 2192 363 2229 τα
390 2177 497 2246 μὲν
528 2176 785 2248 ὕστερον·
808 2180 932 2233 τότε
956 2172 1013 2234 δ’
1045 2179 1109 2252 [Ρ
1136 2178 1229 2253 67]
1257 2182 1613 2252 ἀπαχθέντων
1659 2183 1885 2238 ἐκείνων

292 2271 378 2332 είς
434 2268 675 2340 ἐξορίαν,
733 2270 857 2323 ὅσον
908 2270 1008 2341 μὲν
1057 2271 1120 2324 τὸ
1172 2271 1269 2325 ἀπ’
1312 2272 1884 2343 ἐκείνων,δβασιλεὺς

294 2450 400 2504 rati
433 2459 587 2505 sunt.
620 2449 829 2535 mutata
873 2452 986 2522 jam
1033 2451 1237 2523 quippe
1259 2467 1422 2508 scena
1473 2453 1566 2509 illa
1605 2454 1800 2524 priori,
1831 2464 1885 2510 et

290 2541 581 2611 Gregorii,
607 2557 722 2610 quo
756 2536 1190 2612 patriarchatum
1213 2556 1437 2614 gerente
1476 2546 1720 2601 damnati
1759 2547 1883 2601 fue-

292 2641 444 2698 rant,
473 2634 792 2703 reprobatis
823 2635 1040 2704 placitis
1066 2635 1236 2709 (quod
1264 2637 1726 2707 quemadmodum
1760 2655 1883 2694 eve-

290 2727 465 2790 nerit,
519 2726 689 2794 paulo
734 2734 862 2795 post
914 2727 1185 2801 dicemus)
1232 2728 1393 2785 facile
1447 2730 1552 2785 fuit
1608 2733 1886 2802 deponere

293 2817 425 2874 illos
452 2818 822 2875 offensionem
867 2828 922 2876 et
951 2821 1203 2891 pristinae
1253 2824 1558 2893 placiditati
1604 2841 1728 2880 sese
1762 2827 1888 2880 red-

298 2909 459 2965 dere.
487 2911 565 2965 Et
594 2917 729 2966 tunc
775 2912 943 2982 igitur
978 2913 1246 2982 depositis
1279 2915 1662 2972 simultatibus
1692 2931 1721 2971 e
1750 2932 1885 2972 cou-

305 2998 460 3056 flictu
483 3003 895 3060 dissensionum
928 3007 1069 3063 ortis
1094 3007 1253 3077 plane
1285 3008 1397 3078 jam
1424 3008 1674 3065 foederati
1704 3021 1885 3076 erant,

305 3094 619 3165 proﬁtentes
637 3113 700 3154 se
732 3099 786 3152 in
815 3098 1127 3170 liisjudicio
1149 3103 1500 3170 acquieturos
1526 3104 1771 3158 virorum
1802 3121 1887 3159 re-

298 3188 505 3258 ligione
536 3205 599 3245 ac
628 3190 884 3246 doctrina
919 3193 1328 3263 praestantium,
1381 3195 1474 3262 qui
1511 3210 1696 3250 coram
1752 3195 1884 3262 Deo,

298 3282 369 3336 ad
403 3283 673 3338 amussim
725 3284 1074 3341 dominantis
1108 3286 1384 3352 veritatis,
1441 3287 1509 3342 de
1559 3287 1888 3355 theologicis

296 3379 706 3434 centroversiis
777 3379 1098 3450 incorrupta
1165 3381 1498 3436 rectitudine
1576 3392 1886 3436 censerent.

294 3467 455 3526 Unus
510 3469 703 3526 deerat
750 3472 1192 3528 reconciliationi
1249 3474 1598 3529 absolvendas
1644 3474 1886 3542 ipsorum

294 3578 422 3617 cum
460 3564 807 3633 imperatore
833 3566 1201 3637 congressus.’
1223 3565 1401 3636 Hujus
1435 3567 1735 3637 imperator
1775 3568 1888 3635 ipse

294 3665 517 3727 tempus
550 3656 851 3727 locumque
897 3658 1205 3723 constituit,
1252 3659 1396 3715 diem
1439 3660 1658 3729 quidem
1691 3660 1888 3713 adnuis.

292 3749 437 3802 sioni
490 3750 786 3820 assignans
826 3766 954 3804 mox
995 3749 1109 3805 fere
1156 3751 1499 3815 adfuturam,
1529 3750 1755 3822 Lopadii
1793 3767 1890 3803 au-

296 3851 428 3906 tem,
458 3858 573 3912 quo
601 3844 884 3911 tendebat,
911 3844 1113 3914 jubeus
1146 3842 1382 3899 Veccum
1417 3854 1471 3899 et
1498 3843 1885 3898 lllcliteniotem

296 3935 404 3991 sibi
437 3950 767 4001 occurrere,
816 3952 923 3990 una
972 3952 1095 3992 cum
1133 3938 1297 3992 tertio
1326 3935 1649 4000 Metochita;
1678 3952 1801 3989 nam
1835 3944 1888 3990 et

298 4027 450 4082 hunc
480 4027 587 4081 sibi
622 4026 849 4096 adjuugi
886 4027 1179 4097 petierant.
1216 4027 1445 4096 Excepit
1476 4028 1546 4081 ibi
1576 4028 1743 4081 simul
1775 4042 1891 4080 οιιι-

295 4133 401 4173 nes
431 4118 737 4188 imperator
762 4118 886 4172 laeto
914 4119 1093 4182 vultu,
1128 4120 1391 4188 laetosque
1417 4119 1630 4173 dimisit
1663 4135 1787 4172 cum
1816 4122 1889 4173 si-

291 4209 655 4278 gniﬁcatione
688 4207 847 4287 105
874 4209 1290 4264 bCIlCVOiCIHiiC.
1312 4208 1376 4266 Et
1411 4209 1509 4263 hos
1543 4210 1800 4262 nimirum
1835 4217 1889 4265 et

292 4302 787 4371 protovestiarium
819 4310 1162 4359 recreaverat
1194 4314 1246 4357 et
1277 4303 1624 4359 animaret-at
1649 4303 1716 4355 ad
1747 4302 1888 4356 bene

292 4397 363 4450 de
388 4410 527 4465 pace
540 4394 901 4462 sperandum,
917 4395 1064 4466 quod
1084 4396 1229 4451 circa
1249 4395 1576 4466 Gregorium
1604 4405 1885 4451 evenerat.

293 4488 434 4543 Nam
468 4502 573 4543 nec
603 4486 812 4544 Veccus
853 4504 983 4544 cum
1016 4487 1132 4547 suis
1160 4488 1451 4544 laborabat
1492 4489 1629 4545 adeo
1660 4489 1727 4544 de
1755 4499 1886 4545 nota

1990 2014 2096 2063 σιν,
2126 1999 2467 2053 ἐναπέκλειε.
2497 1999 2570 2053 Τὸ
2590 2000 2646 2052 δέ
2674 2018 2738 2067 γε
2772 1998 3063 2069 Βλαχικδν,
3101 1996 3131 2050 δ
3153 1997 3219 2066 δὴ
3248 1994 3435 2065 σχεδὸν
3462 1992 3571 2045 ἀπὸ

1984 2089 2095 2142 τῶν
2143 2090 2393 2160 ἐξωτέρω
2418 2091 2519 2161 τῆς
2547 2091 2754 2153 πόλεως
2794 2092 2852 2154 ἐς
2885 2089 3088 2158 Βιζύην
3137 2089 3234 2142 καὶ
3268 2088 3456 2158 πόρρω
3492 2085 3572 2147 είς

1985 2181 2187 2251 πλῆθος
2244 2182 2480 2253 ἀριθμοῦ
2520 2185 2767 2253 κρεῖττον
2809 2180 3143 2251 ποσούμενον
3201 2179 3569 2247 παρατέτατο,

1987 2272 2139 2338 ἔθνος
2162 2273 2492 2348 δυσχωρίαις
2521 2279 2712 2348 χαῖρον
2736 2276 2832 2332 καὶ
2861 2276 3177 2347 βοσκήμασι
3208 2272 3574 2345 προσανέχόν,
3669 2354 3675 2360 .

1963 2456 2060 2511 .tis
2099 2455 2269 2510 levari
2305 2454 2684 2511 sollicitudine
2713 2457 3016 2524 imperator
3042 2455 3198 2514 visus
3246 2464 3332 2512 est
3382 2455 3577 2510 remis—

1988 2549 2244 2619 sionique
2301 2562 2359 2603 se
2392 2548 2549 2612 dare,
2592 2550 2753 2618 quasi
2782 2549 3199 2621 tranquillitatis
3229 2551 3340 2619 jam
3386 2549 3578 2620 cujus-

1990 2641 2112 2693 dam
2146 2648 2479 2710 compotem,
2509 2641 2824 2697 amandatis
2857 2658 2889 2697 e
2914 2650 3209 2712 conspectu
3237 2644 3307 2696 iis
3329 2642 3423 2712 qui
3461 2651 3577 2698 tur-

1988 2732 2089 2789 bas
2124 2734 2364 2789 ciebant.

1988 2849 2077 2905 '57.
2114 2848 2193 2905 De
2221 2851 2467 2906 nuntiata
2501 2853 2803 2933 incursione
2843 2853 3095 2933 piratica,
3124 2861 3171 2906 et
3225 2849 3574 2905 trans!alianc

2463 2924 2698 2992 corporis
2734 2924 3093 2992 imperatoris.

2065 3013 2299 3068 Piratieo
2338 3027 2506 3084 porro
2554 3012 2851 3068 latrocinio
2896 3012 3100 3082 ubique
3141 3026 3237 3081 per
3270 3026 3422 3066 mare
3468 3011 3577 3065 im-

1992 3121 2142 3177 pune
2209 3106 2615 3171 crebrescente,
2662 3105 2866 3174 quippe
2931 3104 3150 3159 sublato
3209 3114 3356 3158 metu
3422 3104 3575 3157 omni

1993 3198 2257 3254 Romanae
2290 3199 2511 3263 classis,
2564 3197 2840 3262 funditus,
2896 3205 2958 3253 ut
2983 3198 3190 3251 dictum
3233 3205 3343 3264 est,
3392 3196 3576 3264 negle-

1994 3299 2117 3352 ctae,
2165 3291 2402 3361 ideoque
2456 3290 2605 3345 omni
2652 3290 2860 3360 passim
2911 3289 3192 3343 maritimo
3236 3289 3574 3342 commercia

1994 3392 2272 3444 cessante,
2324 3383 2418 3438 sed
2453 3392 2506 3436 et
2536 3382 2797 3436 nuntiato
2826 3381 3039 3448 trepide
3073 3380 3312 3433 tumultu
3340 3390 3571 3448 eruptu-

1993 3475 2252 3529 rieutium
2307 3489 2337 3529 e
2380 3475 2496 3529 suis
2528 3472 2736 3528 finibus
2768 3472 3126 3545 Scytharum,
3164 3471 3366 3541 quibus
3403 3470 3575 3526 inter-

1993 3570 2220 3626 cludere
2247 3584 2305 3622 se
2333 3568 2387 3622 in
2435 3568 2742 3622 Romanam
2779 3567 3049 3621 ditionem
3084 3565 3378 3619 transitum
3412 3578 3574 3633 posse

1993 3664 2127 3717 adeo
2147 3659 2701 3720 Terteresdiliideret,
2722 3666 2866 3713 utan
2884 3657 2985 3714 sibi
3011 3657 3113 3726 ipsi
3148 3672 3212 3711 ac
3248 3670 3418 3726 regno
3449 3671 3577 3726 pro-

1991 3756 2110 3826 prio
2139 3755 2206 3809 ab
2231 3770 2421 3808 eorum
2459 3752 2761 3807 insultibus
2788 3753 2994 3806 tuendo
3024 3765 3127 3820 par
3162 3758 3310 3804 esset
3342 3748 3569 3803 futurus

1991 3848 2294 3911 dubitaret,
2338 3845 2642 3914 imperator
2677 3841 3100 3912 praecavendum
3133 3850 3293 3895 ratus
3324 3854 3390 3893 ne
3427 3839 3575 3907 pira-

1993 3951 2173 3994 tarum
2215 3937 2492 4007 rapacitas
2550 3943 2765 4005 quaastu
2821 3933 3179 4005 saginarctur
3243 3930 3571 3985 littorallum

1992 4030 2330 4101 przedarum,
2367 4029 2565 4082 borum
2596 4025 2809 4096 rapinis
2848 4023 3129 4093 expositos
3164 4023 3334 4076 maris
3357 4022 3575 4076 accolas

1993 4125 2251 4179 recedere
2288 4122 2342 4176 in
2397 4121 2664 4175 interiora
2706 4118 2980 4190 praecipit,
3010 4125 3071 4172 ut
3115 4117 3186 4171 ita
3222 4115 3471 4186 periculo
3515 4131 3574 4166 se

1994 4216 2408 4271 subtralicrent.
2465 4213 2571 4268 Eos
2615 4227 2801 4283 porro,
2846 4213 2941 4281 qui
2981 4210 3140 4266 sedes
3183 4208 3465 4263 habebant
3520 4209 3573 4260 in

1993 4307 2411 4362 mediterraneis
2438 4303 2689 4359 Thraciae
2719 4318 2783 4358 ac
2829 4303 2992 4373 106
3034 4300 3401 4364 Macedoniae,
3430 4315 3568 4369 quo-

1994 4401 2143 4454 niam
2167 4398 2375 4453 sciebat
2409 4395 2554 4451 haud
2588 4395 2754 4452 dubie
2781 4393 3200 4450 iucursandosa
3233 4390 3574 4447 minantibus

1997 4492 2362 4561 irruptionem
2399 4491 2453 4544 in
2489 4505 2583 4544 eas
2625 4496 2809 4558 partes
2839 4486 3085 4560 Scythis,
3143 4485 3248 4541 nisi
3286 4485 3413 4556 quis
3446 4500 3572 4554 pro-

292 4578 641 4648 expositioni
676 4580 922 4650 ipsorum
974 4580 1179 4645 inusta,
1207 4595 1273 4635 ex
1308 4597 1419 4651 quo
1466 4580 1578 4650 jam
1624 4581 1883 4635 videbant
1914 4591 1963 4651 ι)
1992 4585 2203 4639 biberet
2236 4582 2654 4639 lntcrcludendo
2687 4581 2839 4637 hisce
2891 4579 3145 4638 barbaris
3176 4580 3232 4634 in
3258 4593 3355 4634 eas
3386 4577 3570 4649 regio-t

290 4688 457 4742 reque
484 4672 803 4729 damnatam
837 4673 1242 4742 expositionem
1278 4672 1566 4744 Gregorii:
1597 4688 1698 4729 nec
1730 4689 1887 4728 recu—

290 4768 498 4821 sabant
544 4766 598 4819 in
630 4768 883 4821 eumdem
924 4781 1050 4821 cum
1074 4764 1178 4823 illo
1210 4765 1403 4825 referri
1432 4765 1685 4823 ordinem
1719 4767 1886 4837 paulo

291 4858 582 4916 curiosius
630 4859 871 4914 scrutari
916 4874 1180 4917 ausorum
1220 4862 1481 4931 mysteria
1509 4860 1717 4921 divina,
1776 4874 1883 4913 non

291 4953 418 5010 sine
461 4951 703 5021 quadam
738 4966 766 5005 a
796 4960 948 5007 recto
993 4952 1366 5008 aberratione.
1410 4949 1887 5007 Protovestiarius

292 5060 426 5100 vero
454 5046 543 5099 sic
566 5045 921 5114 opinabatur,
954 5045 1048 5099 ubi
1081 5054 1303 5101 amotus
1328 5060 1359 5098 e
1394 5042 1578 5103 medio
1619 5043 1885 5099 fuissetis

290 5139 382 5193 cui
415 5153 477 5193 se
504 5152 707 5193 exesos
739 5135 956 5193 Vaccus
987 5146 1044 5192 et
1077 5137 1214 5194 socii
1239 5137 1631 5202 eredebant,et
1659 5139 1881 5207 quidem

292 5236 377 5287 sic
414 5240 643 5286 amotus
677 5242 733 5286 ut
764 5233 922 5302 paria
953 5231 1022 5289 iis
1050 5216 1352 5303 quae'prius
1385 5232 1460 5286 illi
1487 5231 1636 5301 passi
1663 5232 1884 5288 fuerant

290 5333 345 5377 et
378 5324 501 5393 ipse
538 5330 836 5392 pateretur,
889 5323 1051 5378 facile
1099 5326 1245 5395 ipsos
1293 5339 1419 5378 cum
1470 5322 1713 5378 Ecclesia
1746 5338 1882 5378 con-

294 5430 591 5469 sensuros.
623 5415 725 5468 Sed
757 5415 875 5470 haec
903 5414 956 5469 iu
980 5424 1329 5471 antecessqu
1362 5416 1451 5469 hic
1476 5414 1884 5484 praelibavimus

290 5523 321 5558 e
352 5506 534 5559 multo
584 5506 878 5573 posteriori
925 5507 1214 5562 memoria.
1256 5506 1315 5562 In
1377 5506 1481 5560 hoc
1527 5506 1675 5561 enim
1733 5519 1884 5560 nunc

295 5596 851 5664 Emporeuarrando
891 5612 1197 5661 versamur,
1247 5612 1359 5668 quo
1386 5609 1511 5668 post
1545 5598 1886 5667 colloquium

297 5689 518 5756 publice
546 5690 597 5744 in
632 5690 848 5763 synodo
878 5690 1127 5745 habitum
1158 5690 1323 5746 V'ecei
1374 5707 1498 5747 cum
1544 5691 1881 5761 patriarcha,

298 5779 509 5838 Veccus
541 5784 653 5854 ipse
689 5802 818 5840 cum
858 5783 1030 5839 sociis
1059 5786 1333 5857 relegatus
1362 5796 1415 5841 et
1455 5800 1588 5843 artae
1618 5790 1887 5847 custodiae

299 5876 585 5933 uiandatus
619 5889 739 5944 est;
770 5876 979 5949 quibus
1010 5877 1062 5931 in
1096 5877 1241 5932 hunc
1292 5879 1515 5933 modum
1551 5883 1887 5935 extermina-

1996 4693 2095 4731 nes
2129 4678 2390 4742 transitur,
2423 4675 2591 4749 cuius
2620 4675 2699 4729 rei
2741 4675 2890 4729 nulla
2923 4682 3056 4731 tunc
3084 4688 3211 4744 spes
3244 4673 3571 4743 apparebat,

1994 4786 2158 4841 quam
2207 4768 2382 4826 solam
2434 4768 2501 4822 i—is
2561 4767 2892 4826 consulendi
2952 4766 3227 4835 reliquam
3296 4766 3572 4821 rationem

1995 4860 2211 4926 habuit,
2266 4875 2331 4915 ea
2378 4875 2515 4919 usus
2562 4869 2668 4923 est,
2712 4858 2936 4913 ediccns
2980 4864 3041 4912 ut
3101 4855 3465 4928 confugerent
3516 4857 3569 4910 iu

1995 4967 2151 5007 arces
2185 4952 2423 5007 illorum,
2466 4959 2765 5013 tractuum,
2812 4947 2994 5019 iisque
3041 4964 3133 5006 res
3192 4962 3576 5019 personasque

1995 5043 2243 5112 periculo
2301 5043 2620 5114 rapinarum
2683 5041 2955 5096 obnoxias
3003 5041 3433 5106 concluderent,
3487 5053 3573 5095 ut—

1994 5150 2212 5206 cunque
2265 5136 2398 5191 satis
2445 5140 2609 5190 norat
2675 5134 2822 5189 haud
2891 5135 3029 5190 adeo
3083 5135 3296 5189 munita
3352 5142 3575 5203 tamque

1995 5229 2192 5283 validis
2251 5216 2483 5285 insessa'
2530 5227 2803 5299 praesidiis
2870 5227 3094 5283 castella
3159 5227 3264 5282 ista
3324 5242 3452 5282 esse
3516 5241 3573 5280 ιιι

1997 5322 2222 5377 multam
2279 5323 2346 5377 iis
2393 5323 2747 5377 securitatem
2803 5321 3167 5389 sponderent.
3218 5321 3295 5376 De
3358 5321 3578 5376 Blaclns

1994 5415 2187 5470 eadem
2242 5415 2321 5469 illi
2364 5415 2583 5470 occasio
2628 5414 3067 5471 sollicitudinem.
3121 5413 3389 5469 admovit.
3447 5413 3578 5468 Erat

1996 5507 2047 5562 id
2079 5524 2251 5580 genus
2272 5508 2563 5580 hominum
2598 5522 2823 5579 vagum,
2852 5508 3081 5564 incertis
3103 5522 3299 5563 errans
3330 5505 3578 5574 sedibus,

1996 5603 2092 5658 sed
2152 5619 2219 5658 ea
2296 5611 2625 5672 tempestate
2700 5604 2812 5663 late
2877 5601 3061 5658 fusum
3122 5616 3222 5672 per
3273 5609 3485 5655 tractus
3547 5616 3575 5654 a

1996 5694 2279 5751 suburbiis
2311 5693 2882 5773 Constantittoptileos
2927 5709 3106 5763 usque
3149 5693 3215 5746 ad
3250 5691 3473 5763 Bizyam
3523 5704 3575 5745 et

2000 5789 2140 5842 ultra
2177 5787 2560 5858 pertinentes;
2612 5802 2709 5862 per
2748 5802 2870 5855 quae
2926 5786 3041 5838 lora
3078 5784 3191 5853 jam
3230 5783 3577 5854 multiplicati

1997 5896 2162 5953 supra
2223 5880 2449 5937 modum
2504 5882 2744 5950 suspecti
2808 5879 3004 5936 merito
3073 5886 3251 5946 erant,
3316 5894 3382 5934 ne
3453 5894 3575 5933 mox
