4094 6406
544 340 643 402 ll?

1771 353 2091 415 GEOliCll
2136 359 2620 423 PACHYMERE

3695 366 3788 431 ῙΞΊ

536 459 597 508 οὗ
632 458 739 550 μὴν
762 459 818 513 δὲ
852 460 985 515 ἀλλὰ
1036 463 1127 515 καὶ
1165 464 1365 533 μάχαις
1394 468 1696 537 εἱθισμένον
1726 471 1957 542 ἀνδρῶν,
1985 476 2114 528 ὑπο·
2146 485 2188 538 Α
2218 480 2584 549 ταδραμὸντες
2614 484 2712 535 σὺν
2746 482 2954 545 πολλοῖς
2985 480 3168 546 ἄλλοις
3204 482 3299 536 καὶ
3338 482 3499 536 τοῦτο
3527 484 3789 550 λαϐόντες.

536 549 765 602 πτευθέν
788 551 868 612 είς
892 553 1216 623 αὐτομολίαν
1241 557 1317 618 ὡς
1350 560 1462 618 τοῖς
1484 559 1836 630 ἐξεληλακόσι
1869 567 1961 618 καὶ
1984 565 2117 618 αὐτὸ

532 642 1030 711 προσπεσούμενον,
1057 649 1386 714 μετοικίζειν
1413 652 1500 703 ἐπ’
1525 654 1789 723 ἀνατολῆς
1815 655 1957 724 ἔγνω
1979 656 2118 709 κατά

532 735 634 801 τὴν
658 734 755 803 τῆς
781 736 1100 802 Βυζαντίδος
1127 740 1509 811 άντιπεραίαν,
1546 746 1685 817 πλὴν
1712 748 1805 802 καὶ
1832 749 2118 803 ταπεινοῦν

438 828 443 833 ’
534 827 779 896 ζημίαις.
812 830 885 898 μή
913 849 1027 894 πως
1058 832 1166 903 ἄρα
1187 836 1280 887 καὶ
1307 837 1703 907 ὑπερηφανοῖεν
1726 842 1918 911 πλήθει
1941 858 1998 894 τε
2026 844 2119 893 καὶ

532 918 758 984 δυνάμει
787 917 1135 988 θαρροῦντες.
1178 924 1286 975 Καὶ
1330 925 1482 979 ἔνθεν
1526 927 1626 994 μὲν
1677 927 2001 998 ὲζημιοῦντο
2049 930 2115 982 τα

537 1008 790 1075 μέγιστα,
826 1010 978 1063 ἔνθεν
1022 1012 1076 1065 δὲ
1116 1016 1478 1085 μετῳκίζοντο
1510 1019 1721 1073 ἀνοικτὶ
1746 1060 1761 1084 ,
1818 1020 1914 1090 οὐχ
1954 1017 2118 1093 ἦττον

534 1101 758 1169 ζημίας,
781 1102 913 1154 ἀλλά
944 1106 1038 1158 καὶ
1065 1107 1265 1173 μᾶλλον
1286 1109 1385 1178 τὴν
1411 1109 1730 1181 μετοίκησιν
1759 1110 2115 1180 λογιζόμενοι.

539 1190 661 1243 Ζὼα
713 1190 821 1261 γάρ
876 1193 1058 1245 ἐκεῖνα
1097 1195 1189 1247 καὶ
1223 1196 1413 1264 κτῆσις
1463 1197 1549 1269 [Ρ.
1583 1196 1674 1269 68]
1724 1200 1875 1252 πᾶσα
1920 1200 1983 1252 τὰ
2021 1200 2119 1268 μὲν

537 1280 711 1333 εὖωνα
743 1282 1065 1352 προῦκειντο
1099 1288 1207 1348 τοῖς
1241 1287 1472 1352 πολλοῖς,
1506 1290 1573 1341 τὰ
1605 1292 1660 1343 δὲ
1696 1291 1789 1345 καὶ
1820 1291 1911 1345 τὸν
1954 1292 2119 1345 τόπον

535 1371 836 1435 ἀλλάξαντα
854 1373 1030 1444 καιρῷ
1056 1377 1323 1445 χειμῶνος
1345 1379 1438 1432 καὶ
1459 1381 1577 1433 τότε
1597 1380 1875 1442 παντελῶς
1889 1380 2120 1451 διεφθεί-

540 1481 711 1533 ροντο.
750 1467 953 1538 κτῆσις
982 1467 1037 1521 δὲ
1069 1470 1273 1524 τούτων
1303 1472 1335 1540 ἡ
1374 1472 1472 1541 μὲν
1501 1473 1849 1543 διηρπάζετο.
1896 1476 1929 1542 ἡ
1965 1474 2021 1526 δέ
2053 1490 2116 1540 γε

539 1558 633 1611 καὶ
662 1559 925 1628 περιοῦσα
954 1562 1136 1625 κακῶς
1164 1564 1583 1633 παραπὼλλυτο,
1613 1564 1755 1619 ὥστε
1791 1568 1866 1636 μὴ
1896 1567 2041 1627 οἴους
2070 1566 2117 1617 τ’

538 1645 677 1702 εἶναι
710 1651 1045 1722 ἐγχρονίζειν
1073 1656 1209 1717 ἐκεῖ,
1246 1654 1382 1708 ἀλλὰ
1408 1656 1501 1709 τοῦ
1532 1656 1702 1710 κακοῦ
1736 1657 2121 1727 παραδραμόν-

538 1758 628 1804 τος
654 1742 849 1805 αὐτοὺς
870 1744 963 1796 καὶ
992 1741 1261 1817 αὖθιςτὴν
1284 1746 1419 1801 ἰδίαν
1446 1747 1877 1818 ἀπολαμϐάνειν,
1907 1747 2119 1817 συχνῶν

540 1837 776 1901 χρυσίων
809 1835 1134 1901 καταϐολαῖς
1166 1837 1615 1908 ἐξωνησαμένονς
1659 1839 1757 1909 τὴν
1814 1840 2117 1892 κατοικίαν.
2156 1834 2194 1886 Β

542 1926 672 1977 Ἰότε
702 1925 757 1978 δὲ
779 1925 960 1988 δείσας
987 1929 1081 1981 καὶ
1111 1931 1238 2000 περὶ
1284 1928 1361 2000 τῷ
1410 1930 1502 1982 τοῦ
1536 1930 1801 1999 βασιλέως
1833 1930 2045 2000 σώματι
2091 1932 2118 1983 ὁ

541 2018 779 2087 κρατῶν,
811 2018 886 2089 μὴ
911 2018 1215 2086 ἐξελθόντες
1246 2023 1295 2074 οἱ
1329 2023 1533 2075 Σκύθαι
1564 2026 1656 2076 καὶ
1710 2024 1800 2075 τὸν
1832 2024 1994 2076 τόπον
2023 2040 2121 2076 κα-

545 2207 841 2274 irrupturis
863 2204 1031 2281 (quod
1072 2208 1521 2280 exspectabatur)
1545 2208 1766 2282 Scythis
1794 2210 1938 2264 vires
1974 2209 2119 2264 haud

548 2299 796 2354 modicas
827 2298 1213 2371 adjungercnt,
1255 2302 1308 2354 itt
1346 2312 1529 2370 partes
1566 2319 1757 2358 eorum
1792 2304 1917 2357 vita:
1965 2303 2122 2359 simi-

550 2392 775 2446 litudine
793 2407 857 2446 ac
875 2392 1015 2448 forte
1037 2394 1266 2463 originis
1282 2399 1671 2451 communione
1693 2400 1853 2453 tracti
1878 2416 1893 2463 ;
1921 2400 2125 2467 quippe

547 2500 780 2551 quorum
801 2500 912 2540 non
940 2484 1099 2539 facile
1127 2489 1484 2543 numerabilis
1514 2490 1804 2545 multitudo
1829 2490 2124 2556 ferebatur,

542 2578 853 2647 juventutis
893 2580 959 2632 ad
1007 2580 1258 2634 laborum
1299 2580 1621 2651 patientiam
1662 2582 1870 2638 durata:
1916 2585 2124 2635 incom—

553 2670 737 2725 modis
779 2670 1129 2727 educationis
1166 2674 1309 2727 haud
1356 2675 1562 2738 mollis,
1604 2676 1809 2745 quippe
1863 2675 1916 2729 in
1967 2676 2126 2735 locis,

551 2762 640 2816 ubi
679 2762 912 2819 libenter
944 2766 1170 2833 degunt,
1217 2768 1453 2835 asperis.
1504 2768 1611 2822 Nec
1641 2769 1871 2829 deerant
1918 2783 2051 2837 epes
2097 2783 2128 2821 e

549 2864 815 2921 proventu
845 2870 1073 2925 gregum
1118 2869 1171 2911 ct
1199 2867 1604 2921 armentoru-u,
1658 2874 1782 2929 qua:
1819 2872 2125 2912 numerosa

552 2946 605 2998 in
631 2945 768 2999 laetis
803 2949 1026 3016 pascuis
1059 2946 1303 3004 alebant.
1332 2949 1619 3005 Postremo
1642 2965 1743 3004 nec
1774 2949 2125 3004 inexercitati

553 3036 895 3091 habebantur
930 3039 1266 3096 militaribus
1295 3040 1700 3104 functioai'~us,
1747 3056 1982 3108 quarum
2010 3054 2118 3092 non

553 3132 868 3187 rudimenta
938 3133 1121 3187 solum
1158 3148 1365 3202 ponere
1402 3133 1549 3188 soliti
1582 3143 1744 3187 erant
1786 3130 2127 3204 quotidianis

552 3225 844 3280 venatibus
890 3225 1157 3290 ferarum,
1184 3226 1281 3281 sed
1329 3226 1710 3295 experimenta
1744 3226 1913 3282 etiam
1962 3225 2128 3277 edere

551 3317 765 3374 crebris
793 3332 890 3372 nec
922 3317 1236 3372 infelicibus
1269 3329 1463 3373 contra
1488 3320 1638 3373 viros
1675 3328 1919 3375 armatos
1945 3328 2128 3371 certa-

557 3408 819 3466 minibus.
847 3406 986 3464 ﬂulc
1004 3410 1252 3479 periculo
1285 3411 1665 3482 praevertenda
1688 3408 1833 3464 factu
1860 3408 2127 3480 optimum

553 3501 767 3565 putavit
823 3510 1041 3571 gentem
1080 3500 1241 3556 istam
1296 3517 1366 3557 ex
1413 3500 1657 3556 Occidua
1700 3501 2023 3557 continente
2074 3502 2128 3556 in

551 3592 893 3647 Orientalem
925 3591 1249 3657 transferre,
1298 3594 1686 3663 colloeareque
1720 3602 1875 3647 trans
1928 3593 2127 3647 fretum

556 3688 609 3738 in
645 3698 743 3736 ora
776 3683 1093 3755 Byzantina:
1136 3684 1373 3740 adversa
1395 3684 1630 3746 civitati.
1670 3686 1764 3740 sed
1810 3695 1865 3740 et
1903 3686 2131 3754 insuper

555 3785 857 3831 extenuare
881 3776 1073 3832 multis
1106 3787 1159 3832 et
1187 3777 1596 3835 extorsionibus
1627 3794 1759 3849 opes
1784 3779 2030 3843 Illorum,
2065 3794 2133 3835 ne

558 3869 767 3925 conscii
796 3868 995 3924 virium
1031 3868 1381 3938 pr0priarum
1415 3871 1502 3927 sui
1538 3886 1774 3927 numero
1807 3882 1862 3926 et
1896 3887 2133 3928 annonae

557 3962 717 4032 copia
778 3962 1147 4032 superbirent.
1211 3960 1532 4034 Utrumque
1587 3976 1817 4021 strenue
1873 3965 2128 4021 factum:

509 4058 688 4111 ohinc
714 4056 859 4112 enim
895 4056 1149 4112 maximis
1179 4054 1355 4114 affecti
1394 4058 1613 4112 damnis
1642 4068 1774 4115 sunt
1807 4059 2133 4114 immanium

557 4148 759 4204 acerba
789 4150 1079 4205 exactione
1111 4150 1474 4213 tributorum,
1527 4159 1582 4205 et
1614 4151 2138 4208 immisericorditer

559 4243 736 4298 roacti
781 4242 941 4298 sedes
978 4254 1132 4298 trans
1171 4241 1587 4315 Hellespontum
1626 4243 1789 4297 ferre.
1838 4242 1993 4310 Quod
2028 4246 2137 4299 illis

559 4336 711 4390 omni
762 4335 1187 4390 contributionis
1238 4336 1439 4401 iniuria
1500 4336 1789 4390 molestius
1841 4336 2131 4406 contigit:

562 4442 690 4484 nam
778 4439 833 4483 et
902 4429 1195 4482 occasione
1268 4428 1792 4498 transmigrationis,
1874 4428 2139 4484 festinata:

2223 571 2289 639 ἦν
2325 574 2397 642 μή
2421 590 2503 636 τις
2538 573 2731 627 πολλοῦ
2761 575 3029 638 ἐξωνοττο,
3052 574 3127 635 ὡς
3158 575 3340 638 αὐτοῖς
3361 574 3502 639 δόξοι
3528 576 3793 646 βασιλικὸν

2226 661 2384 730 σῶμα
2413 664 2702 731 πωλοῦσιν,
2734 666 3031 736 αίσχῠνωσι
3062 666 3156 719 καὶ
3181 665 3547 736 λυμήνωνται,
3573 670 3784 740 πέμψας

2222 754 2320 822 τῆς
2352 755 2451 820 μὲν
2493 757 2621 826 περὶ
2661 757 2835 810 ἐκεῖνο
2870 757 3123 827 φυλακῆς
3176 757 3304 819 τοὺς
3345 760 3463 811 ἐκεῖ
3515 759 3671 824 ἀνίει,
3722 755 3792 815 ὧν

2224 846 2438 912 πρῶτος
2464 843 2530 915 ἦν
2555 850 2584 901 ὁ
2608 849 2867 917 ἐκτομίας
2891 849 3272 919 ’ίῐονοπολίτης
3301 851 3395 903 καὶ
3419 850 3588 918 μέγας
3614 849 3793 920 δρουγ-

2223 938 2434 1008 γάριος,
2465 940 2525 1004 ὃς
2559 941 2651 994 καὶ
2703 942 2795 994 τὸν
2828 941 3176 1012 ίερομόναχον
3215 942 3536 995 ’Δθανάσιον
3565 945 3700 997 κατὰ
3729 945 3791 997 τὰ

2222 1031 2316 1083 τοῦ
2355 1032 2524 1085 Γάνον
2557 1032 2657 1103 ὄρη
2714 1032 3135 1103 ἐνδιατρίϐοντα,
3191 1034 3457 1104 πρότερον
3485 1035 3563 1104 τῷ
3594 1050 3793 1103 πορφυο

2225 1127 2531 1195 ρογεννήτῳ
2559 1126 2908 1188 συσταθέντα,
2942 1127 3070 1196 παρ’
3102 1120 3163 1179 οὗ
3184 1144 3246 1195 γε
3270 1128 3365 1180 καὶ
3390 1126 3615 1180 πλεῖστα
3638 1129 3792 1196 εὐηρ-

2223 1216 2438 1286 γέτητο.
2460 1216 2538 1287 τῷ
2565 1217 2772 1287 βασιλεῖ
2803 1218 3053 1287 συνιστᾷ.
3075 1217 3147 1270 Τὸ
3164 1218 3221 1270 δέ
3250 1234 3312 1285 γε
3338 1218 3496 1282 σῶμα
3529 1219 3788 1287 προστάσ-

2225 1324 2306 1361 σει
2340 1308 2598 1376 φέροντας
2632 1312 2698 1378 τῇ
2731 1310 2871 1363 κατὰ
2911 1308 3218 1379 Σηλυϐρίαν
3249 1309 3343 1363 τοῦ
3380 1310 3631 1379 Σωτῆρος
3667 1313 3795 1378 μονῇ

2223 1398 2281 1449 ἐν
2320 1396 2469 1466 αὖτῷ
2500 1398 2577 1467 τῷ
2607 1396 2721 1467 ναῷ
2775 1398 2912 1468 αὐτῇ
2948 1400 3178 1467 λάρνακι
3217 1400 3555 1453 καταθεῖναι.
3607 1397 3713 1451 Καὶ
3740 1400 3797 1450 τὸ

2229 1489 2328 1557 μὲν
2348 1488 2518 1551 οὓτως
2552 1490 2921 1560 ἀνακομισθὲν
2940 1489 3033 1544 τοῦ
3049 1490 3520 1562 Βουλγαροκτὸνου
3542 1489 3796 1561 βασιλέως

2224 1582 2512 1650 ἐτέρωΊεν,
2548 1582 2606 1636 ὃν
2639 1585 2703 1636 ἐκ
2732 1583 2825 1635 τοῦ
2860 1584 3124 1655 Ἐὁδὸμου
3156 1585 3615 1657 παρημελημένον
3643 1600 3797 1654 μετα-

2224 1675 2413 1742 γαγὼν
2451 1676 2658 1741 ἐκεῖνος
2704 1678 2884 1730 ἐκεῖσε
2924 1679 3089 1733 πάλαι
3124 1679 3405 1741 κατέθετο,
3461 1677 3668 1730 τίθεται
3711 1676 3800 1729 καὶ

2225 1764 2410 1828 αὐτός.
2455 1764 2513 1818 Ὀ
2544 1753 2820 1833 μέντοιγε
2847 1766 3098 1835 βασιλεὺς
3129 1769 3195 1822 τὰ
3221 1769 3347 1838 περὶ
3371 1767 3463 1821 τοῦ
3495 1766 3801 1822 Ἀθανασίου

2226 1846 2436 1926 μαθὼν,
2470 1854 2572 1908 ὅσα
2592 1854 2655 1924 δὴ
2684 1858 2775 1908 καὶ¹
2801 1857 2966 1927 ἀρετῇ
2992 1860 3220 1929 χαίρων,
3243 1859 3339 1913 καὶ
3371 1859 3571 1928 μᾶλλον
3597 1859 3799 1912 πείθον-

2222 1962 2312 2008 τος
2341 1945 2435 1998 τοῦ
2472 1944 2685 2012 καιροῦ,
2721 1945 2816 2016 τὴν
2847 1946 2938 1999 τοῦ
2968 1948 3205 2015 μεγάλου
3236 1951 3282 2001 oi
3310 1947 3672 2016 λογαριαστοῦ
3702 1965 3801 1999 πα-

2221 2036 2379 2089 λαιὰν
2437 2035 2769 2106 προσνείμας
2821 2037 2987 2109 μονὴν
3046 2040 3177 2109 παρ’
3231 2040 3412 2110 ἐαυτῷ
3443 2037 3588 2110 εἶχεν
3622 2038 3799 2098 ὁσάκος

2228 2216 2358 2278 soli,
2414 2225 2571 2270 extra
2633 2217 2776 2286 quod
2828 2234 2886 2272 se
2936 2234 3175 2288 suasque
3222 2218 3462 2274 familias
3508 2220 3591 2272 vix
3653 2230 3800 2285 posse

2226 2310 2412 2365 vivere
2444 2311 2563 2379 ipsa
2594 2325 2688 2363 eos
2712 2312 3054 2380 experientia
3089 2311 3348 2367 docebat.
3413 2310 3529 2365 Sub
3563 2312 3700 2364 hanc
3751 2318 3801 2361 et

2225 2402 2332 2455 alia
2371 2417 2502 2456 cura
2553 2402 2778 2456 incessit
2811 2403 3214 2466 Andronicum,
3251 2411 3599 2472 reputantem
3633 2401 3683 2453 in
3730 2412 3790 2452 ea

2225 2494 2451 2562 regione
2489 2510 2653 2563 quant
2685 2510 2811 2548 mox
2845 2495 3165 2549 vastandam
3205 2494 3525 2548 incursione
3556 2490 3797 2561 Scythica

2227 2592 2406 2637 metus
2428 2594 2539 2638 erat
2581 2583 2812 2636 nimium
2846 2584 3204 2649 verisimilis,
3235 2582 3430 2652 jacere
3473 2594 3671 2649 corpus
3706 2573 3770 2629 Mi

2226 2676 2433 2732 chaelis
2460 2677 2689 2745 Augusti
2728 2677 2900 2744 patris
2930 2677 3051 2744 sui;
3084 2676 3227 2745 quod
3265 2667 3564 2743 apparebat
3587 2682 3799 2740 rapaces

2228 2769 2490 2824 barbaros
2530 2784 2559 2820 a
2597 2769 2748 2822 nullo
2773 2768 3037 2833 facinore,
3065 2769 3210 2839 quod
3237 2777 3610 2838 quaestuosum
3646 2770 3796 2833 puta-

2230 2870 2377 2924 rent,
2411 2861 2795 2923 abhorrentes,
2828 2862 3133 2914 violaturos
3162 2869 3213 2913 et
3243 2868 3628 2927 asportaturos
3659 2851 3795 2911 inde,

2231 2962 2291 3007 ut
2315 2968 2381 3007 eo
2408 2953 2615 3007 scilicet
2650 2952 2872 3005 nomine
2900 2968 2929 3005 a
2968 2951 3211 3007 defuncti
3253 2949 3577 3003 memoriam
3622 2946 3796 3000 colen-

2232 3042 2379 3097 tibus
2416 3048 2675 3112 p'runias
2706 3043 3105 3112 exprimerent.
3136 3042 3214 3096 Ex
3247 3056 3358 3110 quo
3390 3041 3625 3095 alterum
3668 3034 3795 3088 duo-

2233 3150 2354 3186 rum
2388 3134 2442 3187 in
2494 3150 2551 3189 se
2595 3134 3032 3188 redundaturum
3080 3141 3232 3188 esset
3274 3131 3713 3188 incommodum.
3743 3130 3798 3175 III

2232 3236 2329 3279 aut
2386 3226 2663 3294 ingentem
2750 3229 2985 3289 superbo
3043 3226 3276 3279 arbitrio
3347 3222 3794 3278 avarissimorum

2233 3321 2506 3375 latronum
2542 3320 2835 3390 proﬂigare
2886 3320 3003 3372 attri
3065 3334 3357 3374 numerum
3418 3317 3636 3372 deberet
3671 3310 3802 3367 redi-

2235 3409 2433 3465 mendo
2466 3409 2644 3464 Patris
2674 3409 2913 3478 corpori.
2957 3417 3053 3462 aut
3086 3407 3319 3479 insignis
3350 3408 3464 3463 sibi
3508 3408 3646 3461 foret
3674 3401 3801 3458 sub-

2232 3505 2409 3558 eunda
2458 3500 2681 3554 infamia
2741 3500 2972 3569 neglecti
3030 3499 3191 3554 officii
3248 3510 3356 3552 tam
3412 3500 3509 3571 pii,
3569 3492 3803 3567 angustis

2238 3594 2486 3663 reliquiis
2509 3593 2812 3649 Christiani
2852 3593 3148 3661 principis.
3198 3593 3292 3662 qui
3326 3593 3438 3647 sibi
3489 3592 3609 3647 vitae
3651 3597 3802 3656 atque

2238 3688 2452 3756 imperii
2514 3694 2710 3740 auctor
2756 3685 3097 3748 exstitisset,
3149 3684 3203 3738 in
3252 3693 3537 3754 potestate
3579 3678 3808 3752 profana)

2237 3774 2531 3848 impiae‘que
2603 3776 2875 3832 barbarici
2934 3778 3001 3832 ad
3059 3775 3359 3832 ludibrium
3417 3770 3804 3844 relinquendis.

2239 3871 2383 3927 Huic
2422 3885 2760 3926 occursurus
2791 3871 2958 3935 malo,
2992 3883 3134 3938 quos
3168 3867 3236 3922 ad
3268 3868 3447 3938 patris
3471 3866 3734 3923 tumulum
3756 3861 3804 3914 ci

2239 3962 2602 4019 custodiendo
2635 3960 2982 4032 praefecerat,
3010 3960 3078 4014 iis
3110 3970 3168 4015 ut
3221 3961 3463 4015 statione
3489 3957 3802 4015 decederent

2242 4054 2493 4109 indulsit.
2550 4050 2770 4107 Primus
2818 4059 2936 4107 erat
2993 4051 3191 4104 horum
3221 4049 3395 4117 spado
3439 4046 3801 4118 Eonopolitcs,

2242 4161 2474 4219 magnus
2521 4144 2664 4200 idem
2714 4141 3084 4214 drungarius;
3134 4143 3227 4212 qui
3286 4149 3343 4197 et
3413 4141 3543 4197 inde
3600 4135 3804 4193 rediens

2242 4240 2735 4297 hieromonachum
2778 4237 3143 4292 Athanasium
3186 4236 3336 4291 circa
3370 4235 3509 4291 Cani
3555 4239 3801 4288 montana

2240 4342 2698 4396 commorautem,
2734 4329 2812 4386 uti
2848 4331 2997 4401 prius
3030 4329 3504 4400 Porphyrogcnito
3535 4335 3802 4383 commen-

2244 4427 2495 4491 daverat,
2526 4442 2554 4479 a
2585 4439 2695 4495 quo
2727 4424 2983 4479 maximis
3013 4432 3097 4478 est
3133 4422 3421 4477 beneliciis
3450 4419 3696 4480 affectus,
3729 4413 3805 4466 sic

561 4522 867 4590 prtesertim
901 4519 1230 4589 urgentibus
1283 4519 1578 4588 implacide
1625 4519 1976 4584 satellitibus,
2024 4522 2138 4590 ple-
2172 4515 2220 4574 Β
2246 4518 2563 4591 imperatori
2600 4533 2822 4588 quoque
2850 4515 3052 4571 obtulit
3078 4514 3131 4568 in
3164 4515 3399 4584 ejusque
3449 4513 3680 4584 gratiam
3721 4507 3801 4559 iu-

562 4627 761 4682 rasqne
812 4618 1257 4679 comparatarum
1293 4608 1453 4679 longa
1499 4624 1676 4675 mora,
1719 4610 1809 4665 ubi
1864 4611 2136 4678 vixerant,

561 4723 666 4758 non
716 4705 865 4773 parvi
919 4704 1073 4773 pretii
1111 4717 1317 4768 rerum,
1366 4717 1505 4771 quas
1534 4708 1933 4769 ftransportare
1988 4706 2135 4761 haud

559 4807 679 4852 erat
710 4797 892 4859 facile,
943 4796 1140 4863 partim
1170 4796 1396 4863 perdere
1432 4795 1514 4849 vel
1550 4804 1742 4863 sponte
1773 4796 2139 4865 relinquendo

562 4892 641 4941 vel
673 4889 883 4958 rapinis
924 4887 1335 4955 opportunitate
1367 4887 1641 4943 utentium
1680 4887 1892 4950 furum.
1934 4889 2133 4958 partim

561 4985 825 5035 «latnnosc
881 4978 1038 5053 107
1090 4980 1324 5034 vendere
1353 4980 1537 5035 alieno
1572 4989 1838 5050 tempore,
1868 4981 2140 5038 vilissimo

563 5075 757 5141 pretio.
792 5073 1146 5140 cogebantur.
1178 5073 1485 5127 Accedebat
1513 5074 1659 5144 quod
1694 5075 1873 5143 rigore
1917 5074 2139 5137 hiemis,

564 5181 669 5233 qua
697 5173 779 5217 est
804 5165 916 5217 lucc
952 5172 1169 5233 peracta
1198 5166 1506 5232 translatio,
1531 5181 1782 5235 magnam
1804 5180 1857 5221 ct
1881 5168 2139 5222 miseram

565 5265 805 5317 stragem
861 5255 946 5307 edi
1003 5254 1256 5325 contigit,
1293 5271 1415 5309 tum
1464 5257 1783 5319 hominum,
1814 5256 2142 5312 infirmioris

566 5347 866 5413 prsesertim
914 5347 1115 5414 relatis,
1157 5356 1270 5401 tum
1324 5357 1525 5403 tenerze
1567 5350 1838 5418 pecudum
1893 5351 2138 5415 sobolis;

566 5438 710 5491 unde
740 5438 1004 5492 damnum
1038 5440 1190 5508 Lipsis
1236 5441 1631 5510 gravissimum
1680 5453 1763 5495 est
1799 5442 2047 5508 factum;
2079 5458 2143 5496 ac

566 5540 758 5591 neutro
788 5546 987 5601 genere
1012 5548 1152 5585 novo
1181 5535 1321 5586 cmlo
1356 5548 1683 5588 assuescere
1709 5534 1950 5597 valente,
1995 5549 2141 5587 mor-

567 5623 712 5675 tibus
757 5621 811 5675 in
858 5623 978 5678 dies
1024 5624 1556 5687 increbescentibus,
1608 5626 1903 5681 consilium
1954 5643 2145 5682 neces-

567 5711 772 5767 mrium
795 5712 1081 5767 olitrnsum
1118 5716 1369 5782 pluribus
1402 5731 1591 5768 eorum
1633 5716 1963 5769 redimcudm
1991 5716 2145 5785 sigil-

569 5804 717 5861 lzttiut
770 5798 965 5869 ntagna
1006 5825 1238 5876 pecunia
1304 5809 1579 5860 fat-uitatis
1616 5810 1891 5878 rvpi-trudi
1948 5812 2145 5864 natalis

2243 4611 2507 4666 sinuavit.
2536 4608 2813 4663 Mandavit
2840 4617 3023 4663 autem
3052 4606 3132 4663 eis
3168 4615 3222 4659 ut
3252 4620 3441 4661 secum
3467 4602 3703 4659 ablatum
3730 4594 3808 4650 sui

2243 4705 2489 4776 parentis
2534 4702 2884 4772 imperatoris
2925 4700 3165 4755 cadaver
3203 4697 3511 4770 Selybriam
3560 4697 3809 4764 deporta-

2245 4808 2387 4861 rent,
2434 4796 2618 4864 ibique
2643 4793 2786 4862 apud
2821 4794 3219 4848 monasterium
3259 4790 3569 4846 SalvatOris
3599 4788 3651 4841 in
3687 4783 3804 4849 ejus

2248 4892 2451 4957 templo
2502 4889 2862 4955 deponerent.
2918 4895 2977 4939 ut
3021 4894 3164 4947 erat,
3210 4885 3325 4955 ipsa
3382 4882 3665 4939 conditum
3690 4887 3810 4930 arra

2244 4996 2366 5049 (ιιιπ-
2401 4993 2594 5033 ιύεεαε
2629 4988 2908 5033 mortuum
2941 4986 3256 5045 exceperat.
3277 4975 3370 5030 Sic
3400 4973 3661 5029 translata
3692 4978 3811 5022 ossa

2245 5070 2527 5127 Michaelis
2553 5069 2822 5125 collocata
2869 5081 3000 5125 sunt
3028 5085 3058 5126 e
3084 5071 3308 5141 regione
3338 5064 3577 5138 sepulcri
3629 5059 3811 5128 Bulga-

2249 5165 2462 5218 roctoni
2510 5163 2761 5231 Augusti,
2813 5163 2973 5232 cujus
3024 5164 3303 5232 neglectos
3358 5172 3412 5215 et
3461 5158 3815 5214 irreverenter

2252 5254 2414 5329 108
2462 5252 2683 5311 habitos
2710 5256 2924 5311 cineres
2955 5255 3082 5308 olim
3116 5256 3234 5323 ipse
3268 5250 3497 5307 Michael
3551 5263 3615 5303 ex
3674 5239 3814 5297 ﬂeb-

2247 5346 2568 5401 ιΙοιιιυίιιιιε
2624 5345 2914 5401 transferri
2978 5346 3167 5416 ibique
3214 5342 3477 5400 tutnnlari
3513 5338 3813 5396 curaverat-

2246 5437 2518 5495 Czeterttm
2549 5438 2753 5493 auditis
2781 5437 3449 5507 Andronicusimpcrator
3480 5445 3602 5503 quae
3629 5424 3813 5482 multa,

2251 5531 2513 5601 pleraque
2543 5533 2611 5587 de
2641 5532 2899 5586 monachi
2937 5531 3225 5587 Athanasii
3266 5528 3547 5588 laudibus,
3578 5521 3813 5587 Eonopo-

2251 5623 2345 5677 lita
2375 5623 2724 5690 memoravit,
2755 5640 2864 5695 qua
2891 5633 3088 5694 captus
3118 5623 3491 5678 admiratione
3516 5622 3682 5671 tanta:
3714 5608 3791 5661 \‘it‘

2251 5716 2407 5776 tutis.
2444 5731 2553 5784 qua
2578 5717 2682 5770 sibi
2726 5717 2891 5771 talem
2945 5718 3123 5771 virum
3163 5717 3218 5772 iu
3275 5718 3360 5771 his
3418 5707 3812 5768 dissensionum

2254 5813 2513 5867 Et't'li‘sim
2574 5811 2828 5884 procellis
2869 5826 2977 5865 non
3037 5811 3286 5865 inutilem
3352 5810 3467 5863 fore
3512 5805 3813 5859 autumans.
