4094 6424
526 361 622 425 1'23

1765 366 2093 427 GEORGII
2134 368 2621 432 PACHYMER/E

3702 365 3797 430 Ῑέὶί

508 486 645 550 πρὶς
677 483 921 551 Μαρῖνον
965 484 1283 552 παρίστησι,
1342 487 1401 536 τ’,
1459 486 1588 552 γοῦν
1636 485 1879 537 τοιοῦτον
1930 484 2092 554 ῥητὸν
2120 482 2173 545 Α
2198 484 2329 537 Υίοῦ
2352 486 2408 539 δὲ
2426 487 2487 538 οὐ
2505 487 2760 556 λέγομεν,
2789 506 2806 537 ι
2830 487 2935 558 ὃδὴ
2951 486 3387 555 συνεξαιρεῖσθιι
3411 484 3491 555 τῷ
3516 486 3797 556 κεφαλαεῳ

508 576 1011 647 ἁντιπεριχώρησιν
1062 578 1189 640 τοὺς
1236 578 1550 645 προθέσεων
1601 579 1764 646 φέρον
1818 578 1930 630 οὐδ’
1957 579 2096 640 ὅλως

507 670 770 738 ἐδέχοντο,
797 667 872 728 ὡς
898 667 971 738 μὴ
998 668 1097 737 τῆς
1129 669 1417 737 ἐπιστολῆς
1438 669 1494 735 ἐξ
1515 668 1811 740 ὁλοκλήρου
1846 671 2095 738 εὑρισκο-

511 761 679 829 μὲνης
707 760 1014 829 ἐν’βίϐλοις,
1042 760 1177 812 ἀλλά
1203 778 1255 813 τι
1277 760 1443 827 μέρος
1472 762 1686 828 ὲκεξνης
1711 762 1837 830 περὶ
1869 761 1974 812 τῶν
2003 761 2095 813 δύο

507 851 822 918 κεφαλαίων
850 852 1215 920 διαλαμϐάνον
1244 852 1330 919 ἐφ’
1361 849 1442 913 οἷς
1465 855 1512 905 οί
1553 853 1652 923 τῆς
1685 842 2093 921 ἀνατολῆςτῷν

507 943 737 995 δυτικῶν
780 943 1125 1002 ἐπελάϐοντο.
1176 945 1298 1007 sub;
1350 947 1446 1012 μὲν
1480 948 1574 997 καὶ
1635 944 1855 1014 πρώτου
1889 944 1982 997 τοῦ
2019 947 2094 1013 μὴ

508 1036 609 1104 τὴν
644 1035 968 1107 ἁμαρτωλὸν
1005 1037 1183 1107 σάρκα
1222 1038 1515 1092 ἀναλαϐεῖν
1574 1037 1661 1110 [Ρ.
1714 1037 1811 1110 74]
1864 1039 1954 1091 τὸν
2000 1039 2095 1091 τοῦ

509 1129 647 1182 Θεοῦ
677 1130 849 1197 Λόγον
873 1148 930 1183 τε
955 1132 1047 1183 καὶ
1076 1132 1224 1191 Υἱὸν,
1253 1132 1390 1185 ἀλλά
1429 1132 1526 1201 τὴν
1548 1134 1654 1201 πρὸ
1680 1132 1781 1202 τῆς
1807 1132 2094 1201 παρακοῆς

509 1221 604 1274 τοῦ
653 1222 828 1291 Ἀδὰμ
880 1223 1287 1293 ἀναμάρτητον,
1319 1224 1575 1293 δευτέρου
1609 1225 1665 1277 δέ
1716 1241 1779 1291 γε
1810 1224 1885 1286 ὡς
1915 1226 2096 1277 αἰτίαν

509 1314 588 1383 τῷ
619 1316 918 1385 Μονογενεῖ
951 1318 1378 1387 προσαπτόντων
1407 1316 1500 1368 ἐπὶ
1528 1319 1591 1387 τῇ
1628 1316 1955 1382 ἐκπορεύσει
1998 1314 2093 1368 τοῦ

512 1408 827 1477 ιῐνεύματος
847 1428 859 1440 ·
897 1403 971 1463 ὧν
1006 1409 1064 1462 τὸ
1094 1411 1190 1478 μὲν
1213 1409 1270 1462 ἓν
1299 1413 1390 1463 καὶ
1415 1410 1635 1478 πρῶτον
1660 1409 1895 1471 συνόλως
1921 1409 2092 1478 ἠρνή-

513 1518 693 1556 σαντο.
730 1502 789 1553 τὺ
822 1501 879 1554 δέ
911 1518 973 1568 γε
1014 1502 1287 1570 δεύτερον,
1320 1501 1480 1555 τοῦτο
1517 1502 1580 1571 δὴ
1613 1500 1674 1553 τὸ
1701 1501 2090 1570 προκείμενον,

513 1593 875 1661 ἐθεράπευον,
906 1594 982 1657 ὡς
1016 1596 1064 1646 εί
1097 1595 1192 1646 καὶ
1235 1595 1443 1660 λέγοιεν
1475 1595 1537 1646 ὲκ
1576 1594 1792 1664 Πατρδς
1837 1595 1931 1646 καὶ
1963 1592 2094 1645 Υἱοῦ

510 1686 570 1737 τὸ
602 1684 840 1752 Πνεῦμα,
860 1686 959 1737 οὐκ
992 1685 1165 1738 αττιον
1201 1686 1416 1747 πάντως
1450 1683 1709 1754 φρονοῦσι
1734 1683 1824 1735 τὸν
1848 1684 2092 1749 Μονογε-

511 1779 599 1845 νῆ,
635 1777 748 1829 ἀλλ’
786 1778 872 1830 ἵνα
898 1778 958 1828 τὸ
990 1776 1223 1845 συναφὲς
1252 1777 1346 1828 καὶ
1390 1774 1821 1843 ἀπαράλλακτον
1867 1777 1967 1842 τῆς
2004 1773 2092 1825 οὑ-

2200 573 2295 627 καὶ
2321 575 2506 644 σφόδρ’
2533 577 2867 630 ἐκινδύνευε.
2917 577 3016 629 Διά
3070 576 3230 629 τοῦτο
3261 577 3362 629 καὶ
3411 576 3705 646 δεχόμενοι
3741 577 3797 628 τὸ

2197 666 2496 734 κεφάλαιον
2526 668 2618 721 καὶ
2650 668 2726 731 ὡς
2748 669 2905 736 ἁγίου
2930 667 3026 737 τὴν
3050 666 3195 734 λέξιν
3235 667 3464 737 ἔχοντες
3502 667 3606 738 τὴν
3635 666 3798 737 θερα-

2202 760 2364 811 πείαν
2404 760 2632 831 ἐζήτουν
2654 761 2797 814 κατὰ
2826 762 2887 815 τὸ
2912 761 3073 831 ὀρθὸν
3124 760 3219 814 τοῦ
3252 760 3560 827 δόγματος,
3588 760 3682 812 καὶ
3714 760 3801 812 τό·

2204 870 2302 919 μον
2330 852 2566 920 γράφειν
2593 853 2825 924 ᾑροῦντο
2848 854 2943 907 καὶ
2973 855 3339 924 λογογραφεῖν
3363 855 3469 922 τὴν
3492 851 3798 909 εὐσέϐειαν.

2200 944 2356 1012 Σοφῷ
2386 944 2515 1011 γοῦν
2543 944 2789 998 δοκοῦντι
2819 946 2898 1015 τῷ
2949 946 3288 1016 πατριάρχῃ,
3325 945 3428 997 καλ⁸
3486 944 3635 1012 ὑπὲρ
3673 944 3802 996 πολ-

2198 1031 2327 1094 λοὺς
2353 1036 2472 1094 ταῖς
2501 1033 2783 1104 ἀληθείαις
2810 1034 2945 1097 δντι,
2979 1035 3079 1104 τὴν
3102 1035 3196 1086 τοῦ
3229 1035 3403 1100 τόμου
3429 1034 3661 1103 γραφὴν
3681 1033 3803 1085 επέ-

2198 1140 2401 1194 τρεπον
2437 1126 2638 1196 στήλην
2678 1125 2773 1179 καὶ
2824 1127 3109 1183 εὐσεϐείας
3139 1126 3363 1178 ἔσεσθαι
3424 1126 3803 1194 νομιζομένην

2200 1216 2416 1285 καὶτῆς
2440 1216 2547 1268 τῶν
2571 1219 3056 1286 παρεγκλινάντων
3096 1217 3258 1288 δῆθεν
3289 1219 3500 1279 κακίας
3534 1221 3652 1277 τοῖς
3682 1217 3803 1284 ὀψι-

2200 1305 2399 1368 γόνοις.
2435 1306 2544 1357 Καὶ
2574 1306 2637 1375 δὴ
2668 1307 2767 1376 τὴν
2802 1309 3001 1375 πρᾶξιν
3035 1308 3276 1369 ὑποστὰς
3304 1309 3333 1361 ὁ
3367 1307 3804 1379 πατριαρχεύων

2200 1399 2449 1464 γενναῖον
2479 1400 2645 1466 τόμον
2676 1401 2980 1469 συντίθησι,
3028 1400 3267 1453 τοσοῖσδε
3308 1401 3646 1467 κεφαλαίοις
3690 1400 3805 1469 ἅμα

2205 1489 2303 1556 μὲν
2328 1489 2731 1559 ἐπειλημμένος
2758 1492 2864 1543 τῶν
2885 1491 3171 1557 λεγόντων,
3206 1493 3320 1561 ἓμα
3351 1492 3410 1545 δξ
3447 1492 3547 1544 καὶ
3579 1491 3802 1552 τούτους

2199 1578 2372 1642 οὕτως
2397 1581 2618 1651 ἔχοντας
2642 1581 3105 1652 ἀποϐιλλόμενος.
3126 1583 3329 1635 Τοῦτον
3351 1582 3444 1635 ἐπ’
3467 1581 3802 1652 Ἐκκλησὶας

2200 1674 2466 1743 πρότερον
2506 1673 2896 1739 ἀνεγίνωσκον,
2943 1676 3038 1728 καὶ
3086 1675 3172 1727 ἐπ’
3205 1675 3542 1745 ὀκρίϐαντος
3597 1673 3803 1734 ἀναϐάς

2198 1781 2284 1827 τις
2311 1766 2431 1817 καθ’
2462 1764 2694 1818 ἕκαστόν
2720 1782 2779 1818 τε
2809 1766 3106 1833 κεφάλαιον
3157 1766 3255 1836 τὴν
3289 1766 3580 1833 ἀποϐολὴν
3613 1766 3802 1835 ἐδήλου

514 1871 633 1932 σίας
666 1869 1081 1937 παραστήσωσι.
1116 1867 1225 1939 Τὴν
1256 1866 1387 1935 γοῦν
1438 1865 1699 1935 τοιαύτην
1732 1862 2093 1932 ἀντιπεριχὼ-
2126 1857 2169 1914 Β
2202 1857 2602 1926 μεγαλοερὼνως
2644 1858 2764 1909 κατ’
2812 1857 2983 1925 ὄνομα
3031 1859 3140 1911 τῶν
3187 1858 3330 1911 οὕτω
3384 1858 3668 1925 λεγόντων
3714 1858 3806 1908 καὶ

514 1979 670 2031 ρησιν
695 1963 794 2030 τῆς
827 1960 1163 2029 προθέσεως,
1198 1961 1320 2014 ἐπεὶ
1348 1961 1448 2012 οὐκ
1480 1958 1790 2027 ὲνεκρίνετο
1821 1958 1935 2019 τοῖς
1961 1972 2097 2023 γνη-
2124 1974 2133 1981 ’

513 2053 649 2114 aiat;
678 2053 771 2105 τοῦ
824 2052 968 2105 θείου
1001 2053 1257 2119 Μαξίμου
1301 2050 1363 2104 τὸ
1411 2051 1513 2122 τῆς
1551 2050 1849 2119 ἐπιστολῆς
1885 2050 2100 2117 ἐκείνης

512 2146 793 2214 τεμάχιον,
850 2143 1228 2210 ἀπαρὰδεκτον
1295 2140 1540 2209 ἔγνωσαν
1592 2140 1762 2211 ἔχειν.
1828 2141 1993 2210 Μ’ῧνῳ
2053 2138 2099 2190 δ’

516 2235 757 2305 ἐχρῶντο
786 2233 863 2286 τῶ
895 2232 990 2285 τοῦ
1057 2232 1418 2303 Δαμασκὸθεν
1449 2233 1685 2302 Πατρδς,
1717 2231 1793 2301 τῷ
1833 2250 1852 2284 ι
1886 2232 1982 2284 Ἐκ
2008 2227 2102 2284 τοῦ.

518 2410 670 2464 ribus
705 2418 931 2478 operum
962 2410 1137 2465 sancti
1174 2408 1432 2476 Maximi,
1467 2410 1561 2464 sed
1592 2416 1802 2475 partem
1835 2408 2100 2484 duntaxat

518 2502 639 2570 ejus
691 2503 933 2570 aliquam
983 2505 1090 2557 duo
1133 2502 1456 2556 Latinorum
1496 2516 1525 2553 a
1584 2500 1793 2555 Graecis
1842 2509 2101 2554 accusata

514 2596 754 2663 capitula
785 2606 1205 2649 memorantem.
1230 2594 1475 2661 Quorum
1507 2596 1662 2665 prius
1692 2595 1796 2648 hoc
1815 2602 1955 2655 erat,
1991 2608 2101 2647 non

516 2689 880 2755 peccatricem
912 2703 1137 2743 carnem
1164 2699 1505 2758 assumptam
1543 2689 1714 2743 fuisse
1740 2704 1770 2742 a
1804 2687 1897 2742 Dei
1920 2686 2103 2743 Verbo

512 2787 567 2830 et
620 2776 779 2840 Filio,
833 2780 925 2832 sed
977 2794 1096 2831 eam
1152 2794 1273 2850 quae
1321 2789 1465 2833 esset
1501 2778 1709 2849 pecrati
1750 2793 1947 2848 expers
1980 2787 2105 2832 ante

514 2872 942 2926 inobedientiam
975 2872 1168 2926 Adami
1212 2891 1226 2938 ;
1257 2872 1487 2925 alterum
1523 2881 1729 2938 autem,
1759 2887 1871 2942 quo
1898 2873 2106 2926 tribue-

518 2964 678 3013 batur
701 2961 993 3031 Unigenito
1016 2962 1156 3016 ratio
1186 2976 1366 3016 causas
1390 2963 1442 3016 in
1469 2964 1823 3031 processione
1838 2961 2103 3031 Spiritus.

515 3056 591 3107 Ac
620 3054 855 3122 primum
902 3053 1126 3122 quidem
1182 3054 1316 3107 illud
1375 3055 1606 3109 omnino
1653 3056 1945 3125 negabant.
2004 3056 2106 3110 Se-

517 3146 763 3200 cundum
820 3162 952 3199 vero
1002 3146 1355 3215 expositione
1408 3148 1786 3218 temperabant
1848 3149 1902 3203 in
1960 3150 2107 3204 hunc

518 3240 739 3292 modum
773 3255 787 3291 :
826 3239 938 3293 Etsi
977 3239 1226 3293 dicerent
1252 3254 1320 3293 ex
1360 3239 1520 3294 Patre
1558 3238 1809 3311 Filioque
1838 3241 2105 3312 Spiritum

514 3332 956 3395 procederemon
991 3342 1171 3387 tamen
1208 3332 1375 3401 hujus
1399 3348 1627 3388 causam
1660 3349 1958 3402 agnoscere
1981 3335 2111 3390 Uni-

518 3423 791 3490 genitum,
821 3423 914 3475 sed
947 3424 1019 3475 ita
1053 3422 1200 3493 loqui
1243 3431 1302 3476 ut
1348 3424 1743 3479 eobazrentiatu
1780 3426 2030 3480 intimam
2059 3436 2113 3480 et

519 3515 1027 3569 immutabilitatem
1060 3516 1319 3570 essentia:
1344 3518 1719 3573 adstruerent.
1752 3518 1909 3586 Quod
1944 3521 2111 3574 verba

523 3621 689 3675 porro
739 3608 1000 3660 attineret
1030 3607 1125 3660 illa
1172 3608 1378 3677 quibus
1412 3608 1792 3664 afﬁrmabatur
1844 3612 2112 3681 aequipol-

519 3698 686 3750 lentia
719 3712 769 3750 et
792 3699 1120 3768 synonymia
1160 3702 1569 3768 praepositionis
1596 3717 1661 3756 ea:
1687 3717 1812 3757 cum
1844 3720 1958 3773 per,
1979 3719 2115 3773 quo-

523 3793 669 3844 niam
711 3795 1082 3859 I'ragmentum
1122 3794 1391 3862 epistolas,
1429 3795 1480 3847 in
1507 3810 1618 3863 quo
1645 3796 1733 3848 illa
1765 3797 2112 3867 legebantur,

523 3900 632 3937 nou
698 3885 1097 3938 acccnsebatur
1143 3885 1399 3955 legitimis
1447 3887 1668 3957 scriptis
1724 3887 1872 3943 illius
1934 3888 2113 3942 sancti

525 3977 796 4041 doctoris,
829 3978 922 4030 sed
955 3978 1206 4045 spurium
1231 3988 1285 4033 et
1316 3978 1558 4035 altictum
1585 3980 1906 4051 putabatur,
1931 3982 2119 4037 decre-

528 4081 725 4123 verunt
776 4074 1099 4141 neutiquam
1135 4072 1350 4125 admitti
1386 4081 1642 4141 oportere
1673 4082 1727 4127 et
1761 4088 1862 4143 pro
1893 4073 2116 4130 indictis

523 4164 798 4221 habenJa.
839 4165 968 4219 Solo
1006 4165 1306 4219 utebantur
1357 4165 1682 4220 Damasceni
1736 4164 1918 4222 Patris
1951 4165 2117 4220 eﬂ'ato

526 4258 642 4324 illo,
688 4273 721 4327 ς
765 4281 798 4311 ι,
856 4263 903 4314 is
952 4260 1189 4329 negabat
1221 4275 1280 4316 se
1320 4260 1505 4316 dicere
1553 4261 1820 4331 Spiritum
1859 4276 1922 4316 ex
1952 4258 2116 4314 Filio.

528 4356 661 4423 Quae
712 4363 876 4410 verba
930 4357 1034 4411 sibi
1087 4356 1352 4422 faventia,
1402 4357 1530 4426 quia
1571 4356 1831 4411 videbant
1873 4354 2117 4423 capitulo

526 4451 720 4505 eodem
774 4449 1045 4503 contineri
1095 4465 1202 4518 quo
1232 4450 1338 4503 alia
1380 4450 1473 4503 illa
1515 4464 1544 4502 a
1581 4447 1762 4503 Vecco
1787 4448 2016 4517 jar-tata,
2054 4461 2118 4499 ac

526 4554 929 4608 consequenter
995 4538 1297 4605 periclitari
1352 4555 1419 4594 ne
1465 4540 1766 4610 rejicienda
1823 4547 2009 4593 essent
2060 4545 2116 4591 ut

451 4659 458 4665 -
526 4635 737 4703 Spuria,
774 4635 818 4687 si
868 4632 1175 4701 capitulum
1232 4632 1366 4688 illud
1429 4634 1846 4701 reprobaretur,
1880 4630 2015 4685 illud
2054 4645 2114 4684 se

527 4728 774 4796 recipere
805 4727 1066 4781 dixerunt
1097 4740 1160 4779 ac
1193 4740 1291 4793 pro
1321 4741 1453 4780 vero
1481 4725 1657 4779 sancti
1697 4723 1877 4778 Patris
1908 4723 2115 4790 scripto

530 4821 805 4887 venerari,
830 4830 1087 4873 caeterum
1130 4818 1534 4887 expositionem
1569 4831 1822 4885 quaerere
1852 4831 1959 4885 qua
1991 4815 2117 4869 reli-

530 4933 635 4984 qua
668 4918 756 4970 illa
792 4917 1014 4971 duriora
1044 4917 1327 4970 mollirent
1357 4924 1412 4969 et
1432 4914 1499 4968 ad
1531 4927 1755 4968 sensum
1785 4912 2114 4966 catholicum

532 5011 664 5065 recti
703 5012 977 5080 dogmatis
1027 5012 1373 5078 adaptarent.
1414 5007 1592 5074 Quam
1636 5007 1855 5060 in.rem
1911 5006 2120 5060 consti-

534 5113 753 5156 tuerunt
795 5113 1004 5157 tomum
1038 5103 1284 5156 scribere
1320 5117 1385 5156 ac
1424 5100 1736 5155 doctrinam
1771 5112 1985 5152 sacram
2034 5097 2121 5150 l‘u-

530 5193 647 5247 sius
681 5194 834 5261 111
869 5194 1168 5262 explicare.
1201 5193 1432 5246 Erudito
1466 5192 1635 5261 igitur
1664 5190 1982 5244 existimato
2016 5205 2118 5257 pa-

538 5285 793 5338 triarcha:
862 5284 938 5347 (et
994 5298 1183 5337 revera
1256 5283 1345 5337 ille
1378 5282 1628 5337 doctrina
1694 5297 1858 5351 supra
1913 5282 2119 5336 multos

535 5379 862 5447 excellebat)
909 5378 1262 5446 scriptionem
1315 5379 1447 5431 tomi
1495 5377 1921 5439 demandarunt,
1955 5390 2117 5443 quam

535 5486 776 5541 perenne
811 5471 952 5540 apud
979 5481 1225 5540 posteros
1255 5481 1670 5525 monumentum
1706 5469 1822 5523 fore
1852 5468 2121 5537 putabant

536 5575 588 5618 et
636 5564 919 5634 religionis
956 5565 1200 5633 ips'wum
1254 5564 1307 5617 in
1360 5563 1687 5617 rectitudine
1733 5562 2007 5632 dogmatis
2040 5570 2119 5615 te-

541 5659 718 5713 nenda
748 5668 801 5713 et
830 5660 1038 5713 erroris
1072 5660 1541 5725 adversariorum,
1574 5657 1665 5727 qui
1700 5657 1910 5727 scilicet
1936 5668 1963 5706 a
1993 5651 2119 5706 ﬁdei

544 5752 727 5819 regula
757 5752 1151 5806 declinassent.
1184 5751 1437 5806 Admissa
1477 5758 1841 5816 susceptaque
1885 5747 2121 5817 patriar-

540 5843 641 5896 cba
675 5845 973 5910 provincia,
1013 5856 1219 5898 tomum
1266 5845 1502 5897 validum
1558 5841 1891 5911 cunposuit,
1924 5847 2001 5891 tot
2033 5839 2121 5893 illa

2201 1947 2552 2012 δοξαζόντων.
2581 1949 2872 2016 μετέπειτα
2907 1949 2963 2001 δὲ
2997 1950 3152 2012 αὐτὸς
3199 1948 3465 2018 βασιλεὺς
3496 1949 3590 2002 διὰ
3625 1964 3805 2001 κινναο

2204 2041 2420 2110 ϐάρεως
2448 2038 2864 2109 καθυπέγραψε,
2904 2038 3021 2093 εἶτα
3055 2041 3113 2093 δὲ
3152 2041 3512 2110 πατριάρχης
3548 2040 3645 2092 καὶ
3679 2039 3803 2104 ὲφει

2203 2129 2302 2196 ξῆς
2330 2130 2380 2181 οί
2413 2130 2709 2199 ἀρχιερεῖς.
2735 2129 2857 2183 Ἐπὶ
2884 2130 2940 2183 δὲ
2973 2131 3100 2192 τοὺς
3126 2131 3225 2199 τῆς
3257 2129 3597 2199 Ἐκκλησίας
3629 2127 3806 2181 ἐλθόν-

2201 2237 2315 2285 τες,
2343 2221 2466 2273 ἐπεὶ
2500 2223 2788 2285 κάκείνους
2814 2221 3289 2292 ὑποσημαίνεσθαι
3320 2226 3417 2275 τὸν
3445 2222 3616 2291 τόμον
3638 2218 3801 2290 ἠϐού-

2206 2402 2488 2471 sigillatim
2527 2403 2927 2473 expendentem
2958 2402 3140 2472 capita
3170 2409 3451 2457 motarum
3485 2411 3811 2457 controver-

2205 2499 2449 2561 Siitl'Ulll;
2499 2498 2552 2549 in
2606 2512 2715 2566 quo
2766 2498 2907 2551 baud
2964 2497 3205 2550 molliter
3242 2496 3517 2566 carpebat
3552 2498 3803 2553 adversa-

2213 2590 2352 2652 rios,
2385 2599 2438 2643 et
2475 2590 2681 2644 diserte
2724 2590 3053 2658 reprobabat
3097 2590 3512 2660 abjiciebatqbe
3555 2599 3615 2643 ut
3659 2602 3809 2644 sanata

2206 2682 2475 2737 doctrina:
2528 2684 2812 2737 contraria
2853 2692 3063 2738 asserta
3122 2682 3398 2752 ipsorum.
3443 2682 3809 2749 Conseriptus

2206 2777 2253 2832 is
2289 2786 2473 2831 tomus
2506 2776 2661 2845 prius
2714 2776 2767 2830 in
2825 2776 3060 2830 ecclesia
3134 2776 3311 2831 lectus
3341 2777 3454 2833 hoc
3497 2775 3663 2831 modo
3701 2784 3801 2830 est.

2205 2869 2599 2925 Conscendens
2648 2871 2774 2938 quis
2828 2870 2883 2924 in
2935 2870 3229 2939 pulpitum,
3284 2871 3423 2925 inde
3473 2883 3804 2939 unoquoque

2207 2962 2452 3030 capitulo
2489 2968 2738 3021 recitato,
2768 2960 2883 3031 ejus
2911 2962 3179 3014 continuo
3230 2960 3656 3016 datnnationan
3686 2973 3809 3026 pro~

2211 3053 2503 3107 nuntiabat
2556 3069 2688 3105 voce
2747 3054 2856 3107 late
2905 3068 3127 3118 sonora,
3161 3055 3453 3122 expressis
3488 3052 3807 3108 nominibus

2204 3159 2399 3197 eorum
2430 3158 2573 3212 quos
2627 3143 2708 3197 sic
2752 3143 2899 3211 loqui
2937 3154 2989 3198 et
3022 3145 3233 3199 sentire
3263 3144 3479 3199 aiebat.
3528 3144 3661 3199 Post
3696 3143 3803 3195 hac

2216 3240 2333 3307 ipse
2365 3239 2666 3307 imperator
2697 3239 2919 3294 rubrica
2946 3239 3297 3308 subscripsit,
3335 3240 3543 3295 deinde
3575 3238 3801 3308 patriar-

2214 3332 2342 3396 cha,
2372 3340 2485 3383 tum
2516 3332 2713 3385 ordine
2743 3332 3027 3401 pratsules.
3056 3331 3136 3385 Ad
3172 3332 3383 3385 clerum
3424 3330 3660 3386 subinde
3684 3343 3803 3382 ven-

2216 3436 2333 3481 tum
2368 3445 2380 3481 :
2422 3444 2549 3481 nam
2577 3438 2631 3481 et
2653 3427 3168 3482 ecclesiasticarum
3208 3428 3446 3482 secundi
3490 3424 3700 3480 ordinis
3722 3422 3805 3475 llr-

2217 3520 2355 3574 mari
2384 3520 2888 3589 subscriptionibus
2920 3529 3133 3573 tomum
3162 3520 3457 3585 volebant,
3497 3520 3608 3575 imo
3637 3517 3705 3572 ab
3727 3513 3809 3568 his

2214 3614 2491 3684 prrecipue
2519 3615 2818 3683 cupiebant
2840 3613 3158 3683 approbari,
3188 3612 3465 3681 quoniam
3505 3627 3613 3667 non
3648 3623 3802 3668 vana,

2221 3703 2299 3755 uti
2326 3702 2571 3769 aiebant,
2596 3704 2843 3799 guspicio
2887 3704 3219 3758 erathorum
3263 3717 3375 3758 non
3420 3718 3629 3774 paucos
3658 3716 3686 3755 a
3712 3699 3802 3754 do-

2216 3796 2394 3850 ctrina
2431 3791 2887 3864 tomo'vexposita
2936 3796 3257 3851 abhorrere.
3303 3794 3586 3862 Quocirca
3629 3791 3799 3863 expri-

2219 3889 2479 3944 mendum
2508 3888 2693 3942 abitis
2729 3889 3120 3943 existimabant
3147 3899 3360 3943 mature
3390 3901 3723 3945 consensum
3748 3884 3799 3936 in

2219 3981 2440 4037 decreta
2469 3982 2747 4037 communi
2781 3982 2990 4035 calculo
3022 3982 3358 4037 antistitum.
3397 3983 3470 4037 At
3508 3998 3618 4038 non
3647 3975 3798 4034 facile

2220 4075 2273 4129 id
2321 4074 2600 4145 negotium
2658 4089 2759 4127 usu
2797 4074 3200 4143 deprehensum
3242 4081 3327 4132 est
3355 4093 3375 4131 ε
3406 4088 3610 4150 praeter
3657 4072 3796 4129 enim

2220 4183 2450 4238 paucos,
2501 4182 2643 4240 quos
2692 4177 2746 4225 et
2795 4171 3149 4225 observatum
3180 4179 3357 4226 estex
3389 4171 3462 4227 iis
3508 4171 3680 4226 fuisse
3709 4163 3798 4235 qui

2220 4259 2592 4316 secessionem
2640 4262 2793 4330 prius
2828 4261 3096 4326 fecerant,
3133 4276 3328 4317 omnes
3382 4263 3569 4319 caeteri
3620 4256 3801 4316 clerici

2222 4354 2398 4422 prima
2427 4354 2611 4408 statim
2643 4353 3086 4423 interpellatione
3113 4354 3180 4409 de
3210 4355 3619 4410 subscribendo
3650 4352 3800 4423 plane

2222 4446 2582 4501 ostenderunt
2613 4461 2671 4500 se
2700 4439 3076 4501 inﬂexibiliter
3122 4446 3448 4503 obﬁrmatos
3496 4446 3563 4501 ad
3609 4457 3799 4514 negan-

2143 4573 2197 4632 D
2224 4538 2348 4593 dam
2391 4539 2507 4593 sive
2540 4539 3008 4608 subscriptionem
3045 4538 3161 4594 sive
3207 4540 3369 4593 aliam
3424 4538 3680 4610 quamvis
3705 4548 3800 4588 no-

2221 4645 2344 4684 vam
2368 4631 2794 4685 declarationem
2823 4645 2934 4684 suae
2965 4630 3033 4685 de
3063 4631 3150 4686 his
3183 4634 3494 4687 sententiae.
3530 4629 3717 4700 Neque
3738 4624 3802 4677 de

2220 4722 2323 4777 liae
2350 4722 2666 4778 inductione
2697 4723 2867 4777 animi
2900 4724 3184 4779 blanditiis
3227 4725 3425 4779 deduci
3463 4725 3614 4789 ullis,
3648 4734 3709 4775 ac
3738 4731 3803 4771 ne

2220 4815 2386 4869 minis
2413 4816 2637 4886 quidem
2669 4815 2935 4870 dimoveri
2970 4826 3221 4887 potuere.
3240 4816 3481 4872 Causam
3514 4808 3801 4870 recusandi

2219 4907 2617 4963 validissimam
2677 4908 2955 4963 ducebant
3018 4924 3083 4963 ex
3142 4910 3439 4980 asperitate
3504 4919 3680 4977 nuper
3733 4903 3784 4955 iu

2221 5001 2371 5071 ipsos
2425 5003 2689 5064 exercita,
2713 5003 2842 5056 dum
2879 5000 3034 5057 fuere
3067 5003 3417 5075 sacrisllz
3436 4998 3649 5058 exclusi
3683 5008 3801 5047 tan-

2224 5100 2390 5157 taque
2430 5088 2732 5158 ignominia
2782 5088 3043 5152 traducti,
3105 5099 3271 5161 prout
3317 5091 3691 5145 narravimus.
3745 5078 3797 5133 Si

2222 5186 2393 5246 enim,
2450 5183 2691 5247 aiebant,
2753 5198 2877 5237 cum
2928 5198 3031 5238 nec
3083 5184 3334 5254 benignis
3382 5177 3800 5239 invitationibus

2225 5275 2411 5331 omnis
2465 5277 2681 5345 generis
2732 5292 2832 5332 nec
2885 5278 3433 5343 comminationibus,
3475 5293 3543 5332 ne
3583 5268 3800 5329 inﬂictis

2224 5369 2442 5438 quidem
2470 5354 2650 5439 poenis
2682 5370 2944 5440 gravibus
2975 5372 3205 5440 perpelli
3239 5383 3401 5426 antea
3427 5368 3798 5440 potuissemus

2227 5461 2292 5515 ad
2326 5461 2733 5531 subscriptione
2755 5462 2865 5516 ulla
2893 5476 3078 5519 nostra
3104 5464 3472 5521 roborandam
3506 5459 3796 5533 quidquam

2227 5571 2292 5610 ex
2354 5557 2422 5611 iis
2468 5571 2591 5627 qua!
2614 5557 2835 5625 publice
2893 5560 3304 5622 statuebantur,
3360 5568 3547 5614 tamen
3615 5555 3800 5606 secula

2228 5651 2573 5720 postmodum
2610 5652 2976 5709 conversione
3006 5669 3190 5709 rerum
3229 5662 3338 5709 tam
3370 5650 3651 5709 atrocibus
3677 5652 3799 5708 sup-

2231 5742 2410 5811 pliciis
2434 5742 2639 5799 luimus
2669 5758 2877 5798 meram
2906 5745 3343 5812 conniventiam,
3374 5748 3458 5800 bis
3484 5738 3617 5811 ipsis
3648 5730 3805 5804 judi-

2231 5836 2481 5890 t‘autibus
2526 5848 2577 5889 et
2617 5836 3128 5893 inunisrricorditcr
3191 5834 3614 5910 exsequentibus
3657 5819 3799 5897 judi’
