4094 6420
324 403 427 466 Ῑέῧ

1217 411 1315 469 DE
1356 411 1804 471 ANDRONlCO
1843 412 2316 476 PALJEOLOGO
2358 417 2504 478 LIB.
2539 417 2621 477 ῘῘ.

3488 422 3596 484 126

326 518 502 579 λοντο,
535 533 626 571 και
678 519 880 589 μᾶλλον
909 520 1147 584 ἐκείνους
1179 521 1252 583 ὡς
1286 523 1786 593 ὑποπτευομένους,
1835 524 1910 586 ὡς
1944 530 1985 584 Α
2019 529 2295 599 συνεδρίου
2336 532 2562 602 ἀπήλων
2614 532 2708 585 καὶ
2758 533 2833 596 ὡς
2883 533 3111 604 ἐχθροὺς
3152 533 3386 603 ἔκρινον.
3427 539 3489 590 Οἱ
3537 539 3593 591 δὲ

326 612 535 677 ἔλεγον,
561 612 721 675 εὐθὺς
764 612 1077 676 ἁνενδότους
1109 613 1364 680 εὕρισκον
1396 618 1489 668 καὶ
1527 615 1601 678 ὡς
1628 611 1775 684 εἶχον
1801 617 1911 668 ὲνι-

331 706 654 775 σταμένους.
709 705 855 774 Πλὴν
882 706 990 775 γὰρ
1015 705 1236 774 ὀλίγων,
1265 709 1357 759 καὶ
1389 708 1592 760 τούτων
1618 710 1730 760 ὅσοι
1754 708 1914 776 τυχὸν

332 797 426 849 καὶ
459 796 772 866 σχιζόμενοι
825 797 1090 867 πρότερον
1127 797 1322 867 θερμοὶ
1371 799 1740 870 συλλήπτορες
1774 795 1915 870 ἦσαν

331 884 443 937 τῶν
474 884 725 953 ὕστερον,
778 886 826 937 οἱ
858 885 1035 938 λοιποὶ
1066 886 1266 951 πάντες
1317 888 1441 942 οὔτε
1476 890 1741 951 θωπείαις
1785 889 1915 942 κιθο

330 979 610 1048 υπήγοντο
636 977 750 1031 οὔτ’
777 979 1030 1044 ἀπειλαῖς
1056 981 1426 1045 ὑπεκλίνοντο,
1455 983 1568 1036 ἀλλ’
1600 984 1819 1053 ἰσχυρὸν
1848 978 1917 1054 ἦν

332 1070 521 1137 σφίσιν
572 1071 651 1133 εἰς
684 1071 983 1141 ἀπολογίαν
1034 1074 1102 1127 τὰ
1150 1074 1277 1143 χθὲς
1332 1075 1678 1129 τελεσθέντα.
1720 1078 1919 1145 Εἰγὰρ

334 1162 506 1233 μηδὲν
536 1164 798 1226 ἑκουσίως
848 1165 957 1218 οὐδ’
981 1165 1300 1235 ἁρεσκείαις
1356 1171 1580 1230 πάσαις,
1616 1168 1729 1219 ἀλλ’
1757 1171 1917 1222 ἀπει-

330 1249 454 1314 λαῖς
480 1252 575 1303 καὶ
610 1252 897 1307 κολάσεσιν
932 1254 1352 1325 ὑπογράψαντες
1407 1258 1662 1310 τοσοῦτον
1694 1259 1917 1328 ἐπειρά-

329 1342 510 1411 θησαν
554 1343 662 1396 τῶν
688 1344 899 1411 δεινῶν,
934 1347 1160 1400 ἐκείνων
1206 1349 1530 1419 κρινόντων,
1564 1349 1657 1402 καί
1703 1366 1767 1417 γε
1797 1364 1921 1402 πει-

328 1435 564 1511 ρῶνται,
592 1436 687 1489 xxi.
714 1438 884 1492 ταῦτα
915 1440 1039 1507 μηδ’
1060 1440 1152 1491 ἐπὶ
1181 1440 1447 1511 δόγμασιν
1476 1444 1920 1513 ὑπογράψαντες,

327 1531 480 1592 τίνες
504 1529 736 1598 γένοιντ’
766 1529 854 1603 [Ρ.
879 1531 971 1604 75]
1004 1532 1070 1586 ἂν
1100 1530 1278 1597 αὖθις.
1310 1534 1424 1602 εἴγε
1451 1535 1592 1600 δόξοι
1631 1537 1741 1589 τισὶ
1768 1536 1923 1609 (πολε

328 1621 414 1674 λοὶ
454 1622 499 1675 δ’
533 1623 584 1674 οἱ
610 1622 895 1695 λοχῶντες)
933 1627 1029 1679 καὶ
1078 1627 1168 1680 τὸν
1216 1628 1383 1697 τόμον
1434 1628 1922 1696 καταιτιάσαιντο;

330 1714 449 1767 Καὶ
475 1716 525 1767 εἰ
551 1715 723 1768 ταῦτα
758 1717 991 1785 γένοιτο.
1034 1719 1117 1781 τίς
1148 1718 1216 1772 ἂν
1247 1719 1527 1787 ἐξελέσθαι
1560 1721 1728 1791 ἡμᾶς,
1765 1721 1918 1789 φασὶ,

326 1803 564 1869 δυνατὸς
596 1806 693 1875 τῆς
726 1808 949 1860 ἐκείνων
985 1808 1256 1879 κρίσεως;
1287 1810 1474 1863 Ταῦτα
1512 1814 1625 1875 τοῖς
1659 1813 1759 1879 τῆς
1798 1812 1926 1864 Ἐκα-

2016 619 2115 688 τὴν
2148 624 2264 688 μετ’
2289 624 2520 677 ἐκείνων
2546 624 2781 693 ὁμιλίαν,
2811 626 3039 679 τοιαῦτα
3075 625 3386 693 ζητούντων
3416 645 3474 679 τε
3504 629 3600 680 καὶ

2016 711 2305 778 λεγόντων,
2338 716 2572 786 ἐρημίαν
2616 716 2870 786 οἰόμενοι,
2912 718 3009 787 τὴν
3033 720 3077 772 δ’
3102 718 3339 790 ἐρημίαν
3372 720 3471 787 τὴν
3500 723 3601 774 ἀπ’

2018 804 2246 858 ὲκεὶνων
2298 801 2410 860 οἷον
2486 808 2820 877 ἀσφάλειαν,
2885 812 3247 882 περιήρχοντο
3307 812 3600 880 πλανῆτες,

2020 895 2374 965 ἐστερημένοι
2425 899 2524 967 μὲν
2580 902 2765 970 τιμῆς,
2822 902 3175 971 ἐστερημένοι
3232 904 3287 956 δὲ
3335 904 3602 971 προσόδου

2021 987 2221 1059 πάσης,
2255 991 2347 1043 καὶ
2371 991 2430 1043 τὸ
2460 995 2664 1047 εἰκαῖον
2692 995 2787 1065 τῆς
2818 995 3104 1064 διατριϐῆς
3153 998 3255 1064 τῆς
3280 997 3402 1049 καθ’
3435 996 3602 1050 αὑτοῦ

2020 1078 2228 1145 τάξεως
2283 1082 2722 1154 ἀνθαιρούμενοι.
2795 1086 2884 1150 Ὠς
2921 1088 3097 1142 δὲκαὶ
3136 1085 3292 1149 αὖθις
3326 1107 3604 1157 προσεκα-

2020 1169 2208 1224 λοῦντο
2235 1174 2327 1226 καὶ
2354 1176 2698 1245 ἀνεκρίνοντο
2733 1180 2826 1231 καὶ
2878 1179 3038 1232 πάλιν
3072 1179 3249 1243 αὖθις.
3278 1180 3373 1233 καί
3397 1198 3459 1247 γε
3489 1182 3605 1250 μῶ-

2026 1279 2126 1331 μον
2157 1265 2308 1332 σιρίσι
2343 1266 2437 1318 καὶ
2471 1267 2532 1319 τὸ
2557 1271 2671 1329 τοῖς
2704 1269 2996 1340 προτέροις
3031 1273 3390 1341 προσκεῖσθαι
3425 1272 3604 1325 δοκεῖν

2024 1355 2188 1408 κάκεῖ
2211 1355 2299 1408 τὸν
2333 1357 2461 1410 νοῦν
2494 1358 2638 1426 ἔχειν
2669 1361 2874 1429 ἐπῆγον
2921 1361 2995 1423 ὡς
3035 1363 3288 1433 ἔγκλημα
3328 1366 3607 1432 μέγιστον,

2025 1448 2072 1499 οἱ
2107 1447 2206 1515 μὲν
2250 1449 2358 1502 οὐδ’
2395 1449 2568 1513 οὑτως
2630 1452 2819 1522 ἤθελον
2875 1454 3260 1508 ὑποκλίνεσθαι
3288 1498 3299 1516 ,
3352 1457 3610 1509 ὑπόνοιαν

2025 1539 2399 1593 ἀνυπόστατον
2439 1541 2819 1611 προτιμῶντες
2856 1546 3168 1614 προφανοῦς
3210 1547 3498 1617 ὀρρωδίας,
3536 1547 3611 1616 μὴ

2026 1631 2272 1700 ἀκριϐῶς
2316 1632 2516 1695 εἰδότες
2539 1635 2566 1687 ὃ
2592 1650 2645 1689 τι
2688 1636 2783 1687 καὶ
2828 1635 3220 1708 ὑπογράψοιεν.
3273 1634 3383 1691 Ἦν
3412 1638 3521 1706 γὰρ
3556 1641 3613 1690 ἐν

2027 1721 2103 1790 τῷ
2131 1723 2283 1793 τόμῳ
2310 1724 2447 1794 πρδς
2479 1727 2590 1788 τοῖς
2620 1725 2799 1788 ἄλλοις
2835 1727 2927 1780 καὶ
2955 1730 2986 1797 ἡ
3018 1729 3112 1781 τοῦ
3143 1728 3310 1799 ῥητοῦ
3342 1730 3436 1782 τοῦ
3466 1729 3612 1781 θείου

2028 1815 2389 1882 Δαμασκηνοῦ
2429 1816 2687 1887 ἐξήγησις
2744 1818 2918 1882 οὑτως
2972 1819 3203 1889 ἔχουσα·
3271 1839 3289 1871 ι
3320 1823 3378 1874 Εἰ
3417 1821 3471 1873 δὲ
3517 1822 3616 1874 καὶ

330 1894 568 1965 κλησίας
601 1896 822 1964 λέγουσι
849 1877 1034 1950 πολλοι
1078 1899 1179 1965 μέν
1210 1917 1354 1963 τινες
1380 1895 1519 1969 ἦσαν
1547 1877 1746 1955 ἐκεῖνοι
1778 1902 1926 1968 γινό-
1959 1877 2001 1932 Β
2035 1877 2185 1974 παρὰ
2218 1877 2296 1976 etii
2341 1877 2786 1980 θεολὸῇέωτετῳ
2836 1877 3183 1982 ila-patenum?)
3216 1911 3273 1963 τὸ
3309 1911 3396 1963 διὰ
3439 1911 3614 1976 Λόγου

332 2005 492 2056 μενοι
514 1989 616 2057 τὴν
668 1992 936 2061 διαφορὰν
979 1992 1377 2061 ἀντεπάγοντες
1404 1994 1537 2061 ,τῶν
1587 1996 1930 2063 πραγμάτων

332 2081 596 2150 καὶπρὸς
644 2083 744 2151 τὴν
806 2083 1129 2154 ὑπογραφὴν
1192 2084 1569 2155 ἐρεθίζοντεςο
1629 2085 1703 2148 ὡς
1736 2084 1782 2138 δ’
1830 2086 1930 2138 οὐκ

330 2174 554 2231 ἔπειθον
587 2177 788 2245 συχνὰς
836 2176 1145 2246 προσϐολὰς
1198 2176 1534 2247 ποιούμενοι,
1583 2179 1662 2239 είς
1690 2177 1928 2246 ὑποψίαν

328 2264 702 2338 ἐμϐάλλοντες
724 2262 800 2322 ὧν
832 2269 932 2320 οὐκ
962 2268 1183 2339 ᾔδεισάν
1217 2268 1334 2321 ποτ’
1368 2269 1589 2332 ἐκεῖνοι,
1614 2268 1708 2322 τοῦ
1745 2268 1926 2322 κοινοῦ

327 2464 479 2516 cata,
528 2452 662 2522 quid
716 2467 825 2508 non
879 2462 1124 2507 metuere
1180 2452 1341 2522 longe
1401 2451 1579 2507 dirius
1636 2452 1924 2515 debemus,

248 2616 251 2617 ν
330 2557 634 2617 p05lquam
665 2547 842 2601 altero
870 2548 1259 2616 reciprocante
1305 2545 1716 2601 dissensionum
1759 2545 1926 2599 [luctu

329 2638 580 2693 rescindi
650 2638 767 2691 haec
827 2653 948 2705 quae
999 2638 1321 2691 sciscuntur
1381 2636 1689 2706 coeperint?
1740 2636 1929 2706 Neque

332 2731 482 2787 enim
520 2732 640 2785 haec
684 2731 918 2784 firmiori
946 2729 1260 2784 durationis
1302 2730 1650 2784 inconcussze
1700 2744 1797 2798 spe
1838 2739 1931 2783 aut

336 2823 675 2877 certioribus
732 2832 865 2876 rata:
935 2822 1286 2877 auctoritatis
1352 2821 1616 2890 auspiciis
1682 2822 1928 2875 inchoari

342 2926 504 2980 quam
542 2910 733 2979 priora
782 2911 875 2964 illa
909 2911 1091 2979 primo
1117 2911 1302 2967 statim
1340 2925 1534 2965 eversa
1585 2920 1737 2965 motu
1780 2913 1930 2966 urbis

352 3003 660 3072 reipublicae
701 3003 870 3057 solita
903 3003 1263 3061 iustabilitate
1289 3004 1547 3057 rotantis.
1586 3001 1786 3057 Multos
1815 3004 1930 3058 hac

356 3098 636 3153 observare
664 3100 731 3152 de
763 3098 1036 3153 censoriis
1066 3099 1330 3169 speculis,
1381 3098 1588 3153 multos
1615 3099 1756 3154 clam
1792 3099 1930 3154 insi-

349 3190 506 3255 diari,
534 3191 845 3245 coorituros
873 3189 1070 3246 infeste
1111 3191 1166 3244 in
1197 3174 1612 3247 accu3ationem
1652 3195 1783 3246 toini
1830 3194 1930 3247 liu-

338 3282 451 3354 jus,
486 3282 655 3337 simul
685 3298 821 3336 aura
865 3282 1000 3350 ipsis
1048 3282 1335 3351 benignior
1378 3281 1682 3347 afﬂaverit;
1720 3296 1748 3334 a
1794 3298 1933 3352 quo-

343 3391 462 3430 rum
491 3362 850 3431 severissima
878 3374 1235 3428 damnatione
1270 3373 1397 3443 quis
1438 3374 1574 3429 satis
1601 3383 1797 3441 potens
1829 3389 1933 3428 nos

339 3473 679 3536 protegeret,
733 3465 779 3520 si
824 3478 925 3518 nos
957 3463 1327 3533 chirographo
1372 3479 1498 3518 reos
1546 3472 1819 3526 tenerent,
1878 3471 1935 3517 et

341 3557 634 3611 nominum
679 3557 829 3610 ultro
880 3554 1146 3624 suffragio
1194 3562 1513 3609 nostrorum
1570 3554 1843 3609 munitum
1901 3569 1933 3609 a

341 3650 508 3704 nobis
543 3664 773 3703 exosum
802 3650 968 3703 istum
1001 3647 1105 3702 sibi
1141 3655 1350 3702 tomum
1398 3647 1729 3701 cernerent?
1783 3646 1933 3700 Talia

342 3743 739 3797 ecclesiasticis
771 3740 1157 3803 causantibus,
1191 3754 1300 3793 non
1326 3739 1551 3792 deerant
1585 3739 1805 3808 quidem
1830 3739 1933 3791 sibi

252 3872 257 3875 Α
345 3833 597 3906 partiarii
619 3831 975 3913 patriarcha,
998 3832 1131 3900 quin
1153 3830 1340 3884 multis
1359 3830 1651 3885 ostendere
1667 3846 1938 3885 conaren-

346 3938 439 3981 tur
473 3929 641 3981 latam
670 3926 811 3981 inter
839 3926 954 3979 haec
985 3925 1052 3979 ad
1079 3939 1199 3994 qua:
1222 3924 1617 3979 subscribenda
1643 3924 1940 3978 invitaren-

346 4033 461 4087 tur,
485 4030 539 4074 et
565 4022 653 4075 illa
675 4023 744 4076 ob
769 4038 892 4092 quas
917 4021 1082 4076 tacite
1105 4021 1432 4075 transmissa
1454 4020 1667 4076 multati
1695 4022 1937 4091 graviter

342 4128 560 4181 essent,
596 4117 1027 4187 discrepantiam
1057 4117 1438 4183 intercedere;
1471 4132 1707 4186 moxque
1740 4117 1941 4170 acriter

343 4225 375 4264 a
409 4226 473 4264 se
505 4211 855 4265 decretorum
879 4208 1340 4277 subscriptionem
1371 4207 1708 4276 flagitarent.
1736 4204 1938 4261 Verum

343 4304 461 4358 illis
495 4311 680 4372 coepta
708 4318 829 4357 sese
859 4300 1168 4371 pertinacia
1208 4300 1638 4359 involventilms,
1667 4309 1722 4353 et
1746 4313 1941 4352 omnes

344 4395 706 4451 eludentibus
759 4404 992 4450 conatus
1045 4393 1197 4463 ipsos
1227 4392 1730 4461 quomodocunque
1784 4389 1941 4444 inﬂe-

341 4477 501 4546 ctere
530 4490 598 4543 ad
627 4486 733 4542 sibi
767 4495 952 4557 Optata
986 4467 1457 4548 contendentium,
1504 4484 1558 4538 lii
1586 4485 1943 4552 desperantes

2032 1996 2260 2065 εὓρηται
2294 1998 2614 2068 προϐολεὺς,
2641 2003 2703 2053 οὑ
2732 2003 2831 2071 τὴν
2851 2003 2929 2064 είς
2961 2002 3020 2054 τὸ
3049 1998 3186 2055 εἶναι
3235 2001 3494 2071 καθαρῶς
3517 2003 3613 2054 τοῦ

2034 2088 2354 2160 Πνεὺματος
2408 2092 2635 2162 πρόοδον
2684 2094 2716 2163 ἠ
2750 2092 2897 2160 λέξις
2928 2093 3123 2164 δηλοῦν
3170 2094 3441 2163 βούλεται,
3478 2094 3617 2147 ἀλλὰ

2030 2181 2130 2249 τὴν
2182 2182 2260 2245 εἰς
2289 2181 2459 2235 ἀΐδιον
2507 2182 2791 2252 ἔκφανσιν.
2826 2203 2844 2235 ι
2891 2184 3063 2237 Τοῦτο
3094 2184 3138 2236 δ’
3175 2184 3203 2236 ὅ
3229 2202 3280 2236 τι
3337 2185 3615 2254 σημαίνοι,

2031 2274 2132 2327 οὑκ
2162 2274 2307 2346 ἔχειν
2332 2276 2529 2330 εἰδέναι
2561 2278 2819 2346 ἔφασκον,
2852 2278 2945 2334 καὶ
2971 2278 3072 2350 τὴν
3094 2278 3358 2351 διαφορὰν
3391 2277 3620 2347 ἐζήτουν

2032 2453 2282 2507 arbitrati
2310 2454 2400 2520 qui
2433 2453 2728 2521 eiecerant,
2765 2471 2982 2511 rursum
3016 2470 3111 2512 eos
3143 2465 3387 2520 vocatos,
3422 2456 3618 2526 ecquid

2034 2545 2413 2614 resipuisscnt,
2445 2546 2879 2616 interrogabant.
2906 2548 2982 2601 Ac
3006 2562 3130 2601 cum
3156 2548 3365 2602 crebris
3390 2562 3621 2615 percon~

2033 2638 2332 2693 tationibus
2404 2637 2717 2692 istiusmodi
2778 2654 2941 2692 unam
2990 2654 3207 2706 semper
3264 2640 3625 2708 eamdemque

2034 2732 2249 2785 inv’ctaa
2283 2731 2517 2783 indicem
2547 2730 2868 2784 constantiae
2923 2733 3337 2798 responsionem
3383 2746 3625 2800 oppone-

2031 2833 2171 2886 rent,
2201 2823 2393 2877 adesse
2426 2833 2640 2891 tempus
2716 2830 2979 2876 extrema:
3032 2823 3269 2891 denique
3326 2823 3393 2877 iis
3455 2838 3627 2893 exnu-

2032 2914 2263 2983 gnandis
2285 2915 2638 2967 admovenda:
2677 2914 2942 2968 maeliinze
2973 2914 3067 2984 qui
3116 2915 3385 2969 hactenus
3418 2914 3622 2969 frustra

2034 2995 2311 3060 tentarent
2343 3007 2468 3071 rati,
2500 3006 2901 3060 denuntiarunt
2931 3007 3223 3061 minaciter
3281 3006 3439 3076 ipsis.
3472 3009 3621 3060 vidc-

2033 3108 2155 3153 rent
2176 3098 2338 3152 etiam
2371 3108 2535 3167 atque
2559 3100 2719 3152 etiam
2743 3099 2870 3168 quid
2901 3106 3321 3170 agerentquove
3356 3109 3578 3154 ruerent
3609 3120 3620 3154 :

1957 3213 1998 3269 ο
2035 3204 2141 3242 non
2179 3191 2323 3243 enim
2353 3199 2459 3243 tam
2497 3192 3142 3259 pertinacirecusatione
3167 3193 3390 3263 parendi
3452 3193 3622 3246 solam

2040 3294 2135 3333 eos
2166 3281 2554 3335 iuobedientia:
2585 3283 2800 3349 culpam
2840 3282 3145 3339 incurrere.
3210 3291 3305 3337 sed
3359 3282 3622 3336 indicium

2036 3351 2283 3441 praebere
2325 3372 2581 3424 idoneum
2615 3372 2862 3426 criminis
2913 3373 3087 3425 multo
3140 3373 3432 3441 gravioris.
3486 3372 3625 3428 lliuc

2038 3464 2250 3518 scilicet
2281 3478 2547 3532 apparere
2576 3463 2869 3527 persistere
2898 3463 3078 3518 adhuc
3138 3465 3262 3518 illos
3296 3466 3349 3517 in
3400 3465 3466 3517 iis
3499 3481 3621 3534 qum

2037 3566 2243 3610 statuta
2276 3557 2480 3610 dudum
2507 3572 2681 3620 nuper
2721 3556 2958 3611 rescissa
2998 3557 3240 3622 fuerant,
3279 3565 3333 3610 et
3388 3572 3511 3612 cum
3567 3575 3624 3611 se

2043 3648 2300 3702 recedere
2352 3649 2420 3702 ab
2455 3649 2522 3702 iis
2556 3649 2846 3718 redireque
2895 3649 2960 3702 ad
3026 3647 3428 3718 professionem
3486 3651 3629 3703 anti-

2038 3755 2202 3809 quam
2223 3740 2650 3809 significassent,
2695 3741 2831 3796 falso
2865 3741 2917 3796 id
2942 3743 3256 3808 simulasse,
3293 3758 3429 3798 voce
3483 3742 3629 3796 duu-

2040 3841 2191 3886 taxat
2247 3833 2429 3902 pravis
2477 3833 2716 3888 decretis
2765 3834 3174 3901 renuntiantes,
3223 3834 3423 3903 quibus
3483 3849 3629 3888 nunc

2039 3927 2219 3980 adhuc
2241 3942 2363 3980 cum
2397 3927 2634 3981 maxime
2680 3936 2795 3980 toro
2830 3928 3016 3982 animo
3048 3929 3342 3989 haererent.
3378 3926 3509 3991 Quae
3539 3942 3626 3979 res

2046 4030 2263 4091 (plantae
2294 4021 2513 4075 invidiae
2542 4021 2845 4091 quantique
2874 4031 3021 4077 esset
3060 4020 3313 4089 periculi,
3354 4021 3629 4074 mstimare

2046 4113 2196 4180 ipsos
2220 4113 2672 4183 maturo'judicio
2709 4129 2806 4182 par
2829 4128 2973 4168 esse.
3003 4112 3080 4166 Ne
3129 4113 3242 4165 liter
3271 4112 3493 4181 quidem
3521 4113 3628 4164 illis

2043 4204 2388 4260 inflectendis
2422 4205 2660 4259 valuere.
2696 4204 2892 4259 Audita
2952 4206 3155 4273 quippe
3205 4203 3629 4257 comminatione

2042 4298 2148 4353 ista
2167 4299 2382 4362 ultima,
2414 4298 2765 4353 declararunt
2805 4296 2967 4350 malle
3021 4310 3081 4351 se
3139 4296 3424 4365 subjacerc
3468 4295 3627 4348 inuo-

2046 4390 2173 4445 xios
2198 4388 2499 4458 suspicioni
2526 4389 2885 4442 fundamento
2912 4385 3143 4448 carenti,
3176 4400 3340 4455 quam
3375 4389 3625 4451 apertum

2050 4481 2332 4535 horrorem
2392 4477 2667 4533 manifesti
2736 4477 2917 4533 delicti
2965 4475 3111 4530 ultro
3168 4471 3515 4530 consciscere
3564 4474 3628 4526 iis

342 4581 591 4651 iratique
635 4581 704 4635 ad
746 4590 1059 4635 extremum
1097 4578 1357 4648 gravibus
1391 4592 1487 4632 eos
1520 4591 1585 4632 ex
1617 4576 1938 4645 suspicione
1970 4546 2022 4606 D
2049 4572 2447 4627 subscribendo
2480 4585 2603 4641 quae
2633 4571 2972 4640 ignorarent.
3004 4569 3132 4622 Erat
3159 4567 3302 4622 enim
3356 4565 3496 4620 inter
3520 4566 3624 4619 alia

343 4673 837 4732 criminationibus
875 4670 1221 4735 detulerunt,
1259 4680 1315 4723 et
1352 4685 1476 4739 quas
1507 4684 1537 4722 a
1588 4666 1936 4722 conscientia

345 4764 796 4835 cngitatioueque
852 4762 1104 4832 ipsorum
1151 4760 1342 4828 procul
1385 4773 1602 4827 semper
1648 4756 1940 4814 abfuerant

348 4859 743 4929 appingentes,
778 4854 1063 4911 communi
1116 4868 1213 4908 eos
1251 4867 1515 4907 consessu
1556 4852 1858 4920 abegerunt
1887 4858 1942 4904 et

347 4953 598 5008 hostium
628 4949 909 5003 habendos
957 4947 1076 5001 loco
1120 4945 1462 5016 iudicarunt.
1516 4944 1595 4997 Illi
1636 4958 1765 4998 vero
1815 4960 1945 4998 cou-

346 5046 560 5099 victum
608 5044 1059 5108 colloquiumque
1087 5039 1379 5093 hominum
1424 5038 1550 5092 talia
1595 5036 1936 5106 loquentium

346 5149 399 5192 ct
433 5135 785 5208 poscentium
815 5132 1017 5204 quavis
1049 5131 1293 5186 tristiora
1323 5130 1620 5185 solitudine
1648 5130 1937 5193 ducentes,

347 5236 485 5304 quiti
519 5240 574 5285 et
607 5231 660 5282 in
688 5228 988 5282 solitudine
1020 5226 1340 5281 inventuros
1364 5238 1423 5277 se
1447 5222 1658 5291 asylum
1689 5237 1946 5275 securum

356 5328 426 5389 ab
464 5325 703 5379 istorum
760 5317 1257 5389 importunissitnis
1298 5316 1598 5371 iusultibus
1639 5323 1949 5383 Sperantes,

353 5416 737 5477 circumibant
777 5408 1075 5467 errabundi
1111 5411 1332 5465 deserta
1357 5408 1498 5469 loca,
1534 5406 1732 5475 privati
1769 5405 1950 5475 digni-

355 5523 489 5576 tate,
509 5506 732 5580 spoliati
752 5513 1027 5576 proventu
1048 5485 1222 5567 omni,
1244 5511 1426 5556 tamen
1451 5501 1597 5553 illam
1624 5498 1951 5568 ignominio-

354 5620 473 5659 sam
499 5601 808 5655 nuditatem
837 5605 890 5650 et
917 5596 1224 5664 neglectum
1253 5596 1358 5648 hoc
1379 5593 1795 5659 obscurumque
1822 5589 1947 5642 vita:

358 5711 531 5763 genus
550 5688 839 5761 splendori
853 5685 1157 5758 quantovis
1171 5700 1233 5739 ex
1256 5686 1530 5740 bonorum
1547 5698 1670 5737 cum
1689 5683 1810 5737 istis
1823 5696 1956 5737 cou-

362 5790 530 5843 sortio
588 5783 751 5855 113
813 5780 1220 5851 prtuliabentes.
1266 5777 1397 5832 Post
1461 5778 1807 5845 :iliquanriti
1871 5777 1954 5830 bis

366 5882 621 5946 arumnis
684 5892 895 5933 moram
966 5872 1236 5931 emollitos
1297 5870 1629 5943 experientia
1687 5868 1951 5922 llluiul’lllll

2046 4667 2100 4719 in
2156 4676 2307 4720 tomo
2360 4664 2453 4735 qui
2540 4661 2970 4719 subscribendus
3019 4659 3153 4728 ipsis
3236 4655 3631 4710 obtrudebatur

2046 4757 2290 4827 quaedam
2326 4755 2601 4825 expositio
2634 4754 2921 4809 sententiae
2943 4752 3095 4821 prius
3145 4755 3464 4802 memorata:
3518 4746 3628 4800 divi

2048 4848 2392 4916 Damasceni,
2424 4849 2506 4904 sic
2560 4864 2621 4902 se
2659 4848 2867 4901 habens
2907 4863 2923 4900 :
2963 4863 2981 4896 ι
3023 4842 3078 4897 Si
3131 4856 3263 4896 vero
3330 4855 3359 4894 a
3414 4853 3632 4894 summo

2047 4943 2304 5012 tlieologo
2341 4940 2682 4995 Damasceno
2704 4940 3014 5009 reperiatur
3038 4935 3220 4990 dictus
3257 4932 3419 4987 Pater
3456 4932 3630 4987 sancti

2050 5037 2290 5106 Spiritus
2339 5032 2639 5104 προῦολεύς
2682 5032 2981 5100 productor
3039 5044 3136 5100 per
3162 5025 3427 5086 Verbum.
3493 5025 3635 5080 haud

2051 5130 2209 5200 plane
2238 5128 2342 5182 ista
2372 5126 2574 5181 locutio
2630 5125 2941 5195 significare
3000 5122 3117 5176 vult
3170 5120 3349 5175 sancti
3395 5118 3637 5188 Spiritus

2051 5220 2459 5293 proccssionem
2479 5219 2532 5271 in
2552 5218 2900 5279 exstantiain,
2921 5215 3013 5271 sed
3035 5215 3088 5268 in
3108 5222 3366 5269 atteruam
3385 5210 3606 5281 exspleu
3633 5240 3641 5248 -

2056 5298 2409 5370 descentiam.
2442 5331 2460 5364 ι
2492 5312 2610 5366 Hoc
2639 5320 2821 5365 autem
2873 5310 3004 5379 quid
3055 5306 3161 5363 sibi
3205 5306 3391 5372 vellet,
3430 5319 3635 5372 nequa--

2055 5424 2219 5479 quam
2252 5421 2311 5461 se
2339 5418 2534 5474 capere
2596 5403 2835 5464 aiebant,
2873 5400 3301 5471 quaerebantque
3344 5393 3631 5450 monstrari

2057 5500 2158 5555 sibi
2178 5497 2471 5554 discrimen
2495 5493 2860 5566 processionis
2878 5503 2931 5547 et
2949 5503 3165 5546 aeterna!
3182 5487 3638 5557 exsplendesceu-

2058 5595 2162 5651 tite.
2193 5600 2251 5645 ut
2271 5591 2349 5645 sic
2378 5603 2571 5644 earum
2591 5603 2786 5643 vocum
2814 5588 3038 5641 alteram
3057 5584 3382 5652 abjicerent,
3407 5578 3631 5630 alteram

2057 5688 2540 5756 amplecterentur.
2573 5682 2728 5737 Nunc
2762 5681 2908 5735 enim
2964 5679 3124 5748 plane
3189 5688 3456 5745 apparere
3500 5671 3633 5738 ipsis

2059 5779 2159 5830 ista
2196 5774 2459 5829 vocabula
2492 5781 2685 5826 mutuo
2716 5768 3146 5839 a‘qttipollentia,
3204 5779 3307 5819 nec
3347 5762 3469 5830 plus
3535 5762 3635 5812 mi~

2067 5884 2233 5924 nusvc
2253 5866 2564 5936 significare
2588 5864 2885 5934 quidquam
2914 5859 3320 5931 proccssioncui
3341 5855 3393 5909 in
3416 5863 3605 5907 cxstau
3621 5881 3634 5892 ι
