4094 6438
482 391 578 457 12‘

1702 392 2026 455 GEORGII
2062 389 2542 451 PACHYMERE

3663 378 3767 439 128

473 515 664 581 μαθεῖν
686 512 785 579 τῆς
822 513 968 574 τέἱς
1007 511 1066 564 τὸ
1092 508 1228 563 εἶναι
1257 512 1484 581 προόδου
1522 510 1616 564 καὶ
1653 510 1826 565 ἀϊδίου
1858 509 2060 577 ὲκφάν-
2088 507 2134 564 Δ
2160 509 2238 570 εἰς
2274 509 2447 562 αἴτιον
2500 505 3005 574 ἐκλαμϐανομένου,
3060 500 3190 555 ποτὲ
3222 500 3279 553 δὲ
3322 486 3399 561 εἰς
3446 498 3609 567 δότην
3666 500 3765 551 καὶ

471 622 631 665 σεως,
665 603 754 654 ἵνα
784 602 881 671 τὴν
912 603 1009 672 μὲν
1038 601 1145 655 τῶν
1178 602 1379 667 λέξεων
1412 602 1851 667 ἀποϐάλλωνται,
1885 601 1988 671 τὴν
2012 599 2058 652 δ’

472 694 923 765 ἐνστερνξσωνται
946 710 961 725 ·
988 690 1127 745 εἶναι
1161 695 1271 763 γὰρ
1311 695 1496 756 αὐτοῖς
1541 693 1805 755 δοκούσας
1842 693 1939 754 τὰς
1970 691 2057 743 λέ-

475 788 586 852 ξεις
617 786 1079 854 ταυτοδυνάμους,
1103 789 1203 855 τήν
1223 803 1278 837 τε
1308 790 1387 845 εἰς
1420 787 1480 837 τὸ
1508 781 1648 839 εἶναι
1690 783 1913 855 πρόοδον
1965 782 2063 836 καὶ

472 881 572 949 τὴν
598 880 677 941 εἰς
711 878 883 930 ἀΐδιον
917 876 1202 946 ἔκφανσιν.
1238 878 1347 929 Καὶ
1380 879 1429 929 οἱ
1467 878 1563 945 μὲν
1611 876 1783 930 ταῦτα
1809 875 2062 943 λέγοντες

466 961 553 1033 ἐἰς
580 970 735 1032 τέλος
762 970 1084 1022 ἀνθίσταντο
1105 985 1118 998 ·
1153 969 1287 1022 ἔνιοι
1336 969 1383 1022 δ’
1412 969 1718 1035 ἀσφάλειαν
1752 968 1885 1036 παρ’
1915 967 2060 1021 ὲκεί-

469 1080 580 1125 .νων
608 1062 940 1132 ζητήσαντες
966 1061 1260 1132 ἔγγριφον,
1293 1056 1328 1132 ἦ
1359 1061 1464 1129 μὴν
1501 1059 1760 1130 ἀσφαλῶς
1791 1060 1934 1130 ἔχειν
1964 1059 2062 1127 τῆς

475 1153 752 1221 θεολογίας
778 1154 878 1224 τὴν
908 1151 1072 1217 λέξιν,
1099 1154 1191 1205 καὶ
1219 1152 1415 1213 αὐτοὺς
1445 1151 1708 1216 ἐκείνους,
1743 1152 1791 1203 εί
1826 1149 1901 1220 μὴ
1927 1147 2060 1219 παρ’

478 1246 788 1314 ἀνθρώποις
809 1283 824 1302 .
854 1244 992 1297 ἀλλά
1019 1262 1083 1313 γε
1124 1245 1272 1314 παρὰ
1303 1242 1423 1311 Θεῷ
1471 1241 1710 1311 κρίνοντι
1765 1242 1857 1294 τὸν
1900 1240 2061 1308 λόγον

474 1333 724 1402 ὑπέχειν,
761 1335 820 1386 οὐ
877 1336 1228 1405 πατριάρχην
1283 1336 1463 1404 μόνον,
1497 1333 1635 1387 ἀλλά
1663 1334 1756 1387 καὶ
1782 1335 2062 1403 ἀρχιερεῖς

478 1425 602 1486 τοὺς
636 1425 715 1488 είς
742 1425 1083 1479 διδασκάλων
1134 1428 1499 1495 τεταγμένους
1531 1423 1716 1490 ἀξίαν,
1758 1426 1930 1479 ταῦτα
1961 1427 2060 1495 ζη-

477 1514 740 1582 τήσαντες
778 1515 874 1568 καὶ
904 1516 1157 1580 λαϐόντες
1180 1517 1524 1586 ὑπέγραφον.

480 1624 548 1695 β’.
592 1626 721 1679 ’Ὁτι
752 1630 843 1691 εὶς
880 1628 1084 1707 χεῷας
1132 1629 1336 1707 λᾳᾷὼν
1386 1629 1499 1707 me
1531 1633 1716 1707 τρμον
1763 1634 1797 1685 ὀ
1831 1630 2062 1695 Βέκκυς

732 1701 1063 1766 ,κατῃτιᾶτο
1093 1702 1193 1752 καὶ
1217 1701 1523 1769 ἀνταίρειν
1552 1702 1802 1770 ἤρξατο.

552 1786 635 1859 [Ρ.
666 1788 755 1860 76]
799 1789 1008 1857 Ὀλίγον
1031 1792 1091 1844 τὸ
1123 1791 1350 1857 μεταξὺ,
1384 1795 1474 1845 καὶ
1501 1796 1581 1856 εἰς
1602 1796 1786 1864 χεῖρας
1823 1792 2063 1861 γεγονὼς

479 1880 506 1928 ὁ
532 1879 700 1948 τόμος
731 1880 807 1948 τῷ
840 1882 1032 1953 Βέκκῳ
1069 1885 1396 1953 παρέκνιξεν
1426 1885 1697 1951 emacem
1722 1886 1813 1938 τὸν
1846 1884 2061 1950 ξύοντα..
2100 1865 2140 1918 Β

482 1970 590 2022 Καὶ
615 1970 676 2039 δὴ
705 1972 807 2024 κάν
835 1972 1053 2037 πολλοῖς
1079 1976 1178 2042 μὲν
1213 1974 1396 2039 ἄλλοις
1427 1976 1520 2029 τοῦ
1552 1978 1720 2046 τόμου
1753 1978 2070 2047 ἐπελαμϐά-

482 2078 624 2124 νετο,
670 2063 876 2133 ταύτην
912 2065 971 2146 δὲ
1023 2067 1259 2135 μάλιστα
1292 2068 1390 2138 τὴν
1449 2068 1716 2138 ὲξήγητιν
1782 2070 2075 2139 μὴκαλῶς

483 2153 714 2222 ἔχουσαν
756 2156 855 2224 τῆς
899 2157 1107 2220 ἐννοίας
1156 2160 1419 2229 ἐπειρᾶτο
1472 2161 1766 2227 δεικνύειν,
1800 2162 1875 2225 ὡς
1925 2162 1956 2231 ἢ
2000 2162 2075 2231 μὴ

483 2246 970 2317 ὀμωνυμιξομένου
1000 2251 1163 2319 δῆθεν
1204 2251 1294 2305 τοῦ
1330 2252 1638 2322 προδολέως
1685 2255 1777 2307 καὶ
1806 2253 1940 2307 ποτὲ
1978 2254 2077 2323 μὲν

485 2430 617 2483 tiam
663 2446 826 2500 quam
878 2435 1280 2497 processionem
1331 2433 1386 2489 in
1425 2446 1684 2489 aeternam
1757 2434 2079 2503 exsplende-

490 2522 781 2576 scentiam.
810 2521 1072 2579 Ultimum
1117 2526 1219 2581 hoc
1268 2525 1370 2581 fuit
1417 2543 1741 2597 responsum
1771 2529 2080 2596 plerarum-

489 2629 594 2677 que
621 2630 685 2667 ex
719 2615 823 2679 his,
854 2616 1020 2669 tlxutn
1047 2617 1317 2691 indicans.
1365 2619 1711 2689 propositum
1746 2620 1798 2673 in
1833 2634 1943 2689 quo
2010 2620 2077 2673 ad

488 2708 649 2759 tinem
679 2724 852 2776 usque
891 2711 1199 2778 perstitere.
1263 2710 1497 2777 Quidam
1539 2712 1630 2766 alii
1657 2711 1723 2766 ad
1770 2720 1926 2781 pacta
1985 2713 2082 2765 de—

488 2799 819 2853 scenderunt
847 2819 860 2855 :
888 2801 1169 2857 declarato
1196 2804 1340 2858 enim
1398 2819 1456 2859 se
1512 2803 1660 2874 quod
1716 2805 2081 2873 poscebantur

489 2894 752 2953 facturos,
784 2893 1085 2948 ιιιιιιιιιιοιίο
1131 2894 1237 2949 sibi
1273 2894 1435 2966 114
1469 2895 1622 2965 prius
1675 2897 1986 2965 patriarcha
2027 2904 2082 2950 et

490 2985 729 3054 episcopi
753 2987 1011 3055 scriptam
1048 2988 1359 3043 cautionem
1385 2990 1603 3055 darent,
1655 3006 1761 3059 qua
1795 2992 1849 3043 in
1919 3006 2080 3043 suum

493 3077 737 3144 ipsorum
764 3090 1110 3146 eaputemne
1146 3080 1450 3149 periculum
1488 3080 1763 3150 ambigua:
1826 3080 2085 3134 dictionis

489 3177 820 3234 averterent,
860 3172 931 3224 ita
963 3182 1017 3226 ut
1050 3171 1096 3226 si
1134 3172 1264 3241 quid
1309 3187 1381 3228 ea
1398 3186 1545 3226 same
1567 3171 1636 3226 de
1675 3171 1785 3227 lico
1817 3171 2083 3226 doctrina:

495 3278 553 3316 re
587 3278 713 3318 vera
740 3266 1081 3319 contrarium
1115 3275 1356 3330 sonaret,
1386 3263 1567 3320 fraudi
1599 3265 1652 3320 id
1686 3280 1793 3321 non
1840 3264 1981 3320 foret
2005 3264 2084 3319 si-

495 3354 571 3418 lii,
602 3357 694 3424 qui
734 3355 910 3410 aliena
947 3358 1104 3411 tracti
1146 3357 1477 3413 auctoritate
1523 3357 1688 3412 istam
1744 3357 2081 3412 locutionem

495 3450 916 3518 approbassem,
945 3451 1039 3527 sed
1058 3450 1177 3520 ejus
1211 3453 1287 3505 rei
1317 3459 1426 3506 tota
1450 3450 1633 3522 culpa,
1653 3450 1698 3507 si
1725 3452 1910 3506 minus
1938 3450 2081 3517 apud

494 3539 769 3603 homines,
800 3548 950 3595 certe
984 3542 1128 3610 apud
1166 3542 1336 3596 Deum
1395 3542 1664 3611 judicem,
1717 3543 2084 3610 imputaretur

500 3634 822 3688 auctoribus
835 3643 887 3687 et
902 3634 1231 3689 suasoribus
1246 3635 1404 3689 istius
1422 3635 1858 3705 approbationis,
1882 3634 2086 3703 quippe

498 3725 838 3781 doctioribus
858 3724 1120 3780 Ecclesia:
1153 3736 1323 3798 atque
1349 3729 1402 3780 in
1424 3726 1818 3797 magistrorum
1837 3742 2086 3783 commu-

442 3880 449 3885 _
496 3817 651 3870 nium
688 3817 953 3887 dignitate
987 3818 1324 3875 constitutis.
1362 3817 1458 3875 His
1501 3821 1627 3873 data
1665 3818 1720 3873 in
1747 3833 1971 3873 manum
2001 3826 2086 3872 est

499 3922 663 3977 quam
684 3908 937 3976 petebant
959 3910 1305 3979 syngrapha;
1338 3926 1446 3981 qua
1485 3919 1710 3981 accepta
1742 3910 2085 3981 subscripse-

496 4009 649 4054 runt.

500 4093 556 4148 9..
600 4092 666 4148 Ut
702 4102 911 4161 sumpto
962 4093 1153 4148 Veccus
1201 4094 1260 4148 in
1293 4109 1482 4147 manus
1531 4102 1695 4177 tomo'
1724 4095 1980 4149 invenerit
2029 4097 2082 4150 in

638 4180 702 4217 ιο
738 4180 855 4234 qua:
888 4176 1202 4231 accusaret;
1229 4174 1278 4218 et
1306 4174 1363 4217 ut
1393 4174 1604 4233 cmpert‘t
1646 4174 1937 4234 insurgere.

575 4276 743 4332 Breve
800 4279 854 4332 iu
881 4278 1063 4332 medio
1097 4277 1362 4348 spatium,
1424 4289 1478 4334 et
1516 4278 1758 4347 perlatus
1809 4286 1994 4335 tomus
2030 4279 2083 4334 in

504 4385 702 4424 manus
742 4367 897 4425 Vecci
932 4372 1161 4440 pupugit
1198 4370 1549 4435 irritabilem,
1580 4385 1646 4424 ac
1681 4370 1846 4425 facile
1880 4386 2085 4442 perpu-

504 4462 573 4516 lit
597 4462 663 4516 ad
698 4463 1147 4531 reciprocandam
1180 4476 1305 4515 cum
1357 4463 1664 4518 lacessente
1710 4464 2084 4519 contentionis

2166 598 2409 669 χορηγόν
2440 614 2499 650 τε
2530 598 2624 650 καὶ
2652 595 2840 657 ἁπλῶς
2866 592 3136 661 παροχέα,
3183 591 3215 659 ἢ
3247 591 3295 643 εί
3338 589 3523 657 μέλλοι
3559 589 3766 641 ἁπλοῦν

2163 691 2223 743 τὸ
2257 688 2558 760 προὸολεὺς
2599 685 2988 758 συντηρεῖσθαι
3014 725 3027 744 .
3065 685 3193 753 μιᾶς
3224 680 3433 743 ἐννοίας
3457 680 3764 750 δηλωτικᾶς

2166 779 2305 835 εἶναι
2340 782 2555 853 ἀνάγκῃ
2609 780 2703 833 καὶ
2736 776 3061 848 ἀμφοτέρας
3096 774 3195 837 τὰς
3243 772 3441 838 λέξεις,
3471 773 3571 841 τήν
3593 789 3652 824 τε
3682 773 3766 834 είς

2164 874 2224 924 τὶ
2263 867 2404 924 εἶναι
2432 871 2658 940 πρόοδον
2686 870 2779 923 καὶ
2816 868 2916 937 τὴν
2937 868 3021 929 είς
3052 866 3222 919 ἀΐδιον
3256 864 3513 934 έκφασιν,
3546 865 3642 916 καὶ
3665 861 3762 915 οὔ·
3842 874 3857 882 ‘

2163 978 2272 1025 τως
2300 964 2379 1026 εἰς
2408 963 2605 1015 ταυτὸν
2646 960 2962 1033 συντρέχειν
2993 959 3187 1029 ἐκείνῳ
3211 959 3300 1012 τὸν
3352 958 3427 1022 ὡς
3451 956 3612 1026 δῆθεν
3639 957 3760 1010 δια-

2165 1055 2488 1125 φερόμενον.
2529 1055 2702 1110 Τοῦτο
2728 1055 2942 1126 γράψας
2979 1057 3072 1109 καὶ
3104 1056 3327 1125 πέμψας
3358 1053 3474 1107 τισὶ
3520 1050 3631 1107 τῶν
3657 1052 3761 1106 αὕ-

2162 1147 2260 1200 τοῦ
2282 1144 2523 1217 ,παρεῖχε
2556 1149 2652 1214 τὴν
2683 1148 2812 1218 περὶ
2850 1147 3058 1202 τούτων
3083 1149 3264 1218 κρίσιν
3288 1150 3406 1211 τοῖς
3441 1147 3619 1216 ὀρθῶς
3644 1146 3764 1212 ἑξε-

2164 1238 2355 1305 τάζειν
2375 1240 2673 1293 ἐθέλουσιν.
2704 1240 2788 1312 [Ρ.
2811 1239 2904 1311 ’1η
2925 1241 3001 1293 Οὐ
3028 1241 3136 1309 μὴν
3161 1239 3215 1293 δὲ
3249 1239 3365 1293 ἀλλ’
3386 1239 3496 1292 οὐδ’
3520 1238 3765 1301 ἐκείνους

2165 1333 2409 1403 ἐλελήθει
2456 1334 2672 1395 πάντως
2719 1333 2942 1387 τοιαῦτα
2982 1333 3213 1404 γράφων
3240 1333 3467 1395 ἐκεῖνος,
3498 1331 3670 1400 ὀργὴν
3702 1329 3761 1382 δὲ

2163 1425 2340 1479 ταῦτα
2385 1426 2478 1478 καὶ
2517 1426 2686 1495 μόνην
2736 1426 2876 1487 τέως
2918 1426 3012 1479 καὶ
3072 1423 3170 1478 τοῦ
3216 1422 3533 1478 ἀντιλυπεῖν
3578 1420 3761 1492 ὄρεξιν

2165 1516 2335 1587 ῲοντο
2376 1514 2521 1571 εἶναι
2551 1519 2645 1571 καὶ
2683 1519 3081 1588 ἠφροντίστουν
3125 1520 3220 1573 καὶ
3245 1517 3590 1587 κατημέλουν
3618 1515 3757 1587 γρά-

2167 1627 2379 1680 φοντος.
2414 1610 2555 1664 Πολὺ
2591 1610 2636 1664 δ’
2684 1611 2915 1681 ὑφείρπε
2951 1608 3112 1665 τοῦτο
3137 1610 3242 1665 ἀνά
3268 1610 3369 1682 τὴν
3410 1608 3759 1663 Κωνσταντῖ-

2166 1720 2281 1766 νου,
2329 1705 2456 1772 περὶ
2495 1705 2593 1772 μὲν
2618 1704 2711 1756 τοῦ
2764 1703 2888 1756 καθ’
2938 1703 3103 1757 αὑτὸν
3152 1702 3620 1772 ὑποστελλομένου
3650 1701 3762 1753 τῶν

2167 1797 2476 1850 ἀκουόντων
2504 1797 2759 1862 ἑκάστου,
2789 1797 2865 1860 ὡς
2896 1797 2971 1868 μὴ
2987 1798 3192 1850 δοκοῖεν
3211 1798 3304 1867 ἀφ’
3326 1797 3534 1850 ἑαυτῶν
3557 1797 3761 1867 μέμφε-

2174 1890 2320 1952 σθαι,
2352 1890 2462 1941 δεῖν
2508 1887 2564 1941 δὲ
2596 1888 2789 1950 καὶὼς
2843 1889 2969 1958 ὲνῆν
3018 1890 3314 1961 προσέχειν
3358 1889 3654 1958 λεγόντων,
3687 1890 3762 1958 μή

2176 1997 2264 2031 πω
2275 1998 2293 2039 ς
2315 1982 2341 2031 ὁ
2368 1978 2525 2045 λόγος
2555 1979 2666 2048 ἔχοι
2690 1982 2750 2031 τὸ
2784 1978 3010 2031 πιθανὸν
3051 1982 3145 2033 καὶ
3168 1982 3334 2049 μέσον
3367 1982 3515 2035 δυοῖν
3550 1980 3762 2050 ἐριζόν-

2178 2088 2290 2123 τοιν
2346 2071 2498 2124 αὐτοὶ
2553 2070 2938 2124 κινδυνεύοιεν.
2994 2074 3201 2143 Ἕφερε
3245 2073 3302 2126 δὲ
3335 2073 3552 2137 πολλοῖς
3581 2073 3762 2144 νοῦνή

2178 2160 2274 2213 τοῦ
2306 2161 2514 2214 Βέκκου
2548 2161 2891 2232 ἀντίρρησις,
2948 2163 3041 2216 καὶ
3083 2163 3475 2234 ἐφυλοκρίνουν
3517 2163 3765 2236 ἀκριϐῶς

2179 2252 2277 2322 τὴν
2305 2251 2584 2322 ἐξήγησιν,
2611 2255 2704 2306 καὶ
2731 2253 2932 2322 μᾶλλον
2953 2255 3034 2307 ὅτι
3061 2254 3170 2309 οὐδ’
3192 2256 3348 2309 αὐτοί
3369 2272 3430 2325 γε
3455 2257 3505 2308 οἱ
3532 2257 3765 2327 ὑπογρά-

2182 2450 2303 2501 ηιιςι·
2337 2435 2426 2488 ille
2487 2434 2690 2489 finistra
2721 2435 3065 2505 distinguere
3128 2437 3434 2494 contendit.
3477 2436 3607 2493 Haec
3646 2445 3770 2493 erat

2198 2527 2357 2580 νει-οἰ
2386 2528 2882 2592 argumentationis
2927 2544 3142 2583 summa
3203 2529 3409 2599 scripto
3467 2530 3772 2600 prolixiore

2186 2621 2501 2674 dt'clat‘nlm.
2539 2620 2695 2685 Quod
2730 2620 2820 2675 ille
2861 2623 3129 2691 scriptum
3182 2638 3309 2677 cum
3378 2625 3446 2678 ad
3505 2624 3773 2694 quosdam

2183 2713 2287 2766 sibi
2315 2712 2711 2765 adhmreutium
2735 2712 2998 2777 misisset,
3030 2712 3340 2783 dispersum
3400 2714 3468 2771 ab
3508 2715 3615 2770 illis
3661 2723 3773 2777 est,

2184 2817 2237 2860 et
2267 2805 2497 2875 judiciis
2523 2804 2840 2873 expositum
2863 2804 3134 2859 lectorum
3169 2806 3234 2858 ad
3266 2805 3535 2877 liquidum
3585 2806 3771 2876 explo-

2186 2913 2309 2951 rare
2334 2897 2678 2951 studi-otium
2712 2896 2997 2949 veritatem
3042 2895 3179 2951 recti
3212 2896 3507 2966 dogmatis,
3540 2910 3775 2966 quorum

2185 3003 2246 3044 se
2283 2987 2536 3042 censuris
2597 3001 2752 3041 suam
2794 2986 3221 3057 disputationem
3278 2986 3437 3059 115
3498 2987 3773 3057 subjicere

2189 3089 2388 3133 aur-tor
2421 3078 2805 3148 profitebatur.
2844 3078 3119 3133 Caeterum
3154 3078 3268 3150 jam
3295 3087 3430 3145 tum,
3476 3095 3601 3135 cum
3661 3081 3780 3136 hac

2109 3204 2154 3265 ο
2189 3170 2400 3226 Vet‘cus
2432 3168 2732 3234 inchoavit,
2759 3184 2868 3222 non
2905 3170 3431 3226 laluitadvcrsarios
3448 3164 3614 3240 super
3671 3170 3780 3226 hoc

2206 3262 2361 3316 illum
2403 3268 2731 3329 argumento
2766 3260 3123 3314 commentari
3158 3262 3459 3332 quidpiam.
3513 3262 3619 3317 Sed
3650 3278 3779 3316 cum

2188 3354 2550 3424 opinarentur
2607 3351 2704 3406 irte
2734 3351 3003 3406 duntaxat
3036 3354 3091 3406 in
3159 3366 3226 3408 eo
3278 3353 3459 3423 ipsum
3519 3353 3781 3424 obsequi,

2184 3461 2287 3502 nec
2321 3445 2470 3499 aliud
2497 3451 2853 3499 ostensurum
2885 3443 2938 3497 id
2975 3444 3188 3513 agendo
3214 3443 3321 3499 nisi
3348 3445 3619 3501 rabiosam
3649 3460 3787 3515 pru-

2185 3537 2412 3608 riginem
2433 3536 2671 3592 vicissim
2695 3536 2965 3606 pungendi
2984 3551 3080 3592 eos
3098 3552 3125 3591 a
3151 3536 3354 3606 quibus
3377 3554 3438 3594 se
3451 3537 3775 3593 confossum

2186 3631 2419 3696 doleret,
2445 3629 2738 3686 carituram
2772 3630 3105 3684 auctoritate
3153 3633 3414 3685 rebantur
3442 3632 3602 3685 istam
3660 3632 3785 3701 ejus

2197 3719 2578 3789 scriptionem,
2602 3719 2836 3787 ideoque
2863 3719 3242 3789 negligentiam
3278 3735 3391 3775 rem
3421 3730 3592 3776 totam
3618 3733 3784 3792 puta-

2186 3819 2338 3876 runt,
2375 3826 2570 3867 securo
2599 3811 2780 3867 inanis
2810 3813 3072 3882 strepitus
3096 3812 3495 3870 indormiscere
3527 3826 3785 3870 contem-

2186 3905 2304 3976 ptui
2332 3913 2637 3960 statuentes
2654 3904 2756 3959 sibi
2783 3919 2950 3975 porro
2977 3907 3139 3960 unice
3174 3906 3361 3962 licere.
3385 3905 3509 3963 Haec
3535 3908 3776 3980 patriar-

2186 3998 2346 4052 cham
2375 4011 2500 4051 cum
2527 3996 2665 4064 suis,
2691 4011 2761 4051 ne
2783 3997 3132 4067 interpellare
3158 4007 3252 4053 aut
3282 3999 3548 4069 impedire
3574 4015 3604 4056 a
3646 3998 3787 4057 scri-

2186 4088 2365 4144 bendo
2403 4086 2642 4143 Veccum
2700 4096 3006 4156 curarent,
3056 4091 3233 4144 tenuit
3288 4091 3509 4160 ﬁducia,
3569 4108 3678 4163 qua
3726 4109 3788 4149 se

2187 4178 2359 4235 falsos
2395 4187 2583 4249 postea
2609 4188 2923 4236 senserunt.
2954 4180 3092 4236 Nam
3149 4181 3308 4238 Vecci
3353 4186 3787 4241 commentarius

2186 4287 2285 4343 per
2307 4271 2496 4327 urbem
2530 4270 3067 4342 Constantinopolim
3113 4273 3256 4329 clam
3295 4288 3524 4347 serpens
3582 4278 3786 4347 cupide

2189 4363 2368 4420 lectus
2398 4379 2426 4416 a
2464 4363 2719 4434 plurimis
2755 4374 2860 4431 est,
2892 4373 2947 4421 et
2975 4365 3254 4438 plerisque
3296 4368 3547 4423 aculeum
3586 4369 3785 4435 inﬁxit,

2188 4458 2643 4515 contrahentibus
2658 4457 2902 4512 animum
2934 4474 3034 4530 pro
3062 4475 3122 4516 se
3143 4476 3385 4531 quoque,
3411 4463 3503 4535 qui
3538 4464 3792 4537 legebant

507 4568 739 4607 serram.
765 4555 845 4607 Ac
870 4553 1039 4606 multa
1066 4553 1153 4608 ille
1186 4552 1406 4623 quidem
1439 4563 1493 4609 et
1545 4554 1650 4608 alia
1704 4554 1759 4609 in
1812 4563 1961 4609 tomo
2005 4569 2091 4609 rc-
2127 4549 2169 4604 ι)
2199 4562 2293 4607 aut
2321 4553 2631 4621 legentibus
2649 4568 2814 4608 aures
2831 4553 3057 4618 dabant,
3095 4557 3225 4608 dum
3256 4571 3454 4610 arcana
3482 4556 3792 4612 sollicitau-

510 4647 905 4716 prehendcbat,
940 4647 1033 4702 sed
1055 4648 1362 4717 praesertim
1420 4648 1741 4705 incursabat
1792 4648 2093 4719 expositio-

508 4755 636 4794 nem
670 4740 722 4794 in
752 4755 819 4794 eo
844 4740 1094 4794 traditam
1133 4740 1423 4811 sententia:
1487 4742 1834 4804 Damasceni,
1899 4740 2091 4793 vitium

508 4833 635 4898 ejus
657 4831 1038 4887 demonstrare
1095 4833 1241 4888 hunc
1276 4833 1330 4886 iu
1378 4832 1599 4887 modum
1638 4841 1914 4902 satagens.
1967 4833 2095 4885 Sive

508 4923 683 4988 enim,
711 4924 911 4982 aiebat.
933 4924 1195 4994 singulari
1240 4935 1291 4978 et
1323 4925 1483 4979 unica
1522 4933 1839 4980 contentum
1876 4927 2097 4978 notione

518 5030 627 5069 nou
658 5025 743 5070 est
765 5016 1090 5070 vocabulum
1125 5017 1429 5086 προϐολεύς
1461 5017 1781 5087 productor,
1840 5030 1937 5069 seu
2003 5017 2102 5068 ali-

513 5109 737 5177 quando
766 5109 984 5179 quidem
1008 5113 1060 5163 in
1090 5111 1344 5181 principii
1376 5110 1540 5165 activi
1569 5109 1884 5178 signiﬁcatu
1938 5124 2101 5162 usur-

520 5210 701 5271 patur,
724 5201 1019 5270 aliquando
1047 5214 1232 5257 autem
1265 5201 1398 5255 nihil
1425 5199 1578 5254 aliud
1612 5210 1772 5255 sonat
1806 5199 1910 5252 nisi
1942 5198 2101 5251 dato-

522 5309 660 5359 rem,
689 5303 1065 5365 suggestorem
1105 5305 1159 5349 et
1189 5295 1513 5365 simpliciter
1554 5293 1928 5362 praebitorem,
1991 5291 2106 5345 sive

526 5400 630 5438 uua
657 5395 742 5441 est
761 5395 815 5441 et
837 5387 1063 5458 simplex
1103 5402 1256 5442 vocis
1303 5386 1465 5440 istius
1517 5391 1787 5454 potestas,
1839 5397 1995 5449 teque
2051 5381 2104 5435 in

527 5478 736 5533 utrovis
767 5493 900 5533 casu
936 5494 1160 5534 necesse
1189 5487 1274 5533 est
1308 5477 1467 5531 fateri
1494 5491 1663 5529 unum
1724 5476 1983 5542 idemque
2014 5488 2107 5528 so-

530 5587 659 5626 nare
675 5573 863 5628 ambas
887 5572 1009 5627 illas
1041 5571 1371 5634 locutiones,
1411 5568 1667 5623 videlicet
1698 5569 2108 5638 processiouem

528 5664 580 5716 in
614 5665 940 5719 exstantiain
967 5673 1017 5719 et
1044 5661 1455 5731 processionem
1482 5661 1537 5715 in
1566 5667 1824 5715 aeternam
1852 5661 2112 5730 exsplen-

531 5759 894 5813 desrentiain.
926 5758 1130 5825 Sicque
1162 5755 1323 5824 plane
1349 5754 1589 5809 recidere
1611 5754 1893 5808 inirritum
1925 5769 2115 5807 omnes

532 5849 714 5920 Cyprii
756 5860 1011 5907 certatus.
1042 5864 1164 5903 cum
1227 5849 1280 5901 in
1351 5846 1401 5901 ill
1454 5847 1740 5905 manifeste
1789 5857 2117 5904 concurrant

2196 4652 2287 4699 tur
2310 4659 2465 4707 cura,
2491 4660 2563 4700 ne
2604 4643 2977 4712 perfunctorie
3007 4648 3450 4703 transmittentes
3477 4664 3591 4703 rem
3627 4663 3795 4704 accu-

2196 4747 2311 4791 rata
2373 4737 2815 4792 consideratione
2881 4737 3105 4808 dignam
3177 4750 3385 4794 temere
3458 4741 3794 4812 prmjudiciis

2198 4830 2685 4901 acquiescerentin
2743 4829 2811 4885 iis
2867 4845 2992 4901 quae
3037 4845 3136 4901 per
3168 4847 3228 4887 se
3274 4833 3427 4903 ipsos
3463 4834 3799 4904 expendisse

2200 4925 2490 4993 diligenter
2524 4939 2623 4993 par
2652 4923 2855 4989 fuerat,
2905 4926 3423 4995 cominitterentque
3478 4934 3537 4980 ut
3583 4926 3802 4995 seipsos

2204 5031 2331 5072 sero
2355 5026 2545 5086 postea
2581 5017 2808 5086 culpare
2834 5028 3166 5086 cogerentur
3188 5018 3532 5089 negligentia
3560 5017 3800 5088 supinae,

2203 5119 2457 5180 oportere
2489 5109 2760 5179 siquidem
2795 5126 3012 5181 aequum
3066 5111 3334 5167 arbitrum
3384 5102 3559 5168 otiose
3588 5127 3801 5183 cogno-

2210 5214 2367 5254 scere
2407 5201 2791 5270 qumdicuntur
2825 5200 2894 5255 ab
2919 5202 3129 5258 uti-ovis
3156 5202 3807 5274 disceptantium,explo—

2210 5306 2445 5361 rareque
2469 5306 2702 5361 ecquam
2737 5293 3160 5348 similitudinem
3193 5292 3339 5349 lorte
3370 5293 3642 5363 majorem
3677 5295 3804 5364 ejus

2211 5387 2384 5438 oratio
2408 5384 2497 5438 cui
2531 5385 2715 5439 minus
2736 5384 2951 5440 favetur
2973 5400 3084 5456 prae
3103 5400 3162 5441 se
3177 5384 3334 5440 ferat.
3365 5385 3583 5456 Alioqui
3605 5400 3808 5457 passu-

2213 5491 2305 5530 rus
2336 5475 2481 5547 quod
2506 5477 2871 5547 deprehensis
2902 5477 2957 5532 in
2985 5477 3166 5533 medio
3189 5477 3432 5532 duorum
3470 5479 3802 5533 certantium

2215 5568 2508 5639 contingit,
2542 5579 2604 5623 ut
2638 5570 2739 5639 ipsi
2767 5585 2832 5624 ex
2855 5569 3036 5625 alieno
3065 5570 3248 5641 jurgio
3268 5569 3549 5640 proprium
3586 5573 3640 5624 in
3681 5584 3807 5625 sese

2217 5661 2517 5732 periculum
2576 5661 2873 5716 attraham.
2924 5661 3035 5716 llac
3071 5676 3202 5732 ergo
3244 5662 3511 5732 religione
3556 5663 3804 5719 instincti

2220 5754 2451 5808 lectores
2472 5754 2883 5809 dissertationis
2909 5765 3102 5808 contra
3131 5764 3343 5808 tomum
3389 5755 3718 5824 patriarcha:
3774 5772 3806 5810 a

2225 5844 2402 5901 l'ccco
2457 5844 2619 5900 editae
2684 5846 2900 5917 singula
2977 5844 3104 5900 folia
3148 5848 3533 5916 crpemlebant
3580 5847 3807 5919 judiciis
