4094 6420
572 350 668 417 131
1780 354 2103 416 GEORGII
2162 353 2649 414 PACHYMERE
3731 357 3816 422 132

578 482 677 538 μεν
709 465 802 520 οὖν
836 463 925 518 ὑπ’
962 463 1153 518 ὀδόντα
1189 466 1337 533 παρὰ
1386 464 1595 517 τούτων
1643 465 1737 518 καὶ
1789 467 1865 517 ἔτι
1903 467 2157 536 ὲφεῖρπε,
2190 472 2234 529 Α
2263 465 2552 533 δογμάτων
2583 465 2826 535 γράψας,
2851 465 2911 518 τὸ
2943 465 3155 535 γραφὲν
3190 464 3471 530 ἐνεφάνιζε
3496 470 3601 529 τοῖς
3627 471 3817 534 πολλοῖς

568 562 626 614 τὸ
658 560 715 613 δὲ
748 564 840 612 καὶ
868 558 1176 626 ἀναφανδὸν
1221 557 1404 624 λέγειν
1435 557 1571 626 πρὸς
1612 557 1823 620 πάντας
1852 559 1907 610 αἱ
1935 560 2026 611 ἐπὶ
2080 557 2155 626 τῷ

569 653 725 720 τόμῳ
759 649 1081 719 ὑπογραφαὶ
1116 647 1264 715 σφῶν
1291 646 1389 698 οὐκ
1419 648 1744 715 ἐπέτρεπον.
1782 645 2042 717 Ἐζήτουν
2067 647 2159 700 οὖν

572 742 825 813 εὐπρεπῆ
857 740 1200 807 καταστῆσαι
1229 739 1328 810 τὴν
1363 738 1719 809 κατηγορίαν.
1752 738 1845 791 καὶ
1870 739 2040 805 δεῖξαι
2068 739 2159 792 τὸν

572 834 781 885 Βέκκον
806 833 1016 884 Νέσσον
1043 831 1203 885 ἄλλον
1231 832 1517 897 ἄντικρυς,
1541 828 1600 892 ὃς
1626 829 1689 899 δὴ
1716 830 1809 881 καὶ
1833 832 1973 899 μετὰ
1998 830 2161 883 θάνα-

572 940 666 975 τον
697 922 789 974 τὸν
825 922 1083 991 μέγιστον
1122 918 1399 989 Ἡρακλέα
1427 920 1866 988 κατηγωνίσατο.
1890 920 1999 972 Κατ.
2021 923 2159 990 ταχὺ

575 1013 854 1081 παρέσχεν
906 1013 1087 1064 αίτίαν
1128 1012 1229 1064 οὐκ
1260 1008 1377 1063 οἶδα
1424 1012 1541 1064 εἴτε
1581 1012 1632 1077 γ’
1667 1012 1701 1081 ἡ
1736 1011 1874 1081 τύχη
1909 1013 2019 1065 εἴτε
2051 1015 2161 1083 μὴν

577 1103 640 1175 [Ρ
667 1101 758 1175 79]
791 1104 850 1154 τδι
879 1102 1160 1171 δαιμόνιον
1198 1103 1433 1171 μήνιμα.

574 1218 635 1271 δ’.
676 1216 755 1271 Τὰ
787 1219 937 1271 κατὰ
967 1218 1100 1289 ᾲτὸνγ
1134 1217 1406 1289 Μάρκον,
1463 1218 1560 1289 καὶ
1610 1216 1775 1289 ὅπως
1809 1219 2053 1289 ἀνήφθη
2094 1220 2160 1274 τὸ

916 1287 1036 1341 τῶν
1072 1288 1397 1356 ἀρχιερέων
1430 1288 1811 1343 σκάνδαλον.

647 1380 899 1448 Μοναχὸς
953 1380 1064 1448 γάρ
1120 1397 1204 1441 τις
1259 1379 1485 1449 Μάρκος
1543 1378 1822 1447 τοῦνομα,
1872 1383 1936 1435 ἐκ
1970 1383 2162 1450 γένους

578 1470 847 1539 ὲξωτέρου
895 1470 1186 1538 Ῥωμαίων
1237 1470 1313 1522 ὢν
1348 1471 1443 1524 καὶ
1476 1471 1611 1541 πρὸς
1644 1472 1802 1539 λόγον
1850 1474 2165 1544 φιλοτιμού-

584 1582 766 1633 μενος,
802 1567 1094 1633 συνήθειαν
1129 1565 1267 1633 ἔχων
1298 1568 1361 1617 ἐκ
1395 1564 1490 1617 τοῦ
1530 1564 1696 1619 πάλαι
1730 1566 1866 1635 πρὸς
1892 1568 2164 1638 πατριάρ-

578 1674 681 1725 χην
713 1655 903 1723 φοιτᾷν
936 1654 1085 1723 αὐτῷ
1123 1659 1210 1708 καὶ
1234 1655 1609 1719 διδάσκεσθαι,
1658 1658 1780 1710 τότε
1815 1657 1979 1722 δόξαν
2017 1661 2164 1713 ὲκεί-

580 1766 675 1816 νῳ,
709 1747 806 1800 οὐκ
840 1741 955 1798 οἶδα
986 1747 1171 1810 πόθεν,
1203 1748 1460 1817 συνιστᾷν
1492 1748 1659 1799 αὑτὸν
1691 1749 1755 1801 ὲκ
1788 1750 2163 1820 λογογραφίας

2265 557 2633 628 θαρρούντως,
2668 559 2984 629 προστιθεὶς
3028 559 3103 621 ὼς
3140 561 3235 612 καὶ
3263 561 3576 631 πατριάρχῃ
3606 562 3818 630 ἐμφανί-

2264 663 2375 701 σειε
2401 650 2561 702 τοῦτο
2592 652 2685 703 καὶ
2714 650 2923 711 ἐκεῖνός
2944 668 3065 703 τινα
3095 649 3465 719 διορθώσειεν,
3501 652 3819 719 ὲγκαθιοτῶν

2264 739 2515 793 ἐντεῦθεν
2544 743 2613 794 τὰ
2645 741 2745 811 τῆς
2779 741 3064 805 ἐκδόσεως.
3092 742 3280 794 Ταῦτα
3315 742 3538 794 λαϐοῦσι
3581 759 3705 809 τισι,
3736 746 3820 798 καὶ

2267 832 2531 902 μαθοῦσιν
2564 833 2778 886 ἐκεῖθεν
2802 832 2877 896 ὡς
2903 835 2997 886 καὶ
3020 834 3182 896 αὐτὸς
3206 833 3546 903 ὁμωνυμίξει
3572 835 3665 903 τὴν
3692 833 3822 898 λέξιν

2262 926 2363 994 τὴν
2397 924 2721 994 προϐολεὺς,
2757 924 3005 993 ἄφυκτον
3061 924 3208 994 ἔχειν
3255 924 3347 978 τὸν
3378 926 3714 995 πατριάρχην
3743 928 3824 978 ἐπὶ

2265 1017 2328 1084 τῇ
2382 1014 2690 1086 κατηγορίᾳ
2739 1015 2955 1069 ἐδόκει·
3014 1011 3312 1086 εἶναιγὰρ
3367 1017 3616 1068 κάκεῖνον
3670 1016 3824 1068 ταῦτα

2269 1106 2591 1173 φρονοῦντα,
2626 1100 2707 1169 οἷς
2741 1107 2822 1159 ὅτι
2853 1105 3033 1158 λαϐὼν
3064 1109 3143 1169 είς
3198 1109 3390 1176 χεῖρας
3433 1106 3502 1158 τὰ
3548 1107 3827 1174 γράμματα

2268 1199 2360 1251 καὶ
2385 1198 2673 1265 διεξελθὼν
2695 1200 2831 1253 ἄλλα
2859 1200 2959 1269 μὲν
2984 1199 3291 1269 διωρθώκει
3313 1200 3407 1252 καὶ
3433 1199 3649 1261 οἰκείοις
3668 1197 3826 1266 γράμ-

2270 1308 2403 1361 μασι
2439 1292 2740 1362 διεσήμηνε
2789 1291 2890 1363 τὴν
2925 1291 3239 1361 διόρθωσιν,
3271 1291 3442 1362 αὐτὴν
3483 1291 3661 1360 δὲτὴν
3692 1289 3824 1354 λέξιν

2226 1406 2233 1413 ·
2268 1383 2654 1435 ἀκαταιτίατον
2684 1384 2891 1446 εἴασεν,
2925 1384 3066 1437 ὥστε
3092 1385 3183 1437 τὸν
3212 1386 3271 1438 ὲν
3298 1384 3377 1454 τῷ
3424 1384 3579 1455 τόμῳ
3627 1385 3823 1452 γρῖφον,

2266 1467 2340 1531 ὡς
2375 1469 2439 1522 ἄν
2479 1486 2562 1532 τις
2598 1471 2755 1543 εἴπῃ.
2803 1471 2900 1524 καὶ
2938 1471 3000 1524 τὸ
3059 1474 3159 1543 τῆς
3212 1474 3440 1544 γνώμης
3470 1471 3737 1541 γλαφυρόν
3774 1486 3824 1521 τε

2269 1563 2362 1615 καὶ
2403 1561 2637 1615 ὓπουλον
2668 1565 2727 1617 ἐν
2764 1564 2843 1634 τῷ
2882 1563 2976 1618 τοῦ
3018 1565 3251 1635 Μάρκου
3288 1563 3717 1636 παραγυμνῶσαι
3744 1563 3826 1615 καὶ

2266 1653 2436 1719 δεῖξαι
2460 1656 2772 1724 γράμματι.
2808 1656 2957 1727 Ταχὺ
2990 1656 3121 1724 γοῦν
3148 1657 3206 1709 τὸ
3233 1658 3325 1709 τοῦ
3359 1657 3586 1727 Μάρκου
3610 1654 3825 1723 γράμμα

2266 1742 2447 1796 λαϐὼν
2477 1747 2505 1798 δ
2535 1746 2865 1817 Θεόληπτος,
2918 1748 3146 1812 ἐπιστὰς
3170 1749 3250 1819 τῷ
3289 1750 3516 1819 μεγάλῳ
3558 1747 3824 1817 λογοθέτῃ,

576 1842 645 1894 τά
693 1841 966 1909 δόγματα,
1008 1840 1227 1910 γράψας
1264 1840 1337 1902 ὡς
1392 1840 1553 1908 δῆθεν
1610 1842 1678 1895 τὰ
1713 1843 1794 1903 είς
1837 1844 2161 1915 ἀντίρρησιν
2198 1829 2237 1882 Β
2268 1836 2419 1906 ἀνδρὶ
2452 1836 2614 1908 λογίῳ
2642 1841 2735 1891 καὶ
2764 1843 2894 1911 περὶ
2916 1840 3014 1911 τὴν
3036 1842 3145 1894 τῶν
3166 1841 3457 1910 δογμάτων
3483 1838 3824 1908 ὲκκαιομένῳ,

576 1933 867 2002 ἐμφανίζει
903 1931 980 1999 τῷ
1034 1936 1376 2003 πατριάρχῃ.
1428 1932 1486 1986 Ὀ
1516 1933 1559 1985 δ’
1594 1935 1697 1987 ἀνὰ
1749 1938 1940 2006 χεῖρας
1988 1936 2165 1989 λαϐὼν

578 2045 637 2079 τε
673 2030 766 2079 καὶ
794 2026 1020 2080 διελθὼν
1052 2027 1145 2079 καί
1196 2044 1339 2079 τισιν
1393 2028 1719 2097 ἐπιστήσας,
1776 2029 1870 2080 καὶ
1901 2030 1975 2089 ὼς
2006 2029 2166 2082 εῐωθε

583 2122 752 2175 πάλαι
808 2126 1005 2185 ποιεῖν,
1060 2121 1385 2173 διδασκάλου
1443 2122 1648 2190 τρόπον
1694 2123 1885 2191 χερσὶν
1932 2123 2167 2185 οἰκείαις

577 2213 847 2267 τίν’ᾰττα
900 2212 1341 2283 διορθωσάμενος
1398 2212 1749 2267 ἀποδίδωσιν.
1818 2214 2105 2267 Ἐντεῦθεν
2138 2215 2167 2267 ὀ

579 2306 806 2377 Μάρκος
832 2305 1015 2358 λαϐὼν
1037 2307 1105 2357 τὰ
1135 2304 1305 2358 πιστὰ
1329 2304 1403 2367 ὣς
1430 2322 1512 2367 τις
1548 2301 1687 2358 εἶναι
1716 2306 1873 2371 δόξας
1906 2306 2001 2359 καὶ
2026 2307 2166 2377 ὑπὲρ

577 2489 877 2559 προὸολεύς
915 2488 1217 2558 productor
1272 2486 1554 2540 notionem
1594 2485 1696 2555 ipsi
1728 2486 1987 2539 tributam
2015 2502 2044 2540 a
2069 2485 2168 2540 Pa-

578 2580 788 2646 llibUS,
842 2580 1215 2635 emanationis
1263 2587 1321 2631 ιιι
1374 2593 1404 2632 e
1445 2576 1713 2647 principio
1752 2578 1954 2633 activo.
2010 2578 2165 2643 Quod

588 2670 726 2723 nihil
756 2670 937 2724 uinus
973 2684 1096 2723 esse
1120 2667 1525 2721 contendebant
1554 2682 1714 2737 quam
1742 2667 2101 2722 defectionem
2136 2684 2164 2719 a

590 2762 693 2815 lide
722 2763 1009 2817 catholicae
1034 2760 1333 2827 doctrinae;
1371 2769 1423 2813 et
1452 2759 1521 2813 ob
1545 2760 1647 2813 hoc
1677 2759 1856 2813 dicam
1881 2761 2168 2830 apostasia:

579 2853 709 2907 tOtni
743 2854 954 2910 auctori
997 2855 1120 2921 jure
1176 2853 1402 2921 impingi
1435 2853 1754 2907 censebant.
1800 2853 1924 2907 lla-c
1972 2869 2162 2907 eorum

577 2948 683 3002 sub
715 2950 879 3000 dente
913 2956 1043 2999 tunc
1101 2945 1516 2999 mussitantium
1565 2960 1764 2999 arcana
1801 2946 2165 3000 murmuratio

583 3038 904 3107 aliquandiu
939 3038 1079 3092 clam
1109 3051 1337 3105 serpens
1373 3035 1579 3088 timidis
1612 3034 1878 3088 duntaxat
1918 3046 2164 3104 grassata

2269 1928 2409 1981 ὥστε
2443 1931 2672 1993 πολλοὺς
2697 1934 3011 1998 πιστεύειν,
3047 1934 3350 2003 ἀσφάλειαν
3373 1975 3388 1997 ,
3421 1934 3717 2002 ἐκφανίζει,
3747 1933 3829 1983 καὶ

2272 2021 2389 2089 μεθ’
2424 2022 2555 2093 ὅσης
2591 2023 2752 2097 εἴπῃς
2777 2026 2878 2095 τῆς
2902 2028 3241 2090 ἐπιστάσεως
3284 2028 3621 2097 διεξήρχετο,
3651 2025 3736 2076 καί
3764 2039 3819 2091 γε

2270 2117 2883 2186 προοικονομησάμενος
2936 2119 2998 2170 τὸ
3044 2118 3343 2183 κακόδοξον
3402 2121 3466 2172 ὲκ
3516 2117 3750 2181 πολλῶν,
3784 2117 3826 2168 εί

2269 2203 2442 2267 οὕτως
2474 2205 2589 2277 ἔχοι
2622 2209 2716 2260 καὶ
2746 2207 2896 2279 αὐτῷ
2930 2208 3235 2281 ξυνδοκοίη,
3288 2209 3693 2263 διεπυνθάνετο.
3734 2205 3829 2257 Καὶ

2270 2295 2360 2348 τὸν
2391 2296 2680 2367 ὁμολογεῖν
2707 2302 3049 2371 παραυτίκα,
3093 2303 3185 2355 καὶ
3221 2305 3619 2374 καταρῤιπτείν
3657 2317 3715 2353 τε
3746 2298 3830 2352 καὶ

2270 2485 2475 2540 st‘nata
2538 2486 2781 2543 editione
2825 2490 3110 2559 vulgavit;
3177 2491 3339 2560 eique
3412 2485 3830 2545 commendanda:

2271 2579 2750 2647 praelatiunculam
2807 2581 3019 2638 addidit
3064 2583 3352 2637 docentem
3414 2586 3592 2639 visum
3626 2597 3654 2636 a
3683 2578 3831 2650 patr?-

2273 2670 2442 2723 archa
2499 2680 2552 2724 et
2589 2671 2678 2725 ubi
2712 2686 2853 2740 opus
2920 2672 3025 2727 fuit
3076 2677 3435 2730 emendatum
3487 2674 3539 2729 id
3586 2674 3829 2742 scriptum

2270 2760 2442 2815 fuisse
2479 2764 2803 2833 priusquam
2843 2766 3123 2821 ederetur.
3162 2766 3336 2823 Eunte
3370 2784 3468 2838 per
3497 2782 3683 2822 manus
3708 2777 3830 2819 novo

2270 2851 2435 2919 libro,
2472 2855 2644 2908 movit
2666 2856 2940 2925 quosdam
2986 2858 3134 2926 quod
3164 2858 3217 2911 in
3251 2874 3316 2914 eo
3338 2866 3674 2915 annotarunt
3711 2851 3834 2909 tradi

2267 2946 2434 2997 etiam
2467 2946 2681 3002 clarius
2725 2964 2891 3017 quam
2925 2949 2980 3003 in
3013 2958 3165 3004 tomo
3195 2951 3542 3020 patriarcha:
3580 2946 3839 3005 damnabi-

2270 3036 2373 3089 lctn
2405 3038 2549 3089 illam
2601 3040 3005 3096 restrictionem
3039 3042 3281 3098 notionis
3308 3043 3363 3098 in
3396 3060 3540 3099 'voce
3567 3038 3835 3114 προϐολεὺς

587 3131 833 3185 susurris
873 3140 957 3184 cst
992 3146 1005 3182 :
1045 3143 1171 3182 nam
1221 3127 1628 3181 accusationem
1687 3127 1932 3180 mendosi
1975 3129 2161 3197 scripti
2194 3168 2236 3226 ϐ
2271 3144 2375 3196 qua
2406 3130 2668 3198 principii
2708 3132 2875 3186 activi
2908 3133 3256 3203 signiﬁcatus
3283 3146 3480 3193 contra
3512 3134 3831 3192 manifestam

580 3224 866 3291 suscipere
910 3220 1187 3289 publicam
1227 3218 1556 3288 prohibebat
1586 3218 1912 3272 verecundia
1945 3234 2166 3287 magno-

584 3330 703 3367 rum
746 3313 1030 3368 nominum
1074 3325 1223 3365 tumo
1257 3311 1309 3363 in
1340 3310 1713 3363 testimonium
1749 3308 2167 3378 approbationis

580 3407 1049 3476 subscriptorum.
1107 3405 1483 3474 Exquirebant
1537 3418 1669 3473 ergo
1705 3418 1889 3458 secum
1940 3405 2164 3458 modum

581 3509 636 3552 et
667 3500 1135 3568 opportunitatem
1175 3499 1494 3567 indagatum
1530 3496 1682 3549 ibant
1724 3503 1842 3549 tuto
1865 3495 2168 3565 plausibili-

581 3602 773 3660 terque
809 3589 1136 3660 delungendi
1180 3588 1451 3643 delatione
1474 3596 1555 3640 tot
1587 3587 1779 3642 muniti
1811 3588 2167 3642 auctoritati-

588 3686 689 3737 bus
714 3683 872 3748 tomi,
900 3680 1430 3748 demonstrandique
1467 3675 1731 3743 Vcccum,
1764 3680 1993 3734 similem
2022 3680 2169 3735 illius

583 3794 613 3828 e
651 3775 850 3830 fabulis
892 3773 1071 3835 Nessi,
1102 3788 1268 3841 quem
1308 3771 1493 3826 lerunt
1519 3788 1548 3826 a
1575 3780 1750 3825 morte
1785 3786 1881 3825 sua
1912 3786 2165 3841 magnum

597 3867 881 3921 Ilerculem
935 3866 1175 3930 vicisse,
1237 3866 1353 3933 ipsa
1410 3864 1495 3917 sui
1542 3862 1896 3917 damnatione
1947 3877 2167 3915 causam

584 3960 738 4013 exitii
788 3974 889 4014 suo
926 3958 1100 4029 jndici
1154 3971 1218 4010 ac
1261 3958 1480 4009 censori
1517 3955 1789 4008 attulisse.
1819 3953 1930 4009 Nec
1954 3957 2044 4008 diu
2074 3958 2168 4009 ab-

589 4052 693 4105 fuit
738 4052 872 4121 quin
906 4050 1258 4104 occasionem
1299 4048 1434 4117 ipsis
1468 4048 1521 4101 id
1556 4046 1748 4117 agendi
1784 4048 2168 4102 commodissi-

588 4159 735 4197 mam
776 4158 871 4196 seu
901 4157 1069 4196 casus
1095 4156 1193 4195 seu
1230 4139 1415 4193 divina
1444 4149 1763 4208 suggereret
1800 4138 1954 4192 ultio.

583 4239 637 4290 4.
672 4237 744 4290 De
783 4235 986 4297 Marco,
1038 4243 1087 4287 et
1113 4243 1167 4286 ut
1197 4233 1500 4285 antistitum
1545 4232 1799 4283 exarserit
1833 4230 2164 4285 scandalum.

660 4328 961 4383 Monachus
1013 4329 1159 4380 enim
1202 4323 1446 4394 quidam.
1503 4324 1637 4377 .‘llarr
1657 4340 1719 4379 us
1751 4325 1996 4388 nomine,
2024 4326 2166 4380 haud

591 4437 791 4491 genere
832 4420 1144 4483 Romanus,
1179 4419 1343 4471 homo
1379 4417 1757 4471 doctrinarum
1793 4418 1989 4472 studiis
2021 4418 2170 4472 dedi-

2273 3220 2498 3275 Patrnm
2542 3224 2929 3278 auctoritatem
2964 3226 3033 3278 ab
3084 3242 3148 3279 ea
3200 3228 3559 3294 excluditur;
3606 3242 3709 3296 quo
3730 3221 3829 3277 auio

2274 3313 2564 3367 madverso
2590 3314 2911 3383 praeclaram
2946 3330 3004 3369 se
3035 3324 3226 3370 nactos
3274 3328 3409 3372 sunt
3444 3316 3615 3387 gavisi
3652 3326 3826 3384 oppor-

2271 3404 2566 3458 tnuitatcm
2605 3406 2961 3474 oppugnandi
3002 3407 3217 3460 minore
3249 3407 3460 3464 invidia
3500 3410 3553 3462 in
3583 3403 3833 3474 discipulo

2275 3497 2569 3566 magistri,
2610 3499 2697 3552 cui
2738 3513 2937 3569 negare
2990 3500 3101 3568 jam
3140 3499 3418 3569 io'tegrum
3454 3518 3561 3556 non
3613 3503 3750 3555 esset
3775 3507 3833 3550 se

2272 3589 2434 3658 plane
2472 3591 2545 3643 ita
2580 3591 2811 3656 sentire,
2865 3590 3057 3661 utique
3098 3608 3223 3645 cum
3258 3592 3367 3646 alia
3404 3594 3649 3664 quaedam
3680 3585 3829 3645 corri-

2272 3696 2406 3752 gens
2439 3680 2493 3734 in
2543 3683 2749 3751 scripto
2800 3683 3055 3752 discipuli
3094 3684 3247 3748 illud,
3285 3693 3344 3738 ut
3376 3702 3494 3740 sua
3543 3690 3832 3750 congruens

2273 3774 2595 3838 sententia},
2657 3775 2764 3829 ulla
2830 3775 3103 3845 conligere
3162 3775 3663 3833 animadversionis
3718 3775 3832 3824 nota

2272 3866 2572 3920 omisisset.
2615 3866 2797 3931 Quare
2849 3868 2995 3937 quod
3059 3869 3378 3937 perplexum
3413 3877 3467 3925 et
3501 3858 3833 3930 subterfugiis

2272 3965 2454 4010 astute
2491 3956 2697 4024 paratis
2732 3956 3077 4025 ambiguum,
3127 3957 3329 4026 griphi,
3359 3968 3421 4014 ut
3458 3958 3580 4029 quis
3614 3950 3830 4013 dixerit.

2275 4047 2381 4102 ritu
2407 4050 2717 4117 patriarcha
2783 4049 3131 4119 acnigmatice
3174 4052 3229 4104 in
3291 4061 3446 4106 torno
3499 4049 3832 4105 occultasset.

2274 4139 2521 4208 profecto
2560 4142 2673 4208 jam
2712 4142 2883 4194 teneri
2926 4141 3327 4210 deprehensum
3360 4133 3833 4212 palam,simplici.

2271 4240 2356 4284 ter
2403 4230 2532 4284 illud
2565 4232 2883 4300 diser-teque
2916 4232 3232 4287 declarante
3283 4234 3404 4288 fusa
3440 4234 3714 4297 liberaque
3751 4234 3837 4276 nec

2273 4324 2404 4379 ullis
2447 4324 2818 4394 a'legabiliuzu
2855 4306 3277 4379 excusationuin
3323 4326 3543 4382 oﬂ‘uciis
3595 4319 3839 4376 insidiose

2275 4418 2488 4471 munita
2526 4419 2829 4488 scriptione
2884 4418 3152 4473 auditoris
3185 4420 3306 4488 ejus
3339 4418 3531 4484 Marci,
3560 4430 3717 4485 quam
3752 4422 3838 4477 ap-

588 4525 675 4566 tus
699 4552 712 4576 ,
757 4509 1217 4564 consuetudinem
1280 4524 1345 4561 ex
1390 4509 1561 4578 longo
1593 4509 1798 4561 habens
1844 4508 1907 4561 ad
1941 4509 2174 4577 patriar—
2198 4502 2252 4562 ἶ)
2279 4512 2522 4580 probans
2556 4511 2864 4579 patriarcha
2902 4511 3089 4578 paucis
3124 4512 3457 4574 imnmtatis,
3489 4509 3619 4579 quid
3655 4506 3837 4558 deno-

585 4608 746 4659 cham
795 4602 1096 4656 ventitandi
1143 4602 1320 4655 danda
1348 4602 1468 4671 «ipsi
1516 4600 1740 4655 docenti
1788 4617 1978 4670 Opera,
2018 4602 2165 4656 circa

592 4699 692 4751 hoc
740 4705 974 4763 tempus,
1008 4694 1196 4748 nescio
1219 4710 1328 4763 quo
1354 4705 1445 4746 aut
1484 4694 1645 4764 118
1670 4695 1829 4763 cujus
1865 4694 2125 4749 instinctu
2148 4735 2163 4759 ,

588 4788 855 4857 applicuit
880 4787 1126 4841 animum
1161 4788 1225 4840 ad
1251 4790 1710 4841 commentarium
1735 4791 1802 4842 de
1845 4787 2167 4857 theologieis

588 4893 601 4935 ι
649 4899 714 4935 ne
763 4881 979 4950 agitatis
1021 4880 1421 4935 controversiis
1469 4880 1847 4943 scribendum,
1880 4880 2169 4934 confutan-

590 4976 787 5026 t'orum
846 4972 1059 5025 scilicet
1117 4987 1309 5025 eorum
1367 4971 1542 5040 gratia
1578 4985 1754 5039 quam
1789 4970 1873 5023 sui
1920 4969 2165 5039 magistri

588 5064 921 5118 adversariis
949 5064 1326 5130 iactabantur.
1372 5063 1429 5117 1d
1485 5078 1627 5131 opus
1671 5062 1760 5116 ubi
1798 5062 2165 5127 elucubravit,

588 5157 920 5228 patriarcha:
950 5158 1171 5222 obtulit,
1208 5158 1302 5226 qui
1334 5171 1691 5225 percurrens,
1732 5163 1790 5207 nt
1828 5164 2051 5208 caeteras
2081 5170 2168 5208 so—
2208 5182 2216 5197 ο

590 5253 736 5302 lebat
765 5248 1018 5318 discipuli
1050 5247 1511 5317 seriptiunculas,
1538 5245 1789 5312 quaedam
1823 5246 1874 5297 in
1908 5246 2009 5298 hac
2034 5259 2169 5313 quo—

588 5358 695 5410 que
731 5342 912 5394 minus
944 5338 1047 5395 sibi
1088 5340 1320 5408 probata
1350 5352 1517 5390 manu
1556 5336 1777 5405 propria
1819 5334 2082 5398 correxit,
2114 5345 2168 5387 et

585 5437 666 5489 sic
713 5435 1060 5487 emendatam
1106 5431 1370 5485 reddidit.
1424 5428 1645 5481 Marcus
1692 5426 1958 5496 quidquid
2027 5426 2169 5478 inta-

588 5539 738 5581 ctum
773 5527 824 5578 in
858 5527 939 5579 sic
973 5524 1248 5579 recensito
1282 5537 1382 5575 suo
1405 5522 1804 5574 commentario
1826 5519 2046 5587 reperit,
2069 5536 2168 5587 pro

590 5633 983 5687 usquequaque
1017 5618 1252 5685 probato
1283 5615 1493 5667 habens
1521 5655 1535 5677 ,
1573 5624 1628 5666 et
1686 5614 1789 5667 sibi
1824 5630 1927 5666 non
1974 5630 2165 5681 parum

588 5710 872 5777 gratulans
907 5709 1049 5779 quod
1087 5716 1195 5760 tam
1251 5705 1421 5758 multa
1476 5704 1743 5757 inoﬂ‘rnsc
1802 5708 2167 5758 commentari

589 5804 876 5871 potuisset,
915 5816 1053 5870 opus
1087 5815 1246 5853 suum
1298 5796 1362 5852 ad
1410 5808 1616 5851 certam
1658 5798 1842 5868 gloria:
1884 5814 2034 5868 spem
2092 5798 2170 5853 lc-

2272 4604 2422 4657 tione
2457 4605 2605 4655 verbi
2642 4603 2939 4672 προϐολεὺς
2970 4619 3097 4657 vere
3144 4604 3349 4657 sentiat
3381 4606 3529 4658 clare
3583 4605 3839 4653 monstra-

2271 4695 2432 4746 verit.
2475 4694 2687 4763 Cupide
2710 4694 2878 4762 igitur
2918 4698 3137 4763 arrrpto
3172 4695 3507 4764 Thcoleptus
3539 4689 3703 4746 Marci
3733 4698 3841 4740 mo-

2270 4788 2430 4841 nachi
2476 4787 2877 4841 commentario
2913 4803 3170 4855 niagnum
3218 4788 3331 4840 adit
3380 4787 3732 4856 logothctam,
3770 4776 3843 4829 Vi-

2271 4896 2389 4933 rum
2435 4891 2486 4932 et
2541 4888 2736 4932 caztera
2797 4880 3104 4941 eruditum,
3160 4888 3214 4933 et
3273 4880 3325 4932 in
3368 4870 3842 4948 disquisitionibus

2270 4971 2704 5041 theologicorum
2742 4972 3058 5039 dogmatum
3097 4971 3258 5040 119
3286 4971 3494 5039 ingenti
3531 4980 3734 5022 secura:
3757 4973 3842 5012 VC.

2273 5065 2454 5119 ritatis
2493 5064 2817 5133 indaganda:
2872 5066 2990 5117 zelo
3035 5079 3159 5116 eunt
3196 5063 3404 5117 versari
3454 5061 3700 5118 solitum,
3734 5063 3839 5105 tum

2272 5158 2375 5212 hoc
2426 5160 2603 5226 ipsum
2632 5166 2913 5210 ostentare
2950 5154 3289 5209 multitudini
3327 5153 3677 5222 gaudentem.
3710 5140 3839 5196 "llic

2272 5248 2575 5303 ostendens
2616 5247 3079 5302 commentarium
3116 5245 3281 5299 Marci
3315 5244 3636 5298 mendosum
3670 5237 3838 5289 locum

2272 5340 2550 5407 indigitat,
2611 5347 2985 5406 accurateque
3051 5350 3311 5391 sermone
3367 5333 3561 5387 vitium
3614 5329 3733 5397 ejus
3781 5330 3840 5374 ac

2273 5432 2574 5503 perniciem
2600 5432 2921 5486 orthodoxa:
2941 5429 3158 5483 veritati
3187 5427 3392 5482 nefarie
3425 5422 3728 5495 oppositam
3752 5415 3840 5503 def

2273 5535 2565 5578 ruonstrat.
2643 5523 2781 5578 Tum
2839 5538 2868 5577 e
2926 5521 3203 5592 Iogothcta
3256 5527 3615 5590 percontatur
3653 5502 3838 5576 ecfl"id

2275 5618 2391 5687 ipse
2424 5634 2545 5671 cum
2581 5617 2763 5670 Marco
2792 5616 3011 5682 sentiat,
3035 5616 3409 5684 doctrinaeque
3440 5622 3551 5665 tam
3581 5609 3839 5669 corrupti!2

2272 5711 2608 5777 acquiescat.
2680 5706 2907 5777 Negavit
2971 5709 3251 5762 enimvero
3294 5708 3384 5761 ille
3434 5703 3643 5762 statim,
3689 5692 3842 5746 volu-

2276 5820 2510 5871 mcnqne
2547 5803 2815 5871 abjiciens
2853 5803 2999 5857 clare
3030 5800 3313 5871 professus
3356 5808 3436 5855 cst
3471 5812 3531 5851 se
3579 5794 3630 5848 id
3677 5796 3837 5843 totum
