4094 6438
287 368 396 436 133

1156 372 1257 431 DE
1304 356 1750 465 aNDRoxico
1794 364 2261 432 ramorooo
2309 372 2457 433 [ιιι.
2492 371 2571 432 ll.

3476 378 3577 444 134

282 482 702 538 ἀποὸἀλλεσθαι
738 483 812 544 ὡς
846 482 1031 543 κακῶς
1060 481 1182 553 ἔχον
1210 484 1303 536 καὶ
1334 483 1624 553 τολμηρῶς
1650 484 1709 533 τὸ
1742 482 1878 551 σύμ-
1911 500 1953 549 Α
1985 483 2233 551 διορθοῦν
2264 485 2323 537 τὸ
2366 485 2568 553 σφαλὲν
2620 483 2802 547 αὐτὸς,
2842 486 2899 536 ἐν
2950 486 3109 554 δεινῴ
3150 488 3471 557 ποιούμενος
3514 498 3575 546 τὸ
3642 499 3651 511 ’

286 595 423 632 παν.
457 575 628 650 Ταύέ
678 574 894 628 ἐκείνου
929 573 1387 644 διευλαϐουμένου
1421 575 1549 644 περὶ
1596 573 1662 624 τὰ
1696 573 1882 642 γράμ-

292 685 443 739 ματα
461 669 541 731 ὡς
555 669 617 719 τὸ
637 666 895 737 μέγιστον
914 667 1105 736 ἔχοντα
1132 666 1359 736 σφάλμα
1378 665 1509 735 περὶ
1530 664 1595 718 τὰ
1614 664 1881 733 δόγματα,

288 763 383 815 τὸν
410 758 809 828 Φιλαδελφείας
844 758 1046 813 αὐτίκα
1075 757 1170 810 τὸν
1213 758 1382 826 τόμον
1408 755 1738 834 ἐξενεγκεῖν,
1765 752 1882 816 καὶ,

297 873 317 905 ι
354 853 422 906 Τί
458 869 524 919 γε
560 852 726 914 ἄλλο,
758 870 779 903 ι
817 852 1021 921 φάναι,
1073 866 1092 899 t
1124 849 1272 903 δοκεῖ
1308 865 1391 900 σοι
1429 847 1566 916 πρὸς
1623 845 1797 899 ταῦτα
1824 842 1888 896 τὺ

293 943 456 1015 παρὰ
481 942 578 996 τοῦ
608 942 953 1014 πατριάρχου
973 942 1271 1011 λεγόμενον
1293 958 1337 1006 ;ι
1373 938 1439 1010 [Ρ
1459 937 1551 1010 80]
1586 936 1885 1006 Ἐπέστησε

290 1039 553 1101 κάκεῖνος
585 1036 749 1100 εὐθὺς
779 1039 847 1108 τῇ
875 1036 1042 1102 λέξει,
1076 1036 1172 1090 καὶ
1206 1034 1273 1087 τὰ
1298 1032 1440 1088 αὐτὰ
1470 1029 1767 1100 ὡμολόγει,
1794 1029 1889 1083 καὶ

288 1129 522 1199 ἀγνοίας
563 1129 656 1181 τὸν
714 1128 1064 1200 πατριάρχην
1101 1125 1368 1196 μεγίστης
1423 1120 1721 1195 ἐγράφετο.
1775 1119 1888 1172 Καὶ

289 1223 354 1276 τὸ
384 1225 626 1293 πρᾶγμα
664 1221 824 1291 δῆλον
869 1223 985 1284 τοῖς
1034 1218 1252 1281 πολλοῖς
1301 1215 1526 1285 γεγονὸς
1581 1213 1749 1286 μέχρι
1790 1211 1889 1264 καὶ

290 1316 479 1369 αὐτῶν
502 1315 613 1368 τῶν
647 1313 946 1380 βασιλικῶν
973 1312 1153 1367 ἀκοῶν
1181 1310 1411 1365 ἄνεισιν.
1441 1307 1501 1361 Ὀ
1522 1308 1575 1360 δὲ
1600 1306 1688 1360 καὶ
1722 1303 1888 1366 αὐτὸς

289 1409 607 1478 ἐπιστήσας
628 1408 741 1469 τοῖς
762 1404 1103 1474 λεγομένοις,
1128 1403 1223 1455 καὶ
1245 1400 1471 1458 πολλοὺς
1495 1400 1591 1452 καὶ
1616 1397 1886 1468 μεγάλους

292 1503 519 1572 βλέπων
551 1502 678 1564 τοὺς
699 1500 1191 1568 καταιτιωμένους,
1216 1496 1328 1549 δεῖν
1360 1494 1502 1562 ἔγνω
1529 1490 1775 1563 διορθοῦν
1796 1490 1887 1542 τὸν

291 1594 458 1662 λόγον
495 1592 636 1663 πρὸς
668 1592 697 1644 ὃ
728 1609 781 1644 τι
839 1591 936 1645 xui.
984 1589 1128 1652 δόξοι
1174 1589 1234 1642 τὸ
1286 1585 1714 1639 εὐσεϐέστατον·
1752 1581 1886 1652 μηδὲ

293 1688 407 1757 γὰρ
437 1680 582 1738 εἶναι
614 1682 780 1737 καλὸν
834 1682 1032 1745 αὐτοὺς
1068 1680 1253 1741 ἄλλοις
1285 1677 1657 1747 ἐγκαλοῦντας
1707 1692 1888 1744 παρα-

296 1780 501 1841 δασίας
541 1774 773 1846 περὶτὰ
806 1775 1054 1842 δόγματα
1103 1771 1388 1843 ἐνέχεσθαι
1424 1787 1489 1838 γε
1530 1769 1626 1821 καὶ
1665 1767 1887 1827 τούτους

1992 576 2218 644 σφάλμα
2258 576 2540 644 ὁμολογεῖν
2597 577 2653 627 ὲν
2706 579 2819 640 τοῖς
2874 577 3040 630 αύτοῦ
3095 581 3439 648 γράμμασιν,
3475 584 3578 637 οὐκ

1990 669 2262 726 ἐπείθετο.
2298 669 2434 724 ἀλλὰ
2490 672 2584 722 καὶ
2635 669 3055 737 προσωργίζετο
3086 671 3477 741 ὑπερηφανῶν.
3506 675 3579 726 Τὸ

1986 759 2033 813 δ’
2068 759 2325 814 ἐντεῦθεν
2356 761 2675 830 προσιόντες
2709 761 2921 829 βασιλεῖ
2950 763 3257 832 πεισμονῆς
3287 764 3578 819 ἐνεκάλουν

1988 852 2085 905 καί
2115 855 2164 920 γ’
2199 854 2488 922 αἱρέσεως,
2514 853 2608 906 καὶ
2628 851 2990 921 ἀπεσχίζοντο
3017 855 3137 906 κατ’
3160 855 3339 922 ὀλίγον
3367 858 3577 909 ἐκείνου

1988 943 2062 1007 ὡς
2098 945 2172 1014 μὴ
2211 944 2406 1015 ἀγνοίᾳ
2450 945 2608 1015 δῆθεν
2655 947 2751 998 καὶ
2799 946 3123 1017 ξυναρπαγῇ
3163 949 3577 1018 περιπεσόντος.

1989 1037 2128 1091 ἀλλὰ
2161 1040 2253 1091 καὶ
2281 1039 2499 1110 γνώμῃ.

1989 1158 2050 1205 ε’.
2091 1150 2167 1204 Τὰ
2210 1154 2369 1225 nardi
2410 1154 2555 1221 τοὺς
2600 1158 2994 1225 πατριάρχας.
3048 1160 3157 1211 τόν
3210 1174 3274 1211 τε
3307 1155 3583 1221 Ἀλεξαν-

2344 1224 2547 1292 δρείας
2579 1227 2677 1280 καί
2717 1224 2826 1281 τὸν
2853 1228 3234 1298 Ἀντιοχείας.

1993 1314 2069 1381 ς’.
2102 1318 2519 1386 Ἀναχὼρησις
2564 1318 2631 1391 ἐκ
2685 1319 2791 1373 τοῦ
2847 1324 3274 1391 πατριαρχείου
3320 1323 3430 1378 τοῦ
3472 1340 3585 1378 πα-

2459 1387 2743 1458 τριάρχου
2765 1387 3118 1467 Ιςρηγορίοὺ.

2063 1501 2142 1554 Τὰ
2183 1501 2292 1569 γὰρ
2319 1501 2424 1571 πρὸ
2454 1500 2549 1553 τοῦ
2577 1501 2809 1570 ἦπειγον
2856 1502 3085 1567 τούτους
3132 1504 3415 1569 τοιούτους
3444 1503 3584 1560 εἷναί

1990 1611 2047 1647 τε
2080 1594 2172 1645 καὶ
2208 1593 2520 1658 φαίνεσθαι.
2575 1592 2658 1645 Τὰ
2697 1594 2742 1645 δ’
2777 1590 2919 1661 ἦσαν
2948 1596 3171 1665 πρῶτον
3227 1597 3326 1665 μὲν
3377 1598 3438 1650 τὸ
3487 1598 3581 1652 τοῦ

2004 1684 2416 1753 Ἀλεξανδρείας
2459 1685 2810 1747 Ἀθανασέου,
2865 1686 2925 1738 ὃν
2986 1687 3203 1750 πολλοῖς
3232 1689 3444 1759 ὑπῆγον
3473 1694 3585 1753 τοῖς

1991 1774 2251 1843 χαλεποῖς
2294 1775 2585 1842 πρότερον.
2612 1766 2676 1845 [Ρ
2717 1774 2808 1844 8η
2842 1776 3009 1845 μέχρι
3042 1779 3135 1830 καὶ
3168 1778 3341 1847 αὐτῆς
3369 1779 3587 1849 ἐξορῖας

294 1870 391 1923 καὶ
422 1868 584 1938 κακῷ
615 1868 675 1920 τὸ
707 1865 879 1919 κακὸν
916 1864 1100 1919 ίᾶσθαι
1154 1864 1353 1916 δοκεῖν.
1389 1860 1576 1914 Ταῦτα
1605 1861 1719 1922 τοῖς
1765 1859 1895 1926 περὶ
1932 1856 1971 1911 Β
2003 1869 2358 1937 περιστάντες
2397 1868 2494 1937 τὴν
2539 1868 2846 1937 δριμύτητα
2897 1869 3005 1920 τῶν
3047 1871 3237 1923 κακῶν
3259 1910 3273 1932 ,
3308 1871 3393 1939 ἐφ’
3420 1866 3462 1938 ᾧ
3492 1870 3587 1924 τὸν

294 1961 392 2013 τὸν
414 1958 765 2029 πατριάρχην
777 1957 878 2010 οὐκ
903 1952 974 2028 ἦν
999 1956 1240 2024 ἀγοοεὶν,
1262 1954 1400 2009 ἀλλὰ
1423 1953 1678 2013 κάκεῖνος
1701 1947 1896 2003 ἀκούει

292 2053 360 2105 τὺ
395 2053 607 2122 δρᾶμα,
655 2050 750 2103 καὶ
788 2050 891 2102 οὐκ
945 2048 1190 2112 ἀνεκτῶς
1248 2045 1601 2119 ύὸριοπαθῶν
1633 2038 1814 2114 εἶχεν,
1846 2045 1895 2096 εἰ

297 2140 551 2203 τοιοῦτος
584 2139 661 2194 ὢν
697 2142 756 2194 ἐν
777 2138 986 2208 λογίοις
1018 2141 1113 2192 καὶ
1134 2138 1375 2201 τοιοῦτος
1401 2135 1575 2190 δοκῶν
1607 2137 1665 2189 ὲν
1693 2135 1897 2204 δογμά-

298 2252 414 2288 των
445 2233 734 2303 ἐπιστήμῃ
765 2229 1117 2301 παραΰασίας
1148 2228 1244 2281 καὶ
1271 2228 1435 2291 αὐτὸς
1464 2227 1774 2295 ὲγκαλοίτο,
1803 2226 1895 2277 καὶ

294 2330 401 2401 τῆς
451 2327 760 2397 μεγίστης,
797 2325 874 2389 ὡς
912 2324 1151 2379 ἔπειθον.
1216 2323 1381 2377 Ὅθεν
1436 2324 1529 2375 καὶ
1573 2320 1894 2390 ἀξιούμενος

302 2509 615 2580 reprobate
642 2515 701 2561 ut
734 2504 940 2561 malum
963 2510 1018 2560 et
1048 2504 1430 2561 temerarium.
1457 2503 1575 2571 Qua
1603 2501 1656 2555 in
1674 2514 1899 2570 expres-

294 2604 466 2659 sionc
500 2597 905 2668 indignationis
944 2613 1055 2653 suae
1087 2599 1356 2653 adversus
1391 2598 1652 2651 audacem
1686 2593 1899 2648 novita-

300 2704 441 2757 tem,
483 2688 875 2748 exardescenti
909 2704 1013 2743 suo
1046 2704 1200 2743 more
1227 2687 1527 2742 ferventius
1564 2686 1856 2756 logothetm
1879 2722 1896 2746 ,

301 2793 623 2855 opportune
670 2787 889 2850 arrepto
930 2779 1433 2849 Philadelphiensis
1486 2787 1766 2847 tempore,
1814 2785 1896 2830 to-

311 2893 467 2933 mum
493 2890 524 2930 a
567 2874 889 2946 patriarcha
922 2872 1130 2927 editum
1159 2872 1389 2938 obtulit,
1414 2886 1589 2941 eoque
1620 2869 1707 2922 illa
1735 2869 1899 2923 verba

314 2972 451 3040 legit
480 2984 603 3039 quae
629 2966 871 3023 similem
893 2966 1166 3019 damnatae
1189 2965 1302 3035 jam
1338 2966 1390 3018 in
1416 2965 1577 3018 Marci
1602 2963 1742 3016 libro
1773 2976 1900 3027 pra-

320 3063 474 3115 vitati
501 3060 823 3113 sententiam
851 3096 867 3121 ,
906 3055 953 3112 si
978 3064 1126 3110 recte
1155 3055 1620 3124 intelligerentur,
1648 3050 1900 3106 contine.

320 3151 489 3216 bant;
523 3150 667 3218 quod
713 3150 797 3203 sic
836 3149 1022 3219 reipsa
1072 3162 1131 3201 se
1165 3146 1366 3201 habere
1404 3144 1609 3200 emrari
1651 3143 1903 3195 oratione

1995 1959 2161 2026 τόμον
2202 1957 2693 2026 καθυπογράψειε,
2759 1959 2863 2010 κᾶν
2913 1959 3122 2020 ἐκεῖνος
3190 1961 3327 2027 μετὰ
3381 1961 3583 2023 πολλὰς

1996 2051 2265 2120 ἐπηρείας
2297 2051 2384 2103 τὸν
2419 2051 2518 2119 μὲν
2544 2052 2731 2118 τόμον,
2767 2052 2842 2112 ὡς
2879 2053 2953 2121 μὴ
2989 2053 3311 2119 δοκιμάζειν
3340 2052 3480 2122 ἔχων
3507 2054 3583 2116 ὡς

1997 2141 2290 2209 ἀλλοεθνὴς
2323 2144 2416 2194 καὶ
2440 2142 2549 2194 τῶν
2569 2142 2858 2211 ἡμετέρων
2885 2142 3056 2195 δοκῶν
3079 2144 3331 2207 ἁξύνετος
3355 2148 3380 2197 ὁ
3404 2144 3587 2196 τοσοῖ-

1996 2253 2087 2298 τος
2123 2235 2221 2305 τὴν
2250 2235 2454 2300 γνῶσιν
2475 2275 2489 2296 ,
2522 2235 2890 2306 παρεθεώρει,
2940 2236 3110 2303 ἄλλην
3143 2236 3200 2289 δέ
3238 2255 3361 2290 τινα
3395 2236 3589 2306 ὁμολο-

1999 2326 2123 2395 γίαν
2175 2326 2234 2394 ἐξ
2270 2327 2468 2382 ἑαυτοῦ
2511 2326 2725 2398 ἔγραφε
2782 2329 2880 2381 καὶ
2919 2331 3262 2400 ὑπέγραψεν,
3307 2333 3475 2401 αὐτὴν
3520 2333 3585 2403 δὴ

2004 2507 2057 2561 in
2092 2515 2244 2562 tomo
2276 2508 2399 2577 ejus
2437 2506 2634 2564 vitibse
2688 2512 2957 2585 scriptum
3005 2517 3142 2569 erat.
3180 2509 3464 2579 prad‘racte
3495 2525 3590 2565 ne-

2009 2601 2156 2669 gavit
2212 2617 2540 2671 agnoscere,
2573 2617 2633 2656 se
2669 2603 2969 2672 quidquam
3008 2603 3060 2655 in
3108 2618 3212 2658 suo
3257 2613 3407 2657 toruo
3446 2605 3590 2673 quod

2003 2693 2288 2747 emendari
2315 2708 2456 2762 opus
2485 2704 2653 2755 esset,
2681 2695 2748 2748 de
2781 2695 3048 2762 petitione
3074 2695 3299 2764 insuper
3334 2696 3422 2750 illa
3452 2698 3590 2766 ipsa,

2005 2780 2084 2834 uti
2121 2781 2186 2834 de
2212 2781 2450 2849 irrogata
2480 2781 2583 2835 sibi
2614 2782 2972 2844 contumelia,
3004 2798 3370 2849 conqueri-ns,
3402 2785 3593 2853 iraque

2004 2887 2069 2926 ex
2120 2869 2262 2924 fastu
2315 2888 2420 2925 non
2476 2872 2688 2926 modica
2728 2874 2983 2927 sa'vicns.
3013 2873 3105 2928 Sic
3139 2875 3341 2942 repulsi
3376 2875 3469 2942 qui
3501 2889 3598 2943 pa-

2005 2965 2307 3020 triarcham
2342 2965 2589 3018 adierant
2617 3005 2632 3029 ,
2674 2965 2994 3032 imperatori
3052 2966 3440 3020 renuntiarunt
3485 2982 3595 3019 non

2008 3057 2174 3111 modo
2206 3071 2387 3125 pravte
2427 3066 2616 3109 contra
2649 3054 2770 3108 ﬁdei
2818 3056 3015 3124 dogma
3062 3056 3456 3125 persuasionis,
3496 3057 3593 3111 sed

2010 3150 2195 3203 addita
2237 3148 2363 3201 huic
2399 3147 2706 3213 pervicacia
2740 3152 2907 3202 etiam
2941 3149 3215 3202 biereseos
3251 3160 3593 3217 compertum

317 3244 644 3300 declaravit.
675 3244 779 3299 Hie
821 3244 1125 3314 logotheta,
1161 3241 1309 3297 velut
1369 3240 1573 3311 apertis
1628 3238 1731 3293 sibi
1768 3251 1901 3290 oett-
1929 3210 1974 3272 Ο
2009 3256 2130 3292 cum
2168 3238 2361 3292 teneri.
2417 3238 2799 3307 Deincepsque
2845 3241 3049 3294 sensim
3104 3240 3328 3308 plurimi
3380 3240 3448 3293 ab
3477 3240 3598 3306 ejus

310 3341 404 3403 iis,
426 3341 584 3410 prius
606 3353 719 3393 non
743 3336 1189 3392 animadversam
1208 3336 1433 3390 intuens
1451 3335 1650 3395 labem,
1677 3339 1899 3400 aspectu

309 3435 559 3498 resiliit,
600 3433 869 3503 verbique
926 3431 1147 3485 insidiis
1214 3439 1466 3499 opertum
1522 3429 1726 3483 malum
1776 3438 1901 3478 cum

308 3528 555 3598 primum
588 3531 919 3597 agnosceret
940 3523 1205 3578 detestari
1237 3537 1296 3577 se
1324 3521 1629 3590 professus,
1653 3523 1904 3575 niaximaa

311 3624 685 3694 patriarcham
747 3619 982 3675 inscitia:
1031 3616 1355 3677 damnavit;
1395 3631 1504 3670 nec
1558 3614 1733 3667 abfuit
1770 3615 1902 3682 quin

313 3722 615 3786 prepagata
662 3727 726 3767 ea
766 3728 853 3766 res
906 3710 963 3764 in
1000 3708 1247 3762 notitiam
1300 3707 1597 3759 multorum
1646 3704 1793 3757 brevi
1836 3704 1901 3757 ad

312 3826 482 3865 aures
537 3805 894 3875 imperatoris
936 3803 1270 3872 perveniret,
1308 3799 1403 3869 qui
1446 3811 1503 3852 et
1537 3799 1649 3865 ipse
1686 3799 1738 3851 in
1780 3813 1908 3851 sen-

313 3920 436 3959 sum
482 3915 691 3956 arcane
753 3912 984 3968 pravum
1015 3894 1311 3950 verborum
1354 3893 1488 3946 torui
1521 3893 1905 3957 ambiguorum

315 3994 483 4049 facile
524 4000 609 4047 tot
636 3991 752 4060 jam
806 3987 1224 4060 agnoscentium
1258 3986 1543 4039 admonitu
1589 3993 1907 4054 penetrans,

316 4088 640 4154 multosque
678 4097 744 4137 ac.
797 4094 1031 4151 magnos
1068 4078 1219 4134 viros
1266 4092 1502 4132 cernens
1553 4079 1604 4129 in
1636 4076 1909 4144 culpando

316 4179 454 4235 ιοιηί
492 4180 643 4239 loco,
693 4175 903 4230 clarius
942 4188 973 4227 a
1031 4170 1216 4226 Marco
1265 4185 1582 4234 expressam
1619 4169 1910 4225 obscurius

318 4282 613 4330 astruente
647 4270 1006 4333 sententiam,
1038 4264 1289 4320 iinauimi
1323 4279 1556 4318 assensu
1591 4264 1908 4327 convenire,

320 4365 573 4421 decrevit
622 4378 748 4416 cum
808 4368 1063 4429 Oportere
1128 4371 1369 4426 congrua
1423 4355 1808 4410 emendatione
1856 4355 1910 4408 in

321 4474 550 4514 sensum
578 4453 902 4509 orthodoxa:
924 4450 1191 4506 doctrinae
1214 4463 1379 4519 quam
1403 4446 1912 4501 accmumodatissi-

2008 3332 2400 3386 communione
2451 3346 2510 3383 se
2576 3331 3018 3394 abscindebaut,
3073 3344 3133 3384 ut
3194 3333 3435 3386 hominis
3487 3347 3593 3386 non

2008 3422 2317 3491 ignorantia
2366 3422 2577 3477 scilicet
2614 3422 2777 3490 lapsi,
2818 3436 2912 3476 aut
2943 3423 2997 3476 in
3041 3432 3197 3490 raptu
3244 3423 3442 3478 mentis
3484 3423 3594 3477 alio

2012 3527 2238 3570 attenta:
2270 3531 2417 3570 (ξιξερο
2443 3530 2538 3583 per
2570 3515 2842 3569 lubricum
2869 3515 3105 3581 impulsu
3133 3516 3186 3570 in
3223 3517 3433 3571 ruinam
3461 3533 3597 3585 pra:-

2008 3607 2243 3675 ripitati,
2271 3606 2365 3660 sed
2395 3615 2543 3662 certa
2579 3606 2810 3661 scientia
2842 3605 3060 3676 ﬁxaque
3090 3607 3259 3660 animi
3293 3608 3594 3677 pertinacia

2011 3715 2257 3753 errorem
2297 3700 2666 3769 amplcxantis
2697 3715 2885 3755 suum.

2011 3815 2145 3878 5,6.
2208 3815 2282 3867 De
2333 3815 2656 3880 patriarchis
2720 3814 3087 3869 Alexandrino
3147 3825 3194 3869 et
3252 3816 3592 3873 Antiocheno.

2122 3884 2357 3939 Secessio
2408 3885 2731 3950 patriarcha:
2769 3885 3014 3951 Gregorii
3064 3903 3092 3939 e
3132 3888 3485 3955 patriarcltio.

2085 3979 2210 4031 Haec
2248 3978 2573 4047 patriarchae
2609 3979 2959 4032 contumacia
2993 3987 3051 4031 ut
3076 3979 3292 4033 cunctis
3318 3980 3596 4034 videretur

2012 4070 2434 4131 intolerabilior,
2460 4068 2733 4122 faciebant
2756 4085 2876 4138 quzc
2905 4070 3068 4138 paulo
3098 4071 3254 4138 prius
3287 4070 3338 4123 in
3369 4087 3598 4126 summa:

2014 4164 2297 4232 dignitatis
2347 4164 2808 4231 auctoritatisque
2850 4176 3117 4231 personas
3152 4162 3508 4229 severissime
3543 4164 3598 4218 in

2014 4256 2119 4309 hoc
2158 4270 2357 4322 genere
2392 4256 2476 4323 agi
2511 4270 2705 4307 omnes
2747 4255 3015 4309 viderant.
3051 4253 3106 4308 In
3154 4256 3360 4309 recenti
3398 4256 3600 4325 quippe

2019 4346 2286 4399 memoria
2343 4345 2670 4397 versabatur
2727 4359 2888 4412 quam
2945 4346 3094 4397 nulla
3152 4346 3351 4400 fuisset
3416 4346 3599 4399 habita

2017 4440 2156 4493 ratio
2181 4438 2423 4502 virtutis,
2442 4437 2705 4492 doctrinae
2731 4437 3043 4506 gradusque
3066 4438 3371 4506 conspicui,
3406 4438 3608 4506 quibus

325 4562 475 4601 mum
505 4541 803 4598 reformari
836 4554 850 4594 :
881 4557 988 4595 non
1011 4542 1158 4593 enim
1184 4554 1306 4595 esse
1334 4544 1789 4600 consentaneum,
1819 4534 1913 4604 qui
1944 4555 1992 4616 ο
2021 4529 2495 4597 Constantinopoli
2538 4530 2894 4598 peregrinaris
2946 4528 3226 4583 eminebat
3267 4530 3605 4585 Athanasius

323 4641 468 4693 alios
499 4634 829 4690 deiectionis
853 4648 886 4688 a
921 4647 1049 4686 vera
1079 4631 1184 4685 ﬁde
1212 4636 1565 4692 accusarent,
1598 4627 1717 4698 ejus
1744 4628 1916 4696 ipsius

322 4728 501 4784 teneri
557 4727 852 4781 convictos
909 4723 1194 4787 criminis;
1240 4731 1404 4791 atque
1457 4720 1594 4773 adeo
1649 4720 1738 4772 isti
1773 4718 1917 4772 malo

319 4820 578 4878 curando
608 4818 662 4872 id
694 4817 958 4871 adbibere
987 4830 1086 4885 pro
1115 4815 1380 4877 remedio,
1407 4812 1555 4884 quod
1587 4814 1763 4882 ipsum
1798 4826 1921 4866 esse

326 4918 540 4972 malum
575 4911 1105 4981 deprehenderetur.
1142 4905 1295 4962 Talia
1328 4906 1458 4961 dum
1510 4906 1686 4975 primo
1721 4905 1921 4959 mussi-

323 5013 602 5066 tarentur,
632 4999 831 5055 deinde
869 4999 1079 5053 sensim
1138 4997 1601 5060 increbescereut,
1646 4996 1788 5047 haud
1826 4995 1918 5046 diu

325 5106 565 5169 potuere
618 5091 890 5147 occultari
936 5090 1285 5159 patriarchae.
1323 5089 1493 5142 Audit
1531 5089 1640 5141 cito
1681 5104 1792 5140 rem
1841 5099 1922 5142 to-

328 5199 466 5251 tam,
508 5196 564 5241 et
595 5183 731 5254 quid
770 5194 1058 5267 pararetur
1112 5182 1452 5250 intelligens,
1493 5180 1544 5232 in
1576 5179 1922 5233 contumeliae
1960 5244 1963 5247 Α

324 5295 433 5334 non
488 5273 805 5332 tolerabilis
847 5279 1003 5343 parte
1053 5272 1364 5325 numeravit
1425 5285 1484 5324 se
1520 5278 1669 5323 tanta
1716 5286 1779 5323 ex
1813 5278 1920 5323 tam

326 5372 503 5425 mnl'o
561 5365 891 5434 theologica:
954 5363 1115 5434 120
1180 5363 1446 5417 doctrinae
1512 5362 1922 5417 existimatione

329 5464 630 5519 Subnixnm
686 5457 941 5512 accusari
986 5455 1352 5508 aberrationis
1382 5470 1410 5506 a
1446 5453 1704 5522 dogmate
1729 5454 1921 5508 ortho-

328 5557 492 5615 doxo,
543 5550 808 5619 ejusque,
839 5558 898 5600 ut
951 5546 1036 5599 sui
1069 5545 1288 5614 quidem
1343 5544 1643 5598 adversarii
1691 5557 1922 5612 persua-

327 5652 455 5699 dere
478 5630 850 5701 conarentur,
895 5638 1058 5707 longe
1088 5636 1430 5705 gravissimae
1464 5651 1529 5691 ac
1568 5638 1920 5705 turpissimae.

324 5742 512 5805 Quare
570 5736 640 5790 ad
703 5735 857 5787 hunc
919 5731 1011 5783 tali
1056 5729 1431 5798 indignatione
1479 5738 1921 5797 praeoccupatum

324 5848 446 5888 cum
488 5828 778 5884 venissent
800 5823 898 5897 qui
927 5833 1186 5892 rogarent
1215 5831 1273 5877 ut
1306 5823 1423 5893 ipse
1457 5822 1918 5892 corrigeretquod

2019 4622 2428 4678 Alexandrinus
2471 4622 2813 4692 patriarcha,
2866 4639 2992 4675 cum
3032 4624 3184 4676 illum
3238 4625 3604 4679 ecclesiastici

2020 4717 2237 4771 volente
2299 4716 2629 4784 imperatore
2679 4716 3167 4772 vehementissime
3221 4728 3483 4771 urserunt
3539 4717 3604 4771 ad

2019 4808 2488 4876 subscriptionem
2521 4808 2677 4868 torui,
2709 4808 3056 4875 gravissimis
3084 4807 3308 4862 inﬂictis
3331 4809 3607 4863 recusanti

2019 4900 2222 4966 poenis,
2268 4914 2445 4963 usque
2488 4898 2554 4952 ad
2604 4901 2779 4967 ipsam
2833 4899 3162 4968 ejectiunem
3218 4900 3272 4953 in
3325 4900 3605 4955 exsilium.

2021 4994 2232 5059 Quibus
2264 4992 2354 5044 illc
2389 4990 2553 5044 minis
2587 4991 2861 5060 malisque
2894 5007 3002 5044 non
3045 5000 3353 5060 pertractus
3384 4993 3605 5063 quidem

2023 5098 2254 5154 prorsus
2303 5090 2385 5136 est
2423 5097 2487 5136 eo
2538 5098 2649 5150 quo
2690 5082 3072 5149 impellebatur
3118 5100 3134 5137 :
3174 5092 3356 5138 tamen
3412 5085 3608 5139 acerba

2024 5176 2259 5244 plurima
2318 5190 2633 5244 perpessus,
2675 5179 2896 5230 tandem
2949 5177 3138 5245 aliquo
3188 5178 3356 5231 modo
3391 5179 3612 5233 satisfa-

2023 5284 2149 5323 cere
2177 5268 2415 5329 curavit,
2454 5268 2690 5339 allegata
2716 5271 3078 5324 excusatione
3126 5272 3425 5341 plausibili,
3462 5273 3610 5327 haud

2025 5375 2186 5415 suum
2220 5375 2362 5425 esse,
2394 5362 2635 5416 hominis
2665 5362 2822 5432 longe
2853 5378 2881 5416 a
2912 5378 3011 5416 sua
3045 5364 3285 5420 Ecclesia
3311 5366 3477 5418 vitam
3515 5380 3610 5434 pe-

2025 5469 2183 5523 regre
2235 5454 2501 5523 privatam
2534 5456 2843 5520 actitautis,
2881 5456 3152 5525 scriptum
3197 5459 3448 5526 praesidis
3492 5459 3611 5526 ejus

2026 5545 2181 5599 urbis
2205 5545 2258 5598 in
2287 5560 2394 5614 qua
2436 5547 2549 5614 ipse
2576 5547 2777 5616 hospes
2812 5548 3056 5618 degeret,
3107 5549 3320 5618 judicio
3347 5563 3448 5603 suo
3479 5548 3612 5603 sub-

2023 5638 2213 5705 jicere,
2249 5637 2395 5705 quod
2434 5638 2687 5692 facturus
2720 5640 3031 5705 videretur,
3079 5641 3125 5695 si
3174 5655 3334 5694 suum
3377 5639 3515 5693 illia
3554 5656 3614 5695 se

2028 5729 2171 5783 lecto
2198 5729 2553 5784 subscribere
2585 5747 2784 5786 nomen
2821 5742 3120 5789 attentaret
3143 5732 3195 5800 in
3238 5733 3454 5801 signum
3481 5748 3612 5785 seu-

2031 5822 2210 5878 tcutiae
2250 5823 2315 5878 de
2346 5824 2466 5894 ipso
2496 5842 2627 5893 suae,
2664 5827 2968 5895 praesertim
2990 5842 3114 5882 cum
3148 5826 3380 5895 probare
3414 5825 3614 5880 librum
