4094 6438
606 380 710 440 13:9

1802 366 2124 436 GEORGII
2173 369 2651 438 PACHYMERIE
3745 383 3831 445 140

599 492 667 566 ἦν
723 497 971 568 ἀπαντᾷν
1010 498 1092 560 εἰς
1144 495 1346 567 κρίσιν.
1381 494 1545 548 Ὅθεν
1586 495 1680 546 καὶ
1736 492 1939 564 ὥριστο
1990 493 2092 562 μὲν
2144 495 2177 562 ἡ
2209 497 2254 555 Α
2283 497 2383 566 τὴν
2414 496 2711 565 ὁμολογίαν
2749 497 2849 566 τῆς
2907 497 3143 566 φύσεως,
3178 496 3254 558 ὡς
3303 494 3487 567 ἔχουσι
3521 502 3832 570 φαινομένων

542 622 545 624 -
599 589 804 658 ἡμέρα,
836 588 1039 659 ὥριστο
1066 590 1109 641 δ’
1147 591 1176 641 ὁ
1203 588 1389 651 τόποςο
1417 589 1446 641 ὁ
1478 586 1523 640 δ’
1548 584 1615 658 ἦν
1642 587 1704 639 τὸ
1733 586 1876 656 μέγα
1904 585 2000 639 τοῦ
2027 587 2181 656 βασι-

597 677 734 739 λέως
759 679 934 730 παλαι
947 695 1047 730 ιον.
1099 677 1417 730 Ἐτάττοντο
1448 678 1496 731 ol
1536 677 1748 747 κριταὶ,
1780 678 1831 729 οι
1864 677 2181 746 κατηγορή-

594 782 781 829 σοντες
809 766 1191 837 ἡτοιμάζοντο·
1220 766 1268 818 oi
1296 764 1340 818 δ’
1364 761 1505 836 ἦσαν
1532 766 1579 818 οἱ
1609 765 1923 835 σχισθέντες
1942 765 2177 827 ἐκείνου,

592 860 707 912 ὅσοι
755 877 815 912 τε
867 859 976 911 τῶν
1003 858 1311 928 ἀρχιερέων
1344 858 1437 911 καὶ
1468 858 1585 911 ὅσοι
1620 857 1731 911 τῶν
1764 856 2070 928 κληρικῶν.
2098 856 2180 909 Τὰ

595 954 759 1007 πάντ’
788 952 1053 1022 εὐτρεπῆ,
1083 951 1192 1003 ἔδει
1218 951 1273 1004 δὲ
1303 950 1581 1004 συνελθεῖν
1610 952 1706 1003 καὶ
1738 951 1921 1020 μόνον.
1960 950 2049 1013 Ὧς
2071 951 2114 1003 δ’
2145 951 2178 1017 ἡ

595 1047 761 1115 κυρία
790 1046 1041 1115 παρέστη
1072 1046 1168 1097 καὶ
1195 1046 1445 1115 ἀπαντᾴν
1472 1043 1580 1097 ἔδει
1616 1044 1695 1107 είς
1720 1041 1918 1096 ταυτὸν
1949 1041 2175 1105 πάντας,

590 1137 655 1210 [Ρ
686 1137 780 1210 84]
814 1138 974 1201 αὐτὸς
1013 1138 1233 1206 σύναμα
1273 1140 1388 1200 τοῖς
1433 1137 1570 1206 ἀμφ’
1603 1137 1767 1189 αὐτὸν
1806 1135 2177 1205 πρωῖαίτερον

591 1229 940 1301 ὲτοιμασθεὶς
979 1229 1218 1298 ἔφιππος
1247 1230 1343 1282 σὺν
1375 1229 1635 1297 ὲφίπποις
1672 1228 1810 1299 πρὸς
1833 1228 1896 1280 τὸ
1917 1227 2178 1281 παλάτιον

2288 590 2393 641 καὶ
2418 587 2494 660 μὴ
2523 590 2599 653 ὡς
2638 588 2909 655 λέγονται,
2943 587 3119 642 ταῦτα
3159 590 3449 657 σκοπήσας
3469 627 3485 652 ,
3523 591 3618 644 καὶ
3650 594 3833 661 μᾶλλον

2286 680 2366 731 ὅτι
2396 681 2510 741 τοῖς
2541 680 2942 733 καταϐαλοῦσιν
2974 680 3075 733 οὐκ
3118 680 3199 743 είς
3225 681 3469 747 ἀσφαλὲς
3498 682 3669 752 πάντη
3696 694 3833 755 περι-

2287 769 2447 839 σταίη
2498 773 2566 825 ἂν
2598 771 2659 824 τὸ
2693 771 2937 842 πραχθὲν
2994 771 3072 833 ὡς
3123 773 3204 835 είς
3253 771 3541 843 ὀϐελισμδν
3573 776 3836 845 ἀγομένοις

2283 858 2371 911 διὰ
2423 860 2523 930 τὴν
2561 860 2657 914 τοῦ
2686 859 3065 932 χειροτονητοῢ
3099 860 3473 929 παραϐασίαν,
3509 865 3605 916 καὶ
3657 863 3836 933 μᾶλλον

2283 956 2366 1008 ὅτι
2398 954 2494 1007 καὶ
2526 953 2589 1005 τὸ
2618 954 2924 1023 ἐπισφαλὲς
2956 953 3356 1022 ὁμολογοῦντες
3389 954 3724 1024 ὑπέγραψαν,
3752 957 3838 1009 οὐκ

2283 1047 2498 1117 ἔκρινεν
2543 1049 2624 1110 είς
2659 1047 2938 1117 συμφέρον
2991 1048 3248 1116 γενέσθαι
3295 1049 3393 1117 τὴν
3447 1049 3647 1118 κρίσιν.
3696 1049 3839 1102 Ὅθεν

2284 1137 2379 1191 καὶ
2432 1137 2659 1207 πέμψεις
2696 1139 2924 1209 ἀπήρτα
2954 1138 3054 1209 τὴν
3081 1138 3442 1193 διαδικασίαν.
3474 1140 3582 1192 Καὶ
3611 1138 3715 1208 γὰρ
3760 1140 3839 1191 καὶ

2281 1230 2329 1280 oi
2359 1228 2631 1283 ἀντίθετοι
2660 1229 2838 1301 τούτῳ
2872 1230 3091 1299 εὐφυῶς
3116 1228 3495 1298 ἀπεκρούοντο
3521 1230 3589 1281 τὰ
3612 1230 3705 1297 τῆς
3730 1231 3838 1296 npt-

586 1323 828 1394 ἀπαντᾷ,
867 1322 959 1376 καί
1001 1338 1105 1375 που
1166 1322 1461 1391 ἱστάμενος
1510 1321 1615 1386 ἔξω
1645 1321 1722 1385 ὡς
1779 1319 1967 1389 ἔτυχεν
2013 1318 2173 1389 ἔχων,

584 1416 757 1485 δήλην
798 1414 876 1485 τῷ
938 1413 1153 1484 βασιλεῖ
1178 1412 1278 1483 τὴν
1313 1415 1584 1484 σφετέραν
1634 1412 1964 1481 ποιούμενος
1992 1409 2177 1477 ἄφιξιν

585 1509 838 1580 ἁπαντᾷν
869 1507 967 1574 τὴν
996 1509 1260 1577 ταχίστην
1311 1506 1409 1559 καὶ
1454 1505 1651 1577 κριτὰς
1697 1505 1792 1557 καὶ
1830 1505 2177 1573 κατηγόρους

587 1600 767 1670 ἠξίου.
823 1599 907 1678 ’0,
936 1599 1123 1668 μέντοι
1177 1614 1243 1666 γε
1301 1595 1555 1667 βασιλεὺς
1602 1595 1917 1665 σοφώτερον
1978 1612 2031 1647 τι
2084 1592 2181 1646 καὶ

588 1692 890 1764 βαθύτερον
926 1690 1151 1755 ἐννοῶν,
1183 1690 1259 1755 ὼς
1288 1689 1577 1758 γεγονυίας
1608 1688 1710 1757 τῆς
1747 1685 2035 1750 διαλέξεως
2084 1685 2178 1736 οὐ·
2284 1691 2410 1753 τοὺς
2436 1688 2481 1741 δ’
2513 1687 2769 1742 ἐντεῦθεν
2798 1691 3087 1757 ὁμολογεῖν
3139 1690 3365 1759 εὐσεϐῆ,
3401 1690 3494 1743 καὶ
3542 1687 3733 1758 μηδένα
3761 1687 3840 1739 τὸν

586 1787 676 1840 δὲν
705 1786 844 1848 ὅλως
872 1785 1113 1856 χωρήσει
1133 1782 1255 1838 κατ’
1279 1781 1443 1853 ὀρθὸν
1464 1782 1526 1833 τὸ
1553 1781 1810 1850 πρᾶγμα.
1843 1778 1919 1841 ὡς
1949 1777 2179 1846 θάτερον
2285 1780 2582 1850 δισταγμὸν
2627 1779 2721 1833 ἐπὶ
2757 1781 3053 1846 ταῖςσαῖς,
3091 1782 3247 1852 φησι,
3285 1780 3477 1850 φέρειν
3513 1778 3710 1843 δόξαις,
3763 1779 3842 1846 μό-

589 1877 796 1944 ἀμφοῖν
827 1873 1107 1943 γενέσθαι,
1136 1872 1170 1942 ἢ
1194 1873 1404 1925 ὶκεῖνον
1430 1870 1673 1940 φανέντα
1695 1867 1863 1923 κακὸν
1881 1866 2178 1938 ἡσυχάζειν
2210 1856 2251 1910 Β
2283 1889 2372 1927 νον
2410 1873 2469 1926 δὲ
2499 1873 2960 1943 “assensum”
2982 1874 3075 1927 διὰ
3113 1873 3177 1926 τὸ
3201 1872 3296 1927 τοῦ
3326 1872 3559 1943 Μάρκου
3600 1870 3837 1939 γράμμα.

585 1971 620 2041 ἢ
675 1968 918 2031 ἐκείνους
964 1965 1236 2029 διαὸολεὶξ
1275 1963 1588 2041 ὁμολογεῖν,
1616 1962 1780 2017 ’ἀλλὰ
1831 1962 2178 2030 παραμένειν
2281 1964 2309 2017 ὃ
2331 1966 2426 2018 καὶ
2452 1964 2615 2027 αὐτὸς
2648 1966 2714 2019 σὺ
2745 1964 2959 2034 φθάσας
2996 1965 3259 2028 πολλάκις
3291 1966 3416 2027 ταῖς
3452 1962 3736 2022 ἀποδολαίς
3763 1960 3838 2011 δὲ-

587 2064 684 2116 καὶ
709 2058 866 2125 αὖθις
896 2060 958 2114 τὸ
991 2058 1310 2124 σκάνδαλον,
1342 2056 1565 2125 φύσεως
1593 2054 1828 2127 ἐχόντων
1860 2055 1972 2108 τῶν
2005 2053 2180 2121 λόγων
2280 2055 2459 2117 δωκας
2484 2053 2559 2117 ὡς
2588 2055 2742 2125 παρὰ
2781 2056 2842 2108 τὸ
2878 2054 3037 2124 ὀρθὸν
3074 2055 3332 2109 συντεθὲν
3359 2054 3461 2123 τῆς
3489 2050 3673 2122 κοινῆς
3693 2047 3839 2115 δόξης

584 2155 765 2224 λόγοις
824 2152 1117 2223 μάχεσθαι,
1172 2150 1248 2215 ὡς
1282 2150 1630 2220 πραγμάτων
1663 2150 1758 2202 καὶ
1807 2148 1987 2218 μόνων
2035 2142 2179 2200 εἶναι
2281 2148 2379 2218 τῆς
2428 2148 2779 2220 Ἐκκλησίας,
2806 2150 2901 2202 καὶ
2924 2148 3016 2201 διὰ
3042 2148 3217 2202 ταῦτα
3237 2146 3455 2202 δίκαιον
3487 2139 3624 2200 εἶναι
3651 2140 3841 2213 βασιλεῖ

2284 1336 2442 1385 σεως,
2468 1320 2569 1373 οὐκ
2594 1322 2676 1383 είς
2713 1323 2994 1392 συμφέρον
3024 1320 3245 1375 ἔσεσθαι
3278 1322 3411 1378 τοὺς
3440 1321 3627 1388 λόγους
3655 1319 3842 1372 πολλῶν

2284 1412 2621 1483 κινηθέντων
2674 1413 3192 1484 διαϐεϐαιούμενοι,
3250 1412 3470 1467 ἔπειθον
3523 1414 3581 1466 δὲ
3638 1411 3839 1483 βασιλέα

2286 1503 2531 1574 πέμπειν
2552 1505 2651 1557 καὶ
2675 1503 2862 1569 ἀξιοῦν
2898 1506 3158 1576 παρέχειν
3186 1504 3431 1558 λίόελλον
3455 1503 3838 1573 παραιτήσεως.

2283 1596 2437 1667 Μηδὲ
2467 1597 2578 1666 γὰρ
2613 1598 2694 1660 είς
2728 1598 3010 1668 συμφέρον
3042 1596 3268 1651 ἔσεσθαι
3307 1597 3408 1667 τὴν
3442 1597 3705 1664 ἐξέτασιν,
3755 1596 3839 1647 αὺ-

556 2334 809 2405 .dignutn
842 2332 936 2403 qui
970 2331 1170 2385 throno
1222 2330 1641 2399 subrogaretur.
1693 2325 1931 2380 Admisit
1979 2339 2180 2394 propo-

584 2427 841 2480 sitionem
875 2424 1198 2492 imperator,
1238 2432 1293 2474 et
1326 2420 1514 2474 missis
1549 2418 1616 2473 ad
1657 2416 1984 2487 Gregorium
2012 2415 2180 2469 certis

590 2517 910 2572 hominibus
946 2515 996 2570 ei
1029 2514 1362 2584 signiﬁcavit
1405 2511 1537 2578 quid
1582 2511 1705 2579 ejus
1749 2508 2050 2563 adversarii
2084 2522 2183 2578 po-

586 2621 825 2667 scerent.
850 2609 965 2665 Hoc
989 2609 1081 2663 ille
1101 2609 1343 2678 cognito,
1362 2605 1796 2675 qualemcunque
1810 2601 2178 2670 arripiendatn

582 2705 931 2760 occasionem
994 2711 1199 2774 putans
1252 2698 1590 2770 turpissimae
1633 2697 1831 2751 inusta;
1874 2709 1978 2750 suo
2024 2693 2180 2761 prius

582 2799 690 2851 late
724 2796 931 2867 inclon
961 2793 1179 2850 nomini
1213 2794 1355 2848 labis
1390 2791 1565 2848 semel
1623 2788 1896 2852 eluendae,
1930 2796 2182 2857 prompte

582 2890 804 2946 admisit
825 2892 971 2959 quod
997 2887 1359 2949 otl’erebatur,
1388 2883 1915 2955 paratisstmumque
1943 2896 2003 2936 se
2028 2879 2181 2934 exhi-

584 2985 702 3038 buit
742 2983 1062 3037 vadimonio
1097 2980 1366 3037 sistendo.
1413 2980 1536 3035 Dies
1591 2979 1719 3033 inde
1767 2978 1912 3033 dicta
1965 2976 2181 3045 iudicio
2284 2976 2607 3031 movebatur
2653 2976 2722 3031 ad
2752 2975 3032 3031 vitandam
3076 2975 3251 3029 aleam
3294 2974 3495 3045 iudicii
3538 2972 3604 3027 de
3645 2966 3838 3024 nomine

585 3086 688 3139 est,
723 3075 1153 3144 designatusque
1178 3073 1334 3128 locus
1360 3086 1620 3141 magnum
1646 3072 1911 3141 palatium
1941 3070 2182 3140 impera-
2283 3084 2446 3139 quem
2478 3068 2585 3138 ipsi
2617 3067 2990 3138 patriarcham
3030 3066 3313 3132 fecissent,
3357 3068 3525 3139 cujus
3553 3073 3696 3120 tomo
3720 3058 3837 3115 sub-

585 3169 740 3224 toris.
778 3167 1148 3222 Nominantur
1179 3165 1420 3235 judires,
1455 3172 1812 3219 accusatores
1846 3178 2179 3232 comparan-
2205 3199 2250 3255 ε
2284 3164 2660 3231 scripsissent,
2694 3162 3039 3217 instituendi.
3070 3160 3208 3216 Nam
3233 3163 3340 3217 hoc
3362 3162 3664 3217 secundum
3697 3166 3838 3207 accu-

552 3273 692 3318 ‘tur.
740 3262 912 3316 Erant
944 3260 999 3315 hi
1036 3269 1315 3331 quotquot
1356 3274 1420 3313 ex
1455 3256 1737 3328 episcopis
1777 3267 1832 3311 et
1860 3256 2078 3311 clericis
2120 3272 2180 3311 se
2209 3242 2250 3255 “’
2286 3254 2530 3310 santiutn
2574 3267 2702 3321 spes
2747 3266 2814 3306 ac
2842 3261 2974 3306 vota
3011 3251 3292 3317 damnato,
3338 3251 3530 3306 statim
3578 3242 3842 3317 apparebat

580 3357 759 3427 palam
785 3369 816 3410 a
847 3329 1118 3425 Gregorio
1142 3329 1522 3422 absciderant.
1547 3351 1741 3405 Parata
1766 3360 1966 3405 cuncta
1991 3359 2177 3416 erant,
2283 3358 2504 3398 errasse
2537 3343 2661 3400 illos
2688 3352 2743 3398 et
2793 3343 3034 3413 pessime
3073 3341 3341 3398 Ecclesia:
3370 3339 3730 3399 consuluisse,
3761 3329 3842 3401 qui

582 3449 638 3502 in
692 3447 979 3516 procinctu
1035 3444 1291 3514 proximo
1348 3450 1679 3498 conventus.
1741 3441 1910 3496 Adest
1972 3452 2179 3520 statuta
2228 3444 2236 3449 ’
2284 3440 2401 3495 suis
2434 3449 2641 3494 temere
2672 3438 2953 3509 suffragiis
2992 3448 3269 3510 suspectat
3302 3438 3577 3493 doctrina:
3607 3434 3771 3487 virum
3798 3426 3841 3476 in

579 3540 725 3604 dies,
754 3553 861 3607 qua
901 3535 1272 3607 congregandi
1307 3549 1500 3589 omnes
1525 3534 1580 3588 in
1618 3534 1740 3589 loco
1780 3534 2183 3603 exspectaban-
2287 3534 2543 3587 thronum
2569 3534 2903 3598 evexissent,
2936 3533 3082 3588 unde
3105 3542 3295 3604 postea
3323 3531 3667 3602 deprehensa
3692 3524 3841 3591 eiusa

583 3642 691 3685 tur.
726 3629 1023 3684 Universos
1050 3614 1328 3698 pratvertit
1353 3630 1669 3697 patriarcha
1694 3641 1821 3681 cum
1850 3626 1994 3689 suis,
2024 3641 2183 3680 mane
2286 3624 2391 3681 llde
2427 3636 2572 3680 recta
2601 3625 2907 3681 defectione
2933 3625 3279 3696 deiiciendus
3306 3621 3629 3680 necessario
3654 3617 3843 3672 fuisst'l.

585 3721 747 3794 125
774 3723 885 3792 iam
923 3731 1039 3776 tum
1096 3720 1285 3790 primo
1327 3734 1499 3789 eques
1548 3719 1665 3789 ipse
1697 3732 1825 3772 cum
1859 3717 2021 3772 sociis
2055 3719 2182 3772 item
2285 3718 2598 3788 Apparebat
2654 3725 2709 3773 et
2757 3719 2965 3773 erroris
3002 3718 3073 3771 ob
3105 3732 3269 3787 quem
3317 3717 3365 3771 is
3408 3718 3692 3773 damnatus
3719 3712 3846 3761 esset

581 3815 865 3884 eqtntibns
912 3813 979 3866 ad
1029 3824 1291 3880 magnum
1328 3809 1596 3880 palatium
1634 3810 1925 3879 expeditus
1974 3823 2172 3863 occur-
2286 3808 2432 3862 baud
2464 3807 2635 3863 fuisse
2668 3809 2940 3863 immunes
2971 3809 3219 3873 eosdem,
3248 3816 3445 3877 utpote
3478 3806 3571 3878 qui
3598 3802 3749 3860 verba
3770 3796 3846 3850 illa

584 3917 734 3957 rens.
773 3901 853 3955 Ac
886 3901 977 3955 ubi
1016 3898 1256 3969 primum
1308 3897 1582 3968 palatinos
1637 3897 1921 3951 ministros
1953 3896 2182 3965 reperit,
2285 3910 2567 3970 suspecta,
2604 3899 2708 3955 sub
2732 3899 2935 3969 quibus
2970 3899 3197 3953 latuisse
3228 3900 3484 3955 heresim
3514 3890 3838 3968 postmodum

582 3994 919 4056 consistens,
946 3991 1386 4059 nuntiarejnssit
1423 3991 1745 4060 imperatori
1787 4006 1948 4044 suum
1984 3990 2185 4043 adven-
2285 3996 2388 4065 ipsi
2424 3997 2817 4064 agnovissent,
2869 3994 3029 4064 126
3076 4008 3177 4048 sua
3220 3994 3577 4049 resignasse";
3620 3982 3842 4043 sultscriv

585 4097 722 4151 tum,
784 4098 1084 4154 rogareqne
1135 4098 1164 4137 a
1206 4090 1376 4138 se’ut
1416 4081 1633 4150 iudices
1666 4080 2079 4149 quamprimum
2130 4090 2184 4133 et
2286 4084 3368 4158 piioneinconsultissimcllrttiare.Quo
3393 4098 3627 4155 utroque
3648 4077 3843 4134 nomine

584 4187 931 4233 accusatores
975 4177 1127 4230 coire
1163 4191 1294 4230 suos
1334 4175 1514 4229 vellet.
1552 4171 1751 4228 Verum
1786 4174 2086 4242 imperator
2126 4189 2185 4228 re
2286 4179 2418 4250 quin
2447 4195 2636 4249 poenas
2674 4179 2935 4235 Ecclesia:
2956 4178 3238 4240 deberent,
3272 4194 3384 4233 non
3412 4179 3683 4233 videretur
3703 4180 3844 4240 posse

548 4280 552 4284 ’
590 4270 858 4324 attentius
893 4266 1245 4323 considerata
1272 4276 1581 4320 mutaverat
1624 4266 1976 4320 sententiam.
2010 4265 2185 4333 llepe-
2287 4273 2550 4328 dubitari,
2614 4270 2712 4327 His
2770 4271 3031 4328 secundis
3080 4270 3513 4341 cogitationibus
3567 4268 3633 4323 de
3692 4256 3843 4333 priori

585 4372 709 4415 tens
762 4360 910 4413 enim
973 4356 1238 4411 memoria
1296 4369 1617 4410 successum
1671 4355 1871 4409 similis
1922 4355 2178 4425 colquuii

2288 4375 2421 4420 tunc
2466 4364 2700 4419 consilio
2745 4364 3028 4419 detractus
3065 4362 3441 4428 Andronicus,
3469 4375 3593 4416 cum
3635 4354 3843 4411 misisset

585 4465 711 4507 cum
757 4446 938 4504 Vecco
995 4449 1191 4510 habiti,
1242 4462 1306 4501 ex
1353 4462 1465 4515 quo
1512 4447 1648 4500 nihil
1698 4448 1830 4501 utile
1878 4448 1942 4499 ad
1997 4462 2182 4517 pacein
2288 4456 2382 4527 qui
2419 4456 2615 4526 iudicii
2652 4464 2979 4526 apparatum
3012 4453 3357 4530 disiicerent,
3391 4452 3535 4508 haud
3570 4447 3784 4504 multum
3815 4437 3845 4490 ii

586 4544 847 4597 Ecclesia:
879 4542 1244 4612 provenisset,
1278 4538 1800 4607 iacileintolligebat
1826 4541 1968 4592 haud
2010 4539 2177 4607 majn-
2214 4555 2262 4615 υ
2290 4558 2659 4615 repugnantes
2715 4545 3044 4599 invenerunt
3108 4556 3460 4599 accusatores
3519 4533 3845 4610 patriarcha.

588 4648 700 4689 rem
741 4633 1049 4705 exspectari
1106 4632 1308 4688 debere
1341 4641 1645 4686 conventus
1693 4633 1858 4697 hujus
1914 4630 2183 4686 fructum.
2287 4635 2352 4689 Hi
2381 4638 2528 4691 enim
2566 4651 2728 4689 suum
2762 4650 2986 4705 quoque
3024 4636 3266 4704 ipsorum
3307 4635 3364 4688 in
3405 4633 3497 4688 tali
3532 4642 3694 4686 causa
3727 4617 3846 4676 ver”

586 4732 830 4783 Alterum
866 4727 1011 4781 enim
1046 4724 1357 4780 necessario
1384 4734 1727 4788 secuturum,
1765 4734 1822 4778 ut
1850 4734 1947 4777 aut
1978 4722 2184 4792 Grego-
2287 4727 2595 4795 periculum
2629 4725 3043 4790 intellexerant,
3077 4726 3237 4779 veriti
3272 4739 3341 4780 ne
3383 4723 3569 4783 motis.
3602 4728 3660 4773 ut
3697 4715 3771 4778 ﬁt.
3793 4723 3849 4761 νει

586 4826 701 4875 rins
737 4832 996 4889 peccasse
1034 4819 1317 4888 judicatus
1348 4817 1586 4887 indeque
1626 4817 1886 4871 redactus
1940 4817 1992 4869 in
2032 4818 2183 4870 ordi-
2284 4817 2582 4873 occasione
2625 4816 2817 4873 multis
2855 4818 3060 4887 aliquid
3090 4817 3462 4887 detegeretur,
3515 4811 3658 4884 quod
3705 4818 3851 4877 grave

556 4922 713 4967 ‘netn
747 4912 996 4983 privatus
1032 4911 1261 4972 viveret,
1295 4917 1392 4963 aut
1427 4909 1601 4978 ipsius
1636 4908 1817 4976 palam
1862 4909 2179 4962 innocentia
2280 4912 2420 4981 ipsis
2453 4911 2714 4964 damnum
2763 4918 3093 4965 accerseret.
3131 4909 3546 4966 Contirmarunt
3592 4918 3719 4972 ergo
3765 4912 3849 4949 cn—

588 5013 875 5076 perspccta
899 5004 1022 5072 eius
1047 5002 1352 5056 adversarii
1381 5000 1627 5054 infamia:
1662 5014 1726 5054 ac
1755 5001 1933 5069 pinnis
1966 5000 2178 5054 calunt-
2262 5004 2405 5072 -pide
2442 5003 2833 5071 imperatorem
2875 5003 2930 5055 in
2973 5016 3112 5057 nova
3161 5000 3441 5057 sententia
3476 4995 3667 5067 iudicii
3705 4990 3851 5043 omit-

586 5099 867 5152 niatorutn
942 5096 1314 5164 subiacerent.
1371 5090 1660 5149 Utrumvis
1718 5100 1899 5145 antem
1961 5093 2180 5145 contin-
2281 5095 2456 5159 tendi,
2492 5094 2949 5164 auctoresqueilli
2982 5094 3137 5149 fuere
3169 5092 3421 5147 mittendi
3450 5084 3849 5156 adGregoriutn

562 5200 759 5260 υκαι-ει,
796 5203 1115 5243 mansurum
1154 5185 1521 5240 nihilominus
1553 5182 1813 5239 Ecclesia:
1836 5183 2180 5247 scandalum,
2281 5186 2375 5255 qui
2416 5186 2667 5239 libellum
2702 5186 3074 5240 abdicationis
3124 5186 3274 5240 sedis
3322 5184 3393 5237 ab
3437 5198 3505 5238 eo
3554 5177 3849 5249 pusca-rent.

586 5300 687 5337 iiut:
723 5280 1013 5337 remissius
1042 5279 1303 5334 saevitura
1339 5276 1642 5330 rixantium
1671 5275 1877 5343 iurgia,
1907 5289 2032 5329 cum
2056 5290 2178 5329 ser-
2282 5285 2549 5347 praetextu
2589 5279 2769 5347 ipsius
2820 5278 2980 5332 famae
3015 5275 3359 5332 consulendi.
3404 5274 3541 5329 Cum
3580 5270 3722 5325 enim
3753 5262 3852 5316 sint

551 5378 557 5385 '
588 5390 781 5430 mones
816 5386 1093 5442 opponere
1127 5368 1500 5431 sermonibus,
1539 5379 1592 5421 ct
1626 5379 1825 5421 natura
1861 5376 2174 5436 pretnptutn
2282 5372 2546 5439 ancipites
2578 5372 2911 5440 iudiciorum
2944 5374 3144 5433 exitus.
3183 5370 3369 5424 videre
3409 5364 3654 5436 profecto
3685 5359 3846 5426 ipsum

582 5476 636 5517 et
677 5480 777 5517 usu
822 5475 887 5517 ac
932 5462 1153 5515 licentia
1192 5460 1466 5513 inﬁnitum
1515 5456 1606 5519 sit,
1656 5457 1930 5526 siquidem
1970 5458 2059 5510 ubi
2091 5473 2177 5511 res
2282 5480 2446 5532 quant
2503 5464 2641 5517 foret
2696 5465 2799 5518 Sibi
2849 5473 3007 5533 turpe
3052 5462 3327 5516 damnari.
3387 5457 3643 5513 Victoriae
3677 5459 3845 5504 autem

558 5557 739 5621 λινδερ,
791 5570 911 5622 qua:
958 5551 1368 5606 controversias
1407 5550 1586 5618 palam
1636 5549 1895 5603 exhibita!
1936 5550 2177 5615 linit-ent,
2278 5558 2500 5609 incerta;
2532 5558 2771 5610 {rm-tum
2803 5568 3016 5610 ccum“
3054 5556 3166 5624 iam
3216 5570 3364 5609 nunc
3399 5553 3539 5607 cura
3586 5549 3846 5601 certamen

586 5664 695 5704 non
743 5648 1101 5716 proferuntur
1152 5644 1256 5698 nisi
1312 5643 1536 5696 lanatae
1577 5640 1793 5706 lortnis,
1846 5641 2045 5711 quibus
2085 5659 2178 5697 eas
2278 5650 2506 5704 nu‘erri:
2546 5652 2941 5719 pt'mniltelmnt
2964 5650 3192 5719 quippe.
3221 5647 3387 5703 είιιιιιι
3419 5648 3491 5700 ab
3527 5659 3592 5697 eo
3626 5630 3852 5700 accepis-

586 5740 977 5794 disserentium
1007 5736 1186 5791 oratio
1213 5733 1443 5798 fucavit,
1477 5733 1625 5787 nulla
1652 5748 1779 5801 spes
1806 5734 2172 5789 restatlitiutn
2277 5758 2319 5797 si
2342 5752 2401 5795 nt
2438 5743 2709 5799 cessionis
2753 5745 3151 5812 syngrapham,
3189 5757 3249 5797 se
3301 5736 3552 5793 vicissim
3589 5731 3663 5786 illi
3709 5720 3853 5777 testi-

589 5834 978 5895 hnicndarum.
1032 5829 1234 5898 quibus
1286 5829 1615 5884 ἱιιεκὶκιιιειίι
1675 5825 1929 5881 humani"
1981 5828 2176 5899 “"8th
2280 5832 2526 5890 tuonfutn
2561 5838 2941 5891 authenticutn
2985 5838 3237 5902 daturos,
3271 5851 3387 5905 quo
3421 5833 3466 5887 is
3497 5828 3649 5899 plane
3676 5815 3849 5874 ortho-

2281 2332 2592 2403 loquacitas
2650 2331 3044 2403 scaturiginem
3097 2344 3317 2401 semper
3356 2334 3615 2400 suggeret
3657 2332 3840 2380 aeterno

2282 2423 2548 2493 proﬂuvio
2583 2423 2963 2490 sulfecturam,
2990 2439 3098 2479 una
3128 2424 3269 2488 sola,
3295 2424 3395 2479 sed
3428 2422 3629 2478 dudum
3661 2417 3838 2490 ubique

2281 2517 2568 2585 desperata
2624 2515 2943 2569 conditione
2991 2524 3156 2569 certas
3205 2514 3361 2585 pacis
3418 2515 3560 2568 inter
3615 2509 3838 2564 homines

2283 2608 2584 2677 proposita,
2622 2606 2666 2660 si
2702 2615 2891 2676 posset
2919 2606 3059 2662 eﬂici
3090 2617 3150 2662 ut
3189 2608 3256 2662 de
3285 2607 3455 2662 rebus
3486 2612 3645 2675 prout
3673 2610 3835 2655 revera

2282 2710 2432 2763 sunt,
2474 2714 2582 2752 non
2616 2708 2781 2767 prout
2834 2698 3140 2768 pinguntur
3197 2699 3455 2764 dicendo,
3505 2695 3834 2766 judicaretur.

2282 2791 2529 2860 Denique
2584 2791 3029 2846 adversariorum
3091 2788 3370 2860 Gregorii,
3426 2788 3699 2844 hominum
3749 2781 3835 2836 sibi

2282 2883 2602 2949 cbarorum,
2648 2897 2820 2938 causa
2873 2890 2929 2937 et
2980 2882 3230 2952 periculo
3285 2882 3531 2937 maxime
3571 2880 3838 2946 imperator
