4094 6418
576 343 681 407 H3

1764 336 2091 403 GEORGII
2119 335 2601 403 PACHYMERIE

3724 335 3815 400 1M

571 462 752 527 λογεῖν
783 458 984 527 εὺσῶῆ
1020 457 1108 509 τὸν
1132 457 1461 528 Γρηγόριον,
1491 456 1567 519 ὡς
1598 458 1723 527 μηδ’
1749 457 1813 509 ὲκ
1841 455 1934 509 τοῦ
1982 454 2152 524 τόμου
2185 458 2228 512 Α
2257 455 2542 527 προφορᾶς
2583 451 2881 518 παύεσθαι,
2933 452 3035 524 μιᾷ
3091 448 3300 506 νυκτῶν
3364 452 3693 521 συγκαλέσας
3727 458 3812 511 καὶ

570 553 730 604 τόξον
785 547 1287 610 σκανδαλισθέντας
1326 547 1450 600 ὅσον
1491 549 1556 600 ὲκ
1611 547 1709 600 τοῦ
1757 546 1855 599 τοῦ
1905 543 2147 615 μοναχοῦ

573 644 804 711 Μάρεου
862 639 1212 708 γράμματος,
1271 638 1431 709 μόνον
1479 640 1688 690 ἐκεῖνον
1739 636 1960 705 ἕτοιμον
2009 631 2149 688 εἶναι

575 734 766 798 ἠξίουν
796 733 1061 800 παρέχειν
1090 731 1184 782 τὸν
1208 730 1306 798 τῆς
1332 731 1725 798 παραιτήσεως
1744 726 2011 780 λίόελλόν.
2039 726 2151 780 Καὶ

573 825 771 894 ﬁdem;
798 822 977 885 τοῦτο,
1017 824 1066 873 εἰ
1094 816 1206 874 οἷόν
1234 819 1283 873 τ’
1313 814 1402 889 ἦν,
1436 821 1807 891 πληροφορεῐν
1844 821 1939 874 καὶ
1967 820 2150 891 γράμ-

577 933 710 984 μασι
745 916 835 965 τὸν
862 914 1187 983 Γρηγόριον.
1223 913 1286 968 ’0
1317 914 1372 967 δὲ
1412 915 1725 983 πέμψαντος
1752 912 1846 965 τοῦ
1881 912 2152 982 βασιλέως

574 1010 754 1072 λόγοις
788 1004 1158 1074 ἐπληροφόρει
1202 1005 1338 1057 Θεοῦ
1386 1006 1655 1069 ἐναντίον,
1709 1003 1782 1067 ὡς
1839 1004 2018 1071 ἔλεγε,
2075 1004 2153 1072 μὴ

576 1100 780 1166 φθάσαι
814 1095 1037 1159 τούτους
1068 1096 1354 1167 ὁμολογεῖν
1382 1096 1575 1165 ἐκείνῳ
1599 1097 1662 1149 τὸ
1688 1096 1868 1159 σέόας,
1898 1099 2156 1148 κάκεῖνον

574 1192 776 1242 διδόναι
816 1191 876 1241 τὸ
913 1189 1011 1257 τῆς
1044 1189 1433 1257 παραιτήσεως
1477 1188 1776 1258 ἔγγραφον.
1828 1189 1891 1239 Οἱ
1928 1190 2026 1256 μὲν
2060 1186 2153 1240 οὖν

579 1282 710 1350 περὶ
749 1280 840 1332 τὸν
876 1279 1105 1347 Ἐφέσου
1133 1279 1244 1331 οὐδ’
1276 1281 1411 1340 ὅλως
1436 1278 1559 1332 οὗτε
1593 1279 1682 1331 τὸν
1713 1278 1870 1346 λόγον
1909 1279 2156 1348 ἐδέχοντο

577 1374 700 1425 οὐδὲ
731 1373 790 1425 τὸ
826 1373 1062 1442 πρᾶγμα
1098 1371 1378 1441 εὔσχημον
1424 1372 1670 1438 ἔκρινον·
1706 1373 1754 1426 οἱ
1787 1370 1846 1424 δὲ
1891 1372 2019 1442 περὶ
2065 1373 2155 1424 τὸν

575 1463 973 1530 Φιλαδελφείας
1000 1463 1093 1515 καὶ
1136 1465 1283 1532 μάλα
1314 1463 1405 1515 τὸν
1447 1462 1605 1528 λόγον
1631 1459 1855 1531 ἔνορκον
1908 1456 2054 1528 εἶχον
2082 1459 2156 1523 ὼς

578 1555 821 1608 ἐναντίον
855 1554 1105 1623 γίνεσθαι
1136 1553 1432 1623 λεγόμενον
1465 1553 1559 1606 τοῦ
1583 1551 1743 1619 Θεοῦ,
1777 1552 1881 1607 κᾶν
1917 1552 2160 1622 μεταδά-

578 1648 665 1700 lor.
699 1649 814 1715 τὴν
836 1648 1067 1717 γνώμην
1117 1649 1345 1709 ἐκεῖνος,
1392 1645 1591 1708 αὐτοὺς
1642 1646 1790 1716 ἔχειν
1834 1644 2158 1699 τούντεῦθεν

2254 547 2385 618 περὶ
2420 545 2529 599 τῶν
2563 546 2944 616 προκειμένων
2982 547 3083 599 οὐκ
3127 545 3285 615 ὀλίγα
3333 546 3639 612 διεξελθὼν,
3668 548 3810 612 τέλος

2257 641 2332 709 μὴ
2378 638 2730 709 πειθομένοις
2765 638 3069 709 ὀργίζεται,
3096 636 3452 709 σκληρότητα
3484 637 3663 706 σφίσιν
3688 637 3818 692 ὀνει-

2253 733 2416 797 δίζων
2453 734 2548 786 καὶ
2576 735 3039 802 ἁνοικονομησίαν
3064 731 3140 794 ὡς
3175 732 3582 802 ἁναταράσσειν
3619 731 3702 784 ἀεὶ
3728 731 3819 801 τήν

2269 810 2605 896 Ἐκκλησίαν
2659 826 3015 896 ὀρεγομένοις
3060 826 3154 879 καὶ
3203 825 3512 892 ἀνεγείρειν
3562 824 3820 887 κλύδωνας

2260 918 2430 985 μήπω
2469 916 2952 980 κατευνασθέντας
2984 915 3198 993 τέλεον.
3245 914 3556 977 Κάκείνοῡς
3611 915 3706 985 μὲν
3737 915 3823 968 καὶ

2257 998 2426 1076 ἄμφω
2482 1008 2592 1061 ἀπὸ
2645 1007 2943 1078 προσώπου
3000 1005 3634 1076 ποιεῖται.-ὲπισκήψας
3682 1005 3822 1075 σφίσι

2260 1100 2376 1167 μετ’
2424 1099 2749 1169 ὲμϐριθείας
2784 1099 3177 1170 ἐγκλεισθῆναί
3227 1114 3288 1152 τε
3326 1101 3448 1161 ταῖς
3501 1096 3823 1165 καταμοναῐς

2257 1192 2353 1243 καὶ
2388 1191 2687 1260 ἁπροῖτους
2719 1191 2927 1259 μένειν,
2963 1190 3070 1253 ἓως
3113 1186 3175 1244 οὗ
3209 1189 3690 1250 ἀποκαταστάντος
3729 1202 3826 1238 πα-

2256 1282 2517 1352 τριάρχου
2545 1285 2613 1352 τῇ
2665 1282 2966 1353 Ἐκκλησία
3000 1283 3071 1335 τὰ
3120 1284 3244 1336 κατ’
3296 1283 3500 1345 αὐτοὺς
3550 1276 3828 1345 ἐξετασθή-

2261 1389 2468 1432 σονται.
2512 1373 2607 1427 καὶ
2648 1374 2850 1444 μᾶλλον
2898 1374 2970 1428 τὰ
3003 1374 3149 1429 κατὰ
3191 1375 3285 1429 τὸν
3325 1375 3579 1443 Ἐφέσου,
3622 1369 3826 1437 ἐπείτε

2259 1468 2354 1520 καὶ
2385 1465 2589 1535 ἔφθασε
2648 1465 2870 1536 γράψας
2917 1465 3192 1529 Ἀσιανοῖς
3241 1466 3387 1521 κατὰ
3433 1463 3739 1535 Γρηγορίου
3766 1459 3829 1513 τὰ

2260 1558 2533 1629 χείριστα.
2593 1558 2703 1610 Καὶ
2735 1557 2865 1620 τοὺς
2921 1556 3021 1626 μὲν
3074 1548 3249 1620 οὕτως
3294 1555 3761 1626 ἀποπεμψάμενος
3802 1551 3829 1604 ὁ

2262 1650 2505 1719 κρατῶν,
2544 1650 2659 1712 τοῖς
2700 1648 2799 1703 σὺν
2842 1648 3077 1712 ἐκείνοις
3118 1650 3445 1720 μονωθεῖσιν
3491 1646 3836 1717 magicam-

580 1738 817 1807 δύναμιν
849 1738 1134 1807 καθαιρεῖν
1161 1737 1235 1799 ὡς
1264 1738 1549 1806 ἐπιορκίας
1571 1738 1773 1791 ἁλόντα
1795 1736 2155 1790 διεϐεϐαίουν.
2194 1785 2241 1840 Β
2268 1757 2361 1809 ρον
2412 1739 2866 1811 προσφερόμενος
2911 1740 3231 1811 πειθηνίους
3276 1755 3335 1793 τε
3384 1737 3699 1810 παραυτίκα
3729 1731 3828 1786 δεῖ.

529 1851 533 1857 -
579 1829 701 1881 Τῶν
730 1828 860 1897 γοῦν
897 1830 1028 1901 περὶ
1076 1829 1169 1881 τὸν
1213 1829 1447 1897 Ἐφέσου
1476 1846 1537 1881 τε
1584 1829 1679 1882 καὶ
1727 1826 1975 1891 Κυζίκου
2027 1829 2148 1898 μηδ’

578 1921 715 1983 ὅλως
753 1921 1205 1991 καταδεχομένων
1237 1921 1335 1987 τὴν
1381 1920 1676 1973 κοινωνίαν
1726 1920 1966 1986 ἐκείνην,
2015 1920 2154 1973 ἀλλὰ

576 2013 787 2080 κρίνειν
822 2012 1089 2064 θελόντων
1138 2011 1197 2063 ὃν
1244 2011 1443 2064 εἰδέναι
1477 2011 1669 2078 ἔλεγον
1700 2010 2083 2082 ἁλισκόμενον,
2124 2011 2153 2063 ό

579 2104 837 2173 βασιλεὺς
872 2105 1010 2174 πρὶς
1045 2104 1289 2165 ἐκείνους
1317 2105 1494 2171 λέγων
1521 2102 1619 2157 καὶ
1659 2103 1736 2173 μὴ
1768 2104 1996 2168 πείθων,
2028 2105 2150 2156 ἐπεὶ

578 2197 726 2266 ἐώρα
755 2197 1203 2267 ἁνασοϐουμένην
1243 2198 1343 2265 τὴν
1381 2194 1559 2266 θήραν
1602 2196 1696 2249 επὶ
1738 2195 1816 2267 τῷ
1854 2195 2022 2267 μηδὲν
2056 2195 2155 2259 τὰς

576 2376 887 2430 clesiastieo
918 2375 1115 2429 debere
1143 2375 1350 2444 judicio
1380 2390 1604 2430 causam
1633 2373 1903 2444 Gregorii,
1936 2375 2161 2444 pennit-

580 2471 729 2538 tique
779 2467 1053 2537 sull‘ragiis
1102 2468 1402 2537 peritorum
1456 2478 1603 2521 recte
1651 2468 1741 2521 ille
1792 2482 1965 2521 necne
2015 2466 2160 2522 circa

581 2564 776 2633 dogma
820 2562 1077 2625 sentiret,
1122 2578 1222 2617 nec
1267 2561 1732 2616 reformidandum
1777 2561 1888 2617 litis
1931 2562 2156 2615 exitum.

581 2655 714 2709 Sese
746 2655 891 2708 enim
929 2665 1152 2709 eventus
1185 2654 1582 2725 qualiscunque
1604 2654 1715 2722 jam
1750 2669 1895 2707 nunc
1927 2654 2031 2709 sibi
2070 2669 2162 2723 pe-

583 2750 816 2801 rieulum
870 2748 1187 2816 deposcere.
1246 2745 1510 2800 Praestare
1564 2746 1766 2814 quippe
1820 2744 1952 2798 illud
2003 2746 2163 2815 longe

578 2856 742 2908 quam
773 2838 1204 2893 dissolutissima
1234 2838 1445 2893 ratione
1475 2837 1688 2906 plagam
1724 2838 2027 2890 incuratam
2058 2835 2167 2889 fas-

580 2936 682 2988 ciis
714 2934 949 2994 solvere,
986 2933 1090 2984 alia
1124 2932 1346 2985 conscie
1379 2931 1622 2985 celantes
1656 2930 1758 2983 alia
1789 2927 2043 2993 eﬂ'utire',
2076 2928 2169 2981 de—

585 3026 747 3092 nique
788 3023 973 3077 fucum
1013 3037 1276 3075 vanarum
1323 3022 1744 3074 excusationum
1785 3019 2170 3073 inexcusabili-

2269 1849 2434 1885 κνυσι
2464 1832 2561 1884 καὶ
2591 1833 2948 1919 συνενοῖτοῖς
2990 1833 3223 1896 λοιποῖς.
3269 1831 3333 1886 Οἳ
3375 1831 3442 1903 δὴ
3475 1828 3571 1885 καὶ
3609 1825 3746 1881 κατὰ
3777 1823 3831 1877 τδ

2261 1924 2412 1994 μέγα
2451 1923 2720 1979 παλάτιον
2775 1916 3171 1994 συναχθέντες,
3226 1923 3504 1993 παρόντος
3560 1919 3656 1991 μὲν
3695 1916 3833 1979 βασιο

2238 2015 2420 2081 λέως,
2460 2016 2752 2089 παρούσης
2793 2015 2841 2069 δ’
2885 2016 3105 2084 ἁπάσης
3149 2015 3460 2085 συγκλήτου
3508 2014 3604 2068 καὶ
3640 2009 3830 2079 κλήρου

2265 2110 2363 2163 καὶ
2393 2110 2649 2180 μοναχῶν
2688 2102 2878 2179 σχεδὸν
2914 2108 3175 2163 ἁπάντων
3205 2109 3303 2162 καὶ
3335 2107 3578 2169 λαώδους
3616 2104 3712 2157 οὐκ
3737 2099 3835 2152 ὀλί-

2268 2217 2371 2271 της
2408 2202 2500 2273 μοί
2508 2217 2629 2272 ρας,
2670 2201 2942 2255 συνόντων
2968 2199 3063 2253 καὶ
3093 2198 3277 2254 αὐτῶν
3302 2199 3369 2271 δή
3396 2198 3506 2253 τῶν
3547 2192 3687 2251 κατὰ
3708 2192 3841 2263 Γρηο

2262 2373 2564 2445 Gregorius
2601 2382 2857 2440 tentaret,
2891 2377 3102 2442 statim,
3134 2376 3212 2431 uti
3249 2373 3475 2447 periurii
3508 2375 3826 2440 compertus.

2263 2466 2507 2538 legitime
2533 2466 2694 2537 dejici
2722 2468 3097 2538 patriarchatu
3125 2477 3179 2523 et
3203 2469 3473 2524 canonice
3501 2461 3693 2532 deponi
3720 2473 3833 2530 pos-

2264 2567 2367 2613 set.
2395 2557 2718 2614 Perstahant
2747 2561 3108 2617 nihilominus
3137 2559 3449 2630 Ephesinus
3475 2567 3528 2613 et
3551 2555 3831 2628 Cyzicanus

2266 2650 2319 2703 in
2356 2651 2635 2706 contraria
2671 2653 2982 2716 sententia,
3017 2654 3421 2709 contendentes
3455 2650 3600 2706 nulia
3638 2644 3838 2700 ratione

2266 2754 2374 2797 tam
2412 2745 2609 2798 merito
2645 2744 2918 2800 haereseos
2952 2755 3268 2814 suspectum
3309 2746 3588 2800 hominem
3622 2734 3836 2795 crimine

2268 2837 2508 2889 nondum
2554 2845 2784 2905 purgato
2833 2837 2897 2909 in.
2933 2837 3374 2907 qualemcunque
3419 2829 3835 2892 communionem

2268 2926 2471 2982 debere
2496 2926 2732 2991 admitti,
2761 2929 3250 2999 necessariumque
3275 2930 3508 2984 omnino
3532 2919 3837 2997 pertenden-

2272 3027 2353 3073 tcs
2382 3034 2604 3073 causam
2637 3018 2752 3088 ejus
2783 3021 3063 3090 cognosci,
3094 3036 3160 3074 ac
3192 3020 3329 3075 nihil
3359 3036 3425 3076 se
3458 3014 3694 3090 praeverti
3723 3023 3837 3081 pas-

587 3119 688 3169 bus
729 3115 865 3168 actis
908 3122 961 3166 et
1001 3113 1222 3181 scriptis
1268 3112 1583 3181 appingere.
1629 3110 1765 3163 lluic
1810 3109 2054 3178 oppositu
2098 3124 2165 3162 es
2194 3130 2237 3186 ρ
2271 3124 2432 3164 suros
2458 3109 2689 3177 judicio,
2713 3123 2824 3179 quo
2853 3118 3066 3164 certum
3093 3109 3204 3180 jam
3236 3110 3508 3166 haberent
3532 3122 3652 3164 eum
3680 3110 3845 3174 pm?

582 3205 818 3260 adverso
848 3203 1220 3258 invalescebat
1248 3203 1435 3272 opinio
1465 3201 1782 3263 multorum,
1810 3200 2163 3268 compositio-

588 3279 673 3354 nis
700 3299 837 3351 viam
871 3296 1037 3365 quzeri
1068 3302 1320 3364 oportere
1345 3294 1819 3357 contendentium,
1850 3307 1946 3345 nec
1976 3308 2162 3361 asper-

584 3392 827 3445 nandam
864 3387 1031 3441 videri
1074 3387 1440 3440 conditionem
1484 3384 1743 3437 oblatam.
1783 3382 1975 3436 Caveri
2020 3384 2165 3435 enim

585 3488 720 3537 satis
753 3497 910 3551 posse
937 3478 1251 3535 eertitudini
1286 3476 1569 3546 promissae
1599 3476 1868 3530 cessionis
1900 3492 1912 3527 :
1942 3489 2050 3544 qua
2081 3489 2171 3526 sa-

589 3585 657 3625 t:s
706 3572 1025 3631 constituta,
1073 3570 1203 3636 quid
1257 3567 1473 3621 tandem
1529 3567 1656 3620 mali
1703 3575 1849 3620 esset
1893 3565 2167 3619 consolari

528 3669 537 3676 ‘
589 3663 913 3730 Gregorium
943 3661 1131 3713 dando
1154 3660 1228 3712 illi
1260 3660 1402 3728 quod
1433 3656 1649 3726 petebat
1678 3657 2017 3722 testimonio,
2045 3671 2166 3708 cum

591 3757 727 3807 satis
772 3761 1044 3807 cciistaret
1087 3766 1193 3804 non
1242 3759 1349 3804 tam
1393 3766 1456 3803 ex
1498 3750 1620 3818 ejus
1659 3758 1808 3802 tomo
1851 3750 2167 3803 scandalum

590 3847 887 3898 multorum
921 3854 1104 3898 Ortum
1140 3858 1301 3911 quam
1337 3857 1399 3895 ex
1436 3841 1641 3909 scripto
1678 3839 1841 3894 Marci
1868 3838 2175 3899 monachi?

593 3938 890 3991 Exhiberct
924 3951 981 3990 sc
1012 3935 1173 3988 modo
1196 3933 1492 4003 Gregorius
1524 3944 1771 4001 paratum
1805 3929 1985 3984 dando
2016 3932 2170 3984 abdi-

593 4030 827 4084 rationis
874 4026 1054 4081 libello
1104 4025 1194 4079 ubi
1250 4026 1626 4077 testimonium
1679 4022 1979 4091 acceperit;
2028 4036 2080 4077 et
2124 4022 2175 4077 si

593 4133 757 4192 queat
795 4121 862 4172 ab
897 4118 1016 4187 ipso
1052 4115 1362 4184 impetrari,
1399 4113 1558 4167 fidem
1599 4114 1648 4166 in
1687 4112 1740 4166 id
1777 4127 1931 4166 suam
1967 4114 2173 4181 scripto

596 4215 698 4267 rite
727 4211 1049 4279 consignato
1075 4208 1186 4277 jam
1223 4221 1368 4260 nunc
1396 4206 1615 4274 obliget.
1645 4202 1782 4257 Tum
1814 4220 1948 4259 sane
1978 4220 2176 4258 consu-

594 4306 738 4356 latur
765 4302 885 4370 ejus
915 4300 1103 4361 fama},
1138 4298 1537 4351 eonscribendo
1569 4296 1731 4365 quale
1758 4296 1999 4365 postulat
2029 4311 2177 4350 same

596 4408 709 4446 suae
727 4390 990 4445 doctrinae
1010 4388 1352 4443 testimonio.
1371 4387 1741 4456 Compellatus
1759 4388 1926 4456 igitur
1942 4403 1973 4441 a
1992 4387 2177 4442 missis

2270 3201 2534 3256 doctrinm
2580 3199 2873 3254 manifeste
2918 3202 3383 3256 convincendum.
3436 3201 3556 3272 Egit
3601 3211 3717 3252 cum
3762 3190 3843 3246 his

2271 3291 2590 3361 imperator,
2619 3300 2673 3345 et
2701 3306 2957 3345 sermone
2983 3301 3245 3346 accurato
3272 3302 3358 3348 est
3385 3300 3619 3348 conatus
3646 3286 3758 3340 illos
3780 3282 3839 3334 ab

2270 3381 2375 3435 hac
2415 3380 2716 3450 pertinacia
2751 3380 3022 3435 deducere
3057 3399 3071 3434 :
3109 3383 3202 3436 sed
3237 3380 3476 3453 profecit
3512 3379 3665 3436 nihil.
3700 3370 3840 3429 Unde

2271 3474 2572 3543 angebatur
2602 3474 2818 3538 animo,
2856 3470 3024 3526 feram
3059 3473 3113 3526 in
3145 3488 3332 3529 casses
3366 3489 3497 3528 mox
3531 3463 3841 3526 inducndam

2273 3564 2670 3633 intempestivis
2702 3565 2845 3618 male
2880 3573 3164 3620 cantorum
3202 3574 3535 3620 venatorum
3572 3559 3709 3643 abigi
3741 3554 3840 3609 cla-

2275 3656 2521 3710 moribus
2567 3655 2785 3721 dolens,
2828 3656 3215 3725 inﬁnitumque
3259 3658 3381 3713 duci
3436 3644 3842 3714 tumultuosissi-

2277 3762 2486 3800 marum
2534 3748 2778 3802 rixarum
2827 3747 3009 3802 funem
3054 3748 3233 3803 ferens
3273 3752 3580 3820 aegerrime.
3632 3744 3738 3798 Hac
3772 3740 3843 3791 il-

2271 3841 2507 3895 stinctus
2542 3839 2914 3894 sollicitudine
2946 3840 3014 3893 ad
3048 3841 3241 3896 ambos
3276 3842 3377 3897 hos
3411 3839 3666 3912 praesules
3700 3837 3842 3887 nocte

2273 3934 2511 4003 quadam
2550 3942 2778 3987 vocatos
2823 3932 3209 4001 cepiosissime
3253 3932 3750 3997 instantissimeque
3784 3920 3842 3974 de

2273 4035 2395 4081 tcto
2424 4025 2640 4095 negotio
2676 4023 2977 4088 disseruit,
3013 4025 3311 4079 ostendens
3346 4041 3514 4094 quam
3550 4014 3844 4076 conveniret

2276 4119 2495 4173 unicam
2523 4118 2682 4171 istam
2710 4116 2945 4169 oblatam
2975 4116 3219 4184 arripere
3244 4114 3624 4172 conventionis
3649 4118 3840 4164 ansam-

2275 4213 2353 4265 Ac
2381 4224 2507 4264 cum
2540 4207 2673 4262 nihil
2703 4208 2773 4261 ab
2805 4207 2916 4262 illis
2948 4209 3301 4277 impetraret,
3332 4207 3737 4262 excandescens
3762 4207 3844 4249 ex-

2276 4301 2556 4371 probravit
2597 4300 2950 4354 durissimam
2996 4300 3217 4369 utrique
3260 4300 3643 4368 pervicaciam,
3685 4294 3843 4345 incre-

2279 4406 2414 4461 pans
2438 4405 2559 4446 esse
2587 4391 2710 4446 illos
2733 4389 3151 4459 compositionis
3176 4390 3454 4458 inimicos,
3483 4390 3627 4461 pacis
3652 4385 3842 4439 hostes,

597 4486 665 4537 ab
717 4484 1048 4550 imperatore
1094 4478 1160 4532 ad
1210 4479 1313 4531 hoc
1364 4479 1544 4547 ipsum
1598 4476 1894 4548 Gregorius
1938 4479 2003 4532 de
2046 4493 2175 4548 pro-
2207 4469 2482 4555 Dcupere
2524 4482 2721 4553 jactari
2765 4483 2983 4537 internis
3029 4482 3484 4538 contentionibus
3530 4474 3842 4534 Ecclesiamo

600 4577 768 4630 misso
803 4572 1165 4627 abdicationis
1201 4570 1401 4636 dando,
1436 4570 1525 4625 ille
1556 4572 1621 4624 ad
1659 4569 1711 4624 id
1747 4571 1953 4640 scripto
1986 4570 2169 4624 conci-

596 4665 855 4736 piendum
890 4662 1033 4717 haud
1068 4671 1354 4731 promptus
1384 4661 1532 4716 omni
1565 4661 1855 4715 verborum
1888 4675 2173 4715 assevera-

601 4759 745 4810 tione
776 4767 965 4809 coram
995 4752 1127 4815 Deo,
1159 4752 1239 4806 sic
1267 4752 1410 4805 enim
1444 4760 1527 4805 est
1558 4751 1794 4814 locutus,
1828 4750 2175 4805 conﬁrmavit

602 4865 708 4903 non
753 4848 905 4916 prius
946 4844 1095 4915 ipsos
1134 4844 1383 4898 edituros
1419 4843 1683 4911 scriptum
1717 4844 1828 4912 quo
1862 4843 1966 4896 sibi
2008 4846 2175 4898 decus

602 4943 930 5008 iocurrttpltn
962 4938 1013 4990 in
1046 4936 1301 5006 dogmate
1332 4936 1452 4990 ﬁdei
1485 4943 1829 4999 assererent,
1863 4949 2028 5003 quam
2063 4935 2178 5002 ipse

604 5034 842 5087 \icissim
887 5030 989 5084 rite
1026 5027 1396 5097 conscriptum
1442 5025 1803 5080 abdicationis
1846 5026 2181 5092 patriarcha-

605 5134 689 5174 tus
721 5119 962 5173 libellum
995 5117 1165 5170 daret.
1199 5116 1314 5170 [loc
1343 5114 1521 5169 relato
1550 5128 1815 5184 responso
1844 5114 2175 5183 Ephesinns,

602 5228 654 5267 et
683 5215 772 5280 qni
802 5214 850 5265 ei
882 5211 1249 5274 adhaerebant,
1281 5207 1425 5261 haud
1457 5208 1914 5275 acquiescendum
1945 5208 2187 5260 arbitra-

605 5313 818 5368 bantur,
851 5306 1136 5373 multaque
1160 5302 1473 5371 allegabant
1498 5299 1568 5353 ob
1594 5314 1717 5368 quae
1743 5312 1844 5352 nec
1872 5306 2050 5352 tutum
2083 5315 2184 5354 nec

607 5406 893 5454 honestum
948 5399 1000 5451 id
1051 5410 1175 5451 esse
1221 5392 1639 5447 contenderent.
1691 5388 2184 5459 Philadelphiensis

600 5508 790 5549 contra
825 5507 947 5546 eum
981 5489 1117 5550 suis,
1149 5487 1292 5539 illam
1326 5484 1703 5552 interpositam
1732 5499 1761 5536 a
1791 5483 2057 5553 Gregorio
2091 5482 2183 5536 Dei

605 5599 935 5640 nn-ntionetn
969 5583 1022 5633 in
1056 5577 1363 5648 pollicendo
1391 5590 1490 5644 pro
1522 5588 1648 5628 vero
1670 5576 1987 5645 juramento
2020 5573 2192 5626 inter-

607 5689 913 5748 pretantes,
957 5676 1092 5727 satis
1138 5684 1256 5721 eam
1305 5666 1727 5736 promissionem
1773 5666 1942 5720 videri
1991 5666 2191 5721 debere

607 5772 964 5829 atltrmahant,
1007 5757 1167 5830 129
1202 5759 1401 5829 quippe
1442 5774 1470 5813 δ
1513 5772 1619 5829 qua
1661 5758 1708 5814 si
1754 5758 1962 5816 resilire
2001 5770 2190 5827 postea

2285 4589 2571 4644 novasque
2591 4575 2739 4629 ciere
2763 4583 3123 4642 tempestates
3138 4573 3416 4629 veteribus
3440 4573 3676 4629 nondum
3702 4562 3845 4635 plane

2284 4664 2624 4734 compositis.
2677 4662 2770 4718 Sic
2821 4663 3089 4717 iracunde
3142 4664 3467 4733 obiurgans
3516 4661 3776 4715 facessere
3818 4658 3845 4697 a

2285 4762 2584 4824 conspectu
2620 4767 2722 4806 suo
2749 4751 2955 4822 jussit,
2994 4751 3367 4808 minaeissime
3401 4753 3519 4808 suis
3554 4750 3844 4817 imperans,

2287 4846 2452 4908 irent,
2489 4844 2826 4898 abducerent
2855 4854 3231 4911 contumaces,
3263 4845 3629 4912 abderentque
3658 4833 3851 4901 disjun-
3883 4886 3889 4892 .

2289 4945 2407 4990 ctos
2434 4936 2668 4990 invicem
2701 4936 2755 4990 in
2788 4949 3072 5005 separatas
3098 4937 3404 5003 custodias,
3430 4931 3699 5005 prohibito
3725 4934 3851 4993 ‘1“0‘

2289 5027 2498 5081 rumvis
2548 5027 2617 5080 ad
2665 5041 2761 5080 eos
2812 5041 3060 5080 accessu.
3116 5024 3193 5079 Ita
3248 5035 3544 5097 utrumque
3588 5017 3852 5076 servarent

2289 5118 2469 5188 quoad
2518 5121 2808 5186 praeposito
2858 5116 3111 5171 Ecclesiae
3157 5117 3464 5187 patriarcha
3508 5127 3647 5168 novo
3688 5115 3852 5162 causa:

2292 5213 2535 5281 ipsorum
2592 5210 2841 5280 legitimo
2895 5210 3105 5279 judicio
3159 5210 3582 5277 subjicerentur,
3632 5198 3852 5257 maxime

2295 5311 2473 5354 autem
2508 5299 2765 5368 Ephesini
2788 5343 2801 5365 ,
2834 5302 2929 5371 qui
2959 5300 3071 5369 jam
3104 5299 3316 5355 litteras
3348 5297 3659 5353 foedissimae
3683 5291 3850 5344 obtre-

2295 5392 2552 5446 elationis
2601 5397 2652 5445 in
2702 5391 3026 5463 Gregorium
3077 5391 3268 5460 plenas
3309 5390 3531 5445 Asianis
3579 5378 3852 5446 inscriptas

2297 5484 2577 5537 edidisset.
2611 5482 2707 5538 llis
2745 5486 2797 5536 in
2837 5487 2980 5536 hunc
3015 5480 3238 5535 modum
3277 5494 3307 5534 a
3340 5494 3399 5534 se
3431 5474 3668 5533 dimissis
3700 5470 3856 5535 impe-

2298 5591 2469 5641 rator,
2499 5591 2763 5646 sequaces
2790 5576 3029 5644 ipsorum
3057 5571 3365 5626 vehementi
3395 5570 3618 5624 adortus
3646 5562 3853 5628 impetus

2300 5671 2548 5724 absentia
2592 5670 2703 5738 jam
2750 5669 2954 5722 ducum
3003 5665 3338 5719 inﬁrmiores
3380 5662 3540 5718 facile
3580 5649 3851 5712 deterruit.

2302 5771 2717 5833 pertractosque
2748 5761 2803 5816 in
2837 5760 3163 5817 sententiam
3194 5757 3413 5816 caeteris
3443 5750 3713 5827 adiunxit;
3745 5739 3855 5817 qui-
