4094 6392
279 392 393 460 115

1175 403 1281 463 DE
1321 405 1766 467 ANDRONICO
1805 406 2279 466 PALEOLOGO
2324 405 2469 467 LIB.
2514 404 2593 466 Π.

3455 399 3558 465 liii

274 505 474 599 γορίου
502 504 603 579 τὴν
627 505 806 582 ἀρχὴν
832 509 1219 582 ὁρμησάντων,
1252 514 1317 587 [Ρ
1345 514 1438 590 8η
1469 518 1686 583 σταθεὶς
1720 521 1748 570 ο
1776 521 1867 571 Φι-
1899 523 1940 575 Α
1972 519 2052 580 εἰς
2082 518 2396 599 τούναντίον
2429 514 2460 587 ἦ
2517 517 2627 599 ἐγὼ
2679 514 2987 585 ἐϐουλόμην
3031 498 3378 585 προέϐαινεν.
3414 511 3557 566 ὥστε

277 598 611 681 λαδελιρείας
633 599 951 674 Θεόληπτος
994 604 1207 659 πολλῶν
1242 607 1355 661 τῶν
1383 610 1526 663 κατὰ
1557 611 1869 683 Γρηγορίου

279 692 577 761 στομάτων
630 692 731 763 μία
793 694 1019 763 γλῶσσα
1072 696 1307 765 γίνεται,
1358 702 1455 753 καί⁸
1503 702 1873 772 ἀνακηρύττει

281 785 537 856 παρόντα
567 785 662 841 τδν
695 789 1054 859 πατριάρχην
1083 790 1391 860 δρθόδοξον,
1425 793 1574 848 ἅπαν
1617 794 1664 849 δ’
1694 798 1873 850 ἐκεῖνο

286 878 598 932 σκάνδαλον
642 882 742 935 καὶ
780 883 963 935 πᾶσαν
1001 883 1100 957 τὴν
1150 886 1250 940 ἀπ’
1277 888 1492 942 ἐκείνου
1532 889 1874 943 ἀποστασίαν

280 966 364 1038 τῷ
387 969 487 1022 τοῦ
520 971 758 1041 Μάρκου
791 973 1085 1044 γράμματι
1121 977 1356 1032 ἀνετίθει
1400 979 1476 1044 ὡς
1504 981 1717 1035 ἐκεῖθεν
1750 984 1875 1035 dva—

278 1066 654 1133 γηγερμένων
674 1065 785 1118 τῶν
811 1068 1092 1139 ταραχῶν,
1126 1065 1186 1126 οὗ
1211 1070 1275 1141 δὴ
1301 1071 1396 1125 καὶ
1423 1073 1557 1145 παρ’
1583 1074 1750 1129 αὐτοῦ
1777 1075 1872 1129 τοῦ

280 1155 638 1226 πατριάρχου
671 1158 1079 1230 ἀποϐληθέντος
1106 1163 1349 1228 ἐκείνους
1383 1165 1589 1236 μηδένα
1612 1166 1758 1237 ἔχειν
1782 1169 1874 1222 τδν

274 1246 586 1317 δισταγμδν
622 1246 711 1300 ἐπ’
736 1248 888 1319 αὐτῷ
935 1252 1030 1305 τοῦ
1063 1253 1141 1325 μὴ
1164 1254 1457 1325 ὸρθόδοξον
1494 1255 1639 1328 ἔχειν
1665 1258 1872 1327 διωμο-

275 1335 456 1405 λόγει.
486 1338 678 1395 Ταῦτα
705 1341 869 1407 λέξας
912 1361 974 1406 τε
1022 1347 1117 1401 καὶ
1157 1347 1437 1413 πλατύνας
1477 1350 1733 1419 ἐπίτηδες
1762 1349 1872 1405 τῶν

272 1425 461 1481 ἄλλων
490 1428 749 1484 ἑστώτων
773 1435 833 1487 ἐν
862 1440 1044 1509 σιωπῇ
1073 1439 1387 1495 καταπαύει
1416 1441 1510 1495 τὸν
1541 1442 1723 1512 λόγον.

275 1538 343 1594 θ’.
403 1540 709 1610 Δίόελλος
760 1548 1180 1625 παραρτήσεως
1240 1552 1339 1607 ἐπί
1388 1554 1470 1621 τῷ
1523 1556 1714 1625 θρόνῳ
1765 1557 1873 1612 τοῦ

910 1620 960 1670 Γ
955 1622 1268 1688 ρηγορίου.

357 1702 421 1756 ’θ
445 1702 503 1756 δέ
536 1721 597 1771 γε
628 1704 934 1778 Γρηγόριος
968 1710 1182 1779 βασιλεί
1208 1702 1614 1787 συνταξάμενος
1641 1720 1735 1772 καὶ
1762 1723 1874 1783 τοῖς

273 1795 754 1866 συνειλεγμένοις,
791 1802 883 1854 καὶ
930 1802 997 1856 τὰ
1028 1804 1217 1859 εἰκότα
1255 1807 1689 1880 δεξιωσάμενος,
1731 1815 1874 1871 ἐκεῖ-

270 1888 367 1942 θεν
399 1890 653 1960 ἀπαίρει,
683 1894 781 1946 καὶ
813 1895 907 1948 ἐπὶ
943 1897 1141 1967 σχολῆς
1173 1901 1238 1970 τῇ
1284 1901 1548 1973 ὑστεραίᾳ
1587 1907 1871 1975 συντάττει

266 1981 369 2035 τὸν
410 1983 512 2052 τῆς
561 1983 731 2037 αὑτοῦ
766 1988 1162 2058 παραιτήσεως
1207 1991 1480 2060 λίϐελλον,
1538 1994 1734 2065 ἔχοντα
1779 1997 1873 2051 ἐπὶ

271 2068 480 2137 λέξεως
518 2072 732 2137 οὕτως’
774 2094 792 2127 ι
848 2076 980 2146 Ἐμὲ
1014 2080 1399 2150 πρού6ί6ασαν
1429 2086 1512 2147 εἰς
1553 2087 1646 2139 τὸν
1685 2088 1875 2158 θρόνον

271 2164 367 2219 τὸν
399 2167 820 2239 πατριαρχικδν
847 2172 943 2223 καὶ
974 2172 1055 2234 εἰς
1082 2175 1142 2225 τὸ
1171 2174 1272 2243 τῆς
1299 2175 1515 2248 ὑψηλῆς
1548 2181 1757 2251 ταύτης
1781 2183 1877 2252 ἀρ-

269 2259 626 2329 χιερωσύνης
657 2259 879 2331 ἀξίωμα
914 2261 1041 2317 οὕτε
1091 2265 1147 2318 αἰ
1177 2267 1418 2335 ἐμαυτοῦ
1474 2272 1708 2325 σπουδαὶ
1746 2272 1875 2327 οὕτε

269 2348 384 2404 τῶν
407 2348 564 2419 ὲμῶν
597 2349 773 2417 φίλων
806 2352 1122 2422 συνάρσεις,
1148 2355 1266 2410 ἀλλ’
1301 2358 1491 2430 ἀνῄειν
1519 2361 1595 2425 ὠς
1638 2357 1747 2416 οἵδε
1779 2363 1878 2433 μό-

270 2458 362 2505 νος
396 2442 556 2505 Θεόςς.
576 2440 664 2514 [Ρ.
686 2441 779 2515 88]
809 2444 958 2498 Ἐπεὶ
986 2447 1044 2500 δὲ
1076 2448 1237 2502 τοῦτο
1255 2450 1447 2520 γέγονε
1477 2454 1573 2509 καὶ
1598 2454 1878 2511 διετέλεσα

267 2534 393 2599 ἔτος
423 2535 589 2588 ἕκτον
631 2535 734 2607 ήδη
784 2538 883 2592 καὶ
920 2539 1057 2609 πρὸς
1093 2543 1174 2603 εἰς
1205 2542 1326 2598 τόδε
1372 2545 1431 2599 τδ
1470 2548 1873 2621 λειτούργημα.

271 2629 463 2685 πάντα
478 2627 705 2681 ἐποίουν
720 2629 815 2683 καὶ
837 2629 1030 2699 ἔλεγον
1055 2631 1198 2686 ὥστε
1216 2635 1312 2689 καὶ
1329 2638 1876 2711 τοὺς-σκανδαλιζομὲ

274 2738 405 2786 von;
434 2723 536 2777 κιιί⁵
562 2722 664 2792 τῆς
682 2724 1016 2795 Ἐκκλησίας
1036 2728 1531 2802 ἀποδιισταμένους
1548 2736 1627 2798 εἰς
1649 2738 1877 2808 εἰρήνην

270 2814 507 2888 ἁγαγείν
531 2814 631 2869 καὶ
651 2814 861 2871 ἐνῶσαι
880 2817 1045 2890 αὐτῇ.
1080 2820 1245 2876 Ἀλλὰ
1269 2822 1332 2875 τὸ
1360 2826 1689 2897 σπούδασμα
1713 2828 1875 2885 τοῦτο

280 2991 388 3048 itus
410 2992 548 3064 apud
580 3009 841 3064 magnum
866 2995 1076 3053 coactis
1103 2997 1394 3067 palatium,
1424 3000 1584 3071 13o
1608 3012 1875 3070 praesente

272 3088 640 3160 imperatore,
676 3098 946 3160 prasente
979 3090 1239 3147 universo
1270 3101 1503 3157 senatu,
1535 3092 1682 3146 clero
1715 3092 1871 3148 insu-

1977 611 2074 663 καὶ
2106 612 2276 663 ἐϐόων
2314 596 2460 675 τίνές
2486 596 2563 667 ὡς
2590 610 2695 662 οὐκ
2736 608 2803 663 ἂν
2834 611 2866 679 ή
2904 608 3140 662 εὖκταία
3177 607 3317 677 αὕτη
3364 608 3556 676 εἰρήνη

1982 702 2211 765 γένοιτο,
2247 703 2296 754 εἰ
2331 703 2407 773 μὴ
2451 700 2562 769 ἐγὼ
2605 701 2667 753 τὸ
2711 702 3107 770 πατριαρχεῖον
3140 696 3459 752 καταλιπὼν
3495 698 3560 749 ἐκ

1977 792 2070 844 τοῦ
2098 796 2267 862 μέσο)
2303 794 2593 862 γενοίμην.
2629 792 3095 862 Ούκῖὴνεσχὸμην
3126 792 3219 844 ἐπὶ
3248 789 3433 861 χώρας
3461 788 3560 858 μέ-

1977 904 2109 951 νειν,
2135 886 2308 950 οὕτως
2330 888 2590 949 ἐναντίως
2606 887 2748 956 ὁρῶν
2770 887 2840 940 τὰ
2864 888 2962 956 τῆς
2991 886 3319 956 Ἐκκλησίας
3338 885 3553 954 ἔχοντα,

1976 978 2397 1048 amentum“
2450 980 2653 1050 μᾶλλον
2686 979 3088 1048 οπενδομένους
3142 980 3203 1048 τῇ
3259 975 3561 1044 Ἐκκλησία.

1979 1070 2073 1121 καὶ
2109 1068 2363 1137 ἀλλήλοις
2396 1070 2524 1130 τοὺς
2558 1067 3084 1138 σκανδαλιζομένους
3113 1069 3245 1137 aps»
3273 1066 3304 1136 ἢ
3335 1062 3561 1133 ἐμαυτῷ

1975 1158 2075 1229 τήν
2097 1158 2356 1228 τοιαύτην
2386 1161 2640 1230 κατέχειν
2669 1162 2866 1231 ἀρχὴν.
2900 1160 3096 1213 Ἔνθεν
3122 1178 3203 1213 τοι
3228 1162 3321 1212 καὶ
3343 1159 3431 1212 διὰ
3461 1158 3559 1229 τὴν

1977 1253 2161 1305 αὐτῶν
2215 1251 2423 1308 τούτων
2457 1254 2514 1308 ἐν
2547 1251 2667 1324 Θεῷ
2699 1255 2929 1324 εἰρήνην
2960 1252 3056 1307 καὶ
3104 1253 3202 1321 τὴν
3251 1251 3359 1304 τῶν
3393 1251 3562 1320 ψυχο-

1978 1343 2199 1399 6).α6ῶν
2230 1345 2547 1400 σκανδάλων
2579 1346 2782 1418 ἀργίαν
2807 1345 3147 1415 παραίτησιν
3177 1344 3440 1413 ποιοῦμαι
3465 1340 3558 1395 τοῦ

1972 1437 2172 1507 θρόνου
2209 1439 2301 1492 τοῦ
2359 1439 2771 1511 πατριαρχικοῦ
2809 1440 2906 1494 καὶ
2956 1440 3057 1511 τῆς
3089 1440 3265 1509 ἀρχῆς
3303 1441 3403 1508 τῆς
3458 1455 3566 1491 πα·

1976 1533 2312 1604 τριαρκικῆς
2343 1534 2439 1585 καὶ
2462 1532 2554 1586 τοῦ
2585 1532 2923 1603 ἀξιώματος,
2946 1533 3006 1597 οὐ
3038 1533 3218 1601 μέντοι
3246 1547 3310 1598 γε
3343 1531 3434 1583 καὶ
3463 1529 3562 1597 τῆς

1980 1625 2303 1693 ἱερωσύνης,
2337 1625 2460 1676 ἐπεὶ
2504 1625 2712 1693 ταύτην
2745 1625 3022 1688 ἐλεοῦντος
3058 1642 3124 1694 με
3161 1623 3253 1677 τοῦ
3295 1623 3428 1675 Θεοῦ
3463 1640 3565 1690 φυ-

1977 1714 2123 1780 λάξω
2150 1716 2391 1786 ἐμαυτοῦ
2418 1716 2508 1769 διὰ
2538 1716 2654 1787 βίου
2682 1718 2902 1781 παντὸς,
2926 1719 3007 1770 ὄτι
3032 1718 3127 1769 καὶ
3149 1717 3233 1769 διὰ
3260 1716 3430 1785 μόνην
3453 1716 3564 1767 τῶν

1981 1808 2197 1862 πολλῶν
2250 1810 2478 1880 εἰρήνην
2517 1810 2783 1879 καὶπρὸς
2836 1809 2935 1879 τὴν
2996 1808 3331 1875 Ἐκκλησίαν
3382 1806 3565 1860 αὐτῶν

1978 1901 2177 1955 ἕνωσιν
2215 1901 2480 1971 ποιοῦμαι
2514 1902 2615 1970 τὴν
2650 1900 2915 1972 τοιαύτην
2956 1901 3314 1970 παραίτησιν,
3355 1902 3416 1952 οὐ
3457 1901 3566 1967 μὴν

1976 1993 2060 2046 ὅτι
2090 1993 2324 2064 ἐμαυτῷ
2352 1994 2571 2048 σύνοιδᾶ
2593 2011 2647 2048 τι
2678 1993 2949 2065 πράξαντι
2982 1994 3244 2063 ἀπεῖργον
3268 1993 3364 2062 τῆς
3400 1994 3533 2055 ἰερω
3552 2023 3567 2034 ο

1980 2090 2148 2154 σὺνης
2201 2087 2324 2156 ἐμέ.
2368 2085 2564 2140 Ἔνθεν
2620 2104 2705 2140 τοι
2755 2089 2851 2140 καὶ
2903 2087 3082 2149 ἔξεστι
3116 2085 3211 2137 τοῦ
3251 2084 3441 2136 λοιποῦ
3471 2084 3567 2135 σὺν

1976 2180 2199 2249 εὐδοκία
2228 2177 2366 2233 Θεοῦ
2400 2179 2560 2233 ἄλλον
2593 2179 2919 2244 ἐκλέξασθαι
2960 2178 3310 2248 πατριάρχην
3348 2178 3443 2230 καὶ
3486 2178 3567 2238 εἰς

1952 2273 2072 2327 σὺν
2112 2271 2307 2343 θρόνον
2337 2272 2429 2326 τδν
2458 2274 2865 2345 πατριαρχικδν
2897 2272 2991 2326 καί
3022 2258 3569 2342 τὴνάρχιερωσύνην

1974 2366 2188 2435 ταύτην
2241 2354 2600 2430 ἀναϐιϐἇσαι,
2651 2365 2710 2429 ὃς
2742 2364 2809 2419 ἂν
2864 2366 2957 2419 καὶ
2992 2365 3097 2418 ὑπὸ
3128 2365 3247 2435 Θεῷ
3294 2364 3569 2433 συμμάχῳ

1978 2458 2075 2512 καὶ
2106 2456 2313 2528 βοηθῷ,
2342 2457 2444 2512 ὅσα
2484 2459 2580 2511 καὶ
2616 2458 2905 2522 κανονικδς
2937 2459 3287 2530 πατριάρχης
3318 2458 3412 2509 καὶ
3436 2458 3571 2524 γνήο

1981 2567 2095 2615 σιος
2119 2552 2438 2621 ἀρχιερεὺς,
2474 2552 2557 2614 είς
2598 2550 2657 2605 ἓν
2690 2550 2760 2604 τὰ
2794 2550 3064 2604 διεστῶτα
3098 2553 3197 2621 τῆς
3239 2549 3569 2620 Ἑκκλησίας

1982 2643 2126 2713 μέρη
2176 2645 2435 2711 συνάγειν
2474 2642 2571 2696 καὶ
2622 2632 3025 2697 ἐπισυνάπτειν
3080 2642 3392 2712 δυνήσεται,
3457 2640 3572 2694 Καὶ

1978 2735 2190 2804 γένοιτο
2216 2732 2380 2789 τοῦτο
2407 2735 2717 2804 οἰκτιρμοῖς
2748 2733 2844 2786 τοῦ
2879 2734 3120 2804 μεγάλου
3162 2732 3300 2787 Θεοῦ
3330 2733 3424 2788 καὶ
3454 2734 3570 2785 Σω-

1976 2826 2146 2896 τῆρος
2201 2825 2362 2897 ήμῶν
2424 2824 2604 2897 Ἰησοῦ
2644 2824 2909 2897 Χριστοῦ,
2963 2826 3393 2897 δυσωπουμένου
3447 2827 3569 2897 qi;

1977 3017 2097 3057 sum
2132 3017 2294 3059 sacro
2326 3002 2636 3060 ministerio
2662 3016 2932 3068 versatus,
2966 3006 3150 3060 omnia
3180 3021 3246 3061 eo
3278 3020 3395 3060 mea
3429 3004 3568 3060 facta

1977 3094 2235 3165 dictaque
2270 3096 2433 3151 retuli
2466 3104 2525 3151 ut
2558 3097 2881 3152 scandalum
2916 3113 3109 3169 passos
3143 3106 3196 3152 et
3228 3099 3296 3153 ab
3329 3099 3570 3152 Ecclesia

268 3195 371 3252 per
398 3191 454 3237 et
487 3181 785 3237 monachis
818 3181 933 3237 lere
966 3181 1226 3238 omnibus
1260 3182 1526 3253 laicteque
1560 3183 1872 3239 multitudi-
1898 3201 1945 3258 ς,
1979 3189 2224 3244 divulsus
2266 3187 2333 3243 ad
2378 3204 2567 3260 pacem
2616 3189 2768 3265 131
2815 3191 3134 3245 reducerem
3186 3191 3400 3262 ipsique
3446 3190 3569 3244 uni-

272 3273 358 3330 nis
396 3289 508 3330 non
550 3274 755 3345 exigua
795 3285 971 3344 parte,
1009 3291 1108 3331 nec
1148 3290 1259 3331 non
1298 3276 1366 3332 iis
1405 3278 1542 3348 ipsis
1577 3278 1670 3349 qui
1708 3279 1872 3349 primi

260 3376 462 3422 contra
499 3364 826 3433 Gregorium
864 3382 1006 3422 saeve
1038 3370 1213 3424 coorti
1250 3368 1496 3435 fuerant,
1535 3386 1642 3424 una
1681 3371 1870 3426 consi-

260 3457 553 3522 dentibus,
586 3468 668 3514 tot
695 3460 854 3529 prius
883 3471 1197 3530 apertarum
1231 3462 1284 3516 in
1317 3461 1642 3533 Gregorium
1672 3463 1875 3518 bucca-

271 3565 393 3605 rum
440 3566 609 3606 unam
654 3566 714 3607 se
753 3550 940 3607 ferens
987 3552 1230 3623 linguam
1271 3552 1605 3624 Thcoleptus
1651 3556 1873 3609 nomine

262 3642 521 3698 omnium
563 3642 890 3711 declaravit,
920 3659 1100 3713 .quem
1144 3644 1400 3699 viderent
1446 3660 1631 3701 coram
1676 3644 1872 3701 adesse

264 3734 647 3803 patriarcham
667 3772 683 3798 ,
715 3748 843 3789 eum
880 3734 1040 3805 plane
1070 3733 1407 3803 inculpatum
1439 3735 1588 3791 circa
1624 3736 1782 3791 (idem
1817 3743 1872 3792 ct

272 3827 643 3882 orthodoxam
677 3842 824 3892 esse,
856 3826 1121 3897 quidquid
1155 3836 1334 3882 autem
1365 3829 1516 3885 circa
1543 3845 1668 3884 cum
1701 3828 1874 3884 ol'len-

270 3919 447 3977 sionis
479 3918 789 3975 exstitisset
818 3919 1057 3990 publica:
1091 3929 1403 3989 secutaque
1436 3936 1500 3975 ex
1542 3921 1644 3976 hac
1676 3922 1745 3976 ah
1779 3922 1872 3978 illo

274 4010 638 4077 secessionis,
676 4020 853 4065 totum
893 4027 1015 4067 esse
1050 4012 1431 4082 imputandum
1468 4015 1885 4068 commentaria

274 4102 480 4166 Marci,
512 4103 606 4169 qui
641 4103 1009 4173 procellarum
1042 4118 1105 4158 ea
1140 4104 1433 4160 occasione
1464 4107 1868 4163 concitatarum

276 4198 438 4250 tunica
491 4196 670 4266 origo,
717 4210 886 4251 causa
933 4194 1194 4264 primaria
1236 4194 1454 4253 fuisset.
1496 4197 1670 4264 Quem
1720 4214 1871 4253 com-

270 4289 607 4345 mentarium
633 4304 755 4343 cum
785 4288 898 4356 jam
933 4290 1108 4358 palam
1138 4288 1253 4359 ipso
1295 4290 1610 4360 patriarcha
1640 4290 1865 4359 reiecis-

270 4392 376 4445 set,
412 4382 621 4435 nullam
660 4390 869 4435 restare
903 4379 969 4433 de
1006 4390 1149 4434 recta
1186 4381 1308 4451 ejus
1345 4380 1449 4436 llde
1486 4381 1869 4455 inoﬂ‘ensaque

272 4475 531 4530 doctrina
576 4471 862 4527 dubitandi
911 4472 1203 4527 rationem.
1246 4472 1428 4538 Quare
1474 4473 1627 4529 illum
1672 4492 1865 4532 omnes

271 4584 374 4639 pro
415 4575 570 4622 recte
606 4567 877 4620 sentiente
920 4565 1191 4634 pleneque
1225 4565 1533 4622 orthodoxe
1569 4584 1629 4622 se
1664 4567 1865 4625 habere

271 4658 546 4731 profiteri.
593 4657 668 4713 Ea
714 4673 840 4713 cum
886 4658 1120 4713 dixisset
1156 4667 1215 4712 et
1257 4661 1324 4713 de
1368 4660 1639 4714 industria
1686 4661 1866 4717 fusius

274 4751 630 4821 explicasset,
665 4749 882 4805 cunctis
917 4748 973 4803 iu
1009 4749 1232 4804 silentio
1269 4752 1664 4821 perstantibus,
1701 4752 1865 4809 furem

276 4841 541 4913 loquendi
579 4841 730 4896 fecit.

308 4935 362 4990 9.
393 4920 635 4990 Libellus
666 4933 1028 4989 abdicationis
1078 4936 1254 4991 throni
1284 4954 1316 4991 a
1362 4934 1619 5007 Gregorio
1650 4937 1833 4997 datus.

342 5028 414 5082 At
451 5025 751 5095 Gregorius
786 5028 983 5096 gratiis
1019 5026 1340 5098 imperatori
1374 5040 1428 5084 et
1464 5031 1737 5086 universis
1773 5030 1870 5101 qui

274 5105 654 5173 conVenerant
687 5119 896 5188 prolixe
930 5121 1092 5185 actis,
1122 5121 1339 5176 cunctis
1374 5122 1718 5191 perolliciose
1752 5124 1872 5178 vale

272 5210 459 5274 dicto,
505 5211 634 5265 inde
680 5211 874 5267 abiens
917 5211 1062 5266 diem
1113 5221 1390 5281 posteram
1442 5211 1731 5268 lormando
1775 5229 1872 5284 per

274 5304 451 5359 Otium
492 5303 786 5373 promissa:
817 5303 1089 5359 cessionis
1125 5305 1312 5358 libello
1349 5304 1652 5373 impendit,
1690 5307 1769 5360 sic
1804 5304 1873 5359 ad

275 5398 505 5452 verbum
539 5410 600 5451 se
623 5396 848 5451 habenti
875 5415 889 5452 :
923 5415 940 5448 ι
971 5396 1053 5450 Me
1080 5397 1135 5450 in
1165 5397 1422 5451 thronum
1452 5398 1873 5466 patriarehalent

278 5495 331 5542 et
372 5488 428 5541 in
468 5488 614 5542 hanc
643 5487 917 5542 excelsam
956 5488 1282 5557 principalis
1316 5488 1608 5543 sacerdotii
1640 5489 1878 5559 dignita-

281 5588 391 5635 tem
423 5595 535 5635 non
569 5594 690 5633 mea
725 5579 898 5648 ipsius
931 5590 1327 5649 promoverunt
1356 5579 1561 5644 studia,
1595 5595 1696 5636 nec
1725 5596 1878 5635 meo-

276 5681 399 5722 rum
453 5667 884 5739 suli‘ragationes
936 5670 1267 5735 amicorum,
1318 5671 1413 5723 sed
1470 5670 1769 5724 conscendi
1820 5681 1881 5727 ut

275 5758 420 5818 Deus
447 5761 605 5817 solus
634 5759 811 5815 novit.
842 5760 1141 5831 Postquam
1170 5770 1354 5817 autem
1383 5769 1469 5818 est
1500 5761 1606 5817 hoc
1633 5761 1836 5816 factum
1859 5800 1875 5826 ,

280 5863 438 5925 atque
476 5868 687 5910 annum
729 5852 841 5923 iam
879 5863 1094 5910 sextum
1128 5862 1183 5909 et
1218 5855 1364 5925 quod
1398 5853 1646 5911 excurrit
1682 5854 1737 5909 in
1776 5854 1881 5911 hoc

1979 3295 2118 3335 rem.
2155 3278 2262 3335 Sed
2293 3281 2538 3335 studium
2567 3280 2673 3335 hoc
2701 3295 2881 3335 meum
2915 3280 2969 3335 in
3001 3281 3334 3336 contrariam
3370 3295 3433 3334 ac
3464 3294 3568 3349 ego

1976 3368 2255 3423 volueram
2292 3378 2499 3437 partem
2531 3378 2815 3438 acceptum
2850 3378 2954 3435 est,
2984 3371 3056 3424 ita
3088 3380 3145 3425 ut
3172 3372 3338 3441 aliqui
3368 3371 3571 3426 clama-

1976 3468 2099 3513 rent
2131 3475 2410 3529 nunquam
2446 3475 2835 3517 successuram
2872 3455 3032 3517 istam
3068 3473 3306 3530 optatam
3347 3477 3563 3532 pacem,

1976 3550 2081 3606 nisi
2117 3565 2218 3621 ego
2255 3552 2628 3621 patriarchatu
2669 3552 2860 3609 relicto
2897 3570 2928 3609 e
2966 3555 3144 3610 medio
3179 3554 3411 3609 abirem.
3448 3553 3565 3607 Non

1974 3643 2212 3698 sustinui
2264 3643 2473 3699 merere
2522 3645 2578 3699 in
2630 3643 2774 3711 loco,
2818 3644 2897 3700 sic
2946 3645 3298 3701 commissam
3351 3644 3569 3700 inlcstis

1976 3734 2309 3790 factionibus
2357 3748 2591 3790 cernens
2641 3731 2970 3801 Ecclesiam,
3016 3737 3112 3792 scd
3165 3737 3464 3807 optabilius
3514 3738 3567 3792 id

1974 3828 2203 3891 ducens,
2233 3826 2402 3882 malui
2430 3826 2730 3883 ltedcratos
2756 3827 3017 3885 Ecclesiae
3042 3838 3096 3884 et
3123 3830 3355 3885 invicem
3385 3831 3569 3885 videre

1975 3921 2099 3977 illus
2135 3919 2228 3991 qui
2268 3922 2427 3991 prius
2466 3920 2659 3977 οποηεὶ
2706 3921 3071 3987 dissidebant,
3113 3939 3278 3994 quam
3323 3933 3568 3992 perstare

1974 4012 2030 4067 in
2056 4012 2402 4083 possessione
2424 4012 2772 4082 gaudereque
2794 4012 3003 4068 honore
3030 4023 3137 4067 tam
3166 4012 3331 4068 illust;
3350 4015 3396 4068 is
3416 4015 3570 4085 prin-

1973 4108 2211 4173 cipatus.
2248 4103 2435 4176 itaque
2466 4106 2532 4161 ad
2564 4106 2965 4175 assequendam
3001 4104 3198 4160 horum
3232 4109 3477 4175 ipsorum
3511 4108 3568 4162 in

1978 4199 2088 4252 Deo
2138 4213 2329 4266 pacem
2376 4205 2433 4252 ct
2485 4197 2780 4253 animabus
2832 4201 3147 4253 nocentium
3203 4200 3567 4255 cessationem

1973 4289 2385 4356 scandalorum,
2415 4289 2724 4346 cessionem
2755 4289 2898 4345 facio
2927 4292 3112 4345 throni
3146 4300 3197 4347 et
3229 4292 3567 4362 principatus

1970 4381 2360 4451 patriarchalis
2400 4380 2822 4452 dignitatisque,
2867 4398 2977 4437 non
3023 4391 3203 4438 tamen
3250 4385 3566 4441 sacerdotii.

1971 4472 2109 4528 Nam
2162 4473 2288 4539 hoc,
2335 4474 2639 4530 miserante
2690 4490 2777 4529 me
2830 4475 2961 4539 Deo,
3005 4479 3240 4531 servabo
3292 4478 3421 4531 mihi
3474 4495 3568 4548 per

1973 4574 2243 4634 quantum
2285 4571 2539 4634 superest
2577 4563 2703 4619 vitae
2743 4564 3006 4635 spatium,
3049 4568 3304 4636 quoniam
3347 4578 3570 4638 promer

1972 4656 2146 4712 solam
2184 4655 2483 4711 multorum
2517 4671 2704 4723 pacem
2738 4665 2792 4711 et
2828 4661 3024 4713 horum
3061 4661 3565 4717 reconciliationem

1965 4764 2095 4804 cum
2128 4748 2374 4804 Ecclesia
2408 4748 2549 4804 facio
2579 4749 2741 4805 talem
2776 4750 3117 4817 cessionem,
3151 4770 3251 4807 nec
3283 4754 3416 4807 mihi
3444 4771 3568 4809 sum

1970 4839 2230 4894 conscius
2256 4837 2453 4895 fecisse
2480 4839 2782 4909 quidquam
2808 4840 2954 4905 quod
2986 4858 3071 4896 me
3102 4854 3287 4898 arceat
3317 4858 3342 4897 s
3362 4845 3571 4898 tcerdo-

1975 4933 2070 4986 tio.
2100 4930 2372 4997 Quocirca
2402 4930 2471 4988 de
2500 4931 2714 5001 reliquo
2743 4930 2891 4998 licet,
2920 4947 3044 4987 cum
3077 4931 3168 4987 Dei
3203 4934 3567 5004 bcncplaeito,

1964 5023 2142 5078 alium
2179 5023 2304 5093 eligi
2344 5024 2748 5092 patriarcham,
2785 5023 2879 5093 qui
2915 5023 3171 5101 thronum
3208 5026 3261 5079 in
3295 5026 3443 5082 hunc
3480 5043 3574 5096 pa-

1974 5115 2335 5171 triarchicum
2363 5126 2416 5169 et
2443 5116 2807 5185 principatum
2834 5117 3129 5172 sacerdotii
3154 5119 3446 5182 evehatur;
3475 5122 3589 5189 qui

1977 5207 2087 5263 Deo
2120 5208 2437 5278 adjuvante,
2470 5216 2529 5262 ut
2561 5209 2663 5262 rite
2688 5207 2848 5278 juxta
2882 5225 3126 5266 cauom-5
3155 5213 3441 5267 ordinatus
3475 5230 3571 5283 pa-

1980 5302 2219 5356 triarcha
2253 5310 2306 5355 ct
2336 5301 2614 5372 legitimus
2647 5303 2997 5357 sacerdotum
3034 5306 3288 5377 princeps
3308 5347 3323 5372 ,
3354 5307 3570 5377 ιίιιίιιιι-

1982 5404 2101 5450 ctas
2129 5393 2389 5450 Ecclesia:
2416 5405 2600 5464 partes
2630 5396 2874 5464 redigere
2904 5398 2957 5452 iu
2988 5415 3156 5453 unum
3186 5416 3248 5454 ac
3277 5416 3571 5470 coagmen-

1981 5495 2100 5544 tare
2124 5488 2348 5557 poterit.
2367 5485 2597 5543 Eveniat
2614 5490 2663 5541 id
2685 5489 2896 5545 utinam
2919 5492 3362 5547 miserationibus
3388 5492 3571 5558 magni

1982 5579 2079 5634 Dei
2111 5588 2167 5635 et
2196 5578 2500 5636 Salvatoris
2530 5580 2702 5635 nostri
2733 5580 2862 5637 Jesu
2890 5581 3117 5647 Christi,
3144 5596 3357 5635 exorari
3393 5583 3571 5648 puris-

1984 5672 2139 5728 simae
2177 5670 2419 5726 Domina:
2456 5680 2657 5726 nostra:
2689 5672 2927 5742 Virginis
2960 5683 3012 5727 et
3048 5672 3141 5727 Dei
3183 5672 3340 5742 132
3380 5671 3572 5727 Matt-is

1987 5778 2050 5819 ac
2088 5762 2335 5818 omnium
2373 5772 2690 5819 sanctorum
2728 5766 3001 5834 precibus.
3050 5784 3067 5816 ι
3110 5765 3208 5818 His
3252 5767 3409 5833 plane
3446 5778 3573 5817 ver-

1985 5853 2071 5910 bis
2106 5865 2432 5925 conceptum
2470 5855 2575 5912 hoc
2613 5857 2878 5928 scriptum
2901 5896 2917 5924 ,
2954 5855 3118 5926 idque
3156 5857 3305 5912 nu'la
3342 5870 3575 5927 prorsus
