4094 6430
328 370 433 436 149

1228 368 1326 430 DE
1359 365 1806 428 ANDRONICO
1842 360 2312 427 PAinEOLOGO
2353 357 2500 417 LIB.
2529 355 2615 416 Π.

3501 340 3604 404 150
3682 334 3687 339 ’

325 483 428 537 τοῦ
458 485 516 538 ἐν
543 487 609 554 τῇ
641 483 840 554 Κρίσει
880 482 1053 553 μονῆς
1078 482 1219 545 (ἐκεῖ
1237 482 1346 552 γὰρ
1374 480 1922 553 πρωτοὸεστιάρισσα
1950 481 1999 532 Δ
2028 473 2120 545 ιβ’.
2167 471 2306 539 Περὶ
2355 468 2475 522 τῶν
2527 458 3049 554 σχίζςμέζωτζῌοςαὶ
3098 456 3285 512 πάλιν
3329 453 3449 511 ἀπὸ
3495 458 3608 523 τῆς

342 575 674 629 Ῥαούλαινα
726 575 984 642 συνῆγεν,
1032 574 1091 639 ἐξ
1139 574 1340 642 ἑαυτῆς
1389 570 1807 642 περιθάλπουσα
1853 565 1921 620 τά

333 669 577 737 μεγάλα)
615 669 799 738 φέρων
825 668 1019 721 ἑαυτὸν
1047 667 1257 721 δίδωσι.

332 781 424 837 ια’.
467 774 673 849 Ὀπωξ
714 781 825 834 τόν
867 782 1055 903 ad”?
1084 780 1567 905 23917-1"pnr0p/0v
1596 776 1922 847 ἐπειρῶντο

1033 868 1093 905 ιε.
1163 868 1274 905 ειν.

1033 868 1274 905 ιελσειν.

401 940 468 1014 [Ρ
497 940 591 1013 90]
643 940 915 1003 Βασιλεὺς
966 941 1023 994 δὲ
1066 941 1180 994 τῶν
1238 941 1499 994 τοιούτων
1554 939 1919 1007 ἀπαλλαγεὶς,

324 1033 537 1086 πολλοῦ
568 1033 666 1086 τοῦ
714 1034 856 1085 κατὰ
898 1033 990 1086 τὸν
1018 1032 1191 1101 τόμον
1221 1031 1564 1102 ὑφέρποντος
1588 1030 1924 1101 πλημμελή-

327 1143 531 1194 ματος.
570 1126 668 1194 οὐχ
705 1124 883 1188 οὕτως
913 1124 1066 1195 ἠξίου
1110 1125 1208 1195 seu
1250 1124 1603 1195 ἀδιόρθωτον,
1655 1123 1750 1176 καὶ
1798 1137 1927 1174 συν-

322 1218 490 1281 όδους
556 1215 903 1287 συνεκρότει,
968 1215 1064 1268 καὶ
1127 1215 1401 1285 πνεύματι
1454 1213 1667 1278 ζῶντας
1725 1213 1925 1281 σοφοὺς

325 1311 618 1379 συνέλεγε,
647 1311 741 1363 καὶ
773 1312 927 1379 κοινῇ
958 1309 1151 1379 σκέψει
1184 1309 1498 1379 μονωθέντα
1522 1310 1615 1362 τὸν
1640 1307 1807 1377 τόμον
1829 1303 1924 1359 τοῦ

326 1402 537 1475 βοηθοῦ
570 1403 622 1474 (ὁ
651 1402 697 1455 δ’
725 1397 795 1473 ἧν
830 1401 1163 1472 Γρηγόριος)
1197 1401 1571 1470 προσέταττεν
1618 1399 1922 1466 ἐξετάζειν.

327 1496 445 1550 Καὶ
502 1494 697 1566 πρῶτα
754 1494 853 1564 μὲν
891 1492 1036 1547 κατά
1087 1490 1149 1545 τὸ
1197 1493 1342 1562 μέγα
1392 1492 1656 1546 παλάτιον
1708 1492 1927 1561 σύναμα

329 1586 553 1654 βασιλεῖ
608 1584 992 1653 συναχθέντων
1045 1583 1273 1653 σεισμὸς
1330 1582 1611 1654 ἐνσκήψας
1662 1582 1928 1651 ἐξαίφνης

326 1680 424 1732 τὸν
451 1676 716 1744 σύλλογον
747 1677 959 1731 ἐκεῖνον
995 1676 1087 1728 καὶ
1135 1677 1236 1746 τὴν
1282 1676 1476 1744 σκέψιν
1526 1675 1768 1729 διέλυεν·
1807 1668 1929 1727 εἶτα

2625 534 3017 599 Ἐκκλησίας.

2098 658 2321 711 Τούτων
2350 656 2415 726 δὴ
2446 651 2756 720 γεγονότων
2786 645 2982 709 οὕτως,
3019 641 3278 713 βασιλεὺς
3312 637 3409 692 καὶ
3452 632 3611 696 αὖθις
3682 712 3683 715 η

2028 749 2199 811 πολὺς
2225 744 2294 819 ἦν
2323 744 2510 814 ἀλγῶν
2542 744 2638 796 ἐπὶ
2663 744 2730 810 τῇ
2760 737 3046 793 διαστάσει
3070 734 3180 787 τῶν
3214 727 3609 801 ΞΑρσενιατῶν,

2026 842 2124 895 atat
2158 842 2305 903 ἄπας
2334 838 2587 907 ἐγίγνετο
2647 837 2695 886 εἰ
2742 828 2855 886 οἶόν
2898 847 2958 884 τε
3009 826 3369 897 συμϐιϐἀζειν
3413 821 3613 879 ate-.05;

2027 931 2122 984 καὶ
2147 930 2215 998 τῇ
2261 923 2567 994 Ἐκκλησία
2594 922 2770 975 ἑνοῦν.
2797 919 3029 987 Ἔτυχον
3051 915 3161 984 γὰρ
3185 913 3282 966 καὶ
3308 909 3467 965 αὐτοὶ
3490 907 3613 960 καθ’

2026 1022 2259 1081 ἑαυτοὺς
2291 1016 2709 1077 στασιάσαντες,
2741 1013 2814 1076 ὡς
2841 1010 2935 1064 δύο
2960 1009 3157 1079 μοίρας
3184 1003 3466 1075 γενέσθαι,
3490 1002 3616 1062 τοὺς

2030 1115 2132 1186 μὲν
2160 1111 2389 1175 πλείους
2415 1110 2560 1180 ἀμφὶ
2592 1108 2687 1161 τὸν
2735 1104 3045 1170 Ὑάκινθον,
3094 1101 3271 1163 ἐνίους
3323 1098 3382 1152 δὲ
3432 1098 3492 1148 ἐν
3537 1094 3616 1163 τῷ

2026 1203 2428 1278 Ταρχανειώτῃ
2469 1202 2697 1274 Ἰωάννῃ
2732 1198 3008 1261 σαλεύειν,
3042 1191 3617 1267 ἀκριϐολογουμένους

2028 1299 2170 1371 ὑπὲρ
2210 1300 2457 1360 ἐκείνους
2486 1296 2557 1349 τὰ
2588 1294 2838 1357 πλεῖστα,
2871 1292 2967 1345 καὶ
2986 1291 3068 1344 δτι
3097 1288 3223 1359 χθὲς
3249 1287 3343 1340 καὶ
3374 1283 3480 1352 πρὸ
3502 1280 3621 1353 τρί-

2027 1409 2128 1462 της
2174 1392 2232 1444 ὲν
2283 1391 2421 1460 πυρὶ
2450 1387 2679 1443 ἐκάλουν
2711 1386 2847 1440 Θεδν
2880 1385 2931 1438 οἱ
2978 1383 3120 1452 ἀμφὶ
3170 1379 3264 1434 τὸν
3306 1374 3617 1437 Ὑάκινθον,

2028 1481 2414 1553 πυρσολάτρας
2453 1478 2700 1541 ἐκείνους
2731 1473 3154 1537 ἀποκαλοῦντας
3186 1470 3465 1525 κάκείνων
3501 1465 3620 1533 σχί-

2029 1576 2223 1641 ζεσθαι
2257 1577 2422 1646 μέχρι
2447 1575 2545 1629 καὶ
2563 1572 2734 1641 αὐτῆς
2768 1570 3108 1642 προσλαλιᾶς
3142 1564 3479 1633 ἐγνωκότας.
3510 1561 3620 1613 Καὶ

2030 1669 2142 1740 γὰρ
2176 1671 2236 1723 ὲν
2267 1668 2405 1739 πυρὶ
2436 1667 2762 1747 δοκιμάζειν
2796 1666 2865 1717 τὰ
2896 1662 3047 1731 παρά
3082 1659 3193 1713 τῶν
3230 1655 3465 1728 Γραφῶν
3496 1653 3623 1705 81m-

328 1772 475 1825 κατὰ
512 1772 582 1824 τά
613 1773 720 1823 τῶν
757 1769 1084 1864 Βλαχερνῶν
1113 1767 1391 1840 ἀνάκτορα
1426 1769 1522 1821 καὶ
1566 1763 1728 1830 αὖθις
1760 1766 1928 1837 συνή-
1956 1803 2004 1864 Β
2036 1763 2275 1864 promi-vna.
2302 1762 2401 1832 οὐχ
2430 1761 2578 1864 ὅμως
2607 1757 2842 1864 ἀμαθὲς,
2866 1756 3008 1864 ἀλλά
3038 1755 3131 1864 καὶ
3153 1751 3416 1864 ἀσεξὲςηό.
3440 1746 3623 1864 Iuliu-

327 1882 496 1933 γοντο
540 1864 639 1917 καὶ
666 1861 1102 1932 ἐπιμελέστερον
1136 1862 1545 1933 διεσκέπτοντο.
1576 1862 1691 1915 Καὶ
1734 1861 1785 1913 οἱ
1822 1859 1923 1930 μὲν

326 1960 424 2019 τὰ,
459 1960 510 2012 οἱ
531 1958 588 2012 δὲ
635 1959 705 2011 τά
754 1958 848 2010 ἐπὶ
890 1956 1113 2019 πολλαῖς
1144 1957 1265 2017 ταῖς
1310 1956 1550 2025 ἡμέραις
1595 1953 1926 2023 διαφιλονει-

331 2053 564 2117 κοῦντες
592 2050 689 2107 καὶ
720 2051 994 2117 λέγοντες,
1024 2050 1196 2112 τέλος.
1234 2050 1356 2102 ἐπεὶ
1386 2050 1488 2102 οὐκ
1510 2047 1580 2118 ἦν
1610 2049 1928 2119 συμφωνεῖν

331 2149 428 2200 ἐπὶ
455 2149 524 2216 τῇ
553 2144 648 2197 τοῦ
678 2143 1013 2216 γράμματος
1046 2140 1355 2211 διορθώσει,
1406 2140 1693 2205 ὑπεεεῖλον
1739 2140 1927 2193 τέλεον

330 2241 435 2308 τὴν
461 2238 751 2308 ἐξήγησιν,
786 2239 1037 2305 κρεῖττον
1076 2234 1417 2304 ἡγησάμενοι
1445 2234 1519 2302 μὴ
1554 2218 1693 2297 ὅλως
1730 2234 1789 2285 τὸ
1823 2234 1928 2303 ρηο

331 2332 426 2386 τὸν
455 2330 778 2402 ἐξηγεῖσθαι
810 2330 843 2402 ἢ
883 2326 1292 2401 ἐξηγουμένους
1338 2326 1704 2399 ἀναρρίπτειν
1748 2327 1931 2381 κίνδυ-

329 2440 452 2479 νον.

332 2657 459 2701 lens
490 2642 1361 2713 impetravit,vicissimqueipsis
1393 2642 1627 2698 libenter
1652 2642 1933 2706 accipien-

336 2741 486 2794 tibus
518 2738 721 2793 obtulit
750 2737 1134 2792 remissionem
1154 2737 1482 2805 iniuriarum
1513 2735 1716 2802 quibus
1747 2732 1925 2802 ipsinn

338 2831 633 2885 ississent.
661 2826 757 2880 His
788 2826 1027 2896 peractis
1057 2841 1115 2879 se
1144 2826 1355 2879 abdidit
1383 2827 1437 2878 in
1470 2824 1927 2879 monasteriolum

343 2922 599 2978 Aristium
626 2921 864 2982 dictum,
884 2919 1204 2987 contiguum
1237 2919 1572 2972 monasterio
1615 2918 1792 2972 sancti
1821 2921 1931 2970 An-

346 3017 488 3071 dreae
527 3016 581 3070 in
634 3015 815 3077 Crisi,
866 3012 1120 3067 viciniam
1159 3014 1214 3065 in
1263 3012 1387 3065 talis
1431 3011 1642 3065 delectu
1694 3010 1797 3065 ioci
1844 3025 1931 3065 se-

341 3123 515 3180 quens
543 3106 979 3179 protovestiariae
1024 3103 1297 3159 Rauitenae
1347 3105 1401 3157 in
1465 3120 1533 3158 eo
1582 3103 1758 3159 sancti
1819 3105 1932 3157 An-

336 3202 479 3256 dreae
502 3199 848 3255 monasterio
875 3198 1148 3266 degentis,
1198 3213 1226 3250 a
1256 3212 1364 3267 qua
1418 3196 1720 3267 Gregorius
1773 3196 1928 3251 beni-

336 3311 444 3365 gne
484 3294 800 3359 fovebatur,
839 3292 990 3362 large
1042 3291 1109 3347 dc
1139 3307 1241 3346 suo
1298 3291 1753 3348 subministrante
1808 3306 1931 3361 quae

338 3386 416 3440 illi
445 3399 587 3452 opus
616 3389 797 3436 erant.

340 3521 429 3574 ii.
463 3516 706 3575 Conatus
746 3515 1017 3570 adhibitus
1068 3513 1137 3566 ad
1173 3515 1546 3568 correctionem
1576 3512 1703 3566 tomi
1734 3531 1766 3567 ο
1795 3512 1932 3568 Gre-

973 3585 1121 3655 gorio
1162 3586 1245 3637 (di
1254 3586 1292 3637 ti

411 3705 724 3772 Imperator
771 3699 860 3757 bis
907 3698 1200 3755 defunctus
1231 3699 1380 3754 curis
1411 3714 1534 3753 cum
1585 3700 1936 3754 animadver-

344 3806 483 3851 teret
508 3795 743 3863 gliscere
769 3792 991 3846 interim
1031 3789 1191 3862 134
1239 3804 1303 3844 ac
1334 3790 1445 3844 late
1506 3805 1727 3859 serpere
1777 3806 1935 3845 arca-

347 3907 478 3944 num
518 3902 777 3943 murmur
809 3889 875 3940 de
903 3886 1129 3955 ﬂagitio,
1164 3885 1309 3954 quod
1350 3885 1481 3938 tomi
1518 3885 1780 3938 mendose
1800 3884 1939 3939 srri—

351 3984 423 4053 pli
450 3990 661 4035 temere
697 3978 982 4050 probanda
1008 3977 1250 4031 editione
1282 3977 1441 4044 vu'go
1476 3977 1783 4030 conscitum
1842 3992 1939 4044 pu~

348 4082 577 4131 teretur,
632 4067 1065 4137 haudquaquam
1126 4066 1475 4121 tolerandum
1505 4066 1716 4120 diutius
1745 4067 1941 4121 statuit

347 4167 452 4221 teri
483 4164 739 4217 manibus
765 4161 1201 4223 inemendatum,
1237 4169 1293 4212 ut
1315 4169 1429 4213 erat
1448 4159 1648 4225 adhuc,
1682 4160 1937 4213 volumen

349 4259 494 4314 istud
534 4266 588 4311 et
617 4257 841 4325 impune
896 4269 995 4322 pro
1028 4252 1295 4307 inoﬂ‘enso
1338 4267 1647 4321 secumque
1702 4253 1941 4307 circum-

350 4351 506 4405 ferri.
540 4348 684 4419 Ergo
716 4356 1022 4402 conventus
1062 4347 1253 4401 indicit
1304 4346 1530 4400 delectis
1564 4346 1616 4400 in
1672 4360 1768 4400 eos
1809 4346 1941 4399 viris

349 4444 551 4512 spiritu
586 4441 897 4495 viventibus
936 4452 980 4491 et
1015 4438 1377 4508 sapientibus.
1411 4437 1524 4492 Hos
1558 4437 1726 4504 jussit
1771 4439 1936 4492 simul

351 4551 548 4589 omnes
582 4535 873 4603 explorare
906 4533 1017 4586 acri
1044 4533 1297 4586 examine
1356 4539 1564 4583 tomum
1597 4545 1693 4599 per
1752 4545 1813 4584 se
1846 4545 1936 4585 so-

353 4629 491 4693 lum,
521 4629 624 4680 hoc
668 4634 752 4679 est
781 4622 1102 4689 destitutum
1140 4623 1390 4690 pra-senti
1424 4623 1729 4691 patrocinio
1754 4630 1942 4677 aucto-

353 4722 432 4774 ris
454 4729 508 4772 ct
549 4717 858 4771 defensoris
890 4716 974 4769 sui
1010 4714 1279 4785 Gregorii.
1316 4714 1519 4766 Horum
1554 4722 1795 4767 coetuum
1824 4715 1940 4782 pri-

355 4828 479 4865 mus
515 4810 700 4864 haberi
727 4817 967 4877 coeperat
992 4810 1136 4874 apud
1186 4821 1443 4875 magnum
1497 4807 1759 4875 palatium
1791 4825 1805 4861 :
1843 4822 1940 4859 ve-

357 4920 478 4958 rum
504 4904 833 4972 imperatore
855 4899 968 4971 jam
1007 4894 1117 4953 illic
1147 4914 1270 4953 cum
1304 4898 1580 4952 universis
1630 4898 1725 4969 qui
1759 4898 1939 4952 vocati

353 4995 575 5049 fuerant
604 4993 849 5065 sedente,
895 5003 1054 5047 terra:
1098 5005 1280 5048 motus
1335 4992 1599 5063 ingruens
1645 4992 1937 5047 concilium

354 5089 565 5156 trepide
613 5085 891 5149 dissolvit,
961 5088 1177 5153 negotio
1227 5085 1485 5153 abrupto.
1542 5084 1671 5139 Post
1704 5084 1823 5139 haec
1886 5086 1938 5138 in

355 5181 503 5250 regia
539 5178 965 5233 Biacberuarum
1000 5178 1194 5232 iterum
1245 5178 1560 5248 congregati
1623 5177 1941 5232 accuratius

355 5275 424 5328 de
452 5290 510 5328 re
550 5284 666 5326 tota
704 5271 1111 5335 consuitarunt,
1147 5270 1271 5323 aliis
1307 5273 1431 5337 hoc,
1470 5270 1594 5325 aliis
1640 5270 1775 5325 illud
1811 5286 1941 5326 cen-

355 5368 627 5423 sentibus,
650 5362 830 5432 quoad
862 5362 1143 5416 coiitinuis
1178 5364 1390 5416 dierum
1432 5362 1732 5415 multarum
1771 5362 1942 5417 aiter-

351 5473 381 5511 c
419 5457 663 5509 tionibus
699 5454 751 5508 in
788 5454 1002 5506 nullum
1024 5453 1319 5507 concordis
1381 5453 1449 5505 de
1511 5452 1688 5521 ipsius
1745 5453 1939 5522 scripti

353 5550 703 5602 correCtione
737 5546 1026 5600 sententia:
1074 5545 1472 5609 desinentibus.
1493 5547 1678 5611 ﬁnem,
1718 5549 1938 5602 tandem

355 5647 735 5697 convenerunt
765 5638 818 5690 in
841 5640 1002 5707 plane
1039 5638 1276 5692 tollenda
1311 5640 1663 5694 enarratione
1695 5640 1797 5695 loci
1837 5641 1940 5695 Da-

356 5733 619 5796 masceni,
648 5730 1016 5803 praestabilius
1040 5731 1303 5786 diiCt’llleS
1355 5731 1518 5802 inetp
1552 5728 1725 5787 "tum
1774 5733 1941 5787 reiino

353 5824 445 5894 qui
483 5825 863 5881 testimonium
899 5822 1032 5878 illud
1059 5839 1221 5893 quam
1258 5840 1324 5879 eo
1377 5827 1702 5893 exponendo
1735 5826 1940 5881 verita-

2031 1871 2130 1922 νης
2159 1854 2409 1923 οἰόμενος
2454 1849 2790 1920 ἀπεσχῐζετο
2822 1850 2923 1918 μὲν
2975 1848 3069 1901 καὶ
3117 1845 3219 1913 τῆς
3261 1841 3328 1914 (Ρ
3358 1839 3449 1910 9l|
3496 1839 3621 1890 Ἐκ-

2033 1945 2267 2016 κλησίας
2292 1945 2369 2007 ὡς
2397 1944 2693 2015 πρότερον,
2738 1939 3073 2013 ἀπεσχίζετο
3115 1938 3171 1992 δὲ
3203 1937 3296 1991 καὶ
3331 1935 3514 1988 αὐτῶν
3556 1931 3620 1998 δὴ

2031 2038 2139 2089 τῶν
2170 2038 2301 2107 περὶ
2329 2036 2421 2089 τὸν
2457 2035 2771 2096 Ὑάκινθον,
2796 2034 2872 2103 ᾡς
2902 2033 2976 2103 μὴ
3001 2030 3336 2086 συναινέσων
3375 2026 3478 2080 κᾶν
3508 2025 3536 2078 ὃ
3560 2040 3616 2075 τι

2033 2132 2260 2184 ποιοῖεν.
2296 2127 2387 2181 Διὸ
2414 2128 2480 2199 δὴ
2529 2127 2627 2181 καὶ
2677 2128 2830 2196 παρά
2881 2123 3170 2195 βκσιλὲως,
3221 2121 3297 2183 ὡς
3355 2118 3417 2171 τὸ
3452 2116 3620 2178 εἰκὸς.

2034 2223 2439 2295 παρορώμενος
2493 2221 2574 2292 τῷ
2621 2220 2725 2292 τῆς
2776 2218 2965 2290 Χηλῆς
3022 2215 3269 2287 φρουρίῳ
3318 2210 3624 2283 ὲξομσθεῖς

2032 2317 2489 2388 ἔγκαθείργνυτο.
2542 2314 2681 2370 Τότε
2730 2313 2916 2369 τοίνυν
2952 2315 3054 2382 τῆς
3096 2308 3428 2377 Ἑκκλησὶεις
3460 2320 3624 2373 7-9-17}-

2035 2412 2310 2485 ρωμένης,
2344 2411 2540 2485 πειρᾷν
2574 2410 2778 2472 ἐθέλων
2806 2404 2918 2473 τῶν
2951 2400 3342 2476 σχιζομένωνῤ
3370 2396 3624 2473 βασιλεὺς

2032 2652 2141 2699 tem
2202 2638 2478 2712 dogmatis
2535 2644 2590 2693 et
2622 2632 2903 2706 publicam
2943 2631 3185 2702 quietem
3240 2626 3519 2681 adducere
3564 2623 3619 2677 in

2035 2734 2368 2805 periculum.

2070 2851 2158 2908 12.
2194 2849 2401 2905 Rursus
2431 2848 2494 2902 de
2522 2845 2630 2901 illis
2657 2845 2749 2914 qui
2784 2843 2850 2898 ab
2881 2839 3123 2921 Ecclesia
3152 2854 3207 2893 se
3235 2834 3601 2891 absciderunt.

2106 2962 2403 3032 ﬂis‘porro
2448 2959 2531 3016 sic
2575 2957 2872 3015 transactis
2905 2954 3205 3025 imperator
3234 2966 3433 3007 rursus
3481 2951 3628 3004 mul-

2036 3065 2127 3111 tus
2160 3064 2281 3125 erat
2308 3053 2361 3107 in
2391 3050 2728 3122 deploranda
2760 3047 3099 3116 ferendaque
3145 3043 3629 3126 impatientissime

1957 3154 2004 3217 C
2038 3150 2359 3206 secessione
2396 3145 2832 3227 ArsetLiatarum,
2868 3151 2921 3196 et
2964 3148 3137 3197 totum
3177 3153 3236 3195 se
3284 3136 3521 3193 addebat
3574 3134 3628 3188 in

2033 3251 2291 3298 conatum
2328 3226 2715 3310 procurandae,
2772 3235 2820 3292 si
2866 3234 2982 3290 fieri
3019 3239 3241 3303 posset,
3279 3226 3627 3287 conciliatio-

2035 3335 2122 3390 nis
2146 3335 2388 3402 ipsorum
2413 3340 2468 3386 et
2499 3327 2858 3397 reiunctionis
2897 3340 3024 3381 cum
3056 3322 3333 3385 Ecclesia.
3386 3319 3630 3375 Favebat

2036 3428 2159 3496 ejus
2191 3426 2246 3480 in
2287 3440 2354 3479 eo
2399 3438 2601 3495 genere
2646 3436 2822 3492 spem,
2879 3418 3023 3491 quod
3088 3426 3218 3473 tunc
3274 3414 3627 3471 commodum

2035 3517 2310 3573 dissidere
2367 3515 2492 3569 illos
2534 3513 2676 3567 inter
2716 3526 2840 3568 sese
2903 3508 3212 3572 ferebatur,
3272 3507 3327 3563 in
3364 3505 3631 3565 factiones

2039 3609 2313 3665 discissos
2337 3607 2500 3669 duas,
2533 3620 2772 3676 quarum
2800 3601 3157 3659 numerosior
3182 3603 3378 3656 ducem
3430 3614 3631 3667 seque-

2041 3705 2203 3756 batur
2240 3699 2635 3772 Hyacinthum,
2671 3696 2833 3768 pauci
2859 3696 2954 3751 alii
2985 3704 3214 3750 auctore
3242 3692 3458 3751 Joanne
3491 3689 3634 3746 Tar-

2039 3794 2297 3849 chaniota
2332 3791 2665 3848 ﬂuctuantes
2699 3788 3159 3845 conﬂictabantur
3185 3787 3463 3858 scrupulis
3503 3786 3633 3840 sub-

2041 3888 2217 3942 tilium
2251 3883 2873 3948 cavillatiuncuiarum;
2915 3881 3057 3936 unde
3100 3880 3155 3936 in
3190 3894 3443 3935 morosas
3495 3879 3634 3933 alio-

2041 3997 2165 4035 rum
2201 3978 2584 4050 sugillationes
2623 3974 3008 4046 erumpebant,
3081 3973 3373 4043 culpantes
3428 3987 3524 4029 eos
3576 3972 3630 4024 in

2042 4074 2319 4144 plurimis,
2361 4086 2424 4126 ac
2459 4071 2602 4140 quod
2638 4068 3027 4140 Hyacinthiani
3092 4067 3238 4122 haud
3289 4066 3363 4122 ita
3420 4064 3630 4136 pridem

2042 4171 2216 4226 Deum
2269 4168 2325 4222 in
2388 4168 2516 4235 igne
2563 4165 2935 4230 invocassent,
2984 4162 3143 4233 135
3195 4160 3632 4233 pyrsolatrarttm

2045 4260 2167 4315 illos
2213 4259 2481 4330 probroso
2506 4254 2860 4310 traducentes
2904 4263 3230 4316 scommate,
3273 4254 3633 4324 ipsorumque

2045 4352 2446 4410 commercium
2525 4358 2634 4404 tam
2697 4346 3089 4418 superstitiose
3150 4347 3512 4411 declinantes,
3573 4355 3635 4402 ut

2046 4444 2419 4502 communiter
2465 4439 2811 4497 irrevocabili
2846 4442 3071 4496 decreto
3116 4440 3448 4497 statuissent
3508 4441 3633 4497 illos

2049 4551 2115 4591 ne
2151 4536 2299 4590 brevi
2340 4532 2564 4604 quidem
2589 4531 2838 4602 alloquio
2872 4531 3111 4602 dignari.
3167 4531 3440 4598 Quoniam
3481 4534 3629 4588 enim

2045 4645 2200 4683 nova:
2233 4629 2524 4698 periguem
2562 4625 2933 4696 explorationi
3006 4624 3284 4696 subjicere
3336 4625 3503 4698 (quod
3539 4627 3632 4682 isti

2045 4721 2404 4788 τίτθαι-τουτο
2445 4733 2572 4787 qua:
2600 4717 2768 4778 semei
2800 4719 3105 4775 constituta
3163 4718 3394 4789 scriptis
3447 4729 3634 4775 essent

2045 4822 2265 4867 maturo
2301 4812 2535 4867 consilio
2564 4811 2884 4875 commissa,
2935 4825 3045 4866 non
3077 4811 3423 4882 imprudens-
3448 4813 3630 4868 solum

2045 4905 2141 4961 sed
2176 4905 2344 4959 etiam
2380 4904 2611 4973 impium
2648 4901 2890 4959 Joannes
2928 4901 3161 4973 putabat
3183 4917 3327 4965 esse,
3390 4921 3498 4961 non
3531 4907 3635 4961 mi-

2043 5013 2151 5053 nus
2177 5011 2331 5066 aequa
2373 4996 2477 5051 sibi
2507 5009 2679 5050 causa
2708 4994 2998 5049 videbatur
3037 4995 3109 5050 ab
3138 4994 3434 5066 Hyacinthi
3480 5014 3633 5059 nunc

2044 5096 2197 5157 parte
2229 5102 2289 5141 se
2323 5086 2620 5156 abiungere
2648 5101 2815 5156 quam
2871 5101 2978 5156 qua
3017 5086 3170 5156 prius
3203 5086 3495 5149 Arseniani
3538 5107 3635 5160 pa-

2047 5184 2182 5235 riter
2255 5194 2450 5236 omues
2531 5178 2601 5232 ab
2664 5178 2908 5234 Ecclesia
2959 5182 3376 5238 secessissent:
3423 5188 3633 5254 pariter

2044 5275 2250 5345 quippe
2279 5287 2428 5328 nunc
2450 5285 2674 5341 quoque
2698 5270 2803 5326 sibi
2836 5273 3144 5328 cavendum
3171 5290 3241 5331 ne
3278 5290 3634 5344 perseveran-

2043 5366 2116 5419 do
2168 5365 2224 5417 in
2275 5362 2667 5416 commnmione
2721 5376 2849 5416 cum
2885 5362 2994 5418 illis
3052 5366 3434 5434 comprobaret
3483 5370 3628 5434 quod

2044 5457 2298 5527 agebant,
2332 5465 2380 5508 et
2414 5455 2485 5506 ita
2511 5453 2632 5523 ejus
2659 5454 2878 5523 culpam
2911 5455 2965 5509 in
2998 5470 3060 5511 se
3113 5456 3438 5526 susciperet.
3492 5457 3632 5513 Suc-

2043 5546 2262 5604 censuit
2289 5542 2488 5599 Joanni
2519 5544 2623 5598 hoc
2646 5545 2871 5601 nomine
2904 5545 3226 5616 imperator,
3262 5559 3499 5617 eumque
3536 5551 3633 5607 de,-

2046 5638 2287 5707 spiciens
2324 5634 2598 5705 deportari
2631 5635 2851 5705 jussum
2884 5637 2938 5692 in
2968 5638 3202 5695 insulam
3227 5639 3453 5695 castello
3470 5640 3632 5706 Celes

2048 5729 2299 5786 inclusit.
2350 5726 2512 5783 Nunc
2547 5737 2731 5784 autem
2768 5729 3041 5786 viduatam
3097 5730 3442 5787 abdicatione
3497 5733 3633 5803 Gre-

2050 5822 2188 5893 gori't
2221 5833 2454 5875 cernens
2484 5815 2813 5890 Ecclesiam,
2842 5828 3059 5892 tempus
3109 5831 3300 5900 aptum
3365 5840 3508 5892 novo
3540 5843 3629 5908 re,
