4094 6424
354 360 457 427 153

1265 371 1365 430 EE
1393 369 1837 441 ANDRON‘ICO
1877 372 2361 435 PALEOLOGO.
2410 372 2563 434 LIB.
2606 373 2690 435 II‘.

3515 366 3623 436 ibi

351 498 465 536 σαν.
502 478 568 551 [Ρ
601 480 697 554 92]
730 481 857 547 Τοῖς
896 483 955 537 δὲ
1003 483 1129 554 περὶ
1159 483 1252 539 τὸν
1300 484 1593 541 Ὑάκινθον
1630 488 1919 558 κηδεμονι-
1957 492 2001 546 Α
2033 504 2184 540 νοιαν
2230 486 2329 539 οὐκ
2382 488 2464 549 είς
2514 486 2737 557 μακρὰν
2769 483 3119 556 γενήσεσθαι.
3162 483 3306 538 Ἀλλ’
3346 478 3412 557 ἦν
3439 467 3622 541 ’ταῦτα

350 574 457 637 κῶς
489 574 566 639 ὡς
603 574 764 643 δῆθεν
806 577 1138 647 προσήγετο,
1185 576 1327 631 ὥστε
1362 580 1458 631 καὶ
1489 581 1704 643 ὲφεῖναί
1735 581 1803 638 εί,
1837 579 1930 631 ἴπ-

349 684 447 722 πον
482 667 790 739 παρασχὼν
837 669 945 721 τῶν
988 670 1335 734 καλλίστων,
1390 672 1591 741 συχνὰς
1633 673 1932 741 προσόδους

350 780 389 816 π
427 765 484 825 ὸς
542 762 768 829 βασιλέα
824 763 1098 823 ποιεῖσθαι
1150 766 1246 815 καὶ
1280 765 1453 833 ὑπὲρ
1495 765 1609 817 τῶν
1657 765 1933 833 δεομένων

351 858 651 926 ἀναφέρειν
698 874 757 908 τε
788 857 855 909 τὰ
884 858 1070 910 εἰκότα
1100 860 1194 911 καὶ
1229 857 1412 915 λύσεις
1445 858 1657 910 πολλῶν
1693 858 1932 929 ἐργάζει

354 948 501 1008 σθαι,
543 947 753 999 ἐπείτοι
816 965 878 1014 γε
936 949 1031 1001 καὶ
1092 949 1257 1013 αὐτὸς
1318 950 1548 1019 βασιλέα
1601 951 1932 1014 ὑπέσαινενεη,

356 1039 550 1093 ἑαυτὸν
582 1040 682 1109 μὲν
711 1039 886 1105 λέγων
920 1042 1144 1110 εἰρήνης
1177 1042 1333 1110 φίλον
1381 1037 1535 1097 εἶναι’
1572 1043 1665 1109 καὶ
1717 1041 1935 1110 ἕτοιμον

353 1133 417 1199 εί¹
440 1131 682 1199 ηνεύειν,
721 1132 921 1200 χρῆναι
965 1132 1021 1184 δὲ
1053 1137 1147 1185 καὶ
1176 1132 1304 1192 τοὺς
1334 1133 1530 1194 ἄλλους
1572 1133 1934 1207 ὑπέρχεσθαι,

354 1222 439 1293 ἐφ’
465 1218 623 1292 ᾧπερ
656 1226 751 1276 καὶ
785 1224 1169 1294 ὲντελέστερον
1191 1223 1550 1295 εἰρηνεύοιεν.
1591 1225 1845 1294 Ἰωάννην
1879 1224 1936 1277 δὲ

355 1320 448 1371 καὶ
481 1317 851 1387 δυσθανατᾷν,
890 1317 985 1370 καί
1030 1318 1085 1384 γ’
1115 1316 1446 1371 ὑποκεῖσθαι
1478 1316 1571 1371 καὶ
1630 1317 1782 1386 παρὰ
1824 1317 1938 1369 τῶν

356 1409 509 1463 ἰδίων
537 1407 911 1476 καταγνώσει,
953 1406 1050 1471 οὓς
1085 1409 1182 1461 καὶ
1211 1408 1412 1470 αὐτοὺς
1443 1409 1771 1479 θεραπεύειν
1803 1409 1937 1475 δεῖν,

353 1502 450 1556 καὶ
477 1500 713 1555 οὕτωςτὸ
738 1500 832 1554 τοῦ
872 1500 1086 1555 κολοιοῦ
1133 1502 1327 1554 παθεῖν
1356 1503 1592 1567 ἐκεῖνον,
1624 1504 1733 1555 τῶν
1780 1504 1939 1557 ἀλλο-

354 1593 525 1663 τρίων
557 1594 911 1663 ἐψλωμένονι
946 1595 1183 1661 πτερῶν.
1232 1591 1381 1647 Εἶναι
1418 1596 1477 1648 δὲ
1524 1595 1720 1660 καιροῦ
1768 1597 1943 1650 ταῦτα.

356 1689 449 1743 καὶ
478 1690 794 1757 ἐπιστήμης
835 1688 1174 1757 ἀπαιτούσης
1216 1690 1628 1757 μακροθυμίαν,
1669 1689 1764 1751 τὰς
1798 1688 1944 1740 ὲκεί-

359 1798 466 1832 νων
497 1778 837 1841 ἀτασθαλίας
869 1778 1219 1847 καλύψουοαν
1243 1779 1316 1842 ὼς
1346 1781 1488 1833 κατὰ
1524 1780 1716 1850 καιρὸν
1779 1780 1957 1835 ὲνδω-.

359 1872 589 1926 πάντων.
635 1869 801 1923 Ταῦτ’
842 1870 1137 1933 Ὑάκινθος
1180 1872 1356 1939 λέγων
1411 1871 1821 1940 περιεόουκόλει
1848 1872 1945 1936 τὰς

358 1964 585 2025 ἐλπίδας
612 1963 691 2031 τῷ
732 1963 965 2033 βασιλεῖ,
1019 1963 1158 2017 ὥστε
1188 1964 1282 2017 καὶ
1307 1966 1408 2033 τὴν
1458 1963 1553 2016 τοῦ
1589 1963 1818 2017 Μωσελὲ
1847 1980 1945 2033 μο-

361 2056 459 2125 νὴν
488 2054 726 2119 ἐκείνοις
766 2057 1000 2122 ἀνεῖναι,
1037 2057 1134 2112 καὶ
1168 2056 1394 2128 θαρρεῖν
1423 2056 1522 2127 τὴν
1558 2055 1786 2113 ἐκείνων
1819 2059 1958 2126 ὁμό-.

361 2237 624 2293 attribute
659 2237 762 2306 ipsi
796 2236 987 2301 etiam,
1041 2252 1149 2306 quo
1180 2237 1250 2292 ad
1285 2252 1346 2293 se
1405 2238 1674 2292 ventitare
1727 2237 1957 2292 facilius.

358 2339 568 2402 posset,
596 2304 741 2399 equo
769 2345 835 2384 ex
869 2304 1273 2398 pulcherrimis;
1308 2329 1541 2384 libenter
1581 2345 1806 2398 quoque
1840 2346 1943 2383 au-

359 2422 519 2476 diens
552 2435 678 2489 quae
705 2430 1043 2488 proponeret
1079 2427 1175 2471 aut
1208 2426 1481 2486 posceret,
1538 2420 1949 2487 mullorumque

361 2528 466 2583 pro
495 2513 697 2582 quibus
725 2521 944 2580 rogaret
967 2526 1165 2566 causas
1197 2511 1265 2564 ad
1294 2512 1421 2578 ejus
1442 2521 1627 2564 votum
1651 2510 1948 2579 expediens

361 2616 418 2660 et
449 2604 672 2661 solvens
706 2602 946 2657 vincula.
995 2603 1104 2657 Nec
1134 2617 1264 2658 suas
1296 2603 1351 2656 in
1390 2605 1494 2656 hac
1520 2616 1685 2656 scena
1722 2601 1948 2657 deside-

360 2696 469 2752 rari
489 2694 800 2766 patiebatur
812 2693 1149 2766 Hyacinthus
1168 2704 1375 2764 partes.
1397 2693 1782 2763 Respondebat
1802 2695 1946 2748 enim

363 2787 556 2859 gratiae
583 2786 843 2855 Augusti,
877 2792 1037 2856 prout
1058 2785 1351 2854 oportebat
1366 2785 1486 2854 ejus
1510 2785 1718 2839 alendae
1746 2799 1952 2854 augen-

364 2881 560 2946 daque
586 2877 872 2946 cupidum,
906 2876 1297 2930 venerabundo
1322 2890 1541 2944 semper
1566 2876 1746 2936 vultu.
1769 2875 1952 2930 Verbis

370 2958 745 3038 obsequiosis,
783 2976 904 3022 arte
949 2966 1342 3022 assentationis
1370 2966 1520 3020 vafra
1556 2965 1741 3021 fucum
1780 2964 1953 3019 obdu-

376 3075 500 3119 eens
550 3058 719 3114 facile
747 3059 988 3114 credenti
1020 3059 1169 3127 quod
1208 3060 1366 3115 valde
1420 3070 1633 3128 cptaret
1687 3060 1946 3131 principi.

2035 580 2192 633 πάντ’
2219 579 2432 648 ὄνειρος
2467 576 2878 647 ὲντυποὺμενος
2913 577 2981 630 τὰ
3014 574 3364 647 ἀνύπαρκτα.
3402 578 3624 647 ’Δμέλει

2033 686 2116 723 τοι
2167 670 2458 732 κάκείνους
2515 668 2638 740 μὲν,
2676 669 2798 723 ἐπεὶ
2847 668 3113 732 πολλάκις
3168 668 3489 739 προσμίξας
3524 672 3624 724 καὶ¹

2034 767 2229 833 τιμαῖς
2268 765 2559 833 μεγίσταις
2589 761 3014 832 δεξιωσάμενος,
3059 760 3200 816 ὥστε
3247 764 3482 826 καὶτοῖς
3526 781 3625 817 τυ-

2037 853 2192 922 φλοῖς
2225 853 2703 919 ὑπεξανίστασθαι
2726 852 3020 922 προσιοῦσι
3057 854 3150 907 καὶ
3192 854 3525 924 μακαρίζειν
3554 856 3627 909 τὰ

2038 946 2188 1016 παθη
2220 947 2319 999 καὶ
2352 945 2698 1014 παρακαλεῖν
2753 945 2828 1016 μὴ
2865 945 3008 999 καλά
3058 944 3362 999 καλύπτειν
3406 948 3625 1011 κακοῖς,

2037 1039 2132 1091 τὸν
2164 1037 2316 1107 ὑπὲρ
2347 1037 2493 1091 Θεοῦ
2524 1038 2618 1092 καὶ
2651 1038 2758 1090 τῶν
2785 1036 2948 1090 θείων
2978 1036 3143 1108 ζῆλον
3175 1039 3295 1103 ταῖς
3323 1037 3435 1107 τῆς·
3458 1037 3627 1092 αὑτοῦ

2052 1130 2382 1199 Ἐκκλησίας
2433 1130 2820 1193 ἀποστασίαις,
2875 1129 3031 1192 τέλος
3080 1130 3295 1199 ἀφίησι,
3337 1129 3632 1184 σκέπτεται

2040 1222 2098 1276 δὲ
2140 1224 2279 1286 μετὰ
2329 1220 2511 1276 κοινοῦ
2544 1222 2823 1291 συνεδρίου
2863 1225 2964 1283 καὶ
2999 1220 3148 1293 ἱεροῦ
3196 1223 3380 1285 ὁποῖος
3419 1222 3486 1277 ἂν
3537 1223 3639 1276 καὶ·
3683 1210 3689 1217 ’

2043 1318 2271 1390 κληθείη
2316 1322 2393 1381 είς
2435 1318 2780 1387 προστασίαν
2822 1318 2935 1387 τῆς.
2964 1317 3295 1387 Ἐκκλησίας
3321 1319 3461 1386 μετά
3493 1317 3648 1388 Γρηιν

2042 1411 2249 1482 γόριον.
2310 1413 2539 1465 Ἐκεῖνοι
2593 1411 2693 1477 μὲν
2738 1411 2848 1483 γὰρ
2890 1409 2985 1464 καὶ
3037 1411 3281 1480 ἀκίχητα
3336 1409 3631 1463 διώκουσιν

2044 1504 2288 1575 ἐῴκεσαν
2310 1506 2592 1573 ἄντικρυς,
2621 1503 2833 1557 ἀθετεῖν
2865 1505 2963 1572 μὲν
2987 1503 3264 1568 ἀξιοῦντες
3286 1503 3376 1558 τὸν
3409 1503 3648 1573 Ἰωσὴῑροο

2045 1594 2356 1651 ἀθετεῖνδὲ
2406 1595 2501 1647 καὶ
2535 1593 2715 1663 δόγμα
2757 1593 2859 1662 τῆς
2920 1593 3251 1664 Ἐκκλησίας
3302 1591 3364 1668 τὸ
3408 1593 3496 1647 διὰ
3541 1593 3641 1646 τοῦ

2048 1688 2183 1741 Υίοῠ
2209 1689 2272 1741 ἐκ
2303 1690 2517 1758 Πατρδς
2553 1685 2974 1757 ἐκπορεύεσθαι,
3005 1688 3286 1757 ἀρχιερεῖς
3305 1685 3361 1739 δὲ
3393 1686 3641 1756 φιλοκρι-

2049 1782 2182 1841 νεῖν,
2216 1780 2310 1831 καὶ
2335 1779 2640 1849 ἱερωσύνην
2665 1780 2763 1849 τὴν
2790 1779 2890 1848 μὲν
2921 1779 3269 1848 προσίεσθαι,
3301 1778 3400 1849 τὴν
3428 1781 3474 1833 δ’
3503 1781 3649 1833 ἀποο

2052 1871 2320 1939 πέμπειν,
2348 1870 2440 1923 καί
2473 1886 2594 1922 τινα
2618 1869 2847 1921 τοιαῦτα
2886 1868 3021 1922 πολὺ
3048 1867 3108 1921 τὸ
3141 1868 3408 1939 δυσχερὲς
3436 1868 3531 1922 καὶ
3560 1870 3643 1933 είς

2051 1959 2224 2030 ἀκοὴν
2257 1961 2451 2030 ἔχοντα
2486 1960 2655 2029 μόνην
2686 1961 2785 2030 μιᾷ
2820 1976 2927 2011 τινι
2966 1959 3381 2029 συμφοροῦντες
3418 1959 3656 2026 ἀξιώσειι

2051 2056 2148 2110 καὶ
2177 2054 2429 2122 λέγοντες
2462 2054 2538 2117 ὡς
2579 2052 2957 2123 εὐαγγελικῶς
2991 2070 3048 2105 τε
3100 2054 3207 2107 καὶ
3237 2055 3544 2118 κανονικῶς
3575 2054 3661 2108 τάκ

2052 2247 2201 2285 mutu
2261 2232 2406 2286 aliud
2441 2239 2599 2287 erant
2650 2248 2812 2299 quam
2846 2248 3063 2287 merum
3109 2233 3410 2295 somnium,
3443 2233 3665 2291 formas.

2052 2334 2255 2379 temere
2284 2335 2507 2383 nectens
2541 2325 2888 2381 insociabiles
2938 2318 2999 2381 in'
3051 2344 3244 2391 unum,
3304 2329 3526 2383 nonnisi
3564 2328 3648 2381 fa-

2055 2418 2245 2472 bulose
2281 2418 2571 2473 conﬂ‘abile
2602 2420 2836 2474 coitione
2861 2424 3202 2474 naturarum.
3245 2437 3368 2477 sese
3414 2423 3646 2477 invicem

2052 2512 2457 2566 excludentium
2494 2523 2792 2581 spectrum.
2846 2512 2909 2565 Et
2945 2514 3135 2567 sensit.
3176 2514 3394 2569 tandem
3463 2516 3650 2585 Augu-

2052 2613 2172 2660 snts
2223 2619 2283 2659 se
2338 2619 2557 2672 cperam
2614 2605 2857 2673 perdere.
2894 2602 3081 2671 Itaque
3131 2616 3254 2673 post
3309 2608 3508 2676 saepius
3550 2608 3669 2661 adu.

2052 2696 2254 2751 missos
2311 2696 2639 2765 auditusque
2688 2705 2742 2748 et
2796 2694 3017 2749 honoris
3074 2698 3384 2768 favorisque
3434 2700 3671 2755 indiciis.

2052 2788 2504 2856 exquisitissimis
2538 2788 2740 2844 frustra
2777 2791 2956 2846 cultos
3009 2791 3275 2859 primores
3313 2790 3653 2845 Arseuiann-

2054 2894 2197 2941 rum,
2246 2881 2382 2933 adeo
2430 2881 2646 2949 quidem
2692 2889 2767 2934 ut.
2796 2881 2863 2935 iis
2913 2882 3055 2934 inter
3096 2882 3243 2949 ipsos
3285 2881 3378 2951 qui
3413 2896 3673 2936 εποντο-ι

2058 2973 2206 3026 tione
2242 2973 2414 3041 puniti
2468 2973 2598 3026 olim
2644 2972 2880 3039 fuerant;
2927 2974 3273 3029 venientibus
3328 2975 3393 3029 ad
3451 2990 3512 3031 se
3562 2991 3673 3030 as-~.

2056 3073 2324 3130 surgeret,
2373 3076 2426 3118 et
2479 3065 2673 3120 beatos
2714 3067 2836 3122 illos
2875 3066 3225 3122 cicatricibus
3267 3068 3385 3121 istis
3433 3067 3674 3123 virtutis.

371 3149 707 3208 lemorabat
734 3150 993 3206 videlicet
1016 3166 1075 3206 se
1112 3153 1331 3219 quidem
1385 3152 1621 3206 amicum
1656 3154 1806 3220 pacis
1834 3168 1954 3209 esse
1982 3179 2027 3236 ρ
2058 3169 2123 3209 ac
2154 3158 2476 3211 constantia:
2530 3157 2772 3225 ipsorum
2837 3159 3109 3214 indicibus
3161 3159 3499 3228 prmdicaret.
3554 3159 3659 3213 ad-

371 3255 426 3301 et
467 3253 722 3315 paratum
755 3245 823 3299 ad
867 3244 1364 3300 reconciliationem
1403 3245 1591 3299 statim
1627 3247 1958 3315 amplecten-

370 3337 521 3399 dam,
545 3349 758 3391 moram
790 3344 970 3390 autem
1005 3350 1165 3389 unam
1188 3334 1293 3390 sibi
1328 3350 1452 3391 esse
1471 3337 1836 3392 neceSSariam
1866 3337 1967 3392 de-

370 3428 617 3485 clarandi
649 3428 735 3484 sui
766 3429 820 3482 in
854 3428 1202 3482 concordiam
1251 3442 1514 3484 assensus
1550 3444 1739 3483 curam
1780 3429 1961 3485 addue-

369 3521 759 3577 eendieodem
791 3528 1042 3585 caeteros,
1073 3534 1308 3589 quorum
1361 3519 1516 3574 multi
1577 3529 1694 3576 arte
1752 3535 1820 3576 ac
1871 3536 1966 3590 pa-

371 3612 563 3668 tientia
606 3613 813 3668 seusim
850 3611 1163 3681 peliieiendi
1190 3619 1367 3676 erant,
1403 3620 1461 3666 ut
1495 3611 1879 3667 abhorrentem
1932 3626 1963 3667 a

373 3705 587 3762 ﬁndere
614 3720 682 3760 ac
711 3703 1085 3760 consensione
1111 3704 1331 3773 genium
1365 3703 1666 3757 vincerent.
1705 3703 1821 3765 liis.
1855 3719 1965 3774 quo

373 3798 581 3856 certius
610 3796 806 3853 deinde
833 3796 1288 3865 constantiusque
1313 3795 1485 3865 pactis
1510 3798 1793 3852 conventis
1850 3806 1966 3853 sta-

378 3900 523 3953 rent,
569 3887 964 3958 indulgendum
1018 3902 1140 3941 esse
1192 3886 1452 3956 spatium,
1483 3885 1711 3942 celando
1744 3886 1964 3942 interim

376 3983 523 4053 quod
551 3982 667 4051 jam
702 3994 850 4035 nunc
880 3980 1045 4033 fixum
1080 3980 1133 4032 in
1161 3981 1347 4033 animo
1378 3979 1622 4034 haberet.
1659 3979 1732 4034 lie
1757 3978 1967 4035 Joanne

376 4072 559 4128 aiebat
593 4070 736 4125 male
772 4070 924 4124 illum
961 4068 1097 4121 mori
1129 4082 1352 4137 cupere,
1384 4066 1660 4123 hominem
1691 4068 1966 4124 irrevoca-

373 4163 505 4220 bilis
538 4162 597 4217 in
628 4162 836 4217 ruendo
863 4159 1237 4223 caecitatis..ne
1265 4160 1381 4215 suis
1408 4159 1627 4230 quidem
1657 4161 1965 4232 probatum,

375 4269 518 4325 quos
582 4262 846 4324 pertaesos
913 4268 1130 4306 morum
1166 4267 1288 4321 eius
1328 4260 1384 4306 et
1441 4250 1665 4307 ferendo
1722 4252 1977 4310 defessos

376 4359 556 4414 operte
590 4345 829 4414 pretium
868 4342 1006 4398 foret
1048 4344 1116 4397 ab
1148 4358 1213 4397 eo
1244 4343 1705 4406 abducere,brevi
1733 4344 1813 4399 sic
1845 4359 1970 4413 pas-

375 4451 510 4493 suro
534 4437 895 4507 ignominiam
936 4437 1166 4504 graculi.
1196 4437 1419 4507 plumis,
1451 4454 1590 4507 quas
1624 4441 1970 4493 comtnodato

2067 3250 2293 3304 hortans
2340 3250 2570 3305 subinde
2612 3250 2758 3319 ipsos
2785 3265 2851 3306 ne
2882 3259 3063 3307 vetera
3101 3251 3298 3305 decora
3345 3249 3673 3305 recentibus

2065 3339 2300 3393 maculis
2352 3340 2693 3408 obtegerent,
2774 3340 2879 3393 hoc
2918 3350 3003 3394 est
3049 3356 3117 3392 ne
3163 3354 3323 3407 quem
3380 3340 3678 3407 ingentem

2065 3439 2129 3486 et
2170 3430 2329 3485 valde
2376 3428 2702 3485 laudabilem
2751 3438 2881 3483 tunc
2930 3439 3353 3493 monstrassent,
3407 3445 3530 3482 rum
3567 3430 3675 3486 illa-

2068 3530 2198 3578 sunt
2243 3521 2415 3592 passi,
2448 3536 2546 3591 pro
2589 3521 2697 3573 Deo
2739 3528 2791 3574 et
2840 3521 3007 3575 rebus
3069 3521 3268 3575 divinis
3334 3520 3532 3584 zelum,
3590 3521 3665 3575 ad

2069 3626 2373 3670 extremum
2409 3621 2832 3682 corrumperent:
2859 3612 3262 3669 deiectionibus
3303 3613 3371 3667 ab
3407 3612 3669 3668 Ecclesia

2068 3705 2265 3776 ipsius,
2308 3706 2409 3760 hoc
2452 3713 2537 3760 est
2577 3719 2741 3773 quam
2801 3704 3003 3773 ipsein
3054 3704 3325 3773 integrum
3389 3702 3670 3758 restituis-

2070 3809 2177 3860 set.
2221 3797 2465 3868 denique
2517 3796 2653 3850 nihil
2689 3811 2747 3851 se
2807 3797 3073 3866 profit-ene
3121 3796 3313 3851 videns
3351 3811 3543 3852 omnes
3575 3798 3671 3851 di-

2071 3890 2239 3955 misit,
2271 3890 2339 3944 de
2385 3897 2583 3944 caetero
2623 3890 2940 3945 consultans
2990 3903 3113 3943 cum
3157 3889 3213 3943 in
3271 3888 3510 3944 concilio
3533 3904 3677 3956 pro-

2070 3996 2256 4038 cerum
2310 3995 2375 4035 ac
2443 3989 2761 4034 senatorum
2839 3989 2952 4034 tum
3023 3981 3186 4034 etiam
3238 3981 3291 4034 in
3361 3980 3693 4035 antistitum.

2070 4065 2125 4130 et
2160 4071 2655 4129 ecclesiastieorum
2711 4082 2878 4135 coetu,
2934 4071 3186 4140 quisnam
3249 4072 3527 4126 vocandus
3582 4070 3695 4125 vi—.

2071 4160 2291 4217 deretur
2341 4160 2409 4216 ad
2443 4161 2683 4231 regimen
2732 4159 2996 4217 Ecclesia:
3029 4170 3152 4230 post
3199 4160 3545 4230 Gregorium.
3599 4162 3689 4216 At»

2073 4255 2293 4311 interim
2356 4253 3086 4324 Arseniani-necquidquam
3144 4269 3204 4309 se
3254 4255 3545 4318 vexabant,
3583 4255 3684 4308 in—

2073 4355 2188 4400 star
2216 4342 2660 4416 preseqnentium
2709 4349 2965 4401 ardenter
3013 4362 3245 4416 quorum
3294 4349 3695 4410 assequendo-t

2080 4453 2201 4491 rum
2256 4452 2358 4490 nec
2421 4451 2545 4505 spes
2596 4451 2699 4492 nec
2775 4435 3006 4491 facultas
3055 4437 3165 4492 ulla
3212 4438 3305 4492 sit.
3385 4437 3681 4493 lnstabant

377 4538 686 4598 acceperat,
716 4528 922 4597 ereptis
955 4528 1009 4581 in
1048 4526 1192 4582 fmda
1225 4529 1546 4598 deprehensi
1580 4540 1633 4582 et
1662 4530 1807 4586 irrisi
1865 4547 1965 4585 nn-
1989 4536 2047 4598 Ι)
2068 4530 2322 4585 videlicet
2355 4530 2494 4598 apud
2548 4530 2818 4601 synodum
2859 4538 2917 4584 ut
2952 4530 3322 4585 declararetur
3370 4527 3683 4600 Josephum

377 4620 570 4676 ditate.
608 4618 750 4673 liora
779 4618 1158 4684 indusniaque
1176 4620 1241 4672 ad
1265 4619 1314 4671 id
1341 4634 1483 4687 opus
1512 4619 1765 4683 esse,Srd
1784 4619 1971 4689 longa-

380 4709 635 4766 nimitate
659 4708 933 4776 imprimis
987 4718 1042 4761 et
1072 4708 1276 4762 invicto
1306 4709 1503 4762 robore
1528 4708 1824 4778 patientiaa,
1848 4724 1970 4778 quae

381 4804 553 4858 multa
579 4792 794 4856 interim
820 4815 1011 4855 eorum
1050 4801 1287 4870 Ineptias
1321 4800 1566 4865 devoret,
1590 4801 1788 4871 flagitia
1805 4801 1967 4855 etiam

378 4888 619 4949 occultet
650 4891 1047 4949 dissimulando
1095 4894 1434 4960 praeteriens,
1482 4908 1589 4947 non
1615 4908 1780 4963 parvo
1798 4893 1970 4955 longae

348 4988 685 5043 ‘tnlerantiae
742 4988 941 5057 pretio,
985 4986 1041 5041 si
1085 4988 1297 5040 tandem
1320 5001 1387 5040 eo
1404 4987 1785 5053 perducantur,
1808 4986 1969 5056 138

382 5080 670 5136 utinﬂecti
707 5096 767 5137 se
799 5081 984 5136 sinant
1004 5079 1071 5134 ad
1114 5079 1892 5148 schismaticampertinaciam
1915 5081 1968 5133 in

381 5186 632 5245 tempore
659 5173 1234 5232 remittendam.'l‘alia
1268 5176 1577 5229 disserebat
1609 5172 1966 5245 Hyacinthus,

377 5284 480 5338 spe
519 5269 601 5324 sic
631 5268 778 5323 inani
839 5268 1049 5324 lactans
1085 5269 1363 5323 credulam
1422 5269 1652 5337 Augusti
1708 5278 1966 5330 mentem,

379 5359 741 5427 favoremque
773 5359 948 5428 ipsius
992 5359 1166 5427 magis
1196 5360 1299 5413 sibi
1331 5360 1615 5426 magisque
1651 5373 1716 5411 ac
1746 5358 1863 5412 suis
1887 5372 1970 5410 σεο

382 5466 595 5507 serens.
625 5452 829 5521 Pignus
858 5451 979 5521 ejus
1014 5450 1155 5505 baud
1192 5450 1655 5505 contemnendum
1689 5449 1792 5504 fuit
1823 5448 1967 5517 quod

380 5546 784 5602 monasterium
825 5560 856 5599 a
891 5544 1093 5599 Mosele
1127 5557 1323 5598 nomen
1364 5543 1577 5597 habens
1608 5542 1689 5598 eis
1720 5542 1972 5609 indulsit;

382 5651 609 5707 praque
641 5649 702 5690 se
743 5635 857 5704 jam
897 5646 1014 5689 tum
1046 5632 1171 5688 tulit
1198 5642 1352 5689 certo
1396 5632 1671 5687 conlidere
1702 5632 1972 5687 universa:

383 5728 709 5782 Arseniana:
729 5735 893 5783 sectae
936 5724 1150 5795 plenam
1175 5740 1299 5780 cum
1325 5723 1569 5780 Ecclesia
1615 5722 1969 5779 concordiam

385 5827 514 5888 post
548 5833 661 5877 non
694 5817 930 5875 multum
968 5815 1313 5875 exstituram.
1375 5815 1483 5873 Sed
1514 5816 1630 5873 hac
1682 5815 1823 5872 nihil
1876 5815 1969 5873 de-

2073 4638 2178 4679 nec
2220 4638 2411 4676 verum
2441 4638 2543 4677 nec
2585 4623 2885 4692 legitimum
2920 4621 3090 4677 fuisse
3126 4622 3516 4692 patriarcltam.
3569 4618 3686 4674 Po-

2072 4715 2348 4769 stulabant
2396 4724 2659 4783 praeterea
2713 4713 2963 4769 damnari
3016 4715 3213 4782 dogma
3244 4713 3503 4769 Ecclesiae
3557 4726 3685 4783 quo

2071 4816 2300 4860 sanctus
2356 4805 2598 4876 Spiritus
2641 4821 2707 4862 ex
2773 4805 2933 4862 Patre
2992 4822 3090 4876 per
3124 4805 3320 4860 Filium
3378 4805 3689 4873 procedere

2072 4895 2413 4952 atfirmatnr:
2461 4898 2658 4952 deinde
2709 4897 3123 4952 contendebant
3176 4898 3369 4952 crebra
3402 4905 3686 4952 etsevera

2072 4988 2407 5043 tnstituenda
2448 4989 2522 5045 de
2561 4989 2912 5045 sacerdotum
2967 4989 3411 5043 ordinationibus
3440 4988 3684 5058 judicia,

2071 5079 2273 5149 quibus
2323 5081 2437 5135 lnec
2491 5081 2712 5150 quidem
2753 5082 3159 5144 admitteretur.
3190 5081 3282 5136 illa
3328 5081 3688 5152 rejiceretur'

2070 5170 2280 5225 ditiicili
2306 5179 2361 5224 et
2394 5173 2690 5238 perodioso
2724 5172 3063 5228 discrimine.
3112 5172 3359 5242 Denique
3395 5172 3499 5226 alia
3525 5187 3682 5241 qua:-

2070 5264 2193 5318 dam
2225 5264 2548 5333 flagitabant
2592 5267 3007 5335 perplexitatem
3061 5265 3490 5321 inextricabilem
3530 5279 3682 5320 sum—

2071 5370 2326 5424 mamque
2357 5357 2739 5412 dil‘licultatem
2774 5359 2952 5426 primo
2998 5358 3120 5430 ipso
3168 5358 3355 5413 auditu
3389 5356 3679 5427 prazferen-

2071 5450 2179 5503 tia.
2245 5449 2352 5502 Sed
2412 5465 2605 5504 omnes
2661 5454 2910 5505 omnium
2961 5452 3187 5506 istarum
3224 5450 3543 5520 petitionum
3583 5447 3687 5500 ab-

2071 5536 2372 5607 surditates
2411 5540 2463 5592 in
2508 5554 2680 5593 unum
2718 5539 2878 5608 quasi
2916 5540 3122 5595 fascem
3149 5537 3499 5609 congessisse
3570 5528 3679 5592 visi

2070 5636 2224 5689 sunt,
2255 5642 2381 5682 cum
2438 5628 2601 5700 1‘39
2656 5632 2891 5700 quadam
2936 5633 3025 5686 die
3074 5633 3126 5686 in
3154 5630 3387 5686 concilio
3416 5629 3681 5693 dixerunt

2072 5733 2135 5775 se
2185 5721 2500 5792 evangelice
2554 5706 2620 5777 ac
2676 5724 2943 5780 canonice
3002 5739 3089 5779 res
3140 5720 3400 5779 Ecclesia:
3454 5736 3689 5793 campo--

2075 5815 2396 5881 situros,.si
2452 5824 2564 5873 tota
2635 5831 2827 5873 earum
2900 5815 3330 5883 administratio,
3402 5828 3682 5876 annuente
