4094 6410
470 375 573 439 1.55

1662 373 1988 435 GEORGII
2035 369 2525 433 PACHYMERE

3622 354 3715 420 15b

459 499 599 549 κατὰ
626 498 723 566 τὴν
760 497 1086 566 ’Ἐκκλησίαν
1110 479 1422 557 διάθωνται,
1452 490 1555 559 εἴγ’
1581 492 1665 543 ἐπ’
1705 491 1936 552 ἐκείνοις
1962 490 2031 542 τά
2063 496 2105 549 Α
2138 489 2257 540 ἐπεὶ
2284 486 2382 540 ούκ
2414 483 2683 544 ἐπείθετο,
2734 481 2860 548 περὶ
2916 480 3118 547 ἁμςοῖν
3174 478 3282 529 τῶν
3306 475 3516 527 λοιπῶν
3553 493 3719 546 προσ-

461 591 768 660 πράγματα
822 591 1065 658 γένοιντο
1108 587 1372 656 βασιλέως
1420 588 1733 648 νεύσαντος.
1768 577 1928 637 Οὗτοι
1979 582 2037 635 δὲ

465 683 656 749 μεγάλ’
687 683 824 736 ἄττα
853 685 961 736 τῶν
987 681 1173 735 κακῶν
1200 680 1538 745 ὑπειδόμενοι
1582 677 1717 745 πρὸς
1744 675 1820 742 τῷ
1852 674 2038 745 ἀτόπῳ

459 774 570 826 τῶν
600 774 1016 840 ὑπονοουμένων
1054 771 1447 843 κατωρῤὡδουν
1478 771 1552 838 μή
1601 787 1714 830 πως
1746 767 1839 819 ἐπὶ
1871 756 2039 835 νεαρᾷ

463 866 798 917 καταστάσει
827 867 926 931 τῆς
972 863 1301 930 Ἐκκλησίας
1332 860 1527 928 κωφὸν
1576 860 1727 929 κῦμα
1773 857 2037 928 πραγμά-

463 972 571 1007 των
624 954 1043 1024 ὰναταράξειαν.
1086 955 1280 1007 Ἔνθεν
1322 971 1403 1005 τοι
1446 953 1719 1005 κάκείνων
1750 950 2036 1017 ἀφειμένοι

466 1052 617 1118 κοινῇ
666 1048 915 1120 περὶτοῦ
949 1048 1291 1119 πατριάρχου
1339 1047 1401 1119 [Ρ
1451 1046 1541 1116 95]
1576 1046 2034 1098 κατεσκέπτοντο.

468 1155 554 1225 ιγ’.
592 1157 729 1226 Περὶ
777 1158 884 1212 τοῦ
924 1158 1309 1218 Ἀθανασίου,
1344 1156 1503 1222 ὅπως
1529 1159 1617 1222 εις
1650 1154 1715 1208 τὸ
1758 1168 2037 1220 πατριαρ-

1028 1227 1196 1295 χεῑον
1229 1228 1472 1301 προέϐη.

534 1318 642 1372 Καὶ
690 1318 753 1389 δὴ
809 1318 1135 1387 ψηφίζονται
1194 1321 1337 1387 τρεῖς
1394 1334 1457 1384 γε
1526 1316 1661 1368 κατά
1697 1315 1756 1367 th
1785 1314 2035 1383 σύνηθες,

464 1409 680 1477 πρῶτον
719 1409 815 1476 μὲν
849 1408 937 1460 τὸν
972 1408 1275 1469 Γεννάδιον,
1307 1406 1362 1468 ὃς
1394 1407 1455 1476 δὴ
1482 1407 1573 1457 καὶ
1600 1406 1692 1457 ἐπὶ
1725 1407 1789 1474 τῇ
1851 1403 2038 1474 πρώτῃ

474 1498 851 1551 Ἰουστινιανοῦ
886 1497 1178 1567 ψηφισθεὶς
1211 1498 1307 1550 καὶ
1336 1500 1435 1564 τὴν
1490 1496 1671 1564 ψῆφον
1728 1495 2038 1561 δεξάμενος,

463 1590 811 1657 ἐπιδημήσας
835 1590 930 1640 καὶ
955 1589 1277 1657 ἐγχρονίσας
1312 1588 1502 1640 ἔπειτα
1545 1588 1860 1657 παρῃτεῖτο,
1923 1585 2042 1638 δεύ-

462 1696 620 1751 τερον
639 1681 729 1733 τὸν
784 1680 1059 1737 Ἰάκωϐον.
1098 1680 1266 1748 ἄνδρα
1329 1681 1455 1741 τοὺς
1507 1681 1743 1747 τρόπους
1785 1677 2042 1730 ἀπλοῖκὺν

464 1770 558 1821 καὶ
587 1769 874 1831 εὐλαϐείας
910 1769 1115 1837 πλήρη,
1142 1769 1241 1838 τὴν
1276 1771 1367 1820 τὸν
1404 1768 1544 1821 κατά
1574 1767 1665 1820 τὸν
1697 1766 1847 1819 ’Λθω
1912 1784 2044 1835 προ-

2140 580 2306 633 ὡπων
2333 580 2366 647 ἡ
2392 577 2573 647 κρίσις
2598 574 2674 644 τῷ
2714 572 2925 642 βασιλεῖ
2973 570 3261 633 ἐνεδοίαζε,
3328 570 3421 621 καὶ
3466 567 3533 620 τά
3588 566 3720 633 ζυγά

2139 672 2239 740 τῆς
2281 668 2572 740 ἀρεσκείας
2628 667 2767 736 ὑπὲρ
2818 665 2909 717 τὸν
2960 663 3208 732 δεύτερον
3245 660 3379 730 πρὸς
3407 659 3500 711 τὸν
3546 660 3720 728 τρίτον

2141 764 2379 819 ἔκλιναν.
2409 761 2718 815 Κάντεῦθεν
2750 755 3108 828 προσκληθεὶς
3159 752 3476 813 Ἀθανάσιος
3507 750 3603 803 οὐκ
3633 750 3722 801 εύ-

2142 858 2237 920 θὺς
2262 857 2353 908 καὶ
2404 855 2566 917 αὐτὸς
2613 852 2866 914 ἐνεδίδου,
2904 847 3037 900 ἀλλά
3087 846 3154 897 τά
3203 841 3328 895 καθ’
3378 841 3544 894 αύτὶν
3588 838 3723 904 πρδς

2140 944 2388 998 τοιοῦτον
2429 943 2561 1012 ὕψος
2593 938 2967 1010 ὑπεκορίζετο.
3003 935 3153 995 Τέως
3184 933 3239 986 δέ
3269 930 3358 1002 βίᾳ
3421 928 3498 997 τῷ
3550 927 3722 979 δοκεῖν

2142 1037 2408 1108 βασιλέως
2433 1035 2528 1088 καὶ
2558 1034 2656 1103 τῆς
2680 1031 2899 1084 συνόδου
2924 1025 3208 1080 κατανεύει
3250 1023 3343 1076 καὶ
3403 1020 3502 1089 τὴν
3558 1019 3725 1087 πρόσο

2140 1132 2332 1201 κλησιν
2383 1128 2618 1197 δέχεται.
2648 1120 2830 1178 Ἦσαν
2878 1122 2923 1174 δ’
2972 1119 3136 1180 εὐθὺς
3174 1117 3241 1170 τὰ
3294 1114 3558 1184 προοίμια
3612 1110 3725 1163 ἀλλ’

2142 1223 2277 1275 ἄττα
2317 1220 2468 1290 ’παρὰ
2506 1220 2573 1271 τὰ
2600 1217 2883 1286 φθάσαντα
2908 1231 2921 1246 ·
2951 1209 3090 1278 πεζῇ
3124 1209 3232 1278 γάρ
3271 1206 3533 1278 ἡῆούλετο
3589 1202 3730 1268 διέρ..

2141 1314 2332 1386 χεσΘαι
2358 1311 2455 1374 τάς
2487 1310 2639 1372 ὁδοὺς
2669 1306 2871 1375 ἐνδυμά
2902 1321 2957 1356 τε
2982 1301 3156 1371 τραχὺ
3195 1300 3385 1369 φέρειν
3436 1297 3532 1349 καὶ
3571 1292 3729 1364 βλαύ-

2140 1423 2239 1468 τας
2268 1403 2487 1463 είκαίως
2520 1398 2975 1469 ηὐτουργημένας
2997 1391 3345 1447 ὑποδεδέσθαι
3376 1388 3473 1441 καὶ
3502 1388 3560 1437 ἐν
3599 1388 3731 1437 παν·

2142 1494 2262 1565 τοίᾳ
2294 1494 2531 1561 λιτότητι
2556 1489 2767 1558 διαζῇν.
2805 1486 2949 1553 Πλὴν
2980 1487 3039 1535 οὐ
3072 1483 3160 1535 διὰ
3190 1480 3340 1532 ταῦτ’
3365 1477 3625 1544 ἐζητεῖτο.
3653 1473 3723 1525 Ού

2143 1586 2254 1656 γάρ
2285 1583 2597 1649 ἐνδυμάτων
2629 1579 2723 1631 καὶ
2760 1575 3005 1647 βλαυτῶν
3031 1568 3098 1642 ἦν
3133 1570 3227 1622 καὶ
3284 1566 3615 1634 αὐτουργίας
3665 1567 3725 1656 τὸ

2144 1654 2232 1737 ὡς
2273 1675 2355 1727 δεῖ
2400 1671 2736 1741 ποιμαίνειν,
2787 1666 2923 1721 ἀλλά
2986 1664 3165 1733 ψυχῆς
3223 1660 3283 1713 εῦ
3329 1659 3563 1728 ἐχούσης
3591 1654 3724 1722 πρὸς

2151 1767 2330 1830 τοῦτο,
2386 1764 2609 1831 ἀγάπην
2655 1759 2942 1833 χωρούσης
2992 1751 3253 1824 Χριστοῦ,
3290 1750 3359 1803 δι’
3405 1745 3474 1821 ἧς
3504 1749 3567 1800 τὸ
3590 1744 3728 1800 κατά

466 1860 696 1911 στασίαν
736 1832 1209 1928 πεπιστευμένον,-
1240 1859 1333 1911 καὶ
1375 1859 1556 1926 τρίτον
1584 1858 1673 1910 τὸν
1712 1832 2050 1920 Ἀθανάσιον,
2085 1832 2125 1885 Β
2156 1857 2388 1929 Χριστὸν
2416 1832 2724 1923 ποιμαίνειν
2745 1850 3038 1917 ἐγγίνεται.
3077 1865 3096 1898 t
3131 1846 3190 1897 Ei
3251 1842 3425 1909 φιλεῖς
3480 1857 3548 1909 με
3600 1839 3725 1929 γὰρ.

463 1950 522 2001 ὃν
544 1950 608 2017 δὴ
641 1951 730 2002 καὶ
761 1950 899 2002 κατά
935 1949 1005 2002 τά
1036 1950 1141 2019 ὅρη
1180 1950 1274 2001 τοῦ
1302 1947 1470 2000 Γάνου
1520 1947 1942 2017 ἐνδιατρίϐοντα,
1989 1949 2053 1999 ἐκ

464 2037 657 2108 χωρῶν
684 2038 794 2090 τῶν
824 2037 968 2091 κατά
1019 2037 1119 2108 τὴν
1181 2036 1624 2106 ’Δδριανούπολιν
1688 2036 1786 2106 τὴν
1839 2037 2053 2103 γένεσιν

465 2129 678 2197 ἔχοντα,
703 2128 796 2181 τοῦ
846 2129 1224 2182 Ἥονοποὶίτον
1262 2127 1471 2195 βασιλεῖ
1526 2128 1896 2195 συστήσαντος
1948 2122 2054 2180 ἀνὰ

464 2221 565 2287 τὴν
592 2219 1004 2273 Κωνσταντίνου
1031 2221 1154 2272 τότε
1213 2219 1469 2285 διάγοντα
1524 2217 1776 2286 βασιλεὺς
1830 2220 1886 2270 ἐν
1940 2221 2054 2280 τοῖς

469 2310 711 2380 πρώτοις
754 2309 861 2363 τῶν
921 2311 1214 2381 γνωρίμων
1264 2310 1474 2361 ἔταττε.
1512 2309 1948 2377 Διαμηνυοᾶντος
1999 2309 2054 2363 δὲ

469 2403 647 2477 [1)94]
679 2402 773 2456 τοῦ
803 2402 1021 2474 πρώτου
1056 2406 1150 2456 καὶ
1177 2403 1244 2453 τά
1283 2402 1453 2453 πο).λά
1494 2400 2054 2469 καταναγκασθέντος,

469 2563 823 2632 imperatore,
859 2561 995 2631 ipsis
1060 2559 1479 2630 permitteretur.
1546 2558 2059 2615 cohorrescentibus

466 2655 535 2709 ad
587 2669 782 2709 sonum
846 2652 1022 2722 ipsum
1090 2651 1404 2721 hujnsmodi
1458 2652 1748 2706 verborum
1821 2652 2055 2716 cunctis,

469 2745 602 2800 dum
640 2746 834 2798 borum
871 2745 1153 2799 admonitu
1211 2743 1514 2812 subjiciunt
1583 2743 1783 2798 animis
1862 2751 2055 2797 tetram

471 2832 711 2902 speciem
770 2832 1039 2887 malorum
1087 2832 1288 2902 quibus
1325 2832 1516 2901 religio
1568 2842 1934 2902 exponeretur
1982 2841 2062 2886 ta-

471 2923 618 2981 libus
667 2924 1108 2978 moderatoribus
1163 2927 1482 2986 commissa.
1539 2939 1569 2977 a
1636 2940 1874 2993 quorum
1958 2924 2061 2978 im-

470 3015 822 3082 prudentium
883 3031 1036 3085 atque
1094 3028 1159 3069 ac
1245 3017 1663 3069 velterttentitttn
1732 3015 2059 3071 inconsultis

472 3109 700 3165 ausibus
728 3109 850 3177 jure
901 3118 1234 3163 metueretur
1264 3125 1331 3163 ne
1354 3125 1521 3178 super
1569 3116 1842 3164 recentem
1873 3110 2064 3164 Eccle-

472 3200 572 3263 sia:
607 3211 804 3255 statum
862 3200 1154 3268 procellam
1205 3202 1566 3256 immitterent
1594 3216 1659 3254 eo
1703 3181 2131 3270 perivulosio-c

475 3306 743 3361 rcm.quo
763 3292 886 3346 sine
922 3292 1122 3359 praevio
1153 3293 1417 3362 ingruens
1454 3291 1673 3346 fremitu
1705 3292 1930 3347 exitium
1968 3294 2068 3345 mi-

475 3383 567 3451 ttis
631 3389 999 3451 prteverterct,
1063 3396 1201 3436 nave
1283 3381 1466 3437 surdis
1550 3382 1716 3437 undis
1785 3380 2064 3436 obruenda

479 3474 636 3541 prius
689 3488 852 3540 quam
912 3474 1095 3527 sonitu
1151 3473 1568 3528 intuutcsccntis
1621 3473 1786 3528 utaris
1843 3472 2064 3527 excitati

477 3572 659 3635 nautre
708 3572 878 3617 artem
924 3564 1181 3625 expedire
1240 3578 1303 3616 ac
1366 3573 1623 3618 conatum
1709 3574 1935 3632 possent
1999 3564 2066 3616 ad

479 3658 588 3709 vim
640 3655 991 3723 frangendam
1026 3655 1225 3710 ﬂuetus
1282 3655 1491 3709 infesti.
1549 3653 1714 3722 Igitur
1764 3654 1871 3716 his.
1904 3662 1964 3707 ttt
1990 3653 2071 3708 di-

478 3760 631 3811 ctum
686 3757 791 3805 est.
844 3747 1087 3815 synodus
1138 3746 1379 3801 dimissis
1439 3744 1800 3799 communiter
1862 3744 1929 3798 de
1968 3759 2068 3812 pa-

478 3837 736 3900 triarchae
806 3837 1071 3890 electione
1133 3837 1499 3889 consultabat.

484 3927 573 3989 15.
610 3927 682 3980 De
711 3927 1028 3989 Athanasio,
1056 3936 1111 3978 ut
1164 3927 1220 3979 in
1262 3927 1719 3993 partriarchatum
1753 3927 1822 3981 sit
1850 3926 2066 3982 electus.

480 4076 483 4079 _
556 4020 697 4073 Ante
723 4019 930 4082 omnia,
964 4026 1023 4072 ut
1058 4032 1175 4072 mos
1200 4027 1303 4085 est,
1333 4027 1444 4072 tres
1484 4018 1759 4085 sull‘ragiis
1806 4031 2067 4072 commu-

488 4110 655 4169 nibus
700 4111 1003 4178 elegerunt,
1065 4122 1300 4177 quorum
1359 4123 1500 4162 unus
1553 4110 1810 4175 prtelatus
1856 4106 2070 4160 ca-teris

490 4208 806 4276 patriarcha
874 4208 1047 4259 lieret.
1101 4202 1323 4258 Primus
1379 4204 1545 4256 trium
1592 4203 1693 4257 fuit
1728 4201 2066 4268 Gennadius,

490 4300 583 4366 qui
618 4298 750 4351 olim
792 4298 1005 4350 electus
1051 4294 1105 4347 in
1161 4294 1483 4363 episcopum
1556 4295 1743 4362 primm
1800 4292 2070 4349 Justinia-

490 4408 628 4456 uete,
663 4402 715 4445 et
750 4390 1018 4445 electione
1059 4388 1322 4449 admissa,
1372 4387 1569 4440 deinde
1614 4386 1775 4455 longo
1827 4395 2069 4454 tempore

2156 1928 2349 2018 Πέτρε,
2391 1966 2409 1998 ι
2456 1945 2624 2015 φησὶ,
2672 1960 2691 1993 t
2728 1942 2984 2007 ποίμαινε
3011 1936 3078 1989 τὰ
3110 1933 3359 2002 πρόϐατά
3393 1946 3516 1999 μου.
3554 1947 3572 1979 t
3621 1928 3731 1979 Οὐκ

2155 2017 2282 2097 ἄλλο
2319 2040 2383 2110 δὴ
2411 2041 2623 2100 πάντως
2652 2036 2685 2105 ἢ
2716 2036 2798 2096 εἰς
2821 2030 3055 2099 Χριστόν
3087 2028 3275 2095 ἀγάπη
3309 2024 3342 2094 ἢ
3389 2026 3449 2076 τὸ
3479 2021 3647 2088 αὐτὴν
3669 2017 3728 2088 δὴ

2154 2132 2251 2202 τὴν
2284 2128 2520 2201 Χριστοῦ
2551 2127 2774 2194 ἀγάπην
2807 2123 2951 2192 ἔχειν
2980 2123 3038 2173 ἐν
3070 2123 3135 2188 τῇ
3171 2116 3342 2185 ψυχῇ.
3420 2112 3636 2179 Ἀγάπη
3676 2110 3731 2162 δέ

2155 2219 2393 2288 Χριστοῦ
2419 2220 2479 2272 τὸ
2511 2217 2692 2270 δοῦναι
2722 2216 2821 2285 τὴν
2861 2211 3038 2281 ψυχὴν
3092 2211 3181 2261 καὶ
3244 2206 3541 2260 ἀποθανεῖν
3596 2202 3732 2270 ὑπὲρ

2156 2313 2315 2382 ἡμῶν
2345 2312 2439 2364 καὶ
2462 2309 2543 2363 ἐτι
2582 2307 2850 2378 μενόντων
2883 2301 3230 2373 ἀμαρτολῶν.
3293 2297 3466 2351 Τοῦτο
3511 2295 3558 2349 δ’
3582 2289 3734 2355 αὖθις

2156 2405 2254 2475 τὴν
2282 2403 2419 2474 πρὸς
2441 2403 2566 2463 τοὺς
2606 2398 3018 2469 ἁμαρτάνοντας
3064 2390 3413 2462 συμπάθειαν
3472 2385 3729 2457 παριστᾷ.

2159 2559 2448 2617 confestim
2480 2557 2776 2629 acquievit,
2805 2553 3125 2625 aliquandiu
3173 2549 3483 2621 persistens
3531 2547 3585 2621 ip
3638 2543 3734 2598 de.

2161 2651 2445 2707 trectando
2470 2650 2603 2706 tanti
2637 2648 2839 2717 fastigii
2869 2660 3124 2702 ascensu.
3170 2643 3378 2697 Tamen
3439 2641 3506 2696 ad
3553 2647 3730 2694 extre,

2161 2760 2310 2801 mum
2340 2746 2471 2811 vim,
2504 2751 2564 2797 ut
2585 2740 2753 2797 videri
2781 2739 2975 2805 voluit,
3007 2735 3169 2806 quasi
3198 2733 3495 2803 quamdam
3529 2730 3629 2786 sibi
3668 2728 3736 2783 ab

2168 2841 2497 2907 imperatore
2520 2851 2582 2891 ac
2601 2834 2812 2906 synodo
2839 2833 3042 2887 illatam
3072 2844 3179 2884 non
3204 2828 3515 2889 sustinens,
3544 2827 3734 2879 aucto-

2160 2930 2322 2984 ritate
2367 2938 2515 2983 tanta
2565 2934 2873 2996 pertractus
2918 2921 2987 2978 ad
3031 2934 3319 2976 assensum
3352 2919 3552 2973 annuit
3582 2928 3738 2969 voca-

2162 3024 2480 3090 tionantque
2515 3018 2763 3074 admisit.
2811 3015 2933 3070 Mox
2985 3012 3253 3083 prommia
3309 3024 3537 3079 erepere
3590 3004 3733 3062 cerni

2165 3112 2365 3180 speciei
2439 3125 2503 3164 ac
2556 3109 2739 3165 cultus
2796 3106 3123 3177 patriarchae
3180 3102 3482 3171 designati,
3534 3097 3667 3156 satis
3705 3110 3737 3151 a

2167 3200 2588 3270 precezlentiom
2619 3197 3022 3254 consuetudine
3070 3194 3308 3250 diversa.
3365 3192 3548 3248 Pedes
3596 3189 3735 3246 enim

2171 3297 2271 3349 iter
2297 3291 2480 3347 facere
2514 3291 2774 3352 instituit,
2809 3298 3130 3358 vestemque
3172 3286 3318 3341 ferre
3367 3298 3647 3356 asperam,
3687 3289 3740 3336 et

2168 3387 2406 3440 calccari
2438 3383 2679 3452 crepidis
2710 3382 2834 3437 rudi
2892 3396 2959 3437 ae
3006 3380 3279 3435 subitaria
3337 3380 3523 3449 ipsius
3582 3387 3739 3447 opera

2168 3477 2438 3539 consutis,
2480 3475 2716 3544 denique
2739 3474 2794 3528 in
2827 3474 2977 3527 omni
3011 3473 3136 3527 vita:
3161 3480 3315 3541 parte
3358 3470 3611 3527 intimam
3668 3476 3746 3520 te-

2169 3568 2436 3621 nuitatem
2467 3574 2520 3618 et
2552 3564 2816 3618 vilitatem
2854 3562 3134 3619 aﬂecrarc.
3188 3562 3473 3617 Catcrum
3526 3576 3632 3615 non
3676 3558 3746 3613 ob

2172 3658 2286 3712 haec
2324 3656 2588 3726 quaesitus
2613 3653 2812 3710 fuerat.
2849 3653 2968 3709 Non
2993 3655 3138 3708 enim
3164 3654 3221 3708 in
3245 3652 3405 3715 vestit
3424 3673 3454 3708 ιι
3486 3668 3548 3708 ae
3570 3650 3746 3720 crepi-

2169 3750 2257 3804 dis
2281 3764 2443 3803 mantt
2511 3749 2731 3817 propria
2804 3748 3239 3817 deprOperandis
3298 3749 3452 3802 sacri
3514 3742 3745 3818 pastoris

2172 3850 2321 3897 recte
2350 3840 2498 3909 fungi
2534 3840 2725 3896 nl'ftrio
2755 3841 2923 3895 situm
2958 3847 3066 3904 est,
3098 3839 3192 3895 sed
3241 3839 3306 3892 ad
3364 3839 3475 3896 hoc
3530 3838 3743 3893 animus

2173 3934 2474 4004 requiritur
2497 3934 2710 3989 idoneis
2742 3934 2789 3987 ei
2819 3933 3096 3989 curationi
3129 3931 3388 3986 sensibus
3421 3940 3478 3986 et
3542 3927 3745 3984 aﬂ‘ecti-

2173 4028 2276 4082 ltus
2305 4027 2626 4092 instructus,
2651 4026 2856 4081 Christi
2893 4025 3193 4094 prasertim
3232 4024 3533 4079 instinctus
3562 4022 3740 4078 chari-

2173 4129 2306 4182 tate,
2336 4135 2458 4188 quae
2487 4122 2757 4189 praecipue
2786 4119 3002 4173 modum
3037 4133 3102 4172 ac
3139 4118 3248 4170 vim
3284 4117 3517 4185 inspirat
3570 4112 3742 4185 gregis

2175 4214 2430 4267 Ecclesiae
2475 4214 2634 4282 juxta
2694 4213 2896 4267 Christi
2950 4211 3203 4279 spiritum
3268 4212 3551 4279 pascendi.
3613 4207 3745 4261 Nam

2178 4326 2197 4357 ι
2242 4306 2298 4358 Si
2324 4320 2478 4359 antas
2515 4321 2621 4369 me,
2658 4303 2832 4367 Petre,
2864 4304 3065 4372 inquit,
3094 4317 3285 4371 pasces
3313 4317 3445 4356 oves
3478 4316 3627 4356 meas
3648 4302 3689 4356 '.
3722 4314 3740 4347 ι

2175 4398 2294 4453 Non
2329 4398 2476 4451 aliud
2513 4397 2773 4451 nimirum
2802 4396 3076 4463 ejusmodi
3111 4394 3353 4449 ofﬁcium
3383 4396 3542 4464 plene
3566 4389 3747 4446 absol-

490 4482 904 4553 peregrinatus,
932 4479 1170 4547 denique
1222 4489 1573 4533 recusaverat
1641 4490 1732 4532 aut
1781 4478 2056 4532 abdicave-

2177 4490 2254 4542 vit
2285 4504 2448 4555 quam
2473 4504 2629 4542 amor
2662 4488 2894 4549 Christi,
2928 4498 3022 4540 aut
3052 4488 3224 4556 ipsam
3256 4487 3465 4541 Citriin
3510 4484 3748 4541 cltarita-

490 4587 600 4631 rat.
626 4576 775 4629 Alter
796 4573 1061 4634 lacubus,
1090 4573 1170 4626 vir
1195 4572 1530 4640 simplicium
1579 4586 1794 4625 morum
1839 4581 1894 4625 et
1953 4571 2056 4637 ple-

2178 4592 2284 4635 tcm
2318 4582 2372 4635 in
2435 4581 2617 4635 anima
2672 4579 2897 4634 habere.
2935 4579 3139 4633 Christi
3170 4588 3352 4633 autem
3408 4578 3650 4633 charitas
3686 4586 3748 4624 ea

494 4684 600 4727 nus
665 4666 973 4734 religionis,
1039 4664 1129 4718 cui
1185 4664 1581 4718 monachorum
1656 4663 1858 4716 montis
1926 4665 2072 4716 Atho
2174 4683 2258 4728 εει
2296 4688 2400 4741 qua
2452 4673 2544 4728 me
2589 4672 2739 4727 dum
2787 4671 3070 4741 propriam
3111 4670 3353 4724 animam
3412 4680 3468 4723 ει
3516 4676 3749 4721 mortem

494 4759 826 4828 praefectura
901 4758 1110 4812 credita
1175 4756 1373 4809 fuerat.
1434 4756 1655 4810 Tertius
1714 4756 2050 4811 Athanasius

2176 4766 2349 4819 subiit
2379 4780 2477 4835 pro
2502 4766 2684 4826 nobis,
2717 4779 2841 4818 cum
2888 4773 3208 4834 peccatores
3261 4763 3442 4817 adhuc
3481 4771 3747 4816 essemus.

493 4866 655 4917 quam
688 4850 741 4903 ίιι
775 4858 964 4902 "mille
999 4849 1151 4902 ῧθηο
1172 4856 1640 4911 οοιηιηοτθυῑεῐην
1678 4848 1974 4903 oriundum
2044 4863 2075 4902 θ
2177 4856 2334 4923 Quod
2368 4873 2562 4911 rursus
2590 4857 3031 4925 eompassionem
3063 4856 3117 4909 in
3150 4866 3441 4925 peccantes
3488 4854 3747 4908 insinuat.

498 4942 817 5009 regionibus
851 4942 1210 5010 Adrianopoli
1238 4941 1595 5005 cireutnsitis,
1626 4943 1692 4995 ab
1748 4943 2071 5011 Eonopolita
2181 4948 2316 5016 Quis
2342 4949 2487 5002 enim
2517 4949 2799 5018 proprium
2831 4948 3133 5001 membrum
3167 4961 3371 5001 curans
3407 4960 3513 5000 non
3549 4944 3598 4998 id
3639 4941 3752 5011 pla-

501 5035 815 5102 imperatori
852 5034 1330 5104 Constantinopoli
1364 5048 1491 5090 tunc
1537 5036 1752 5107 degenti
1797 5052 2078 5091 commen-
2181 5044 2303 5100 cide
2328 5051 2658 5107 contrectat,
2689 5057 2796 5094 non
2840 5040 3035 5094 blande
3059 5054 3122 5093 ac
3167 5039 3432 5094 benevole
3492 5037 3623 5092 illud
3675 5033 3755 5087 fo-

504 5127 690 5179 datum
730 5127 819 5180 hic
844 5126 897 5180 in
922 5127 1115 5195 primis
1147 5137 1311 5196 atque
1339 5129 1551 5184 intimis
1584 5129 1945 5184 familiarium
1981 5133 2078 5183 lta-
2181 5143 2293 5197 vet,
2331 5134 2434 5189 etsi
2497 5132 2781 5186 vermibus
2807 5132 3059 5186 scateat‘l
3083 5131 3209 5201 quis
3244 5131 3482 5200 maligne
3505 5127 3754 5183 traducat

505 5219 645 5275 buit.
675 5219 891 5274 Primus
931 5231 1114 5275 autem
1157 5222 1478 5277 admonitus
1529 5223 1597 5276 de
1644 5224 1728 5277 sui
1791 5223 2080 5286 electione,
2184 5236 2239 5281 et
2268 5226 2488 5296 publico
2512 5224 2790 5279 insultans
2819 5224 3064 5277 ludibrio
3082 5222 3456 5292 propinaverit
3482 5220 3567 5275 sui
3590 5231 3756 5271 mento

507 5321 561 5366 et
599 5314 831 5367 multum
863 5315 1258 5382 ut-promuveri
1284 5329 1344 5369 se
1377 5323 1659 5383 pateretur
1691 5326 1903 5380 oratus,
1954 5330 2079 5371 cum
2187 5318 2296 5381 bri,
2331 5318 2433 5369 hoc
2464 5326 2546 5371 est
2575 5331 2737 5370 suum
2772 5316 2942 5384 ipsius
2981 5315 3197 5375 vitium,
3256 5314 3400 5383 quod
3456 5311 3660 5381 potius,
3708 5302 3754 5360 εἰ

510 5406 831 5475 persuaderi
858 5422 966 5461 non
993 5410 1283 5475 potuisset,
1319 5408 1592 5476 reltquntn
1619 5408 1761 5461 inter
1786 5407 1925 5463 duos
1950 5408 2085 5463 alios
2186 5426 2299 5479 quo
2336 5409 2477 5463 forte
2514 5425 2647 5462 casu
2689 5408 2743 5461 itt
2798 5407 3030 5460 alienam
3097 5406 3345 5459 notitiam
3397 5398 3756 5458 emanaverit,

507 5501 775 5572 judicium
805 5502 855 5553 itt
896 5500 1125 5554 arbitrio
1156 5499 1505 5568 imperatoris
1537 5499 1881 5565 versabatur,
1925 5501 2086 5569 cujus
2187 5517 2451 5558 excusare
2474 5499 2709 5554 sollicite
2731 5497 2971 5553 debeat?
3007 5496 3145 5552 Nam
3204 5497 3441 5567 propriae
3490 5499 3757 5563 (ιιιεηιίιιέθ

515 5595 789 5657 voluntas,
807 5592 1049 5648 secundo
1076 5592 1569 5663 pra:terito,magis
1599 5591 1666 5645 ad
1689 5593 1905 5645 tertium
1928 5592 2089 5646 incli-
2190 5595 2268 5648 rei
2307 5609 2439 5648 cura
2462 5601 2514 5647 et
2540 5604 2736 5646 sensus
2771 5591 2945 5660 angit,
2969 5590 3124 5657 juxta
3162 5589 3370 5643 dictum
3402 5582 3647 5641 Pindari.
3683 5578 3758 5631 Ae

514 5685 686 5758 parit.
716 5682 953 5740 Vocatus
986 5685 1152 5755 igitur
1186 5684 1521 5739 Athanasius
1551 5699 1725 5755 neque
1755 5685 1870 5753 ipse
1929 5686 2089 5763 ιω
2191 5687 2445 5742 Christus
2485 5685 2731 5758 quidem.
2757 5697 2821 5737 eo
2847 5682 3023 5737 solum
3049 5682 3192 5752 quod
3215 5677 3515 5737 Christiani
3567 5683 3756 5732 semul

588 5812 614 5865 '.
642 5813 805 5881 loan.
848 5831 961 5889 xxi,
1008 5815 1095 5883 i7.
