4094 6402
391 334 494 406 157

1312 342 1408 402 DE
1456 342 1897 409 ANDBONICO
1944 342 2415 425 P.\L.EOLOGO
2450 343 2604 407 LIB.
2631 342 2714 403 II.

3571 296 3705 406 15s

388 457 482 520 Τίς
514 456 621 526 γάρ
652 473 782 510 ποτε
817 457 878 510 τὸ
905 458 1104 512 οίκεῖον
1132 458 1290 527 μέλος
1316 459 1505 511 νοσοῦν
1538 461 1856 526 θεραπεύων
1887 461 1985 513 οὐκ
2018 476 2060 518 Α
2093 461 2351 532 μαθητῶν
2388 462 2453 534 [Ρ
2478 461 2569 533 95]
2596 460 2968 529 ἀπαραίτητος
3013 458 3121 511 τότ’
3155 458 3348 528 ἐκείνῳ
3376 458 3569 531 λάμψῃ
3611 463 3674 511 τὸ

382 549 561 618 ἠπίως
597 550 817 616 ἀφεῖται
842 549 937 601 καὶ¹
962 549 1162 618 ἱλαρῶς
1195 552 1386 619 ἐκείνῳ
1429 553 1821 620 προσφέρεται,
1879 551 1981 605 κᾶν

384 639 481 711 ζέῃ
518 641 809 709 σκώληκας
837 657 853 705 ;
885 638 982 702 Τίς
1017 641 1070 693 δὲ
1115 641 1208 693 καὶ
1259 641 1655 711 θριαμϐεύσειε
1717 643 1777 694 τὸ
1826 642 1981 696 ἐλάτ-

382 750 543 802 τωμα
567 732 789 792 ἑαυτοῦ.
810 733 857 784 εί
890 733 965 802 μὴ
989 733 1084 784 καὶ
1118 733 1320 802 μᾶλλον
1336 749 1602 787 κατανοου
1612 735 1771 803 μένου
1807 736 1946 802 ὕπερ

377 825 743 892 απολογοῖτο;
786 824 858 879 Τὸ
888 825 997 892 γὰρ
1029 826 1230 876 οἰκεῖον
1263 826 1445 899 πιέζει
1483 827 1614 887 πᾶν,
1646 825 1788 878 κατὰ
1854 827 1980 879 Πίν-

375 915 563 985 δαρον.
606 912 971 983 ΚαὶΧριστδς
988 914 1112 980 μὲν,
1152 914 1238 966 ὃτι
1273 914 1369 966 καὶ
1420 916 1580 982 μόνον
1624 916 1791 984 ἐσμὲν
1839 916 1976 986 Χρι-

379 1000 510 1062 ότοῦ
541 1008 638 1060 καὶ
664 1008 725 1059 τὸ
756 1006 888 1059 αὐτὸ
915 1007 1157 1074 φέρομεν
1188 1005 1343 1073 ἅγιον
1373 1007 1566 1076 ὄνομα.
1598 1008 1736 1078 μέλη
1771 1010 1843 1060 ὲκ
1877 1014 1975 1075 μὲ-

381 1117 510 1170 ρους
541 1098 817 1167 λογίζεται
855 1101 1095 1169 σαπροὺς
1131 1101 1243 1160 τοῖς
1276 1099 1748 1170 πλημμελήμασιν
1780 1100 1970 1162 ὄντας·

383 1192 542 1260 tusi;
580 1191 636 1243 δὲ
677 1190 1180 1260 ὑπερηφανήσομεν
1237 1190 1331 1243 καὶ
1368 1192 1831 1261 καταγνωσὸμεθα
1865 1191 1973 1243 τῶν

380 1281 709 1350 ὶνορώπων,
769 1281 970 1339 δίκαιοι
1001 1281 1151 1344 ὄντες
1189 1282 1532 1352 ἁμαρτωλῶν
1579 1285 1675 1335 καὶ
1709 1281 1971 1351 ἀνέγκλη-

373 1389 461 1424 τοι
489 1374 725 1442 ἐχόντων
754 1372 1098 1443 ἐγκλήματα,
1123 1373 1221 1427 καὶ
1250 1374 1343 1427 τὸν
1399 1374 1498 1443 μὲν
1523 1374 1864 1445 κολάσωμεν.
1896 1373 1973 1441 τῷ

370 1463 422 1515 δ’
462 1465 1007 1532 ὲπιπλήξωμεν,-τὸν
1044 1466 1089 1520 δ’
1122 1465 1579 1536 ὑποπτεύσωμεν,
1614 1468 1710 1520 καὶ
1740 1467 1815 1537 μὴ
1846 1467 1974 1519 ὄντα

369 1556 488 1608 τῶν
519 1557 707 1608 κακῶν
733 1555 997 1621 πολλάκις
1047 1557 1121 1621 ὡς
1163 1558 1292 1611 ὄντα
1352 1557 1826 1629 κατακρινοῦμενς
1876 1557 1972 1610 καὶ

372 1646 782 1714 κατορθοῦντας
826 1647 927 1717 μὶν
976 1649 1076 1701 οὐκ
1134 1647 1301 1714 ἀξίως
1342 1647 1781 1717 ὲπαινεσώμεθα,
1840 1651 1975 1700 ἀποε-

374 1738 674 1798 6ὶέποντες
701 1738 838 1806 πρὸς
887 1739 946 1791 τὸ
970 1737 1238 1809 ἡμέτερον
1279 1739 1505 1808 ὑψηλὸν,
1555 1738 1859 1807 σφαλέντας
1914 1737 1970 1790 δὲ

2086 554 2223 621 φώς,
2257 554 2351 607 καὶ
2392 554 2505 624 γνῷ
2535 553 2780 622 ματαίως
2807 550 3020 603 διώκων
3057 549 3114 603 ὃν
3163 550 3238 613 ὡς
3263 551 3395 603 Θεὸν
3439 549 3668 621 ὕστερον

2085 648 2411 716 προσκυνεῖ.
2468 646 2533 698 Τί
2585 643 2714 707 δαίς
2771 643 2932 696 Ἀλλὰ
2993 645 3105 705 τοῖς
3174 643 3443 713 μαθηταῖς
3497 645 3672 696 ἐκεῖνο

2086 739 2260 790 ἀποσε
2276 740 2537 805 μνύνεται
2573 738 2666 790 καὶ
2688 735 2784 805 τὴν
2820 734 3139 805 εἰεργεσίαν
3188 734 3420 805 κρύπτει
3446 738 3542 801 τῆς
3575 734 3674 803 χά-

2082 843 2229 896 ριτος
2258 844 2272 892 ;
2311 829 2598 898 Οὐδαμῶς,
2631 827 2766 880 ἀλλὰ
2795 827 3059 897 κηρύττει
3088 829 3181 879 καὶ
3233 825 3525 895 μεγαλύνει
3577 827 3671 880 τον

2079 920 2250 976 ἔλεον.
2281 921 2469 975 Ταῦτα
2492 922 2746 992 Χριστὸς.
2786 920 2944 974 ταῦθ’
2969 922 3017 973 oi
3044 918 3303 989 Χριστοῦ,
3338 921 3543 982 ἐκεῖνος
3571 918 3672 987 μὲν

2083 1015 2171 1068 ἵνα
2201 1015 2547 1086 νομοθετήσῃ
2579 1014 2639 1068 τὸ
2674 1014 2982 1084 συμπαθὲς,
3017 1007 3163 1067 οὗτοι
3187 1013 3244 1066 δὲ
3281 1014 3368 1065 ἵνα
3396 1012 3494 1081 τὴν
3519 1013 3676 1081 εὐερ-

2080 1108 2273 1173 γεσίαν
2307 1106 2393 1177 ἐφ’
2441 1108 2653 1169 ἑαυτοῖς
2696 1106 2939 1175 πρώτοις
2985 1104 3252 1169 δείξωσιν.
3292 1103 3432 1156 Ἀλλ’
3469 1102 3530 1157 οὗ
3570 1087 3674 1172 ᾠα-

2081 1217 2168 1251 σιν
2192 1201 2242 1252 oi
2273 1201 2402 1266 περὶ
2428 1200 2660 1261 ἐκεῖνον,
2690 1199 2824 1252 ἀλλὰ
2854 1199 3136 1251 κολαστέοι
3164 1198 3214 1249 oi
3233 1197 3666 1266 ἁμαρτάνοντες,

2079 1291 2215 1346 ἀλλὰ
2246 1290 2652 1357 καταγνωστέοι
2690 1292 2735 1342 οε
2769 1290 2919 1356 σφίσι
2945 1286 3378 1358 συμπαθοῦντες.
3430 1286 3565 1339 Τότε
3614 1284 3671 1338 δέ

2079 1396 2139 1445 γε
2174 1380 2266 1432 καί
2299 1378 2805 1448 προσδεχέσοωσαν,
2837 1378 2922 1430 ὅτε
2950 1378 3044 1430 καὶ
3073 1378 3185 1439 τοῖς
3221 1377 3389 1440 ἀξίοις
3439 1391 3670 1441 προστια

2079 1471 2279 1539 μοῖντο,
2314 1470 2404 1521 καὶ
2431 1469 2506 1532 ὡς
2540 1469 2771 1532 ἐκείνοις
2798 1468 3003 1536 δοκοίη,
3046 1467 3261 1535 πικρῶς
3303 1467 3395 1517 καὶ
3429 1464 3670 1539 ἀναλγὴέ

2075 1578 2183 1624 τως
2207 1561 2670 1629 τιμωρουμένοις.
2700 1559 2774 1611 Τὸ
2800 1560 2845 1613 δ’
2886 1560 3019 1628 ὲμὸν
3042 1561 3181 1611 εῐπω
3231 1558 3426 1621 πάθος,
3474 1559 3567 1609 καὶ
3619 1538 3669 1608 ε1

2080 1650 2179 1722 μὲν
2208 1651 2516 1716 ἐπαινετὸν,
2550 1652 2599 1703 εἰ
2628 1650 2671 1704 δ’
2702 1651 2815 1717 οὖν,
2846 1653 2969 1721 ἔχον
3008 1653 3221 1720 φερέτω
3277 1650 3375 1720 τὴν
3436 1648 3671 1719 μὲμῷιν.

2077 1741 2220 1794 Πᾶσι
2256 1741 2352 1810 μὲν
2374 1743 2583 1804 πιστοῖς
2618 1740 2715 1811 τὴν
2746 1743 2895 1795 θείαν
2946 1740 3356 1809 φιλανθρωπίαν
3404 1739 3670 1801 ἐξαπλου-

373 1826 452 1888 ὡς
517 1827 717 1897 μικροῦ
748 1799 1120 1898 ,μετέλθώμεν
1146 1799 1546 1898 ’ἀναμαρτητοι
1579 1799 1614 1896 ς’
1638 1799 1873 1898 Χριστὸς
1912 1828 1970 1880 δὲ
2003 1799 2045 1856 Β
2080 1799 2545 1901 μένην-κατανοῶ,
2567 1799 2877 1884 ⁷κοιίόιύδενὶ
2911 1799 3011 1899 ei};
3049 1799 3322 1900 σωτηρίας
3360 1799 3670 1897 ἀπογιγνώ-

375 1922 725 1991 παριχωρεῖ,
759 1922 853 1974 καὶ
875 1921 904 1973 6
927 1921 1037 1976 τῶν
1096 1920 1353 1992 μαθητῶν
1385 1920 1600 1993 πρῶτος
1634 1922 1842 1983 πίπτει,
1877 1924 1972 1974 καὶ

376 2014 406 2064 ὁ
440 2012 580 2081 μετὰ
609 2012 776 2066 ταῦτα
807 2014 904 2082 τῆς
931 2012 1256 2085 οἰκουμένης
1287 2014 1516 2085 φωστὴρ
1570 2013 1803 2083 διώκτης
1838 2013 1972 2084 πρό-

376 2120 538 2171 τερον
560 2103 769 2171 γίνεται
788 2105 880 2157 καὶ
910 2104 1184 2174 κολαστὴς
1213 2104 1481 2165 εὐσεϐῶν,
1523 2105 1618 2158 καὶ
1673 2104 1843 2167 ἁλιεῖς
1872 2105 1970 2173 μὲν
2006 2138 2009 2139 ν

376 2198 476 2249 καὶ
520 2196 755 2249 τελῶναι
800 2198 882 2259 εἰς
933 2196 1236 2266 μαθητείαν
1274 2196 1803 2266 παραλαμϐάνονται
1864 2197 1969 2267 πρὸ

375 2288 476 2342 τοῦ
534 2288 772 2361 φανῆναι
809 2288 1043 2359 πάμπαν
1105 2289 1287 2352 κακοὶ,
1337 2289 1433 2341 ἐπὶ
1470 2288 1668 2358 Παύλῳ
1721 2289 1777 2341 δὲ
1806 2289 1969 2360 χάρις

378 2383 710 2451 παραχωρεῖ
762 2383 859 2440 καὶ
902 2380 1312 2444 ὑποστέλλεται,
1362 2380 1434 2441 ὡς
1465 2378 1531 2432 ἂν
1587 2379 1727 2450 μετὰ
1765 2382 1823 2433 τὸ
1858 2398 1967 2450 φα-

378 2472 542 2542 νῆναι
575 2471 744 2535 κακὸς
767 2473 860 2525 καὶ⁵
884 2471 1119 2542 ὄιώκτης
1157 2474 1251 2525 καὶ
1284 2471 1526 2545 τιμωρὸς
1564 2472 1674 2527 τῶν
1726 2470 1967 2544 Χριστοῦ

379 2660 437 2709 et
472 2648 705 2707 ierimus
745 2660 993 2704 sanctum
1022 2649 1194 2719 ipsius
1230 2665 1452 2712 nomen,
1488 2650 1732 2705 membra
1779 2664 1880 2706 nos
1912 2659 1967 2707 ct

380 2753 593 2811 partem
620 2741 705 2795 sui
733 2739 886 2812 141
917 2749 1157 2808 reputat,
1192 2740 1440 2811 putrldos
1468 2739 1596 2796 licet
1625 2741 1961 2799 sceleribus:

384 2850 487 2889 nos
513 2843 700 2887 autem
732 2834 989 2901 superbia
1022 2832 1384 2902 turgebimus,
1410 2839 1465 2886 et
1501 2833 1816 2902 arrogantis
1865 2848 1963 2887 su-

386 2927 596 2998 percilii
634 2941 782 2981 saera
825 2938 1061 2979 censura
1115 2924 1625 2979 imniisericnrditer
1678 2925 1964 2980 damnabi-

392 3034 505 3072 mus
536 3017 814 3082 homines,
837 3015 994 3086 justi,
1028 3023 1088 3068 ut
1120 3014 1283 3068 nobis
1313 3014 1583 3078 videmur,
1623 3025 1962 3083 peccatores,

388 3124 495 3164 non
528 3107 781 3163 accusati
823 3106 1151 3161 accusatos?
1181 3104 1247 3159 Et
1278 3106 1443 3159 alium
1511 3105 1732 3177 quidem
1793 3109 1964 3176 poenis

382 3202 741 3270 subjiciemus
766 3200 1006 3266 acribus,
1048 3199 1215 3253 alium
1248 3197 1463 3268 probris
1512 3200 1954 3269 proscindemus,

381 3294 553 3349 alium
585 3301 793 3347 temere
814 3292 1276 3361 suspectabimus,
1308 3300 1503 3345 etcum
1536 3291 1717 3361 reipsa
1738 3291 1965 3350 minime

381 3388 455 3444 sit
492 3388 693 3447 malus.
738 3392 999 3455 tanquam
1041 3384 1246 3439 malum
1278 3383 1544 3453 praecipiti
1575 3385 1788 3452 judicio
1825 3386 1967 3441 infa-

385 3478 697 3533 mahimus?
747 3477 930 3531 Eteos
967 3475 1188 3545 quidem
1228 3475 1320 3544 qui
1368 3484 1514 3530 recte
1558 3473 1808 3540 fecerint,
1856 3492 1964 3530 non

384 3578 552 3640 prout
590 3567 739 3639 digni
808 3567 1013 3622 fuerint
1069 3565 1439 3631 laudabimus,
1481 3565 1629 3621 velut
1679 3566 1963 3634 indignum

385 3670 592 3715 nostra!
616 3659 834 3729 fastigio
855 3656 1199 3712 celsitudinis
1216 3657 1478 3711 ducentes
1497 3657 1563 3711 ad
1586 3659 1966 3726 cognoscenda

383 3751 816 3819 aestimandaque
855 3749 1032 3803 aliena
1083 3757 1277 3802 merita
1331 3747 1700 3813 descendere;
1746 3748 1792 3803 si
1836 3748 1966 3818 quid

386 3853 568 3898 autem
602 3842 678 3896 illi
714 3839 1062 3905 offenderint,
1105 3839 1185 3894 sic
1230 3838 1402 3909 rigide
1440 3838 1743 3908 acerbeque
1773 3839 1969 3910 punie-

387 3949 527 3998 mus,
558 3933 716 4003 plane
739 3940 997 4002 tanquam
1029 3930 1164 3985 labis
1185 3944 1288 3985 nos
1318 3936 1572 3998 expertes
1601 3930 1782 3985 omnis
1814 3945 1879 3984 ac
1904 3944 1971 3984 ue

387 4042 620 4096 capaces
678 4025 899 4094 quidem
952 4022 1153 4091 peccati
1203 4020 1494 4076 essemus?
1540 4020 1705 4090 Atqui
1747 4020 1969 4076 Christo

386 4118 740 4191 permittente
791 4115 1004 4185 primus
1060 4114 1180 4183 ejus
1233 4112 1633 4181 discipulorum
1684 4112 1850 4168 cadit.
1900 4112 1969 4167 Et

390 4210 481 4282 qui
526 4220 713 4279 postea
763 4208 868 4261 fuit
908 4205 1245 4261 illuminator
1295 4205 1448 4259 orbis
1488 4204 1752 4270 universi,
1789 4218 1974 4276 perso-

390 4312 550 4360 cutor
596 4300 751 4372 prius
798 4311 853 4355 et
901 4309 1127 4353 vexator
1173 4298 1385 4367 piorum
1440 4297 1679 4361 exstitit.
1722 4296 1971 4366 Cumque

391 4397 485 4450 alii
540 4393 772 4463 apostoli
837 4392 1032 4462 partim
1081 4406 1146 4446 ex
1208 4388 1402 4444 humili
1460 4391 1769 4459 piscatoriae
1836 4389 1973 4445 artis

2077 1938 2192 1975 σκω
2215 1922 2454 1990 γνησίως
2482 1923 2897 1989 μετανοήσαντι,
2945 1922 3090 1992 μόνῳ
3123 1922 3167 1974 δ’
3194 1922 3418 1990 ἐμαυτῷ
3444 1922 3541 1992 τὴν
3574 1920 3668 1974 τοῦ

2073 2011 2259 2074 ἐλέους
2290 2011 2449 2081 χάριν
2488 2011 2768 2065 συστέλλω
2799 2014 2895 2065 καὶ
2922 2013 3112 2082 τρέμω
3140 2013 3238 2081 τὴν
3287 2012 3437 2065 θείαν
3486 2013 3669 2079 κρίσιν

2073 2103 2147 2166 ὡς
2172 2103 2685 2175 ἐπενεχθησομένην
2722 2103 2969 2167 δικαίως,
2996 2104 3100 2156 κᾶν
3133 2104 3160 2156 ὅ
3186 2121 3236 2155 τι
3266 2104 3496 2170 ποιοίην.
3524 2102 3669 2170 Πλὴν

2073 2193 2132 2258 ἐξ
2161 2195 2348 2258 ὲλέους
2386 2197 2480 2248 καὶ
2511 2196 2674 2250 πάλιν
2717 2195 2926 2267 θαρρῶ,
2985 2198 3080 2249 καὶ
3135 2195 3194 2247 τὸ
3244 2193 3479 2263 Χριστοῦ
3537 2194 3669 2248 ὄντα

2071 2286 2205 2357 παρ’
2238 2287 2404 2342 αὑτοῦ
2468 2290 2563 2342 καὶ
2610 2288 2940 2354 κολάζεσθαι
2980 2288 3392 2358 φιλανθρωπίας
3441 2288 3661 2357 ἥγημαι

2069 2379 2329 2446 πέλαγος.
2393 2379 2565 2432 Τοῦτο
2624 2380 2887 2447 πολλάκις
2944 2379 3063 2433 κατ’
3117 2378 3351 2448 ἐμαυτὸν
3392 2377 3666 2448 ηύξάμην,

2069 2472 2245 2525 οὐδενὶ
2269 2471 2367 2543 τῆς
2405 2477 2678 2545 σωτηρίας
2692 2471 3109 2541 ἀπογινώσκων,
3136 2472 3240 2526 κᾶν
3268 2472 3332 2526 τὰ
3359 2473 3670 2541 φαυλότατα

2068 2656 2323 2722 Minime,
2369 2656 2466 2712 sed
2504 2656 2769 2726 praedicat
2807 2652 2989 2724 potius
3021 2664 3069 2707 et
3102 2652 3414 2724 magnificat
3455 2652 3667 2707 miseri.

2067 2752 2330 2805 cordiam.
2356 2748 2483 2804 Haec
2508 2749 2781 2811 Christus,
2802 2748 2926 2815 haec
2958 2764 2986 2801 a
3020 2746 3242 2801 Christo
3266 2748 3424 2801 electi
3455 2764 3468 2801 :
3502 2747 3669 2807 Chria

2068 2845 2209 2903 stus,
2235 2847 2293 2893 ut
2324 2838 2497 2910 legem
2519 2837 2759 2912 sanciret
2792 2836 3169 2892 misericordis
3197 2835 3504 2895 charitatis,
3537 2850 3672 2904 apo-

2070 2931 2219 2996 stoli,
2244 2930 2519 2986 utdivinaa
2550 2927 2918 2984 beneficmtirr
2946 2927 3274 2996 indulgeuda
3308 2927 3502 2996 primis
3534 2926 3668 2996 ipsis

2070 3022 2342 3076 scelerum
2395 3020 2554 3093 142
2610 3020 2767 3074 venia
2831 3020 3104 3088 Specinieu
3158 3027 3517 3082 ostentarent,
3552 3031 3663 3084 quo

2070 3128 2197 3184 Spes
2214 3098 2553 3173 excitaretur
2578 3111 2895 3167 criminosis
2918 3110 3258 3165 remissionis
3278 3110 3656 3175 assequendae.

2069 3200 2252 3272 Longe
2289 3203 2454 3256 aliter
2506 3200 2847 3257 Athanasius
2890 3200 2997 3263 hic,
3048 3207 3103 3252 et
3146 3213 3282 3268 quos
3317 3198 3421 3253 sibi
3479 3212 3666 3252 secum

2066 3293 2278 3349 similes
2326 3294 2539 3355 habuit,
2573 3294 2881 3362 sapiehant.
2913 3292 3158 3357 Quorum
3193 3290 3309 3344 hzrc
3335 3297 3452 3343 erat
3485 3288 3668 3343 horri-

2070 3384 2195 3443 bilis
2211 3386 2417 3439 oratio:
2450 3403 2468 3436 ι
2483 3383 2735 3439 Distriete
2757 3383 3063 3452 plectuntur
3082 3383 3400 3451 quicunque
3416 3389 3665 3450 peccant-

2070 3473 2168 3531 His
2219 3475 2506 3546 indulgere
2552 3474 2836 3545 quidpiam
2890 3473 2937 3537 si
2992 3474 3084 3542 qui
3149 3473 3288 3526 forte
3342 3472 3669 3527 miserantes

2070 3568 2373 3637 voluerint,
2442 3567 2631 3624 statim
2709 3565 3226 3631 immisericorditer
3291 3565 3663 3620 damuantor.

2070 3658 2302 3730 Utrique
2325 3669 2456 3715 tunc
2477 3668 2692 3714 tantum
2720 3660 2785 3713 ad
2814 3674 3002 3727 pacem
3028 3658 3417 3720 admittuntor,
3442 3656 3667 3727 quando

2069 3752 2383 3821 explevisse
2417 3751 2759 3821 piaculorum
2800 3751 3252 3820 praescriptorum
3285 3766 3577 3805 numerum
3616 3762 3671 3817 et

2071 3843 2397 3904 exhausisse
2441 3857 2615 3913 usque
2657 3841 2725 3896 ad
2762 3841 2922 3895 faeces
2974 3855 3223 3893 amarmn
3282 3839 3507 3893 calicem
3547 3839 3672 3907 istis

2072 3932 2206 4005 ipsis
2232 3933 2346 4005 jam
2374 3934 2529 4002 plene
2546 3932 2759 3988 satiatis
2795 3932 3125 3986 videbuntur
3158 3931 3492 3985 immanibus
3521 3931 3672 3984 arbi-

2073 4008 2196 4090 tris,
2231 4027 2324 4093 qui
2353 4040 2452 4081 eos
2488 4026 2669 4096 poenis
2709 4025 3048 4091 subiecerint
3087 4022 3481 4078 acerbissimis.
3521 4042 3537 4073 ι
3574 4022 3673 4093 iiis

2073 4133 2177 4189 ego
2215 4127 2273 4173 ut
2313 4118 2473 4188 plane
2510 4117 2787 4171 contrarie
2815 4116 2917 4169 sim
2961 4114 3213 4177 affectus,
3250 4114 3549 4182 profitebor
3579 4114 3669 4168 hic

2073 4212 2329 4282 equidem
2370 4209 2749 4278 (laudabiliter
2787 4223 2854 4261 an
2886 4221 3069 4275 secus,
3095 4204 3343 4275 cujusvis
3366 4216 3486 4259 esto
3516 4204 3671 4274 jUdi1

2074 4304 2268 4375 cium),
2289 4303 2559 4374 ejusmodi
2593 4303 2730 4368 vitii,
2760 4301 2805 4355 si
2836 4301 3030 4355 vitium
3068 4309 3173 4363 cst,
3223 4303 3673 4370 qualemcunque

2077 4393 2362 4456 invidiam,
2409 4391 2602 4447 eadem
2636 4407 2741 4461 qua
2792 4389 2950 4443 fateri
2999 4406 3108 4443 non
3155 4389 3426 4451 dubitavi,
3479 4389 3669 4443 subire

394 4487 808 4547 exercitatione,
870 4484 1069 4554 partim
1121 4498 1152 4537 e
1196 4481 1415 4537 Sordida
1455 4484 1795 4552 professione
1826 4497 1975 4552 quae-
2006 4503 2051 4559 D
2081 4483 2309 4537 audacia
2338 4493 2584 4551 paratus.
2635 4481 2861 4535 Cunctis
2896 4480 2947 4533 in
2987 4478 3271 4533 Christum
3308 4479 3671 4534 credentibus

396 4592 600 4636 stuosze
657 4577 1074 4647 publicanorum
1124 4571 1421 4629 functionis
1450 4572 1504 4627 in
1550 4572 1852 4642 discipulos
1884 4587 1977 4636 as-

397 4670 603 4740 sumpti
628 4667 857 4732 fuerint,
881 4666 1199 4735 priusquam
1222 4664 1447 4718 omnino
1473 4664 1600 4717 mali
1628 4673 1973 4741 apparerent,

398 4776 508 4814 uno
541 4760 594 4813 in
629 4756 802 4813 Paulo
838 4756 996 4826 quasi
1034 4771 1092 4811 se
1131 4754 1290 4809 initio
1313 4754 1650 4808 contrahens
1681 4755 1975 4824 locumque

397 4852 705 4907 concedens
746 4848 967 4903 malitiae
999 4847 1198 4918 gratia,
1236 4861 1342 4901 non
1383 4846 1537 4915 prius
1568 4845 1721 4919 illum
1758 4861 1821 4900 ea
1857 4847 1977 4901 luce

398 4943 759 4998 circumdedit
804 4957 927 5011 quae
962 4939 1225 4993 mundum
1286 4940 1392 4992 late
1422 4947 1595 4992 totum
1649 4939 1975 5006 illustraret,

398 5051 561 5103 quam
597 5034 738 5089 idem
773 5032 967 5087 fuisset
996 5033 1368 5101 deprehensus
1402 5030 1567 5099 homo
1591 5030 1750 5103 plane
1776 5029 1975 5107 malus,

399 5136 719 5198 persecutor
756 5135 812 5179 et
841 5125 984 5178 nitor
1012 5121 1369 5178 inexorabilis
1398 5120 1789 5190 discipulorum
1815 5121 1977 5175 Chri-

399 5221 491 5275 sti.
534 5218 710 5279 Tunc,
746 5218 995 5286 inquam,
1029 5215 1180 5268 illum
1211 5211 1583 5268 cirrumfulsit
1621 5214 1708 5266 illa
1741 5214 1807 5267 de
1842 5214 1982 5268 ctelo

404 5310 520 5374 lux,
551 5308 711 5380 cujus
754 5308 822 5362 ad
858 5307 1040 5361 radios
1073 5306 1298 5374 agnovit
1326 5306 1535 5377 frustra
1573 5320 1631 5359 se
1662 5320 1980 5375 oppugnare

402 5419 564 5473 quem
596 5418 723 5456 mox
766 5416 795 5454 a
821 5403 1096 5454 loraturus
1141 5407 1198 5453 ut
1238 5397 1404 5450 Deum
1438 5403 1606 5451 esset.
1639 5397 1775 5474 Quid
1801 5406 1979 5451 autem

404 5494 633 5563 postea?
662 5492 800 5545 Num
833 5490 1033 5546 Paulus
1058 5490 1132 5543 ita
1164 5504 1459 5543 conn-reus
1482 5489 1642 5556 primi
1668 5489 1752 5543 sui
1782 5489 1983 5544 erroris

408 5585 606 5641 indicia
650 5584 897 5637 obruens
934 5591 989 5635 et
1018 5580 1411 5635 conscientiam
1462 5580 1819 5637 dissimulans
1866 5582 1985 5635 suis

407 5692 466 5731 se
509 5675 798 5753 discipulis
858 5672 1016 5742 quasi
1063 5687 1281 5741 semper
1326 5670 1608 5724 innoxium
1648 5669 1980 5735 venditab.:t,

417 5778 569 5840 grate
630 5764 820 5847 celans
874 5765 1202 5821 beneficium
1257 5763 1551 5822 curatricis
1618 5762 1703 5818 sui
1750 5764 1985 5835 gratim?

2080 4573 2320 4628 divinam
2346 4580 2535 4643 patere
2564 4572 2956 4641 benignitatem
2982 4572 3215 4625 confido.
3240 4569 3478 4635 Nullius,
3501 4585 3666 4640 quem

2081 4680 2206 4722 vere
2257 4666 2524 4720 scelerum
2586 4667 2869 4735 pmtiiteat,
2926 4665 3157 4718 salutem
3221 4663 3473 4733 despero.
3530 4662 3668 4719 Mihi

2080 4763 2264 4810 metuo
2316 4755 2410 4808 uni
2462 4769 2529 4808 ne
2580 4755 2973 4810 misericordiae
3027 4755 3202 4824 gratia
3249 4755 3535 4811 excludar.
3588 4754 3671 4809 Ne

2080 4848 2339 4902 omnibus
2380 4856 2606 4917 apertus
2635 4847 2767 4901 mihi
2802 4847 2904 4902 soli
2956 4858 3231 4901 coartetur
3277 4846 3432 4916 pacis
3462 4846 3674 4916 aditus,

2083 4939 2303 5001 horreo,
2323 4938 2658 5001 contrahcns
2682 4941 2924 4992 animum
2948 4938 3012 4991 ad
3040 4937 3206 4991 divini
3226 4938 3419 5006 judicii
3446 4937 3669 4992 terribi-

2083 5031 2187 5086 lem
2227 5033 2431 5095 aleam,
2469 5046 2534 5084 ne
2568 5030 2620 5084 in
2653 5030 3064 5084 irrevocabilem
3114 5030 3217 5083 mei
3254 5029 3669 5085 damnationem

2080 5126 2246 5194 justc,
2285 5125 2552 5195 quidquid
2580 5139 2766 5194 egero,
2794 5122 3135 5177 inferendam
3177 5124 3396 5177 luneste
3426 5122 3667 5177 desinat.

2086 5217 2227 5270 Huic
2278 5224 2459 5271 tamen
2509 5218 2666 5271 a‘stui
2714 5225 3079 5273 consternatae
3126 5224 3272 5277 metu
3323 5215 3522 5270 mentis
3563 5213 3671 5267 ali-
3750 5206 3753 5211 ’

2087 5326 2248 5379 quam
2280 5325 2310 5364 a
2344 5325 2439 5375 spe
2467 5310 2664 5364 divinae
2695 5310 3089 5366 misericordia:
3132 5308 3665 5364 consolatiunculam

2090 5400 2324 5457 instillo.
2366 5397 2499 5452 Nam
2548 5400 2696 5469 quod
2744 5416 2867 5453 esse
2914 5415 3025 5453 rem
3057 5399 3265 5454 Christi
3299 5414 3385 5453 me
3422 5398 3558 5461 scio,
3596 5396 3670 5452 ab

2087 5492 2279 5544 eodem
2318 5490 2433 5559 ipso
2462 5491 2640 5558 puniri
2680 5505 2763 5544 me
2787 5491 2853 5545 ad
2892 5492 3062 5545 veniae
3092 5490 3368 5559 pertinere
3402 5487 3668 5545 viciniam

2091 5572 2431 5650 autumojet
2465 5600 2624 5638 omen
2676 5584 2915 5639 indidem
2970 5584 3128 5637 traho
3176 5581 3674 5651 appropinquantis

2090 5673 2299 5742 gratiae,
2351 5676 2495 5730 unde
2545 5689 2720 5744 paena:
2782 5689 3024 5739 praesens
3106 5670 3376 5726 acerbitas
3434 5670 3664 5739 ingruit.

2090 5763 2242 5820 Talia
2291 5766 2421 5821 mihi
2465 5784 2564 5837 ego
2597 5766 2722 5837 ipsi,
2752 5767 2838 5821 cui
2894 5766 3075 5821 minus
3123 5762 3306 5817 favere
3356 5760 3666 5835 iudicando
