4018 6412
412 369 519 436 150

402 582 504 635 *καὶ
537 582 571 649 ἡ
598 583 691 634 ἐπὶ
722 582 838 646 τοῖς
868 585 1116 655 αἰσχροῖς
1146 589 1426 656 μετάνοια.
1467 590 1629 645 Ἀλλὰ
1677 591 1849 645 ταῦτα
1898 593 1999 661 μὲν

406 672 583 740 εἷπον,
618 676 701 730 δτι
734 677 794 731 τὸ
840 680 1076 751 σκληρὸν
1118 683 1227 737 τῶν
1272 685 1401 754 περὶ
1455 687 1663 739 ἐκεῖνον
1722 681 1853 757 ἦθος
1905 686 1999 739 καὶ

409 764 596 828 ἀτενὲς
629 765 851 829 πολλαῖς
894 768 992 838 τὴν
1027 770 1121 823 τοῦ
1175 771 1315 825 Θεοῦ
1357 774 1687 840 Ἐκκλησίαν
1731 776 1999 846 ταραχαῖς

408 856 772 927 πριέῦαλλεν
803 857 1054 931 ὕστερον.
1098 862 1406 917 Ἀλλόὖπω
1426 865 1622 921 ταῦτα.

414 1015 496 1076 te.
533 1016 737 1084 Ὅπως
779 1016 854 1072 τὰ
899 1018 1609 1094 κατᾲιτὸνξμἎθανάσιον
1654 1025 2001 1094 ,κληθέντα

1014 1090 1399 1157 ἐξητὰζοντο.

495 1221 656 1276 Ἀλλὰ
693 1223 906 1295 πρῶτον
928 1224 1027 1295 μὲν
1057 1227 1323 1281 ἁκουσθὲν
1357 1228 1423 1301 [Ρ
1444 1228 1539 1302 96]
1567 1230 1662 1297 ζὼς
1704 1230 1764 1294 ἐς
1801 1246 1999 1300 πατρι-

410 1310 588 1382 άρχην
619 1315 822 1378 ίκεῐνος
870 1316 1156 1387 ἐψήφιστο,
1202 1318 1389 1373 πολλοί
1441 1337 1584 1382 τινες
1641 1321 1999 1386 ἑξαναδύντες

409 1404 520 1454 τῶν
546 1405 667 1459 καθ’
705 1405 903 1469 αὐτοὺς
926 1407 1148 1475 φωλεῶν
1182 1410 1229 1462 οί
1255 1409 1352 1478 μὲν
1383 1410 1532 1462 πόλλ’
1566 1410 1703 1465 ἄττα
1726 1412 1834 1465 τῶν
1863 1413 1999 1483 ἀχα-

414 1493 577 1563 ρίτων
602 1497 795 1567 ὲκείνῳ
824 1501 1331 1569 προσεμαρτύρουν,
1364 1505 1455 1553 καὶ
1495 1503 1555 1555 τδ
1589 1503 1749 1556 πλέον
1775 1507 1856 1566 εἰς
1903 1504 2001 1557 αὖ·

411 1588 669 1654 τονομίαν
703 1591 793 1640 καὶ
815 1589 1211 1659 ἀσπλαγχνίαν,
1251 1592 1334 1644 ὄτι
1370 1594 1463 1645 καὶ
1494 1592 1553 1656 ἐξ
1583 1595 1853 1663 ἐπιταγῆς
1894 1594 2003 1665 δνῳ

416 1678 606 1745 ποινὴν
634 1679 847 1743 ἐπιθείη
880 1680 988 1731 τῶν
1032 1682 1295 1749 ὀμμάτων
1349 1686 1447 1753 τὴν
1498 1685 1754 1753 στέρησιν
1791 1685 2005 1750 δόξαντι

416 1768 587 1836 ἁδξκῳ
619 1770 749 1838 περὶ
775 1769 866 1822 τὸν
904 1770 1012 1822 τῶν
1041 1771 1289 1842 λαχάνων
1327 1778 1501 1843 κῆπον
1551 1780 1665 1839 τοῖς
1726 1780 2000 1847 μοναχοῖς,

413 1860 463 1911 oi
501 1860 557 1911 δὲ
587 1862 682 1913 καὶ
702 1863 776 1922 ὡς
805 1861 1219 1931 θαυματουργὸν
1253 1866 1593 1934 ὡμολόγουν,
1620 1868 1701 1923 aa
1727 1887 1783 1921 τε
1817 1872 1873 1922 ὲν
1906 1872 2007 1943 μιᾷ
2040 1901 2079 1955 Β

413 1950 622 2020 λάχανα
645 1951 900 2019 συνάξας,
927 1954 1089 2008 λύκον
1118 1954 1293 2026 εὑρὼν
1346 1959 1622 2028 ἐπιτίθησι
1659 1960 1855 2026 ταῦτα,
1918 1966 2006 2033 ἐφ’

412 2035 455 2107 ᾧ
480 2043 530 2095 oi
557 2043 650 2125 τού
682 2045 860 2113 κήπου
894 2047 1221 2117 συναίροιτο,
1260 2049 1775 2119 ὲπιτάξαςάπάγειν
1809 2054 1888 2117 είς
1906 2054 2006 2125 τὴν

418 2133 584 2205 μονὴν
614 2128 703 2206 (ἦν
734 2135 790 2188 δὲ
812 2136 839 2186 ὁ
866 2135 1027 2199 λύκος
1050 2138 1357 2207 ἄνθρωπος,
1393 2143 1440 2193 εἰ
1479 2143 1574 2194 καὶ
1607 2143 2006 2215 παρελογίζον-

410 2241 477 2277 το
506 2224 776 2292 λέγοντες,
816 2226 892 2289 ὡς
924 2228 1147 2297 ὕστερον
1178 2231 1462 2302 ἔγνωστο),
1498 2235 1591 2297 καὶ
1612 2233 1687 2299 ὦς
1725 2236 2008 2307 πεμφθέν-

413 2334 506 2378 τος
536 2312 731 2387 ἐκείνῳ
762 2319 914 2388 παρά
938 2336 1080 2383 τινος
1111 2323 1218 2375 ἀπὸ
1257 2325 1566 2393 μελισσείου
1608 2328 1803 2397 κηρίον
1846 2329 2008 2391 αὑτός

404 2425 475 2464 τε
501 2408 664 2480 φάγοι
696 2409 793 2463 καὶ
844 2410 1174 2484 γλυκανθείη
1225 2413 1319 2468 τὸν
1363 2417 1643 2488 φάρυγγα,
1691 2418 1909 2487 εὔξαιτο
1951 2421 2008 2487 δὲ

408 2604 581 2659 quam
629 2590 753 2645 aliis
784 2589 955 2657 soleo,
993 2606 1120 2647 cum
1158 2602 1344 2651 tamen
1378 2597 1522 2654 votis
1560 2599 1612 2653 in
1644 2615 1797 2671 spem
1839 2604 2008 2659 auda-

404 2682 573 2736 cibus
616 2697 879 2751 augurer,
916 2685 1092 2738 multo
1124 2686 1336 2742 scilicet
1365 2688 1543 2759 magis
1570 2691 1710 2746 bene
1739 2693 2013 2762 Opinabor

407 2775 484 2830 de
524 2782 670 2832 statu
708 2792 772 2833 ac
814 2779 1137 2836 conditione
1177 2791 1503 2837 cteterorum
1529 2801 1545 2850 ;
1574 2802 1678 2839 nec
1711 2788 1914 2856 putabo
1943 2788 2010 2844 de

404 2882 697 2937 quoquam
752 2870 1159 2941 desperandum
1208 2877 1682 2942 quantorumlibet
1729 2879 2009 2934 atrocissi-

418 2975 638 3016 morum
675 2973 957 3033 comperto
1004 2963 1340 3031 facinorum,
1388 2968 1522 3037 quin
1571 2969 1620 3022 ei
1659 2969 1727 3023 ad
1774 2971 2008 3025 salutem

410 3063 604 3123 pateat
638 3057 871 3121 reditus,
907 3058 1069 3112 modo
1101 3059 1150 3114 ei
1185 3074 1286 3114 nec
1330 3060 1490 3116 ducis
1536 3061 1602 3115 ad
1650 3072 1861 3116 rectum
1909 3066 2012 3117 iter

410 3143 594 3201 fidelis
622 3145 712 3214 pia
761 3144 905 3201 desit
939 3161 1128 3216 opera,
1165 3163 1268 3203 nec
1310 3149 1547 3205 intimus
1582 3149 1855 3220 ﬂagitiose
1881 3168 2010 3218 per—

1622 382 1955 445 GEORGII
1993 384 2474 450 PACHYMERB

439 488 770 561 ιαπρὰξηται
802 506 817 524 '
849 491 1008 562 μόνον
1029 495 1063 561 ἡ
1089 495 1227 566 trp";
1285 497 1345 551 te
1400 498 1565 552 καλὸν
1608 499 1800 569 ὁδηγία
1858 501 1999 554 ἔστω
2031 517 2072 573 Α
2102 502 2196 556 τὸν
2225 504 2547 574 γλυκασμδν
2574 507 2671 561 καὶ
2708 506 2784 576 τῷ
2819 505 3121 576 πέμψαντι,
3168 506 3263 560 καῖ
3283 505 3359 569 ὡς
3394 505 3554 570 αὐτὸς
3596 507 3682 559 ἒν-

3579 385 3678 453 160

2110 594 2301 647 τεῦθεν
2322 596 2350 648 ὁ
2376 596 2600 667 πέμψας
2629 596 2689 662 ἐξ
2722 596 2930 651 ἐκείνου
2951 597 3044 650 καὶ
3071 596 3129 660 ἐς
3155 597 3367 666 ἡμέρας
3395 595 3497 651 ἀνὰ
3521 595 3686 666 στόμα

2108 684 2205 755 τὴν
2235 686 2548 759 γλυκύτητα
2584 690 2958 759 περιφέροιτο,
2998 691 3099 760 τῆς
3149 688 3315 758 εὖχῆς
3357 687 3550 759 ἐκείνῳ
3602 688 3687 760 τότ

2111 790 2212 825 πον
2238 755 2894 849 ἀποπληρωσάσηςκατὰ
2916 755 3087 849 στόμα
3110 755 3476 848 τοῦ-μέλιτος.
3521 755 3686 831 Ταῦτ’

2108 865 2308 917 ἐκεῖνοι
2341 865 2441 935 μὲν
2470 866 2678 936 ἔλεγον,
2710 862 2857 927 τεδέ
2920 886 2984 939 γε
3028 869 3121 923 τοῦ
3164 866 3356 940 ἀνδρὸς
3397 869 3547 938 ξένον
3598 868 3688 923 καὶ

2110 953 2278 1022 ἄηθες
2296 958 2391 1009 καὶ
2426 959 2760 1028 ἀμφοτέροις
2792 960 2896 1014 ἀνὰ
2929 959 3098 1030 μέρος
3141 959 3353 1022 πολλοῖς
3418 959 3687 1013 πιστεύειν

2109 1045 2304 1103 ἐδίδου.
2346 1047 2470 1101 Ὀτι
2495 1048 2550 1113 δὲ
2577 1051 2668 1103 καὶ
2705 1028 2953 1121 ἀσκητὴς
2982 1028 3047 1104 ἐκ
3069 1050 3175 1104 τῶν
3220 1050 3444 1104 εἰκότων
3502 1028 3707 1151 ortast»:

2113 1137 2341 1202 πὰζοιτο
2369 1142 2464 1193 καὶ
2514 1142 2748 1212 ἀκριϐὴς
2793 1144 2925 1214 περὶ
2983 1147 3081 1206 τὰς
3149 1140 3367 1204 ἐντολὰς
3400 1139 3685 1209 νομίζοιτο,

2115 1230 2392 1301 μάρτυρες
2426 1228 2564 1303 ἦσαν
2590 1235 2640 1287 oi
2667 1235 2859 1305 ἐκείνῳ
2910 1235 3223 1304 φοιτῶντες,
3282 1231 3495 1303 νήλιποι
3548 1248 3688 1295 τινες

2112 1328 2206 1379 καὶ
2231 1325 2433 1394 ὼχρίαι
2463 1326 2558 1379 καὶ
2594 1326 3026 1395 κατεσκληκότες
3060 1326 3155 1381 καὶ
3188 1327 3383 1397 γυμνοὶ
3416 1325 3510 1379 καὶ
3557 1324 3704 1376 ἀπε-ε

2113 1435 2307 1487 ριττοι.
2349 1417 2421 1489 μὴ
2462 1417 2631 1471 πολλὰ
2652 1416 2962 1482 λαλοῦντες,
2993 1418 3067 1489 μὴ
3097 1417 3327 1487 περιττὰ
3356 1415 3683 1487 ὁμιλοῦντες,

2113 1510 2378 1578 κατηφίαι
2418 1527 2474 1561 τε
2500 1510 2593 1562 καὶ
2624 1509 2721 1572 τὰς
2757 1509 2981 1579 γνώμας
3010 1508 3375 1580 ἀπαραίτητοι
3410 1509 3500 1561 καὶ
3533 1507 3685 1578 ἀμεί-

2112 1603 2418 1663 λικτοιτοῖς
2466 1604 2599 1655 πᾶσι
2655 1601 2993 1671 φαινόμενοι,
3051 1601 3088 1657 ἃ
3128 1602 3220 1653 καὶ
3265 1599 3514 1668 δείγματ’
3556 1595 3691 1669 ἦσαν

2114 1699 2260 1764 σαφῆ
2296 1696 2395 1759 τῆς
2424 1692 2515 1747 τοῦ
2554 1693 2894 1753 διδάσκοντος
2947 1692 3231 1762 ἀκριὸείας
3277 1692 3372 1745 καὶ
3414 1689 3507 1743 τοῦ
3569 1690 3692 1759 περὶ

2112 1786 2208 1843 τὰς
2252 1786 2466 1847 ἐντολὰς
2496 1786 3065 1855 δεισιδαιμονήματος.
3116 1783 3301 1838 Ταῦτα
3335 1781 3605 1853 λεγόμενά
3636 1798 3691 1835 τε

2112 1878 2203 1928 καὶ
2234 1878 2583 1947 φημιζόμενα
2612 1877 2873 1944 φθάνουσι
2914 1878 3010 1930 καὶ
3044 1879 3099 1940 ἐς
3162 1876 3449 1946 βασιλικὰς
3510 1875 3691 1936 ἀκοάς.

2122 1967 2185 2022 Ὀ
2216 1968 2269 2020 δὲ
2307 1968 2476 2019 πολλά
2512 1969 2608 2036 μὲν
2639 1967 2792 2029 εἰδὼς
2819 1970 2909 2020 καὶ
2933 1967 3017 2037 ἐφ’
3047 1968 3250 2019 ἑαυτῶν
3284 1966 3454 2034 ψευδῆ
3480 1964 3696 2018 λαλοῦνο

2109 2077 2207 2123 τας
2241 2058 2582 2129 ἀνθρώπους,
2609 2060 2673 2111 ἐκ
2706 2058 3003 2128 βασκανίας
3031 2061 3382 2127 κινουμένους
3414 2058 3570 2128 δῆθεν
3607 2057 3695 2112 καὶ

2110 2150 2303 2204 παθῶν
2340 2150 2517 2205 ἄλλων
2551 2144 2625 2202 ὧν
2652 2152 2679 2203 ὁ
2720 2151 2831 2219 βίος
2860 2150 3249 2220 ἐμπέπλησται
3290 2150 3615 2222 (μαρτύριον
3641 2149 3694 2203 δὲ

2109 2242 2171 2296 τὸ
2203 2241 2406 2311 μηδένα
2432 2224 2612 2310 λέγειν
2647 2242 2852 2296 ἐκείνου
2893 2242 3305 2313 ίδιωτεύοντος),
3338 2245 3476 2305 τέως
3526 2243 3582 2296 δὲ
3605 2249 3695 2299 καὶ

2108 2332 2177 2387 τὰ
2203 2334 2325 2399 περὶ
2344 2331 2554 2384 ἐκείνου
2574 2331 2791 2385 σκοπῶν
2816 2333 3104 2401 λεγόμενα,
3126 2333 3222 2385 καὶ⁸
3241 2331 3574 2386 ἀντισάλλων
3590 2332 3696 2395 τοῖς

2109 2424 2332 2492 ἀγαθοῖς
2355 2423 2422 2479 τὰ
2458 2424 2625 2491 κακὰ,
2645 2423 2740 2478 καὶ
2766 2424 2999 2487 συνετῶς
3029 2423 3230 2494 κρίνων
3262 2424 3339 2489 ὡς
3369 2424 3526 2497 εἴπερ
3551 2425 3697 2496 εὗρε.

2111 2610 2159 2666 ei
2208 2607 2432 2675 quidam
2464 2621 2493 2659 e
2539 2604 2774 2675 prepriis
2809 2605 3061 2659 alveariis
3096 2603 3250 2661 favos
3280 2605 3429 2661 dono
3460 2613 3695 2661 recentes

2112 2698 2533 2759 transmisisset,
2572 2696 2932 2751 Athanasium
2972 2696 3131 2751 melle
3171 2697 3464 2765 degustato
3487 2696 3689 2765 impre-

2112 2790 2296 2844 catum
2332 2789 2586 2844 beneﬁcii
2620 2788 2829 2843 auctori
2870 2799 2928 2843 ut
2959 2790 3059 2844 ista
3088 2789 3189 2857 ipsi
3218 2790 3492 2845 suavitate
3518 2789 3696 2844 fauces

2114 2878 2520 2941 imlmerentur;
2550 2875 2714 2944 cujus
2745 2875 2854 2929 voti
2894 2877 3001 2931 vim
3036 2878 3218 2931 statim
3252 2886 3307 2931 et
3335 2878 3429 2932 diu
3458 2878 3580 2932 inde
3608 2877 3694 2933 ille

2108 2968 2371 3028 senserit.
2411 2968 2588 3023 mellei
2637 2969 2850 3037 saporis
2878 2969 3199 3024 continuam
3234 2969 3287 3023 in
3332 2986 3430 3025 ore
3460 2986 3553 3040 per
3581 2970 3693 3025 dies

2114 3061 2323 3128 aliquot
2351 3058 2698 3113 dulcedinem
2739 3060 2950 3115 scilicet
2982 3071 3265 3131 expertus.
3300 3061 3431 3119 Haec
3462 3063 3538 3118 illi
3583 3062 3672 3133 qui

2115 3150 2239 3203 dem
2295 3148 2562 3203 ferebant.
2615 3149 2883 3203 Cancrum
2938 3151 3262 3208 inusitatum
3304 3164 3363 3207 et
3407 3169 3601 3208 novum
3642 3154 3693 3206 in

407 3242 753 3304 petratorum
772 3237 843 3291 ab
860 3236 1109 3307 ejusdem
1134 3238 1283 3294 serio
1304 3241 1626 3309 poettitentis
1647 3242 1835 3295 animo
1857 3243 2011 3297 dolor
2032 3229 2081 3286 C
2118 3239 2223 3296 hoc
2252 3240 2370 3294 viro
2401 3242 2524 3295 vita:
2551 3256 2616 3296 ac
2657 3242 2838 3296 cultus
2865 3258 3035 3310 genus
3070 3245 3219 3298 varie
3244 3256 3574 3314 reputantes
3599 3256 3696 3301 trav

402 3326 579 3380 absit.
604 3324 851 3380 Tantum
876 3337 995 3383 esto
1020 3328 1291 3383 hactenus
1315 3329 1615 3385 dissertum
1641 3347 1669 3385 a
1690 3332 2011 3402 praelibante

406 3417 525 3488 jam
580 3418 710 3474 hinc
764 3422 1087 3476 memoriam
1140 3432 1461 3489 secutarum
1528 3434 1717 3494 postea
1770 3441 1835 3479 ex
1894 3423 2013 3481 fero

404 3511 729 3581 acerboque
767 3509 1059 3587 Athanasii
1102 3514 1286 3584 rigore
1311 3517 1713 3581 turbatiunum,
1752 3533 1874 3589 qua:
1901 3517 1997 3574 Dei

413 3601 722 3658 Ecclesiam
775 3613 1205 3659 concusserunt.
1256 3603 1363 3660 Sed
1392 3606 1642 3661 nondum
1676 3607 1802 3662 ista.
1855 3605 2012 3679 143

413 3716 505 3773 ιι.
533 3717 595 3789 Ut
622 3731 848 3789 expensa
873 3717 1071 3789 fuerint
1091 3733 1209 3789 qua:
1231 3718 1399 3781 varie,
1430 3719 1552 3772 hinc
1579 3719 1635 3772 in
1665 3721 2010 3789 vituperium,

557 3788 680 3841 inde
707 3789 759 3841 in
795 3787 1034 3850 laudem,
1064 3788 1129 3841 de
1173 3790 1476 3842 Athanasio
1506 3800 1655 3843 erant
1700 3787 1868 3844 dicta.

504 3878 660 3946 Quod
694 3880 824 3935 huic
847 3879 1105 3934 convenit
1126 3880 1380 3947 tempori,
1405 3880 1535 3935 illud
1561 3890 1664 3935 est.
1692 3879 2012 3952 Utprimum

407 3976 599 4030 audita
634 3976 925 4031 Athanasii
961 3974 1277 4045 designatio
1321 3976 1377 4030 in
1425 3976 1866 4046 patriarchatum
1906 3988 2012 4044 est,

409 4069 573 4124 autdti
628 4067 969 4137 prodeuntes
1002 4082 1032 4121 e
1067 4067 1185 4122 suis
1211 4066 1381 4120 veluti
1413 4067 1622 4136 quique
1651 4069 1800 4123 cavis
1827 4084 1891 4124 ac
1937 4070 2016 4123 la-

406 4162 610 4223 tebris,
652 4161 807 4214 varia
842 4160 910 4214 de
945 4159 1040 4214 illo
1072 4157 1322 4237 proferre
1369 4159 1425 4213 in
1461 4160 1659 4229 vulgus
1705 4170 1761 4215 et
1793 4161 1923 4228 sibi,
1956 4171 2015 4217 ut

405 4256 656 4319 aiebant,
708 4261 993 4322 comperta
1048 4252 1237 4307 dicere
1270 4265 1370 4320 pro
1423 4254 1743 4308 testimonio
1774 4268 2011 4325 coepere,

344 4398 347 4403 λ
414 4347 589 4401 multa
620 4347 697 4400 illi
724 4360 916 4415 parum
948 4344 1214 4411 faventia,
1245 4359 1370 4414 qua:
1395 4344 1462 4398 ad
1491 4347 1601 4401 duo
1630 4346 1801 4402 ferme
1824 4351 2008 4417 capita

411 4440 826 4505 referebantur,
897 4439 1163 4494 nimirum
1232 4440 1592 4510 pertinaciam
1663 4443 2010 4511 propriorum

408 4548 685 4588 sensuum
735 4532 954 4599 legibus
1004 4544 1198 4602 parum
1249 4532 1592 4602 exemplisve
1647 4534 2009 4601 deferentem,
2046 4572 2087 4625 Β

406 4638 473 4682 et
518 4626 1015 4682 immisericordem
1063 4624 1364 4681 feritatem.
1412 4625 1591 4697 Hujus
1627 4628 1681 4683 in
1728 4631 2006 4699 specimen

409 4718 809 4775 metnorabant
851 4718 1066 4786 jussum
1103 4719 1172 4774 ab
1197 4733 1264 4773 eo
1293 4720 1559 4774 excaecari
1590 4720 1833 4787 asinum,
1863 4721 2008 4791 quod

412 4815 613 4868 nescio
652 4810 786 4882 quid
814 4812 1000 4865 damni
1031 4813 1433 4867 monachorum
1464 4812 1627 4867 horto
1656 4814 2010 4871 comedendis

408 4906 667 4961 oleribus
705 4903 1006 4959 intulisset.
1046 4904 1208 4962 Plura
1235 4914 1427 4960 contra
1448 4921 1545 4975 per
1578 4906 1698 4974 ejus
1731 4906 2012 4961 studiosos

409 4998 717 5052 ambitiose
769 4998 1125 5065 jactabantur
1168 4997 1235 5053 de
1281 4996 1489 5053 virtute
1539 4999 1713 5068 ipsius
1760 5007 1816 5052 et
1864 4997 2010 5067 apud

414 5088 593 5141 Deum
613 5090 809 5157 gratia,
828 5087 1223 5143 miraculorum
1239 5089 1404 5144 etiam
1425 5090 1740 5143 testimonio
1761 5088 2008 5158 probata.

410 5178 546 5244 Quo
580 5180 635 5232 in
685 5193 884 5249 genere
918 5180 1221 5236 narrabant
1263 5181 1500 5250 quadam
1535 5183 1711 5248 ipsmn
1755 5180 1841 5234 die
1866 5179 2014 5234 fasce

416 5270 637 5325 olerum
695 5285 761 5324 ex
811 5271 970 5326 horto
1002 5273 1269 5328 lectorum
1317 5272 1486 5333 farto.
1557 5287 1683 5328 eum
1724 5272 1775 5325 in
1824 5286 2013 5325 mona-

414 5363 652 5418 sterium
699 5356 989 5419 ferendum
1028 5367 1160 5436 lupo
1192 5366 1540 5434 imposuisse.
1569 5366 1661 5429 qui
1691 5363 2013 5418 obedienter
2050 5406 2065 5421 .

414 5456 598 5511 sancti
622 5457 881 5513 videlicet
908 5458 1150 5513 hominis
1179 5458 1451 5528 imperata
1477 5457 1687 5512 fecerit.
1714 5456 1821 5510 Sed
1853 5455 2012 5510 fucus

421 5549 543 5628 haec
582 5558 740 5625 erant
768 5559 822 5605 et
870 5551 1028 5606 lusus
1075 5551 1131 5605 iu
1184 5550 1429 5613 nomine,
1488 5559 1650 5617 prout
1696 5557 1780 5602 est
1824 5557 2012 5617 postea

418 5650 801 5712 compertum:
854 5644 1117 5699 ministro
1167 5643 1314 5697 enim
1364 5639 1753 5710 exportandis‘
1785 5639 2009 5693 domum

417 5729 671 5787 oleribus
702 5746 835 5787 usus
878 5739 997 5786 erat
1029 5728 1270 5794 homine,
1307 5732 1395 5783 cui
1429 5741 1530 5783 nec
1561 5727 1737 5796 primo
1776 5741 1877 5781 nec
1907 5725 2010 5780 soli

423 5821 611 5897 Lycus
641 5823 756 5879 sive
792 5821 958 5907 lupus
987 5834 1189 5882 nomen
1222 5819 1510 5891 obtigerat.
1545 5817 1854 5888 Addebam,
1884 5820 2009 5875 ‘cum

2119 3332 2283 3389 hebat
2330 3333 2533 3389 multos
2579 3334 2633 3388 in
2665 3333 2940 3389 diversam
2988 3336 3372 3393 credulitatem
3428 3340 3694 3394 contrarie

2115 3433 2446 3477 assertarum
2487 3423 2554 3478 de
2586 3423 2677 3478 illo
2708 3439 2915 3490 rer-um,
2948 3433 3116 3494 prout
3154 3442 3407 3496 quosque
3437 3429 3585 3485 favor
3602 3438 3692 3486 aut

2115 3514 2304 3569 odium
2355 3525 2622 3578 moverat,
2660 3516 2911 3585 utrisque
2937 3526 3125 3571 tamen
3167 3516 3279 3572 fere
3309 3521 3698 3579 consentienti-

2117 3605 2218 3660 bus
2255 3604 2312 3660 in
2343 3607 2449 3660 sibi
2495 3608 2877 3675 persuadendo
2930 3623 3054 3662 esse
3080 3608 3232 3663 illum
3263 3622 3508 3667 ascetam
3543 3611 3698 3667 disci-

2118 3695 2278 3765 plina:
2309 3705 2546 3751 austerae
2579 3712 2646 3753 ac
2688 3697 2922 3767 rigidum
2968 3703 3389 3754 observatorem
3424 3701 3697 3755 mandato-

2117 3802 2264 3841 rum.
2323 3787 2478 3854 Quod
2532 3788 2753 3859 quidem
2801 3792 2966 3843 etiam
3022 3792 3308 3846 astruebat
3359 3794 3600 3865 squallor
3645 3801 3697 3847 et

2120 3879 2355 3935 durities
2387 3880 2740 3936 assiduorum
2798 3880 2959 3958 1“
3006 3883 3151 3952 apud
3184 3883 3335 3938 illum
3396 3898 3694 3940 maerorum

2118 3972 2509 4041 quorumdam,
2542 3973 2897 4042 pallidorum,
2942 3976 3261 4029 attritorum
3320 3977 3604 4032 laboribus
3645 3983 3695 4030 et

2121 4063 2295 4118 nudos
2314 4074 2471 4118 artus
2490 4063 2675 4134 frigori
2702 4064 3097 4134 exponentium
3132 4066 3443 4133 hominum,
3468 4081 3693 4137 quorum

2120 4156 2320 4226 passim
2352 4157 2678 4225 percellebat
2713 4158 2905 4214 oculos
2942 4157 3167 4213 horrida
3208 4159 3428 4228 Species
3466 4159 3696 4217 admira-

2120 4248 2267 4303 tione
2295 4264 2500 4305 severae
2529 4250 2583 4303 in
2619 4250 2766 4303 cunni
2799 4250 2949 4303 cultu
2988 4251 3350 4320 paupertatis,
3381 4252 3694 4320 cogitabun-

2118 4342 2172 4397 di
2217 4341 2438 4396 silentii.
2492 4342 2844 4411 parcitnouiae
2889 4342 3184 4395 verborum
3244 4341 3298 4395 in
3347 4340 3691 4412 defungendo

2118 4449 2283 4503 quam
2312 4433 2634 4487 brevissime
2668 4431 2980 4487 necessario
3025 4447 3300 4494 sermone,
3334 4434 3505 4488 tristis
3544 4446 3693 4500 διερε-

2119 4536 2261 4590 ctus,
2300 4522 2681 4578 irrevocabilis
2721 4521 2976 4591 quamvis
3002 4521 3056 4575 in
3091 4532 3298 4591 partem
3344 4526 3693 4578 inclinaverat

2118 4616 2428 4678 sententiae,
2477 4612 2895 4685 implacidas-que
2931 4627 2994 4667 ac
3044 4614 3307 4682 spirantis
3341 4615 3690 4670 acerbitatem

2116 4724 2210 4780 per
2250 4707 2434 4762 omnia
2489 4704 2946 4760 conversationis.
3009 4702 3136 4759 Haec
3175 4702 3321 4757 fama
3369 4705 3538 4758 didita
3598 4715 3691 4771 per

2113 4815 2210 4854 ora
2263 4797 2510 4853 omnium
2556 4796 2624 4850 ad
2673 4811 2836 4850 aures
2864 4810 3084 4865 quoque
3128 4797 3482 4866 imperatoris
3506 4806 3689 4864 perve-

2115 4905 2265 4944 nere.
2297 4889 2349 4944 ls
2390 4902 2490 4958 pro
2533 4903 2633 4942 sua
2674 4887 2966 4940 multarum
3006 4886 3119 4956 jam
3154 4902 3335 4942 rerum
3390 4888 3552 4955 intth
3588 4897 3685 4938 usu

2115 4982 2355 5035 visarum
2405 4977 2745 5048 experientia
2778 4976 2937 5032 facile
2982 4977 3374 5046 suspicabatur
3424 4977 3592 5031 multa
3620 4986 3687 5028 ex

2116 5070 2182 5126 iis
2209 5085 2332 5140 qua:
2374 5085 2475 5140 pro
2518 5085 2620 5126 suo
2655 5070 2890 5139 quisque
2919 5067 3119 5124 ail'ectu
3154 5069 3422 5123 adversus
3452 5067 3687 5120 Athana-

2114 5166 2257 5220 sium
2295 5164 2532 5229 dicebat,
2566 5162 2779 5226 livoris,
2802 5162 2914 5217 odii
2947 5161 3282 5217 similiumve
3327 5157 3687 5232 perturbatio-

2115 5273 2269 5319 num,
2303 5257 2559 5327 qualibus
2596 5257 2707 5310 vita
2744 5255 3031 5310 hominum
3076 5255 3235 5326 plena
3280 5263 3385 5319 est,
3430 5251 3686 5308 instinctu

2116 5350 2245 5421 fingi
2268 5347 2606 5420 volgarique,
2634 5349 2716 5402 vel
2743 5347 2868 5403 inde
2884 5359 3269 5417 argumentum
3292 5347 3514 5408 ducens,
3546 5335 3687 5411 quod

2116 5450 2314 5496 cuncta
2340 5442 2455 5497 haec
2486 5457 2630 5496 nunc
2657 5441 2878 5495 demum
2911 5446 3107 5495 vocato
3154 5438 3223 5493 ad
3256 5434 3681 5508 patriarehatum

2106 5534 2510 5603 'objicerentur,
2549 5534 2787 5601 nemine,
2812 5532 2995 5604 quoad
3050 5533 3105 5586 in
3158 5531 3368 5600 privata
3412 5529 3524 5582 vita
3570 5535 3690 5594 Pe"

2110 5630 2277 5694 stitit,
2311 5629 2419 5683 ulla
2469 5628 2564 5682 tali
2597 5627 2665 5682 de
2688 5641 2746 5682 re
2793 5626 3021 5696 culpare
3066 5624 3430 5680 Athanasium
3474 5616 3680 5672 audito.

2106 5721 2398 5794 Ingressus
2426 5728 2607 5775 tamen
2626 5717 3122 5773 considerationem
3147 5716 3276 5773 hinc
3297 5712 3425 5772 inde
3441 5710 3688 5778 allegato-

2117 5832 2262 5884 rum,
2300 5825 2352 5871 et
2384 5825 2711 5885 comparans
2742 5807 2902 5867 bonis
2934 5807 3101 5876 mala,
3136 5806 3377 5879 denique
3402 5800 3703 5875 prudenter,
