4018 6392
348 364 460 429 165

1242 368 1340 427 DE
1374 365 1822 429 ANDRON‘CO
1864 357 2339 422 PALEOLOGO
2371 357 2515 417 LIB.
2547 358 2631 419 Il.

3513 358 3618 429 liis

345 494 443 538 τις
470 481 566 545 τῆς
597 478 891 548 ἑῦδομάδος
916 477 1208 549 νηστίμους
1237 479 1564 532 καταλύουσι
1596 480 1696 548 μὲν
1737 478 1816 539 είς
1850 474 1924 526 δι·
1959 485 1997 535 Α
2026 469 2359 524 λελεύκωται
2383 470 2443 523 τὸ
2472 470 2895 540 χειρόμακτρον,
2927 468 2991 539 [Ρ
3032 468 3153 541 100]
3199 470 3273 532 ὡς
3298 470 3493 540 ἐλοὺθη
3520 466 3615 524 οὒ-

345 566 567 633 φιιγίαν,
626 567 955 619 καταλύουσι
1001 567 1057 620 δὲ
1087 568 1180 619 καὶ
1206 569 1286 630 εἰς
1330 563 1471 620 οίνον
1518 565 1775 626 πολλάκις
1830 564 1925 616 καὶ

346 657 549 720 ἔλαιον,
588 659 682 709 καὶ
709 657 1106 727 παραρτΰμασι
1141 659 1401 727 χρῶνται,
1453 658 1551 711 καὶ
1597 656 1748 725 παρὰ
1801 655 1925 717 τοὺς

348 746 573 811 πολλοὺς,
629 749 939 818 τρέφονται,
984 750 1079 803 καὶ
1133 750 1209 811 ὼς
1255 749 1516 820 χρήματά
1560 765 1705 811 τινες
1735 747 1924 816 ἔχοιεν.

347 838 461 891 Kal.
487 839 738 891 τοσοῦτον
769 841 1149 909 ὲφιλοκρίνουν
1205 840 1377 893 ταῦτα
1423 842 1514 893 καὶ
1575 841 1787 900 ποιναῖς
1842 838 1930 903 ἐξ·

348 927 627 990 ικόλαζον,
653 927 728 991 ὡς
867 929 1026 997 μόνον
1051 930 1176 991 τοὺς
1227 929 1652 998 ἁδιαφοροῦντας
1700 927 1929 980 δεδιέναι

348 1018 444 1070 καὶ
466 1018 690 1088 τρέμειν
720 1019 819 1087 τῆν
856 1021 1079 1073 ἐκείνων
1131 1021 1473 1084 ἐπιστασίαν,
1517 1019 1591 1081 ὡς
1662 1020 1708 1071 εί
1769 1019 1928 1087 μόνον

347 1109 807 1179 πιοσαγγελθείεν
836 1111 1336 1180 κολασθησομένους
1369 1112 1438 1165 τὰ
1472 1111 1728 1181 μέγιστα,
1792 1107 1929 1161 ἀλλὰ

346 1200 552 1252 καὶτὸν
578 1200 839 1253 δοκοῦντα
883 1203 1408 1270 προσεκτικώτατον.
1475 1203 1586 1254 Kal.
1649 1201 1783 1270 ὅπερ
1837 1199 1930 1250 ἰπὶ

343 1292 444 1344 τοῦ
475 1292 736 1360 σκορπίου
766 1294 952 1361 φασὶν.
972 1294 1037 1347 ἐκ
1066 1294 1165 1363 τῆς
1210 1294 1353 1362 ὀπῆς
1391 1294 1603 1360 ἐξιόντα
1659 1291 1824 1362 μηδὲν
1855 1291 1931 1343 εί-

342 1381 496 1434 δέναι
528 1383 635 1451 ὅπη
665 1383 728 1436 τὸ
757 1384 976 1455 κέντρον
1008 1385 1327 1455 προσδαλοι,
1362 1385 1474 1453 ἀλλ’
1514 1384 1672 1446 εὐοὺς
1731 1382 1930 1435 ἐνιέναι

348 1479 510 1540 πᾶσι,
541 1478 635 1529 καὶ
659 1479 846 1545 φυτοῖς
877 1478 970 1529 καὶ
993 1479 1220 1546 πέτραις
1250 1479 1344 1530 καὶ
1383 1477 1547 1541 ζώοις
1591 1477 1683 1529 καὶ
1720 1478 1814 1548 γῇ,
1862 1476 1932 1528 τὰ

345 1566 517 1620 αὑτοῦ
546 1567 876 1636 πράττοντα,
908 1566 1051 1620 οὕτω
1077 1568 1348 1630 κάκείνοις
1401 1568 1659 1637 ἄντικρυς
1686 1561 1754 1637 ἦν
1804 1566 1931 1618 τοῦ-

344 1659 687 1728 πιτήδευμα,
749 1659 941 1712 ὲνιείσι
988 1661 1213 1729 πικρίαν
1274 1656 1355 1723 οἷς
1396 1661 1677 1713 ἐπιστατεν
1719 1659 1806 1712 διὰ
1833 1658 1932 1729 τὴν

341 1746 445 1798 τοῦ
478 1747 947 1817 πατριαρχοῦντος
978 1749 1071 1801 ἐπὶ
1094 1751 1279 1815 πᾶσιν,
1300 1749 1374 1812 ὡς
1398 1750 1590 1816 ὲηΞόκει,
1622 1750 1928 1820 ἀκρίϐειαν.

2029 579 2144 627 τος,
2166 563 2241 624 ὡς
2264 564 2473 625 ἐκεῖνος
2501 561 2791 631 ἀπερρᾳού
2802 577 2994 630 μησεν,
3025 561 3097 624 ὡς
3133 561 3304 628 φίλοις
3328 564 3616 631 ἐχρήσατο,

2028 655 2104 718 ὡς
2128 654 2436 724 ἀσθενήσας
2468 654 2635 724 ίατρῷ
2662 654 2962 723 προσῆλθε.
3000 654 3108 706 Kal.
3134 657 3215 715 τίς
3251 654 3314 705 ἂν
3349 656 3413 706 τα
3436 655 3616 713 αἰτιά-

2034 763 2177 814 ματα
2242 747 2624 814 ἁριθμήσειεν,
2689 743 2725 798 ἃ
2791 744 2854 813 δὴ
2888 743 2981 797 καὶ
3030 744 3105 807 ὡς
3160 746 3252 797 ἐπὶ
3289 749 3490 815 σκηνῆς
3525 746 3617 798 τοῦ

2032 836 2148 905 βίου
2168 837 2276 889 τῶν
2305 837 2668 907 ταλαιπώρων
2703 836 3008 907 ἀνθρώπων
3048 840 3080 907 ἡ
3137 838 3421 908 τληπαίὶὴς
3456 840 3616 906 φύσις

2029 928 2105 990 ὡς
2153 929 2383 998 ἐφόλκια
2441 928 2807 996 ἑπισύρεται;
2883 925 2979 992 Οἷς
3026 932 3224 983 ἐκεῖνοι
3264 932 3616 999 ὲπιφυόμενοι

2032 1018 2416 1082 κατωνείδιζον
2470 1022 2562 1071 καὶ
2602 1020 2828 1090 ῆτίμουν
2862 1022 2953 1074 καί
2976 1022 3298 1092 περιὲσυρον
3327 1023 3420 1076 καὶ
3448 1023 3618 1090 φυλα-

2032 1111 2153 1171 καῖς
2181 1110 2588 1180 ἀπαρακλήτοις
2612 1112 2856 1166 δικαιοῦν
2884 1113 2985 1166 οὐκ
3017 1113 3231 1182 ἔληγον.
3276 1110 3384 1166 Ἦν
3419 1115 3480 1184 δή
3513 1132 3615 1167 που

2034 1205 2130 1256 καὶ
2157 1204 2264 1256 ἀπὸ
2297 1204 2475 1273 μονῶν
2502 1205 2749 1274 ἐξέλεγον
2795 1208 3078 1277 χρήματα,
3113 1207 3187 1270 ὡς
3251 1206 3385 1277 ὓλην
3426 1207 3615 1260 παθῶν

2035 1295 2390 1359 ὑποσπῶντες
2417 1295 2587 1350 ταῦτα
2620 1298 2715 1350 καὶ
2767 1298 2827 1349 τὸ
2856 1296 2966 1367 πῦρ
3010 1297 3110 1367 τῆς
3157 1297 3463 1367 ἐμπαθείας
3526 1300 3614 1349 ὲν-

2031 1385 2223 1438 τεῦθεν
2283 1386 2683 1456 ἀπομαραίνειν
2736 1388 3113 1451 δικαιοῦντες·
3156 1390 3206 1441 ει
3257 1389 3313 1441 δὲ
3370 1390 3461 1442 καὶ
3491 1392 3613 1452 ταῖς

2033 1475 2218 1543 χερσὶν
2240 1475 2463 1527 ἐκείνων
2488 1477 2537 1528 οἱ
2574 1474 2894 1546 σπινθῆρες,
2927 1476 3004 1540 ὼς
3039 1476 3244 1541 ἔδοξαν,
3296 1478 3615 1530 ὲνεσποδι.-

2034 1564 2207 1629 ζοντο,
2244 1564 2558 1635 Ἡράκλεις,
2589 1569 2698 1628 τοῖς
2735 1566 2931 1632 ἄλλων,
3008 1568 3036 1621 ὅ
3077 1585 3258 1635 φασιν,
3313 1569 3531 1640 ἰατροῖς,
3567 1570 3617 1620 εί

2033 1654 2248 1707 ἕλκεσιν
2272 1655 2484 1725 ἔϐρυον.
2517 1656 2708 1725 Ὅμως
2735 1657 2918 1726 μέντοι
2949 1661 3104 1728 μῖσος
3155 1661 3257 1713 οὐκ
3300 1661 3478 1728 ὀλίγον
3532 1664 3590 1712 ὲν

2033 1744 2224 1797 τεῦθεν
2256 1746 2407 1815 σφίσι
2439 1749 2589 1811 παρὰ
2620 1748 2832 1801 πολλῶν
2859 1750 3145 1821 ἐντὲτροφε
3198 1753 3292 1805 καὶ
3353 1751 3615 1815 ἄσπονδης

358 1838 586 1909 Ἐκείνῳ
622 1840 679 1892 τὸ
711 1841 933 1909 εὑρεθὲν
962 1843 1184 1912 χρυσίον
1243 1842 1606 1908 κατάγνωσις,
1650 1837 1825 1912 τούτῳ
1872 1842 1933 1894 τὸ
1965 1842 2006 1895 Β
2039 1837 2217 1907 μῆνις,
2253 1840 2733 1906 καὶ,κατεστύγουν
2768 1841 3033 1907 ἅπαντες,
3061 1843 3286 1896 ἐκείνων
3318 1845 3615 1914 σϊεενδομιὲ⁶

342 1930 459 1982 τῶν
495 1931 725 1998 ίματίων
752 1930 959 1994 καινὸν,
990 1931 1136 2003 ἄλλῳ
1159 1935 1221 1985 τὸ
1246 1932 1367 1985 δυσὶ
1405 1936 1746 2003 χιτωνίσκοις
1778 1934 1811 2005 ἢ
1838 1934 1930 1987 καὶ

346 2025 499 2090 τρισὶ
532 2021 792 2092 χρῆσθαι,
826 2022 971 2092 ἄλλῳ
993 2024 1075 2075 δτι
1141 2023 1169 2075 ό
1221 2025 1453 2094 σταυρὸς
1496 2025 1554 2089 ἐξ
1607 2025 1846 2095 ἀργύρου
1896 2025 1928 2096 ἦ

306 2172 313 2175 _
349 2112 460 2180 μὴν
490 2114 586 2162 καὶ
617 2113 862 2180 χρυσίου,
888 2112 983 2165 καὶ
1013 2112 1094 2184 ὅτι
1142 2113 1234 2165 πο)
1250 2115 1441 2183 υτελῆς
1474 2116 1926 2179 κατεσκεύασται,

345 2201 498 2271 ἄλλῳ
512 2201 589 2264 ὡς
614 2203 673 2255 τὸ
702 2203 1043 2275 μαχαιρίδων
1099 2202 1160 2259 εὖ
1212 2205 1467 2276 ῆσκηται,
1516 2207 1607 2259 καὶ
1654 2206 1797 2277 ἄλλῳ
1855 2206 1928 2272 ὡς

346 2397 715 2443 causarentur
747 2386 963 2442 licentia
1004 2388 1279 2442 relaxasse
1306 2387 1654 2458 disciplinam
1685 2404 1785 2443 nec
1811 2388 1927 2458 jam

348 2497 510 2534 more
545 2481 942 2535 tuonachorum
974 2482 1201 2550 antiquo
1232 2481 1435 2535 vivere.
1483 2479 1699 2534 Etenim
1730 2482 1930 2550 quibus

346 2577 551 2647 quavis
578 2569 920 2630 hebdomade
950 2575 1145 2630 diebus
1180 2574 1446 2629 indictum
1478 2575 1605 2628 olim
1658 2574 1729 2628 sit
1784 2573 1929 2642 jeju-

349 2669 530 2732 nium,
563 2666 630 2719 iis
658 2666 756 2719 hos
788 2664 962 2718 nihilo
1002 2665 1185 2719 secius
1242 2662 1329 2718 bis
1358 2663 1671 2727 comedere,
1694 2671 1749 2716 et
1805 2663 1930 2731 qui-

348 2761 470 2812 dem
505 2772 652 2827 saepe
686 2758 815 2811 vino
846 2765 900 2811 et
937 2756 1060 2811 oleo
1109 2754 1413 2820 adhibitis;
1473 2765 1735 2823 prmterea
1791 2768 1928 2807 con-

345 2852 613 2906 dimentis
638 2851 714 2904 uti
773 2865 837 2904 ac
872 2852 978 2903 ritu
1032 2848 1178 2903 vesci
1227 2847 1613 2911 sacularium;
1662 2848 1927 2914 quosdam

352 2947 513 2999 etiam
543 2961 611 2999 ex
643 2944 779 3013 ipsis
811 2943 1076 3012 pecunias
1102 2942 1328 2996 habere.
1363 2942 1420 2994 In
1449 2943 1561 2994 haec
1607 2951 1714 2993 tam
1743 2952 1929 2992 severe

356 3034 736 3090 odiosissimas
791 3031 1177 3101 inquisitiones
1221 3039 1276 3085 et
1324 3030 1497 3100 rigida
1534 3028 1740 3099 judicia
1774 3042 1930 3082 scru-

351 3130 536 3183 tandis
563 3129 846 3181 inhianter
880 3142 945 3181 ac
984 3126 1180 3196 cupide
1233 3125 1430 3179 libellis
1463 3123 1794 3193 iudiciisque
1834 3124 1928 3177 de-

347 3221 588 3273 latorum
622 3219 970 3284 exercebant,
993 3228 1052 3269 ut
1080 3230 1192 3269 non
1213 3221 1426 3268 tantum
1457 3212 1550 3282 qui
1575 3226 1765 3266 revera
1794 3211 1932 3264 mol-

344 3311 511 3366 lioris
563 3324 727 3379 quam
756 3318 934 3363 status
959 3314 1211 3378 posceret
1241 3304 1578 3359 monasticus
1613 3302 1717 3357 sibi
1749 3311 1936 3357 essent

346 3406 527 3459 diaeta:
557 3402 790 3465 conscii,
825 3401 1080 3454 timerent
1110 3400 1509 3466 borrereutqne
1552 3395 1770 3448 illorum
1814 3393 1937 3447 ani-

350 3496 818 3559 madversionem,
859 3493 1045 3556 certi,
1096 3493 1143 3545 si
1206 3497 1384 3546 solum
1443 3488 1934 3557 quomodocunqué

349 3591 810 3646 insimularcntur
863 3601 894 3640 a
944 3599 1261 3654 quoquam,
1314 3582 1382 3637 ab
1432 3582 1520 3636 his
1579 3582 1765 3635 statim
1816 3595 1937 3635 sese

348 3682 590 3752 pessime
618 3676 959 3738 multandos,
1008 3676 1104 3731 sed
1142 3690 1244 3731 nec
1273 3675 1320 3728 si
1381 3674 1507 3743 quis
1544 3674 1822 3727 videretur
1876 3672 1934 3727 in

348 3787 419 3828 eo
442 3787 642 3840 genere
678 3770 757 3824 vel
777 3766 1339 3835 circumspectissime
1363 3780 1421 3820 se
1444 3780 1654 3833 gerere,
1679 3780 1935 3819 securum

352 3882 416 3922 se
457 3873 699 3934 putaret,
727 3865 920 3918 horum
948 3860 1224 3931 siquidem
1291 3857 1771 3912 indiscriminatim
1815 3872 1934 3911 om-

355 3959 525 4012 nibus
580 3954 930 4024 intemperies
984 3953 1183 4007 infesta
1258 3950 1605 4013 minabatur,
1659 3950 1817 4017 plane
1877 3958 1938 4002 ut

354 4048 633 4116 scorpium
665 4045 822 4100 aiunt
842 4059 872 4099 e
888 4058 1023 4099 cavo
1050 4042 1431 4111 prodeuntem,
1452 4047 1727 4093 exsertqu
1751 4036 1935 4091 caudae

353 4142 575 4194 lcthalis
612 4138 865 4192 aculeum
892 4151 1045 4205 aeque
1106 4134 1325 4188 cunctis
1348 4131 1617 4185 intentare
1643 4129 1805 4182 rebus
1838 4130 1935 4181 oh-

354 4232 478 4295 viis,
515 4229 742 4298 plantis,
773 4212 946 4292 saxis,
976 4223 1374 4287 animantibus,
1420 4221 1568 4275 nullo
1606 4219 1812 4273 delectu
1851 4234 1936 4271 re—

351 4332 635 4391 spectuve.
666 4319 814 4389 quod
846 4333 1007 4371 suum
1042 4326 1125 4370 est
1155 4323 1432 4384 agentem,
1464 4313 1568 4368 hoc
1602 4322 1707 4376 est,
1736 4311 1936 4365 innatae

351 4416 751 4481 obsequentem
809 4408 1473 4478 libidiniquibuscunque
1539 4420 1702 4475 quam
1761 4413 1935 4472 potest

2032 1943 2137 1979 vwv
2169 1927 2344 1996 μόνων
2370 1923 2449 1988 οἷς
2478 1928 2543 1998 δὴ
2580 1934 2673 1983 καὶ
2703 1931 2777 1993 ὠς
2808 1932 2958 1995 ἰδίοις
2983 1934 3243 2004 ἐχρῶντο.
3305 1936 3521 1998 Πολλοῖς
3556 1936 3614 1988 δὲ

2033 2019 2126 2070 καὶ
2153 2018 2367 2088 πληγὰς
2392 2020 2655 2075 ἐνέτεινον
2680 2021 2901 2092 βαρείας
2933 2025 3200 2096 ἁμαρτεῖν
3248 2026 3482 2092 δόξασιν,
3506 2028 3615 2081 ἀπὸ

2032 2106 2196 2177 ζήλου
2233 2111 2390 2179 δῆθεν
2419 2111 2512 2163 καὶ
2528 2114 2837 2181 ἀκριϐείας,
2863 2115 2924 2167 τὸ
2949 2118 3326 2187 ἀπαραίτητον
3380 2120 3474 2171 ἐπὶ
3506 2122 3614 2172 πᾶ-

2032 2215 2116 2252 σιν
2142 2198 2482 2271 δεικνύμενοι
2508 2207 2600 2257 καὶ
2618 2205 3101 2275 ἀσυγκατάϐατον,
3137 2208 3211 2272 ὡς
3256 2208 3464 2274 πάντας
3514 2212 3613 2280 μὲν

2033 2388 2224 2447 ptuose
2258 2383 2574 2452 splendidus
2608 2388 2920 2442 notabatur.
2965 2388 3072 2443 Sed
3110 2399 3163 2444 et
3196 2404 3370 2459 usque
3403 2391 3470 2445 ad
3515 2393 3616 2447 has

2034 2471 2289 2526 minutias
2318 2477 2691 2530 morosissima
2717 2493 2950 2533 censura
2974 2480 3338 2545 descendebat
3370 2497 3382 2534 :
3412 2479 3489 2534 En
3523 2481 3613 2535 l.ic

2032 2576 2195 2630 quam
2228 2564 2509 2618 elaborato
2539 2566 2747 2622 alIabre
2797 2569 3022 2625 cultello
3076 2571 3282 2625 utitur!
3329 2572 3480 2626 Alter
3523 2572 3614 2626 ille

2034 2655 2242 2706 mantili
2271 2671 2434 2724 quam
2467 2658 2702 2712 candido
2730 2675 2926 2714 manus
2958 2662 3157 2730 tergit!
3194 2659 3263 2716 Ut
3298 2663 3399 2717 iste
3423 2664 3611 2718 lautus

1988 2756 1993 2761 ‘
2032 2750 2199 2802 nitet!
2239 2749 2307 2805 Ut
2344 2751 2517 2805 fracto
2545 2754 2685 2808 a'litts
2713 2765 2767 2807 et
2793 2752 2997 2809 deside’
3023 2758 3326 2826 languescit
3374 2758 3605 2813 habitu!

2035 2839 2104 2893 Ut
2132 2842 2323 2896 atuicis
2354 2844 2585 2897 sollicite
2622 2846 2946 2915 obsequitur
2973 2848 2985 2900 !
3021 2846 3109 2911 Ut,
3141 2865 3265 2904 cum
3294 2860 3610 2918 aegrotaret,

2033 2929 2304 2983 medicqu
2335 2932 2506 2985 adiit!
2551 2943 2604 2985 et
2657 2935 2780 3002 quis
2811 2937 3121 2991 istiusmodi
3152 2939 3605 3011 criminationum

2035 3020 2506 3090 ineptissimarum
2546 3027 2692 3082 ineat
2720 3031 3053 3084 numerum?
3086 3031 3223 3085 Nam
3257 3033 3308 3086 in
3344 3033 3409 3086 iis
3432 3035 3615 3089 omni-

2037 3115 2139 3169 bus
2163 3131 2323 3185 quas,
2362 3120 2507 3173 velut
2536 3122 2586 3173 in
2612 3138 2794 3186 scena,
2830 3124 3129 3179 infelicium
3161 3124 3444 3180 hominum
3472 3140 3615 3182 aeru-

2040 3222 2233 3262 mnosa
2265 3220 2456 3265 natura
2485 3215 2684 3269 solatio
2716 3218 3026 3285 urgentium
3068 3219 3459 3272 necessitatum
3490 3234 3613 3274 sar-

2041 3300 2196 3354 cinas
2224 3300 2344 3355 vitae
2373 3294 2747 3357 subsidiurum
2798 3305 2987 3371 trahit,
3041 3307 3274 3361 insidias
3324 3308 3613 3362 inhumani

2040 3391 2300 3446 satellites
2328 3393 2672 3447 collocabant
2718 3395 3035 3450 odiosarum
3073 3397 3512 3465 explorationum
3541 3415 3556 3463 ;
3582 3413 3615 3453 e

2039 3481 2239 3549 quibus
2290 3494 2643 3551 exsurgentes
2695 3485 2746 3537 in
2795 3486 3164 3553 deprehensos
3188 3488 3616 3542 stomachabun-

2041 3582 2146 3635 tur,
2178 3574 2560 3644 ohjurgahant,
2608 3578 2933 3644 multabant,
2985 3579 3385 3647 prehendentcs
3429 3580 3614 3635 immi-

2039 3666 2409 3730 sericorditer,
2465 3669 2765 3735 prehensas
2820 3670 3184 3738 ignominiose
3239 3672 3523 3727 trahentes
3557 3674 3610 3725 in

2038 3758 2319 3815 custodias
2377 3760 2744 3823 tristissimas,
2808 3762 2899 3814 ubi
2956 3762 3075 3816 sine
3128 3779 3225 3832 spe
3285 3764 3611 3833 impetrandi

2038 3851 2354 3915 laxamenti,
2384 3853 2501 3907 sine
2530 3854 2637 3906 ullo
2668 3863 3097 3923 temperamento
3134 3858 3355 3912 indultu:
3407 3872 3613 3912 conso-

2041 3943 2352 3997 latiuuculae
2414 3945 2493 3998 vel
2547 3945 2828 4010 minume,
2888 3947 3074 4002 miseri
3124 3950 3613 4015 contabescerent,

2040 4035 2188 4088 nulla
2221 4036 2573 4105 quantumvis
2621 4039 2776 4106 longa
2823 4038 3106 4092 tolerant-la
3169 4041 3438 4094 malorum
3487 4057 3616 4096 cru-

2041 4128 2243 4182 delium
2320 4129 2553 4182 istormu
2612 4132 2972 4184 insatiabilem
3021 4131 3270 4199 explente
3319 4133 3610 4188 feritatem.

2037 4215 2147 4271 Nec
2179 4217 2423 4286 singulos
2472 4233 2697 4272 vexasse
2751 4222 3054 4273 monachos
3108 4221 3374 4282 contenti.
3420 4237 3614 4277 mona-

2038 4308 2202 4362 steria
2245 4308 2360 4378 ipsa
2385 4308 2585 4377 opibus
2628 4319 2682 4362 et
2730 4312 2960 4378 pecunia
3013 4311 3268 4365 tollendis
3314 4312 3611 4367 exhaurie-

2039 4401 2209 4453 bant:
2274 4401 2561 4454 materiam
2617 4402 2973 4470 cupiditatum
3010 4394 3259 4458 everrere
3313 4419 3435 4460 sese
3486 4405 3616 4461 inde

356 4508 594 4561 maxime
624 4503 881 4558 nocendi.
914 4501 1008 4556 Sic
1039 4502 1158 4555 istis
1192 4501 1294 4555 hoc
1322 4499 1589 4561 studium,
1625 4498 1736 4551 haec
1769 4511 1931 4551 occu-
1964 4503 2014 4563 ι)
2050 4489 2165 4544 zelo
2192 4488 2490 4559 disciplinae
2523 4491 2860 4556 dictitantes,
2892 4508 2999 4561 quo
3033 4492 3221 4549 fomite
3275 4495 3486 4553 scilicet
3516 4495 3615 4549 de.

354 4598 503 4665 pullo
540 4611 603 4651 ac
629 4595 785 4665 quasi
813 4593 1086 4664 professio
1117 4607 1222 4645 una
1257 4600 1398 4657 erat,
1430 4591 1730 4643 in‘nnittere
1783 4603 1936 4641 acci-

356 4690 541 4743 hitatis
581 4703 693 4740 sua:
746 4689 898 4739 virus
953 4684 1006 4738 iu
1047 4697 1239 4737 onmes
1284 4682 1481 4750 quibus
1525 4687 1793 4747 pra-erant
1844 4692 1938 4746 po-

331 4792 552 4868 ³ιιιειιιιιι
589 4796 752 4848 quam
786 4778 920 4847 ipsis
942 4774 1389 4832 communicabat
1408 4773 1740 4841 patriarcha,
1770 4784 1932 4840 quem

333 4862 482 4939 lcum
516 4877 809 4939 appareret
847 4881 1118 4921 summam
1149 4865 1334 4918 omnis
1396 4862 1557 4916 oliicii
1590 4862 1931 4928 diligentiam

516 4918 970 5029 arti—unoquoque
997 4956 1160 5026 exigi,
1203 4972 1268 5009 eo
1301 4955 1421 5024 plus
1468 4971 1527 5008 se
1567 4954 1634 5006 ab
1671 4918 1764 5005 ilvlo
1799 4953 1935 5005 inire

353 5056 544 5123 gratia:
574 5053 861 5119 putabant,
896 5065 1006 5119 quo
1038 5046 1308 5101 immitius
1359 5045 1713 5099 desaevisseut
1751 5045 1802 5096 in
1846 5047 1936 5094 ὐε-

355 5150 498 5202 Intus
558 5155 655 5199 aut
710 5142 1075 5197 mediocrium
1138 5139 1421 5207 culparmn
1482 5147 1573 5190 aut
1626 5151 1833 5199 rerum,
1889 5136 1931 5187 si

356 5239 607 5294 clementi
650 5235 879 5290 arbitrio
929 5241 1308 5291 censerentur,
1372 5245 1440 5282 ne
1490 5228 1663 5296 culpa:
1712 5228 1931 5296 quidem

354 5331 439 5385 alii
467 5333 623 5387 .ium.
654 5326 1137 5394 ,Quottdianarum
1181 5329 1264 5377 ha:
1328 5322 1649 5376 lerehantur
1699 5321 1931 5374 damna-

357 5428 562 5478 tionum
596 5437 800 5484 causae,
848 5435 1052 5473 aureus
1100 5417 1152 5471 in
1208 5417 1370 5485 hujus
1421 5414 1671 5468 monachi
1723 5416 1933 5483 peettlio

357 5526 624 5586 repertus,
662 5530 864 5570 novum
910 5513 1049 5566 alter
1095 5510 1472 5579 deprehensus
1529 5509 1774 5561 induisse
1815 5509 1930 5576 pal-

354 5609 507 5673 lium,
544 5607 759 5663 duabus
790 5606 935 5660 alius
970 5607 1214 5659 tribusve
1246 5602 1322 5655 uti
1358 5602 1559 5655 tunicis
1586 5613 1930 5668 Ctttttput'tus.

354 5705 572 5767 Quinet
603 5701 651 5756 si
683 5702 1074 5756 observaretur
1123 5707 1341 5768 gestare
1394 5695 1673 5765 quispiam
1730 5711 1933 5763 argen-

356 5806 495 5847 team
536 5790 698 5862 ιήθ
721 5789 1069 5846 aurcelamve
1102 5790 1460 5852 crociculaui,
1486 5786 1664 5841 statim
1709 5796 1765 5837 ut
1788 5801 1931 5838 sum-

2037 4590 2208 4636 tractu
2256 4582 2498 4637 avaritia:
2521 4586 2539 4653 (
2562 4584 2642 4639 sic
2672 4587 2815 4637 enim
2855 4585 3218 4654 loquebantur
3245 4585 3262 4657 )
3297 4588 3419 4657 plus
3446 4590 3616 4641 nimio

2035 4674 2314 4744 ﬂagrantis
2339 4673 2589 4728 ardorem
2634 4677 2983 4737 minuerent;
3013 4678 3171 4746 cujus
3234 4688 3412 4732 tamen
3472 4678 3616 4747 ignis

2038 4767 2232 4821 favilla:
2269 4766 2320 4821 iu
2361 4769 2613 4821 manibus
2667 4769 2937 4838 ipsarum,
3001 4770 3257 4824 scintillis
3309 4747 3615 4825 luculenter

2035 4858 2537 4935 intermicantibus,
2570 4863 2956 4928 cernebantur,
3006 4871 3064 4915 ut
3090 4862 3275 4915 liceret
3298 4863 3618 4917 exclamare

2035 4952 2222 5004 tritum
2260 4951 2426 5005 illud:
2462 4969 2479 5001 ι
2523 4950 2667 5006 Heus
2693 4968 2809 5016 Vos,
2846 4954 3078 5006 aliorum
3136 4954 3354 5017 medici,
3393 4957 3615 5008 scatetis

2036 5043 2350 5097 ttiCctilittS!
2411 5061 2429 5094 ι
2482 5042 2596 5107 llis,
2670 5055 2833 5112 prout
2880 5055 2997 5097 erat
3054 5045 3369 5107 verisimile,
3421 5045 3616 5114 ingens

2034 5137 2298 5189 adtersus
2331 5138 2465 5190 istos
2502 5138 2687 5190 odium
2719 5137 2770 5188 in
2816 5136 3016 5191 animis
3049 5138 3294 5189 omnium
3325 5138 3611 5199 :estuahat,

2036 5229 2224 5296 iraque
2279 5227 2524 5283 fet-vehat
2580 5229 2966 5299 implacabilis,
3023 5210 3409 5285 detestantium
3472 5245 3610 5282 cuu-

2035 5333 2245 5375 ctorum
2277 5331 2386 5374 tam
2422 5321 2594 5375 diram
2627 5322 3013 5386 acerbitatem,
3050 5326 3174 5375 uuis
3210 5325 3472 5374 duntaxat
3503 5321 3613 5375 illis

2037 5419 2087 5470 in
2123 5415 2226 5467 lide
2262 5415 2407 5467 velut
2442 5413 2667 5470 foederis
2704 5430 2826 5467 cum
2862 5414 2947 5468 his
2975 5414 3366 5483 perStantibus,
3409 5412 3613 5482 quibus

2034 5509 2195 5576 quasi
2226 5508 2541 5561 dotncsticis
2588 5516 2641 5560 et
2690 5505 2935 5559 interiori
2987 5502 3394 5558 “eoessitutliue
3446 5499 3612 5553 {attit-

2034 5602 2262 5654 liaxibus
2291 5601 2391 5667 ipsi
2423 5599 2734 5653 utebantur.
2770 5597 3136 5651 Cumulahant
3163 5596 3343 5647 oleum
3372 5594 3423 5645 in
3457 5595 3611 5646 llam-

2035 5709 2177 5747 tnam
2221 5692 2369 5744 iuvid
2395 5708 2459 5755 ac,
2487 5692 2627 5761 quod
2665 5705 2732 5743 ne
2773 5688 3150 5757 temperabant
3214 5686 3432 5752 quidem
3495 5700 3604 5737 ma~

2036 5785 2196 5837 nibus
2233 5794 2283 5837 ct
2328 5784 2491 5844 fuste,
2529 5783 2702 5850 ilagis
2738 5780 3009 5833 interdum
3047 5775 3447 5831 centundeutes
3472 5788 3614 5847 quos
