  <div class='ocr_page' id='page_1' title='image "/cluster/home/n/w/nwhite01/storage/ocr_20150623/144:no.2/coo.31924054870492/091.png"; bbox 0 0 4018 6412; ppageno 0'>
   <div class='ocr_carea' id='block_1_1' title="bbox 443 377 546 444">
    <p class='ocr_par' dir='ltr' id='par_1_1' title="bbox 443 377 546 444">
     <span class='ocr_line' id='line_1_1' title="bbox 443 377 546 444; baseline 0.019 -2"><span class='ocrx_word' id='word_1_1' title='bbox 443 377 546 444; x_wconf 71' lang='grc'><strong>167</strong></span> 
     </span>
    </p>
   </div>
   <div class='ocr_carea' id='block_1_2' title="bbox 1641 375 2495 439">
    <p class='ocr_par' dir='ltr' id='par_1_2' title="bbox 1641 375 2495 439">
     <span class='ocr_line' id='line_1_2' title="bbox 1641 375 2495 439; baseline -0.001 -2"><span class='ocrx_word' id='word_1_2' title='bbox 1641 375 1971 439; x_wconf 78' lang='lat' dir='ltr'><strong>GEORGII</strong></span> <span class='ocrx_word' id='word_1_3' title='bbox 1997 376 2086 437; x_wconf 80' lang='grc' dir='ltr'>ΡΑ</span> <span class='ocrx_word' id='word_1_4' title='bbox 2098 376 2495 439; x_wconf 71' lang='grc' dir='ltr'><strong>(ῙΗῩΜΕΒΞΕ</strong></span> 
     </span>
    </p>
   </div>
   <div class='ocr_carea' id='block_1_3' title="bbox 2961 258 2993 293">
    <p class='ocr_par' dir='ltr' id='par_1_3' title="bbox 2961 258 2993 293">
     <span class='ocr_line' id='line_1_3' title="bbox 2961 258 2993 293; baseline 0 0"><span class='ocrx_word' id='word_1_5' title='bbox 2961 258 2993 293; x_wconf 72' lang='grc' dir='ltr'><strong>ο</strong></span> 
     </span>
    </p>
   </div>
   <div class='ocr_carea' id='block_1_4' title="bbox 3610 382 3710 449">
    <p class='ocr_par' dir='ltr' id='par_1_4' title="bbox 3610 382 3710 449">
     <span class='ocr_line' id='line_1_4' title="bbox 3610 382 3710 449; baseline 0 -2"><span class='ocrx_word' id='word_1_6' title='bbox 3610 382 3710 449; x_wconf 77' lang='grc'><strong>168</strong></span> 
     </span>
    </p>
   </div>
   <div class='ocr_carea' id='block_1_5' title="bbox 440 490 3712 569">
    <p class='ocr_par' dir='ltr' id='par_1_5' title="bbox 440 490 3712 569">
     <span class='ocr_line' id='line_1_5' title="bbox 440 490 3712 569; baseline 0 -19"><span class='ocrx_word' id='word_1_7' title='bbox 440 491 585 550; x_wconf 79' lang='grc' dir='ltr'>εἶναι</span> <span class='ocrx_word' id='word_1_8' title='bbox 609 495 667 549; x_wconf 73' lang='grc' dir='ltr'>ὲν</span> <span class='ocrx_word' id='word_1_9' title='bbox 696 491 849 564; x_wconf 79' lang='grc' dir='ltr'><strong>φόὸῳ</strong></span> <span class='ocrx_word' id='word_1_10' title='bbox 871 492 964 547; x_wconf 78' lang='grc' dir='ltr'>καὶ</span> <span class='ocrx_word' id='word_1_11' title='bbox 988 491 1224 565; x_wconf 80' lang='grc' dir='ltr'>ἀγωνίᾳ,</span> <span class='ocrx_word' id='word_1_12' title='bbox 1249 490 1373 556; x_wconf 79' lang='grc' dir='ltr'>τοὺς</span> <span class='ocrx_word' id='word_1_13' title='bbox 1404 490 1695 556; x_wconf 78' lang='grc' dir='ltr'><strong>πλείστους</strong></span> <span class='ocrx_word' id='word_1_14' title='bbox 1741 492 1798 547; x_wconf 80' lang='grc' dir='ltr'>δὲ</span> <span class='ocrx_word' id='word_1_15' title='bbox 1850 492 1946 545; x_wconf 75' lang='grc' dir='ltr'>καὶ</span> <span class='ocrx_word' id='word_1_16' title='bbox 1972 493 2028 544; x_wconf 81' lang='grc' dir='ltr'>ὲν</span> <span class='ocrx_word' id='word_1_17' title='bbox 2057 496 2104 555; x_wconf 75' lang='grc' dir='ltr'><strong>Α</strong></span> <span class='ocrx_word' id='word_1_18' title='bbox 2137 509 2260 561; x_wconf 87' lang='grc' dir='ltr'>μαι,</span> <span class='ocrx_word' id='word_1_19' title='bbox 2299 491 2375 554; x_wconf 85' lang='grc' dir='ltr'>ὡς</span> <span class='ocrx_word' id='word_1_20' title='bbox 2438 490 2627 562; x_wconf 85' lang='grc' dir='ltr'>μέσον</span> <span class='ocrx_word' id='word_1_21' title='bbox 2648 490 2822 546; x_wconf 83' lang='grc' dir='ltr'>κακοῦ</span> <span class='ocrx_word' id='word_1_22' title='bbox 2873 508 2935 546; x_wconf 83' lang='grc' dir='ltr'><strong>τε</strong></span> <span class='ocrx_word' id='word_1_23' title='bbox 2968 493 3058 548; x_wconf 71' lang='grc' dir='ltr'><strong>καὶ</strong></span> <span class='ocrx_word' id='word_1_24' title='bbox 3084 491 3295 563; x_wconf 76' lang='grc' dir='ltr'>ἀγαθοῦ</span> <span class='ocrx_word' id='word_1_25' title='bbox 3325 493 3388 549; x_wconf 78' lang='grc' dir='ltr'>τὸ</span> <span class='ocrx_word' id='word_1_26' title='bbox 3433 494 3712 569; x_wconf 76' lang='grc' dir='ltr'>ἀδιάφορον</span> 
     </span>
    </p>
   </div>
   <div class='ocr_carea' id='block_1_6' title="bbox 437 582 2034 656">
    <p class='ocr_par' dir='ltr' id='par_1_6' title="bbox 437 582 2034 656">
     <span class='ocr_line' id='line_1_6' title="bbox 437 582 2034 656; baseline -0.004 -13"><span class='ocrx_word' id='word_1_27' title='bbox 437 586 785 656; x_wconf 80' lang='grc' dir='ltr'><strong>καταγνώσει</strong></span> <span class='ocrx_word' id='word_1_28' title='bbox 838 585 1176 654; x_wconf 76' lang='grc' dir='ltr'>λογίζεσθαι.</span> <span class='ocrx_word' id='word_1_29' title='bbox 1241 586 1425 640; x_wconf 80' lang='grc' dir='ltr'><strong>Πάντα</strong></span> <span class='ocrx_word' id='word_1_30' title='bbox 1478 582 1524 637; x_wconf 77' lang='grc' dir='ltr'>δ’</span> <span class='ocrx_word' id='word_1_31' title='bbox 1584 586 1883 656; x_wconf 81' lang='grc' dir='ltr'><strong>ἀνέτρεπον</strong></span> <span class='ocrx_word' id='word_1_32' title='bbox 1941 586 2034 638; x_wconf 79' lang='grc' dir='ltr'>καὶ</span> 
     </span>
    </p>
   </div>
   <div class='ocr_carea' id='block_1_7' title="bbox 441 675 2036 749">
    <p class='ocr_par' dir='ltr' id='par_1_7' title="bbox 441 675 2036 749">
     <span class='ocr_line' id='line_1_7' title="bbox 441 675 2036 749; baseline -0.002 -16"><span class='ocrx_word' id='word_1_33' title='bbox 441 678 694 748; x_wconf 80' lang='grc' dir='ltr'><strong>συνέχεον</strong></span> <span class='ocrx_word' id='word_1_34' title='bbox 745 678 833 733; x_wconf 76' lang='grc' dir='ltr'>διὰ</span> <span class='ocrx_word' id='word_1_35' title='bbox 874 676 972 749; x_wconf 72' lang='grc' dir='ltr'>τὴν</span> <span class='ocrx_word' id='word_1_36' title='bbox 1020 675 1385 748; x_wconf 75' lang='grc' dir='ltr'>νομιζομένην</span> <span class='ocrx_word' id='word_1_37' title='bbox 1426 676 1720 747; x_wconf 75' lang='grc' dir='ltr'>ἀκρίϐειαν</span> <span class='ocrx_word' id='word_1_38' title='bbox 1770 676 1914 730; x_wconf 81' lang='grc' dir='ltr'>κατὰ</span> <span class='ocrx_word' id='word_1_39' title='bbox 1963 676 2036 730; x_wconf 66' lang='grc' dir='ltr'>τὰ</span> 
     </span>
    </p>
   </div>
   <div class='ocr_carea' id='block_1_8' title="bbox 452 768 2035 840">
    <p class='ocr_par' dir='ltr' id='par_1_8' title="bbox 452 768 2035 840">
     <span class='ocr_line' id='line_1_8' title="bbox 452 768 2035 840; baseline -0.002 -16"><span class='ocrx_word' id='word_1_40' title='bbox 452 769 839 840; x_wconf 83' lang='grc' dir='ltr'>’Δναξαγόρεια</span> <span class='ocrx_word' id='word_1_41' title='bbox 913 769 1191 839; x_wconf 81' lang='grc' dir='ltr'>χρήματα.</span> <span class='ocrx_word' id='word_1_42' title='bbox 1242 770 1304 822; x_wconf 82' lang='grc' dir='ltr'>Οί</span> <span class='ocrx_word' id='word_1_43' title='bbox 1348 768 1405 822; x_wconf 79' lang='grc' dir='ltr'><em>δέ</em></span> <span class='ocrx_word' id='word_1_44' title='bbox 1452 785 1516 836; x_wconf 88' lang='grc' dir='ltr'><strong>γε</strong></span> <span class='ocrx_word' id='word_1_45' title='bbox 1573 771 1672 838; x_wconf 79' lang='grc' dir='ltr'><strong>τῆς</strong></span> <span class='ocrx_word' id='word_1_46' title='bbox 1710 769 2035 840; x_wconf 82' lang='grc' dir='ltr'>Ἐκκλησίας</span> 
     </span>
    </p>
   </div>
   <div class='ocr_carea' id='block_1_9' title="bbox 440 859 2033 931">
    <p class='ocr_par' dir='ltr' id='par_1_9' title="bbox 440 859 2033 931">
     <span class='ocr_line' id='line_1_9' title="bbox 440 859 2033 931; baseline -0.001 -17"><span class='ocrx_word' id='word_1_47' title='bbox 440 861 678 931; x_wconf 84' lang='grc' dir='ltr'>ὁρῶντες</span> <span class='ocrx_word' id='word_1_48' title='bbox 715 860 784 914; x_wconf 80' lang='grc' dir='ltr'>τὰ</span> <span class='ocrx_word' id='word_1_49' title='bbox 807 859 1034 912; x_wconf 81' lang='grc' dir='ltr'>πλεῖστα</span> <span class='ocrx_word' id='word_1_50' title='bbox 1070 860 1169 930; x_wconf 81' lang='grc' dir='ltr'>μὲν</span> <span class='ocrx_word' id='word_1_51' title='bbox 1188 859 1311 913; x_wconf 82' lang='grc' dir='ltr'>καθ’</span> <span class='ocrx_word' id='word_1_52' title='bbox 1338 860 1566 922; x_wconf 78' lang='grc' dir='ltr'>ἑαυτοὺς</span> <span class='ocrx_word' id='word_1_53' title='bbox 1593 861 2033 929; x_wconf 85' lang='grc' dir='ltr'>κατεμέμφοντο,</span> 
     </span>
    </p>
   </div>
   <div class='ocr_carea' id='block_1_10' title="bbox 444 950 2035 1021">
    <p class='ocr_par' dir='ltr' id='par_1_10' title="bbox 444 950 2035 1021">
     <span class='ocr_line' id='line_1_10' title="bbox 444 950 2035 1021; baseline 0.001 -17"><span class='ocrx_word' id='word_1_54' title='bbox 444 951 959 1020; x_wconf 82' lang='grc' dir='ltr'>ὑπομιμνήσκοντες</span> <span class='ocrx_word' id='word_1_55' title='bbox 984 950 1041 1003; x_wconf 83' lang='grc' dir='ltr'>δὲ</span> <span class='ocrx_word' id='word_1_56' title='bbox 1093 950 1292 1020; x_wconf 81' lang='grc' dir='ltr'>καὶτῷ</span> <span class='ocrx_word' id='word_1_57' title='bbox 1329 952 1647 1021; x_wconf 77' lang='grc' dir='ltr'>πατριάρχῃ</span> <span class='ocrx_word' id='word_1_58' title='bbox 1688 953 2035 1021; x_wconf 81' lang='grc' dir='ltr'>προσαναφέ·</span> 
     </span>
    </p>
   </div>
   <div class='ocr_carea' id='block_1_11' title="bbox 444 1040 2038 1112">
    <p class='ocr_par' dir='ltr' id='par_1_11' title="bbox 444 1040 2038 1112">
     <span class='ocr_line' id='line_1_11' title="bbox 444 1040 2038 1112; baseline -0.001 -18"><span class='ocrx_word' id='word_1_59' title='bbox 444 1058 637 1112; x_wconf 86' lang='grc' dir='ltr'>ροντες</span> <span class='ocrx_word' id='word_1_60' title='bbox 670 1042 754 1093; x_wconf 75' lang='grc' dir='ltr'>ὅτι</span> <span class='ocrx_word' id='word_1_61' title='bbox 778 1040 964 1093; x_wconf 77' lang='grc' dir='ltr'>πολλοὶ</span> <span class='ocrx_word' id='word_1_62' title='bbox 1000 1041 1154 1112; x_wconf 84' lang='grc' dir='ltr'>παρὰ</span> <span class='ocrx_word' id='word_1_63' title='bbox 1179 1041 1289 1094; x_wconf 87' lang='grc' dir='ltr'>τῶν</span> <span class='ocrx_word' id='word_1_64' title='bbox 1334 1042 1547 1112; x_wconf 79' lang='grc' dir='ltr'>’ἀγρίων</span> <span class='ocrx_word' id='word_1_65' title='bbox 1583 1042 1869 1112; x_wconf 72' lang='grc' dir='ltr'>ὑπηρετῶν</span> <span class='ocrx_word' id='word_1_66' title='bbox 1902 1041 2038 1112; x_wconf 82' lang='grc' dir='ltr'>πλη-</span> 
     </span>
    </p>
   </div>
   <div class='ocr_carea' id='block_1_12' title="bbox 444 1130 2036 1202">
    <p class='ocr_par' dir='ltr' id='par_1_12' title="bbox 444 1130 2036 1202">
     <span class='ocr_line' id='line_1_12' title="bbox 444 1130 2036 1202; baseline -0.001 -18"><span class='ocrx_word' id='word_1_67' title='bbox 444 1135 548 1201; x_wconf 74' lang='grc' dir='ltr'>γὰς</span> <span class='ocrx_word' id='word_1_68' title='bbox 575 1133 817 1201; x_wconf 80' lang='grc' dir='ltr'><strong>ἀνηλεῶς</strong></span> <span class='ocrx_word' id='word_1_69' title='bbox 844 1132 1176 1202; x_wconf 70' lang='grc' dir='ltr'>ἐλάμϐανον,</span> <span class='ocrx_word' id='word_1_70' title='bbox 1237 1132 1312 1195; x_wconf 85' lang='grc' dir='ltr'>ὼς</span> <span class='ocrx_word' id='word_1_71' title='bbox 1360 1132 1525 1201; x_wconf 78' lang='grc' dir='ltr'>δῆθεν</span> <span class='ocrx_word' id='word_1_72' title='bbox 1558 1130 1627 1184; x_wconf 85' lang='grc' dir='ltr'>τὰ</span> <span class='ocrx_word' id='word_1_73' title='bbox 1682 1131 1854 1183; x_wconf 77' lang='grc' dir='ltr'>πολλὰ</span> <span class='ocrx_word' id='word_1_74' title='bbox 1913 1130 2036 1201; x_wconf 84' lang='grc' dir='ltr'>μηδ’</span> 
     </span>
    </p>
   </div>
   <div class='ocr_carea' id='block_1_13' title="bbox 445 1220 2038 1293">
    <p class='ocr_par' dir='ltr' id='par_1_13' title="bbox 445 1220 2038 1293">
     <span class='ocr_line' id='line_1_13' title="bbox 445 1220 2038 1293; baseline -0.001 -17"><span class='ocrx_word' id='word_1_75' title='bbox 445 1224 633 1285; x_wconf 84' lang='grc' dir='ltr'>εἰδότι,</span> <span class='ocrx_word' id='word_1_76' title='bbox 667 1220 1141 1291; x_wconf 82' lang='grc' dir='ltr'>κατεγινώσκοντο</span> <span class='ocrx_word' id='word_1_77' title='bbox 1199 1223 1276 1285; x_wconf 87' lang='grc' dir='ltr'>ὡς</span> <span class='ocrx_word' id='word_1_78' title='bbox 1306 1222 1769 1293; x_wconf 80' lang='grc' dir='ltr'>ἀταλαιπωρήτως</span> <span class='ocrx_word' id='word_1_79' title='bbox 1822 1221 2038 1293; x_wconf 75' lang='grc' dir='ltr'>ἔχοντες</span> 
     </span>
    </p>
   </div>
   <div class='ocr_carea' id='block_1_14' title="bbox 446 1310 2040 1385">
    <p class='ocr_par' dir='ltr' id='par_1_14' title="bbox 446 1310 2040 1385">
     <span class='ocr_line' id='line_1_14' title="bbox 446 1310 2040 1385; baseline -0.001 -18"><span class='ocrx_word' id='word_1_80' title='bbox 446 1317 575 1384; x_wconf 77' lang='grc' dir='ltr'>περὶ</span> <span class='ocrx_word' id='word_1_81' title='bbox 607 1313 669 1367; x_wconf 79' lang='grc' dir='ltr'>τὸ</span> <span class='ocrx_word' id='word_1_82' title='bbox 698 1310 884 1374; x_wconf 75' lang='grc' dir='ltr'>καλῦν,</span> <span class='ocrx_word' id='word_1_83' title='bbox 910 1312 1052 1366; x_wconf 85' lang='grc' dir='ltr'>ὥστε</span> <span class='ocrx_word' id='word_1_84' title='bbox 1077 1312 1153 1383; x_wconf 83' lang='grc' dir='ltr'>τῷ</span> <span class='ocrx_word' id='word_1_85' title='bbox 1209 1313 1284 1385; x_wconf 79' lang='grc' dir='ltr'>μὴ</span> <span class='ocrx_word' id='word_1_86' title='bbox 1308 1314 1369 1367; x_wconf 81' lang='grc' dir='ltr'><strong>τὸ</strong></span> <span class='ocrx_word' id='word_1_87' title='bbox 1423 1314 1597 1368; x_wconf 76' lang='grc' dir='ltr'>κακὸν</span> <span class='ocrx_word' id='word_1_88' title='bbox 1651 1314 1897 1377; x_wconf 78' lang='grc' dir='ltr'><strong>ἐκτόπως</strong></span> <span class='ocrx_word' id='word_1_89' title='bbox 1951 1324 2040 1384; x_wconf 60' lang='grc' dir='ltr'>μιλ</span> 
     </span>
    </p>
   </div>
   <div class='ocr_carea' id='block_1_15' title="bbox 447 1406 2034 1477">
    <p class='ocr_par' dir='ltr' id='par_1_15' title="bbox 447 1406 2034 1477">
     <span class='ocr_line' id='line_1_15' title="bbox 447 1406 2034 1477; baseline 0.002 -18"><span class='ocrx_word' id='word_1_90' title='bbox 447 1410 564 1459; x_wconf 86' lang='grc' dir='ltr'>σεῖν</span> <span class='ocrx_word' id='word_1_91' title='bbox 599 1406 735 1477; x_wconf 83' lang='grc' dir='ltr'>μηδὲ</span> <span class='ocrx_word' id='word_1_92' title='bbox 766 1408 826 1459; x_wconf 71' lang='grc' dir='ltr'>τὸ</span> <span class='ocrx_word' id='word_1_93' title='bbox 860 1406 1024 1459; x_wconf 85' lang='grc' dir='ltr'>καλὸν</span> <span class='ocrx_word' id='word_1_94' title='bbox 1054 1410 1165 1469; x_wconf 79' lang='grc' dir='ltr'>τοῖς</span> <span class='ocrx_word' id='word_1_95' title='bbox 1194 1408 1379 1471; x_wconf 86' lang='grc' dir='ltr'>αὐτοῖς</span> <span class='ocrx_word' id='word_1_96' title='bbox 1406 1406 1770 1477; x_wconf 71' lang='grc' dir='ltr'>ὑποδέχεσθαι</span> <span class='ocrx_word' id='word_1_97' title='bbox 1792 1407 2034 1477; x_wconf 76' lang='grc' dir='ltr'><strong>μέτροις.</strong></span> 
     </span>
    </p>
   </div>
   <div class='ocr_carea' id='block_1_16' title="bbox 443 1493 2039 1570">
    <p class='ocr_par' dir='ltr' id='par_1_16' title="bbox 443 1493 2039 1570">
     <span class='ocr_line' id='line_1_16' title="bbox 443 1493 2039 1570; baseline 0.001 -19"><span class='ocrx_word' id='word_1_98' title='bbox 443 1493 554 1552; x_wconf 87' lang='grc' dir='ltr'>Ἦν</span> <span class='ocrx_word' id='word_1_99' title='bbox 590 1499 721 1568; x_wconf 82' lang='grc' dir='ltr'>γὰρ,</span> <span class='ocrx_word' id='word_1_100' title='bbox 747 1498 823 1562; x_wconf 83' lang='grc' dir='ltr'><strong>ὡς</strong></span> <span class='ocrx_word' id='word_1_101' title='bbox 851 1497 1036 1569; x_wconf 69' lang='grc' dir='ltr'>ἐῴκει,</span> <span class='ocrx_word' id='word_1_102' title='bbox 1068 1500 1096 1552; x_wconf 90' lang='grc' dir='ltr'>ὁ</span> <span class='ocrx_word' id='word_1_103' title='bbox 1124 1500 1326 1562; x_wconf 87' lang='grc' dir='ltr'>σκοπὸς</span> <span class='ocrx_word' id='word_1_104' title='bbox 1347 1499 1426 1568; x_wconf 89' lang='grc' dir='ltr'>τῷ</span> <span class='ocrx_word' id='word_1_105' title='bbox 1484 1499 1942 1570; x_wconf 81' lang='grc' dir='ltr'>πατριαρχεύοντι</span> <span class='ocrx_word' id='word_1_106' title='bbox 1974 1501 2039 1552; x_wconf 82' lang='grc' dir='ltr'>ὲκ</span> 
     </span>
    </p>
   </div>
   <div class='ocr_carea' id='block_1_17' title="bbox 451 1588 2039 1661">
    <p class='ocr_par' dir='ltr' id='par_1_17' title="bbox 451 1588 2039 1661">
     <span class='ocr_line' id='line_1_17' title="bbox 451 1588 2039 1661; baseline -0.001 -19"><span class='ocrx_word' id='word_1_107' title='bbox 451 1591 617 1659; x_wconf 82' lang='grc' dir='ltr'>μέσου</span> <span class='ocrx_word' id='word_1_108' title='bbox 641 1590 814 1642; x_wconf 79' lang='grc' dir='ltr'>θεῖναι</span> <span class='ocrx_word' id='word_1_109' title='bbox 840 1590 901 1641; x_wconf 77' lang='grc' dir='ltr'>τὸ</span> <span class='ocrx_word' id='word_1_110' title='bbox 923 1589 1240 1661; x_wconf 75' lang='grc' dir='ltr'>ἀδιάφορον,</span> <span class='ocrx_word' id='word_1_111' title='bbox 1266 1590 1375 1643; x_wconf 71' lang='grc' dir='ltr'>εἴτε</span> <span class='ocrx_word' id='word_1_112' title='bbox 1396 1588 1458 1643; x_wconf 79' lang='grc' dir='ltr'>ὃν</span> <span class='ocrx_word' id='word_1_113' title='bbox 1478 1590 1590 1643; x_wconf 73' lang='grc' dir='ltr'>εἴτε</span> <span class='ocrx_word' id='word_1_114' title='bbox 1626 1588 1839 1655; x_wconf 82' lang='grc' dir='ltr'>δοκοῦν,</span> <span class='ocrx_word' id='word_1_115' title='bbox 1855 1592 1918 1644; x_wconf 80' lang='grc' dir='ltr'>ὲκ</span> <span class='ocrx_word' id='word_1_116' title='bbox 1937 1607 2039 1642; x_wconf 77' lang='grc' dir='ltr'>πα-</span> 
     </span>
    </p>
   </div>
   <div class='ocr_carea' id='block_1_18' title="bbox 447 1681 2042 1752">
    <p class='ocr_par' dir='ltr' id='par_1_18' title="bbox 447 1681 2042 1752">
     <span class='ocr_line' id='line_1_18' title="bbox 447 1681 2042 1752; baseline -0.001 -17"><span class='ocrx_word' id='word_1_117' title='bbox 447 1681 603 1735; x_wconf 84' lang='grc' dir='ltr'>λαιοῦ</span> <span class='ocrx_word' id='word_1_118' title='bbox 627 1683 1005 1751; x_wconf 77' lang='grc' dir='ltr'>ὲπεισφρῆσαν</span> <span class='ocrx_word' id='word_1_119' title='bbox 1021 1682 1108 1734; x_wconf 73' lang='grc' dir='ltr'>διὰ</span> <span class='ocrx_word' id='word_1_120' title='bbox 1129 1681 1228 1751; x_wconf 81' lang='grc' dir='ltr'><strong>τὴν</strong></span> <span class='ocrx_word' id='word_1_121' title='bbox 1261 1683 1370 1736; x_wconf 84' lang='grc' dir='ltr'>τῶν</span> <span class='ocrx_word' id='word_1_122' title='bbox 1391 1681 1784 1752; x_wconf 77' lang='grc' dir='ltr'>πνευματικῶν</span> <span class='ocrx_word' id='word_1_123' title='bbox 1803 1694 2042 1751; x_wconf 69' lang='grc' dir='ltr'>προστα-</span> 
     </span>
    </p>
   </div>
   <div class='ocr_carea' id='block_1_19' title="bbox 447 1772 2042 1845">
    <p class='ocr_par' dir='ltr' id='par_1_19' title="bbox 447 1772 2042 1845">
     <span class='ocr_line' id='line_1_19' title="bbox 447 1772 2042 1845; baseline -0.001 -18"><span class='ocrx_word' id='word_1_124' title='bbox 447 1775 577 1839; x_wconf 80' lang='grc' dir='ltr'>τῶν,</span> <span class='ocrx_word' id='word_1_125' title='bbox 594 1772 669 1836; x_wconf 83' lang='grc' dir='ltr'>ὡς</span> <span class='ocrx_word' id='word_1_126' title='bbox 697 1772 857 1845; x_wconf 81' lang='grc' dir='ltr'>ᾤετο,</span> <span class='ocrx_word' id='word_1_127' title='bbox 875 1774 1253 1845; x_wconf 83' lang='grc' dir='ltr'>ἀτημελησίαν</span> <span class='ocrx_word' id='word_1_128' title='bbox 1270 1773 1302 1843; x_wconf 81' lang='grc' dir='ltr'>ἢ</span> <span class='ocrx_word' id='word_1_129' title='bbox 1320 1774 1420 1828; x_wconf 71' lang='grc' dir='ltr'><strong>καὶ</strong></span> <span class='ocrx_word' id='word_1_130' title='bbox 1446 1773 2042 1844; x_wconf 53' lang='grc' dir='ltr'>συνήθειανποοενκὰι</span> 
     </span>
    </p>
   </div>
   <div class='ocr_carea' id='block_1_20' title="bbox 450 1861 2116 1939">
    <p class='ocr_par' dir='ltr' id='par_1_20' title="bbox 450 1861 2116 1939">
     <span class='ocr_line' id='line_1_20' title="bbox 450 1861 2116 1939; baseline 0.001 -19"><span class='ocrx_word' id='word_1_131' title='bbox 450 1868 622 1922; x_wconf 81' lang='grc' dir='ltr'>κεῖνοι</span> <span class='ocrx_word' id='word_1_132' title='bbox 651 1868 1049 1938; x_wconf 75' lang='grc' dir='ltr'>ἐπειλημμένοι</span> <span class='ocrx_word' id='word_1_133' title='bbox 1073 1869 1404 1939; x_wconf 81' lang='grc' dir='ltr'>προφάσεως</span> <span class='ocrx_word' id='word_1_134' title='bbox 1436 1866 1797 1938; x_wconf 74' lang='grc' dir='ltr'>εὐπροσώπου</span> <span class='ocrx_word' id='word_1_135' title='bbox 1830 1867 2034 1921; x_wconf 83' lang='grc' dir='ltr'>τοιαῦτ’</span> <span class='ocrx_word' id='word_1_136' title='bbox 2068 1861 2116 1922; x_wconf 83' lang='grc' dir='ltr'><strong>Β</strong></span> 
     </span>
    </p>
   </div>
   <div class='ocr_carea' id='block_1_21' title="bbox 447 1963 2037 2035">
    <p class='ocr_par' dir='ltr' id='par_1_21' title="bbox 447 1963 2037 2035">
     <span class='ocr_line' id='line_1_21' title="bbox 447 1963 2037 2035; baseline 0.003 -21"><span class='ocrx_word' id='word_1_137' title='bbox 447 1963 731 2035; x_wconf 58' lang='grc' dir='ltr'>ἔδρωνάήν</span> <span class='ocrx_word' id='word_1_138' title='bbox 749 1963 851 2017; x_wconf 85' lang='grc' dir='ltr'><strong>πού</strong></span> <span class='ocrx_word' id='word_1_139' title='bbox 870 1981 953 2028; x_wconf 91' lang='grc' dir='ltr'><strong>τις</strong></span> <span class='ocrx_word' id='word_1_140' title='bbox 981 1965 1168 2019; x_wconf 78' lang='grc' dir='ltr'>αἰτίαν</span> <span class='ocrx_word' id='word_1_141' title='bbox 1184 1963 1514 2035; x_wconf 74' lang='grc' dir='ltr'>ἀδιαφορίας</span> <span class='ocrx_word' id='word_1_142' title='bbox 1547 1964 1791 2033; x_wconf 74' lang='grc' dir='ltr'>εἰλήφει.</span> <span class='ocrx_word' id='word_1_143' title='bbox 1816 1964 1965 2027; x_wconf 81' lang='grc' dir='ltr'>Τέως</span> <span class='ocrx_word' id='word_1_144' title='bbox 1981 1964 2037 2018; x_wconf 80' lang='grc' dir='ltr'>δὲ</span> 
     </span>
    </p>
   </div>
   <div class='ocr_carea' id='block_1_22' title="bbox 449 2051 2040 2125">
    <p class='ocr_par' dir='ltr' id='par_1_22' title="bbox 449 2051 2040 2125">
     <span class='ocr_line' id='line_1_22' title="bbox 449 2051 2040 2125; baseline 0.001 -20"><span class='ocrx_word' id='word_1_145' title='bbox 449 2053 584 2125; x_wconf 77' lang='grc' dir='ltr'>περὶ</span> <span class='ocrx_word' id='word_1_146' title='bbox 609 2054 708 2123; x_wconf 81' lang='grc' dir='ltr'>τὴν</span> <span class='ocrx_word' id='word_1_147' title='bbox 741 2055 1002 2125; x_wconf 81' lang='grc' dir='ltr'>τοιαύτην</span> <span class='ocrx_word' id='word_1_148' title='bbox 1031 2056 1214 2108; x_wconf 75' lang='grc' dir='ltr'>αἰτίαν</span> <span class='ocrx_word' id='word_1_149' title='bbox 1232 2055 1335 2108; x_wconf 80' lang='grc' dir='ltr'><strong>οὐκ</strong></span> <span class='ocrx_word' id='word_1_150' title='bbox 1369 2053 1576 2122; x_wconf 86' lang='grc' dir='ltr'>ὀλίγοις</span> <span class='ocrx_word' id='word_1_151' title='bbox 1604 2055 1702 2106; x_wconf 71' lang='grc' dir='ltr'><strong>καὶ</strong></span> <span class='ocrx_word' id='word_1_152' title='bbox 1734 2051 1898 2117; x_wconf 81' lang='grc' dir='ltr'>αὐτὸς</span> <span class='ocrx_word' id='word_1_153' title='bbox 1921 2056 2040 2107; x_wconf 76' lang='grc' dir='ltr'>ἑνε-</span> 
     </span>
    </p>
   </div>
   <div class='ocr_carea' id='block_1_23' title="bbox 447 2142 2039 2218">
    <p class='ocr_par' dir='ltr' id='par_1_23' title="bbox 447 2142 2039 2218">
     <span class='ocr_line' id='line_1_23' title="bbox 447 2142 2039 2218; baseline 0.001 -21"><span class='ocrx_word' id='word_1_154' title='bbox 447 2147 773 2216; x_wconf 82' lang='grc' dir='ltr'>πικραίνετο</span> <span class='ocrx_word' id='word_1_155' title='bbox 798 2146 858 2199; x_wconf 87' lang='grc' dir='ltr'><strong>τδ</strong></span> <span class='ocrx_word' id='word_1_156' title='bbox 889 2147 1184 2218; x_wconf 79' lang='grc' dir='ltr'>ἀδιάφορον</span> <span class='ocrx_word' id='word_1_157' title='bbox 1212 2146 1517 2214; x_wconf 70' lang='grc' dir='ltr'>ὀνειδίζων,</span> <span class='ocrx_word' id='word_1_158' title='bbox 1558 2144 1637 2217; x_wconf 75' lang='grc' dir='ltr'>μὴ</span> <span class='ocrx_word' id='word_1_159' title='bbox 1673 2147 1897 2217; x_wconf 76' lang='grc' dir='ltr'>κρίνων,</span> <span class='ocrx_word' id='word_1_160' title='bbox 1951 2142 2039 2199; x_wconf 74' lang='grc' dir='ltr'><strong>οἷ-</strong></span> 
     </span>
    </p>
   </div>
   <div class='ocr_carea' id='block_1_24' title="bbox 450 2306 2040 2378">
    <p class='ocr_par' dir='ltr' id='par_1_24' title="bbox 450 2306 2040 2378">
     <span class='ocr_line' id='line_1_24' title="bbox 450 2306 2040 2378; baseline -0.001 -16"><span class='ocrx_word' id='word_1_161' title='bbox 450 2306 890 2376; x_wconf 83' lang='lat' dir='ltr'><strong>deprehendisse</strong></span> <span class='ocrx_word' id='word_1_162' title='bbox 914 2308 969 2361; x_wconf 92' lang='lat' dir='ltr'><strong>in</strong></span> <span class='ocrx_word' id='word_1_163' title='bbox 1002 2308 1162 2378; x_wconf 84' lang='lat' dir='ltr'><strong>culpa</strong></span> <span class='ocrx_word' id='word_1_164' title='bbox 1197 2307 1303 2363; x_wconf 84' lang='lat' dir='ltr'><strong>sibi</strong></span> <span class='ocrx_word' id='word_1_165' title='bbox 1341 2306 1693 2374; x_wconf 78' lang='lat' dir='ltr'><strong>videbantur,</strong></span> <span class='ocrx_word' id='word_1_166' title='bbox 1721 2307 1825 2364; x_wconf 83' lang='lat' dir='ltr'><strong>bo‘c</strong></span> <span class='ocrx_word' id='word_1_167' title='bbox 1859 2307 2040 2377; x_wconf 77' lang='lat' dir='ltr'><strong>ipsum</strong></span> 
     </span>
    </p>
   </div>
   <div class='ocr_carea' id='block_1_25' title="bbox 449 2399 2045 2472">
    <p class='ocr_par' dir='ltr' id='par_1_25' title="bbox 449 2399 2045 2472">
     <span class='ocr_line' id='line_1_25' title="bbox 449 2399 2045 2472; baseline -0.001 -18"><span class='ocrx_word' id='word_1_168' title='bbox 449 2407 731 2454; x_wconf 76' lang='lat' dir='ltr'><strong>ostentare</strong></span> <span class='ocrx_word' id='word_1_169' title='bbox 796 2401 862 2455; x_wconf 87' lang='lat' dir='ltr'><strong>ad</strong></span> <span class='ocrx_word' id='word_1_170' title='bbox 915 2401 1000 2455; x_wconf 87' lang='lat' dir='ltr'><strong>sui</strong></span> <span class='ocrx_word' id='word_1_171' title='bbox 1060 2401 1289 2470; x_wconf 73' lang='lat' dir='ltr'><strong>gloriam</strong></span> <span class='ocrx_word' id='word_1_172' title='bbox 1328 2401 1651 2472; x_wconf 76' lang='lat' dir='ltr'><strong>gaudentes.</strong></span> <span class='ocrx_word' id='word_1_173' title='bbox 1706 2400 1861 2467; x_wconf 83' lang='lat' dir='ltr'><strong>Quod</strong></span> <span class='ocrx_word' id='word_1_174' title='bbox 1913 2399 2045 2453; x_wconf 86' lang='lat' dir='ltr'><strong>inde</strong></span> 
     </span>
    </p>
   </div>
   <div class='ocr_carea' id='block_1_26' title="bbox 456 2491 2041 2561">
    <p class='ocr_par' dir='ltr' id='par_1_26' title="bbox 456 2491 2041 2561">
     <span class='ocr_line' id='line_1_26' title="bbox 456 2491 2041 2561; baseline -0.001 -17"><span class='ocrx_word' id='word_1_175' title='bbox 456 2491 836 2546; x_wconf 88' lang='lat' dir='ltr'><strong>intellecturos</strong></span> <span class='ocrx_word' id='word_1_176' title='bbox 858 2506 1059 2547; x_wconf 88' lang='lat' dir='ltr'><strong>omnes</strong></span> <span class='ocrx_word' id='word_1_177' title='bbox 1094 2493 1440 2546; x_wconf 84' lang='lat' dir='ltr'><strong>conﬁderent</strong></span> <span class='ocrx_word' id='word_1_178' title='bbox 1468 2500 1675 2561; x_wconf 86' lang='lat' dir='ltr'><strong>quanta</strong></span> <span class='ocrx_word' id='word_1_179' title='bbox 1711 2493 1763 2545; x_wconf 93' lang='lat' dir='ltr'><strong>in</strong></span> <span class='ocrx_word' id='word_1_180' title='bbox 1792 2491 2041 2561; x_wconf 77' lang='lat' dir='ltr'><strong>ipsorum</strong></span> 
     </span>
    </p>
   </div>
   <div class='ocr_carea' id='block_1_27' title="bbox 452 2584 2043 2656">
    <p class='ocr_par' dir='ltr' id='par_1_27' title="bbox 452 2584 2043 2656">
     <span class='ocr_line' id='line_1_27' title="bbox 452 2584 2043 2656; baseline -0.002 -16"><span class='ocrx_word' id='word_1_181' title='bbox 452 2584 656 2640; x_wconf 84' lang='lat' dir='ltr'><strong>animis</strong></span> <span class='ocrx_word' id='word_1_182' title='bbox 687 2587 1072 2640; x_wconf 86' lang='lat' dir='ltr'><strong>exardesceret</strong></span> <span class='ocrx_word' id='word_1_183' title='bbox 1101 2586 1187 2640; x_wconf 90' lang='lat' dir='ltr'><strong>vis</strong></span> <span class='ocrx_word' id='word_1_184' title='bbox 1234 2585 1406 2640; x_wconf 82' lang='lat' dir='ltr'><strong>divini</strong></span> <span class='ocrx_word' id='word_1_185' title='bbox 1440 2585 1563 2647; x_wconf 85' lang='lat' dir='ltr'><strong>zeli.</strong></span> <span class='ocrx_word' id='word_1_186' title='bbox 1599 2601 1724 2656; x_wconf 67' lang='lat' dir='ltr'><strong>qua:</strong></span> <span class='ocrx_word' id='word_1_187' title='bbox 1783 2585 2043 2640; x_wconf 82' lang='lat' dir='ltr'><strong>cohibere</strong></span> 
     </span>
    </p>
   </div>
   <div class='ocr_carea' id='block_1_28' title="bbox 450 2675 2045 2769">
    <p class='ocr_par' dir='ltr' id='par_1_28' title="bbox 450 2675 2045 2769">
     <span class='ocr_line' id='line_1_28' title="bbox 450 2675 2045 2769; baseline -0.001 -38"><span class='ocrx_word' id='word_1_188' title='bbox 450 2676 588 2733; x_wconf 89' lang='lat' dir='ltr'><strong>istas</strong></span> <span class='ocrx_word' id='word_1_189' title='bbox 620 2677 783 2747; x_wconf 80' lang='lat' dir='ltr'><strong>15o</strong></span> <span class='ocrx_word' id='word_1_190' title='bbox 813 2678 1067 2769; x_wconf 66' lang='lat' dir='ltr'><strong>nequiret</strong></span> <span class='ocrx_word' id='word_1_191' title='bbox 1094 2678 1420 2747; x_wconf 77' lang='lat' dir='ltr'><strong>eruptiones</strong></span> <span class='ocrx_word' id='word_1_192' title='bbox 1457 2677 1510 2767; x_wconf 76' lang='lat' dir='ltr'><strong>in</strong></span> <span class='ocrx_word' id='word_1_193' title='bbox 1565 2679 1779 2733; x_wconf 88' lang='lat' dir='ltr'><strong>subitas</strong></span> <span class='ocrx_word' id='word_1_194' title='bbox 1810 2686 1864 2731; x_wconf 92' lang='lat' dir='ltr'><strong>et</strong></span> <span class='ocrx_word' id='word_1_195' title='bbox 1893 2675 2045 2730; x_wconf 93' lang='lat' dir='ltr'><strong>nullo</strong></span> 
     </span>
    </p>
   </div>
   <div class='ocr_carea' id='block_1_29' title="bbox 452 2770 2043 2840">
    <p class='ocr_par' dir='ltr' id='par_1_29' title="bbox 452 2770 2043 2840">
     <span class='ocr_line' id='line_1_29' title="bbox 452 2770 2043 2840; baseline -0.001 -16"><span class='ocrx_word' id='word_1_196' title='bbox 452 2779 710 2838; x_wconf 80' lang='lat' dir='ltr'><strong>respectu</strong></span> <span class='ocrx_word' id='word_1_197' title='bbox 738 2770 983 2824; x_wconf 78' lang='lat' dir='ltr'><strong>tardatas</strong></span> <span class='ocrx_word' id='word_1_198' title='bbox 1017 2770 1412 2840; x_wconf 81' lang='lat' dir='ltr'><strong>castigationes</strong></span> <span class='ocrx_word' id='word_1_199' title='bbox 1440 2783 1728 2839; x_wconf 85' lang='lat' dir='ltr'><strong>perperam</strong></span> <span class='ocrx_word' id='word_1_200' title='bbox 1763 2778 2043 2823; x_wconf 89' lang='lat' dir='ltr'><strong>actorum.</strong></span> 
     </span>
    </p>
   </div>
   <div class='ocr_carea' id='block_1_30' title="bbox 453 2861 2044 2928">
    <p class='ocr_par' dir='ltr' id='par_1_30' title="bbox 453 2861 2044 2928">
     <span class='ocr_line' id='line_1_30' title="bbox 453 2861 2044 2928; baseline -0.001 -12"><span class='ocrx_word' id='word_1_201' title='bbox 453 2861 648 2917; x_wconf 76' lang='lat' dir='ltr'><strong>Mtesta</strong></span> <span class='ocrx_word' id='word_1_202' title='bbox 678 2861 806 2916; x_wconf 85' lang='lat' dir='ltr'><strong>hinc</strong></span> <span class='ocrx_word' id='word_1_203' title='bbox 837 2864 1022 2916; x_wconf 85' lang='lat' dir='ltr'><strong>omnia</strong></span> <span class='ocrx_word' id='word_1_204' title='bbox 1056 2872 1202 2917; x_wconf 88' lang='lat' dir='ltr'><strong>metu</strong></span> <span class='ocrx_word' id='word_1_205' title='bbox 1233 2863 1492 2928; x_wconf 83' lang='lat' dir='ltr'><strong>sollicito,</strong></span> <span class='ocrx_word' id='word_1_206' title='bbox 1543 2870 1681 2918; x_wconf 59' lang='lat' dir='ltr'><strong>astu</strong></span> <span class='ocrx_word' id='word_1_207' title='bbox 1732 2865 2044 2917; x_wconf 80' lang='lat' dir='ltr'><strong>animorum</strong></span> 
     </span>
    </p>
   </div>
   <div class='ocr_carea' id='block_1_31' title="bbox 450 2953 2047 3027">
    <p class='ocr_par' dir='ltr' id='par_1_31' title="bbox 450 2953 2047 3027">
     <span class='ocr_line' id='line_1_31' title="bbox 450 2953 2047 3027; baseline 0.002 -20"><span class='ocrx_word' id='word_1_208' title='bbox 450 2953 884 3022; x_wconf 69' lang='lat' dir='ltr'><strong>inquietissimo,</strong></span> <span class='ocrx_word' id='word_1_209' title='bbox 918 2955 1158 3020; x_wconf 81' lang='lat' dir='ltr'><strong>videres,</strong></span> <span class='ocrx_word' id='word_1_210' title='bbox 1183 2957 1490 3027; x_wconf 72' lang='lat' dir='ltr'><strong>plerisque,</strong></span> <span class='ocrx_word' id='word_1_211' title='bbox 1533 2955 1663 3011; x_wconf 78' lang='lat' dir='ltr'><strong>dum</strong></span> <span class='ocrx_word' id='word_1_212' title='bbox 1692 2964 1748 3010; x_wconf 89' lang='lat' dir='ltr'><strong>et</strong></span> <span class='ocrx_word' id='word_1_213' title='bbox 1806 2955 2047 3026; x_wconf 81' lang='lat' dir='ltr'><strong>indigui-</strong></span> 
     </span>
    </p>
   </div>
   <div class='ocr_carea' id='block_1_32' title="bbox 458 3045 2047 3116">
    <p class='ocr_par' dir='ltr' id='par_1_32' title="bbox 458 3045 2047 3116">
     <span class='ocr_line' id='line_1_32' title="bbox 458 3045 2047 3116; baseline 0.001 -18"><span class='ocrx_word' id='word_1_214' title='bbox 458 3054 624 3098; x_wconf 82' lang='lat' dir='ltr'><strong>tatem</strong></span> <span class='ocrx_word' id='word_1_215' title='bbox 666 3045 1016 3113; x_wconf 70' lang='lat' dir='ltr'><strong>prazsentium</strong></span> <span class='ocrx_word' id='word_1_216' title='bbox 1043 3053 1099 3101; x_wconf 91' lang='lat' dir='ltr'><strong>et</strong></span> <span class='ocrx_word' id='word_1_217' title='bbox 1120 3045 1427 3116; x_wconf 82' lang='lat' dir='ltr'><strong>perniciem</strong></span> <span class='ocrx_word' id='word_1_218' title='bbox 1484 3045 1892 3100; x_wconf 88' lang='lat' dir='ltr'><strong>imminentium</strong></span> <span class='ocrx_word' id='word_1_219' title='bbox 1921 3058 2047 3100; x_wconf 85' lang='lat' dir='ltr'><strong>cum</strong></span> 
     </span>
    </p>
   </div>
   <div class='ocr_carea' id='block_1_33' title="bbox 454 3135 2050 3208">
    <p class='ocr_par' dir='ltr' id='par_1_33' title="bbox 454 3135 2050 3208">
     <span class='ocr_line' id='line_1_33' title="bbox 454 3135 2050 3208; baseline 0.001 -18"><span class='ocrx_word' id='word_1_220' title='bbox 454 3135 691 3191; x_wconf 88' lang='lat' dir='ltr'><strong>horrore</strong></span> <span class='ocrx_word' id='word_1_221' title='bbox 748 3145 1041 3206; x_wconf 83' lang='lat' dir='ltr'><strong>reputant,</strong></span> <span class='ocrx_word' id='word_1_222' title='bbox 1094 3153 1274 3208; x_wconf 83' lang='lat' dir='ltr'><strong>usque</strong></span> <span class='ocrx_word' id='word_1_223' title='bbox 1318 3139 1389 3194; x_wconf 87' lang='lat' dir='ltr'><strong>ad</strong></span> <span class='ocrx_word' id='word_1_224' title='bbox 1423 3137 1878 3207; x_wconf 80' lang='lat' dir='ltr'><strong>desperationem</strong></span> <span class='ocrx_word' id='word_1_225' title='bbox 1919 3136 2050 3191; x_wconf 77' lang='lat' dir='ltr'><strong>effe-</strong></span> 
     </span>
    </p>
   </div>
   <div class='ocr_carea' id='block_1_34' title="bbox 2139 582 3710 657">
    <p class='ocr_par' dir='ltr' id='par_1_34' title="bbox 2139 582 3710 657">
     <span class='ocr_line' id='line_1_34' title="bbox 2139 582 3710 657; baseline 0.004 -22"><span class='ocrx_word' id='word_1_226' title='bbox 2139 582 2397 653; x_wconf 82' lang='grc' dir='ltr'>κείμενον</span> <span class='ocrx_word' id='word_1_227' title='bbox 2425 584 2561 653; x_wconf 81' lang='grc' dir='ltr'>πρὸς</span> <span class='ocrx_word' id='word_1_228' title='bbox 2588 584 2854 654; x_wconf 78' lang='grc' dir='ltr'>ἑκάτερον</span> <span class='ocrx_word' id='word_1_229' title='bbox 2889 585 3231 640; x_wconf 72' lang='grc' dir='ltr'>ἐναντιοῦται</span> <span class='ocrx_word' id='word_1_230' title='bbox 3255 585 3367 638; x_wconf 82' lang='grc' dir='ltr'><strong>τῶν</strong></span> <span class='ocrx_word' id='word_1_231' title='bbox 3388 586 3588 657; x_wconf 70' lang='grc' dir='ltr'>ἄκρων,</span> <span class='ocrx_word' id='word_1_232' title='bbox 3622 591 3710 642; x_wconf 73' lang='grc' dir='ltr'><strong>καὶ</strong></span> 
     </span>
    </p>
   </div>
   <div class='ocr_carea' id='block_1_35' title="bbox 2139 674 3712 749">
    <p class='ocr_par' dir='ltr' id='par_1_35' title="bbox 2139 674 3712 749">
     <span class='ocr_line' id='line_1_35' title="bbox 2139 674 3712 749; baseline 0.003 -22"><span class='ocrx_word' id='word_1_233' title='bbox 2139 674 2253 742; x_wconf 71' lang='grc' dir='ltr'>εἴγε</span> <span class='ocrx_word' id='word_1_234' title='bbox 2281 675 2417 744; x_wconf 82' lang='grc' dir='ltr'>πρὸς</span> <span class='ocrx_word' id='word_1_235' title='bbox 2439 674 2675 744; x_wconf 79' lang='grc' dir='ltr'>τάγαθὸν</span> <span class='ocrx_word' id='word_1_236' title='bbox 2698 677 2866 731; x_wconf 78' lang='grc' dir='ltr'>κακὸν</span> <span class='ocrx_word' id='word_1_237' title='bbox 2892 676 3192 748; x_wconf 82' lang='grc' dir='ltr'>νομίζεται,</span> <span class='ocrx_word' id='word_1_238' title='bbox 3222 674 3447 732; x_wconf 80' lang='grc' dir='ltr'>ἀλλὀὗν</span> <span class='ocrx_word' id='word_1_239' title='bbox 3462 679 3555 732; x_wconf 79' lang='grc' dir='ltr'>καὶ</span> <span class='ocrx_word' id='word_1_240' title='bbox 3586 681 3712 749; x_wconf 70' lang='grc' dir='ltr'>πρὸς</span> 
     </span>
    </p>
   </div>
   <div class='ocr_carea' id='block_1_36' title="bbox 2139 767 3708 841">
    <p class='ocr_par' dir='ltr' id='par_1_36' title="bbox 2139 767 3708 841">
     <span class='ocr_line' id='line_1_36' title="bbox 2139 767 3708 841; baseline 0.004 -21"><span class='ocrx_word' id='word_1_241' title='bbox 2139 767 2201 820; x_wconf 81' lang='grc' dir='ltr'><strong>τὸ</strong></span> <span class='ocrx_word' id='word_1_242' title='bbox 2231 768 2399 822; x_wconf 78' lang='grc' dir='ltr'>κακὸν</span> <span class='ocrx_word' id='word_1_243' title='bbox 2431 767 2660 836; x_wconf 75' lang='grc' dir='ltr'>ἀγαθὸν,</span> <span class='ocrx_word' id='word_1_244' title='bbox 2699 771 2793 822; x_wconf 80' lang='grc' dir='ltr'>καὶ</span> <span class='ocrx_word' id='word_1_245' title='bbox 2816 771 3103 841; x_wconf 80' lang='grc' dir='ltr'>ἀγαπητὸν</span> <span class='ocrx_word' id='word_1_246' title='bbox 3137 770 3202 824; x_wconf 84' lang='grc' dir='ltr'>ἂν</span> <span class='ocrx_word' id='word_1_247' title='bbox 3237 772 3708 839; x_wconf 44' lang='grc' dir='ltr'>μετριοπαθοῖενεν,</span> 
     </span>
    </p>
   </div>
   <div class='ocr_carea' id='block_1_37' title="bbox 2143 860 3713 933">
    <p class='ocr_par' dir='ltr' id='par_1_37' title="bbox 2143 860 3713 933">
     <span class='ocr_line' id='line_1_37' title="bbox 2143 860 3713 933; baseline 0.003 -20"><span class='ocrx_word' id='word_1_248' title='bbox 2143 860 2220 931; x_wconf 86' lang='grc' dir='ltr'>μὴ</span> <span class='ocrx_word' id='word_1_249' title='bbox 2249 860 2341 913; x_wconf 83' lang='grc' dir='ltr'><strong>τοῦ</strong></span> <span class='ocrx_word' id='word_1_250' title='bbox 2371 861 2618 924; x_wconf 78' lang='grc' dir='ltr'>ἀπαθοῦς</span> <span class='ocrx_word' id='word_1_251' title='bbox 2646 862 3049 933; x_wconf 73' lang='grc' dir='ltr'>ἐφικνούμενοι.</span> <span class='ocrx_word' id='word_1_252' title='bbox 3092 863 3265 926; x_wconf 78' lang='grc' dir='ltr'>Αὐτὸς</span> <span class='ocrx_word' id='word_1_253' title='bbox 3313 863 3357 916; x_wconf 88' lang='grc' dir='ltr'>δ’</span> <span class='ocrx_word' id='word_1_254' title='bbox 3398 864 3497 916; x_wconf 66' lang='grc' dir='ltr'><strong>ὑπ’)</strong></span> <span class='ocrx_word' id='word_1_255' title='bbox 3536 866 3713 919; x_wconf 65' lang='grc' dir='ltr'>κανόνι</span> 
     </span>
    </p>
   </div>
   <div class='ocr_carea' id='block_1_38' title="bbox 2138 955 3712 1031">
    <p class='ocr_par' dir='ltr' id='par_1_38' title="bbox 2138 955 3712 1031">
     <span class='ocr_line' id='line_1_38' title="bbox 2138 955 3712 1031; baseline 0.004 -26"><span class='ocrx_word' id='word_1_256' title='bbox 2138 956 2205 1022; x_wconf 80' lang='grc' dir='ltr'>τῇ</span> <span class='ocrx_word' id='word_1_257' title='bbox 2235 955 2540 1027; x_wconf 79' lang='grc' dir='ltr'>φαινομένῃ</span> <span class='ocrx_word' id='word_1_258' title='bbox 2609 955 2715 1026; x_wconf 72' lang='grc' dir='ltr'>ἰδίᾳ</span> <span class='ocrx_word' id='word_1_259' title='bbox 2764 955 2896 1021; x_wconf 75' lang='grc' dir='ltr'>ἔξει,</span> <span class='ocrx_word' id='word_1_260' title='bbox 2946 957 3055 1010; x_wconf 73' lang='grc' dir='ltr'>εἴτε</span> <span class='ocrx_word' id='word_1_261' title='bbox 3082 958 3174 1012; x_wconf 79' lang='grc' dir='ltr'><strong>καὶ</strong></span> <span class='ocrx_word' id='word_1_262' title='bbox 3204 956 3465 1027; x_wconf 74' lang='grc' dir='ltr'>γνώμονι,</span> <span class='ocrx_word' id='word_1_263' title='bbox 3503 958 3568 1031; x_wconf 73' lang='grc' dir='ltr'>τὰ</span> <span class='ocrx_word' id='word_1_264' title='bbox 3613 962 3712 1013; x_wconf 86' lang='grc' dir='ltr'>τῶν</span> 
     </span>
    </p>
   </div>
   <div class='ocr_carea' id='block_1_39' title="bbox 2139 1045 3715 1116">
    <p class='ocr_par' dir='ltr' id='par_1_39' title="bbox 2139 1045 3715 1116">
     <span class='ocr_line' id='line_1_39' title="bbox 2139 1045 3715 1116; baseline 0.005 -18"><span class='ocrx_word' id='word_1_265' title='bbox 2139 1045 2317 1099; x_wconf 79' lang='grc' dir='ltr'>ἄλλων</span> <span class='ocrx_word' id='word_1_266' title='bbox 2352 1047 2545 1116; x_wconf 68' lang='grc' dir='ltr'>ἢθελεν</span> <span class='ocrx_word' id='word_1_267' title='bbox 2588 1047 2940 1101; x_wconf 81' lang='grc' dir='ltr'>ἀπευθύνειν.</span> <span class='ocrx_word' id='word_1_268' title='bbox 2976 1049 3288 1102; x_wconf 77' lang='grc' dir='ltr'>Κὰντεῦθεν</span> <span class='ocrx_word' id='word_1_269' title='bbox 3314 1051 3405 1103; x_wconf 78' lang='grc' dir='ltr'><strong>καὶ</strong></span> <span class='ocrx_word' id='word_1_270' title='bbox 3444 1053 3493 1104; x_wconf 76' lang='grc' dir='ltr'>οἱ</span> <span class='ocrx_word' id='word_1_271' title='bbox 3541 1053 3715 1106; x_wconf 65' lang='grc' dir='ltr'>πολλοὶ</span> 
     </span>
    </p>
   </div>
   <div class='ocr_carea' id='block_1_40' title="bbox 2139 1137 3714 1213">
    <p class='ocr_par' dir='ltr' id='par_1_40' title="bbox 2139 1137 3714 1213">
     <span class='ocr_line' id='line_1_40' title="bbox 2139 1137 3714 1213; baseline 0.001 -20"><span class='ocrx_word' id='word_1_272' title='bbox 2139 1139 2481 1199; x_wconf 78' lang='grc' dir='ltr'>διυπνίζοντο</span> <span class='ocrx_word' id='word_1_273' title='bbox 2516 1142 2611 1194; x_wconf 79' lang='grc' dir='ltr'>καὶ</span> <span class='ocrx_word' id='word_1_274' title='bbox 2666 1142 2724 1193; x_wconf 84' lang='grc' dir='ltr'>ἐν</span> <span class='ocrx_word' id='word_1_275' title='bbox 2777 1142 3058 1204; x_wconf 62' lang='grc' dir='ltr'>ὑπονοίαις</span> <span class='ocrx_word' id='word_1_276' title='bbox 3114 1137 3249 1211; x_wconf 83' lang='grc' dir='ltr'>ἦγον</span> <span class='ocrx_word' id='word_1_277' title='bbox 3313 1146 3594 1213; x_wconf 85' lang='grc' dir='ltr'>μεγίσταις</span> <span class='ocrx_word' id='word_1_278' title='bbox 3629 1146 3714 1196; x_wconf 76' lang='grc' dir='ltr'><strong>τὸν</strong></span> 
     </span>
    </p>
   </div>
   <div class='ocr_carea' id='block_1_41' title="bbox 2139 1229 3715 1305">
    <p class='ocr_par' dir='ltr' id='par_1_41' title="bbox 2139 1229 3715 1305">
     <span class='ocr_line' id='line_1_41' title="bbox 2139 1229 3715 1305; baseline 0.003 -22"><span class='ocrx_word' id='word_1_279' title='bbox 2139 1231 2533 1286; x_wconf 80' lang='grc' dir='ltr'>ἀπευθύνοντα.</span> <span class='ocrx_word' id='word_1_280' title='bbox 2567 1231 2781 1305; x_wconf 72' lang='grc'><strong>[1⁵101]</strong></span> <span class='ocrx_word' id='word_1_281' title='bbox 2826 1229 2936 1286; x_wconf 84' lang='grc' dir='ltr'>Ἤν</span> <span class='ocrx_word' id='word_1_282' title='bbox 2975 1234 3019 1285; x_wconf 86' lang='grc' dir='ltr'>δ’</span> <span class='ocrx_word' id='word_1_283' title='bbox 3047 1234 3290 1298; x_wconf 79' lang='grc' dir='ltr'>ἐκείνους</span> <span class='ocrx_word' id='word_1_284' title='bbox 3347 1235 3406 1286; x_wconf 73' lang='grc' dir='ltr'>τὸ</span> <span class='ocrx_word' id='word_1_285' title='bbox 3454 1235 3715 1305; x_wconf 78' lang='grc' dir='ltr'>ἑφορμοῦν</span> 
     </span>
    </p>
   </div>
   <div class='ocr_carea' id='block_1_42' title="bbox 2137 1322 3716 1398">
    <p class='ocr_par' dir='ltr' id='par_1_42' title="bbox 2137 1322 3716 1398">
     <span class='ocr_line' id='line_1_42' title="bbox 2137 1322 3716 1398; baseline 0.005 -24"><span class='ocrx_word' id='word_1_286' title='bbox 2137 1324 2360 1393; x_wconf 62' lang='grc' dir='ltr'>ῖπρῶτον</span> <span class='ocrx_word' id='word_1_287' title='bbox 2414 1324 2512 1394; x_wconf 82' lang='grc' dir='ltr'>μὲν</span> <span class='ocrx_word' id='word_1_288' title='bbox 2553 1326 2613 1378; x_wconf 84' lang='grc' dir='ltr'><strong>τὸ</strong></span> <span class='ocrx_word' id='word_1_289' title='bbox 2669 1325 2765 1379; x_wconf 83' lang='grc' dir='ltr'><strong>ἀπ’</strong></span> <span class='ocrx_word' id='word_1_290' title='bbox 2800 1326 3011 1379; x_wconf 67' lang='grc' dir='ltr'>ἐκείνου</span> <span class='ocrx_word' id='word_1_291' title='bbox 3043 1322 3249 1397; x_wconf 71' lang='grc' dir='ltr'>ἀτηρὸν</span> <span class='ocrx_word' id='word_1_292' title='bbox 3281 1327 3373 1381; x_wconf 74' lang='grc' dir='ltr'><strong>καὶ</strong></span> <span class='ocrx_word' id='word_1_293' title='bbox 3411 1329 3544 1398; x_wconf 65' lang='grc' dir='ltr'>πρὸς</span> <span class='ocrx_word' id='word_1_294' title='bbox 3578 1329 3716 1382; x_wconf 77' lang='grc' dir='ltr'>ἅπαν</span> 
     </span>
    </p>
   </div>
   <div class='ocr_carea' id='block_1_43' title="bbox 2139 1417 3717 1491">
    <p class='ocr_par' dir='ltr' id='par_1_43' title="bbox 2139 1417 3717 1491">
     <span class='ocr_line' id='line_1_43' title="bbox 2139 1417 3717 1491; baseline 0.003 -21"><span class='ocrx_word' id='word_1_295' title='bbox 2139 1417 2550 1483; x_wconf 70' lang='grc' dir='ltr'>δυσέντευκτον,</span> <span class='ocrx_word' id='word_1_296' title='bbox 2577 1421 2687 1483; x_wconf 64' lang='grc' dir='ltr'>τοῖς</span> <span class='ocrx_word' id='word_1_297' title='bbox 2726 1420 2827 1489; x_wconf 83' lang='grc' dir='ltr'>μὲν</span> <span class='ocrx_word' id='word_1_298' title='bbox 2854 1419 2912 1485; x_wconf 80' lang='grc' dir='ltr'><strong>ἐξ</strong></span> <span class='ocrx_word' id='word_1_299' title='bbox 2941 1421 3143 1491; x_wconf 82' lang='grc' dir='ltr'>ἀρετῆς</span> <span class='ocrx_word' id='word_1_300' title='bbox 3174 1420 3391 1485; x_wconf 78' lang='grc' dir='ltr'>δοκοῦν,</span> <span class='ocrx_word' id='word_1_301' title='bbox 3419 1424 3532 1485; x_wconf 79' lang='grc' dir='ltr'>τοῖς</span> <span class='ocrx_word' id='word_1_302' title='bbox 3587 1421 3627 1474; x_wconf 77' lang='grc' dir='ltr'>δ’</span> <span class='ocrx_word' id='word_1_303' title='bbox 3659 1423 3717 1475; x_wconf 71' lang='grc' dir='ltr'>ἐκ</span> 
     </span>
    </p>
   </div>
   <div class='ocr_carea' id='block_1_44' title="bbox 2140 1511 3718 1586">
    <p class='ocr_par' dir='ltr' id='par_1_44' title="bbox 2140 1511 3718 1586">
     <span class='ocr_line' id='line_1_44' title="bbox 2140 1511 3718 1586; baseline 0.002 -21"><span class='ocrx_word' id='word_1_304' title='bbox 2140 1511 2368 1582; x_wconf 76' lang='grc' dir='ltr'>γνώμης</span> <span class='ocrx_word' id='word_1_305' title='bbox 2400 1512 2670 1582; x_wconf 75' lang='grc' dir='ltr'>ἐμφύτου,</span> <span class='ocrx_word' id='word_1_306' title='bbox 2704 1515 2815 1577; x_wconf 81' lang='grc' dir='ltr'>τοῖς</span> <span class='ocrx_word' id='word_1_307' title='bbox 2850 1513 2907 1566; x_wconf 78' lang='grc' dir='ltr'>δὲ</span> <span class='ocrx_word' id='word_1_308' title='bbox 2935 1516 3026 1566; x_wconf 80' lang='grc' dir='ltr'>καὶ</span> <span class='ocrx_word' id='word_1_309' title='bbox 3052 1516 3117 1566; x_wconf 82' lang='grc' dir='ltr'>ἐκ</span> <span class='ocrx_word' id='word_1_310' title='bbox 3151 1513 3440 1584; x_wconf 80' lang='grc' dir='ltr'>συνηθείας</span> <span class='ocrx_word' id='word_1_311' title='bbox 3471 1516 3565 1582; x_wconf 79' lang='grc' dir='ltr'><strong>τῆς</strong></span> <span class='ocrx_word' id='word_1_312' title='bbox 3591 1515 3718 1586; x_wconf 70' lang='grc' dir='ltr'>πρὸς</span> 
     </span>
    </p>
   </div>
   <div class='ocr_carea' id='block_1_45' title="bbox 2140 1604 3719 1675">
    <p class='ocr_par' dir='ltr' id='par_1_45' title="bbox 2140 1604 3719 1675">
     <span class='ocr_line' id='line_1_45' title="bbox 2140 1604 3719 1675; baseline 0.003 -19"><span class='ocrx_word' id='word_1_313' title='bbox 2140 1607 2239 1674; x_wconf 73' lang='grc' dir='ltr'><strong>τὴν</strong></span> <span class='ocrx_word' id='word_1_314' title='bbox 2266 1606 2498 1674; x_wconf 70' lang='grc' dir='ltr'>ἄσκησιν</span> <span class='ocrx_word' id='word_1_315' title='bbox 2526 1606 2618 1659; x_wconf 71' lang='grc' dir='ltr'><strong>καὶ</strong></span> <span class='ocrx_word' id='word_1_316' title='bbox 2647 1604 2939 1675; x_wconf 78' lang='grc' dir='ltr'>μονώσεως</span> <span class='ocrx_word' id='word_1_317' title='bbox 2976 1604 3145 1675; x_wconf 69' lang='grc' dir='ltr'>(ἅπαν</span> <span class='ocrx_word' id='word_1_318' title='bbox 3195 1606 3304 1675; x_wconf 72' lang='grc' dir='ltr'>γὰρ</span> <span class='ocrx_word' id='word_1_319' title='bbox 3343 1606 3619 1660; x_wconf 85' lang='grc' dir='ltr'>δύσοιστον</span> <span class='ocrx_word' id='word_1_320' title='bbox 3664 1607 3719 1660; x_wconf 81' lang='grc' dir='ltr'>τὸ</span> 
     </span>
    </p>
   </div>
   <div class='ocr_carea' id='block_1_46' title="bbox 2148 1692 3722 1770">
    <p class='ocr_par' dir='ltr' id='par_1_46' title="bbox 2148 1692 3722 1770">
     <span class='ocr_line' id='line_1_46' title="bbox 2148 1692 3722 1770; baseline 0.001 -21"><span class='ocrx_word' id='word_1_321' title='bbox 2148 1697 2224 1770; x_wconf 73' lang='grc' dir='ltr'>μὴ</span> <span class='ocrx_word' id='word_1_322' title='bbox 2283 1696 2582 1769; x_wconf 78' lang='grc' dir='ltr'>σύνηθες),</span> <span class='ocrx_word' id='word_1_323' title='bbox 2636 1692 2765 1751; x_wconf 72' lang='grc' dir='ltr'>εἶτα</span> <span class='ocrx_word' id='word_1_324' title='bbox 2821 1698 2877 1752; x_wconf 81' lang='grc' dir='ltr'>δέ</span> <span class='ocrx_word' id='word_1_325' title='bbox 2924 1714 2988 1765; x_wconf 92' lang='grc' dir='ltr'><strong>γε</strong></span> <span class='ocrx_word' id='word_1_326' title='bbox 3052 1698 3148 1750; x_wconf 76' lang='grc' dir='ltr'>καὶ</span> <span class='ocrx_word' id='word_1_327' title='bbox 3204 1698 3266 1751; x_wconf 84' lang='grc' dir='ltr'><strong>τὸ</strong></span> <span class='ocrx_word' id='word_1_328' title='bbox 3304 1698 3395 1750; x_wconf 76' lang='grc' dir='ltr'><strong>ἐπὶ</strong></span> <span class='ocrx_word' id='word_1_329' title='bbox 3435 1700 3546 1760; x_wconf 80' lang='grc' dir='ltr'>τοῖς</span> <span class='ocrx_word' id='word_1_330' title='bbox 3588 1698 3722 1761; x_wconf 84' lang='grc' dir='ltr'>ὅλοις</span> 
     </span>
    </p>
   </div>
   <div class='ocr_carea' id='block_1_47' title="bbox 2144 1788 3723 1859">
    <p class='ocr_par' dir='ltr' id='par_1_47' title="bbox 2144 1788 3723 1859">
     <span class='ocr_line' id='line_1_47' title="bbox 2144 1788 3723 1859; baseline 0 -17"><span class='ocrx_word' id='word_1_331' title='bbox 2144 1789 2387 1859; x_wconf 77' lang='grc' dir='ltr'>κρυπτάν</span> <span class='ocrx_word' id='word_1_332' title='bbox 2434 1806 2493 1842; x_wconf 89' lang='grc' dir='ltr'><strong>τε</strong></span> <span class='ocrx_word' id='word_1_333' title='bbox 2524 1789 2618 1842; x_wconf 77' lang='grc' dir='ltr'>καὶ</span> <span class='ocrx_word' id='word_1_334' title='bbox 2648 1789 2855 1858; x_wconf 82' lang='grc' dir='ltr'>ἀφανὲς</span> <span class='ocrx_word' id='word_1_335' title='bbox 2897 1790 2994 1842; x_wconf 81' lang='grc' dir='ltr'><strong>καὶ</strong></span> <span class='ocrx_word' id='word_1_336' title='bbox 3018 1788 3317 1857; x_wconf 72' lang='grc' dir='ltr'>ψάλλοντος</span> <span class='ocrx_word' id='word_1_337' title='bbox 3363 1789 3460 1841; x_wconf 78' lang='grc' dir='ltr'>καὶ</span> <span class='ocrx_word' id='word_1_338' title='bbox 3522 1788 3665 1842; x_wconf 63' lang='grc' dir='ltr'>ἐσθίο</span> <span class='ocrx_word' id='word_1_339' title='bbox 3693 1817 3723 1833; x_wconf 87' lang='lat'><strong>-</strong></span> 
     </span>
    </p>
   </div>
   <div class='ocr_carea' id='block_1_48' title="bbox 2143 1878 3722 1950">
    <p class='ocr_par' dir='ltr' id='par_1_48' title="bbox 2143 1878 3722 1950">
     <span class='ocr_line' id='line_1_48' title="bbox 2143 1878 3722 1950; baseline -0.001 -17"><span class='ocrx_word' id='word_1_340' title='bbox 2143 1886 2234 1944; x_wconf 80' lang='grc' dir='ltr'><strong>τος</strong></span> <span class='ocrx_word' id='word_1_341' title='bbox 2296 1882 2390 1934; x_wconf 73' lang='grc' dir='ltr'><strong>καὶ</strong></span> <span class='ocrx_word' id='word_1_342' title='bbox 2465 1881 2605 1936; x_wconf 83' lang='grc' dir='ltr'>κατὰ</span> <span class='ocrx_word' id='word_1_343' title='bbox 2670 1881 2836 1950; x_wconf 83' lang='grc' dir='ltr'>μόνας</span> <span class='ocrx_word' id='word_1_344' title='bbox 2902 1880 3203 1950; x_wconf 86' lang='grc' dir='ltr'>διάγοντος,</span> <span class='ocrx_word' id='word_1_345' title='bbox 3272 1880 3464 1950; x_wconf 80' lang='grc' dir='ltr'>ὥσπερ</span> <span class='ocrx_word' id='word_1_346' title='bbox 3522 1878 3722 1950; x_wconf 73' lang='grc' dir='ltr'>ἠσκητό</span> 
     </span>
    </p>
   </div>
   <div class='ocr_carea' id='block_1_49' title="bbox 2144 1972 3819 2044">
    <p class='ocr_par' dir='ltr' id='par_1_49' title="bbox 2144 1972 3819 2044">
     <span class='ocr_line' id='line_1_49' title="bbox 2144 1972 3819 2044; baseline -0.003 -18"><span class='ocrx_word' id='word_1_347' title='bbox 2144 1990 2203 2027; x_wconf 85' lang='grc' dir='ltr'><strong>τε</strong></span> <span class='ocrx_word' id='word_1_348' title='bbox 2246 1973 2342 2026; x_wconf 70' lang='grc' dir='ltr'>καὶ</span> <span class='ocrx_word' id='word_1_349' title='bbox 2372 1974 2596 2029; x_wconf 74' lang='grc' dir='ltr'>εἴθιστο.</span> <span class='ocrx_word' id='word_1_350' title='bbox 2647 1972 2841 2043; x_wconf 88' lang='grc' dir='ltr'>Ὅμως</span> <span class='ocrx_word' id='word_1_351' title='bbox 2886 1972 2970 2044; x_wconf 78' lang='grc' dir='ltr'>(τὸ</span> <span class='ocrx_word' id='word_1_352' title='bbox 2998 1974 3108 2044; x_wconf 80' lang='grc' dir='ltr'>γὰρ</span> <span class='ocrx_word' id='word_1_353' title='bbox 3150 1973 3249 2044; x_wconf 83' lang='grc' dir='ltr'>τῆς</span> <span class='ocrx_word' id='word_1_354' title='bbox 3300 1973 3547 2043; x_wconf 76' lang='grc' dir='ltr'>ἀνάγκης</span> <span class='ocrx_word' id='word_1_355' title='bbox 3584 1972 3724 2023; x_wconf 72' lang='grc' dir='ltr'>ἐστὶν</span> <span class='ocrx_word' id='word_1_356' title='bbox 3809 2016 3819 2027; x_wconf 93' lang='grc'><strong>,</strong></span> 
     </span>
    </p>
   </div>
   <div class='ocr_carea' id='block_1_50' title="bbox 2144 2059 3727 2134">
    <p class='ocr_par' dir='ltr' id='par_1_50' title="bbox 2144 2059 3727 2134">
     <span class='ocr_line' id='line_1_50' title="bbox 2144 2059 3727 2134; baseline -0.004 -17"><span class='ocrx_word' id='word_1_357' title='bbox 2144 2063 2421 2134; x_wconf 81' lang='grc' dir='ltr'>ἀδήριτον)</span> <span class='ocrx_word' id='word_1_358' title='bbox 2465 2063 2563 2133; x_wconf 82' lang='grc' dir='ltr'>τὴν</span> <span class='ocrx_word' id='word_1_359' title='bbox 2614 2063 2859 2134; x_wconf 78' lang='grc' dir='ltr'>σκληρὰν</span> <span class='ocrx_word' id='word_1_360' title='bbox 2896 2062 3114 2131; x_wconf 72' lang='grc' dir='ltr'>ἐκείνην</span> <span class='ocrx_word' id='word_1_361' title='bbox 3150 2062 3248 2115; x_wconf 79' lang='grc' dir='ltr'>καὶ</span> <span class='ocrx_word' id='word_1_362' title='bbox 3298 2061 3375 2125; x_wconf 84' lang='grc' dir='ltr'>ὡς</span> <span class='ocrx_word' id='word_1_363' title='bbox 3426 2062 3489 2113; x_wconf 85' lang='grc' dir='ltr'>ὲν</span> <span class='ocrx_word' id='word_1_364' title='bbox 3539 2059 3727 2128; x_wconf 81' lang='grc' dir='ltr'>σιδηρᾷ</span> 
     </span>
    </p>
   </div>
   <div class='ocr_carea' id='block_1_51' title="bbox 2142 2151 3725 2230">
    <p class='ocr_par' dir='ltr' id='par_1_51' title="bbox 2142 2151 3725 2230">
     <span class='ocr_line' id='line_1_51' title="bbox 2142 2151 3725 2230; baseline -0.021 1"><span class='ocrx_word' id='word_1_365' title='bbox 2142 2156 2328 2230; x_wconf 45' lang='lat' dir='ltr'><strong>tu“?</strong></span> <span class='ocrx_word' id='word_1_366' title='bbox 2384 2155 2636 2226; x_wconf 78' lang='grc' dir='ltr'><strong>διέφερον</strong></span> <span class='ocrx_word' id='word_1_367' title='bbox 2706 2154 3037 2226; x_wconf 65' lang='grc' dir='ltr'>ποιμανσιν,</span> <span class='ocrx_word' id='word_1_368' title='bbox 3096 2152 3147 2206; x_wconf 73' lang='grc' dir='ltr'>οἱ</span> <span class='ocrx_word' id='word_1_369' title='bbox 3219 2152 3322 2224; x_wconf 81' lang='grc' dir='ltr'>μὲν</span> <span class='ocrx_word' id='word_1_370' title='bbox 3394 2151 3725 2219; x_wconf 72' lang='grc' dir='ltr'>εὐγνωμονέ-</span> 
     </span>
    </p>
   </div>
   <div class='ocr_carea' id='block_1_52' title="bbox 2146 2312 3728 2383">
    <p class='ocr_par' dir='ltr' id='par_1_52' title="bbox 2146 2312 3728 2383">
     <span class='ocr_line' id='line_1_52' title="bbox 2146 2312 3728 2383; baseline -0.004 -12"><span class='ocrx_word' id='word_1_371' title='bbox 2146 2314 2432 2371; x_wconf 77' lang='lat' dir='ltr'><strong>suratione</strong></span> <span class='ocrx_word' id='word_1_372' title='bbox 2459 2329 2583 2370; x_wconf 92' lang='lat' dir='ltr'><strong>cum</strong></span> <span class='ocrx_word' id='word_1_373' title='bbox 2627 2321 2859 2383; x_wconf 87' lang='lat' dir='ltr'><strong>peccato</strong></span> <span class='ocrx_word' id='word_1_374' title='bbox 2894 2312 3041 2383; x_wconf 88' lang='lat' dir='ltr'><strong>quod</strong></span> <span class='ocrx_word' id='word_1_375' title='bbox 3066 2313 3242 2383; x_wconf 87' lang='lat' dir='ltr'><strong>pttnit,</strong></span> <span class='ocrx_word' id='word_1_376' title='bbox 3266 2312 3481 2383; x_wconf 84' lang='lat' dir='ltr'><strong>justum</strong></span> <span class='ocrx_word' id='word_1_377' title='bbox 3530 2326 3648 2366; x_wconf 77' lang='lat' dir='ltr'><strong>esse</strong></span> <span class='ocrx_word' id='word_1_378' title='bbox 3668 2325 3728 2364; x_wconf 84' lang='lat' dir='ltr'><strong>ac</strong></span> 
     </span>
    </p>
   </div>
   <div class='ocr_carea' id='block_1_53' title="bbox 2146 2401 3728 2476">
    <p class='ocr_par' dir='ltr' id='par_1_53' title="bbox 2146 2401 3728 2476">
     <span class='ocr_line' id='line_1_53' title="bbox 2146 2401 3728 2476; baseline -0.004 -15"><span class='ocrx_word' id='word_1_379' title='bbox 2146 2409 2489 2461; x_wconf 85' lang='lat' dir='ltr'><strong>moderatum</strong></span> <span class='ocrx_word' id='word_1_380' title='bbox 2532 2416 2680 2460; x_wconf 82' lang='lat' dir='ltr'><strong>rc‘cte</strong></span> <span class='ocrx_word' id='word_1_381' title='bbox 2702 2404 3062 2460; x_wconf 85' lang='lat' dir='ltr'><strong>censentibus</strong></span> <span class='ocrx_word' id='word_1_382' title='bbox 3118 2405 3475 2476; x_wconf 76' lang='lat' dir='ltr'><strong>intelligitur.</strong></span> <span class='ocrx_word' id='word_1_383' title='bbox 3520 2401 3611 2458; x_wconf 81' lang='lat' dir='ltr'><strong>llis</strong></span> <span class='ocrx_word' id='word_1_384' title='bbox 3640 2416 3728 2471; x_wconf 89' lang='lat' dir='ltr'><strong>pa-</strong></span> 
     </span>
    </p>
   </div>
   <div class='ocr_carea' id='block_1_54' title="bbox 2148 2497 3727 2567">
    <p class='ocr_par' dir='ltr' id='par_1_54' title="bbox 2148 2497 3727 2567">
     <span class='ocr_line' id='line_1_54' title="bbox 2148 2497 3727 2567; baseline -0.003 -16"><span class='ocrx_word' id='word_1_385' title='bbox 2148 2499 2388 2553; x_wconf 84' lang='lat' dir='ltr'><strong>triarcha</strong></span> <span class='ocrx_word' id='word_1_386' title='bbox 2441 2497 2919 2566; x_wconf 88' lang='lat' dir='ltr'><strong>objurgationibus</strong></span> <span class='ocrx_word' id='word_1_387' title='bbox 2968 2497 3420 2567; x_wconf 82' lang='lat' dir='ltr'><strong>insperatissimis</strong></span> <span class='ocrx_word' id='word_1_388' title='bbox 3456 2497 3727 2551; x_wconf 68' lang='lat' dir='ltr'><strong>istoslic-</strong></span> 
     </span>
    </p>
   </div>
   <div class='ocr_carea' id='block_1_55' title="bbox 2149 2588 3728 2659">
    <p class='ocr_par' dir='ltr' id='par_1_55' title="bbox 2149 2588 3728 2659">
     <span class='ocr_line' id='line_1_55' title="bbox 2149 2588 3728 2659; baseline -0.003 -15"><span class='ocrx_word' id='word_1_389' title='bbox 2149 2590 2330 2646; x_wconf 70' lang='lat' dir='ltr'><strong>etesia:</strong></span> <span class='ocrx_word' id='word_1_390' title='bbox 2357 2589 2629 2659; x_wconf 90' lang='lat' dir='ltr'><strong>primores</strong></span> <span class='ocrx_word' id='word_1_391' title='bbox 2663 2590 2755 2659; x_wconf 88' lang='lat' dir='ltr'><strong>qui</strong></span> <span class='ocrx_word' id='word_1_392' title='bbox 2781 2603 2908 2643; x_wconf 90' lang='lat' dir='ltr'><strong>eum</strong></span> <span class='ocrx_word' id='word_1_393' title='bbox 2956 2590 3291 2644; x_wconf 82' lang='lat' dir='ltr'><strong>admonituri</strong></span> <span class='ocrx_word' id='word_1_394' title='bbox 3343 2588 3728 2645; x_wconf 72' lang='lat' dir='ltr'><strong>conveniebant</strong></span> 
     </span>
    </p>
   </div>
   <div class='ocr_carea' id='block_1_56' title="bbox 2150 2678 3727 2748">
    <p class='ocr_par' dir='ltr' id='par_1_56' title="bbox 2150 2678 3727 2748">
     <span class='ocr_line' id='line_1_56' title="bbox 2150 2678 3727 2748; baseline -0.003 -15"><span class='ocrx_word' id='word_1_395' title='bbox 2150 2696 2178 2733; x_wconf 79' lang='grc' dir='ltr'><strong>ει</strong></span> <span class='ocrx_word' id='word_1_396' title='bbox 2205 2695 2267 2734; x_wconf 89' lang='lat' dir='ltr'><strong>se</strong></span> <span class='ocrx_word' id='word_1_397' title='bbox 2297 2680 2544 2748; x_wconf 79' lang='lat' dir='ltr'><strong>abigens,</strong></span> <span class='ocrx_word' id='word_1_398' title='bbox 2579 2693 2797 2732; x_wconf 88' lang='lat' dir='ltr'><strong>omnem</strong></span> <span class='ocrx_word' id='word_1_399' title='bbox 2850 2679 2964 2748; x_wconf 88' lang='lat' dir='ltr'><strong>jam</strong></span> <span class='ocrx_word' id='word_1_400' title='bbox 2996 2680 3097 2735; x_wconf 86' lang='lat' dir='ltr'><strong>sibi</strong></span> <span class='ocrx_word' id='word_1_401' title='bbox 3130 2681 3272 2747; x_wconf 84' lang='lat' dir='ltr'><strong>apud</strong></span> <span class='ocrx_word' id='word_1_402' title='bbox 3335 2693 3434 2734; x_wconf 76' lang='lat' dir='ltr'><strong>eos</strong></span> <span class='ocrx_word' id='word_1_403' title='bbox 3487 2678 3727 2733; x_wconf 87' lang='lat' dir='ltr'><strong>demebat</strong></span> 
     </span>
    </p>
   </div>
   <div class='ocr_carea' id='block_1_57' title="bbox 2149 2771 3729 2842">
    <p class='ocr_par' dir='ltr' id='par_1_57' title="bbox 2149 2771 3729 2842">
     <span class='ocr_line' id='line_1_57' title="bbox 2149 2771 3729 2842; baseline -0.003 -15"><span class='ocrx_word' id='word_1_404' title='bbox 2149 2772 2564 2827; x_wconf 76' lang='lat' dir='ltr'><strong>excusationem</strong></span> <span class='ocrx_word' id='word_1_405' title='bbox 2602 2772 2672 2825; x_wconf 89' lang='lat' dir='ltr'><strong>ab</strong></span> <span class='ocrx_word' id='word_1_406' title='bbox 2713 2771 2972 2841; x_wconf 88' lang='lat' dir='ltr'><strong>opinione</strong></span> <span class='ocrx_word' id='word_1_407' title='bbox 3027 2773 3354 2842; x_wconf 66' lang='lat' dir='ltr'><strong>ignorantiae</strong></span> <span class='ocrx_word' id='word_1_408' title='bbox 3407 2788 3586 2827; x_wconf 89' lang='lat' dir='ltr'><strong>rerum</strong></span> <span class='ocrx_word' id='word_1_409' title='bbox 3617 2780 3729 2840; x_wconf 64' lang='lat' dir='ltr'><strong>qua</strong></span> 
     </span>
    </p>
   </div>
   <div class='ocr_carea' id='block_1_58' title="bbox 2150 2863 3732 2935">
    <p class='ocr_par' dir='ltr' id='par_1_58' title="bbox 2150 2863 3732 2935">
     <span class='ocr_line' id='line_1_58' title="bbox 2150 2863 3732 2935; baseline -0.003 -16"><span class='ocrx_word' id='word_1_410' title='bbox 2150 2865 2376 2931; x_wconf 78' lang='lat' dir='ltr'><strong>ﬁebant,</strong></span> <span class='ocrx_word' id='word_1_411' title='bbox 2404 2876 2457 2919; x_wconf 90' lang='lat' dir='ltr'><strong>et</strong></span> <span class='ocrx_word' id='word_1_412' title='bbox 2491 2873 2658 2920; x_wconf 83' lang='lat' dir='ltr'><strong>totam</strong></span> <span class='ocrx_word' id='word_1_413' title='bbox 2714 2866 2767 2919; x_wconf 93' lang='lat' dir='ltr'><strong>in</strong></span> <span class='ocrx_word' id='word_1_414' title='bbox 2806 2881 2967 2919; x_wconf 88' lang='lat' dir='ltr'><strong>suum</strong></span> <span class='ocrx_word' id='word_1_415' title='bbox 3029 2876 3192 2935; x_wconf 80' lang='lat' dir='ltr'><strong>caput</strong></span> <span class='ocrx_word' id='word_1_416' title='bbox 3238 2864 3551 2919; x_wconf 85' lang='lat' dir='ltr'><strong>altrahebat</strong></span> <span class='ocrx_word' id='word_1_417' title='bbox 3596 2863 3732 2916; x_wconf 86' lang='lat' dir='ltr'><strong>invi-</strong></span> 
     </span>
    </p>
   </div>
   <div class='ocr_carea' id='block_1_59' title="bbox 2154 2955 3726 3026">
    <p class='ocr_par' dir='ltr' id='par_1_59' title="bbox 2154 2955 3726 3026">
     <span class='ocr_line' id='line_1_59' title="bbox 2154 2955 3726 3026; baseline -0.004 -15"><span class='ocrx_word' id='word_1_418' title='bbox 2154 2957 2326 3024; x_wconf 73' lang='lat' dir='ltr'><strong>dia&#39;n,</strong></span> <span class='ocrx_word' id='word_1_419' title='bbox 2368 2956 2504 3010; x_wconf 91' lang='lat' dir='ltr'><strong>nihil</strong></span> <span class='ocrx_word' id='word_1_420' title='bbox 2537 2958 2689 3026; x_wconf 70' lang='lat' dir='ltr'><strong>pensi</strong></span> <span class='ocrx_word' id='word_1_421' title='bbox 2715 2957 3017 3026; x_wconf 80' lang='lat' dir='ltr'><strong>quidquam</strong></span> <span class='ocrx_word' id='word_1_422' title='bbox 3075 2957 3305 3019; x_wconf 82' lang='lat' dir='ltr'><strong>habens,</strong></span> <span class='ocrx_word' id='word_1_423' title='bbox 3376 2957 3505 3009; x_wconf 85' lang='lat' dir='ltr'><strong>dum</strong></span> <span class='ocrx_word' id='word_1_424' title='bbox 3559 2955 3726 3024; x_wconf 83' lang='lat' dir='ltr'><strong>palam</strong></span> 
     </span>
    </p>
   </div>
   <div class='ocr_carea' id='block_1_60' title="bbox 2148 3048 3731 3119">
    <p class='ocr_par' dir='ltr' id='par_1_60' title="bbox 2148 3048 3731 3119">
     <span class='ocr_line' id='line_1_60' title="bbox 2148 3048 3731 3119; baseline -0.004 -15"><span class='ocrx_word' id='word_1_425' title='bbox 2148 3058 2452 3104; x_wconf 79' lang='lat' dir='ltr'><strong>ostentaret</strong></span> <span class='ocrx_word' id='word_1_426' title='bbox 2481 3065 2548 3103; x_wconf 85' lang='lat' dir='ltr'><strong>co</strong></span> <span class='ocrx_word' id='word_1_427' title='bbox 2577 3049 2738 3118; x_wconf 88' lang='lat' dir='ltr'><strong>plane</strong></span> <span class='ocrx_word' id='word_1_428' title='bbox 2774 3064 2834 3105; x_wconf 91' lang='lat' dir='ltr'><strong>se</strong></span> <span class='ocrx_word' id='word_1_429' title='bbox 2863 3058 3113 3119; x_wconf 86' lang='lat' dir='ltr'><strong>spectare</strong></span> <span class='ocrx_word' id='word_1_430' title='bbox 3145 3064 3210 3103; x_wconf 93' lang='lat' dir='ltr'><strong>ac</strong></span> <span class='ocrx_word' id='word_1_431' title='bbox 3241 3057 3393 3104; x_wconf 81' lang='lat' dir='ltr'><strong>recta</strong></span> <span class='ocrx_word' id='word_1_432' title='bbox 3432 3048 3583 3109; x_wconf 83' lang='lat' dir='ltr'><strong>ferri,</strong></span> <span class='ocrx_word' id='word_1_433' title='bbox 3625 3055 3677 3099; x_wconf 92' lang='lat' dir='ltr'><strong>ut</strong></span> <span class='ocrx_word' id='word_1_434' title='bbox 3703 3058 3731 3097; x_wconf 87' lang='lat' dir='ltr'><strong>e</strong></span> 
     </span>
    </p>
   </div>
   <div class='ocr_carea' id='block_1_61' title="bbox 2155 3139 3730 3211">
    <p class='ocr_par' dir='ltr' id='par_1_61' title="bbox 2155 3139 3730 3211">
     <span class='ocr_line' id='line_1_61' title="bbox 2155 3139 3730 3211; baseline -0.005 -16"><span class='ocrx_word' id='word_1_435' title='bbox 2155 3142 2340 3195; x_wconf 84' lang='lat' dir='ltr'><strong>medio</strong></span> <span class='ocrx_word' id='word_1_436' title='bbox 2406 3141 2623 3195; x_wconf 90' lang='lat' dir='ltr'><strong>tolleret</strong></span> <span class='ocrx_word' id='word_1_437' title='bbox 2690 3141 3064 3211; x_wconf 83' lang='lat' dir='ltr'><strong>radicitusqne</strong></span> <span class='ocrx_word' id='word_1_438' title='bbox 3130 3142 3465 3211; x_wconf 85' lang='lat' dir='ltr'><strong>exstirparet</strong></span> <span class='ocrx_word' id='word_1_439' title='bbox 3519 3139 3730 3194; x_wconf 89' lang='lat' dir='ltr'><strong>omnino</strong></span> 
     </span>
    </p>
   </div>
   <div class='ocr_carea' id='block_1_62' title="bbox 457 3209 3730 3311">
    <p class='ocr_par' dir='ltr' id='par_1_62' title="bbox 457 3209 3730 3311">
     <span class='ocr_line' id='line_1_62' title="bbox 457 3209 3730 3311; baseline -0.002 -27"><span class='ocrx_word' id='word_1_440' title='bbox 457 3230 618 3311; x_wconf 81' lang='lat' dir='ltr'><strong>ratis.</strong></span> <span class='ocrx_word' id='word_1_441' title='bbox 671 3227 1080 3296; x_wconf 86' lang='lat' dir='ltr'><strong>Crescebatqne</strong></span> <span class='ocrx_word' id='word_1_442' title='bbox 1132 3229 1189 3285; x_wconf 86' lang='lat' dir='ltr'><strong>in</strong></span> <span class='ocrx_word' id='word_1_443' title='bbox 1244 3230 1362 3286; x_wconf 86' lang='lat' dir='ltr'><strong>dies</strong></span> <span class='ocrx_word' id='word_1_444' title='bbox 1394 3230 1627 3296; x_wconf 88' lang='lat' dir='ltr'><strong>malum,</strong></span> <span class='ocrx_word' id='word_1_445' title='bbox 1688 3229 1820 3283; x_wconf 88' lang='lat' dir='ltr'><strong>dum</strong></span> <span class='ocrx_word' id='word_1_446' title='bbox 1876 3209 2629 3301; x_wconf 72' lang='lat' dir='ltr'><strong>nihilocqualemcunque,</strong></span> <span class='ocrx_word' id='word_1_447' title='bbox 2660 3245 2755 3285; x_wconf 88' lang='lat' dir='ltr'><strong>seu</strong></span> <span class='ocrx_word' id='word_1_448' title='bbox 2818 3209 3004 3284; x_wconf 73' lang='lat' dir='ltr'><strong>veram</strong></span> <span class='ocrx_word' id='word_1_449' title='bbox 3040 3246 3134 3285; x_wconf 88' lang='lat' dir='ltr'><strong>seu</strong></span> <span class='ocrx_word' id='word_1_450' title='bbox 3170 3209 3530 3300; x_wconf 80' lang='lat' dir='ltr'><strong>apparentem</strong></span> <span class='ocrx_word' id='word_1_451' title='bbox 3581 3227 3730 3282; x_wconf 84' lang='lat' dir='ltr'><strong>disci-</strong></span> 
     </span>
    </p>
   </div>
   <div class='ocr_carea' id='block_1_63' title="bbox 456 3321 2053 3392">
    <p class='ocr_par' dir='ltr' id='par_1_63' title="bbox 456 3321 2053 3392">
     <span class='ocr_line' id='line_1_63' title="bbox 456 3321 2053 3392; baseline -0.001 -16"><span class='ocrx_word' id='word_1_452' title='bbox 456 3322 642 3379; x_wconf 86' lang='lat' dir='ltr'><strong>secius</strong></span> <span class='ocrx_word' id='word_1_453' title='bbox 714 3321 973 3377; x_wconf 90' lang='lat' dir='ltr'><strong>monachi</strong></span> <span class='ocrx_word' id='word_1_454' title='bbox 1039 3336 1151 3392; x_wconf 89' lang='lat' dir='ltr'><strong>quo</strong></span> <span class='ocrx_word' id='word_1_455' title='bbox 1211 3337 1310 3392; x_wconf 90' lang='lat' dir='ltr'><strong>per</strong></span> <span class='ocrx_word' id='word_1_456' title='bbox 1366 3336 1613 3392; x_wconf 68' lang='lat' dir='ltr'><strong>praeceps</strong></span> <span class='ocrx_word' id='word_1_457' title='bbox 1688 3321 2053 3375; x_wconf 79' lang='lat' dir='ltr'><strong>incubueraut</strong></span> 
     </span>
    </p>
   </div>
   <div class='ocr_carea' id='block_1_64' title="bbox 460 3413 2056 3484">
    <p class='ocr_par' dir='ltr' id='par_1_64' title="bbox 460 3413 2056 3484">
     <span class='ocr_line' id='line_1_64' title="bbox 460 3413 2056 3484; baseline 0.002 -19"><span class='ocrx_word' id='word_1_458' title='bbox 460 3421 709 3477; x_wconf 87' lang='lat' dir='ltr'><strong>ruentes,</strong></span> <span class='ocrx_word' id='word_1_459' title='bbox 746 3413 903 3469; x_wconf 86' lang='lat' dir='ltr'><strong>novis</strong></span> <span class='ocrx_word' id='word_1_460' title='bbox 930 3414 1164 3469; x_wconf 87' lang='lat' dir='ltr'><strong>subinde</strong></span> <span class='ocrx_word' id='word_1_461' title='bbox 1196 3414 1637 3484; x_wconf 78' lang='lat' dir='ltr'><strong>frequentandis,</strong></span> <span class='ocrx_word' id='word_1_462' title='bbox 1702 3413 2056 3469; x_wconf 87' lang='lat' dir='ltr'><strong>simulatione</strong></span> 
     </span>
    </p>
   </div>
   <div class='ocr_carea' id='block_1_65' title="bbox 439 3505 2054 3576">
    <p class='ocr_par' dir='ltr' id='par_1_65' title="bbox 439 3505 2054 3576">
     <span class='ocr_line' id='line_1_65' title="bbox 439 3505 2054 3576; baseline 0.001 -19"><span class='ocrx_word' id='word_1_463' title='bbox 439 3515 553 3558; x_wconf 69' lang='lat' dir='ltr'><strong>&#39;ant</strong></span> <span class='ocrx_word' id='word_1_464' title='bbox 587 3515 855 3575; x_wconf 62' lang='lat' dir='ltr'><strong>praetextu</strong></span> <span class='ocrx_word' id='word_1_465' title='bbox 885 3516 1091 3561; x_wconf 58' lang='lat' dir='ltr'><strong>exactae</strong></span> <span class='ocrx_word' id='word_1_466' title='bbox 1116 3507 1418 3576; x_wconf 80' lang='lat' dir='ltr'><strong>religionis,</strong></span> <span class='ocrx_word' id='word_1_467' title='bbox 1469 3507 1788 3562; x_wconf 69' lang='lat' dir='ltr'><strong>inhumanae</strong></span> <span class='ocrx_word' id='word_1_468' title='bbox 1835 3505 2054 3562; x_wconf 87' lang='lat' dir='ltr'><strong>acerbi-</strong></span> 
     </span>
    </p>
   </div>
   <div class='ocr_carea' id='block_1_66' title="bbox 458 3596 2055 3668">
    <p class='ocr_par' dir='ltr' id='par_1_66' title="bbox 458 3596 2055 3668">
     <span class='ocr_line' id='line_1_66' title="bbox 458 3596 2055 3668; baseline 0.003 -19"><span class='ocrx_word' id='word_1_469' title='bbox 458 3598 588 3650; x_wconf 84' lang='lat' dir='ltr'><strong>tatis</strong></span> <span class='ocrx_word' id='word_1_470' title='bbox 613 3596 902 3663; x_wconf 79' lang='lat' dir='ltr'><strong>exemplis,</strong></span> <span class='ocrx_word' id='word_1_471' title='bbox 937 3598 1325 3665; x_wconf 87' lang='lat' dir='ltr'><strong>pervertebant</strong></span> <span class='ocrx_word' id='word_1_472' title='bbox 1363 3598 1894 3668; x_wconf 78' lang='lat' dir='ltr'><strong>conluntlebautque</strong></span> <span class='ocrx_word' id='word_1_473' title='bbox 1929 3614 2055 3666; x_wconf 91' lang='lat' dir='ltr'><strong>pas-</strong></span> 
     </span>
    </p>
   </div>
   <div class='ocr_carea' id='block_1_67' title="bbox 458 3678 2056 3759">
    <p class='ocr_par' dir='ltr' id='par_1_67' title="bbox 458 3678 2056 3759">
     <span class='ocr_line' id='line_1_67' title="bbox 458 3678 2056 3759; baseline 0.002 -19"><span class='ocrx_word' id='word_1_474' title='bbox 458 3688 563 3740; x_wconf 82' lang='lat' dir='ltr'><strong>sim</strong></span> <span class='ocrx_word' id='word_1_475' title='bbox 611 3686 841 3752; x_wconf 88' lang='lat' dir='ltr'><strong>omnia,</strong></span> <span class='ocrx_word' id='word_1_476' title='bbox 895 3693 955 3738; x_wconf 93' lang='lat' dir='ltr'><strong>ut</strong></span> <span class='ocrx_word' id='word_1_477' title='bbox 1003 3695 1154 3740; x_wconf 84' lang='lat' dir='ltr'><strong>esset</strong></span> <span class='ocrx_word' id='word_1_478' title='bbox 1206 3686 1318 3756; x_wconf 86' lang='lat' dir='ltr'><strong>jam</strong></span> <span class='ocrx_word' id='word_1_479' title='bbox 1370 3678 1495 3742; x_wconf 20' lang='lat' dir='ltr'><strong>illick</strong></span> <span class='ocrx_word' id='word_1_480' title='bbox 1540 3703 1782 3757; x_wconf 64' lang='lat' dir='ltr'><strong>praesens</strong></span> <span class='ocrx_word' id='word_1_481' title='bbox 1843 3690 2056 3759; x_wconf 87' lang='lat' dir='ltr'><strong>species</strong></span> 
     </span>
    </p>
   </div>
   <div class='ocr_carea' id='block_1_68' title="bbox 460 3774 2057 3849">
    <p class='ocr_par' dir='ltr' id='par_1_68' title="bbox 460 3774 2057 3849">
     <span class='ocr_line' id='line_1_68' title="bbox 460 3774 2057 3849; baseline 0.003 -18"><span class='ocrx_word' id='word_1_482' title='bbox 460 3774 725 3831; x_wconf 65' lang='lat' dir='ltr'><strong>Ecclesia</strong></span> <span class='ocrx_word' id='word_1_483' title='bbox 760 3788 813 3839; x_wconf 86' lang='lat' dir='ltr'><strong>et</strong></span> <span class='ocrx_word' id='word_1_484' title='bbox 852 3777 1007 3831; x_wconf 87' lang='lat' dir='ltr'><strong>urbis</strong></span> <span class='ocrx_word' id='word_1_485' title='bbox 1049 3777 1211 3846; x_wconf 88' lang='lat' dir='ltr'><strong>plane</strong></span> <span class='ocrx_word' id='word_1_486' title='bbox 1242 3779 1465 3848; x_wconf 87' lang='lat' dir='ltr'><strong>qualem</strong></span> <span class='ocrx_word' id='word_1_487' title='bbox 1525 3780 1889 3849; x_wconf 80' lang='lat' dir='ltr'><strong>Anaxagoras</strong></span> <span class='ocrx_word' id='word_1_488' title='bbox 1942 3781 2057 3835; x_wconf 88' lang='lat' dir='ltr'><strong>ori-</strong></span> 
     </span>
    </p>
   </div>
   <div class='ocr_carea' id='block_1_69' title="bbox 459 3870 2059 3938">
    <p class='ocr_par' dir='ltr' id='par_1_69' title="bbox 459 3870 2059 3938">
     <span class='ocr_line' id='line_1_69' title="bbox 459 3870 2059 3938; baseline 0.003 -15"><span class='ocrx_word' id='word_1_489' title='bbox 459 3870 616 3938; x_wconf 79' lang='lat' dir='ltr'><strong>gines</strong></span> <span class='ocrx_word' id='word_1_490' title='bbox 675 3870 866 3925; x_wconf 89' lang='lat' dir='ltr'><strong>mundi</strong></span> <span class='ocrx_word' id='word_1_491' title='bbox 897 3870 1219 3926; x_wconf 85' lang='lat' dir='ltr'><strong>describens</strong></span> <span class='ocrx_word' id='word_1_492' title='bbox 1264 3872 1433 3927; x_wconf 79' lang='lat' dir='ltr'><strong>fuisse</strong></span> <span class='ocrx_word' id='word_1_493' title='bbox 1482 3872 1787 3928; x_wconf 82' lang='lat' dir='ltr'><strong>afﬁrmabat</strong></span> <span class='ocrx_word' id='word_1_494' title='bbox 1846 3882 2059 3928; x_wconf 61' lang='lat' dir='ltr'><strong>natura:</strong></span> 
     </span>
    </p>
   </div>
   <div class='ocr_carea' id='block_1_70' title="bbox 459 3962 2058 4032">
    <p class='ocr_par' dir='ltr' id='par_1_70' title="bbox 459 3962 2058 4032">
     <span class='ocr_line' id='line_1_70' title="bbox 459 3962 2058 4032; baseline 0.004 -18"><span class='ocrx_word' id='word_1_495' title='bbox 459 3962 697 4031; x_wconf 89' lang='lat' dir='ltr'><strong>partium</strong></span> <span class='ocrx_word' id='word_1_496' title='bbox 752 3963 958 4017; x_wconf 90' lang='lat' dir='ltr'><strong>mistim</strong></span> <span class='ocrx_word' id='word_1_497' title='bbox 1018 3978 1085 4019; x_wconf 91' lang='lat' dir='ltr'><strong>ac</strong></span> <span class='ocrx_word' id='word_1_498' title='bbox 1144 3975 1351 4019; x_wconf 89' lang='lat' dir='ltr'><strong>temere</strong></span> <span class='ocrx_word' id='word_1_499' title='bbox 1405 3974 1881 4032; x_wconf 74' lang='lat' dir='ltr'><strong>coacervatarum;</strong></span> <span class='ocrx_word' id='word_1_500' title='bbox 1926 3975 2058 4020; x_wconf 86' lang='lat' dir='ltr'><strong>ante</strong></span> 
     </span>
    </p>
   </div>
   <div class='ocr_carea' id='block_1_71' title="bbox 459 4055 2059 4126">
    <p class='ocr_par' dir='ltr' id='par_1_71' title="bbox 459 4055 2059 4126">
     <span class='ocr_line' id='line_1_71' title="bbox 459 4055 2059 4126; baseline 0.005 -18"><span class='ocrx_word' id='word_1_501' title='bbox 459 4055 684 4121; x_wconf 90' lang='lat' dir='ltr'><strong>mentis,</strong></span> <span class='ocrx_word' id='word_1_502' title='bbox 710 4072 832 4126; x_wconf 68' lang='lat' dir='ltr'><strong>quae</strong></span> <span class='ocrx_word' id='word_1_503' title='bbox 868 4057 1118 4111; x_wconf 88' lang='lat' dir='ltr'><strong>ordinem</strong></span> <span class='ocrx_word' id='word_1_504' title='bbox 1154 4058 1362 4124; x_wconf 84' lang='lat' dir='ltr'><strong>intulit,</strong></span> <span class='ocrx_word' id='word_1_505' title='bbox 1423 4073 1732 4115; x_wconf 82' lang='lat' dir='ltr'><strong>accessum.</strong></span> <span class='ocrx_word' id='word_1_506' title='bbox 1767 4058 1922 4113; x_wconf 82' lang='lat' dir='ltr'><strong>Talia</strong></span> <span class='ocrx_word' id='word_1_507' title='bbox 1971 4075 2059 4116; x_wconf 82' lang='lat' dir='ltr'><strong>ec-</strong></span> 
     </span>
    </p>
   </div>
   <div class='ocr_carea' id='block_1_72' title="bbox 459 4147 2058 4220">
    <p class='ocr_par' dir='ltr' id='par_1_72' title="bbox 459 4147 2058 4220">
     <span class='ocr_line' id='line_1_72' title="bbox 459 4147 2058 4220; baseline 0 -18"><span class='ocrx_word' id='word_1_508' title='bbox 459 4147 756 4204; x_wconf 88' lang='lat' dir='ltr'><strong>clesiastici</strong></span> <span class='ocrx_word' id='word_1_509' title='bbox 791 4164 917 4203; x_wconf 89' lang='lat' dir='ltr'><strong>cum</strong></span> <span class='ocrx_word' id='word_1_510' title='bbox 956 4159 1270 4214; x_wconf 88' lang='lat' dir='ltr'><strong>cernerent,</strong></span> <span class='ocrx_word' id='word_1_511' title='bbox 1305 4149 1568 4219; x_wconf 82' lang='lat' dir='ltr'><strong>pleraque</strong></span> <span class='ocrx_word' id='word_1_512' title='bbox 1596 4150 1817 4220; x_wconf 91' lang='lat' dir='ltr'><strong>quidem</strong></span> <span class='ocrx_word' id='word_1_513' title='bbox 1850 4152 2058 4220; x_wconf 86' lang='lat' dir='ltr'><strong>impro-</strong></span> 
     </span>
    </p>
   </div>
   <div class='ocr_carea' id='block_1_73' title="bbox 460 4243 2058 4309">
    <p class='ocr_par' dir='ltr' id='par_1_73' title="bbox 460 4243 2058 4309">
     <span class='ocr_line' id='line_1_73' title="bbox 460 4243 2058 4309; baseline 0 -13"><span class='ocrx_word' id='word_1_514' title='bbox 460 4243 665 4296; x_wconf 87' lang='lat' dir='ltr'><strong>babant</strong></span> <span class='ocrx_word' id='word_1_515' title='bbox 693 4243 868 4309; x_wconf 67' lang='lat' dir='ltr'><strong>taciti,</strong></span> <span class='ocrx_word' id='word_1_516' title='bbox 902 4253 959 4297; x_wconf 91' lang='lat' dir='ltr'><strong>et</strong></span> <span class='ocrx_word' id='word_1_517' title='bbox 988 4258 1177 4298; x_wconf 89' lang='lat' dir='ltr'><strong>secum</strong></span> <span class='ocrx_word' id='word_1_518' title='bbox 1210 4244 1546 4298; x_wconf 63' lang='lat' dir='ltr'><strong>mstimantes</strong></span> <span class='ocrx_word' id='word_1_519' title='bbox 1582 4251 1642 4297; x_wconf 93' lang='lat' dir='ltr'><strong>ut</strong></span> <span class='ocrx_word' id='word_1_520' title='bbox 1677 4244 1848 4297; x_wconf 87' lang='lat' dir='ltr'><strong>nimia</strong></span> <span class='ocrx_word' id='word_1_521' title='bbox 1878 4253 1930 4296; x_wconf 89' lang='lat' dir='ltr'><strong>et</strong></span> <span class='ocrx_word' id='word_1_522' title='bbox 1955 4244 2058 4297; x_wconf 92' lang='lat' dir='ltr'><strong>im-</strong></span> 
     </span>
    </p>
   </div>
   <div class='ocr_carea' id='block_1_74' title="bbox 460 4335 2056 4405">
    <p class='ocr_par' dir='ltr' id='par_1_74' title="bbox 460 4335 2056 4405">
     <span class='ocr_line' id='line_1_74' title="bbox 460 4335 2056 4405; baseline 0 -18"><span class='ocrx_word' id='word_1_523' title='bbox 460 4335 645 4389; x_wconf 85' lang='lat' dir='ltr'><strong>mania</strong></span> <span class='ocrx_word' id='word_1_524' title='bbox 702 4335 1062 4389; x_wconf 84' lang='lat' dir='ltr'><strong>dantnahant.</strong></span> <span class='ocrx_word' id='word_1_525' title='bbox 1095 4335 1174 4389; x_wconf 82' lang='lat' dir='ltr'><strong>Ac</strong></span> <span class='ocrx_word' id='word_1_526' title='bbox 1224 4350 1380 4399; x_wconf 88' lang='lat' dir='ltr'><strong>cum,</strong></span> <span class='ocrx_word' id='word_1_527' title='bbox 1436 4336 1689 4390; x_wconf 84' lang='lat' dir='ltr'><strong>arbitrati</strong></span> <span class='ocrx_word' id='word_1_528' title='bbox 1744 4335 2056 4405; x_wconf 85' lang='lat' dir='ltr'><strong>patriarcha</strong></span> 
     </span>
    </p>
   </div>
   <div class='ocr_carea' id='block_1_75' title="bbox 458 4427 2061 4490">
    <p class='ocr_par' dir='ltr' id='par_1_75' title="bbox 458 4427 2061 4490">
     <span class='ocr_line' id='line_1_75' title="bbox 458 4427 2061 4490; baseline 0 -8"><span class='ocrx_word' id='word_1_529' title='bbox 458 4427 628 4482; x_wconf 85' lang='lat' dir='ltr'><strong>multa</strong></span> <span class='ocrx_word' id='word_1_530' title='bbox 667 4427 1062 4481; x_wconf 78' lang='lat' dir='ltr'><strong>horum&#39;inscio</strong></span> <span class='ocrx_word' id='word_1_531' title='bbox 1107 4427 1245 4490; x_wconf 70' lang='lat' dir='ltr'><strong>lit-ri,</strong></span> <span class='ocrx_word' id='word_1_532' title='bbox 1297 4443 1422 4482; x_wconf 88' lang='lat' dir='ltr'><strong>eum</strong></span> <span class='ocrx_word' id='word_1_533' title='bbox 1451 4430 1719 4483; x_wconf 82' lang='lat' dir='ltr'><strong>adeuntes</strong></span> <span class='ocrx_word' id='word_1_534' title='bbox 1751 4428 2061 4482; x_wconf 86' lang='lat' dir='ltr'><strong>iudicarent</strong></span> 
     </span>
    </p>
   </div>
   <div class='ocr_carea' id='block_1_76' title="bbox 459 4519 2059 4589">
    <p class='ocr_par' dir='ltr' id='par_1_76' title="bbox 459 4519 2059 4589">
     <span class='ocr_line' id='line_1_76' title="bbox 459 4519 2059 4589; baseline 0.003 -20"><span class='ocrx_word' id='word_1_535' title='bbox 459 4534 584 4589; x_wconf 78' lang='lat' dir='ltr'><strong>qua:</strong></span> <span class='ocrx_word' id='word_1_536' title='bbox 612 4519 850 4572; x_wconf 75' lang='lat' dir='ltr'><strong>maxime</strong></span> <span class='ocrx_word' id='word_1_537' title='bbox 882 4519 1252 4574; x_wconf 80' lang='lat' dir='ltr'><strong>intolerabilia</strong></span> <span class='ocrx_word' id='word_1_538' title='bbox 1283 4519 1602 4584; x_wconf 85' lang='lat' dir='ltr'><strong>credebant,</strong></span> <span class='ocrx_word' id='word_1_539' title='bbox 1640 4534 1835 4589; x_wconf 86' lang='lat' dir='ltr'><strong>nempe</strong></span> <span class='ocrx_word' id='word_1_540' title='bbox 1866 4529 2059 4575; x_wconf 84' lang='lat' dir='ltr'><strong>contra</strong></span> 
     </span>
    </p>
   </div>
   <div class='ocr_carea' id='block_1_77' title="bbox 455 4611 2056 4681">
    <p class='ocr_par' dir='ltr' id='par_1_77' title="bbox 455 4611 2056 4681">
     <span class='ocr_line' id='line_1_77' title="bbox 455 4611 2056 4681; baseline 0 -15"><span class='ocrx_word' id='word_1_541' title='bbox 455 4611 892 4666; x_wconf 81' lang='lat' dir='ltr'><strong>ecclesiasticam</strong></span> <span class='ocrx_word' id='word_1_542' title='bbox 925 4612 1205 4665; x_wconf 85' lang='lat' dir='ltr'><strong>lenitatem</strong></span> <span class='ocrx_word' id='word_1_543' title='bbox 1262 4613 1426 4667; x_wconf 88' lang='lat' dir='ltr'><strong>etiam</strong></span> <span class='ocrx_word' id='word_1_544' title='bbox 1455 4614 1563 4666; x_wconf 83' lang='lat' dir='ltr'><strong>vim</strong></span> <span class='ocrx_word' id='word_1_545' title='bbox 1604 4626 1668 4664; x_wconf 89' lang='lat' dir='ltr'><strong>ac</strong></span> <span class='ocrx_word' id='word_1_546' title='bbox 1700 4612 1929 4667; x_wconf 84' lang='lat' dir='ltr'><strong>verbera</strong></span> <span class='ocrx_word' id='word_1_547' title='bbox 1958 4627 2056 4681; x_wconf 91' lang='lat' dir='ltr'><strong>per</strong></span> 
     </span>
    </p>
   </div>
   <div class='ocr_carea' id='block_1_78' title="bbox 422 4702 2051 4773">
    <p class='ocr_par' dir='ltr' id='par_1_78' title="bbox 422 4702 2051 4773">
     <span class='ocr_line' id='line_1_78' title="bbox 422 4702 2051 4773; baseline 0 -16"><span class='ocrx_word' id='word_1_548' title='bbox 422 4702 611 4757; x_wconf 65' lang='lat' dir='ltr'><strong>.l&#39;eros</strong></span> <span class='ocrx_word' id='word_1_549' title='bbox 633 4703 768 4773; x_wconf 83' lang='lat' dir='ltr'><strong>ejus</strong></span> <span class='ocrx_word' id='word_1_550' title='bbox 809 4703 1097 4758; x_wconf 83' lang='lat' dir='ltr'><strong>ministros</strong></span> <span class='ocrx_word' id='word_1_551' title='bbox 1152 4705 1409 4773; x_wconf 85' lang='lat' dir='ltr'><strong>plurimis</strong></span> <span class='ocrx_word' id='word_1_552' title='bbox 1471 4703 1770 4759; x_wconf 89' lang='lat' dir='ltr'><strong>crudeliter</strong></span> <span class='ocrx_word' id='word_1_553' title='bbox 1837 4703 2051 4769; x_wconf 78' lang='lat' dir='ltr'><strong>inferri,</strong></span> 
     </span>
    </p>
   </div>
   <div class='ocr_carea' id='block_1_79' title="bbox 457 4793 2055 4865">
    <p class='ocr_par' dir='ltr' id='par_1_79' title="bbox 457 4793 2055 4865">
     <span class='ocr_line' id='line_1_79' title="bbox 457 4793 2055 4865; baseline 0.002 -18"><span class='ocrx_word' id='word_1_554' title='bbox 457 4793 607 4864; x_wconf 88' lang='lat' dir='ltr'><strong>quod</strong></span> <span class='ocrx_word' id='word_1_555' title='bbox 638 4807 740 4862; x_wconf 88' lang='lat' dir='ltr'><strong>pro</strong></span> <span class='ocrx_word' id='word_1_556' title='bbox 781 4795 867 4848; x_wconf 94' lang='lat' dir='ltr'><strong>sui</strong></span> <span class='ocrx_word' id='word_1_557' title='bbox 896 4794 1189 4850; x_wconf 82' lang='lat' dir='ltr'><strong>atrocitate</strong></span> <span class='ocrx_word' id='word_1_558' title='bbox 1218 4811 1412 4850; x_wconf 91' lang='lat' dir='ltr'><strong>omnes</strong></span> <span class='ocrx_word' id='word_1_559' title='bbox 1435 4796 1820 4850; x_wconf 75' lang='lat' dir='ltr'><strong>existimarent</strong></span> <span class='ocrx_word' id='word_1_560' title='bbox 1857 4805 2055 4865; x_wconf 61' lang='lat' dir='ltr'><strong>praster</strong></span> 
     </span>
    </p>
   </div>
   <div class='ocr_carea' id='block_1_80' title="bbox 461 4886 2052 4958">
    <p class='ocr_par' dir='ltr' id='par_1_80' title="bbox 461 4886 2052 4958">
     <span class='ocr_line' id='line_1_80' title="bbox 461 4886 2052 4958; baseline 0.002 -19"><span class='ocrx_word' id='word_1_561' title='bbox 461 4894 699 4939; x_wconf 88' lang='lat' dir='ltr'><strong>mentem</strong></span> <span class='ocrx_word' id='word_1_562' title='bbox 729 4894 784 4940; x_wconf 84' lang='lat' dir='ltr'><strong>et</strong></span> <span class='ocrx_word' id='word_1_563' title='bbox 809 4886 947 4940; x_wconf 81' lang='lat' dir='ltr'><strong>citra</strong></span> <span class='ocrx_word' id='word_1_564' title='bbox 975 4887 1231 4941; x_wconf 85' lang='lat' dir='ltr'><strong>notitiam</strong></span> <span class='ocrx_word' id='word_1_565' title='bbox 1275 4888 1448 4958; x_wconf 89' lang='lat' dir='ltr'><strong>ipsius</strong></span> <span class='ocrx_word' id='word_1_566' title='bbox 1502 4888 1571 4942; x_wconf 88' lang='lat' dir='ltr'><strong>ab</strong></span> <span class='ocrx_word' id='word_1_567' title='bbox 1602 4887 1724 4943; x_wconf 85' lang='lat' dir='ltr'><strong>istis</strong></span> <span class='ocrx_word' id='word_1_568' title='bbox 1772 4889 2052 4952; x_wconf 88' lang='lat' dir='ltr'><strong>attentari,</strong></span> 
     </span>
    </p>
   </div>
   <div class='ocr_carea' id='block_1_81' title="bbox 459 4976 2056 5047">
    <p class='ocr_par' dir='ltr' id='par_1_81' title="bbox 459 4976 2056 5047">
     <span class='ocr_line' id='line_1_81' title="bbox 459 4976 2056 5047; baseline 0.004 -17"><span class='ocrx_word' id='word_1_569' title='bbox 459 4976 555 5031; x_wconf 82' lang='lat' dir='ltr'><strong>ille</strong></span> <span class='ocrx_word' id='word_1_570' title='bbox 605 4977 1133 5047; x_wconf 85' lang='lat' dir='ltr'><strong>inexspectatissiine</strong></span> <span class='ocrx_word' id='word_1_571' title='bbox 1166 4995 1280 5034; x_wconf 86' lang='lat' dir='ltr'><strong>rem</strong></span> <span class='ocrx_word' id='word_1_572' title='bbox 1314 4980 1684 5047; x_wconf 70' lang='lat' dir='ltr'><strong>comprobatus</strong></span> <span class='ocrx_word' id='word_1_573' title='bbox 1714 4980 1878 5033; x_wconf 89' lang='lat' dir='ltr'><strong>etiam</strong></span> <span class='ocrx_word' id='word_1_574' title='bbox 1913 4981 2056 5036; x_wconf 89' lang='lat' dir='ltr'><strong>ultro</strong></span> 
     </span>
    </p>
   </div>
   <div class='ocr_carea' id='block_1_82' title="bbox 459 5070 2057 5143">
    <p class='ocr_par' dir='ltr' id='par_1_82' title="bbox 459 5070 2057 5143">
     <span class='ocr_line' id='line_1_82' title="bbox 459 5070 2057 5143; baseline 0.003 -19"><span class='ocrx_word' id='word_1_575' title='bbox 459 5070 766 5126; x_wconf 79' lang='lat' dir='ltr'><strong>munitores</strong></span> <span class='ocrx_word' id='word_1_576' title='bbox 796 5074 1116 5143; x_wconf 83' lang='lat' dir='ltr'><strong>increpabat</strong></span> <span class='ocrx_word' id='word_1_577' title='bbox 1149 5080 1209 5127; x_wconf 89' lang='lat' dir='ltr'><strong>ut</strong></span> <span class='ocrx_word' id='word_1_578' title='bbox 1245 5073 1422 5128; x_wconf 85' lang='lat' dir='ltr'><strong>hebeti</strong></span> <span class='ocrx_word' id='word_1_579' title='bbox 1451 5072 1521 5126; x_wconf 84' lang='lat' dir='ltr'><strong>ad</strong></span> <span class='ocrx_word' id='word_1_580' title='bbox 1559 5072 1686 5126; x_wconf 89' lang='lat' dir='ltr'><strong>mali</strong></span> <span class='ocrx_word' id='word_1_581' title='bbox 1729 5088 1952 5128; x_wconf 89' lang='lat' dir='ltr'><strong>sensum</strong></span> <span class='ocrx_word' id='word_1_582' title='bbox 2001 5082 2057 5129; x_wconf 91' lang='lat' dir='ltr'><strong>et</strong></span> 
     </span>
    </p>
   </div>
   <div class='ocr_carea' id='block_1_83' title="bbox 459 5164 2054 5236">
    <p class='ocr_par' dir='ltr' id='par_1_83' title="bbox 459 5164 2054 5236">
     <span class='ocr_line' id='line_1_83' title="bbox 459 5164 2054 5236; baseline 0.002 -18"><span class='ocrx_word' id='word_1_583' title='bbox 459 5164 884 5220; x_wconf 87' lang='lat' dir='ltr'><strong>detestationem</strong></span> <span class='ocrx_word' id='word_1_584' title='bbox 921 5168 1130 5232; x_wconf 89' lang='lat' dir='ltr'><strong>animo,</strong></span> <span class='ocrx_word' id='word_1_585' title='bbox 1165 5180 1431 5236; x_wconf 82' lang='lat' dir='ltr'><strong>apparere</strong></span> <span class='ocrx_word' id='word_1_586' title='bbox 1460 5165 1545 5218; x_wconf 91' lang='lat' dir='ltr'><strong>vel</strong></span> <span class='ocrx_word' id='word_1_587' title='bbox 1587 5164 1715 5220; x_wconf 88' lang='lat' dir='ltr'><strong>inde</strong></span> <span class='ocrx_word' id='word_1_588' title='bbox 1746 5166 1900 5222; x_wconf 87' lang='lat' dir='ltr'><strong>aiens</strong></span> <span class='ocrx_word' id='word_1_589' title='bbox 1935 5166 2054 5222; x_wconf 88' lang='lat' dir='ltr'><strong>cal-</strong></span> 
     </span>
    </p>
   </div>
   <div class='ocr_carea' id='block_1_84' title="bbox 458 5257 2056 5330">
    <p class='ocr_par' dir='ltr' id='par_1_84' title="bbox 458 5257 2056 5330">
     <span class='ocr_line' id='line_1_84' title="bbox 458 5257 2056 5330; baseline 0.001 -19"><span class='ocrx_word' id='word_1_590' title='bbox 458 5258 574 5311; x_wconf 90' lang='lat' dir='ltr'><strong>lum</strong></span> <span class='ocrx_word' id='word_1_591' title='bbox 628 5258 925 5313; x_wconf 88' lang='lat' dir='ltr'><strong>obductum</strong></span> <span class='ocrx_word' id='word_1_592' title='bbox 996 5259 1246 5330; x_wconf 77' lang='lat' dir='ltr'><strong>religioni</strong></span> <span class='ocrx_word' id='word_1_593' title='bbox 1313 5273 1379 5314; x_wconf 91' lang='lat' dir='ltr'><strong>ac</strong></span> <span class='ocrx_word' id='word_1_594' title='bbox 1433 5258 1555 5313; x_wconf 81' lang='lat' dir='ltr'><strong>zelo</strong></span> <span class='ocrx_word' id='word_1_595' title='bbox 1615 5257 1906 5328; x_wconf 89' lang='lat' dir='ltr'><strong>ipsorum,</strong></span> <span class='ocrx_word' id='word_1_596' title='bbox 1962 5259 2056 5330; x_wconf 88' lang='lat' dir='ltr'><strong>qui</strong></span> 
     </span>
    </p>
   </div>
   <div class='ocr_carea' id='block_1_85' title="bbox 459 5348 2059 5426">
    <p class='ocr_par' dir='ltr' id='par_1_85' title="bbox 459 5348 2059 5426">
     <span class='ocr_line' id='line_1_85' title="bbox 459 5348 2059 5426; baseline 0.001 -21"><span class='ocrx_word' id='word_1_597' title='bbox 459 5359 686 5421; x_wconf 88' lang='lat' dir='ltr'><strong>aspectu</strong></span> <span class='ocrx_word' id='word_1_598' title='bbox 724 5351 1085 5426; x_wconf 81' lang='lat' dir='ltr'><strong>culpabilium</strong></span> <span class='ocrx_word' id='word_1_599' title='bbox 1121 5348 1438 5404; x_wconf 80' lang='lat' dir='ltr'><strong>defectuum</strong></span> <span class='ocrx_word' id='word_1_600' title='bbox 1468 5358 1580 5404; x_wconf 88' lang='lat' dir='ltr'><strong>tam</strong></span> <span class='ocrx_word' id='word_1_601' title='bbox 1629 5366 1827 5420; x_wconf 86' lang='lat' dir='ltr'><strong>parum</strong></span> <span class='ocrx_word' id='word_1_602' title='bbox 1883 5351 2059 5406; x_wconf 72' lang='lat' dir='ltr'><strong>allen-</strong></span> 
     </span>
    </p>
   </div>
   <div class='ocr_carea' id='block_1_86' title="bbox 458 5441 2058 5512">
    <p class='ocr_par' dir='ltr' id='par_1_86' title="bbox 458 5441 2058 5512">
     <span class='ocr_line' id='line_1_86' title="bbox 458 5441 2058 5512; baseline 0.001 -15"><span class='ocrx_word' id='word_1_603' title='bbox 458 5443 745 5501; x_wconf 85' lang='lat' dir='ltr'><strong>derentnr.</strong></span> <span class='ocrx_word' id='word_1_604' title='bbox 779 5444 835 5497; x_wconf 86' lang='lat' dir='ltr'><strong>Si</strong></span> <span class='ocrx_word' id='word_1_605' title='bbox 864 5442 1009 5496; x_wconf 92' lang='lat' dir='ltr'><strong>enim</strong></span> <span class='ocrx_word' id='word_1_606' title='bbox 1043 5444 1276 5496; x_wconf 85' lang='lat' dir='ltr'><strong>horrore.</strong></span> <span class='ocrx_word' id='word_1_607' title='bbox 1306 5456 1416 5512; x_wconf 91' lang='lat' dir='ltr'><strong>quo</strong></span> <span class='ocrx_word' id='word_1_608' title='bbox 1474 5456 1572 5511; x_wconf 89' lang='lat' dir='ltr'><strong>par</strong></span> <span class='ocrx_word' id='word_1_609' title='bbox 1594 5441 1781 5498; x_wconf 76' lang='lat' dir='ltr'><strong>fuerat</strong></span> <span class='ocrx_word' id='word_1_610' title='bbox 1842 5444 1908 5497; x_wconf 88' lang='lat' dir='ltr'><strong>ad</strong></span> <span class='ocrx_word' id='word_1_611' title='bbox 1959 5458 2058 5498; x_wconf 89' lang='lat' dir='ltr'><strong>oc-</strong></span> 
     </span>
    </p>
   </div>
   <div class='ocr_carea' id='block_1_87' title="bbox 455 5534 2060 5605">
    <p class='ocr_par' dir='ltr' id='par_1_87' title="bbox 455 5534 2060 5605">
     <span class='ocr_line' id='line_1_87' title="bbox 455 5534 2060 5605; baseline 0.002 -18"><span class='ocrx_word' id='word_1_612' title='bbox 455 5548 682 5587; x_wconf 85' lang='lat' dir='ltr'><strong>cursum</strong></span> <span class='ocrx_word' id='word_1_613' title='bbox 710 5547 873 5600; x_wconf 86' lang='lat' dir='ltr'><strong>prave</strong></span> <span class='ocrx_word' id='word_1_614' title='bbox 904 5544 1156 5586; x_wconf 89' lang='lat' dir='ltr'><strong>actorum</strong></span> <span class='ocrx_word' id='word_1_615' title='bbox 1186 5540 1694 5602; x_wconf 83' lang='lat' dir='ltr'><strong>commoverentur,</strong></span> <span class='ocrx_word' id='word_1_616' title='bbox 1723 5534 1846 5603; x_wconf 87' lang='lat' dir='ltr'><strong>ipso</strong></span> <span class='ocrx_word' id='word_1_617' title='bbox 1869 5534 2060 5605; x_wconf 88' lang='lat' dir='ltr'><strong>utique</strong></span> 
     </span>
    </p>
   </div>
   <div class='ocr_carea' id='block_1_88' title="bbox 461 5621 2061 5693">
    <p class='ocr_par' dir='ltr' id='par_1_88' title="bbox 461 5621 2061 5693">
     <span class='ocr_line' id='line_1_88' title="bbox 461 5621 2061 5693; baseline 0.001 -17"><span class='ocrx_word' id='word_1_618' title='bbox 461 5622 590 5676; x_wconf 82' lang='lat' dir='ltr'><strong>ntali</strong></span> <span class='ocrx_word' id='word_1_619' title='bbox 626 5624 750 5676; x_wconf 84' lang='lat' dir='ltr'><strong>odio</strong></span> <span class='ocrx_word' id='word_1_620' title='bbox 779 5623 843 5675; x_wconf 90' lang='lat' dir='ltr'><strong>ad</strong></span> <span class='ocrx_word' id='word_1_621' title='bbox 872 5621 1000 5676; x_wconf 86' lang='lat' dir='ltr'><strong>boni</strong></span> <span class='ocrx_word' id='word_1_622' title='bbox 1049 5621 1154 5691; x_wconf 89' lang='lat' dir='ltr'><strong>ipsi</strong></span> <span class='ocrx_word' id='word_1_623' title='bbox 1187 5622 1446 5690; x_wconf 85' lang='lat' dir='ltr'><strong>Oppositi,</strong></span> <span class='ocrx_word' id='word_1_624' title='bbox 1505 5635 1701 5690; x_wconf 89' lang='lat' dir='ltr'><strong>nempe</strong></span> <span class='ocrx_word' id='word_1_625' title='bbox 1744 5622 2061 5693; x_wconf 88' lang='lat' dir='ltr'><strong>castigatio-</strong></span> 
     </span>
    </p>
   </div>
   <div class='ocr_carea' id='block_1_89' title="bbox 462 5711 2061 5785">
    <p class='ocr_par' dir='ltr' id='par_1_89' title="bbox 462 5711 2061 5785">
     <span class='ocr_line' id='line_1_89' title="bbox 462 5711 2061 5785; baseline 0.002 -19"><span class='ocrx_word' id='word_1_626' title='bbox 462 5715 550 5768; x_wconf 91' lang='lat' dir='ltr'><strong>nis</strong></span> <span class='ocrx_word' id='word_1_627' title='bbox 575 5727 683 5785; x_wconf 87' lang='lat' dir='ltr'><strong>qua</strong></span> <span class='ocrx_word' id='word_1_628' title='bbox 715 5711 1064 5780; x_wconf 84' lang='lat' dir='ltr'><strong>emendatur,</strong></span> <span class='ocrx_word' id='word_1_629' title='bbox 1098 5713 1440 5768; x_wconf 89' lang='lat' dir='ltr'><strong>honestatem</strong></span> <span class='ocrx_word' id='word_1_630' title='bbox 1496 5713 1901 5781; x_wconf 80' lang='lat' dir='ltr'><strong>aguoscendam</strong></span> <span class='ocrx_word' id='word_1_631' title='bbox 1934 5729 2061 5784; x_wconf 83' lang='lat' dir='ltr'><strong>per-</strong></span> 
     </span>
    </p>
   </div>
   <div class='ocr_carea' id='block_1_90' title="bbox 464 5806 2058 5877">
    <p class='ocr_par' dir='ltr' id='par_1_90' title="bbox 464 5806 2058 5877">
     <span class='ocr_line' id='line_1_90' title="bbox 464 5806 2058 5877; baseline 0.001 -17"><span class='ocrx_word' id='word_1_632' title='bbox 464 5808 700 5862; x_wconf 86' lang='lat' dir='ltr'><strong>ducendi</strong></span> <span class='ocrx_word' id='word_1_633' title='bbox 735 5807 975 5872; x_wconf 80' lang='lat' dir='ltr'><strong>fuerant,</strong></span> <span class='ocrx_word' id='word_1_634' title='bbox 1009 5822 1109 5862; x_wconf 92' lang='lat' dir='ltr'><strong>nec</strong></span> <span class='ocrx_word' id='word_1_635' title='bbox 1148 5818 1355 5862; x_wconf 89' lang='lat' dir='ltr'><strong>temere</strong></span> <span class='ocrx_word' id='word_1_636' title='bbox 1385 5817 1444 5863; x_wconf 89' lang='lat' dir='ltr'><strong>ut</strong></span> <span class='ocrx_word' id='word_1_637' title='bbox 1498 5806 1732 5861; x_wconf 90' lang='lat' dir='ltr'><strong>nimiutn</strong></span> <span class='ocrx_word' id='word_1_638' title='bbox 1783 5808 2058 5877; x_wconf 88' lang='lat' dir='ltr'><strong>culpaturi</strong></span> 
     </span>
    </p>
   </div>
   <div class='ocr_carea' id='block_1_91' title="bbox 456 5896 2047 5969">
    <p class='ocr_par' dir='ltr' id='par_1_91' title="bbox 456 5896 2047 5969">
     <span class='ocr_line' id='line_1_91' title="bbox 456 5896 2047 5969; baseline 0.003 -16"><span class='ocrx_word' id='word_1_639' title='bbox 456 5896 816 5968; x_wconf 83' lang='lat' dir='ltr'><strong>supplicium,</strong></span> <span class='ocrx_word' id='word_1_640' title='bbox 854 5896 1003 5967; x_wconf 82' lang='lat' dir='ltr'><strong>quod</strong></span> <span class='ocrx_word' id='word_1_641' title='bbox 1057 5911 1125 5955; x_wconf 88' lang='lat' dir='ltr'><strong>ex</strong></span> <span class='ocrx_word' id='word_1_642' title='bbox 1186 5900 1603 5969; x_wconf 85' lang='lat' dir='ltr'><strong>comparatione</strong></span> <span class='ocrx_word' id='word_1_643' title='bbox 1651 5914 1714 5955; x_wconf 83' lang='lat' dir='ltr'><strong>ac</strong></span> <span class='ocrx_word' id='word_1_644' title='bbox 1764 5913 2047 5957; x_wconf 89' lang='lat' dir='ltr'><strong>commen-</strong></span> 
     </span>
    </p>
   </div>
   <div class='ocr_carea' id='block_1_92' title="bbox 2159 3323 3730 3394">
    <p class='ocr_par' dir='ltr' id='par_1_92' title="bbox 2159 3323 3730 3394">
     <span class='ocr_line' id='line_1_92' title="bbox 2159 3323 3730 3394; baseline -0.001 -18"><span class='ocrx_word' id='word_1_645' title='bbox 2159 3324 2321 3394; x_wconf 82' lang='lat' dir='ltr'><strong>plina:</strong></span> <span class='ocrx_word' id='word_1_646' title='bbox 2351 3324 2758 3388; x_wconf 87' lang='lat' dir='ltr'><strong>remissionem,</strong></span> <span class='ocrx_word' id='word_1_647' title='bbox 2793 3323 2959 3393; x_wconf 87' lang='lat' dir='ltr'><strong>vulgo</strong></span> <span class='ocrx_word' id='word_1_648' title='bbox 2984 3323 3413 3377; x_wconf 73' lang='lat' dir='ltr'><strong>indiﬁ‘erentiam</strong></span> <span class='ocrx_word' id='word_1_649' title='bbox 3472 3332 3730 3382; x_wconf 67' lang='lat' dir='ltr'><strong>vocatam.</strong></span> 
     </span>
    </p>
   </div>
   <div class='ocr_carea' id='block_1_93' title="bbox 2155 3413 3732 3486">
    <p class='ocr_par' dir='ltr' id='par_1_93' title="bbox 2155 3413 3732 3486">
     <span class='ocr_line' id='line_1_93' title="bbox 2155 3413 3732 3486; baseline -0.002 -19"><span class='ocrx_word' id='word_1_650' title='bbox 2155 3430 2321 3483; x_wconf 90' lang='lat' dir='ltr'><strong>quam</strong></span> <span class='ocrx_word' id='word_1_651' title='bbox 2351 3430 2416 3468; x_wconf 81' lang='lat' dir='ltr'><strong>ex</strong></span> <span class='ocrx_word' id='word_1_652' title='bbox 2459 3414 2618 3484; x_wconf 84' lang='lat' dir='ltr'><strong>longo</strong></span> <span class='ocrx_word' id='word_1_653' title='bbox 2650 3415 2877 3484; x_wconf 87' lang='lat' dir='ltr'><strong>putabat</strong></span> <span class='ocrx_word' id='word_1_654' title='bbox 2930 3416 3241 3483; x_wconf 80' lang='lat' dir='ltr'><strong>Obrepsisse</strong></span> <span class='ocrx_word' id='word_1_655' title='bbox 3293 3427 3526 3486; x_wconf 88' lang='lat' dir='ltr'><strong>propter</strong></span> <span class='ocrx_word' id='word_1_656' title='bbox 3578 3413 3732 3483; x_wconf 82' lang='lat' dir='ltr'><strong>spiri-</strong></span> 
     </span>
    </p>
   </div>
   <div class='ocr_carea' id='block_1_94' title="bbox 2155 3506 3735 3577">
    <p class='ocr_par' dir='ltr' id='par_1_94' title="bbox 2155 3506 3735 3577">
     <span class='ocr_line' id='line_1_94' title="bbox 2155 3506 3735 3577; baseline -0.002 -18"><span class='ocrx_word' id='word_1_657' title='bbox 2155 3506 2387 3559; x_wconf 85' lang='lat' dir='ltr'><strong>tualium</strong></span> <span class='ocrx_word' id='word_1_658' title='bbox 2441 3507 2735 3577; x_wconf 67' lang='lat' dir='ltr'><strong>prtesiduin</strong></span> <span class='ocrx_word' id='word_1_659' title='bbox 2790 3507 3085 3571; x_wconf 82' lang='lat' dir='ltr'><strong>incuriam,</strong></span> <span class='ocrx_word' id='word_1_660' title='bbox 3154 3507 3411 3562; x_wconf 79' lang='lat' dir='ltr'><strong>inclitam</strong></span> <span class='ocrx_word' id='word_1_661' title='bbox 3462 3522 3588 3561; x_wconf 88' lang='lat' dir='ltr'><strong>vero</strong></span> <span class='ocrx_word' id='word_1_662' title='bbox 3623 3519 3735 3560; x_wconf 83' lang='lat' dir='ltr'><strong>sese</strong></span> 
     </span>
    </p>
   </div>
   <div class='ocr_carea' id='block_1_95' title="bbox 2153 3597 3734 3669">
    <p class='ocr_par' dir='ltr' id='par_1_95' title="bbox 2153 3597 3734 3669">
     <span class='ocr_line' id='line_1_95' title="bbox 2153 3597 3734 3669; baseline 0 -20"><span class='ocrx_word' id='word_1_663' title='bbox 2153 3597 2265 3667; x_wconf 87' lang='lat' dir='ltr'><strong>jam</strong></span> <span class='ocrx_word' id='word_1_664' title='bbox 2295 3598 2433 3651; x_wconf 90' lang='lat' dir='ltr'><strong>tueri</strong></span> <span class='ocrx_word' id='word_1_665' title='bbox 2470 3598 2708 3667; x_wconf 87' lang='lat' dir='ltr'><strong>quadam</strong></span> <span class='ocrx_word' id='word_1_666' title='bbox 2744 3602 3074 3653; x_wconf 89' lang='lat' dir='ltr'><strong>auctoritate</strong></span> <span class='ocrx_word' id='word_1_667' title='bbox 3130 3615 3195 3652; x_wconf 88' lang='lat' dir='ltr'><strong>ex</strong></span> <span class='ocrx_word' id='word_1_668' title='bbox 3231 3600 3561 3669; x_wconf 74' lang='lat' dir='ltr'><strong>praeiudicio</strong></span> <span class='ocrx_word' id='word_1_669' title='bbox 3612 3612 3734 3652; x_wconf 85' lang='lat' dir='ltr'><strong>cun-</strong></span> 
     </span>
    </p>
   </div>
   <div class='ocr_carea' id='block_1_96' title="bbox 2157 3686 3735 3758">
    <p class='ocr_par' dir='ltr' id='par_1_96' title="bbox 2157 3686 3735 3758">
     <span class='ocr_line' id='line_1_96' title="bbox 2157 3686 3735 3758; baseline -0.001 -19"><span class='ocrx_word' id='word_1_670' title='bbox 2157 3686 2483 3750; x_wconf 87' lang='lat' dir='ltr'><strong>suctudinis,</strong></span> <span class='ocrx_word' id='word_1_671' title='bbox 2517 3697 2709 3741; x_wconf 87' lang='lat' dir='ltr'><strong>contra</strong></span> <span class='ocrx_word' id='word_1_672' title='bbox 2742 3689 2888 3755; x_wconf 91' lang='lat' dir='ltr'><strong>quod</strong></span> <span class='ocrx_word' id='word_1_673' title='bbox 2926 3688 3028 3742; x_wconf 89' lang='lat' dir='ltr'><strong>rite</strong></span> <span class='ocrx_word' id='word_1_674' title='bbox 3078 3699 3242 3758; x_wconf 84' lang='lat' dir='ltr'><strong>atque</strong></span> <span class='ocrx_word' id='word_1_675' title='bbox 3278 3690 3482 3743; x_wconf 86' lang='lat' dir='ltr'><strong>ordine</strong></span> <span class='ocrx_word' id='word_1_676' title='bbox 3525 3689 3608 3743; x_wconf 77' lang='lat' dir='ltr'><strong>sui</strong></span> <span class='ocrx_word' id='word_1_677' title='bbox 3642 3689 3735 3739; x_wconf 84' lang='lat' dir='ltr'><strong>ini-</strong></span> 
     </span>
    </p>
   </div>
   <div class='ocr_carea' id='block_1_97' title="bbox 2158 3779 3738 3850">
    <p class='ocr_par' dir='ltr' id='par_1_97' title="bbox 2158 3779 3738 3850">
     <span class='ocr_line' id='line_1_97' title="bbox 2158 3779 3738 3850; baseline 0 -18"><span class='ocrx_word' id='word_1_678' title='bbox 2158 3780 2322 3834; x_wconf 88' lang='lat' dir='ltr'><strong>nistri</strong></span> <span class='ocrx_word' id='word_1_679' title='bbox 2351 3779 2508 3849; x_wconf 75' lang='lat'><strong>151</strong></span> <span class='ocrx_word' id='word_1_680' title='bbox 2538 3781 2849 3844; x_wconf 82' lang='lat' dir='ltr'><strong>tenderent,</strong></span> <span class='ocrx_word' id='word_1_681' title='bbox 2896 3781 3170 3850; x_wconf 88' lang='lat' dir='ltr'><strong>plausibili</strong></span> <span class='ocrx_word' id='word_1_682' title='bbox 3208 3783 3289 3836; x_wconf 90' lang='lat' dir='ltr'><strong>usi</strong></span> <span class='ocrx_word' id='word_1_683' title='bbox 3322 3794 3615 3850; x_wconf 68' lang='lat' dir='ltr'><strong>praetexui,</strong></span> <span class='ocrx_word' id='word_1_684' title='bbox 3647 3795 3738 3849; x_wconf 83' lang='lat' dir='ltr'><strong>pu-</strong></span> 
     </span>
    </p>
   </div>
   <div class='ocr_carea' id='block_1_98' title="bbox 2158 3871 3739 3943">
    <p class='ocr_par' dir='ltr' id='par_1_98' title="bbox 2158 3871 3739 3943">
     <span class='ocr_line' id='line_1_98' title="bbox 2158 3871 3739 3943; baseline -0.001 -19"><span class='ocrx_word' id='word_1_685' title='bbox 2158 3871 2374 3925; x_wconf 86' lang='lat' dir='ltr'><strong>niendis</strong></span> <span class='ocrx_word' id='word_1_686' title='bbox 2401 3873 2836 3939; x_wconf 84' lang='lat' dir='ltr'><strong>inexorabiliter,</strong></span> <span class='ocrx_word' id='word_1_687' title='bbox 2872 3889 3214 3943; x_wconf 69' lang='lat' dir='ltr'><strong>quaecunque</strong></span> <span class='ocrx_word' id='word_1_688' title='bbox 3274 3876 3628 3930; x_wconf 82' lang='lat' dir='ltr'><strong>deferrentur</strong></span> <span class='ocrx_word' id='word_1_689' title='bbox 3650 3880 3739 3926; x_wconf 88' lang='lat' dir='ltr'><strong>aut</strong></span> 
     </span>
    </p>
   </div>
   <div class='ocr_carea' id='block_1_99' title="bbox 2159 3963 3737 4037">
    <p class='ocr_par' dir='ltr' id='par_1_99' title="bbox 2159 3963 3737 4037">
     <span class='ocr_line' id='line_1_99' title="bbox 2159 3963 3737 4037; baseline 0.003 -23"><span class='ocrx_word' id='word_1_690' title='bbox 2159 3976 2220 4015; x_wconf 84' lang='lat' dir='ltr'><strong>se</strong></span> <span class='ocrx_word' id='word_1_691' title='bbox 2251 3965 2396 4017; x_wconf 93' lang='lat' dir='ltr'><strong>ultro</strong></span> <span class='ocrx_word' id='word_1_692' title='bbox 2427 3963 2481 4016; x_wconf 91' lang='lat' dir='ltr'><strong>iu</strong></span> <span class='ocrx_word' id='word_1_693' title='bbox 2520 3966 3056 4020; x_wconf 84' lang='lat' dir='ltr'><strong>animadversionem</strong></span> <span class='ocrx_word' id='word_1_694' title='bbox 3087 3966 3377 4031; x_wconf 71' lang='lat' dir='ltr'><strong>offerrent,</strong></span> <span class='ocrx_word' id='word_1_695' title='bbox 3436 3979 3737 4037; x_wconf 82' lang='lat' dir='ltr'><strong>transgres-</strong></span> 
     </span>
    </p>
   </div>
   <div class='ocr_carea' id='block_1_100' title="bbox 2160 4055 3735 4127">
    <p class='ocr_par' dir='ltr' id='par_1_100' title="bbox 2160 4055 3735 4127">
     <span class='ocr_line' id='line_1_100' title="bbox 2160 4055 3735 4127; baseline 0.001 -20"><span class='ocrx_word' id='word_1_696' title='bbox 2160 4055 2412 4110; x_wconf 87' lang='lat' dir='ltr'><strong>sionibus</strong></span> <span class='ocrx_word' id='word_1_697' title='bbox 2443 4058 2687 4127; x_wconf 65' lang='lat' dir='ltr'><strong>antiquae</strong></span> <span class='ocrx_word' id='word_1_698' title='bbox 2716 4058 3041 4125; x_wconf 74' lang='lat' dir='ltr'><strong>disciplinae,</strong></span> <span class='ocrx_word' id='word_1_699' title='bbox 3090 4075 3326 4127; x_wconf 84' lang='lat' dir='ltr'><strong>quarum</strong></span> <span class='ocrx_word' id='word_1_700' title='bbox 3368 4063 3581 4115; x_wconf 90' lang='lat' dir='ltr'><strong>mentio</strong></span> <span class='ocrx_word' id='word_1_701' title='bbox 3609 4060 3735 4110; x_wconf 83' lang='lat' dir='ltr'><strong>sulc-</strong></span> 
     </span>
    </p>
   </div>
   <div class='ocr_carea' id='block_1_101' title="bbox 2160 4146 3735 4205">
    <p class='ocr_par' dir='ltr' id='par_1_101' title="bbox 2160 4146 3735 4205">
     <span class='ocr_line' id='line_1_101' title="bbox 2160 4146 3735 4205; baseline 0.001 -7"><span class='ocrx_word' id='word_1_702' title='bbox 2160 4154 2247 4199; x_wconf 87' lang='lat' dir='ltr'><strong>rct</strong></span> <span class='ocrx_word' id='word_1_703' title='bbox 2289 4146 2668 4204; x_wconf 67' lang='lat' dir='ltr'><strong>inditierentia:</strong></span> <span class='ocrx_word' id='word_1_704' title='bbox 2705 4150 2975 4205; x_wconf 79' lang='lat' dir='ltr'><strong>vorabulo</strong></span> <span class='ocrx_word' id='word_1_705' title='bbox 3010 4150 3227 4204; x_wconf 87' lang='lat' dir='ltr'><strong>molliri.</strong></span> <span class='ocrx_word' id='word_1_706' title='bbox 3270 4150 3350 4204; x_wconf 88' lang='lat' dir='ltr'><strong>Ac</strong></span> <span class='ocrx_word' id='word_1_707' title='bbox 3386 4167 3511 4205; x_wconf 85' lang='lat' dir='ltr'><strong>esse</strong></span> <span class='ocrx_word' id='word_1_708' title='bbox 3544 4150 3597 4202; x_wconf 91' lang='lat' dir='ltr'><strong>in</strong></span> <span class='ocrx_word' id='word_1_709' title='bbox 3637 4152 3735 4202; x_wconf 89' lang='lat' dir='ltr'><strong>isto</strong></span> 
     </span>
    </p>
   </div>
   <div class='ocr_carea' id='block_1_102' title="bbox 2157 4240 3734 4315">
    <p class='ocr_par' dir='ltr' id='par_1_102' title="bbox 2157 4240 3734 4315">
     <span class='ocr_line' id='line_1_102' title="bbox 2157 4240 3734 4315; baseline -0.001 -21"><span class='ocrx_word' id='word_1_710' title='bbox 2157 4240 2364 4311; x_wconf 91' lang='lat' dir='ltr'><strong>judicio</strong></span> <span class='ocrx_word' id='word_1_711' title='bbox 2392 4245 2698 4299; x_wconf 86' lang='lat' dir='ltr'><strong>concordes</strong></span> <span class='ocrx_word' id='word_1_712' title='bbox 2731 4246 3101 4314; x_wconf 88' lang='lat' dir='ltr'><strong>patriarcham</strong></span> <span class='ocrx_word' id='word_1_713' title='bbox 3133 4255 3186 4300; x_wconf 91' lang='lat' dir='ltr'><strong>et</strong></span> <span class='ocrx_word' id='word_1_714' title='bbox 3219 4245 3339 4315; x_wconf 87' lang='lat' dir='ltr'><strong>ejus</strong></span> <span class='ocrx_word' id='word_1_715' title='bbox 3376 4246 3636 4300; x_wconf 88' lang='lat' dir='ltr'><strong>satellites</strong></span> <span class='ocrx_word' id='word_1_716' title='bbox 3672 4257 3734 4295; x_wconf 83' lang='lat' dir='ltr'><strong>ex</strong></span> 
     </span>
    </p>
   </div>
   <div class='ocr_carea' id='block_1_103' title="bbox 2161 4336 3734 4407">
    <p class='ocr_par' dir='ltr' id='par_1_103' title="bbox 2161 4336 3734 4407">
     <span class='ocr_line' id='line_1_103' title="bbox 2161 4336 3734 4407; baseline -0.001 -20"><span class='ocrx_word' id='word_1_717' title='bbox 2161 4349 2225 4387; x_wconf 91' lang='lat' dir='ltr'><strong>eo</strong></span> <span class='ocrx_word' id='word_1_718' title='bbox 2250 4336 2426 4400; x_wconf 86' lang='lat' dir='ltr'><strong>palam</strong></span> <span class='ocrx_word' id='word_1_719' title='bbox 2462 4338 2736 4402; x_wconf 77' lang='lat' dir='ltr'><strong>exstabat,</strong></span> <span class='ocrx_word' id='word_1_720' title='bbox 2765 4338 2910 4405; x_wconf 83' lang='lat' dir='ltr'><strong>quod</strong></span> <span class='ocrx_word' id='word_1_721' title='bbox 2971 4338 3089 4407; x_wconf 89' lang='lat' dir='ltr'><strong>ipse</strong></span> <span class='ocrx_word' id='word_1_722' title='bbox 3135 4352 3360 4407; x_wconf 87' lang='lat' dir='ltr'><strong>quoque</strong></span> <span class='ocrx_word' id='word_1_723' title='bbox 3391 4353 3488 4406; x_wconf 90' lang='lat' dir='ltr'><strong>per</strong></span> <span class='ocrx_word' id='word_1_724' title='bbox 3539 4352 3597 4391; x_wconf 91' lang='lat' dir='ltr'><strong>se</strong></span> <span class='ocrx_word' id='word_1_725' title='bbox 3630 4349 3734 4388; x_wconf 90' lang='lat' dir='ltr'><strong>non</strong></span> 
     </span>
    </p>
   </div>
   <div class='ocr_carea' id='block_1_104' title="bbox 2163 4426 3733 4496">
    <p class='ocr_par' dir='ltr' id='par_1_104' title="bbox 2163 4426 3733 4496">
     <span class='ocr_line' id='line_1_104' title="bbox 2163 4426 3733 4496; baseline 0.002 -20"><span class='ocrx_word' id='word_1_726' title='bbox 2163 4442 2364 4495; x_wconf 82' lang='lat' dir='ltr'><strong>paucos</strong></span> <span class='ocrx_word' id='word_1_727' title='bbox 2403 4429 2600 4484; x_wconf 88' lang='lat' dir='ltr'><strong>obvios</strong></span> <span class='ocrx_word' id='word_1_728' title='bbox 2628 4431 2996 4483; x_wconf 83' lang='lat' dir='ltr'><strong>contristabat</strong></span> <span class='ocrx_word' id='word_1_729' title='bbox 3030 4432 3234 4484; x_wconf 88' lang='lat' dir='ltr'><strong>amaris</strong></span> <span class='ocrx_word' id='word_1_730' title='bbox 3301 4432 3485 4496; x_wconf 86' lang='lat' dir='ltr'><strong>dictis,</strong></span> <span class='ocrx_word' id='word_1_731' title='bbox 3523 4426 3733 4483; x_wconf 76' lang='lat' dir='ltr'><strong>indiﬁ‘e-</strong></span> 
     </span>
    </p>
   </div>
   <div class='ocr_carea' id='block_1_105' title="bbox 2090 4519 3735 4614">
    <p class='ocr_par' dir='ltr' id='par_1_105' title="bbox 2090 4519 3735 4614">
     <span class='ocr_line' id='line_1_105' title="bbox 2090 4519 3735 4614; baseline -0.001 -43"><span class='ocrx_word' id='word_1_732' title='bbox 2090 4557 2137 4614; x_wconf 67' lang='grc' dir='ltr'><strong>Β</strong></span> <span class='ocrx_word' id='word_1_733' title='bbox 2165 4520 2398 4579; x_wconf 87' lang='lat' dir='ltr'><strong>rentiam</strong></span> <span class='ocrx_word' id='word_1_734' title='bbox 2420 4519 2555 4587; x_wconf 88' lang='lat' dir='ltr'><strong>ipsis</strong></span> <span class='ocrx_word' id='word_1_735' title='bbox 2582 4521 2950 4589; x_wconf 75' lang='lat' dir='ltr'><strong>exprobrans,</strong></span> <span class='ocrx_word' id='word_1_736' title='bbox 2980 4534 3087 4575; x_wconf 87' lang='lat' dir='ltr'><strong>non</strong></span> <span class='ocrx_word' id='word_1_737' title='bbox 3113 4521 3446 4590; x_wconf 80' lang='lat' dir='ltr'><strong>intelligens,</strong></span> <span class='ocrx_word' id='word_1_738' title='bbox 3477 4531 3735 4591; x_wconf 78' lang='lat' dir='ltr'><strong>quantum</strong></span> 
     </span>
    </p>
   </div>
   <div class='ocr_carea' id='block_1_106' title="bbox 2164 4607 3737 4680">
    <p class='ocr_par' dir='ltr' id='par_1_106' title="bbox 2164 4607 3737 4680">
     <span class='ocr_line' id='line_1_106' title="bbox 2164 4607 3737 4680; baseline -0.003 -19"><span class='ocrx_word' id='word_1_739' title='bbox 2164 4607 2427 4673; x_wconf 88' lang='lat' dir='ltr'><strong>arbitror,</strong></span> <span class='ocrx_word' id='word_1_740' title='bbox 2462 4608 2782 4664; x_wconf 76' lang='lat' dir='ltr'><strong>indill‘erens</strong></span> <span class='ocrx_word' id='word_1_741' title='bbox 2809 4611 2861 4664; x_wconf 93' lang='lat' dir='ltr'><strong>in</strong></span> <span class='ocrx_word' id='word_1_742' title='bbox 2896 4610 3021 4664; x_wconf 89' lang='lat' dir='ltr'><strong>boni</strong></span> <span class='ocrx_word' id='word_1_743' title='bbox 3054 4619 3111 4663; x_wconf 90' lang='lat' dir='ltr'><strong>et</strong></span> <span class='ocrx_word' id='word_1_744' title='bbox 3141 4611 3270 4665; x_wconf 87' lang='lat' dir='ltr'><strong>mali</strong></span> <span class='ocrx_word' id='word_1_745' title='bbox 3300 4614 3481 4665; x_wconf 86' lang='lat' dir='ltr'><strong>medio</strong></span> <span class='ocrx_word' id='word_1_746' title='bbox 3510 4609 3737 4680; x_wconf 88' lang='lat' dir='ltr'><strong>positum</strong></span> 
     </span>
    </p>
   </div>
   <div class='ocr_carea' id='block_1_107' title="bbox 2157 4701 3811 4771">
    <p class='ocr_par' dir='ltr' id='par_1_107' title="bbox 2157 4701 3811 4771">
     <span class='ocr_line' id='line_1_107' title="bbox 2157 4701 3811 4771; baseline 0.002 -17"><span class='ocrx_word' id='word_1_747' title='bbox 2157 4717 2188 4755; x_wconf 91' lang='lat' dir='ltr'><strong>e</strong></span> <span class='ocrx_word' id='word_1_748' title='bbox 2232 4701 2382 4755; x_wconf 83' lang='lat' dir='ltr'><strong>varia</strong></span> <span class='ocrx_word' id='word_1_749' title='bbox 2432 4703 2516 4756; x_wconf 92' lang='lat' dir='ltr'><strong>sui</strong></span> <span class='ocrx_word' id='word_1_750' title='bbox 2575 4703 2987 4771; x_wconf 84' lang='lat' dir='ltr'><strong>comparatione</strong></span> <span class='ocrx_word' id='word_1_751' title='bbox 3034 4719 3162 4759; x_wconf 85' lang='lat' dir='ltr'><strong>eum</strong></span> <span class='ocrx_word' id='word_1_752' title='bbox 3213 4705 3477 4759; x_wconf 85' lang='lat' dir='ltr'><strong>extremis</strong></span> <span class='ocrx_word' id='word_1_753' title='bbox 3529 4710 3741 4758; x_wconf 85' lang='lat' dir='ltr'><strong>c0ntra-</strong></span> <span class='ocrx_word' id='word_1_754' title='bbox 3804 4746 3811 4757; x_wconf 46' lang='grc' dir='ltr'><em>λ</em></span> 
     </span>
    </p>
   </div>
   <div class='ocr_carea' id='block_1_108' title="bbox 2162 4789 3736 4863">
    <p class='ocr_par' dir='ltr' id='par_1_108' title="bbox 2162 4789 3736 4863">
     <span class='ocr_line' id='line_1_108' title="bbox 2162 4789 3736 4863; baseline 0.001 -22"><span class='ocrx_word' id='word_1_755' title='bbox 2162 4789 2299 4863; x_wconf 16' lang='grc' dir='ltr'>ι-ἰοεν</span> <span class='ocrx_word' id='word_1_756' title='bbox 2331 4791 2592 4861; x_wconf 89' lang='lat' dir='ltr'><strong>utrinque</strong></span> <span class='ocrx_word' id='word_1_757' title='bbox 2621 4791 2823 4845; x_wconf 89' lang='lat' dir='ltr'><strong>ducere</strong></span> <span class='ocrx_word' id='word_1_758' title='bbox 2865 4793 3179 4861; x_wconf 84' lang='lat' dir='ltr'><strong>qualitates,</strong></span> <span class='ocrx_word' id='word_1_759' title='bbox 3220 4802 3283 4847; x_wconf 90' lang='lat' dir='ltr'><strong>ut</strong></span> <span class='ocrx_word' id='word_1_760' title='bbox 3339 4794 3545 4847; x_wconf 71' lang='lat' dir='ltr'><strong>malum</strong></span> <span class='ocrx_word' id='word_1_761' title='bbox 3608 4806 3736 4846; x_wconf 84' lang='lat' dir='ltr'><strong>cen-</strong></span> 
     </span>
    </p>
   </div>
   <div class='ocr_carea' id='block_1_109' title="bbox 2158 4882 3738 4948">
    <p class='ocr_par' dir='ltr' id='par_1_109' title="bbox 2158 4882 3738 4948">
     <span class='ocr_line' id='line_1_109' title="bbox 2158 4882 3738 4948; baseline -0.001 -11"><span class='ocrx_word' id='word_1_762' title='bbox 2158 4891 2346 4937; x_wconf 89' lang='lat' dir='ltr'><strong>seatur</strong></span> <span class='ocrx_word' id='word_1_763' title='bbox 2370 4883 2630 4937; x_wconf 88' lang='lat' dir='ltr'><strong>collatum</strong></span> <span class='ocrx_word' id='word_1_764' title='bbox 2689 4883 2858 4947; x_wconf 84' lang='lat' dir='ltr'><strong>bono,</strong></span> <span class='ocrx_word' id='word_1_765' title='bbox 2914 4883 3159 4938; x_wconf 89' lang='lat' dir='ltr'><strong>vicissim</strong></span> <span class='ocrx_word' id='word_1_766' title='bbox 3219 4892 3427 4948; x_wconf 90' lang='lat' dir='ltr'><strong>autem,</strong></span> <span class='ocrx_word' id='word_1_767' title='bbox 3470 4882 3563 4936; x_wconf 91' lang='lat' dir='ltr'><strong>ubi</strong></span> <span class='ocrx_word' id='word_1_768' title='bbox 3616 4893 3738 4935; x_wconf 85' lang='lat' dir='ltr'><strong>cum</strong></span> 
     </span>
    </p>
   </div>
   <div class='ocr_carea' id='block_1_110' title="bbox 2161 4977 3742 5047">
    <p class='ocr_par' dir='ltr' id='par_1_110' title="bbox 2161 4977 3742 5047">
     <span class='ocr_line' id='line_1_110' title="bbox 2161 4977 3742 5047; baseline -0.004 -17"><span class='ocrx_word' id='word_1_769' title='bbox 2161 4979 2306 5031; x_wconf 90' lang='lat' dir='ltr'><strong>malo</strong></span> <span class='ocrx_word' id='word_1_770' title='bbox 2336 4986 2717 5046; x_wconf 87' lang='lat' dir='ltr'><strong>componatur,</strong></span> <span class='ocrx_word' id='word_1_771' title='bbox 2762 4977 3028 5031; x_wconf 84' lang='lat' dir='ltr'><strong>bonitatis</strong></span> <span class='ocrx_word' id='word_1_772' title='bbox 3085 4978 3322 5047; x_wconf 85' lang='lat' dir='ltr'><strong>aliquam</strong></span> <span class='ocrx_word' id='word_1_773' title='bbox 3380 4977 3576 5031; x_wconf 89' lang='lat' dir='ltr'><strong>induat</strong></span> <span class='ocrx_word' id='word_1_774' title='bbox 3618 4986 3742 5041; x_wconf 87' lang='lat' dir='ltr'><strong>spe-</strong></span> 
     </span>
    </p>
   </div>
   <div class='ocr_carea' id='block_1_111' title="bbox 2154 5052 3743 5139">
    <p class='ocr_par' dir='ltr' id='par_1_111' title="bbox 2154 5052 3743 5139">
     <span class='ocr_line' id='line_1_111' title="bbox 2154 5052 3743 5139; baseline -0.003 -16"><span class='ocrx_word' id='word_1_775' title='bbox 2154 5071 2319 5135; x_wconf 78' lang='lat' dir='ltr'><strong>ciem.</strong></span> <span class='ocrx_word' id='word_1_776' title='bbox 2354 5067 2511 5123; x_wconf 85' lang='lat' dir='ltr'><strong>Unde</strong></span> <span class='ocrx_word' id='word_1_777' title='bbox 2551 5069 2642 5124; x_wconf 87' lang='lat' dir='ltr'><strong>ille</strong></span> <span class='ocrx_word' id='word_1_778' title='bbox 2670 5070 2953 5124; x_wconf 90' lang='lat' dir='ltr'><strong>moderate</strong></span> <span class='ocrx_word' id='word_1_779' title='bbox 2992 5070 3321 5137; x_wconf 86' lang='lat' dir='ltr'><strong>sapientium</strong></span> <span class='ocrx_word' id='word_1_780' title='bbox 3357 5071 3522 5139; x_wconf 85' lang='lat' dir='ltr'><strong>vulgo</strong></span> <span class='ocrx_word' id='word_1_781' title='bbox 3545 5052 3743 5137; x_wconf 77' lang='lat' dir='ltr'><strong>proba-</strong></span> 
     </span>
    </p>
   </div>
   <div class='ocr_carea' id='block_1_112' title="bbox 2160 5160 3741 5232">
    <p class='ocr_par' dir='ltr' id='par_1_112' title="bbox 2160 5160 3741 5232">
     <span class='ocr_line' id='line_1_112' title="bbox 2160 5160 3741 5232; baseline -0.004 -15"><span class='ocrx_word' id='word_1_782' title='bbox 2160 5163 2285 5217; x_wconf 85' lang='lat' dir='ltr'><strong>bilis</strong></span> <span class='ocrx_word' id='word_1_783' title='bbox 2315 5176 2511 5217; x_wconf 84' lang='lat' dir='ltr'><strong>sensus</strong></span> <span class='ocrx_word' id='word_1_784' title='bbox 2548 5170 2654 5223; x_wconf 83' lang='lat' dir='ltr'><strong>est,</strong></span> <span class='ocrx_word' id='word_1_785' title='bbox 2725 5163 2988 5232; x_wconf 65' lang='lat' dir='ltr'><strong>praiclare</strong></span> <span class='ocrx_word' id='word_1_786' title='bbox 3042 5162 3127 5232; x_wconf 83' lang='lat' dir='ltr'><strong>agi</strong></span> <span class='ocrx_word' id='word_1_787' title='bbox 3173 5162 3488 5224; x_wconf 89' lang='lat' dir='ltr'><strong>nobiscum,</strong></span> <span class='ocrx_word' id='word_1_788' title='bbox 3545 5161 3601 5213; x_wconf 92' lang='lat' dir='ltr'><strong>in</strong></span> <span class='ocrx_word' id='word_1_789' title='bbox 3642 5160 3741 5213; x_wconf 88' lang='lat' dir='ltr'><strong>hoc</strong></span> 
     </span>
    </p>
   </div>
   <div class='ocr_carea' id='block_1_113' title="bbox 2158 5249 3742 5324">
    <p class='ocr_par' dir='ltr' id='par_1_113' title="bbox 2158 5249 3742 5324">
     <span class='ocr_line' id='line_1_113' title="bbox 2158 5249 3742 5324; baseline -0.004 -16"><span class='ocrx_word' id='word_1_790' title='bbox 2158 5256 2282 5310; x_wconf 76' lang='lat' dir='ltr'><strong>vitae</strong></span> <span class='ocrx_word' id='word_1_791' title='bbox 2310 5254 2491 5308; x_wconf 87' lang='lat' dir='ltr'><strong>labilis</strong></span> <span class='ocrx_word' id='word_1_792' title='bbox 2557 5263 2704 5311; x_wconf 87' lang='lat' dir='ltr'><strong>statu</strong></span> <span class='ocrx_word' id='word_1_793' title='bbox 2767 5254 2911 5308; x_wconf 87' lang='lat' dir='ltr'><strong>haud</strong></span> <span class='ocrx_word' id='word_1_794' title='bbox 2958 5255 3272 5324; x_wconf 78' lang='lat' dir='ltr'><strong>pertingere</strong></span> <span class='ocrx_word' id='word_1_795' title='bbox 3318 5253 3631 5308; x_wconf 88' lang='lat' dir='ltr'><strong>valentibus</strong></span> <span class='ocrx_word' id='word_1_796' title='bbox 3680 5249 3742 5303; x_wconf 87' lang='lat' dir='ltr'><strong>ad</strong></span> 
     </span>
    </p>
   </div>
   <div class='ocr_carea' id='block_1_114' title="bbox 2158 5343 3745 5418">
    <p class='ocr_par' dir='ltr' id='par_1_114' title="bbox 2158 5343 3745 5418">
     <span class='ocr_line' id='line_1_114' title="bbox 2158 5343 3745 5418; baseline -0.004 -17"><span class='ocrx_word' id='word_1_797' title='bbox 2158 5353 2322 5418; x_wconf 90' lang='lat' dir='ltr'><strong>plane</strong></span> <span class='ocrx_word' id='word_1_798' title='bbox 2350 5346 2862 5415; x_wconf 82' lang='lat' dir='ltr'><strong>itnpcrturhabilem</strong></span> <span class='ocrx_word' id='word_1_799' title='bbox 2899 5346 3376 5416; x_wconf 82' lang='lat' dir='ltr'><strong>tranquillitatem,</strong></span> <span class='ocrx_word' id='word_1_800' title='bbox 3439 5347 3487 5400; x_wconf 89' lang='lat' dir='ltr'><strong>si</strong></span> <span class='ocrx_word' id='word_1_801' title='bbox 3542 5343 3745 5399; x_wconf 88' lang='lat' dir='ltr'><strong>medio-</strong></span> 
     </span>
    </p>
   </div>
   <div class='ocr_carea' id='block_1_115' title="bbox 2160 5436 3746 5510">
    <p class='ocr_par' dir='ltr' id='par_1_115' title="bbox 2160 5436 3746 5510">
     <span class='ocr_line' id='line_1_115' title="bbox 2160 5436 3746 5510; baseline -0.006 -15"><span class='ocrx_word' id='word_1_802' title='bbox 2160 5441 2348 5495; x_wconf 86' lang='lat' dir='ltr'><strong>cribus</strong></span> <span class='ocrx_word' id='word_1_803' title='bbox 2381 5440 2653 5495; x_wconf 78' lang='lat' dir='ltr'><strong>duntaxat</strong></span> <span class='ocrx_word' id='word_1_804' title='bbox 2693 5439 3206 5510; x_wconf 85' lang='lat' dir='ltr'><strong>perturbationibus</strong></span> <span class='ocrx_word' id='word_1_805' title='bbox 3255 5442 3552 5509; x_wconf 79' lang='lat' dir='ltr'><strong>agitentur.</strong></span> <span class='ocrx_word' id='word_1_806' title='bbox 3582 5436 3746 5491; x_wconf 82' lang='lat' dir='ltr'><strong>Porro</strong></span> 
     </span>
    </p>
   </div>
   <div class='ocr_carea' id='block_1_116' title="bbox 2159 5525 3748 5602">
    <p class='ocr_par' dir='ltr' id='par_1_116' title="bbox 2159 5525 3748 5602">
     <span class='ocr_line' id='line_1_116' title="bbox 2159 5525 3748 5602; baseline -0.007 -14"><span class='ocrx_word' id='word_1_807' title='bbox 2159 5534 2251 5588; x_wconf 90' lang='lat' dir='ltr'><strong>ille</strong></span> <span class='ocrx_word' id='word_1_808' title='bbox 2284 5531 2504 5602; x_wconf 86' lang='lat' dir='ltr'><strong>propria</strong></span> <span class='ocrx_word' id='word_1_809' title='bbox 2540 5532 2639 5586; x_wconf 88' lang='lat' dir='ltr'><strong>illa</strong></span> <span class='ocrx_word' id='word_1_810' title='bbox 2676 5546 2801 5597; x_wconf 90' lang='lat' dir='ltr'><strong>sua,</strong></span> <span class='ocrx_word' id='word_1_811' title='bbox 2838 5546 3005 5601; x_wconf 89' lang='lat' dir='ltr'><strong>quam</strong></span> <span class='ocrx_word' id='word_1_812' title='bbox 3040 5546 3151 5600; x_wconf 70' lang='lat' dir='ltr'><strong>prae</strong></span> <span class='ocrx_word' id='word_1_813' title='bbox 3188 5545 3249 5585; x_wconf 89' lang='lat' dir='ltr'><strong>se</strong></span> <span class='ocrx_word' id='word_1_814' title='bbox 3279 5544 3555 5599; x_wconf 89' lang='lat' dir='ltr'><strong>nusquam</strong></span> <span class='ocrx_word' id='word_1_815' title='bbox 3585 5525 3748 5583; x_wconf 79' lang='lat' dir='ltr'><strong>dissi-</strong></span> 
     </span>
    </p>
   </div>
   <div class='ocr_carea' id='block_1_117' title="bbox 2161 5617 3748 5695">
    <p class='ocr_par' dir='ltr' id='par_1_117' title="bbox 2161 5617 3748 5695">
     <span class='ocr_line' id='line_1_117' title="bbox 2161 5617 3748 5695; baseline -0.003 -13"><span class='ocrx_word' id='word_1_816' title='bbox 2161 5627 2380 5687; x_wconf 85' lang='lat' dir='ltr'><strong>mulans</strong></span> <span class='ocrx_word' id='word_1_817' title='bbox 2431 5624 2664 5692; x_wconf 84' lang='lat' dir='ltr'><strong>ferebat,</strong></span> <span class='ocrx_word' id='word_1_818' title='bbox 2725 5625 3056 5681; x_wconf 89' lang='lat' dir='ltr'><strong>rectitudine</strong></span> <span class='ocrx_word' id='word_1_819' title='bbox 3113 5617 3303 5695; x_wconf 68' lang='lat' dir='ltr'><strong>rigida:</strong></span> <span class='ocrx_word' id='word_1_820' title='bbox 3381 5624 3604 5678; x_wconf 83' lang='lat' dir='ltr'><strong>virtutis</strong></span> <span class='ocrx_word' id='word_1_821' title='bbox 3654 5631 3748 5689; x_wconf 80' lang='lat' dir='ltr'><strong>pro</strong></span> 
     </span>
    </p>
   </div>
   <div class='ocr_carea' id='block_1_118' title="bbox 2162 5716 3748 5791">
    <p class='ocr_par' dir='ltr' id='par_1_118' title="bbox 2162 5716 3748 5791">
     <span class='ocr_line' id='line_1_118' title="bbox 2162 5716 3748 5791; baseline -0.006 -15"><span class='ocrx_word' id='word_1_822' title='bbox 2162 5735 2351 5776; x_wconf 89' lang='lat' dir='ltr'><strong>norma</strong></span> <span class='ocrx_word' id='word_1_823' title='bbox 2383 5721 2664 5787; x_wconf 88' lang='lat' dir='ltr'><strong>utebatur,</strong></span> <span class='ocrx_word' id='word_1_824' title='bbox 2728 5719 2795 5774; x_wconf 89' lang='lat' dir='ltr'><strong>ad</strong></span> <span class='ocrx_word' id='word_1_825' title='bbox 2827 5733 2995 5791; x_wconf 85' lang='lat' dir='ltr'><strong>quam</strong></span> <span class='ocrx_word' id='word_1_826' title='bbox 3050 5718 3279 5773; x_wconf 90' lang='lat' dir='ltr'><strong>omnino</strong></span> <span class='ocrx_word' id='word_1_827' title='bbox 3343 5716 3561 5771; x_wconf 89' lang='lat' dir='ltr'><strong>volebat</strong></span> <span class='ocrx_word' id='word_1_828' title='bbox 3609 5726 3748 5769; x_wconf 77' lang='lat' dir='ltr'><strong>exae-</strong></span> 
     </span>
    </p>
   </div>
   <div class='ocr_carea' id='block_1_119' title="bbox 2164 5806 3748 5882">
    <p class='ocr_par' dir='ltr' id='par_1_119' title="bbox 2164 5806 3748 5882">
     <span class='ocr_line' id='line_1_119' title="bbox 2164 5806 3748 5882; baseline -0.005 -18"><span class='ocrx_word' id='word_1_829' title='bbox 2164 5827 2337 5882; x_wconf 88' lang='lat' dir='ltr'><strong>quare</strong></span> <span class='ocrx_word' id='word_1_830' title='bbox 2365 5827 2550 5868; x_wconf 83' lang='lat' dir='ltr'><strong>mores</strong></span> <span class='ocrx_word' id='word_1_831' title='bbox 2580 5812 2854 5875; x_wconf 90' lang='lat' dir='ltr'><strong>omnium,</strong></span> <span class='ocrx_word' id='word_1_832' title='bbox 2894 5819 2948 5867; x_wconf 90' lang='lat' dir='ltr'><strong>et</strong></span> <span class='ocrx_word' id='word_1_833' title='bbox 2980 5810 3247 5882; x_wconf 86' lang='lat' dir='ltr'><strong>quidquid</strong></span> <span class='ocrx_word' id='word_1_834' title='bbox 3277 5810 3336 5865; x_wconf 84' lang='lat' dir='ltr'><strong>in</strong></span> <span class='ocrx_word' id='word_1_835' title='bbox 3371 5809 3571 5878; x_wconf 76' lang='lat' dir='ltr'><strong>quovis</strong></span> <span class='ocrx_word' id='word_1_836' title='bbox 3597 5806 3664 5861; x_wconf 88' lang='lat' dir='ltr'><strong>ab</strong></span> <span class='ocrx_word' id='word_1_837' title='bbox 3689 5817 3748 5858; x_wconf 85' lang='lat' dir='ltr'><strong>ea</strong></span> 
     </span>
    </p>
   </div>
   <div class='ocr_carea' id='block_1_120' title="bbox 2171 5885 3751 5980">
    <p class='ocr_par' dir='ltr' id='par_1_120' title="bbox 2171 5885 3751 5980">
     <span class='ocr_line' id='line_1_120' title="bbox 2171 5885 3751 5980; baseline -0.008 -18"><span class='ocrx_word' id='word_1_838' title='bbox 2171 5905 2507 5975; x_wconf 86' lang='lat' dir='ltr'><strong>declinaret,</strong></span> <span class='ocrx_word' id='word_1_839' title='bbox 2559 5906 2818 5980; x_wconf 81' lang='lat' dir='ltr'><strong>dirigere.</strong></span> <span class='ocrx_word' id='word_1_840' title='bbox 2861 5902 2982 5961; x_wconf 85' lang='lat' dir='ltr'><strong>Non</strong></span> <span class='ocrx_word' id='word_1_841' title='bbox 3038 5913 3251 5976; x_wconf 86' lang='lat' dir='ltr'><strong>poterat</strong></span> <span class='ocrx_word' id='word_1_842' title='bbox 3303 5885 3387 5961; x_wconf 78' lang='lat' dir='ltr'><strong>sic</strong></span> <span class='ocrx_word' id='word_1_843' title='bbox 3440 5915 3604 5972; x_wconf 83' lang='lat' dir='ltr'><strong>agens</strong></span> <span class='ocrx_word' id='word_1_844' title='bbox 3649 5912 3751 5953; x_wconf 87' lang='lat' dir='ltr'><strong>non</strong></span> 
     </span>
    </p>
   </div>
  </div>
