4018 6412
205 445 311 512 169

1135 447 1232 508 DE
1256 445 1706 508 ANDRONICO
1745 444 2234 506 PAL/EOLOGO.
2274 445 2428 508 LIB.
2466 445 2548 504 Il.

3374 447 3472 511 170

197 576 378 630 στεροι
415 560 598 626 σφίσιν
624 558 835 620 ἑαυτοῖς
853 560 950 628 τὴν
977 559 1155 612 αἰτίαν
1184 560 1620 629 προστρεϐοντες,
1643 561 1791 621 ὅσοις
1820 562 1868 620 Α
1894 559 1969 623 ὡς
1994 561 2277 631 ἀρχιερέα,
2310 560 2500 630 ὥσπερ
2535 558 2599 628 δὴ
2620 560 2874 623 κᾶκεῖνος
2901 559 3039 630 ᾤετο
3085 560 3186 630 τὴν
3237 562 3477 630 ἱερωσὺυ

195 651 399 720 δηλαδὴ
433 653 507 722 μὴ
532 647 602 720 ἦν
630 653 688 703 ὲν
714 651 792 719 νῷ
821 654 886 704 τὰ
909 651 1015 703 τῶν
1047 652 1224 705 ἄλλων
1277 653 1505 719 κρίνειν,
1547 651 1664 706 ἀλλ’
1713 654 1791 714 εἰς

197 744 422 806 ἑαυτοὺς
447 743 652 804 νεύειν,
684 743 777 795 καὶ
810 744 1036 805 ἑαυτοὺς
1063 746 1205 796 κατὰ
1227 743 1286 796 τὺ
1315 745 1591 814 προσῆκον
1622 761 1790 796 κατα-

194 838 358 896 νοεῖν,
385 837 433 887 εἰ
469 835 526 887 δὲ
559 836 654 887 καὶ
679 835 940 906 ἀλλήλους
980 837 1287 898 κατανοεῖν,
1319 837 1399 897 εἰς
1443 835 1790 906 παροξυσμὸν

194 927 421 994 ἀγάπης
449 926 542 977 καὶ
576 926 760 992 μόνον,
794 924 1137 996 συγχωροῦσι
1187 924 1324 988 τέως
1357 927 1466 988 τοῖς
1525 924 1788 993 γιγνομέ·

193 1036 335 1081 νοις,
366 1018 480 1071 ἀλλ’
508 1017 570 1068 οὺ
609 1016 1133 1086 περιεργαζομένοις
1191 1017 1317 1077 τοὺς
1363 1015 1788 1086 ἐργαζομένους,

195 1111 305 1164 κᾶν
333 1110 363 1162 ὅ
402 1126 454 1161 τι
479 1111 706 1160 ποιοῖεν.
739 1107 866 1170 Τοῖς
897 1108 952 1159 δὲ
999 1107 1092 1160 καὶ
1137 1108 1610 1175 πολυπραγμονεῖν
1632 1107 1791 1176 ἐπῄει

194 1204 293 1256 καὶ
355 1199 765 1268 ἀπαμύνεσθαι
829 1201 1097 1268 πάσχουσι
1127 1199 1218 1252 καὶ
1265 1198 1564 1266 λαμϐάνειν
1597 1199 1791 1265 λόγους

194 1293 260 1356 ὲξ
322 1292 533 1354 ἄλλων,
603 1289 864 1350 πιθανοὺς
925 1290 1099 1352 ἄλλως
1170 1291 1234 1343 ὲκ
1289 1291 1397 1342 τῶν
1451 1291 1675 1342 εἰκότων
1717 1291 1792 1353 ὡς

192 1381 446 1444 ἀγνῶτος
477 1379 689 1442 πολλοῖς
711 1379 866 1442 ὄντος
903 1381 1114 1432 ἐκείνου
1144 1379 1233 1432 διὰ
1255 1379 1352 1450 τὴν
1381 1379 1474 1430 ἐπὶ
1513 1382 1579 1450 τῇ
1614 1381 1793 1449 ἀσκή-

195 1493 284 1527 σει
310 1475 571 1545 μόνωσιν.

197 1583 296 1648 ιζ’.
345 1584 618 1646 θάνατος
669 1583 776 1637 τοῦ
819 1583 1415 1655 πατριαρχεύσαντος
1457 1585 1792 1655 Γρηγορίω

788 1653 898 1708 τοῦ
928 1657 1222 1720 Κυπρίου.

271 1747 341 1820 [Ρ
369 1746 495 1818 102]
529 1746 748 1799 Τούτων
775 1744 944 1807 οὕτως
967 1746 1198 1814 ἐχόντων
1225 1747 1253 1798 ὁ
1291 1746 1390 1816 μὲν
1422 1747 1794 1817 πατριαρχεύ-

199 1858 305 1903 σας
336 1840 645 1910 Γρηγόριος
673 1839 816 1907 νόσῳ
866 1836 1198 1908 πολυημέρῳ
1251 1838 1667 1908 κατεργασθεὶς,
1715 1839 1792 1902 ὡς

196 1932 256 1987 δέ
290 1903 674 1998 τινεςέλεγον,
710 1903 800 1981 καῖ
827 1928 914 1981 διὰ
1122 1903 1443 1997 παρόρασινν
1485 1930 1549 1981 ὲκ
1593 1946 1789 1999 μικρο-
1821 1903 1865 1958 Β

195 2025 428 2096 ψυχιας,
467 2024 591 2095 μετ’
612 2024 672 2078 οὐ
716 2023 850 2075 πολὺ
878 2023 1108 2092 τελευτᾷ
1134 2022 1224 2074 τὸν
1253 2021 1390 2092 βίον.
1432 2023 1541 2074 Καὶ
1583 2021 1644 2074 τὺ
1695 2024 1796 2091 μὲν

199 2117 262 2169 ιν
290 2114 638 2184 ψαλμῳδίαις
680 2113 907 2165 Θάπτειν
931 2111 1070 2168 κατὰ
1100 2111 1158 2164 τὸ
1195 2113 1337 2176 εἰκὸς
1363 2112 1604 2179 ,ὲδίδουν,
1662 2112 1723 2164 τὸ
1750 2111 1796 2166 δ’

200 2307 448 2362 pungere
477 2292 678 2366 crebro
745 2291 1032 2359 plurimos,
1079 2292 1169 2360 qui
1203 2307 1368 2346 sensu
1422 2292 1643 2347 excitati
1680 2293 1795 2346 evi-

205 2385 459 2454 gilabant
493 2384 548 2436 in
581 2384 897 2451 suspicaces
961 2383 1263 2451 importuni
1326 2387 1572 2439 censoris
1608 2385 1797 2438 obser-

201 2477 477 2538 v;.tiones,
521 2475 881 2543 explorantes
942 2474 1140 2542 ecquid
1198 2475 1250 2526 in
1297 2487 1364 2528 eo
1421 2474 1798 2542 deprehende-

204 2575 328 2620 rent
360 2569 508 2636 quod
539 2566 665 2635 jure
718 2566 962 2620 vicissim
996 2574 1335 2634 carperetur,
1399 2576 1454 2619 et.
1500 2566 1653 2619 valde
1704 2581 1800 2621 su-

205 2666 521 2726 spectantes
586 2670 693 2710 non
751 2655 954 2709 frustra
1018 2655 1070 2708 id
1135 2671 1193 2709 se
1244 2657 1594 2724 qumSituros.
1657 2655 1797 2711 Huic

206 2760 386 2816 coepto
412 2758 468 2802 ιιι
496 2749 789 2810 instarent,
851 2747 1024 2815 magis
1072 2762 1165 2801 eos
1221 2747 1273 2799 in
1326 2748 1442 2800 dies
1514 2749 1796 2814 magisque

209 2840 408 2908 impell.
435 2839 564 2892 bant
595 2853 732 2890 nova
772 2838 1012 2892 subinde
1040 2836 1273 2890 feritatis
1329 2836 1447 2905 ejus
1483 2845 1536 2890 ct
1598 2837 1798 2888 admis-

215 2929 426 2982 sionum
464 2928 1049 2981 inhumanissimarum
1097 2929 1347 2996 exempla
1385 2929 1659 2982 exstantia
1714 2943 1798 2980 re-

222 3023 436 3084 latuque
468 3021 714 3088 vulgata.
747 3018 878 3083 Quae
920 3018 1046 3070 licet
1079 3017 1247 3072 alioui
1280 3017 1668 3072 moderatiores
1703 3032 1797 3071 ex-

216 3121 489 3174 cusarent,
525 3111 722 3178 partim
761 3111 947 3163 virtuti
1003 3110 1323 3173 tribuentes,
1365 3112 1560 3180 partim
1600 3112 1797 3164 inuata:

214 3202 557 3256 inclinationi
583 3217 648 3256 ac
679 3202 840 3268 genio
880 3211 1111 3254 austerae
1154 3202 1377 3266 indolis,
1427 3204 1664 3271 denique
1702 3203 1794 3256 alii

214 3305 382 3348 totam
412 3297 535 3361 ejus
562 3296 883 3347 acerbitatis
913 3294 1126 3362 culpam
1158 3295 1492 3362 imputarent
1519 3295 1793 3349 diuturna:

214 3387 565 3442 assuetudini
602 3387 841 3439 hominis
871 3403 897 3437 ιι
927 3401 1098 3454 puero
1157 3385 1208 3436 in
1245 3400 1468 3440 secessu
1503 3401 1566 3438 ac
1599 3389 1793 3440 solitu-

211 3481 338 3534 dine
371 3478 598 3540 versati,
621 3493 684 3531 ac
712 3493 780 3531 nc
837 3473 984 3530 nunc
1016 3477 1236 3545 quidem
1274 3476 1344 3530 in'
1380 3479 1491 3530 vita
1546 3481 1792 3546 exposita

211 3568 629 3637 angressibus,
653 3566 794 3635 quod
822 3581 984 3619 omne
1013 3567 1294 3620 insolitum
1341 3582 1484 3636 aegre
1510 3567 1790 3630 toleretur,

215 3676 247 3713 a
275 3661 501 3713 latebris
529 3675 593 3712 ae
619 3659 838 3712 silentio
870 3658 1173 3726 repetendis
1199 3658 1430 3711 subinde
1469 3659 1793 3726 temperanti

219 3754 239 3822 (
266 3751 806 3805 animadvertebatur
831 3745 974 3803 enim
1001 3765 1148 3804 nunc
1203 3765 1421 3818 quoque
1452 3751 1708 3805 all'ectare
1738 3753 1791 3804 in

216 3845 476 3897 omnibus
539 3852 834 3901 secretum,
883 3843 1195 3908 vitareque,
1239 3851 1500 3909 quantum
1561 3851 1790 3910 poterat,

218 3935 548 3988 arbitrorum
584 3933 997 3996 conscientiam,
1019 3933 1168 3987 solus
1192 3933 1442 4000 psallere,
1472 3935 1621 3988 solus
1647 3951 1794 3989 com-

217 4028 400 4089 edere,
465 4026 625 4094 152
682 4027 822 4079 clam
853 4034 906 4077 et
933 4041 1152 4091 arcano,
1215 4037 1374 4095 prout
1405 4030 1578 4081 aseesi
1637 4029 1794 4098 longa

220 4119 560 4177 insueverat,
589 4129 784 4168 cuncta
818 4115 939 4168 vitae
973 4117 1145 4169 oﬂicia
1195 4117 1496 4185 transigere
1529 4120 1568 4183 ),
1616 4130 1794 4172 tamen

223 4210 441 4262 nonnisi
479 4208 659 4260 adacti
723 4222 916 4274 magna
947 4208 994 4258 vi
1033 4209 1397 4272 necessitatis,
1436 4225 1598 4276 quam
1637 4226 1798 4264 nemo

236 4301 363 4354 ‘alet
390 4300 647 4356 eluctari.
679 4299 876 4350 durum
901 4299 1047 4352 istud
1080 4309 1130 4351 ct
1166 4300 1314 4352 velut
1346 4301 1400 4352 in
1440 4301 1586 4369 virga
1624 4299 1798 4356 ferrea

225 4394 471 4462 regimen
506 4390 774 4442 ferebant.
822 4388 939 4454 Quo
968 4392 1020 4441 in
1079 4391 1352 4443 communi
1404 4407 1570 4446 sensu
1619 4394 1800 4462 gravis

223 4483 484 4534 omnibus
532 4479 864 4530 incommodi
894 4479 1140 4532 elucebat
1195 4481 1518 4548 exquisitior
1573 4481 1801 4550 aequitas

1898 667 1994 719 νην
2046 653 2471 721 παρακατέχων,
2497 651 2728 721 συχνοὺς
2777 653 2807 704 ὀ
2843 652 3063 722 κρατῶν
3130 653 3477 706 ἀποστέλλων

1896 743 2153 810 ἀπέλεγε,
2181 744 2275 796 καὶ
2307 746 2374 814 τῇ
2411 743 2712 813 αὑτανεψίᾳ
2769 743 3118 812 ἐπέσκηπτεν
3170 745 3476 797 ἐπιτάττων

1895 834 2016 904 ἥτις
2049 832 2114 904 ἦν
2154 835 2498 900 Ῥαούλαινα,
2525 835 2598 906 μή
2628 851 2683 887 τι
2710 834 2971 906 ἓτοιοῦτον
3005 835 3293 900 ἐπιτελεῖν,
3345 835 3374 889 ὃ
3410 835 3474 904 δὴ

1898 925 1991 977 καὶ
2021 925 2248 992 γίνεται.

1935 1025 2025 1087 ιη’.
2054 1018 2399 1083 Ἐξέλευσις
2435 1017 2542 1070 τοῦ
2574 1017 2886 1083 ,βασιλέως
2921 1017 3071 1084 πρὸς
3100 1020 3435 1087 Νύμφαιον.

1965 1109 2140 1170 Αὐτὸς
2169 1110 2224 1161 δὲ
2255 1108 2324 1178 φθ
2339 1113 2467 1172 ᾄσας
2493 1110 2579 1161 ἐπ’
2613 1111 2877 1178 ἀνατολῆς
2897 1149 2911 1173 ,
2959 1109 3051 1161 τὸν
3094 1110 3476 1178 πορφυρογέν-

1895 1217 2056 1269 νητον
2081 1201 2408 1263 ἀποστείλας
2439 1201 2633 1270 ἔχοντα
2654 1201 2744 1254 καὶ
2767 1201 2866 1270 τὴν
2899 1200 3256 1253 συνοικοῦσαν
3283 1203 3346 1253 ὲκ
3367 1201 3478 1254 τῶν

1895 1291 1991 1344 τοῦ
2031 1292 2226 1344 Ῥαοὺλ
2277 1294 2415 1344 κατὰ
2455 1292 2633 1360 γένος,
2681 1291 3020 1359 ἐξεληλακὼς
3079 1292 3166 1344 ἐπ’
3210 1291 3479 1361 ἀνατολῆς

1896 1381 2080 1452 ὥρμα.
2121 1384 2230 1436 Καὶ
2270 1383 2493 1436 διελθὼν
2523 1383 2592 1436 τὰ
2624 1385 2723 1453 τῆς
2774 1383 3024 1445 Βιθυνίας
3060 1383 3222 1452 μέρη,
3254 1383 3350 1436 καὶ
3377 1384 3479 1435 ὅσα

1897 1473 2006 1542 πρὸ
2035 1474 2233 1544 μικροῦ
2263 1476 2464 1546 ἐρρέθη
2486 1474 2578 1526 ἐπί
2604 1490 2662 1526 τε
2689 1473 2767 1542 τῷ
2794 1474 2988 1542 Βέκκῳ
3013 1474 3236 1534 καὶτοῖς
3266 1474 3477 1536 λοιποῖς

1897 1566 2280 1632 εἰργασμένος,
2318 1564 2393 1634 τῷ
2421 1565 2699 1634 Νυμφαίῳ
2726 1563 3032 1631 ἐφίσταται,
3063 1564 3243 1633 φέρων
3267 1564 3477 1618 καὶτὸν

1855 1695 1861 1701 .
1897 1652 2235 1716 Μουζάλωνα
2266 1652 2401 1723 πρὸς
2423 1653 2501 1724 τῷ
2529 1651 2621 1706 τοῦ
2652 1654 2894 1721 μεγάλου
2940 1653 3224 1721 λογοθέτου
3263 1653 3478 1724 σεμνώ-

1902 1760 2033 1812 ματι
2065 1745 2158 1796 καὶ
2209 1744 2710 1813 πρωτοϐεστιάριον
2763 1744 3134 1814 κλεῖζόμενον.
3185 1739 3261 1799 οὗ
3291 1746 3354 1816 δὴ
3384 1747 3482 1798 καὶ

1901 1837 2198 1905 σκηνήσας,
2242 1835 2456 1888 ἐκεῖθεν
2509 1836 2577 1889 τὰ
2620 1838 2738 1890 κατ’
2795 1837 3058 1908 ἀνατολὴν
3085 1837 3477 1906 διοικούμενος,

1896 1923 1981 1996 [Ρ.
2004 1923 2125 1995 105]
2143 1925 2441 1979 ἐσκέπτετο
2461 1927 2556 1980 καὶ
2583 1928 2716 1998 περὶ
2738 1927 2832 1982 τοῦ
2862 1929 2980 1983 υἱοῦ
3008 1929 3247 2000 Μιχαὴλ,
3270 1933 3481 1998 ἐπαγα-

1895 2023 2014 2090 γεῖν
2044 2023 2241 2092 ἐκείνῳ
2265 2024 2329 2074 ὲκ
2370 2022 2462 2074 τοῦ
2511 2023 2677 2093 ρηγὸς
2734 2023 2968 2086 Πουλίας
3002 2024 3102 2092 τὴν
3126 2027 3482 2096 συνοικήσου-

1897 2129 2019 2181 σαν,
2046 2116 2080 2184 ή
2103 2116 2168 2168 ἐκ
2196 2113 2290 2168 τοῦ
2320 2115 2437 2168 υἱοῦ
2462 2113 2557 2168 τοῦ
2594 2115 2914 2170 Βαλδουῖνου
2941 2117 3035 2172 καὶ
3075 2120 3174 2189 τῆς
3204 2119 3478 2190 θυγατρὸς

1901 2303 2116 2358 rentur,
2142 2304 2196 2348 et
2227 2311 2335 2364 qua
2365 2312 2549 2352 serere
2591 2298 2760 2367 ipsos,
2811 2313 2920 2368 qua
2974 2313 3198 2369 sparsos
3246 2300 3313 2354 ab
3353 2300 3478 2355 aliis

1898 2387 2148 2456 accipere
2184 2389 2386 2444 liberos
2422 2391 2490 2444 de
2533 2391 2616 2445 his
2639 2407 2925 2447 sermones
2956 2403 3010 2448 et
3042 2393 3250 2462 judicia
3286 2395 3480 2449 verisi-

1898 2479 2330 2536 milibusinnixa
2359 2484 2716 2551 conjecturis,
2788 2485 3050 2554 pleraque
3111 2487 3474 2541 Athanasium

1897 2573 2234 2628 traducentia
2257 2589 2360 2643 pro
2386 2575 2634 2631 funditus
2667 2577 2861 2646 ignaro
2910 2581 3047 2633 artis
3074 2581 3356 2633 hominum
3389 2593 3479 2635 re-

1897 2665 2220 2732 gendorum,
2272 2682 2436 2736 quam
2495 2669 2547 2720 in
2604 2669 2903 2724 solitudine
2958 2672 3184 2725 ascetici
3221 2686 3478 2726 secessus

1897 2754 2111 2809 discere
2140 2755 2285 2810 haud
2317 2758 2604 2824 potuisset.

2079 2869 2167 2921 17.
2201 2867 2348 2923 Mors
2389 2873 2776 2942 expatriarclue
2807 2873 3047 2945 Gregorii
3093 2875 3298 2946 Cyprii.

1975 2979 2070 3036 His
2112 2981 2182 3035 ita
2216 2997 2272 3035 se
2335 2983 2683 3049 habentibus,
2743 2989 3130 3056 expatriarcha
3177 2989 3475 3061 Gregorius

1899 3072 2161 3142 languore
2191 3075 2403 3128 dierum
2454 3077 2753 3132 multorum
2815 3081 3136 3144 exhaustus.
3176 3095 3233 3138 ut
3292 3094 3475 3138 autem

1901 3164 2121 3232 quidam
2155 3167 2395 3230 aiebant,
2444 3169 2766 3238 aegritudine
2813 3172 2984 3224 animi
3024 3175 3308 3229 confectus
3353 3177 3479 3232 inde

1821 3237 1864 3297 ε
1901 3265 2024 3310 nata
2057 3259 2197 3326 quod
2229 3273 2293 3311 ex
2329 3260 2458 3313 olim
2489 3268 2596 3313 tam
2625 3261 2896 3316 honorato
2931 3272 3038 3316 tam
3066 3279 3125 3318 se
3157 3265 3316 3319 hodie
3341 3282 3476 3321 cou-

1900 3358 2165 3417 temptum
2197 3360 2467 3414 cerneret,
2496 3353 2661 3420 paulo
2699 3362 2816 3421 post
2884 3354 3064 3408 vivere
3115 3355 3299 3410 desiit.
3346 3358 3477 3426 Ejus

1897 3442 2190 3510 exsequias
2223 3442 2555 3509 psalmorum
2591 3453 2752 3496 cantu
2778 3444 2844 3498 de
2872 3461 3023 3500 more
3048 3447 3310 3503 celebrari
3343 3465 3482 3504 con-

1895 3548 2110 3587 cessum
2141 3544 2257 3588 est:
2292 3543 2345 3588 at
2375 3550 2498 3588 eum
2533 3536 2752 3604 sepeliri
2791 3545 2849 3590 ut
2900 3539 3293 3607 patriarcham.
3327 3543 3475 3611 quod

1897 3636 2147 3689 sperasse
2182 3624 2297 3692 ipse
2329 3623 2612 3678 videbatur
2647 3627 2772 3679 dum
2826 3627 2880 3680 in
2909 3630 3161 3683 cessione
3216 3636 3479 3688 sacerdo-

1900 3713 2033 3764 tium
2068 3712 2306 3767 retinere
2337 3715 2528 3780 voluit,
2568 3717 2796 3770 omnino
2822 3730 3006 3773 vetare
3046 3736 3103 3774 se
3126 3737 3220 3790 per
3249 3725 3476 3780 crebro-3

1900 3803 1965 3855 ad
2001 3803 2049 3854 id
2075 3804 2273 3858 missos
2306 3807 2527 3861 nuntios
2551 3808 2884 3876 significavit
2912 3810 3244 3881 imperator;
3273 3825 3326 3868 et
3360 3833 3473 3872 sure

1902 3896 2244 3951 consobrime
2278 3898 2519 3953 defuncti
2569 3902 2924 3969 perstudiosae
2956 3904 3225 3960 Raulaenze
3276 3911 3477 3966 diserte

1903 3987 2184 4041 interdixit
2216 4006 2280 4043 nc
2304 3993 2434 4060 quid
2467 3991 2571 4045 tale
2601 3999 2914 4048 attentaret.
2947 3993 3167 4052 Privato
3201 4014 3329 4069 ergo
3365 4002 3478 4056 ela-

1905 4085 1992 4132 tus
2021 4086 2103 4132 est
2129 4079 2340 4136 funere.

2081 4196 2168 4250 18.
2202 4195 2474 4265 Profectio
2521 4201 2858 4269 imperatoris
2911 4203 3291 4275 Nympharum.

1980 4309 2136 4379 153
2162 4309 2280 4380 Ipse
2309 4328 2476 4381 porro
2506 4316 2808 4385 Augustus,
2831 4320 3004 4372 misso
3029 4321 3182 4388 prius
3204 4322 3256 4374 in
3283 4321 3482 4375 Orien—

1906 4407 2015 4449 tem
2060 4396 2530 4468 Porphyrogcnito
2566 4419 2754 4458 secum
2787 4421 3015 4460 uxorem
3063 4408 3322 4470 ducente,
3356 4424 3478 4477 qua:

1906 4493 1962 4536 et
1993 4484 2108 4552 ipsa
2143 4495 2263 4538 erat
2295 4502 2358 4540 ex
2386 4486 2576 4544 Baiths
2609 4493 2802 4556 stirpe,
2837 4504 3064 4549 secutus
3097 4497 3213 4565 ipse
3262 4514 3480 4566 quoque

221 4573 588 4644 quorumdam
623 4570 728 4623 sibi
769 4571 893 4622 unis
926 4571 1050 4621 ntali
1096 4586 1321 4623 causam
1386 4573 1796 4639 impntantium.
1826 4583 1880 4642 ι)
1910 4587 2104 4627 versus
2135 4573 2327 4628 Ortum
2367 4578 2560 4631 movit.
2610 4579 3122 4653 Transgressusque
3159 4598 3342 4654 partes
3392 4589 3480 4642 Bi-

220 4663 429 4732 Nempe
459 4662 541 4715 sic
598 4661 803 4712 dudum
849 4667 1179 4724 statuerant,
1237 4678 1345 4715 non
1399 4678 1650 4730 arrogare
1689 4665 1800 4738 _sibi

221 4755 492 4822 judicium
531 4766 714 4803 rerum
751 4752 816 4803 ad
844 4751 982 4803 alios
1035 4752 1424 4816 Spectantiuin,
1489 4755 1583 4808 sed
1631 4757 1684 4808 in
1742 4770 1803 4810 se

226 4847 370 4914 ipsos
396 4842 758 4895 attentionem
796 4841 998 4894 mentis
1031 4856 1252 4894 omnem
1301 4854 1530 4906 vertere,
1573 4846 1674 4897 sibi
1706 4860 1803 4897 ca-

227 4953 350 4990 vere
373 4947 542 5004 atque
572 4934 856 5001 invigilare
889 4935 1278 5000 promovendis
1299 4933 1364 4986 ad
1390 4945 1621 4995 rectum.
1645 4937 1804 4991 unice

227 5043 455 5083 securos
486 5027 747 5088 aliorum,
787 5027 890 5079 nisi
929 5035 1226 5092 quatenus,
1273 5027 1538 5081 suadente
1568 5030 1648 5083 sic
1676 5045 1806 5082 con-

227 5121 433 5171 ditione
461 5131 652 5170 eorum
677 5130 799 5183 quae
830 5116 1184 5183 gerebantur,
1217 5116 1510 5169 observare
1568 5133 1626 5172 se
1667 5119 1806 5171 invi-

225 5225 339 5262 cem
376 5204 632 5275 proderat
662 5204 727 5257 ad
764 5203 1206 5272 provocationem
1240 5205 1545 5269 cliaritatis,
1579 5207 1805 5261 minime

231 5317 353 5354 vero
385 5297 479 5352 ubi
511 5311 620 5350 non
677 5305 965 5363 appareret
999 5296 1210 5348 fructus
1261 5295 1381 5365 ejus
1447 5298 1806 5365 inspectionis

229 5395 365 5446 alius
419 5403 590 5459 quam
661 5386 916 5440 solatium
992 5387 1334 5442 curiositatis
1394 5389 1696 5456 prurientis
1750 5391 1805 5444 in

231 5485 460 5536 ctiosam
496 5491 550 5533 et
586 5477 784 5546 ligendi
821 5477 998 5529 locum
1029 5477 1202 5529 aculei
1231 5486 1565 5545 quaerentem
1618 5480 1806 5548 explo-

234 5576 494 5627 rationem
523 5569 795 5623 l'actorum
845 5568 1173 5630 alienorum,
1247 5568 1524 5637 plerisque
1581 5571 1802 5626 inierim

235 5667 370 5718 haud
401 5679 461 5718 se
490 5663 637 5714 intra
674 5660 810 5712 lines
842 5657 990 5725 paris
1035 5658 1316 5713 modestia:
1372 5660 1802 5729 continentibus,

233 5769 416 5807 verum
443 5761 496 5805 et
516 5750 740 5804 curiose
769 5746 1154 5814 indagantibus
1183 5763 1302 5815 qua:
1332 5762 1804 5819 suspectaverant,

234 5856 283 5901 et
306 5844 496 5900 ulcisci
522 5839 859 5897 conantibus
887 5839 930 5892 si
957 5853 1118 5893 secus
1162 5854 1322 5906 quam
1370 5842 1569 5898 vellent
1598 5853 1802 5901 tracta-

596 5938 870 5997 PA'IBOL.
899 5935 1015 5998 Gtt.
1055 5935 1314 5999 CXLIV.

1909 4666 2129 4730 thynire,
2173 4683 2235 4720 ac
2278 4669 2343 4721 iis
2385 4671 2584 4735 obiter,
2619 4690 2740 4740 qua:
2781 4678 2942 4742 paulo
2993 4688 3118 4730 ante
3176 4691 3478 4734 memorata

1907 4760 2059 4815 sont,
2130 4769 2257 4806 cum
2308 4757 2484 4812 Vecco
2543 4762 2879 4830 reliquisque
2943 4769 3254 4831 transactis,
3314 4767 3480 4837 Nym-

1905 4842 2120 4910 phaeum
2155 4848 2399 4912 pervenit
2429 4851 2686 4904 comitem
2741 4854 2951 4908 habens
2987 4855 3350 4922 Muzalunem,
3383 4875 3478 4913 sn-

1907 4947 2002 5000 per
2035 4935 2322 5002 antiquum
2359 4939 2619 4994 honorem
2653 4945 2832 5010 magni
2863 4945 3152 5012 logothetae
3182 4964 3319 5002 nova
3356 4967 3479 5018 pro-

1909 5025 2211 5077 tovestiarii
2243 5027 2509 5093 dignitate
2545 5031 2886 5088 decoratum.
2919 5036 3017 5090 Hic
3043 5039 3338 5106 imperator
3374 5043 3480 5094 lixo

1907 5114 2192 5184 Augustali
2248 5123 2534 5174 attendere
2577 5123 2705 5177 inde
2755 5125 3080 5183 ordinandis
3126 5134 3474 5188 orientalium

1909 5209 2075 5260 rebus
2102 5217 2372 5263 tractuum
2406 5213 2641 5280 institit;
2674 5216 2948 5285 simulque
2986 5222 3232 5276 incubuit
3282 5225 3334 5277 in
3383 5240 3484 5280 cu-

1911 5313 2024 5350 ram
2060 5299 2531 5357 conﬁciendarum
2567 5308 2886 5375 nuptiarum
2919 5309 3200 5367 Michaelis
3231 5316 3350 5377 ﬁlii,
3389 5318 3480 5370 cui

1909 5405 2169 5459 sponsam
2228 5393 2434 5463 legerat
2487 5398 2629 5465 regis
2673 5400 2884 5467 Apulia:
2917 5401 3107 5467 tiliam,
3135 5419 3200 5458 ex
3228 5405 3478 5460 Baliluini

1908 5481 2020 5535 lilio
2042 5493 2098 5536 et
2131 5484 2239 5537 lilia
2271 5485 2451 5539 Caroli
2501 5498 2704 5543 natam.
2743 5490 2868 5547 Ηκο
2903 5493 3218 5549 IEcaterina
3259 5511 3478 5552 nuncu-

1907 5581 2034 5642 pata
2073 5589 2167 5643 per
2194 5579 2526 5632 avunculum
2557 5580 2726 5634 lilium
2770 5582 2957 5637 Caroli
2986 5595 3341 5640 materteram
3385 5589 3474 5644 ha-

1907 5667 2026 5720 buit
2059 5667 2226 5722 tiliam
2268 5672 2413 5737 regis
2463 5669 2775 5742 llungarize,
2829 5692 2952 5745 qua:
2998 5688 3287 5732 matertera
3347 5682 3477 5734 item

1907 5767 2028 5812 erat
2057 5758 2337 5814 Michaelis
2367 5761 2613 5830 ejusdem
2647 5764 2879 5834 Augusti
2924 5765 3173 5821 Junioris
3215 5785 3279 5822 ex
3313 5771 3478 5840 hujus

1909 5865 2104 5906 sorore
2134 5853 2326 5922 geniti.
2369 5853 2552 5919 Quare
2598 5855 2690 5910 illa
2721 5857 3037 5927 conjugium
3071 5861 3214 5916 istud
3241 5863 3496 5922 duorum.

3032 5955 3072 6018 6
