4018 6414
519 421 620 487 171

1727 421 2052 482 GEORGII
2109 422 2593 482 PACHYMERAS
3693 430 3785 495 1Ἱὶ

519 541 614 596 τοῦ
671 541 978 614 Καρούλου,
1047 541 1398 613 Αίκατερίνα,
1440 541 1562 610 ἥτις
1598 543 1692 594 καὶ
1731 543 1822 593 ἐπὶ
1857 543 1933 612 τῷ
1973 543 2106 613 πρὸς
2139 547 2179 601 Α
2211 541 2334 592 καθ’
2365 541 2432 609 ἣν
2466 543 2562 594 καὶ
2593 542 2754 612 ἡτῶν
2781 543 2950 610 ἀγίων
2979 545 3323 600 Ἀποστόλων
3351 549 3514 617 ἑορτὴ
3535 549 3781 604 τελεῖται.

511 633 730 702 -μητρὸς
749 632 878 702 θείῳ
909 633 985 701 τῷ
1013 633 1114 703 υὶῷ
1147 633 1429 702 Καρούλου
1456 634 1606 687 Θείαν
1633 630 1746 702 εἶχε
1779 635 1877 703 τὴν
1900 635 1992 687 τοῦ
2014 638 2111 702 τῆς

525 723 803 792 υῦγγρίας
841 725 1008 794 ρηγδς
1038 725 1333 796 θυγατέρα,
1361 726 1513 779 θείαν
1543 722 1710 779 οὖσαν
1736 727 1870 794 πρὸς
1906 725 2110 796 μητρδς

527 815 621 867 καὶ
645 815 724 884 τῷ
756 816 964 884 βασιλεί
1016 818 1258 888 Μιχαὴλ,
1293 820 1416 888 ἥτις
1447 820 1541 872 καὶ
1569 821 1693 881 τοὺς
1730 822 1940 888 γάμους
1966 820 2112 872 δυοῖν

525 905 778 972 ἀδελφοῖν
809 907 911 959 ἀνά
937 909 1100 978 μέρος
1122 912 1478 978 κατήπειγεν.
1513 911 1674 962 Ὅθεν
1699 912 1791 962 καὶ
1819 910 1982 963 αὑτὸν
2013 908 2112 978 μὲν

528 995 624 1048 ἐπὶ
674 998 772 1061 τῆς
820 999 1022 1061 πόλεως
1061 1000 1386 1054 καταλείπει
1435 1003 1463 1054 ὁ
1503 1001 1776 1070 βασιλεὺς,
1802 1003 1925 1064 τοὺς
1960 1003 2015 1056 δέ
2046 1019 2108 1070 γε

437 1109 451 1130 ι
521 1086 605 1155 τῷ
664 1089 819 1156 κήδει
871 1091 1256 1159 μεσιτεύοντας
1315 1093 1556 1156 Ἰταλοὺς
1609 1094 1844 1162 ἐπήγετο
1891 1095 2025 1162 πρὸς
2053 1095 2112 1147 τὸ

528 1176 842 1246 Νύμφαιον,
872 1182 1042 1250 συχνά
1070 1183 1490 1236 καταναλίσκων
1526 1187 1619 1237 καὶ
1649 1185 2111 1255 προσφιλοτιμού-

534 1286 718 1336 μενος,
750 1271 922 1326 νεύων
953 1273 1069 1335 ὅλος
1100 1277 1178 1338 είς
1206 1274 1361 1328 τοῦτο
1388 1277 1481 1329 καὶ
1513 1277 1672 1346 μόνον
1707 1278 1766 1329 ού
1804 1279 1894 1330 καὶ⁵
1928 1279 2112 1332 συνδέ-

520 1376 700 1426 σμους
749 1362 861 1414 τῶν
920 1363 1238 1430 ἀναγκαίων
1269 1365 1611 1434 ποιούμενος.
1675 1368 1798 1422 Ἐπὶ
1826 1369 1960 1420 πολὺ
2002 1371 2109 1440 γάρ

530 1450 625 1502 καὶ
656 1452 1094 1524 προσελιπάρουν
1132 1458 1365 1522 ἐκεῖνοι,
1404 1458 1498 1511 καὶ
1529 1462 1806 1530 συμφέρον
1851 1462 2112 1531 παμπλη-

530 1539 622 1602 ὂές
655 1543 832 1596 ἐδόκει
859 1550 953 1598 καὶ
984 1547 1252 1616 βασιλέως
1279 1550 1504 1613 ἄξιοντὸ
1533 1553 1902 1622 συνάλλαγμα.
1949 1555 2110 1606 ’Υπέο

530 1650 671 1687 τεινε
691 1637 746 1688 δὲ
767 1641 858 1691 καὶ
879 1645 1122 1708 χρηστάς
1147 1643 1244 1704 τὰς
1266 1644 1488 1708 ἐλπίδας
1515 1647 1746 1710 ἐκείνοις
1775 1648 1802 1698 ὁ
1827 1647 2105 1715 βασιλεὺς.

529 1727 625 1779 καὶ
653 1728 1012 1798 ἐνησμένιζον
1061 1734 1174 1796 τοῖς
1207 1735 1496 1802 μέλλουσιν
1529 1738 1604 1800 ὡς
1635 1737 1694 1801 ἐξ
1717 1740 1964 1808 ἀνάγκης
1993 1741 2110 1792 ἐσο-

531 1816 736 1885 μένοις.
773 1820 935 1874 Ὅθεν
989 1824 1084 1875 καὶ
1136 1824 1232 1876 τοῦ
1286 1829 1648 1895 συγγραφέως
1694 1830 1773 1898 τῷ
1831 1831 2107 1901 Νυμφαίῳ

529 1907 820 1978 ἐσύστερον
851 1913 1278 1982 ἐνδημήσαντος,
1303 1917 1502 1970 ἐκεῖνοι
1544 1918 1811 1987 μαθόντες
1850 1920 2106 1989 πολίηθεν

537 1999 756 2052 ἐλθόντα
785 2001 995 2065 ἀξιοῦσι
1029 2003 1253 2072 βασιλέα
1273 2003 1362 2056 ἐπ’
1392 2007 1598 2077 ἀρίστῳ
1629 2008 1940 2076 καθήμενον
1969 2009 2108 2076 ἐρω-

527 2091 627 2161 τᾷν
655 2094 860 2159 ἐφεῖναι
893 2094 1040 2156 ὅπως
1067 2095 1194 2164 ,ἔχοι
1231 2096 1340 2150 τῶν
1393 2098 1590 2165 ὑγειῶν
1618 2101 1645 2151 ὁ
1674 2099 1790 2161 νέος
1830 2099 2106 2170 βασιλεὺς,

531 2183 626 2236 καὶ
654 2183 760 2252 ὅπη
793 2185 886 2235 καὶ
939 2185 1048 2238 τίσι
1074 2186 1278 2253 διάγων
1307 2190 1673 2258 ἐνασχολοίιο.
1708 2191 1816 2243 Καὶ
1840 2191 1902 2258 δὴ
1932 2207 2104 2260 προσ-

529 2275 720 2326 έταττε
752 2273 1006 2339 βασιλεὺς
1041 2276 1270 2339 ἐκείνοις
1317 2294 1378 2328 τε
1409 2277 1774 2333 πυνθάνεσθαι
1805 2282 1902 2332 καὶ
1931 2281 2107 2352 τούτῳ

527 2364 733 2417 διδόναι
755 2366 851 2427 τὰς
871 2366 1224 2436 ἀποκρίσεις.,
1256 2368 1360 2422 Καί
1390 2369 1439 2437 γ’
1461 2369 1545 2438 ἐφ’
1573 2371 1792 2440 ἑκάστῳ
1815 2371 1924 2424 τῶν
1950 2372 2106 2440 λεγο-

531 2457 711 2522 μένων
747 2457 1059 2520 ἀκούοντες,
1115 2458 1236 2510 ἐπεὶ
1271 2460 1363 2510 καὶ
1397 2459 1607 2529 χρηστά
1633 2460 1692 2524 ἐξ
1724 2460 1969 2530 ἀνάγκης
2001 2463 2104 2531 ἡγ-

529 2549 800 2618 γέλλοντο,
830 2552 1355 2622 προσαπώεχόμενοι
1379 2553 1526 2624 δῆλοι
1554 2551 1695 2626 ἦσαν
1719 2557 2106 2626 εὐχαριστοῦν-

527 2659 621 2704 τες
653 2641 792 2711 Θεῷ.

529 2735 618 2788 ιθ’.
686 2733 764 2787 Τὰ
821 2735 971 2788 κατὰ
1023 2740 1130 2789 τὸν
1186 2737 1756 2817 πορφιορογέννητον
1786 2741 2107 2792 Κωνσταν-

1227 2825 1258 2860 τ
1265 2825 1413 2862 ινυν.

602 2920 714 2990 Τῆς
751 2921 796 2975 δ’
837 2923 1087 2990 εἰκοστῆς
1130 2921 1326 2991 ἐνάτης
1372 2922 1539 2992 μηνὸς
1579 2922 2104 2992 Μαιμακτηριῶνος,

524 3101 635 3158 sibi
673 3115 704 3156 e
739 3100 1026 3156 sororibus
1056 3109 1318 3170 nepotum
1343 3118 1442 3173 pro
1477 3118 1555 3166 se,
1580 3115 1846 3172 quantum
1872 3114 2104 3172 poterat,

2215 633 2420 694 διετίας
2486 633 2790 704 τρεχούσης
2845 637 3398 707 ἐστρατοπεδευμένοι
3447 640 3523 706 τῷ
3589 643 3785 710 βασιλεῖ

2214 724 2426 789 γίνεταί
2460 743 2512 778 τι
2546 726 2807 786 τοιοῦτον,
2837 727 2864 779 ὃ
2898 728 2962 796 δὴ
3016 730 3108 783 καὶ
3149 729 3338 784 κακῶν
3371 727 3504 800 ἦρξε
3538 736 3782 801 μεγάλων

2213 815 2292 885 τῷ
2321 819 2816 888 πορφυρογεννήτῳ
2875 821 3288 887 Κωνσταντίνῳ.
3337 822 3554 893 Ἐπειδὴ
3596 826 3699 893 γὰρ
3749 829 3778 896 ἡ

2214 907 2378 978 ἑορτὴ
2413 904 2483 979 ἦν
2507 911 2600 962 καὶ
2630 910 2739 961 ἔδει
2763 909 3011 975 συνάξεις
3034 913 3132 981 μὲν
3153 913 3260 965 τῶν
3293 917 3630 982 μεγιστάνων
3657 917 3780 984 πρὸς

2215 997 2465 1066 βασιλέα,
2505 1000 2798 1068 προσόδους
2830 1001 2886 1052 δὲ
2923 1004 3020 1054 καὶ
3049 1003 3158 1055 τῶν
3183 1004 3484 1072 ματρωνῶν
3516 1005 3664 1074 παρὰ
3691 985 3830 1080 τηνζξ

2212 1087 2530 1155 Λῦγοῦσταν
2553 1090 2822 1154 γίνεσθαι.
2843 1091 3100 1159 ἀπήντων
3123 1093 3220 1161 μὲν
3251 1095 3347 1147 καὶ
3369 1095 3526 1148 ἄλλαι
3548 1095 3780 1150 πλεῖσται
3797 1071 3822 1150 ξ

2213 1178 2306 1230 καὶ
2336 1182 2625 1246 μέγισται,
2662 1183 2879 1252 ἀπήντα
2910 1185 2964 1238 δὲ
2996 1186 3089 1237 καὶ
3120 1186 3400 1255 ήεύγενὴς
3426 1188 3596 1256 γραῦς
3622 1162 3809 1256 Στριιιὶᾷ

2213 1271 2608 1336 τηγοπουλῖνα,
2642 1273 2675 1340 ἠ
2701 1273 2794 1325 τοῦ
2832 1274 3078 1328 Ἰωάννου
3115 1277 3214 1344 μὲν
3239 1277 3333 1330 τοῦ
3358 1278 3528 1332 Δούκα
3555 1276 3638 1348 [Ρ.
3666 1278 3780 1349 illi]

2212 1361 2304 1410 καὶ
2335 1359 2598 1427 βασιλέως
2630 1362 2908 1432 ἀδελφιδῆ,
2945 1365 3340 1436 Κωνσταντίνῳ
3357 1367 3412 1418 δὲ
3448 1366 3525 1436 τῷ
3555 1369 3782 1434 Στρατη-

2211 1449 2464 1518 γοπούλῳ
2487 1451 2563 1518 τῷ
2592 1455 2684 1504 καὶ
2724 1452 2952 1522 ὕστερον
2985 1455 3322 1522 τυφλωθέντι
3360 1458 3511 1525 παρὰ
3556 1457 3646 1510 τοῦ
3672 1458 3776 1511 υἱοῦ

2210 1541 2304 1591 καὶ
2338 1540 2604 1608 βασιλέως
2659 1546 3050 1615 συνοικήσασα.
3115 1547 3274 1598 Ἐπεὶ
3313 1546 3369 1600 δὲ
3417 1547 3571 1601 ούπω
3601 1552 3780 1618 καιρὸς

2210 1631 2393 1684 ἐκάλει
2444 1634 2702 1686 εἰσελθεῖν
2751 1637 2883 1705 προς
2937 1638 3035 1707 τὴν
3091 1639 3431 1705 Αὐγοῦσταν,
3467 1641 3647 1708 ἐκείνη
3683 1640 3778 1702 ἔξω

2212 1742 2314 1776 που
2373 1725 2615 1794 καθῆστο
2672 1727 2768 1797 τὴν
2835 1731 3178 1800 πρόσκλησιν
3234 1733 3602 1800 ἀναμένουσα.
3646 1732 3778 1785 Ἀλλ’

2210 1817 2495 1882 ἐφίσταται
2517 1819 2612 1871 καὶ
2635 1821 2669 1884 ή
2699 1819 2791 1872 τοῦ
2818 1826 3335 1892 πορφυρογεννήτου
3369 1825 3600 1892 σύζυγος
3626 1824 3775 1891 a690-

2213 1907 2346 1976 σύνῃ
2379 1909 2472 1960 καὶ
2505 1910 2656 1979 χλιδῇ
2686 1912 2976 1982 πρεπούσῃ
3011 1915 3114 1966 ὑπὸ
3157 1919 3506 1984 προπομπαῖς
3553 1933 3608 1968 τε
3641 1914 3778 1966 πλείο

2211 2013 2357 2058 στοις
2398 2001 2488 2050 καὶ
2547 2000 2786 2064 ὀπαδοῖς.
2836 2003 2986 2055 Ἐπεὶ
3015 2004 3069 2057 δὲ
3113 2008 3181 2075 τῇ
3224 2006 3410 2076 θείᾳῆ
3460 2007 3656 2075 μᾶλλον
3689 2004 3776 2056 καὶ

2213 2091 2413 2160 μάμμῃ
2466 2094 2840 2162 προσήγγιςεν
2892 2096 2960 2164 (ἡ
2996 2097 3104 2166 γὰρ
3139 2097 3277 2166 πρὸς
3328 2099 3535 2168 πατρὸς
3575 2097 3774 2166 ἐκείνης

2212 2180 2412 2248 μάμμη
2440 2183 2742 2252 αὐτανεψία
2771 2185 2974 2254 ταύτης
3009 2182 3096 2256 ἦν,
3128 2188 3283 2257 εἴπερ
3309 2188 3447 2258 αὕτη
3485 2190 3581 2258 μὲν
3605 2190 3666 2241 ἐκ
3686 2188 3772 2240 τοῦ

2208 2272 2439 2341 ἀδελφοῦ
2476 2274 2568 2327 τοῦ
2595 2275 2862 2344 βασιλέως
2913 2279 3004 2330 καὶ
3041 2282 3139 2347 την
3170 2279 3325 2343 ἀξίαν
3355 2281 3773 2349 σεϐαστοκράτο-

2209 2377 2303 2431 ρος
2333 2363 2682 2432 ἐγεγέννητο,
2717 2367 2748 2435 ἡ
2781 2367 2825 2418 δ’
2853 2369 3307 2439 ἐκείνηςμάμμη
3343 2373 3409 2423 ἐκ
3434 2371 3656 2441 θατέρου
3679 2369 3775 2425 τῶν

2209 2455 2476 2522 ἀδελφῶν,
2521 2458 2554 2528 ἦ
2588 2457 2650 2526 δὴ
2691 2460 2782 2510 καὶ
2817 2458 2894 2529 τῷ
2926 2461 3417 2532 πρωτοϐεστιαρίῳ
3453 2462 3678 2532 συνῴκει
3707 2461 3774 2528 τῷ

2223 2544 2416 2599 Ῥαοὺλ
2443 2547 2666 2618 Ἀλεξίῳ
2688 2558 2726 2615 ),
2761 2551 2886 2603 ἐπεὶ
2914 2551 3044 2618 γοῦν
3082 2554 3526 2625 προσεγγιζούση
3559 2555 3660 2606 ἔδει
3686 2553 3772 2622 τὴν

2209 2638 2385 2705 γραῦν
2412 2640 2678 2708 καθέδρας
2716 2641 3177 2706 ὑπεξανίστασθαι
3221 2647 3368 2698 κατά
3417 2648 3478 2698 τὸ
3513 2645 3773 2714 προσῆκον

2207 2730 2275 2781 τὰ
2303 2729 2584 2800 δευτερεῖα
2637 2731 2771 2800 πρὸς
2799 2735 2898 2801 τὴν
2928 2734 3245 2800 Αὐγοῦσταν
3299 2738 3564 2808 φερούσῃ,
3607 2740 3773 2805 ἐκείνη

2207 2820 2364 2873 τοῦτο
2414 2824 2510 2890 μὲν
2559 2826 2722 2894 γήρᾳ,
2756 2824 2912 2877 τοῦτο
2962 2827 3018 2878 δὲ
3045 2829 3138 2879 καὶ
3184 2828 3258 2891 ὡς
3300 2829 3469 2898 δῆθεν
3496 2831 3661 2893 παιδὶ,
3695 2831 3777 2882 καὶ

2207 2913 2436 2982 ἐκγόνης
2492 2919 2978 2984 καταφρονήσασα,
3033 2917 3144 2971 οὐδ’
3189 2917 3354 2990 ἴκταρ
3384 2922 3772 2988 ὑπεξανίστατο,

2210 3098 2468 3142 currente
2501 3104 2644 3144 anno
2669 3104 2733 3143 ex
2755 3106 2874 3160 quo
2905 3091 3203 3159 imperator
3235 3102 3429 3148 castra
3461 3095 3571 3151 illic
3604 3096 3772 3150 habe—

532 3193 776 3264 urgebat.
807 3191 1076 3258 Quocirca
1103 3195 1203 3248 etsi
1241 3193 1556 3248 Michaelem
1584 3204 1640 3248 ut
1663 3209 1720 3248 se
1738 3196 1960 3249 absente
1985 3195 2104 3249 urbi

2213 3180 2326 3245 bat,
2351 3183 2582 3250 contigit
2615 3185 2762 3250 quod
2799 3199 2922 3237 mox
2979 3183 3236 3250 referam,
3282 3189 3582 3242 multarum
3615 3189 3663 3241 in
3689 3201 3774 3256 po-

532 3295 795 3355 prteesset
847 3283 1327 3354 Constantiimpoli
1363 3297 1520 3354 pater
1571 3287 1888 3354 reliquerat,
1925 3296 2104 3340 tamen

531 3375 695 3430 Italos
746 3374 912 3445 hujus
967 3376 1353 3430 conciliatorcs
1405 3377 1743 3430 matrimonii
1777 3377 1840 3432 ad
1882 3391 1941 3432 se
1983 3377 2109 3433 inde

517 3467 744 3520 accitos
785 3467 1065 3537 Nymphazi
1101 3467 1545 3537 splendidissime
1580 3471 1859 3533 tractavit,
1911 3471 2106 3536 ingen-

519 3562 610 3606 tes
637 3553 692 3606 in
723 3567 819 3607 eos
857 3555 1208 3608 honorandos
1235 3567 1491 3626 sumptus
1527 3557 1758 3620 faciens,
1791 3560 2107 3627 negotium-

528 3659 638 3712 que
680 3659 812 3698 cura
848 3653 998 3699 tanta
1041 3655 1094 3699 et
1131 3647 1314 3700 studio
1347 3662 1662 3715 capessens,
1715 3659 1773 3701 ut
1814 3665 2005 3716 parum
2039 3652 2108 3704 ab

528 3735 725 3788 ultimo
752 3750 985 3790 assensu
1017 3744 1183 3805 atque
1228 3738 1366 3790 adeo
1403 3752 1429 3788 a
1472 3737 1843 3793 celebratione
1879 3755 2103 3808 sponsa-

525 3826 665 3879 lium
693 3842 782 3882 res
804 3826 995 3882 abesse
1021 3828 1316 3882 videretur.
1349 3827 1479 3881 Nam
1510 3838 1564 3882 et
1596 3828 1757 3897 legati
1789 3832 1932 3900 regis
1953 3833 2105 3900 Apu-

526 3919 615 3973 lia:
661 3934 991 3989 magnopere
1028 3930 1084 3976 ut
1130 3919 1308 3976 foedus
1355 3921 1506 3975 fieret
1546 3921 1846 3986 instabant,
1889 3933 1940 3977 et
1978 3924 2106 3978 utile

527 4010 582 4063 id
619 4008 959 4078 dignumque
989 4013 1254 4079 {Augusto
1298 4013 1609 4081 conjugium
1661 4016 1861 4081 passim
1913 4031 2104 4071 omnes

525 4103 842 4157 censebant.
877 4101 1168 4159 Votisistis
1190 4106 1412 4156 multam
1441 4108 1679 4158 secuturi
1702 4116 1930 4159 eventus
1952 4122 2100 4175 spem

525 4196 761 4248 addebat
783 4195 972 4249 multis
1003 4197 1176 4265 signis
1197 4196 1475 4250 declarata
1515 4197 1863 4264 imperatoris
1889 4200 1941 4250 in
1975 4214 2096 4252 eam

525 4288 841 4341 afﬁnitatem
869 4289 1186 4357 propensio,
1204 4297 1263 4342 ut
1281 4289 1397 4342 Itali
1414 4289 1534 4356 ejus
1556 4290 1758 4358 negotii
1782 4299 2102 4345 tractatores

530 4377 690 4448 15A
729 4380 1092 4446 praeciperent
1127 4379 1239 4445 jam
1278 4383 1464 4433 animo
1493 4381 1747 4446 gaudium
1783 4396 2096 4444 successus,

529 4482 587 4524 ut
611 4488 672 4525 se
705 4471 912 4524 dabant
943 4469 1171 4533 indicia,
1203 4471 1524 4524 certissimi.
1569 4473 1757 4540 Itaque
1785 4486 1906 4525 cum
1938 4473 2100 4541 paulo

2212 3282 2419 3326 iterum
2451 3273 2920 3342 Porphyrogcnito
2935 3275 3298 3330 Constantino
3321 3277 3539 3333 initium
3567 3277 3770 3331 calami-

2215 3374 2408 3418 tatum.
2444 3367 2713 3430 Quoniam
2747 3376 2804 3419 ut
2832 3368 2884 3419 in
2925 3367 3064 3420 festo
3097 3367 3186 3421 tali
3219 3383 3285 3422 ex
3323 3387 3475 3426 more
3505 3371 3768 3440 oportebat

2211 3457 2507 3510 convenire
2557 3466 2844 3526 magnates
2879 3458 3020 3525 apud
3064 3458 3486 3526 imperatorem,
3531 3461 3765 3516 similiter

2210 3555 2394 3604 autem
2425 3559 2477 3602 et
2497 3548 2706 3602 circum
2736 3549 3036 3616 Augustam
3063 3559 3392 3604 conventum
3417 3563 3763 3606 matronarum

2211 3639 2350 3701 ﬁeri,
2405 3639 2702 3692 adfuerunt
2761 3654 2824 3692 ea
2882 3654 3048 3693 causa
3097 3655 3222 3694 cum
3279 3642 3404 3696 alia:
3439 3645 3674 3710 plurima:
3711 3657 3766 3692 ac

2209 3732 2485 3792 maximat,
2519 3741 2634 3782 tum
2673 3729 2986 3798 praenobilis
3009 3746 3149 3785 anus
3178 3729 3639 3802 Strategopulina,
3659 3745 3765 3800 qua:

2207 3836 2268 3873 ex
2325 3820 2556 3875 Joannis
2608 3821 2768 3875 Ducas
2829 3823 2958 3876 olim
3015 3825 3366 3894 imperatoris
3432 3825 3596 3880 fratre
3651 3834 3764 3878 nata

2207 3911 2406 3966 deinde
2440 3922 2703 3980 nupserat
2754 3913 3122 3968 Constantino
3169 3915 3576 3988 Strategopulo,
3606 3932 3634 3969 a
3663 3914 3765 3969 lilio

2205 4001 2458 4068 Joannis,
2525 4005 2654 4056 dum
2704 4005 2748 4056 is
2793 4005 3109 4072 imperaret,
3145 4021 3442 4063 excaecato.
3479 4007 3598 4061 Hrec
3626 4016 3760 4065 tunc,

2205 4094 2348 4160 quod
2385 4094 2741 4147 admissionis
2771 4094 2840 4146 ad
2879 4098 3180 4163 Augustam
3231 4097 3367 4152 hora
3415 4099 3652 4152 nondum
3682 4107 3762 4147 ve-

2207 4195 2382 4246 nerat,
2420 4196 2572 4238 extra
2621 4187 2934 4250 consulens,
2971 4191 3100 4239 dum
3149 4189 3297 4241 intro
3356 4191 3644 4251 acciretur,
3677 4200 3764 4240 ex-

2205 4276 2510 4343 spectabat,
2547 4277 2768 4340 quando
2802 4279 2992 4331 eodem
3027 4277 3249 4331 advenit
3289 4279 3496 4347 conjux
3529 4276 3760 4346 Porphy-

2205 4368 2469 4436 rogeniti,
2506 4367 2664 4436 155
2698 4379 2920 4436 cmnptu
2962 4377 3342 4437 apparatuque
3365 4370 3678 4424 deliciarum
3707 4376 3784 4417 ac.

2205 4475 2404 4528 pompa
2426 4469 2621 4514 caetera
2652 4473 2996 4528 praestantem
3028 4461 3149 4529 ejus
3175 4463 3406 4516 decente
3435 4463 3761 4532 dignitatem,

526 4567 651 4626 post
709 4557 832 4611 haec
890 4557 1211 4625 contigisset
1265 4557 1429 4627 hujus
1489 4558 1736 4615 historiae
1774 4562 2097 4630 scriptorem
2124 4572 2178 4631 Β
2207 4553 2376 4604 multo
2407 4553 2910 4615 anteambulomnn,
2941 4552 3111 4606 multo
3144 4552 3537 4608 comitumnec
3568 4552 3765 4605 minore

527 4649 884 4719 Nymphaeum
912 4649 1122 4712 venire,
1149 4649 1224 4702 illi
1253 4650 1320 4704 ab
1345 4651 1696 4717 imperatore,
1731 4655 1818 4706 cui
1848 4656 1912 4705 ad
1935 4669 2104 4722 pran-

528 4743 677 4795 dium
713 4742 929 4794 sedenti
963 4740 1432 4805 circumaderant,
1469 4743 1674 4809 petiere
1727 4758 1821 4812 per
1865 4759 1992 4796 eum
2043 4752 2103 4796 ut

526 4835 662 4902 ipsis
694 4834 885 4887 liceret
919 4833 1198 4886 hominem
1249 4847 1412 4901 quem
1451 4834 1657 4886 scirent
1707 4834 1777 4887 ab
1826 4835 1963 4887 urbe
2016 4849 2104 4887 re-

527 4934 738 4978 centem
764 4924 1108 4991 interrogare
1141 4930 1198 4975 ut
1224 4923 1433 4975 valeret
1457 4923 1740 4990 Augustus
1768 4920 1984 4984 Junior,
2007 4923 2098 4976 ubi

528 5017 920 5079 diversaretur,
947 5016 1148 5084 quibus
1172 5023 1266 5068 aut
1294 5015 1716 5069 remissionibus
1740 5022 1836 5068 aut
1867 5029 2102 5082 oecupa-

527 5109 770 5162 tionibus
813 5107 957 5162 diem
988 5107 1250 5176 exigeret.
1305 5108 1567 5162 Annuens
1614 5107 1892 5175 Augustus
1936 5105 2102 5174 jussit

526 5207 582 5250 et
612 5199 919 5264 percontari
964 5213 1062 5252 eos
1105 5212 1229 5265 quae
1275 5196 1550 5260 volebant,
1583 5206 1638 5250 et
1671 5198 2002 5265 respondere
2032 5195 2097 5248 ad

519 5293 755 5360 quaesita
778 5289 1127 5345 historicum.
1159 5289 1237 5342 Ac
1269 5302 1396 5341 mox
1427 5296 1482 5340 et
1509 5287 1616 5341 illis
1641 5287 2019 5356 quaerentibus
2047 5294 2102 5339 et

522 5386 636 5441 hoc
679 5400 802 5454 quae
844 5397 1069 5438 necesse
1098 5389 1241 5442 erat.
1291 5379 1394 5432 hoc
1441 5390 1525 5435 est
1556 5379 1696 5434 bona
1732 5394 2102 5448 prosperaque

525 5477 819 5540 referente,
865 5475 1162 5544 apparebat
1213 5471 1442 5526 mirifice
1489 5472 1751 5526 delectari
1811 5472 2124 5526 audientes.

521 5573 690 5628 italos
721 5579 774 5625 et
800 5569 867 5622 ad
896 5567 1102 5637 gratias
1131 5564 1507 5633 Deoagendas
1536 5566 1788 5619 excitari.

761 5661 848 5716 l9.
880 5659 956 5713 De
1003 5657 1450 5726 Porphyrogenito
1477 5656 1855 5712 Constantino.

599 5753 872 5807 Caeterum
917 5747 1354 5805 undetricesimo
1402 5747 1610 5802 mensis
1645 5747 1796 5802 Junii
1832 5748 1941 5814 die,
1988 5764 2098 5818 quo

523 5853 851 5901 sanctorum
892 5841 1283 5912 Apostolorum
1319 5837 1515 5894 festum
1556 5840 1887 5908 celebratur,
1925 5843 2098 5899 altero

2205 4645 2543 4698 asseclarum
2580 4646 2813 4699 ambitu.
2842 4645 2944 4699 Ubi
2976 4661 3105 4699 vero
3135 4660 3198 4699 ea
3231 4661 3401 4715 prope
3431 4647 3498 4700 ad
3526 4650 3768 4698 materte-

2207 4752 2321 4789 ram
2359 4747 2456 4790 aut
2490 4737 2672 4804 potius
2703 4737 2770 4789 ad
2803 4739 3084 4805 proaviam
3139 4738 3377 4792 accessit
3420 4737 3564 4805 (nam
3613 4734 3766 4801 hujus

2202 4827 2323 4878 avia
2359 4837 2584 4893 paterna
2631 4824 3095 4895 Strategopulinae
3130 4827 3312 4895 neptis
3345 4841 3413 4880 ex
3447 4826 3614 4879 fratre
3656 4824 3764 4876 fue-

2202 4926 2312 4980 rat,
2343 4932 2659 4985 quanquam
2697 4920 2810 4971 haec
2838 4919 3062 4986 quidem
3103 4935 3170 4974 ex
3220 4921 3392 4975 fratre
3433 4915 3763 4990 imperatoris

2201 5008 2470 5075 dignitate
2493 5008 2935 5062 sebastocratore
2963 5019 3083 5064 erat
3101 5012 3304 5079 genita,
3337 5013 3460 5078 ejus
3482 5026 3607 5065 vero
3629 5010 3762 5068 avia,

2202 5116 2323 5168 quae
2369 5100 2475 5153 fuit
2535 5101 2743 5170 conjux
2793 5104 3204 5170 protovestiarii
3243 5104 3430 5158 Baulis
3477 5101 3672 5165 Alexii,
3701 5113 3761 5150 ex

2202 5193 2376 5262 ipsius
2407 5195 2578 5248 altero
2605 5195 2888 5262 germano)
2921 5225 2989 5237 —
3011 5197 3238 5264 quando
3271 5197 3438 5265 igitur
3459 5191 3759 5250 admoventi

2196 5286 2311 5355 jam
2345 5301 2405 5340 se
2434 5287 2684 5354 proxime
2706 5285 2914 5341 fratrire
2941 5287 3293 5355 imperatoris
3326 5290 3564 5344 vetulam
3588 5303 3616 5340 e
3635 5283 3760 5340 sella

2201 5377 2488 5445 oportebat
2546 5392 2862 5445 assurgere,
2920 5378 3108 5433 debito
3155 5381 3203 5434 ei
3251 5381 3462 5434 honore
3515 5393 3634 5448 quae
3679 5389 3761 5428 se-

2199 5470 2439 5524 cundum
2492 5470 2561 5524 ab
2608 5470 2855 5538 Augusta
2913 5471 3188 5527 obtineret
3236 5472 3518 5540 dignitatis
3570 5471 3758 5527 locum,

2202 5564 2807 5618 illa.sua:.aurtoritate
2833 5565 3069 5619 subnixa
3117 5566 3439 5626 senectutis,
3487 5574 3540 5618 et
3588 5570 3760 5614 coram

2205 5657 2404 5712 femina
2433 5667 2802 5725 prasterquam
2841 5666 2994 5712 tanto
3019 5657 3246 5724 iuniori,
3274 5658 3439 5710 etiam
3475 5655 3627 5726 quasi
3652 5664 3760 5704 ma-

2203 5747 2480 5804 terno-sibi
2510 5749 2635 5816 jure
2655 5749 2916 5813 obnoxia,
2939 5750 3138 5818 quippe
3157 5751 3334 5818 neptis
3355 5764 3468 5802 suae
3489 5742 3760 5809 filia,adeo

2200 5857 2260 5896 se
2273 5839 2570 5896 demittere
2600 5854 3074 5909 supervacaneum
3098 5854 3268 5896 necse
3291 5837 3515 5906 dignum
3539 5836 3752 5892 ducens,
