4018 6408
260 400 359 468 173

1194 401 1311 462 TDE
1335 395 1780 460 ANDRONICO
1816 395 2280 456 PALIEOLOGO
2327 394 2476 457 LIB.
2498 396 2578 457 Ιῐ.

3419 400 3527 468 174

257 516 721 587 παραιτησαμένη
753 516 887 586 πρὸς
924 514 1138 583 ἐκείνην
1166 512 1329 583 μόνον
1378 514 1472 567 καὶ
1495 511 1670 582 γῆρας
1700 525 1835 580 προσ
1864 515 1908 568 Α
1941 506 2109 575 μηδὲν
2145 505 2255 559 τῶν
2307 508 2661 579 πραχθέντων
2705 508 2904 576 εἰδότα,
2963 518 3162 580 γυμνοί
3191 530 3248 565 τε
3289 514 3525 583 πάμπαν

256 608 570 678 ϐαλλομένη
601 611 701 661 καὶ
745 608 846 672 τὴν
873 607 968 659 τοῦ
1023 606 1210 675 γήρως
1253 603 1564 660 ἀσθένειαν.
1626 601 1840 671 Ὑϐρισ-

254 699 422 754 παθεί
473 712 534 750 τε
583 696 862 768 παρευθὺς
917 695 1099 766 ἐκείνη
1153 694 1245 748 καὶ
1300 694 1606 755 ἀκάθεκτος
1642 688 1710 762 ἦν
1743 692 1841 761 τὴν

253 791 451 861 ὀργὴν,
486 791 537 842 εί
566 788 830 859 βασιλέως
855 782 991 840 οὖσα
1009 785 1199 856 νύμφη
1230 787 1323 839 καὶ
1349 785 1542 855 ἀνδρὸς
1568 784 1709 853 ὑπὲρ
1758 782 1844 835 δε·

259 884 468 945 σπότας
509 881 743 949 σύζυγος
776 880 927 934 οὐδὲν
957 880 1067 933 τῶν
1104 879 1270 945 ἀξίων
1310 877 1670 946 ἐπιτυγχάνει
1690 875 1843 944 παρὰ

256 973 608 1044 προσγενοῦς
642 973 742 1042 μὲν
769 972 1055 1042 βασιλέως,
1082 971 1217 1024 ἀλλά
1240 987 1306 1037 γε
1331 970 1423 1022 καὶ¹
1468 967 1727 1028 ἰδιώτιδος
1755 983 1841 1018 νο-

259 1064 565 1133 μιζομένης
593 1064 657 1116 ὲκ
678 1062 773 1116 τοῦ
794 1063 885 1115 τὸν
909 1064 1124 1132 ἐκείνης
1150 1061 1385 1127 σύζυγον
1410 1058 1590 1122 ζῶντα
1612 1056 1861 1125 μηδενδςκ

255 1153 518 1222 ἐπιϐῆναι
544 1152 874 1222 ἀξιώματος.
894 1154 1098 1224 Τρέπει
1123 1169 1183 1205 τε
1216 1152 1315 1219 τὴν
1345 1149 1516 1219 ὀργὴν
1539 1149 1627 1210 εἰς·
1638 1148 1838 1214 λύπην,

256 1245 362 1298 καὶ
388 1244 692 1312 κλαυθμοῖς
726 1261 785 1296 τε
819 1246 913 1296 καὶ
932 1244 1185 1312 ὀδυρμοῖς
1205 1241 1514 1309 ἀφωσιοῦτο
1542 1240 1640 1307 sint
1671 1238 1841 1291 δεινο-

255 1332 520 1386 πὰθειαν.
545 1332 717 1384 Τοῦτο
748 1331 972 1399 γεγονὸς
994 1331 1086 1382 τὸν
1115 1329 1330 1397 ἐκείνης
1360 1329 1461 1379 οὐκ
1485 1324 1641 1378 ἔλαθε
1678 1322 1841 1385 σύζυ-

253 1437 382 1487 γον.
423 1421 484 1473 ’0
511 1421 567 1473 δὲ
599 1420 883 1487 φιλότιμος
919 1418 994 1470 ὣν
1028 1419 1124 1472 καὶ
1156 1417 1341 1480 αὐτὸς,
1381 1416 1461 1468 ἐτι
1491 1414 1548 1468 δὲ
1595 1414 1691 1467 καὶ
1713 1413 1841 1474 τοὺς

253 1494 561 1580 λογισμοὺς
584 1509 933 1571 ἐπικλασθεὶς
963 1511 1027 1560 ὲκ
1044 1507 1153 1560 τῶν
1187 1507 1402 1576 θρήνων
1427 1508 1527 1575 τῆς
1555 1505 1837 1573 γυναικὸς,

254 1601 578 1655 ἀντιλυπεῖν
612 1601 711 1669 μὲν
742 1601 840 1669 τὴν
866 1597 1066 1668 γραῦν,
1103 1596 1607 1668 παραμυθήσασθαι
1646 1594 1703 1647 δὲ
1742 1593 1840 1662 τὴν

170 1746 189 1759 ν
259 1693 400 1745 ἰδίαν
433 1694 496 1743 ἐκ
523 1691 622 1760 τῆς
652 1690 788 1758 πρὸς
824 1690 1039 1759 ἐκείνην
1074 1688 1284 1757 ὕϐρεως
1328 1687 1588 1740 ἐδικαίου.
1615 1686 1726 1740 Καὶ
1774 1685 1837 1754 δὴ

1944 601 2157 671 ἀτίμως
2219 605 2314 656 καὶ
2372 604 2519 659 κατὰ
2555 607 2737 659 πᾶσαν
2774 607 2980 676 ἀγορὰν
3012 607 3367 678 θριαμϐεύειν
3408 610 3526 671 τοῖς

1944 691 2162 753 οἰκείοις
2216 693 2583 762 προστάσσει·
2618 694 2738 764 ἅμα
2774 696 2841 766 δὴ
2876 698 2970 750 καὶ
2997 697 3211 766 πληγὰς
3241 698 3421 762 δεινάς
3456 716 3520 753 τε

1945 784 2040 837 καὶ
2089 783 2352 846 πλείστας
2388 786 2703 840 ὲντείνουσι.
2761 785 2934 840 Τοῦτο
2963 789 3242 858 γινόμενον
3269 789 3365 842 καὶ
3396 791 3522 842 ἀνε-

1942 873 2130 943 νεχθὲν
2150 873 2381 945 βασιλεῖ,
2405 877 2572 938 πολὺς
2601 873 2670 946 ἦν
2692 878 2900 940 ἐκεῖνος
2921 878 3020 948 τὴν
3049 879 3256 946 τόλμαν
3280 883 3338 931 ὲν
3363 879 3522 949 δεινῷ

1944 963 2290 1033 ποιούμενος,
2350 966 2445 1018 καὶ
2495 967 2795 1036 ἀχθόμενος
2844 968 2914 1021 τὰ
2944 969 3156 1037 μεγάλα
3196 969 3281 1041 [Ρ.
3318 971 3444 1041 105]
3471 973 3524 1025 εἰ

1944 1054 2112 1108 αὐτοῦ
2145 1054 2412 1125 βασιλέως
2444 1057 2803 1126 ἐνδημοῦντος
2835 1059 3005 1128 μηδὲν
3040 1060 3265 1130 μηδενὸς
3313 1062 3524 1124 ἐκεῖνος

1943 1145 2301 1216 ἐπιστραφεὶς
2329 1146 2506 1200 ταῦτα
2537 1148 2791 1216 πράττοι,
2823 1149 2918 1202 καὶ⁷
2946 1150 3117 1204 ταῦτα
3151 1152 3301 1219 παρὰ
3336 1153 3523 1206 τοιαύς

1941 1251 2043 1306 την
2064 1237 2268 1291 αἰτίαν.
2285 1237 2477 1306 Ὅμως
2496 1238 2621 1300 τοὺς
2646 1238 2850 1308 θυμοὺς
2872 1244 3162 1311 κατασχὼν
3182 1243 3522 1313 προσέταττε

1942 1326 2042 1395 τὴν
2067 1326 2349 1397 ταχίστην,
2386 1329 2482 1381 καὶ
2513 1329 2666 1397 μόλις
2728 1331 2848 1398 μὲν,
2892 1332 3008 1384 ἀλλ’
3043 1333 3194 1401 ὅμως
3220 1335 3523 1405 νικησάσης

1943 1416 2044 1493 τῆς
2060 1416 2309 1481 ἐξουσίας
2332 1419 2712 1488 ἐλευθεροῦται
2733 1425 2760 1475 ὁ
2780 1422 3212 1493 τιμωρούμενος.
3238 1426 3521 1481 Ἐντεῦθεν

1943 1508 2039 1561 καὶ
2068 1509 2229 1579 μῆνις
2251 1510 2391 1578 μετὰ
2418 1511 2580 1581 χόλον
2607 1514 2886 1585 ὲντετήκει
2915 1516 2993 1586 τῷ
3015 1517 3242 1586 βασιλεῖ,
3263 1521 3356 1574 καὶ
3371 1521 3522 1574 δεινὰ

1943 1599 2173 1669 ἔστρεφε
2212 1602 2329 1665 πῶς
2356 1601 2426 1656 ἂν
2451 1606 2736 1677 ταπεινοίη
2765 1607 2859 1661 τὸν
2904 1609 3044 1680 ὑπὲρ
3070 1611 3140 1663 τὰ
3180 1613 3356 1683 μέτρα
3388 1631 3519 1666 κατ-

1941 1692 2327 1764 ιπαιρόμενον,
2363 1698 2444 1758 είς
2467 1697 2660 1751 ἑαυτὸν
2687 1701 2906 1768 ἀνάγων
2938 1701 2999 1754 τὸ
3027 1703 3246 1771 γεγονὸς
3296 1707 3391 1758 καὶ
3421 1706 3519 1773 τὴν

182 1775 189 1805 ⁵
255 1782 482 1851 ἐκείνην
517 1781 614 1849 μὲν
645 1781 747 1833 οὐκ
777 1777 888 1849 εἶχέ
912 1797 965 1832 τι
999 1779 1276 1832 διαθέσθαι
1306 1775 1837 1851 ἀνή’κεστον,εὑγςνῆ
1871 1837 1912 1865 υ
1940 1784 2035 1836 τοῦ
2074 1787 2534 1857 καταφρονεῖσθαι
2561 1789 2720 1855 δόξαν
2760 1793 2818 1844 ἐν
2850 1793 3008 1862 δεινῷ
3042 1795 3383 1865 ποιούμενος,
3417 1799 3514 1850 καὶ

252 1887 319 1925 τε
355 1870 525 1924 οὖσαν
557 1871 652 1922 καὶ
677 1871 913 1939 μάμμην
937 1868 1297 1939 λογιζομένην
1329 1867 1406 1938 τῷ
1442 1867 1656 1937 βασιλεῖ
1675 1882 1692 1900 ⁶
1723 1865 1837 1937 εἶχε
1872 1865 1913 1891 ’³
1940 1876 2050 1930 ἀπὸ
2077 1876 2375 1946 προσώπου
2405 1879 2580 1933 ἐποίει
2609 1882 2701 1934 τδν
2723 1883 2973 1952 ἀδελφὸν,
2998 1887 3093 1938 καὶ
3120 1887 3356 1951 ἀπόντος
3384 1906 3519 1943 κατι-

251 1961 300 2014 δ⁹
332 1961 535 2014 οἰκεῖον
553 1961 750 2046 εκείνη
776 1962 1182 2013 Κωνσταντῖνον
1210 1957 1600 2029 Μαυροζώμην
1621 1958 1837 2027 ὠνομα-
1943 1967 2152 2035 ημέλει,
2181 1969 2274 2021 καὶ
2297 1970 2572 2039 προσιόντι
2597 1973 2911 2043 ὀφθαλμοὺς
2932 1975 3265 2046 νίλαρότητος
3285 1979 3386 2033 οὐκ
3410 1981 3516 2033 εδει

256 2052 483 2121 σμένον,
540 2045 584 2119 ᾧ
613 2051 678 2118 δὴ
712 2053 803 2105 καὶ
835 2049 1174 2121 ωγχρῆσθαι
1211 2050 1351 2104 κατὰ
1380 2051 1566 2118 κοίτην
1599 2049 1834 2119 κρυφίαν

254 2142 501 2209 ἐλέγετο.
556 2143 667 2195 Καὶ
708 2142 867 2194 τοῦτο
901 2142 965 2211 δὴ
999 2141 1198 2211 μᾶλλον
1242 2138 1311 2210 ἦν
1334 2141 1394 2193 τὸ
1421 2141 1613 2193 δοκοῦν
1640 2139 1836 2210 ἐκείνῳ

255 2235 448 2301 σοφὸν,
490 2234 576 2302 ἐφ’
631 2226 676 2301 ᾧ
706 2233 1071 2303 ἁτιμουμένου
1122 2231 1332 2285 ἐκείνου
1382 2234 1415 2302 ή
1469 2229 1591 2285 κατ’
1618 2232 1835 2300 ἐκείνης

253 2324 640 2394 ὑποτρέχουσα
672 2324 825 2394 βάξις
846 2326 934 2381 ςὲκ
979 2322 1088 2375 τῶν
1140 2322 1383 2375 δυνατῶν
1423 2322 1832 2394 θριαμϐεύοιτο.

253 2416 492 2486 Πέμψας
540 2414 672 2484 γοῦν
700 2414 902 2468 αὐτίκα
947 2414 1041 2468 καὶ
1089 2412 1369 2483 περισχὼν
1397 2414 1490 2466 τὸν
1547 2412 1836 2485 ἄνθρωπον

256 2611 327 2650 ne
379 2594 676 2647 minimum
739 2593 962 2662 quidem
1024 2592 1350 2655 assurrexit,
1417 2593 1835 2648 inverisimilem

260 2688 460 2756 lrigide
500 2686 743 2754 allegans
791 2685 1202 2739 excusationem
1259 2685 1617 2749 inﬁrmitatis,
1675 2685 1835 2754 quasi

260 2778 393 2833 eniti
426 2778 709 2846 paulisper
740 2778 806 2831 ad
835 2777 994 2830 istam
1027 2778 1396 2832 veneratiOnis
1438 2777 1833 2832 exhibitionem

263 2884 373 2938 pra:
404 2869 685 2921 debilitate
708 2867 849 2921 senii
875 2867 1146 2935 nequiret.
1172 2868 1324 2921 Tulit
1352 2866 1835 2936 impatientissime

272 2959 412 3012 haud
444 2967 666 3012 assueta
703 2956 1041 3024 contemptui
1086 2956 1284 3009 mulier
1319 2971 1439 3010 eam
1490 2959 1834 3025 negationem

271 3047 466 3101 deferri
500 3046 608 3101 sibi
640 3046 814 3102 Solitae
858 3047 1196 3108 reverenti'e,
1237 3046 1440 3116 iraeque
1475 3062 1669 3117 magno
1703 3059 1837 3103 testu

1937 2058 2050 2125 δου,
2104 2060 2198 2113 καὶ
2231 2060 2706 2131 συνιππαζόμενος
2750 2065 2849 2136 τὴν
2901 2067 3176 2138 ἐγγύτητα
3227 2072 3514 2141 ἀφῃρεῖτο,
3591 2053 3595 2057 .

1938 2149 2034 2201 καὶ
2068 2149 2134 2219 ῆν
2169 2149 2227 2213 ἐξ
2249 2150 2495 2219 ἐγγίονος
2524 2148 2636 2222 εἶχε
2669 2154 2769 2224 τῆς
2814 2156 3029 2225 ὁμιλίας
3062 2161 3324 2230 πρότερον
3355 2163 3514 2231 δόξαν

1939 2244 2320 2310 προσεποιεῖτο
2347 2245 2770 2315 παρακατέχειν.
2827 2247 3370 2322 Ἀξιωματικὼτερον
3404 2257 3513 2328 γὰρ

1938 2329 2191 2392 κάκεῖνος
2217 2333 2338 2393 ταῖς
2371 2332 2656 2402 ἀληθείαις
2687 2336 2796 2391 τῶν
2829 2340 3171 2409 πραγμάτων
3210 2344 3510 2412 ἐφήπτετο,

1938 2418 2150 2483 πολλοῖς
2183 2422 2283 2491 μὲν
2329 2424 2444 2486 τοῖς
2473 2423 2565 2493 ὑφ’
2602 2427 2785 2482 αὑτὸν
2824 2428 3212 2501 θεραπεύουσι,
3244 2437 3421 2509 πολλῷ
3453 2438 3513 2492 δὲ

1939 2597 2130 2669 ﬂagitii
2166 2610 2273 2655 tam
2307 2602 2543 2672 pudendi
2574 2606 2898 2676 principalis
2952 2620 3217 2668 matronae
3248 2615 3510 2674 ludibrio.

1936 2690 2243 2745 Confestim
2267 2693 2434 2763 igitur
2465 2697 3218 2769 immissisianaurozomam
3246 2708 3382 2763 nihil
3413 2712 3514 2764 mi-

1937 2798 2044 2837 nus
2090 2795 2504 2855 exspectantem
2534 2793 2778 2847 robustis
2809 2808 2840 2848 e
2870 2809 2971 2849 suo
3009 2798 3270 2855 satellitio
3305 2801 3514 2857 lictori-

1938 2874 2041 2928 bus
2067 2878 2271 2946 corripi
2304 2879 2566 2934 miserum
2591 2896 2655 2936 ac
2683 2884 2907 2952 spoliari
2938 2886 3114 2955 jubet,
3148 2898 3370 2961 totoque
3393 2893 3511 2949 foro

1940 2964 2082 3021 foede
2113 2968 2378 3022 nudatum
2421 2971 2612 3026 multis
2650 2973 2874 3045 insuper
2920 2993 2995 3055 ac.
3025 2982 3288 3048 gravibus
3333 2986 3510 3055 plagis

1940 3057 2166 3114 inﬂictis
2226 3061 2758 3129 ignominiosissime
2814 3070 3048 3125 traduci.
3113 3072 3340 3144 Vulgata
3396 3093 3513 3133 mo-

263 3147 543 3243 cfmmou
589 3146 697 3251 est;
745 3138 1039 3242 indignans
1098 3151 1404 3251 sernurum
1465 3138 1834 3251 imperatoris.
1865 3196 1908 3251 ε
1944 3159 2129 3205 mento
2161 3154 2239 3207 rei
2271 3153 2415 3210 fama
2458 3157 2781 3228 perlatoque
2830 3162 2895 3215 ad
2937 3138 3326 3234 imperatorem
3376 3171 3510 3239 quid

259 3230 363 3285 viri
397 3246 632 3284 uxorem
663 3230 919 3299 despotas
949 3230 1099 3299 ipsos
1141 3230 1405 3299 dignitate
1454 3230 1832 3299 prtecellentis,

260 3323 395 3377 nihil
419 3337 644 3391 aequum
680 3323 975 3390 impetrare
1004 3337 1034 3375 a
1061 3330 1308 3376 matrona
1351 3332 1581 3391 cognata
1613 3324 1832 3392 quidem

256 3413 639 3481 imperatoris,
662 3424 919 3467 ceterum
964 3414 1101 3466 nihil
1133 3428 1296 3480 supra
1338 3414 1604 3481 privatam
1638 3413 1835 3468 condi-

258 3507 468 3561 tionem
500 3505 802 3566 eminente,
852 3503 996 3573 quod
1028 3505 1109 3558 vir
1154 3506 1273 3574 ejus
1323 3505 1453 3559 dum
1509 3506 1715 3560 viveret
1763 3507 1832 3560 ad

258 3597 473 3650 nullius
517 3594 797 3663 fastigium
847 3595 1126 3664 dignitatis
1171 3598 1513 3650 ascenderat.
1560 3595 1680 3650 Mox
1727 3598 1835 3650 ira-

263 3688 467 3742 cundia
524 3687 580 3741 in
624 3686 1004 3755 aegritudinem
1064 3694 1411 3752 transeunte,
1472 3690 1714 3758 querelis
1778 3699 1834 3744 et

263 3779 582 3847 planctibus
605 3778 854 3831 dolorem
886 3792 1046 3832 suum
1070 3778 1391 3832 declaravit.
1420 3778 1538 3833 Non
1581 3780 1743 3834 latuit
1778 3780 1831 3834 id

259 3871 402 3940 quod
440 3869 716 3923 acciderat
758 3869 936 3922 virum
983 3869 1180 3937 ipsius,
1220 3872 1316 3937 qui
1346 3881 1546 3939 praeter
1581 3873 1834 3926 ambitio-

262 3976 384 4016 nem
414 3962 693 4029 propriam
722 3960 977 4014 lamentis
1014 3960 1180 4013 etiam
1228 3963 1420 4017 uxoris
1466 3962 1835 4017 inflammatus

260 4049 316 4103 in
347 4049 686 4103 desiderium
720 4049 967 4113 ultionis,
997 4053 1189 4104 modos
1215 4065 1403 4105 secum
1440 4052 1601 4122 156
1637 4054 1834 4123 exqui-

260 4142 391 4196 sivit
420 4155 570 4210 aegre
604 4138 836 4194 faciendi
877 4140 1068 4194 vetulae
1108 4155 1171 4194 ea
1213 4140 1315 4209 ipsi
1359 4145 1671 4211 repanenda
1702 4159 1835 4198 con-

259 4232 507 4293 tumelia,
549 4245 670 4300 quae
697 4232 810 4284 acri
848 4230 933 4284 sui
965 4246 1130 4285 sensu
1173 4231 1674 4302 Strategopulinam
1721 4235 1832 4290 alte

258 4323 563 4377 vulnerans
615 4322 700 4374 vel
747 4329 1134 4387 compensaret
1179 4321 1266 4374 vel
1302 4321 1685 4377 consolaretur
1715 4338 1830 4379 mo.

258 4413 473 4467 lestiam
519 4427 627 4481 qua
659 4427 782 4464 cum
821 4411 939 4479 ipse
968 4422 1079 4464 tum
1111 4412 1309 4481 eonjux
1355 4413 1588 4466 fuissent
1619 4429 1685 4467 ex
1710 4415 1830 4484 ejus

258 4504 581 4563 contemptu
612 4495 942 4549 contristati.
971 4495 1050 4548 Ac
1090 4495 1144 4548 in
1192 4498 1370 4585 ipsum
1402 4497 1621 4585 quidem
1654 4498 1827 4567 proti-
1855 4511 1908 4570 ι)
1936 4512 2008 4563 mi
2038 4512 2341 4582 principum
2366 4531 2433 4569 ex
2465 4518 2724 4585 opinione

258 4597 365 4637 nus
401 4583 537 4635 iram
565 4595 888 4649 expromere
931 4592 1038 4634 non
1079 4583 1277 4649 potuit,
1328 4583 1599 4637 reveritus
1641 4599 1832 4652 perso-

258 4690 386 4728 nam
441 4674 733 4728 nobilitate
782 4689 883 4728 sua
918 4683 1115 4739 tutam,
1160 4685 1216 4730 et
1257 4677 1523 4732 afﬁnitate
1569 4679 1832 4748 principis

260 4766 754 4820 commendabilem
779 4776 887 4818 tam
923 4779 1040 4820 arta
1075 4775 1133 4820 ut
1159 4768 1295 4822 aviae
1315 4769 1489 4837 ipsam
1520 4769 1835 4839 dignatione

263 4855 548 4923 Augustus
582 4866 1031 4923 prosequeretur.
1083 4855 1280 4910 Verum
1335 4873 1459 4912 cum
1511 4870 1655 4913 esset
1706 4861 1834 4917 huic

267 4945 517 4999 minister
557 4945 890 4999 domesticus
937 4945 1135 5013 oppido
1170 4947 1394 5012 charos,
1436 4948 1833 5007 Constantinus

263 5036 651 5090 Maurozomas
683 5036 929 5102 nomine,
961 5053 1072 5107 quo
1106 5040 1225 5093 viro
1272 5041 1338 5094 ad
1379 5040 1523 5095 foeda
1571 5043 1832 5110 obsequia

262 5135 606 5179 secretarum
651 5123 944 5179 libidinum
983 5141 1125 5181 anus
1173 5128 1323 5181 abuti
1374 5130 1669 5195 ferebatur,
1713 5147 1834 5200 per-

261 5215 458 5269 callide
514 5229 574 5270 se
612 5213 884 5269 facturum
924 5218 1177 5283 credidit,
1236 5221 1280 5272 si
1327 5220 1540 5275 amasio
1583 5222 1832 5277 mulieris

260 5318 423 5372 quam
442 5304 636 5357 oderat
658 5304 860 5374 insigni
882 5305 1149 5360 dedecore
1170 5309 1504 5365 traducendo
1527 5326 1632 5365 non
1655 5312 1832 5366 solum

261 5397 365 5465 ipsi
419 5394 732 5449 cordolium
783 5409 849 5447 ex
885 5396 1032 5449 malo
1083 5396 1269 5452 dilecti
1316 5415 1487 5468 grave
1536 5404 1828 5471 incuteret,

1943 3241 2246 3299 familiares
2277 3245 2731 3319 Porphyrogeniti
2773 3251 2929 3320 jussu
2958 3254 3075 3322 ejus
3121 3260 3299 3326 palam
3332 3268 3515 3317 atteno

1943 3344 2175 3399 tassent,
2214 3336 2496 3392 enimvero
2531 3350 2715 3396 motus
2758 3342 2850 3397 illo
2896 3360 3003 3399 non
3037 3361 3228 3414 parum
3267 3359 3372 3413 est,
3427 3351 3511 3406 iu-

1939 3421 2173 3492 dignans
2215 3427 2568 3483 vehementer
2615 3431 2751 3486 nihil
2805 3436 3100 3490 reveritum
3162 3443 3507 3507 praesentiam

1940 3510 2287 3582 imperatoris
2320 3522 2532 3572 tantum
2568 3533 2692 3574 esse
2736 3536 2923 3576 ausum
2954 3524 3505 3600 Porphyrogenitum.

1938 3601 2145 3658 Tamen
2167 3620 2475 3673 compressa
2500 3610 2553 3661 in
2582 3624 2821 3678 praesens
2848 3613 2930 3668 ira
2959 3615 3107 3670 misit
3138 3619 3388 3676 celeriter
3413 3626 3508 3692 qui

1937 3692 2341 3750 Haurozomam
2384 3697 2717 3768 imperarent
2765 3705 2962 3760 dimitti
3031 3708 3301 3779 liberum;
3361 3719 3507 3784 quod

1943 3799 2083 3851 agre
2112 3787 2353 3854 quidem,
2383 3791 2597 3845 tandem
2655 3803 2835 3849 tamen
2900 3801 3229 3866 praevalente
3268 3810 3510 3861 auctori-

1938 3884 2048 3930 tate
2081 3892 2297 3932 summa
2331 3880 2627 3949 perfectum
2663 3894 2767 3939 est.
2797 3885 2938 3941 Hinc
2965 3889 3076 3956 jam
3113 3902 3232 3960 post
3274 3900 3533 3963 primam

1938 3967 2086 4020 illam
2114 3969 2454 4037 eruptionem
2492 3977 2963 4033 excandescentia
2991 3991 3250 4039 constans
3280 3986 3509 4043 olIensae

1939 4057 2239 4115 voluntatis
2298 4063 2514 4116 aversio
2574 4068 2883 4134 Augustum
2949 4070 3343 4129 abalienavita
3379 4093 3506 4146 ger-

1937 4162 2122 4214 mano,
2179 4166 2503 4216 versareque
2557 4157 2743 4212 animo
2796 4160 2971 4214 suasit
3028 4166 3260 4220 consilia
3321 4168 3507 4237 depri-

1936 4239 2119 4292 mendi
2171 4241 2291 4307 ejus
2328 4257 2491 4309 quem
2543 4257 2711 4312 supra
2752 4249 2977 4301 modum
3019 4251 3237 4307 videbat
3271 4255 3500 4314 eﬂerri:

1936 4344 2092 4384 suam
2132 4332 2333 4401 quippe
2374 4334 2430 4387 in
2466 4339 2858 4394 contumeliam
2894 4342 3205 4401 redundare
3239 4348 3506 4420 interpre-

1935 4422 2152 4476 tabatur
2185 4426 2361 4479 audax
2396 4426 2517 4494 ejus
2550 4427 2774 4495 factum,
2805 4439 2859 4485 et
2887 4432 3044 4504 157
3082 4451 3170 4503 eo,
3193 4454 3352 4507 quem
3385 4446 3505 4498 ani-

2767 4526 2973 4592 proprii
3005 4536 3352 4599 contemptus
3376 4548 3504 4589 seu-

1939 4602 2080 4658 tiunt
2129 4607 2482 4675 acerrimum,
2541 4611 2728 4665 dolore
2788 4617 3009 4684 penitus
3072 4622 3383 4679 stimulatus
3446 4629 3500 4683 in

1938 4693 2234 4750 ulciscendi
2264 4699 2617 4764 cupiditatem
2644 4701 3037 4770 ,incumbebat.
3065 4710 3307 4767 Primum
3341 4716 3505 4784 igitur

1935 4797 1963 4836 a
1996 4795 2288 4852 conspectu
2336 4785 2559 4841 fratrem
2595 4794 2818 4859 amovit,
2870 4796 3075 4866 diuque
3113 4802 3393 4858 absentem
3442 4822 3503 4861 se

1934 4875 2210 4944 negligere
2244 4877 2493 4932 funditus
2519 4882 2781 4945 ostendit,
2802 4899 2863 4938 ac
2886 4901 2952 4939 ex
2987 4868 3274 4946 intervallo
3305 4909 3500 4954 rursus

1932 4978 1992 5019 se
2023 4964 2343 5020 oll'erentem
2384 4968 2528 5022 haud
2568 4972 2704 5026 laetis
2756 4976 2967 5042 aspexit
3013 4980 3204 5036 oculis.
3260 4982 3502 5056 Denique

1932 5068 2057 5107 cum
2103 5055 2369 5123 equitanti
2404 5058 2653 5127 Augusto
2690 5078 2957 5131 germano
2990 5072 3283 5129 admovere
3319 5092 3379 5131 se
3411 5055 3500 5134 ille

1931 5144 2003 5203 de,
2048 5159 2200 5200 more
2276 5157 2532 5214 tentaret,
2590 5154 2674 5206 sui
2716 5154 2975 5213 viciniam
3030 5163 3251 5231 ademit,
3307 5173 3500 5238 procul

1931 5249 2055 5326 eum
2084 5235 2359 5326 ablegans.
2396 5238 2457 5291 In
2498 5254 2608 5307 quo
2642 5256 2751 5295 non
2788 5260 2979 5313 parum
3021 5250 3291 5308 hominem
3309 5235 3503 5326 pupu-

1931 5324 2026 5394 git,
2072 5325 2152 5379 sic
2193 5327 2479 5381 exclusum
2514 5332 2627 5384 voti
2669 5332 2887 5400 effectu,
2946 5353 3054 5406 quo
3082 5344 3242 5395 enixe
3276 5324 3500 5401 affecta-

1932 5423 2083 5468 verat
2130 5416 2460 5470 resumendo
2493 5419 2548 5471 in
2584 5424 2846 5478 comitatu
2883 5425 3072 5484 fratris
3101 5435 3326 5502 Augusti
3372 5432 3493 5491 loco

260 5489 354 5542 sed
385 5497 442 5542 et
475 5488 618 5590 clam
656 5487 917 5590 iactatam
955 5490 1323 5590 pepularibus-
1357 5495 1836 5590 susurrisobscot-
1919 5502 2183 5571 proximo
2239 5504 2343 5558 sibi
2384 5520 2635 5585 asserere
2692 5487 3384 5590 existimationemfcujus

260 5594 343 5634 nae
378 5594 505 5634 cum
539 5582 643 5634 huc
688 5577 899 5632 famulo
938 5583 1358 5637 consuetudinis
1405 5583 1690 5640 infamiam
1722 5587 1832 5643 fre-

259 5670 592 5736 quentandis
639 5669 710 5723 de
753 5669 918 5738 hujus
972 5671 1428 5729 dehonestatione
1476 5679 1829 5735 sermonibus

1930 5594 2276 5663 possessione
2307 5596 2401 5650 diu
2438 5598 2653 5668 l'uerat,.
2687 5603 2977 5663 familiaris
3007 5624 3130 5664 cum
3161 5628 3228 5667 eo
3258 5628 3496 5670 consue-

1930 5686 2136 5741 tudinis
2186 5695 2242 5740 et
2296 5689 2435 5753 grati
2485 5705 2549 5746 ac
2604 5693 2761 5750 liberi
2820 5713 3164 5768 congressus,
3221 5705 3492 5775 tenendis,

257 5762 583 5817 eventilaret
624 5775 690 5816 ac
722 5759 885 5818 latius
915 5775 1216 5834 Spargeret,
1268 5767 1506 5825 maximo
1557 5782 1826 5842 suspectae
1927 5790 2063 5847 quas
2117 5776 2322 5834 multas
2358 5779 2615 5850 habebat,
2651 5759 3172 5845 clientelisvutilem'.
3226 5791 3359 5848 Nam
3405 5759 3493 5848 τιέξ
