4018 6424
324 415 426 479 177

1222 429 1321 491 DE
1365 427 1817 494 ANDRONICO
1872 432 2347 497 PA‘L/EOLOG'O’
2378 436 2530 497 LIB.
2571 435 2654 494 Ιῐ.

3485 431 3595 498 ΓΞ8

319 535 596 602 ἐϐούλετο,
623 541 788 605 αὐτὸς
811 545 1134 615 ἀπελογεῖτο
1156 548 1232 612 ὼς
1250 550 1350 604 οὔκ
1375 550 1527 616 ἀξιον
1552 551 1903 623 πατριάρχην
1931 556 1981 615 Α
2009 553 2337 623 ποιούμενος
2368 548 2466 605 τοῦ
2486 569 2546 606 τε
2580 550 2765 605 λαθεῖν
2790 550 3000 604 ἐκεῖνον
3036 548 3120 619 ἐφ’
3153 540 3198 617 ᾧ
3228 546 3593 619 προσκαλοῖτο

319 628 400 692 ὥς
435 629 826 706 Τζυκανδύλην
857 634 1121 707 Νικήταν,
1162 642 1257 694 καὶ
1279 641 1414 695 αὐτὸ
1441 642 1506 712 δὴ
1549 643 1707 697 τοῦτο
1731 643 1904 713 ὄνομα

326 721 786 794 ὑποκοριζόμενος
815 728 876 799 (ό
906 729 952 783 δ’
984 727 1054 802 ἦν
1078 733 1107 786 ὀ
1143 733 1238 786 τοῦ
1265 735 1534 789 παλατίου
1557 735 1901 806 ἐλάχιστος),

321 813 478 882 παρά
509 814 774 885 βασιλέως
805 822 1267 889 προστάσσεσθαι.
1291 825 1382 890 Ὦς
1404 825 1535 894 γοῦν
1554 826 1701 881 οὕτω
1728 826 1903 881 ταῦτα

320 900 423 952 καὶ
451 903 481 953 ὁ
512 905 743 975 μοναχὺς
772 906 951 974 Σάϐας
984 912 1222 983 συνήθης
1249 913 1327 967 ὢν
1379 916 1577 985 ἐκείνῳ
1618 917 1808 979 πιστὸς
1846 918 1904 971 ἐν

319 990 541 1053 πολλοῖς
560 999 943 1064 κατεφαίνετο.
961 1001 1224 1067 ἀκούσας,
1239 1004 1313 1068 ὡς
1335 1005 1508 1074 ἔλεγε,
1535 1009 1668 1076 παρ’
1687 1007 1901 1061 ἐκείνου

324 1079 541 1149 βασιλεῖ
557 1088 987 1159 προσήγγελλεν,
1006 1091 1083 1155 ὡς
1098 1092 1262 1162 δῆθεν
1287 1096 1426 1165 πρὸς
1455 1097 1620 1151 αὑτὸν
1649 1097 1901 1166 λέγοντος

321 1172 385 1224 ιν
412 1174 751 1246 ἀπορρήτοις
803 1177 898 1231 τοῦ
949 1184 1461 1254 πορφυρογεννήτου
1500 1185 1576 1247 ὡς
1628 1186 1746 1256 ἅμα
1804 1187 1903 1257 μὲν

322 1265 584 1334 βασιλεὺς
612 1269 944 1341 ὲπιδημήσει
970 1274 1039 1341 τῇ
1086 1274 1521 1340 Κωνσταντίνου,
1560 1276 1679 1346 ἅμα
1717 1278 1775 1331 δὲ
1814 1280 1904 1331 τὸν

320 1359 676 1430 πατριάρχην
702 1362 950 1416 ἐκϐαλὼν
974 1364 1066 1417 τὸν
1100 1367 1335 1436 μοναχὸν
1367 1369 1594 1437 Κοσμᾶν
1644 1369 1903 1424 ἀντεισά-

320 1445 457 1510 ξειε.
487 1450 622 1502 Τότε
654 1449 787 1517 γοῦν
819 1452 913 1506 καὶ
948 1454 1149 1524 μᾶλλον
1175 1458 1204 1509 ὁ
1232 1457 1489 1527 βασιλεὺς
1532 1459 1901 1532 ὲξηγρίαινεν,

315 1542 370 1591 εί
400 1541 464 1606 γέ
496 1542 548 1594 οε
603 1543 932 1615 ὲκπολεμῴη
962 1548 1170 1612 ἐκεῖνος
1209 1549 1304 1603 καὶ
1341 1551 1504 1604 αὑτὸν
1552 1553 1903 1623 πατριάρχην

315 1630 675 1701 ψευδόμενος,
732 1637 857 1699 τοὺς
897 1640 1133 1703 οἰκείους
1197 1642 1390 1714 ἐκείνῳ
1444 1643 1899 1714 ὑποποιούμενος,

317 1724 416 1776 καὶ
452 1724 690 1794 ὑποψίας
715 1727 817 1781 οὐκ
845 1728 1059 1797 ἀγαθὰς
1103 1733 1410 1800 συνέλεγεν.
1463 1735 1679 1804 Ὀλίγον
1707 1739 1768 1790 τὸ
1801 1754 1902 1807 με-

317 1815 480 1881 ταξὺ,
539 1817 632 1869 καί
686 1835 835 1884 τινες
889 1821 997 1875 τῶν
1038 1823 1251 1877 ἐκείνου
1315 1824 1528 1894 βασιλεῖ
1584 1829 1904 1898 προσιόντες

321 1905 521 1974 μεγάλ’
548 1907 686 1963 ἄττα
711 1912 808 1964 καὶ
830 1913 911 1975 εἰς
937 1913 1194 1967 ἀπιστίαν
1218 1915 1319 1986 τὴν
1340 1918 1484 1970 κατὰ
1514 1918 1781 1989 βασιλέως
1811 1922 1906 1988 φέ-

320 2014 488 2064 ροντα
518 1998 704 2068 λέγειν
731 2019 789 2055 τε
820 2005 918 2057 καὶ
949 2008 1168 2076 φρονεῖν
1200 2009 1408 2063 ἐκεῖνον
1442 2009 1659 2077 σύναμα
1691 2027 1907 2079 πρωτο-

322 2090 1076 2167 στράτοριΣτρατηγοπούλῳ
1123 2097 1595 2171 διανυκτερεύοντί
1637 2103 1688 2155 οἰ
1738 2120 1908 2174 προσ·

321 2183 613 2249 ήγγελλον,
672 2186 767 2239 καί
800 2186 853 2255 γ’
881 2188 1128 2259 ἐλέγχειν
1169 2193 1312 2260 σφᾶς
1365 2193 1622 2264 ἑτοίμους
1679 2196 1909 2258 ἑαυτοὺς

321 2277 593 2343 παρεῖχον
630 2275 1030 2346 ἀναδεχομένου
1059 2278 1154 2332 τοῦ
1187 2279 1475 2349 βασιλέως.
1511 2281 1675 2336 Ταῦτ’
1709 2284 1908 2336 ἐκεῖνοι

324 2365 426 2435 μὲν
484 2366 696 2435 ἔλεγον,
760 2368 980 2423 ἐδόκουν
1011 2371 1068 2425 δὲ
1111 2372 1329 2435 πάντως
1381 2373 1446 2427 ὲκ
1474 2372 1583 2427 τῶν
1606 2375 1909 2445 γινομένων

322 2456 420 2509 καὶ
460 2458 528 2512 τὰ
562 2458 664 2527 τῆς
694 2459 1035 2529 κατηγορίας
1068 2461 1274 2517 πιθανά
1319 2465 1435 2527 τοῖς
1486 2464 1767 2520 ἀκούουσι.
1808 2465 1910 2519 Διά

319 2546 500 2601 ταῦτα
554 2547 618 2620 δὴ
657 2548 860 2620 πολλὴν
915 2552 1011 2605 καὶ
1054 2553 1322 2623 μεγίστην
1351 2556 1607 2627 πρόνοιαν
1630 2557 1660 2609 δ
1688 2554 1908 2626 κρατῶν

323 2726 532 2797 passim
595 2729 834 2784 creditae.
886 2729 1058 2786 Plane
1084 2731 1286 2802 quippe
1323 2747 1622 2803 persuasus
1660 2743 1777 2789 erat
1806 2735 1913 2789 im-

322 2826 570 2888 perator,
637 2835 978 2890 quascunque
1054 2823 1227 2879 Sabas
1300 2816 1520 2895 ageret,
1582 2827 1911 2897 patriarchae

318 2908 609 2971 voluntate
634 2910 774 2973 ﬁeri.
805 2922 969 2981 prout
996 2914 1298 2969 declaravit
1324 2915 1437 2983 ipse
1468 2928 1659 2986 postea
1688 2917 1906 2973 cuidam

330 2999 613 3067 episcopo,
661 3016 933 3057 excusans
964 3004 1108 3072 quod
1148 3003 1324 3059 facere
1354 3005 1556 3060 Sabam
1593 3022 1716 3078 qua:
1748 3008 1911 3064 vellet

333 3089 551 3145 sineret.
590 3092 670 3145 Ac
699 3106 825 3147 cum
883 3094 1223 3162 reposuisset
1267 3096 1580 3166 episcopus,
1626 3108 1910 3170 utcunque

2010 642 2106 696 τοῦ
2139 643 2186 696 θ’
2217 643 2446 709 ἁλῶναι,
2472 642 2569 696 καὶ
2595 642 2669 713 μή
2696 659 2750 695 τι
2775 643 2869 697 καί
2894 639 3277 708 νεωτερισθείη
3296 637 3428 709 παρ’
3451 638 3595 692 ὲκεί-

2006 750 2119 799 νου,
2146 734 2223 798 ὡς
2244 733 2402 805 ᾤετο,
2424 733 2648 802 πέμψας
2678 732 2802 800 ἄγει
2832 732 2963 801 παρ’
2982 729 3162 800 ἑαυτῷ
3179 730 3276 791 τὰς
3306 728 3589 792 δυνάμεις,

2006 825 2102 879 καὶ
2126 829 2241 888 τοίς
2267 825 2492 888 οἰκείοις
2517 827 2683 877 πᾶσιν
2702 821 2795 876 ὑπ’
2821 823 2996 889 αὐγὰς
3017 822 3092 875 ἕω
3115 818 3421 887 ἐπήγγελλε
3446 817 3594 869 κατά

2005 913 2067 967 τὸ
2097 912 2358 968 παλάτιον
2397 912 2875 985 συναθροίζεσθαι.
2904 912 3013 966 Καὶ
3042 910 3164 963 τότε
3193 909 3324 975 περί
3355 906 3461 976 πλῇ
3480 904 3579 957 )ου-

2007 1020 2107 1057 σαν
2133 1004 2338 1075 ἀγορὰν
2374 1004 2598 1074 πέμψας
2626 1004 3015 1073 προσκαλεῖται
3058 1002 3151 1054 τὸν
3194 1002 3314 1062 ταῖς
3351 1014 3594 1065 κατηγο-

2009 1094 2152 1162 ρίαις
2199 1096 2541 1165 ἐνεχόμενον,
2603 1094 2774 1165 μηδὲν
2811 1094 3058 1164 ἀκριϐῶς
3108 1092 3304 1147 εἰδότα.
3338 1089 3423 1161 ἰν.
3464 1086 3591 1158 107]

2012 1189 2078 1240 ’0
2113 1189 2209 1241 καὶ
2263 1188 2352 1242 διὰ
2382 1189 2597 1259 ταχέων
2653 1188 3102 1257 παραγενόμενον
3131 1189 3159 1237 ὁ
3199 1185 3297 1253 μὲν
3332 1181 3595 1253 βασιλεὺς

2007 1277 2189 1342 εὐθὺς,
2214 1279 2290 1347 μὴ
2312 1274 2421 1340 οἷός
2442 1279 2493 1330 τ’
2509 1276 2584 1330 ὢν
2604 1278 2857 1346 κατέχειν
2874 1276 2969 1337 τάς
3002 1274 3122 1326 κατ’
3151 1273 3364 1326 ἐκείνου
3400 1269 3597 1340 ὀργὰς,

2007 1370 2123 1439 ἅμα
2166 1371 2266 1441 μὲν
2300 1372 2531 1432 ἐκεῖνον,
2573 1370 2692 1438 ἅμα
2742 1369 2800 1421 δὲ
2828 1366 3042 1421 καὶτὸν
3077 1362 3593 1435 Στρατηγόπουλον,

2009 1463 2127 1532 μετ’
2161 1461 2222 1514 οὗ
2253 1461 2388 1515 πολὺ
2414 1463 2510 1515 καί
2540 1461 2731 1513 τοῦτον
2758 1462 2871 1523 τοῖς
2902 1459 3088 1520 αὐτοῖς
3113 1457 3400 1524 ἐνέχεσθαι
3427 1470 3600 1507 κατα-υ

2006 1552 2369 1620 γνωσθέντα,
2431 1553 2766 1620 ὀνειδισμοῖς
2822 1568 2883 1603 τε
2941 1550 3035 1603 καὶ
3107 1546 3597 1619 προπηλακισμοῖς

2005 1642 2219 1707 ἔϐαλλε,
2261 1644 2378 1707 καὶ,
2432 1662 2449 1695 ι
2508 1643 2574 1694 Τί
2624 1641 2911 1703 παθόντες,
2947 1634 2993 1693 ὦ
3026 1631 3198 1704 οὗτοι,
3232 1656 3251 1687 ι
3309 1633 3598 1705 παρούσης

2008 1734 2104 1788 καὶ
2139 1733 2320 1804 πάσης
2350 1734 2449 1802 τῆς
2474 1732 2784 1801 συγκλήτου
2818 1730 2968 1794 ἐϐόα,
3017 1747 3035 1779 ι
3077 1729 3171 1781 καὶ
3209 1728 3399 1780 κακῶν
3440 1725 3603 1778 κιῑικι-Δ

2008 1842 2147 1888 στοι,
2178 1825 2334 1878 αὐτοὶ
2365 1823 2582 1876 τοσαῦτ’
2622 1823 2838 1893 ἔχοντες
2871 1820 3050 1890 ἀγαθὰ
3089 1819 3221 1889 παρ’
3252 1817 3411 1887 ἐμοῦ,
3434 1817 3495 1870 τὸ
3518 1817 3599 1878 είς

2009 1916 2281 1980 ἀναϐολὰς
2320 1916 2554 1986 ὀφθῆναι
2605 1914 2742 1983 πρὸς
2794 1913 2884 1966 τὸν
2940 1913 3236 1981 εὐεργέτην
3293 1910 3449 1963 κακοί
3509 1906 3598 1961 06’-

2012 2028 2210 2082 μενουν
2249 2009 2440 2063 θέσθαι
2488 2006 2931 2079 προεθυμήθητε,
2962 2006 3076 2060 ἀλλ’
3103 2006 3163 2070 ἐξ
3212 2006 3382 2073 αὐτῆς
3435 2002 3462 2054 ὀ
3499 2001 3598 2071 μὲν

2008 2101 2267 2155 δεσπότου
2305 2101 2402 2154 καὶ
2426 2099 2787 2168 αὑταδέ).φου,
2820 2100 2848 2152 ὁ
2875 2099 2931 2152 δὲ
2963 2096 3228 2166 πρότερον
3267 2095 3369 2163 μὲν
3418 2094 3597 2147 αἰτίου

2009 2193 2103 2246 τοῦ
2127 2194 2223 2247 καὶ
2253 2193 2332 2247 ἔτι
2369 2192 2588 2263 βλέπειν
2616 2192 2709 2245 τὸν
2742 2190 2919 2261 ἥλιον,
2963 2189 3188 2259 ὕστερον
3215 2187 3272 2241 δὲ
3305 2188 3397 2240 καὶ
3433 2186 3598 2255 εὐερ-

2011 2287 2194 2353 γέτου,
2214 2286 2442 2339 τοιαῦτα
2465 2301 2607 2339 κατα
2615 2282 3051 2354 μεμελετηκότες
3070 2279 3364 2349 ἐλέγχεσθε
3386 2295 3400 2343 ;
3435 2297 3454 2331 ι
3472 2278 3597 2341 Τοῖς

2010 2377 2056 2430 δ’
2081 2378 2438 2448 ἀρνουμένοις
2489 2377 2726 2445 πάμπαν
2756 2375 2853 2429 καὶ⁵
2899 2376 3024 2437 τοὺς
3053 2373 3318 2442 ἐλέγχους
3341 2369 3600 2439 ζητοῦσιν

2010 2467 2170 2530 εὐθὺς
2201 2469 2250 2521 οἰ
2281 2468 2636 2532 κατειπόντες
2668 2467 3026 2536 παρίσταντο,
3048 2466 3142 2518 καί
3176 2464 3251 2524 ὡς
3282 2459 3349 2533 ἦν
3373 2461 3607 2524 ἐκείνοις

2016 2559 2172 2630 ἰσχὺς
2201 2558 2319 2631 ἅμα
2341 2561 2436 2614 καὶ
2457 2560 2538 2623 είς
2566 2559 2801 2623 σπουδὴν
2825 2557 3105 2630 πρόθεσις,
3127 2557 3376 2625 ἤλεγχον.
3398 2552 3611 2605 Αὐτίκα.

2016 2752 2267 2807 magnam
2299 2746 2478 2793 autem
2530 2733 3027 2791 verisimilitudinis
3069 2731 3303 2800 speciem
3341 2746 3404 2786 ex
3437 2739 3600 2785 caete-

2017 2831 2094 2887 ris
2125 2846 2249 2900 qua:
2295 2832 2473 2899 palam
2507 2829 2620 2899 geri
2661 2829 3051 2890 cernebantur,
3078 2840 3267 2880 eorum
3321 2823 3605 2879 accusatio

2015 2924 2158 2993 apud
2213 2922 2504 2977 audientes
2534 2922 2842 2976 obtinebat.
2881 2921 3112 2987 Propter
3144 2918 3246 2972 ista
3277 2924 3475 2971 cuncta
3508 2916 3605 2971 de-

2012 3013 2185 3067 crevit
2222 3012 2524 3082 imperator
2576 3011 3102 3084 Porphymgenitum
3137 3007 3605 3079 comprehendere

2014 3104 2255 3158 accitum
2298 3102 2367 3157 ad
2405 3116 2466 3158 se
2502 3101 2784 3172 postridie.
2814 3104 2894 3154 Ad
2927 3101 3071 3169 quod
3105 3098 3215 3153 duo
3246 3098 3495 3167 quazdam
3546 3096 3605 3150 in

327 3181 431 3284 ista
491 3180 653 3250 jussu
704 3182 1031 3285 patriarchae
1078 3195 1425 3254 gererentur,
1481 3199 1663 3244 tamen
1714 3191 1911 3246 debere
1938 3226 1981 3285 ο
2012 3195 2205 3266 primis
2247 3192 2490 3249 curanda
2522 3193 2629 3248 sibi
2677 3192 2911 3262 putavit,
2964 3192 3119 3263 prius
3152 3189 3230 3244 sic
3264 3189 3450 3243 haberi
3486 3201 3601 3242 rem

323 3272 507 3341 ipsum
540 3285 727 3341 utpote
759 3274 1143 3344 imperatorem
1178 3294 1285 3332 non
1325 3281 1641 3349 permittere
1674 3285 1911 3353 patriar-

321 3365 489 3419 cham
546 3367 921 3435 imprudenter
974 3383 1155 3430 ruere,
1190 3369 1353 3423 etiam
1405 3373 1449 3424 si
1479 3373 1666 3433 vellet.
1727 3373 1796 3428 ad
1845 3389 1910 3430 ea

321 3459 615 3527 Augustus
646 3473 815 3511 unum
846 3458 981 3541 illud
1011 3459 1066 3512 in
1091 3459 1174 3513 sui
1215 3460 1593 3515 defensionem
1631 3462 1908 3532 allegavit,

323 3547 485 3616 atqui
532 3548 868 3602 conveniens
906 3562 1010 3601 non
1056 3558 1141 3603 est
1177 3552 1544 3617 patriarcham
1591 3553 1794 3621 pariter
1848 3569 1916 3608 ac

324 3640 727 3711 szcandelam
786 3639 1032 3693 Nicetam
1090 3641 1219 3707 (hoc
1273 3642 1449 3711 ipsum
1499 3644 1645 3698 enim
1710 3660 1908 3700 nomen

324 3729 690 3796 contemptim
728 3729 953 3796 protulit
1000 3728 1242 3786 hominis
1286 3739 1428 3786 notae
1474 3732 1701 3788 vilitatis
1748 3744 1911 3803 atque

325 3824 470 3878 adeo
541 3821 908 3891 palatinorum
993 3822 1240 3877 omnium
1326 3824 1520 3893 infimi)
1590 3825 1909 3894 imperatori

324 3915 548 3982 subjici.
596 3915 732 3969 Cum
766 3931 829 3969 ea
883 3915 1046 3985 igitur
1091 3915 1171 3971 sic
1217 3930 1275 3971 se
1316 3917 1598 3981 haberent,
1633 3927 1687 3972 et
1721 3935 1912 3974 mona-

325 4008 469 4061 chus
516 4005 690 4061 Sabas
728 4006 924 4060 crebro
950 4005 1340 4074 imperatorem
1388 4006 1673 4077 alloquens
1724 4010 1912 4065 multis

325 4100 377 4153 ci
409 4114 477 4153 ex
512 4112 640 4151 vero
680 4098 954 4152 nuntiatis
989 4096 1308 4167 opinionem
1333 4098 1440 4154 sibi
1467 4099 1612 4167 apud
1638 4115 1763 4154 eum
1792 4103 1911 4157 siu-

325 4206 475 4246 cera:
498 4189 621 4245 fidei
647 4198 919 4258 parasset,
943 4189 1139 4244 detulit
1169 4190 1215 4244 is
1237 4191 1303 4245 ad
1326 4193 1631 4261 Augustum
1656 4195 1910 4250 eumdem

326 4282 555 4337 audisse
585 4296 645 4337 se
691 4296 722 4334 e
751 4280 1248 4352 Porphyrogenito,
1293 4283 1344 4337 id
1385 4283 1488 4338 sibi
1546 4293 1606 4338 ut
1665 4301 1777 4340 rem
1824 4301 1913 4341 ar-

325 4387 526 4428 canam
583 4370 883 4436 indicante,
939 4371 1346 4442 imperstorem,
1382 4374 1547 4429 simul
1595 4374 1911 4431 Constanti-

327 4463 574 4533 nopolim
626 4464 988 4533 pervenisset,
1046 4463 1356 4531 ejecturum
1412 4466 1615 4520 throno
1666 4469 1909 4536 patriar-

2014 3301 2269 3362 arcanam
2304 3294 2364 3339 ut
2398 3284 2547 3339 nulla
2578 3283 2793 3338 ratione
2845 3281 3114 3352 suspicari
3165 3277 3617 3348 Porpliyt-ogenir

2013 3385 2105 3430 tus
2160 3384 2344 3444 posset
2400 3391 2573 3445 quare
2630 3381 2940 3435 vocaretur,
2996 3373 3227 3426 alterum
3282 3370 3484 3425 habere
3533 3369 3621 3423 ad’

2016 3479 2239 3517 manum
2267 3477 2360 3518 eas
2399 3462 2613 3529 copias,
2640 3461 2843 3530 quibus
2889 3460 2999 3523 ille,
3034 3460 3078 3514 si
3122 3458 3259 3512 forte
3294 3472 3603 3527 repugnare

2017 3555 2407 3624 prensantibus
2429 3562 2745 3612 conaretur.
2774 3551 3029 3605 resistere
3058 3549 3310 3619 nequiret
3335 3564 3433 3602 nec
3461 3548 3604 3601 liber

2016 3646 2281 3714 effugere.
2337 3642 2518 3699 Jussis
2560 3657 2690 3713 ergo
2718 3640 3014 3696 convenire
3050 3640 3117 3693 ad
3169 3655 3226 3693 se
3256 3638 3604 3707 praetorianis

2017 3736 2355 3793 cohortibus.
2391 3742 2445 3788 et
2493 3734 2673 3788 edicto
2707 3731 3030 3787 domesticis
3063 3730 3281 3785 cunctis
3312 3738 3375 3783 ut
3406 3728 3472 3782 ad
3507 3744 3605 3796 pa.

2020 3827 2213 3882 latium
2272 3835 2470 3895 praesto
2520 3831 2706 3880 essent
2766 3823 2870 3877 sub
2919 3822 3306 3890 crepusculum
3364 3832 3603 3881 altrum“,

2017 3916 2199 3971 forum
2235 3916 2552 3971 universum
2588 3922 2923 3969 armatorum
2971 3911 3327 3966 multitudine
3357 3909 3602 3978 comple-

2013 4009 2113 4063 vit.
2145 4010 2300 4062 Tunc
2335 4009 2485 4063 misit
2511 4006 2606 4076 qui
2644 4006 2746 4060 sibi
2780 4005 3041 4059 sisterent
3083 4017 3207 4055 eum
3251 4002 3344 4071 qui
3373 4014 3606 4055 accusa-

2014 4113 2106 4156 tus
2138 4103 2339 4166 fuorat,
2376 4100 2511 4154 nihil
2543 4108 2694 4153 certo
2728 4098 2995 4152 scientem
3028 4097 3096 4150 de
3125 4111 3292 4149 causa
3333 4094 3402 4148 ob
3436 4110 3601 4163 quam

2013 4181 2324 4248 vocaretur.
2377 4191 2511 4257 Quo‘
2561 4190 2817 4245 celeriter
2862 4188 3123 4247 adducto.
3184 4185 3262 4240 uti
3324 4194 3379 4239 et
3440 4187 3605 4253 paulo

2014 4293 2140 4354 post
2177 4280 2589 4350 Strategnpttlo,
2628 4280 2683 4332 in
2734 4280 2926 4334 ambos
2960 4285 3019 4330 ιιι
3050 4277 3162 4346 jam
3196 4275 3604 4346 praedamnatos

2015 4375 2149 4429 iram
2181 4389 2288 4426 non
2318 4372 2613 4426 continens
2659 4369 3006 4425 stomachum
3055 4367 3260 4437 erupit,
3288 4366 3604 4436 opprobriis

2015 4475 2304 4533 utrumque
2338 4477 2403 4517 ac
2446 4460 2717 4517 conviciis
2784 4458 3163 4529 proscindens,
3203 4457 3287 4511 his
3333 4471 3427 4511 eos
3454 4471 3604 4511 com-

326 4554 490 4608 cham
526 4560 579 4606 et
627 4551 885 4607 Cosmam
937 4552 1267 4606 monachum
1311 4552 1362 4606 in
1399 4555 1519 4622 ejus
1550 4555 1730 4609 locum
1783 4572 1909 4624 pm.
1943 4553 1989 4609 D
2019 4555 2229 4624 pellans
2261 4553 2445 4608 verbis
2469 4566 2605 4606 voce
2636 4559 2917 4613 contenta,
2955 4561 3151 4604 senatu
3197 4556 3416 4602 astante
3476 4546 3600 4598 uni-

328 4652 630 4698 moturum.
676 4640 793 4696 Hoc
839 4656 967 4696 vero
1038 4643 1224 4696 audito
1301 4643 1474 4711 magis
1546 4646 1910 4703 exacerbatus

328 4733 633 4803 imperator
661 4742 764 4793 est,
793 4731 1085 4798 indignans
1119 4731 1317 4786 armari
1368 4733 1659 4788 adversum
1694 4750 1752 4790 se
1783 4735 1908 4788 irri-

334 4825 554 4894 tarique
604 4839 634 4878 a
670 4822 839 4878 fratre
873 4822 1238 4892 patriarcham
1282 4823 1434 4879 falsis
1485 4825 1703 4881 indiciis
1742 4825 1912 4880 eonfi-

330 4927 551 4971 ctarum
624 4929 828 4976 rerum,
887 4928 951 4968 ac
1011 4913 1450 4968 insusurratione
1507 4915 1909 4971 calumniarum

331 5010 569 5063 istarum
622 5004 889 5060 demereri
946 5020 1073 5059 eum
1140 5004 1244 5058 sibi
1303 5005 1604 5062 familiares
1662 5007 1909 5077 ejusdem

331 5098 595 5162 studere;
642 5099 694 5151 in
728 5113 839 5166 quo
874 5095 1025 5149 illum
1055 5105 1304 5163 spectare
1336 5097 1671 5153 invasionem
1698 5099 1933 5169 imperii-

332 5206 444 5245 non
477 5189 659 5243 inanis
692 5189 969 5241 videretur
994 5201 1115 5242 esse
1143 5187 1408 5256 suspicio.
1434 5187 1550 5242 Non
1584 5191 1817 5244 multum
1846 5190 1914 5246 ab

332 5285 437 5338 hoc
472 5291 692 5350 tempus
735 5280 1047 5341 efﬂuxerat,
1103 5295 1224 5334 cum
1270 5281 1445 5349 aliqui
1480 5298 1510 5336 e
1549 5281 1913 5340 familiaribus

331 5370 797 5443 Porphyrogeuiti
855 5369 1098 5437 ejusdem
1162 5369 1469 5438 Angustum
1538 5370 1799 5426 adeuntes
1862 5373 1912 5427 ei

334 5475 496 5519 noctu
540 5462 862 5516 nuntiarunt
917 5476 1112 5527 magna
1173 5459 1324 5512 illum
1360 5459 1607 5529 quaedam
1642 5472 1696 5516 et
1726 5463 1792 5515 ad
1828 5480 1916 5518 re-

335 5554 651 5618 bellionem,
684 5560 741 5605 ut
785 5551 1104 5622 apparebat,
1149 5551 1310 5620 160
1343 5554 1645 5620 spretantia
1678 5554 1832 5624 loqui
1860 5564 1917 5609 et

338 5645 649 5701 machinari
706 5660 831 5697 cum
883 5651 1275 5711 protostratore
1311 5643 1731 5714 Strategopulo;
1773 5663 1836 5699 ac
1870 5649 1914 5701 si

340 5749 609 5797 annueret
656 5738 976 5802 imperator,
1033 5746 1251 5805 paratos
1283 5752 1404 5790 sese
1434 5737 1499 5791 ad
1531 5752 1627 5792 eos
1680 5739 1915 5793 convin-

341 5833 543 5889 cendos
598 5830 951 5887 exhibebant.
1022 5825 1148 5883 llaec
1210 5827 1284 5882 illi
1351 5828 1570 5897 quidem
1620 5829 1913 5885 dixerunt:

2013 4660 2211 4702 verso:
2244 4665 2263 4697 ι
2302 4646 2457 4711 Quae,
2508 4643 2738 4709 malum,
2801 4645 2937 4699 heus
2968 4657 3065 4696 vos
3113 4643 3165 4695 in
3222 4654 3600 4695 transversum

2014 4739 2257 4808 abripuit
2292 4736 2568 4803 vecordia,
2628 4735 2898 4789 malorum
2957 4733 3204 4803 pessimi,
3258 4741 3318 4784 ut
3349 4740 3481 4785 tota
3514 4747 3603 4785 me

2014 4828 2173 4883 bouis
2204 4828 2445 4894 acceptis
2472 4841 2579 4880 non
2610 4827 2743 4879 satis
2776 4824 3060 4889 habentes,
3084 4821 3228 4888 quod
3268 4825 3446 4890 ipsum
3478 4830 3601 4875 erat

2015 4920 2399 4990 vituperabile,
2438 4918 2579 4974 tardi
2625 4931 2889 4987 apparere
2923 4916 2975 4967 in
3033 4914 3317 4968 referenda
3351 4913 3601 4981 largitori

2014 5017 2212 5090 gratia,
2232 5018 2396 5071 etiam
2421 5013 2751 5069 affectaretis
2778 5010 3045 5066 maleficia
3070 5007 3376 5063 benefactis
3408 5025 3603 5077 repen-

2015 5107 2163 5172 dere,
2200 5113 2306 5159 tam
2358 5103 2568 5159 atrocia
2626 5102 2863 5158 convicti
2927 5100 3094 5155 fuisse
3149 5099 3471 5163 machinati,
3516 5099 3603 5152 hic

2015 5196 2234 5265 quidem
2276 5195 2328 5248 in
2376 5195 2661 5248 dominum
2712 5191 3078 5261 eumdcmque
3128 5205 3445 5257 germanum
3491 5187 3602 5241 fra-

2018 5297 2182 5351 trem,
2218 5285 2306 5339 illc
2342 5292 2522 5338 autem
2580 5285 2635 5337 in
2670 5298 2796 5337 eum
2837 5284 2924 5337 cui
2966 5284 3203 5350 primum
3237 5283 3395 5334 debet
3448 5279 3594 5347 quod

2017 5379 2198 5432 adhuc
2263 5376 2417 5446 161
2474 5375 2609 5429 solis
2660 5374 2847 5428 lumen
2901 5354 3103 5433 videat.
3156 5373 3353 5427 deinde
3401 5370 3495 5437 qui
3549 5368 3600 5421 ei

2017 5466 2341 5520 beneficium
2388 5464 2513 5518 vitae
2552 5474 2782 5518 servatae
2834 5463 2995 5517 donis
3045 5463 3186 5517 ultro
3237 5459 3467 5529 adjectis
3509 5473 3606 5511 cu-

2018 5556 2270 5611 mulavit.
2315 5575 2334 5607 »
2375 5557 2457 5609 Ad
2513 5556 2658 5611 hanc
2706 5557 3207 5625 inopinatissimam
3271 5552 3598 5606 invectivam

2018 5661 2142 5701 cum
2178 5647 2339 5700 ambo
2370 5662 2469 5717 pro
2496 5663 2557 5701 se
2582 5649 2819 5717 quisque
2844 5655 3203 5715 pernegarent
3234 5657 3294 5697 se
3319 5641 3597 5708 conscios,

2021 5742 2221 5793 nedum
2272 5739 2557 5794 convictos
2601 5740 2763 5794 ullius
2813 5738 2871 5791 in
2913 5739 3302 5806 imperatorem
3355 5731 3602 5787 meditati

2021 5832 2267 5899 sceleris,
2317 5841 2373 5889 et
2434 5830 2690 5899 proferri,
2750 5846 2872 5899 quae
2928 5842 3160 5897 purgare
3212 5824 3605 5881 refellendo“
