4018 6412
530 373 638 440 179

1665 377 1994 439 GEORGII
2035 375 2521 437 PACHYMERE

3648 369 3749 435 180

526 493 728 552 τοίνυν,
765 485 855 543 οἷα
884 489 1035 558 φιλεῖ
1083 489 1177 544 ἐπὶ
1215 491 1480 555 τοιῡΰτσις
1514 490 1799 563 γίνεσθαι,
1833 476 1996 560 θροῦς
2030 487 2098 561 ἦν
2126 492 2177 550 Δ
2204 486 2303 561 τῆς
2333 488 2666 563 Ἕκκλησίας
2706 491 3031 554 ἀσυνοεσίας
3083 490 3237 560 πρὸς
3276 487 3499 558 βασιλέα
3520 486 3753 557 ἔγκλημα

526 582 635 637 τῶν
672 582 772 652 μὲν
828 582 1306 652 ὲκπληττομὲνων,
1370 584 1480 639 τῶν
1505 585 1561 639 δὲ
1588 585 1688 639 καὶ
1730 584 2093 656 στυχούντων,

526 673 704 727 ἄλλων
734 673 790 728 δὲ
816 674 912 729 καί
944 673 1107 738 πλέον
1124 674 1218 726 τοῦ
1241 674 1447 739 εἰκότος
1475 677 1621 731 κατά
1652 693 1774 729 τινα
1798 675 2098 745 θεραπείαν

528 768 1060 839 παρακεκινημὲνων
1116 768 1209 820 καὶ
1262 768 1443 836 λέγειν
1492 769 1588 822 καὶ
1618 770 1898 838 πράττειν.
1935 764 2098 827 Τέλος

525 860 653 922 τοὺς
686 860 784 930 μὲν
809 860 909 921 τὰς
956 860 1183 913 ἐκείνων
1216 860 1394 922 οἰκίας
1426 860 1755 923 πολυόλϐους
1787 859 1975 922 οὔσας,
2004 857 2100 910 καὶ

414 950 429 959 ”
482 1028 491 1033 Δ
530 949 734 1018 μᾶλλον
758 950 857 1021 τὴν
888 950 981 1003 τοῦ
1015 952 1555 1023 πορφυρογεννήτου,
1606 950 1934 1015 καθέξοντας
1963 950 2101 1001 ἀποο

531 1040 767 1106 στέλλει,
816 1041 1012 1104 αὐτοὺς
1045 1042 1102 1095 δὲ
1144 1045 1236 1094 τὸν
1276 1041 1376 1111 μὲν
1403 1041 1669 1111 φυλακαῖς
1696 1040 1889 1103 ἐδίδου,
1928 1041 2020 1090 τὸν
2053 1038 2097 1090 δ’

530 1132 761 1202 ἀδελφὸν
793 1133 1121 1200 συγκλείσας
1146 1132 1230 1186 ἑνὶ
1262 1133 1371 1185 τῶν
1397 1134 1538 1186 κατὰ
1571 1133 1640 1186 τὰ
1671 1133 1911 1186 παλάτια
1944 1130 2101 1200 βασι-

529 1224 699 1278 λικῶν
718 1225 1037 1294 οἰκημάτων
1071 1227 1127 1279 ὲν
1164 1224 1402 1293 ἀσφαλεῖ
1424 1225 1798 1295 καθείργνυσι.
1836 1222 2102 1292 Προνοίας

529 1314 576 1368 δ’
599 1315 812 1379 ὲκείνας
840 1318 931 1369 καὶ
954 1316 1153 1383 ἀγέλας
1200 1316 1296 1367 καὶ
1327 1316 1615 1387 ἀποθήκας
1646 1316 1914 1369 παντοίων
1946 1315 2104 1368 εἰδῶν

529 1409 625 1463 καὶ
652 1410 877 1481 χρυσὸν,
908 1411 999 1462 τὸν
1035 1410 1133 1478 μὲν
1182 1409 1241 1461 ὲν
1272 1409 1573 1478 νομίσμασι
1616 1411 1982 1476 κεκομμένον.
2013 1407 2104 1460 τὸν

528 1500 575 1555 δ’
604 1504 662 1555 ἐν
697 1502 1021 1570 ἐκπώμασιν
1053 1502 1435 1571 εἰργασμένον.
1472 1502 1566 1553 καὶ
1604 1500 1846 1571 ἄργυρον
1878 1501 1973 1554 καὶ
2004 1498 2105 1551 πέ-

531 1593 642 1647 πλα
672 1594 990 1647 παντοδαπὰ
1041 1593 1120 1663 τῷ
1164 1593 1330 1662 κοινῷ
1359 1593 1593 1660 ταμιείῳ
1624 1590 2103 1661 προσανετίθεντο,

533 1685 627 1740 καὶ
655 1685 689 1755 ἡ
723 1685 874 1756 χλιδὴ
906 1685 1088 1755 ἐκείνη
1113 1686 1207 1745 καὶ
1241 1684 1570 1754 περιφάνεια
1599 1686 1728 1753 μιᾶς
1755 1683 1903 1752 ὧρας
1934 1681 2107 1752 σκηνὴ

536 1774 632 1829 καὶ
666 1776 917 1842 παίγνιον
946 1771 1034 1846 ἦν.
1084 1776 1196 1828 Καὶ
1248 1775 1435 1845 θαῦμα
1474 1770 1542 1845 ἦν
1572 1777 1685 1838 τοῖς
1717 1774 1917 1845 ὁρῶσιν
1945 1772 2104 1840 ὄγκος

534 1865 788 1927 τοσοῦτος
831 1866 1043 1936 τρυφῆς
1091 1864 1186 1919 καὶ
1250 1865 1426 1927 οἰκίας
1487 1864 1747 1933 τοιαύτης
1806 1861 2110 1932 φιλοτιμία.

537 1957 663 2029 μηδ’
691 1959 860 2027 αὐτῆς
895 1958 1166 2028 βασιλείου
1196 1961 1338 2012 κατὰ
1374 1956 1509 2011 πολὺ
1532 1956 1881 2025 λειπομένης,
1906 1954 2022 2015 πῶς
2054 1954 2113 2004 ὲν

535 2049 737 2118 ἀκαρεῖ
780 2048 861 2110 εἰς
904 2050 964 2101 τὸ
1024 2048 1189 2119 μηδὲν
1246 2049 1578 2118 κατήντησε,
1634 2047 1735 2100 καὶ
1786 2045 1854 2097 τὰ
1882 2042 2114 2113 λαμπρὰ

536 2140 720 2192 ἐκεῖνα
766 2140 862 2192 καὶ
917 2140 1057 2203 τέως
1111 2140 1423 2212 περίπυστα
1457 2139 1769 2209 πνευσάσης
1815 2133 2114 2207 δυσχεροῦς

537 2230 634 2283 καὶ
665 2229 1016 2302 τελχινώδους
1044 2230 1218 2300 αὔρας
1241 2230 1599 2285 κατέσϐεστο.

609 2323 724 2377 Καὶ
752 2323 902 2377 ταῦτ’
930 2323 1232 2393 ἐπράττετο
1266 2324 1497 2392 Κρονίου
1526 2321 1716 2393 μηνὸς,
1742 2321 1829 2375 ὅτε
1861 2318 1956 2373 καὶ
1990 2316 2115 2371 πολ-

535 2413 652 2478 λοῖς
692 2414 791 2485 μὲν
818 2415 926 2489 τῶνν
957 2414 1053 2469 τοῦ
1087 2413 1372 2481 παλατιου,
1397 2413 1499 2466 οὐκ
1548 2413 1747 2481 ὀλίγοις
1795 2410 1852 2464 δὲ
1883 2410 1980 2463 καὶ
2005 2408 2114 2462 τῶν

539 2602 770 2665 paratos
826 2594 1069 2655 aiebant,
1126 2593 1491 2649 accusationis
1546 2601 1869 2663 argumenta
1924 2604 2117 2660 posce~

537 2692 682 2746 rent,
723 2683 906 2738 statim
944 2682 1239 2738 adfuerunt
1282 2684 1377 2753 qtti
1414 2698 1509 2737 eos
1544 2683 1873 2743 detulerant,
1917 2690 1972 2735 et
2017 2694 2115 2749 pro

540 2789 642 2830 sua
679 2776 916 2845 quisque
969 2772 1227 2828 facultate
1273 2788 1337 2826 ac
1393 2773 1578 2827 studio
1611 2773 1938 2827 convincere
1989 2770 2115 2823 inti-

539 2864 744 2919 tiantes
798 2873 927 2919 sunt
981 2866 1190 2918 conati.
1251 2862 1388 2918 Dum
1441 2863 1555 2917 haec
1602 2872 1892 2934 geruntur.
1953 2869 2116 2930 prout

542 2954 687 3009 solet
733 2955 789 3009 in
834 2955 1054 3021 talibus,
1110 2971 1363 3009 murmur
1417 2955 1690 3009 increbuit
1742 2953 2116 3008 tumultuariis

450 3068 464 3085 ι
544 3047 809 3111 susurris,
862 3062 1000 3115 quos
1029 3046 1097 3099 ab
1142 3047 1243 3100 ista
1289 3045 1664 3114 spectantibus
1710 3044 1908 3114 partim
1948 3036 2115 3097 verus

2149 1838 2189 1890 Β

2207 589 2275 643 δι’
2299 591 2507 643 ἐκεῖνον
2529 589 2606 651 ὼς
2641 586 2802 658 δῆθεν
2838 583 3196 654 βασιλειῶντα
3226 582 3483 649 ἐφῆπται.
3508 576 3613 633 Ἦν
3655 580 3754 650 γὰρ

2207 683 2330 744 ταῖς
2357 681 2641 750 ἀληθείαις
2669 681 2697 733 ὁ
2725 679 2863 748 ἀνὴρ
2893 679 2950 739 ἐς
2975 677 3146 746 ἄκρον
3196 672 3636 742 φιλοδωρότατος,
3671 670 3758 723 καὶ

2209 773 2440 838 πολλοὺς
2469 774 2813 840 συνυπήγετο
2836 771 2947 833 τοῖς
2977 767 3469 837 φιλοφρονήμασιν,
3509 761 3646 815 ὥστε
3677 763 3758 814 καὶ

2208 867 2428 936 ἀγαπᾷν
2450 863 2968 935 εύεργετουμένους.
2995 859 3058 911 οὐ
3088 857 3193 928 μὴν
3222 856 3280 909 δὲ
3303 854 3445 909 ὥστε
3472 853 3563 907 καὶ
3594 867 3759 905 συνει-

2209 959 2360 1011 δέναι
2389 957 2438 1009 οἰ
2466 956 2500 1027 ἢ
2530 946 2595 1025 δὴ
2624 949 3024 1022 συμϐούλεσθαι
3066 947 3103 1002 ἃ
3127 947 3194 1015 δὴ
3243 946 3456 1006 ικεῖνος
3500 940 3650 1004 εἰδὼς
3677 940 3762 993 καὶ

2215 1049 2562 1120 βουλόμενος,
2618 1046 2693 1109 ὼς
2739 1045 2788 1098 οἰ
2841 1042 2962 1096 κατ’
3005 1039 3218 1095 ἑκείνου
3241 1038 3495 1105 λέγοντες
3516 1032 3762 1087 δεικνύειν

2211 1138 2380 1212 εἶχον,
2434 1138 2779 1209 ἐξηλέγχετο.
2835 1134 2962 1195 Τοῖς
2993 1126 3086 1185 οὖν
3126 1128 3219 1183 τοῦ
3250 1126 3516 1181 παλατίου
3564 1124 3763 1184 πολλοῖς

2210 1249 2353 1305 τισιν
2384 1230 2502 1284 οὖσι
2545 1232 2655 1290 τοῖς
2705 1226 2836 1296 παρ’
2893 1226 3101 1279 ἐκείνου
3146 1218 3623 1290 εὐεργετουμένοις
3651 1230 3763 1267 συν-

2206 1320 2507 1404 εγνωμόνει
2531 1322 2559 1372 ὁ
2590 1318 2864 1388 βασιλεὺς,
2924 1313 3009 1386 [Ρ.
3041 1311 3167 1383 108]
3200 1312 3339 1377 ὑπὲρ
3369 1308 3526 1373 ἀξίαν
3556 1308 3649 1377 μὲν
3675 1304 3761 1357 τοῦ

2213 1394 2470 1472 διδόντος.
2503 1408 2629 1472 ἀξια
2654 1407 2711 1460 δὲ
2749 1409 2863 1469 τοῖς
2907 1403 3248 1473 λαμϐάνουσι
3279 1400 3347 1453 τὰ
3377 1398 3625 1466 διδόμενα
3655 1394 3765 1462 κρί-

2215 1521 2343 1557 νων.
2381 1500 2620 1553 Ἐκεῖνον
2650 1498 2750 1565 μὲν
2773 1497 2882 1566 γὰρ
2906 1493 3134 1561 ἀδελφὺν
3155 1489 3422 1557 βασιλέως
3450 1487 3580 1540 ὄντα
3598 1482 3769 1536 τοσού-

2215 1612 2326 1657 τοις
2363 1591 2650 1661 δωρεῖσθαι
2705 1589 2848 1650 ὅσοις
2886 1586 3023 1656 μηδὲ
3052 1583 3278 1652 βασιλέα
3327 1579 3514 1648 σχεδὸν
3544 1574 3682 1635 εἰκὸς
3708 1567 3769 1641 ἧν

2215 1687 2396 1745 αἰτίας
2424 1684 2661 1736 ἐποιεῖτο
2682 1679 2841 1751 δῆθεν
2858 1694 2873 1709 ο
2901 1677 3028 1738 τοὺς
3057 1675 3113 1727 δέ
3137 1689 3201 1740 γε
3222 1670 3598 1740 λαμϐάνοντας
3628 1678 3771 1732 μεγι-

2220 1778 2420 1840 στᾶνας
2470 1775 2649 1838 θντας,
2685 1775 2733 1825 εἰ
2789 1770 2883 1825 καὶ
2928 1769 3073 1838 ὑπὲρ
3123 1767 3186 1819 τὸ
3231 1763 3430 1835 μέτρον
3460 1757 3767 1827 ἐλάμϐανον,

2217 1867 2333 1921 ἀλλ’
2359 1865 2451 1919 οὖν
2480 1863 2721 1927 δικαίους
2751 1856 2890 1914 εἶναι
2915 1858 3139 1911 τοιαῦτα
3183 1855 3277 1907 καὶ
3325 1852 3458 1906 τόσα
3491 1847 3771 1917 λαμϐάνειν

2216 1951 2821 2021 ὑποκατακλινομένους
2843 1948 3040 2018 ἐκείνῳ
3061 1949 3125 1999 ἐκ
3143 1945 3253 1997 τῶν
3275 1944 3503 1995 εἰκότων
3528 1937 3770 1989 ἐδικαίου.

2216 2050 2339 2111 Τοῖς
2368 2047 2423 2099 δὲ
2470 2046 2573 2114 τῆς
2623 2040 2951 2111 Έκκλησίας
3019 2039 3092 2108 μὴ
3144 2037 3292 2098 ὅπως
3324 2036 3439 2092 τοῖς
3490 2029 3547 2093 ἐξ
3580 2026 3772 2079 ἐκείνου

2216 2138 2678 2211 εὐεργετηθεῖσιν,
2718 2133 2856 2188 ἀλλὰ
2884 2132 2979 2186 καὶ
3011 2131 3289 2198 ξύμπασιν
3347 2124 3523 2182 αἰτίας
3553 2122 3577 2171 ὁ
3612 2115 3775 2174 Σάϐας

2214 2208 2619 2305 ἐπειλημμένος
2680 2229 3049 2297 εὐσχήμονας,
3103 2222 3177 2284 ὡς
3210 2218 3372 2288 δῆθεν
3421 2213 3539 2267 κατ’
3573 2208 3776 2305 ἐκείνων

2215 2328 2312 2381 καὶ
2351 2297 2492 2395 ὑπὲρ
2549 2320 2816 2392 βασιλέως
2873 2316 3076 2387 ζηλῶν,
3121 2314 3218 2366 καὶ
3249 2310 3357 2378 πρὸ
3386 2305 3482 2359 τοῦ
3509 2304 3618 2362 τοῖς
3651 2297 3772 2350 πᾶσι

2214 2416 2567 2479 κακοποιοὺς,
2610 2411 2804 2481 ἀνέδην
2828 2426 2889 2464 τε
2917 2407 3142 2469 δύσνους
3169 2401 3441 2471 ὠνόμαζε.

2287 2593 2450 2649 Gesta
2486 2598 2612 2647 sunt
2659 2589 2773 2642 haec
2836 2598 3027 2640 mense
3078 2580 3290 2641 Martio,
3338 2576 3555 2646 quando
3605 2578 3656 2626 et
3692 2581 3775 2637 pa-

2216 2685 2401 2739 latinis
2452 2680 2643 2735 multis
2686 2687 2739 2733 et
2778 2692 2884 2732 non
2929 2674 3119 2744 paucis
3174 2667 3558 2726 ecclesiasticis
3593 2662 3776 2717 crimen

2215 2772 2514 2841 maiestatis
2562 2771 2858 2840 impactum
2917 2775 3033 2830 est,
3088 2758 3541 2832 Porphymgeniti
3608 2762 3776 2811 causa,

2216 2839 2374 2934 quasi
2419 2863 2470 2917 ei
2525 2859 2805 2914 beneflciis
2863 2853 3110 2912 obstricti
3172 2852 3338 2907 etiam
3409 2848 3472 2903 ad
3504 2839 3782 2900 affectatio-

2218 2969 2341 3008 nem
2395 2951 2609 3021 imperii
2661 2949 2942 3003 favissent.
2992 2944 3122 2999 Erat
3179 2943 3325 2998 enim
3368 2954 3551 2996 revera
3587 2935 3662 2988 vir
3704 2930 3782 2985 ille

2220 3042 2475 3114 profusus
2522 3041 2575 3095 in
2632 3038 2971 3107 largiendum
3024 3046 3084 3091 ut
3131 3033 3225 3103 qui
3279 3032 3541 3091 maxime,
3576 3024 3784 3079 multos-

545 3138 774 3193 aﬂ'ectus
800 3136 1138 3206 exprimebat
1172 3135 1378 3190 favoris
1412 3143 1507 3188 aut
1539 3134 1649 3187 odii
1674 3135 1821 3188 varie
1859 3133 2114 3201 propensi
2147 3163 2190 3219 ο
2221 3151 2328 3205 que
2382 3134 2483 3187 sibi
2529 3132 2941 3186 eadevinxerat
2996 3125 3395 3192 beneﬁcentia;
3464 3135 3590 3175 non
3623 3124 3782 3169 tamen

542 3233 602 3286 in
639 3237 990 3285 accusatores
1013 3228 1093 3281 vel
1122 3227 1176 3280 in
1213 3241 1359 3291 reos,
1395 3226 1589 3293 partim
1618 3225 1915 3279 artificiosa
1947 3224 2121 3279 simu-

548 3323 680 3380 latio
715 3330 769 3377 ct
804 3337 936 3377 cura
973 3329 1283 3388 quaestuosa
1334 3319 1435 3372 hos
1470 3326 1566 3371 aut
1612 3317 1736 3372 illos
1784 3315 2119 3376 denmrendi,

549 3433 648 3488 pro
677 3418 890 3472 ratione
930 3415 1145 3468 ambita:
1195 3413 1383 3484 gratim
1409 3411 1491 3464 vel
1529 3409 1835 3464 formidatae
1870 3407 2127 3461 οσιιηεὶο-

551 3510 639 3565 nis
661 3509 822 3575 longe
850 3506 992 3561 ultra
1022 3521 1240 3561 sensum
1267 3503 1521 3556 intimum
1546 3501 1601 3554 in
1627 3499 2125 3554 demonstrationes

556 3598 838 3654 aﬂ'ectatas
858 3596 1068 3664 agendo
1095 3592 1390 3647 dicendove
1423 3591 1700 3659 prodiens.
1733 3588 1975 3642 Tandem
2014 3589 2126 3642 im-

561 3700 783 3764 perator
817 3688 971 3742 misit
1002 3685 1094 3755 qui
1129 3686 1324 3738 domos
1359 3684 1647 3751 utriusque
1681 3681 1842 3736 bonis
1896 3680 2130 3735 refertas

561 3783 924 3840 exbaurirent
953 3779 1168 3834 cunctis
1212 3777 1266 3829 in
1304 3776 1491 3830 fiscum
1544 3774 1874 3843 redigendis,
1901 3787 2132 3841 praescr-

559 3879 660 3933 tim
692 3883 874 3930 autem
907 3867 1379 3939 Porphyrogeniti.
1412 3865 1662 3936 Ipsorum
1691 3874 1870 3918 autem
1902 3866 2132 3917 alterum

561 3966 785 4038 quidem
838 3963 1076 4036 publicis
1130 3959 1401 4015 custodiis
1456 3957 1699 4022 tradidit,
1743 3956 1970 4008 fratrem
2010 3967 2136 4008 vero

567 4077 728 4118 suum
770 4074 882 4114 uno
913 4073 942 4111 e
1004 4055 1166 4123 regiis
1217 4052 1405 4122 palatii
1460 4049 1818 4104 conclavibus
1864 4047 2134 4100 inclusum

566 4167 763 4209 securo
792 4148 1046 4221 praesidio
1079 4157 1357 4201 servatum
1389 4143 1647 4197 detinuit.
1693 4139 1999 4194 Pensiones
2034 4153 2135 4192 auo

567 4257 672 4300 lem
708 4244 829 4314 ejus
860 4242 982 4295 illas
1006 4251 1062 4293 et
1095 4253 1287 4309 greges
1313 4236 1724 4305 apotltccasque
1754 4232 1904 4286 omni
1939 4244 2140 4300 genere

567 4335 932 4407 pretiosarum
970 4330 1215 4401 oppletas
1260 4329 1593 4397 specierum,
1651 4337 1846 4379 aurum
1883 4331 2141 4391 prmterea

571 4427 769 4499 partim
818 4425 1090 4494 signatum
1141 4421 1197 4474 in
1249 4418 1490 4472 nummis
1548 4416 1747 4485 partim
1818 4414 2020 4468 factum
2086 4413 2140 4465 in

2230 3235 2289 3281 ut
2338 3222 2588 3277 convinci
2631 3229 2815 3290 posset
2858 3219 2982 3289 plus
3017 3217 3156 3271 istos
3192 3217 3242 3270 ei
3288 3212 3601 3284 rependisse
3639 3215 3781 3275 quam

2229 3323 2441 3384 gratum
2493 3319 2549 3364 et
2605 3319 2850 3364 mutuum
2910 3323 3176 3372 antorem,
3217 3306 3448 3360 minime
3479 3310 3652 3356 autem
3712 3291 3785 3345 fa-

2232 3410 2463 3462 ctiosum
2521 3404 2759 3460 studium
2818 3401 3124 3456 velificandi
3193 3400 3400 3468 spebus
3455 3397 3572 3465 ejus
3631 3399 3786 3455 usque

2234 3500 2300 3554 ad
2360 3496 2639 3551 consciam
2705 3494 3171 3562 conspirationem
3237 3490 3291 3544 in
3342 3487 3629 3543 ambitiosa
3680 3484 3786 3530 vola

2239 3589 2576 3659 principatus
2635 3584 2970 3654 usurpandi;
3064 3582 3247 3652 qualia
3326 3589 3507 3636 mente
3564 3581 3788 3630 versasse

2240 3655 2391 3735 iilum
2443 3678 2684 3732 nondum
2714 3674 3223 3728 demonstraveram
3254 3669 3344 3739 qui
3388 3667 3704 3724 detulerant.
3735 3655 3784 3708 In

2243 3770 2516 3827 communi
2572 3782 2738 3838 porro
2789 3765 3103 3834 suspicione
3163 3763 3338 3817 sacris
3404 3756 3702 3829 hominibus
3745 3755 3791 3801 et

2245 3864 2399 3918 laicis
2428 3862 2643 3915 diversa
2673 3867 3035 3927 utrorumque
3070 3871 3190 3910 sors
3226 3856 3351 3908 fuit.
3390 3854 3525 3910 Nam
3556 3848 3656 3903 illis
3684 3839 3790 3911 qui-

2246 3955 2393 4014 dem,
2448 3966 2585 4021 quos
2640 3949 2797 4014 dixi,
2851 3942 3108 4017 palatinis
3166 3944 3423 4014 plurimis
3484 3936 3722 3994 munifice
3765 3944 3792 3981 a

2247 4040 2716 4112 Porpltyrogenito
2745 4039 2967 4093 donatis
3000 4035 3394 4106 ignoscendum
3417 4027 3676 4104 judicavit
3703 4023 3793 4076 im-

2249 4140 2491 4203 perator,
2526 4130 2682 4184 aiens
2738 4130 2860 4197 plus
2902 4128 3123 4197 quidem
3168 4126 3318 4180 illum
3352 4124 3524 4179 fuisse
3564 4115 3793 4185 largitum

2251 4202 2413 4293 quam
2449 4219 2654 4288 gradus
2698 4219 2818 4286 ejus
2850 4218 3040 4279 ferret,
3072 4231 3169 4271 eos
3199 4225 3383 4269 tamen
3414 4214 3611 4285 quibus
3639 4202 3797 4293 dedis-

2253 4291 2355 4375 set,
2408 4322 2531 4362 eum
2592 4308 2925 4376 megistanes
2968 4314 3153 4360 essent
3212 4305 3501 4359 nobilitate
3534 4316 3597 4356 ac
3627 4291 3797 4350 merito

2254 4409 2598 4471 pragstantes,
2640 4399 2835 4467 dignos
2887 4397 3058 4451 fuisse
3088 4396 3181 4465 qui
3233 4404 3451 4450 tantum
3487 4390 3798 4457 acciperent;

572 4472 658 4499 r-'
677 4472 769 4480 ”““““
818 4472 1071 4494 "U""""
1144 4472 1195 4474 "'
1548 4472 1564 4485 I

572 4517 726 4573 vasis
758 4532 823 4571 ac
852 4514 1086 4585 poculis,
1119 4511 1373 4567 similiter
1404 4517 1458 4563 et
1487 4516 1772 4575 argentum
1815 4506 2042 4573 velaque
2082 4519 2147 4557 ac
2183 4506 2225 4560 D
2257 4504 2435 4558 ηθίιιιθ
2485 4488 2633 4542 illam
2692 4488 2913 4540 nimiam
2953 4484 3123 4539 Videri
3161 4484 3363 4539 debere
3396 4480 3691 4538 mercedem
3717 4472 3801 4523 οδ·

570 4609 747 4666 vestis
774 4606 913 4660 varii
941 4613 1123 4659 textus
1152 4618 1215 4656 ac
1242 4600 1453 4659 formae.
1486 4599 1723 4668 ingentis
1747 4597 1931 4668 pretii,
1951 4606 2145 4650 cuncta

573 4704 629 4756 in
663 4698 918 4755 aerarium
948 4695 1331 4751 conferuntur.
1362 4691 1681 4758 Tantusque
1730 4690 1817 4743 ille
1858 4698 2152 4756 apparatus

576 4790 923 4854 deliciarum,
952 4788 1116 4842 luxus
1161 4783 1291 4838 illud
1339 4781 1473 4850 regii
1509 4779 1831 4847 choragium
1863 4786 1918 4831 et
1945 4775 2156 4845 specio-

575 4884 829 4938 sissimus
878 4886 1230 4948 conspectus,
1280 4875 1431 4929 bone
1482 4873 1645 4927 unius
1701 4885 1865 4926 scena
1914 4871 1967 4922 in
2009 4866 2152 4921 ludi-

575 4973 756 5028 brium
797 4971 920 5038 fuit,
970 4985 1080 5024 non
1143 4983 1336 5038 parum
1388 4962 1791 5018 admirantibus
1838 4959 1929 5029 qui
1965 4972 2155 5011 cerne-

578 5074 723 5129 rent,
753 5072 964 5119 tantam
999 5061 1106 5114 vim
1133 5060 1378 5113 delicala:
1416 5052 1773 5125 supellectilis
1802 5066 1867 5105 ac
1898 5051 2153 5118 volupta-

578 5159 676 5214 ria:
705 5156 876 5225 copia:
911 5169 1073 5209 unam
1127 5152 1182 5205 in
1234 5151 1457 5205 domum
1500 5163 1613 5202 non
1655 5152 1998 5215 regnantem,
2033 5154 2155 5209 qua:

579 5260 762 5305 tamen
816 5247 869 5299 in
924 5245 1028 5298 hoc
1071 5239 1476 5312 regnat‘ricivix
1508 5235 1748 5297 cederet,
1790 5230 2015 5299 congeri
2051 5243 2148 5298 po-

583 5343 778 5404 tuisse,
810 5346 864 5392 et
904 5344 1013 5391 tam
1064 5339 1391 5403 exaggerato
1423 5328 1514 5384 isti
1544 5327 1766 5382 cumulo
1812 5322 2153 5390 dissipando,

582 5428 850 5493 tollendo,
885 5425 1230 5493 exportando
1265 5420 1540 5476 tantulum
1572 5415 1804 5485 spatium
1853 5410 2157 5468 suﬂ'ecisse.

584 5522 734 5577 Adeo
761 5518 900 5574 nihil
934 5521 1006 5571 ita
1053 5513 1427 5584 splendidum,
1462 5508 1621 5579 162
1650 5509 1723 5560 ita
1768 5503 1982 5558 illustre
2024 5501 2163 5555 late-

586 5628 692 5683 que
720 5610 968 5666 inclitum
1010 5605 1207 5674 fulget,
1251 5602 1397 5672 quod
1450 5596 1727 5670 pestilenti
1783 5594 1970 5649 afflatu
2004 5591 2163 5645 mali-

589 5718 711 5772 gnae
770 5716 919 5756 aura:
971 5694 1259 5753 obscurari
1308 5708 1373 5748 ac
1423 5689 1641 5761 penitus
1697 5684 1972 5758 exstingui
2011 5684 2162 5739 brevi

596 5805 841 5866 tempore
869 5807 977 5849 non
1008 5799 1196 5862 queat.

2260 4582 2437 4651 sequii
2469 4595 2579 4649 quo
2605 4595 2664 4634 se
2697 4578 2905 4632 homini
2942 4591 3051 4631 non
3104 4577 3398 4646 imperanti
3430 4583 3676 4646 proceres
3707 4574 3799 4615 tam

2262 4678 2504 4731 illustres
2553 4673 2815 4726 inclinare
2867 4670 3268 4726 sustinuerant.
3312 4669 3370 4723 In
3407 4658 3804 4724 ecclesiasticos,

2262 4781 2371 4821 non
2416 4780 2513 4819 eos
2559 4764 2735 4818 solum
2766 4776 2905 4830 quos
2952 4759 3116 4816 donis
3162 4763 3340 4817 cultos
3386 4777 3415 4814 a
3460 4755 3806 4824 Porpltyrosc'

2262 4858 2380 4911 nito
2424 4854 2736 4916 constabat,
2766 4854 2858 4906 sed
2908 4852 3211 4907 universim
3253 4861 3306 4907 et
3353 4838 3807 4907 indiscriminatitu

2265 4963 2497 5012 omnes,
2558 4946 2678 4999 dira
2741 4944 2995 4999 monachi
3051 4943 3204 4998 Sabae
3249 4945 3517 5013 grassatio
3574 4928 3806 4991 incurrit.

2265 5050 2449 5110 aptam
2479 5037 2688 5092 scilicet
2734 5035 3049 5105 arripientis
3075 5037 3532 5104 opportunitatem
3569 5019 3806 5083 commis-

2268 5146 2391 5188 sum
2421 5130 2526 5184 sibi
2548 5128 2827 5199 negotium
2854 5127 3072 5198 agendi,
3098 5128 3200 5182 hoc
3231 5137 3316 5182 est
3340 5119 3649 5181 exercenda:
3671 5112 3808 5183 plau—

2267 5221 2496 5278 sibiliter
2525 5222 2580 5274 in
2624 5219 2775 5273 illum
2800 5219 3007 5282 pridem
3039 5233 3267 5275 exosum
3331 5219 3434 5272 sibi
3469 5212 3701 5269 ordinctu
3737 5200 3810 5252 in-

2268 5312 2555 5383 explebilis
2609 5311 2965 5366 immanitatis
2999 5327 3163 5376 .sute,
3204 5313 3451 5381 specioso
3500 5316 3637 5359 nunc
3690 5303 3814 5383 ντωξ

2271 5382 2421 5463 testu
2465 5406 2566 5464 zeli
2615 5405 2903 5461 laudabilis
2954 5421 3052 5475 pro
3082 5394 3427 5476 imperatoris
3477 5400 3645 5458 salute
3671 5382 3809 5460 163

2270 5517 2337 5557 ac
2364 5505 2529 5555 statu.
2588 5497 2694 5551 Eos
2724 5495 2889 5565 igitur
2929 5496 3135 5565 pariter
3178 5506 3410 5552 cunctos
3459 5505 3563 5547 uno
3604 5479 3813 5540 crituinc

2272 5589 2523 5655 involvit,
2585 5587 2782 5643 infidos
2835 5597 2890 5644 et
2950 5589 3091 5644 clam
3148 5586 3394 5645 infensos
3444 5586 3678 5650 Augusto
3729 5577 3815 5623 00"

2273 5700 2342 5741 I'lll
2352 5699 2382 5738 11
2389 5698 2504 5739 3H8.
