4018 6404
334 310 433 380 1‘3!

691 439 760 488 κ’.
790 438 933 505 Περὶ
958 439 1063 494 τοῦ
1077 436 1354 512 μοναχοῦ
1380 445 1564 501 Σάσα.

403 527 517 581 Καὶ
534 526 691 581 διιὼν
721 527 806 597 [Ρ.
849 531 975 604 109]
1004 537 1125 600 ταῖς
1159 538 1496 609 οἰκονομίαις
1533 542 1763 597 ἐκείνων
1787 544 1914 597 snt-E-

328 635 461 689 χρα,
494 621 903 691 παρακατὲχων
960 626 1055 679 καὶ
1092 630 1344 684 ἁπαιτῶν
1385 634 1486 697 τὰς
1516 636 1815 705 προσόδους
1840 637 1915 701 ὡς

332 710 404 764 ἂν
434 711 662 764 ἐκείνων
714 714 1175 785 καθωσιωμένων.
1231 721 1412 795 "Amp
1467 729 1605 788 Tut‘,"
1633 728 1915 799 κληρικοῖς

335 801 673 870 μανθάνουσι
711 806 877 869 πόνος
894 803 985 877 ἦν,
1015 810 1077 863 οὐ
1101 812 1208 880 μὴν
1236 814 1296 866 δὲ
1318 815 1463 869 ὥστε
1491 819 1586 871 καὶ
1612 820 1918 890 ἀποφυγεῖν

332 891 452 961 τὴν
466 897 805 964 κατηγορίαν
841 898 1121 957 δύνασθαιᾴ
1156 902 1224 958 ’0
1250 904 1312 976 δὴ
1347 908 1442 960 καὶ
1486 908 1651 962 πλέον
1691 911 1918 976 τούτους

330 984 435 1037 τοῦ
467 985 760 1051 στέρεσθαι
787 989 897 1042 τῶν
916 992 1134 1067 olis;th
1178 996 1383 1060 ὠδύνα,
1419 1001 1514 1053 καὶ
1538 1001 1635 1071 οὐχ
1657 998 1802 1072 εξχον
1823 1006 1919 1071 τὴν

332 1077 683 1147 κατηγορίαν
709 1078 994 1136 διαθέσθαι
1045 1087 1145 1139 καῖ
1171 1088 1230 1139 ἐν
1281 1090 1526 1161 μετρίοις
1566 1095 1919 1163 ποιήσασθαι.

320 1168 413 1221 ’Ὃ
438 1167 504 1238 δὴ
532 1170 625 1222 καὶ
653 1172 906 1239 μεγάλως
929 1175 1061 1240 τοὺς
1089 1178 1367 1245 τοιούτους
1400 1183 1662 1253 ἐκύμηνε,
1702 1185 1797 1238 καὶ¹
1819 1186 1922 1240 οὐκ

334 1253 495 1325 εἶχον
523 1259 552 1312 ὅ
577 1277 632 1314 τι
662 1265 757 1316 καὶ
783 1264 1053 1332 πράξειαν
1075 1296 1111 1334 ,-
1139 1271 1235 1323 καὶ
1258 1270 1335 1334 ὡς
1366 1272 1432 1325 ἄν
1467 1290 1531 1341 γε
1559 1278 1624 1344 τῇ
1650 1275 1792 1345 λύπῃ
1820 1292 1923 1330 κα-

337 1347 716 1414 θοσιώσαντες
741 1354 979 1418 ἑαυτοὺς
1011 1358 1069 1409 ἐν
1097 1358 1289 1430 ἀπόρῳ
1315 1357 1477 1431 ἦσαν.
1511 1356 1686 1428 Τέλος
1704 1367 1922 1433 ἀποφυο

338 1438 447 1507 γὴν
471 1440 607 1508 μίαν
634 1443 881 1510 ἔγνωσαν
905 1446 1015 1516 τῆς·
1035 1449 1233 1512 κακίας
1254 1452 1354 1521 τὴν
1378 1453 1514 1521 πρὸς
1529 1455 1620 1507 τὸν
1649 1459 1924 1527 πατριάρ-

338 1547 448 1599 χην
484 1535 808 1605 καταφυγὴν
831 1575 846 1599 ,
899 1536 976 1601 ὡς
1006 1540 1232 1597 αὐτίκα
1288 1543 1377 1613 τῷ.
1414 1546 1635 1613 μαθεῖν’
1660 1548 1721 1599 ὲν
1766 1547 1927 1619 δεινῷ

338 1625 714 1693 ποιησομένου
735 1629 993 1683 κάκείνου
1021 1631 1127 1701 τὴν
1143 1633 1285 1688 κατὰ
1310 1635 1409 1705 τῆς
1454 1638 1780 1710 Ἐκκλησίας
1811 1641 1929 1694 δια·

338 1712 535 1782 ϐολήν.
554 1730 565 1737 ’
581 1715 861 1782 meum;
884 1723 1182 1792 τοιγαροῦν
1210 1725 1313 1780 καῖ
1336 1726 1429 1780 τοῦ
1470 1729 1619 1782 Σάὸα
1646 1712 1929 1784 συνελθόν-

1227 330 1326 392 DE
1380 331 1828 397 ANUBONICO
1857 338 2330 404 PAL/EOLOGO
2363 344 2512 408 LIB.
2554 349 2642 409 II.

3500 357 3607 423 152

1946 472 1990 526 Α
2019 454 2502 528 λόγονοκειμένων,
2541 461 2678 519 ἀλλὰ
2706 463 2893 536 κύκλῳ
2923 467 3390 539 περιϐαλλομένου
3423 472 3608 538 αίτίας

2027 547 2192 617 μηδὲν
2219 552 2606 620 προσηκούσας
2637 543 3060 625 μηδ”όπωσοῦν.
3109 559 3263 624 τέλος
3290 562 3478 633 ἠξίουν
3502 580 3607 619 πα-

2022 639 2291 710 τριάρχην
2325 642 2558 712 ἀμύνειν
2604 647 2986 717 ἀδικουμένοις
3040 650 3110 704 τά
3139 650 3366 722 ἔσχατα.
3427 653 3486 707 Ὀ
3525 654 3604 719 δὲ,
3680 662 3681 665 “

2023 732 2125 785 οὐκ
2146 730 2242 786 οἷδ’
2274 736 2445 799 ὅπως,
2485 736 2694 809 ψυχρὸς
2723 740 2819 792 ἐπὶ
2867 741 3081 804 τούτοις
3110 745 3470 815 κατεφαίνετο
3516 748 3609 800 καὶ

2024 822 2304 891 ἀκίνητος.
2346 827 2437 889 Ὠς
2462 827 2520 881 δὲ
2556 830 2820 894 πολλάκις
2851 834 2900 885 οί
2940 833 3046 886 τοῦ
3086 835 3291 905 κλήρου
3325 837 3610 891 ἐπέκειντο

2002 916 2121 967 aut
2141 916 2603 989 προσελιπάρουν,
2634 923 2662 974 ό
2689 921 2737 974 δ’
2767 922 2983 992 ἀιῷνος
3007 920 3076 996 ἦν
3110 929 3204 980 καὶ
3231 927 3307 997 τῷ
3335 929 3411 998 μή
3441 946 3492 980 τι
3521 928 3611 980 λέ-

2000 1006 2140 1074 ’ξειν
2173 1010 2351 1080 ἔχοντι
2383 1015 2626 1084 ἀκριϐῶς
2677 1018 2863 1089 ἐῴκει.
2915 1022 3082 1086 Τέλος
3123 1024 3389 1079 ἐκκλίνων
3418 1026 3516 1096 τὴν
3546 1027 3612 1080 ἐκ

2027 1101 2139 1153 τῶν
2163 1102 2375 1156 πολλῶν
2415 1105 2538 1175 βίαν
2581 1109 2880 1180 ἀπέπεμπε
2905 1117 3488 1187 κατειρωνευσάμενος
3514 1118 3614 1188 τὴν

2027 1194 2301 1264 τιμωρίαν
2320 1195 2397 1265 τῷ
2428 1200 2765 1267 κατειπόντι,
2787 1204 2886 1274 τὴν
2912 1206 3006 1259 τοῦ
3041 1208 3276 1261 Πιλάτου
3310 1209 3445 1276 πρὸς
3477 1209 3616 1262 Ἰου-

2028 1285 2212 1348 δαίους
2258 1291 2444 1360 φωνὴν
2474 1291 2727 1347 ἐπειπὼν
2751 1297 3144 1367 παραδιδόντος
3180 1302 3258 1361 είς
3306 1300 3623 1369 σταύρωσιν

2026 1378 2125 1431 τὸν
2152 1380 2451 1451 Δεσπότην,
2484 1402 2503 1435 ι
2540 1385 2748 1440 Λάϐετε
2781 1389 2944 1442 αὐτὸν
2970 1391 3130 1460 ὑμεῖς
3163 1394 3258 1444 καὶ
3289 1391 3616 1461 σταυρώσα-

2029 1485 2111 1522 es.
2137 1486 2156 1520 ι
2197 1468 2368 1525 Τοῦτο
2422 1468 2625 1544 ἐπῆλθε
2670 1478 2768 1548 μὲν
2814 1480 3006 1548 ἐκείνῳ
3039 1484 3101 1534 ἐκ
3128 1483 3222 1534 τοῦ
3255 1482 3507 1552 τυχόντος
3538 1483 3618 1535 εί-

2033 1562 2157 1612 πεῖν
2183 1562 2450 1635 ἀγνώστῳ
2477 1567 2697 1632 πολλοῖς
2731 1570 2971 1625 διαθέσει
3001 1574 3205 1643 ψυχῆς,
3247 1577 3359 1637 τοῖς
3413 1574 3469 1626 δὲ
3522 1573 3620 1627 καῖ

2031 1649 2154 1703 λίαν
2188 1652 2347 1718 δόξαν
2376 1656 2517 1726 βαρὺ
2566 1661 2854 1731 παρώξυνε
2894 1664 2994 1728 τὰς
3036 1665 3233 1735 ὁρμὰς,
3260 1667 3354 1719 καὶ
3387 1666 3626 1735 προσλυ-

2036 1742 2264 1808 ποῧντες
2302 1750 2396 1801 καὶ
2425 1743 2572 1804 οὗτοι
2602 1752 2901 1822 ἐσχίζοντο,
2927 1753 3066 1809 ὥστε
3094 1757 3230 1825 μήτε
3261 1754 3622 1826 συνέρχεσοαί

330 1807 755 1916 ἶεςὲνεικάλουν
768 1810 838 1863 τὸ
864 1811 1273 1916 auidum-xui.
1295 1817 1397 1870 οὐκ
1409 1819 1652 1916 ἀνεκτὴν
1681 1820 1928 1916 ἒξραῒῴέ
1962 1818 2001 1875 Β
2029 1833 2083 1884 οἱ
2115 1837 2256 1905 μήτε
2287 1839 2396 1908 μὴν
2447 1807 2833 1911 συνεύχεῧσύαι,
2880 1807 3104 1914 βασιλεῖι
3122 1807 3621 1916 προσανατιδέντας

298 1926 301 1929 ν
330 1895 475 1950 ὅσον
503 1898 604 1970 τὴν
636 1904 961 1973 συμφορὰν.
992 1907 1114 1973 καὶ,
1149 1926 1168 1960 ι
1208 1909 1272 1962 Τί
1292 1933 1300 1938 ·
1323 1912 1534 1977 παθὼν,
1576 1907 1645 1967 «Ir
1677 1908 1832 1980 οὗτος
1853 1956 1868 1980 ,
1912 1936 1930 1969 ι

334 1990 542 2060 ἔλεγον
564 1995 1153 2068 παρόντοςτκάκείνου,
1180 2020 1199 2054 ι
1231 2005 1497 2070 τοιούτοις
1524 2008 1656 2072 τοὺς
1670 2009 1769 2063 τοῦ
1801 2012 1937 2082 κλή-

346 2099 453 2153 ρου
485 2084 842 2153 περισαλλεις
906 2090 1150 2158 δεινοῖς-ς’
1177 2092 1299 2147 δέον
1342 2095 1451 2149 τὸν
1487 2097 1591 2166 μὲν
1620 2099 1708 2151 ἐπ’
1754 2102 1938 2155 αἰτίαν

344 2174 622 2243 κείμενον·
652 2177 974 2245 κρίνεσθαι,
1035 2183 1163 2246 τοὺς
1212 2183 1278 2238 ’δὲ
1322 2184 1547 2251 λοιποὺς
1576 2189 1785 2254 ἀθὼους
1838 2193 1934 2247 τοῦ

344 2266 521 2334 ἄγους
563 2268 769 2338 μένειν.
805 2289 824 2323 ι
855 2272 963 2328 Τοῦ
985 2274 1041 2327 δὲ
1075 2276 1244 2345 μηδὲν
1277 2277 1719 2350 ἀπολογουμένου
1744 2282 1854 2337 τῶν
1880 2285 1936 2346 ὲς

798 2442 893 2497 20.
921 2443 996 2499 De
1022 2446 1287 2500 monacho
1318 2444 1486 2502 Saba.
1614 2503 1624 2512 ,

424 2530 572 2602 Ergo
618 2531 896 2603 sigillatim
958 2536 1152 2592 obiens
1200 2539 1445 2594 irruebat
1498 2541 1552 2595 in
1602 2547 1939 2599 meetiomias

349 2624 603 2691 illorum,
657 2626 857 2695 partim
913 2638 1269 2697 sequestrans
1299 2640 1352 2688 et
1393 2634 1644 2691 detinens
1692 2636 1936 2692 nondum

354 2716 574 2772 solutos
606 2728 930 2786 proventus,
982 2721 1181 2790 partim
1207 2723 1320 2792 jam
1351 2734 1637 2796 perceptos
1668 2739 1937 2797 repetens,

354 2813 506 2875 quod
551 2822 651 2863 eos
682 2810 891 2865 diceret
918 2812 1043 2883 jure
1092 2813 1204 2867 illis
1246 2813 1464 2868 fruendi
1512 2817 1782 2873 excidisse
1812 2833 1939 2888 per-

354 2898 656 2954 duellionis
690 2900 929 2955 crimine
973 2903 1241 2969 conscito,
1273 2905 1431 2976 cujus
1459 2906 1607 2974 ipsos
1639 2922 1736 2976 pro
1782 2907 1941 2976 plane

360 2990 629 3045 convictis
674 3001 729 3043 et
770 2992 873 3046 rite
914 2992 1192 3050 damnatis
1236 2995 1481 3050 haberet.
1536 2995 1664 3052 Ha'c
1691 2997 1939 3052 videntes

363 3091 415 3137 ct
438 3082 708 3152 patientes
734 3081 920 3138 clerici
957 3084 1150 3138 intime
1178 3087 1389 3142 scilicet
1422 3088 1800 3157 ringebantur.
1829 3104 1936 3144 non

360 3183 477 3227 tam
497 3175 619 3241 ipsa
642 3175 1014 3231 accusationis
1040 3177 1241 3231 invidia
1269 3179 1605 3245 conturbati,
1629 3194 1941 3249 quanquam

356 3274 483 3318 erat
533 3265 678 3318 bene
727 3266 967 3321 consciis
1003 3276 1057 3321 et
1084 3268 1227 3322 viam
1264 3270 1382 3340 ejus
1414 3275 1707 3340 purgandae
1736 3272 1943 3327 nullam

362 3353 701 3411 habentibus
731 3358 1145 3425 molestissima,
1191 3375 1357 3429 quam
1402 3363 1545 3430 quod
1573 3364 1692 3433 ejus
1719 3363 1949 3420 etractus

357 3449 476 3519 jam
502 3461 630 3504 ante
661 3449 1073 3507 damnationem
1107 3454 1457 3510 tristissimos
1503 3458 1793 3524 sentirent,
1837 3458 1952 3528 pri-

362 3543 478 3597 vati
503 3544 617 3615 jam
648 3559 793 3599 nunc
823 3545 983 3600 bonis
1012 3548 1291 3617 propriis;
1341 3565 1464 3618 quae
1496 3565 1737 3619 praesens
1781 3567 1945 3622 expe-

365 3635 569 3691 rientia
632 3635 1063 3693 intolerabilium
1127 3640 1495 3708 damnorum,
1560 3644 1749 3699 dolore
1806 3644 1955 3714 ipsos

367 3740 623 3795 pungens
670 3728 1068 3793 acerbissimo,
1131 3729 1462 3799 impediebat
1509 3748 1578 3787 ne
1638 3746 1952 3804 contempta

368 3817 525 3873 falsa:
548 3818 843 3874 calumniae
864 3856 867 3859 -
892 3822 1141 3875 vanitate
1169 3825 1604 3879 consolationem
1634 3841 1754 3881 eam
1786 3844 1953 3897 cape-

368 3920 533 3973 rent.
589 3925 755 3980 quam
813 3911 867 3967 in
920 3913 1452 3985 mali'perpessione
1511 3918 1806 3976 mediocris
1855 3936 1957 3975 sua

369 4002 739 4070 prudentibus
770 4003 953 4060 virtus
980 4008 1245 4077 suggerit.
1287 4006 1470 4074 Quare
1512 4010 1769 4067 ﬂuetibus
1792 4042 1795 4045 -
1819 4028 1949 4067 nitn-

374 4093 522 4149 roris
569 4094 759 4164 jactati
808 4098 1088 4163 maximis,
1130 4114 1236 4154 nec
1260 4114 1379 4169 quo
1408 4116 1469 4156 se
1495 4112 1767 4157 verterent
1796 4116 1957 4169 repe-

384 4184 616 4249 rientes,
640 4195 931 4256 postquam
953 4188 1271 4257 aliquandiu
1297 4190 1353 4243 in
1377 4191 1466 4244 illa
1493 4206 1734 4246 aerumna
1764 4193 1956 4249 incerti

370 4275 573 4340 animi,
599 4278 759 4346 quasi
784 4279 1078 4348 desperato
1110 4281 1354 4353 remedio
1386 4284 1956 4352 sesediscruciantes,

372 4366 538 4421 tacite
558 4379 899 4437 gemueraut,
934 4373 1157 4427 tandem
1183 4377 1478 4443 confugere
1494 4375 1561 4429 ad
1583 4376 1952 4443 patriarcham

2038 1925 2295 1998 τὴνπερὶ
2344 1930 2565 1985 τούτων
2598 1933 2900 2003 ἐκδίκησιν.
2930 1935 3219 1999 ’Βασιλεὺς
3250 1935 3307 1988 δὲ
3335 1934 3435 2003 τῆς
3461 1934 3619 1988 νόσου

2039 2019 2475 2090 κατεπειγούσης
2512 2022 2604 2076 τὸν
2652 2007 3187 2096 ’πρωτοὸεστιάριον,
3220 2026 3292 2088 ὡς
3337 2025 3621 2095 μηδτὰνα-

2039 2108 2193 2160 πνεῖν
2246 2108 2422 2181 ἐώσης
2455 2113 2572 2176 τοῖς
2620 2115 2824 2181 πόνοις,
2860 2117 3052 2185 σκέψει
3103 2117 3197 2169 καὶ
3235 2115 3396 2188 ΙΒουλῆ
3428 2114 3626 2170 τούτου

2037 2197 2437 2269 τδν¹Χοῦμνον
2493 2205 2812 2275 κοιαίστορα
2869 2206 3187 2278 Νικηφόρον
3241 2208 3321 2268 εἰς
3359 2206 3626 2277 μυστικὸν

2041 2289 2128 2362 [Ρ.
2159 2290 2282 2364 110]
2322 2293 2526 2360 ἀνάξας
2556 2296 2650 2349 ἐπὶ
2687 2296 2782 2350 τοῦ
2813 2299 2982 2368 μέσου
3015 2298 3327 2367 καθίστησι,
3363 2296 3622 2368 προσνεί-

2039 2462 2136 2507 aut
2163 2453 2287 2523 jure
2327 2467 2618 2526 suspectus
2665 2465 2770 2524 est,
2824 2458 2893 2513 de
2943 2458 3048 2513 hoc
3087 2458 3349 2530 judicium
3384 2456 3625 2521 institui,

2040 2545 2183 2601 alios
2208 2561 2349 2615 quos
2381 2549 2590 2603 nullum
2620 2551 2872 2606 criminis
2904 2562 3060 2623 urget
3088 2550 3374 2612 indicium,
3410 2549 3628 2617 quietos

2038 2636 2098 2692 in
2132 2638 2395 2694 fruitione
2438 2656 2554 2697 suae
2596 2641 2753 2697 fama;
2796 2643 3023 2715 integra:
3067 2643 3342 2712 relinqui?
3388 2661 3405 2694 ι
3448 2642 3526 2696 Ad
3562 2655 3629 2695 ea

2041 2724 2217 2783 Sabas
2250 2731 2423 2784 multa
2461 2729 2620 2802 164
2652 2748 2845 2801 parum
2882 2732 2951 2787 ad
2997 2747 3111 2787 rem
3166 2732 3449 2790 facientia.
3490 2730 3628 2789 nihil

2040 2819 2334 2879 admodum
2387 2825 2533 2892 quod
2588 2825 2965 2895 clareipsum
3016 2824 3321 2879 absolveret
3375 2831 3471 2894 aut
3515 2827 3628 2878 tam

2039 2911 2448 2968 vehementium
2495 2923 2740 2969 actorum
2785 2916 3142 2972 acerbitatem
3190 2922 3497 2978 excusaret,
3544 2926 3633 2967 rc-

2040 3004 2249 3072 posuit.
2287 3002 2445 3058 Unde
2494 3019 2523 3057 a
2556 3006 2870 3074 patriarcha
2909 3022 3240 3077 magnopere
3277 3005 3460 3060 clerici
3499 3016 3633 3058 con-

2046 3096 2340 3150 tenderunt
2368 3105 2429 3150 ut
2460 3098 2592 3153 satis
2628 3100 2741 3168 jam
2787 3109 3122 3168 compertam
3154 3100 3393 3153 hominis
3422 3098 3634 3166 impro-

2051 3186 2277 3242 bitatem
2312 3190 2550 3258 grassari
2584 3205 2652 3244 ne
2690 3191 2899 3246 sineret
2935 3193 2988 3246 in
3027 3192 3199 3246 diram
3224 3189 3633 3260 oppressionem

2052 3277 2453 3344 innocentium,
2480 3281 2574 3334 sed
2608 3283 2931 3352 tempestiva
2950 3297 3076 3337 eam
3104 3281 3457 3349 castigatione
3478 3294 3635 3335 coer-

2055 3368 2440 3425 ceret.'TaIes
2501 3373 2592 3426 ille
2656 3386 2844 3442 preces
2887 3374 3116 3428 audiens
3168 3371 3399 3441 frigidus
3446 3369 3635 3426 nescio

2058 3472 2228 3526 quare
2259 3460 2632 3529 immotusque
2663 3464 2976 3532 perstabat;
3010 3479 3073 3518 ac
3097 3480 3219 3519 cum
3249 3463 3324 3518 illi
3352 3462 3635 3518 ardentius

2056 3558 2338 3619 urgerent,
2386 3555 2771 3622 perseverabat
2816 3565 2996 3610 tamen
3029 3556 3083 3610 in
3108 3556 3364 3619 ’silentio,
3396 3554 3540 3609 haud
3577 3554 3635 3610 in

2057 3642 2333 3712 expedito,
2361 3653 2423 3697 ut
2459 3646 2775 3715 apparebat,
2811 3646 3019 3702 habens
3051 3648 3182 3717 quid
3223 3647 3449 3703 diceret.
3487 3645 3638 3701 Tan-

2033 3733 2206 3797 'dem,
2246 3735 2394 3790 velut
2433 3737 2481 3790 vi
2512 3738 2732 3793 cuidam
2764 3742 3060 3794 multorum
3108 3739 3270 3795 simul
3314 3739 3638 3794 incumben-

2062 3823 2195 3878 tium
2236 3825 2421 3894 impar
2467 3828 2790 3894 eluctandae,
2847 3832 3129 3900 paulisper
3174 3830 3407 3885 inﬂexus
3456 3830 3638 3886 verbis

2063 3914 2223 3970 Pilati
2262 3918 2328 3971 ad
2363 3917 2583 3974 Judaeos
2610 3921 2816 3975 Christi
2868 3937 3055 3977 necem
3104 3923 3466 3989 deposcentcs
3510 3922 3638 3977 vin-

2064 4009 2267 4062 dictam
2307 4008 2441 4075 ipsis
2493 4012 2909 4068 calumniatoris
2955 4015 3198 4082 ipsorum
3234 4014 3390 4068 Saba:
3430 4014 3649 4068 ironice

2062 4098 2378 4164 permittere
2426 4100 2582 4155 visus
2630 4110 2717 4156 est
2764 4118 2778 4156 :
2845 4119 2864 4153 ι
2908 4102 3172 4171 ‘Accipite
3230 4104 3411 4170 ipsum
3462 4118 3580 4163 vos.
3612 4121 3635 4155 ι

2063 4191 2346 4258 inquiens,
2389 4201 2490 4247 «et
2542 4192 2847 4262 cruciﬁgite
2875 4193 2918 4251 ³.
2966 4210 3003 4247 »τ
3034 4193 3189 4248 Hanc
3237 4195 3358 4264 ejus
3412 4209 3635 4259 vocem,

2064 4279 2332 4334 incertum
2381 4295 2497 4348 quo
2537 4298 2603 4336 ex
2649 4298 2837 4338 sensu'
2868 4282 3170 4352 profectam
3226 4283 3416 4349 animi,
3460 4284 3639 4338 audiri

2065 4382 2196 4424 tunc
2231 4356 2483 4440 contigit.
2509 4372 2627 4440 Qua
2648 4375 2888 4443 graviter
2913 4374 3104 4429 util-nsi
3136 4385 3228 4430 aut
3254 4376 3435 4445 potius
3458 4376 3639 4430 incre-
3697 4415 3701 4421 .

372 4458 743 4515 decreverunt
767 4480 807 4527 ι’
842 4462 945 4517 rati
1012 4479 1136 4518 eum
1192 4465 1406 4520 illorum
1464 4481 1586 4536 quae
1639 4479 1957 4537 gererentur
1988 4474 2033 4529 ι)
2062 4464 2304 4518 dibiliter
2334 4464 2741 4536 elferati,-quos
2785 4467 2867 4522 sic
2901 4467 3157 4528 eluserat,
3188 4468 3541 4522 absciderunt
3580 4482 3642 4523 se

354 4553 656 4621 ignarum,
704 4554 872 4609 simul
916 4557 1269 4624 cognovisset
1329 4557 1649 4613 intentatam
1696 4558 1960 4613 Ecclesiae

376 4646 737 4708 calumniam.
780 4647 1220 4716 improbaturum
1255 4658 1310 4704 et
1344 4663 1487 4720 aegre
1526 4663 1585 4704 se
1618 4651 1761 4705 ferre
1783 4650 1960 4705 decla-

377 4747 651 4792 raturam.
703 4737 1150 4810 Captato-igitur
1180 4750 1454 4812 ~tempore
1502 4756 1613 4812 quo
1669 4743 1844 4798 Sabas
1892 4743 1961 4798 ad

377 4829 748 4900 patriarcham
773 4840 1017 4897 venerat,
1043 4833 1206 4886 simul
1226 4833 1409 4903 etipsi
1434 4836 1759 4891 accedentes
1781 4835 1960 4903 queSIi

332 4944 335 4947 ·
374 4921 627 4992 graviter
657 4929 787 4976 sunt
814 4923 887 4975 de
906 4924 1073 4978 malis
1105 4938 1227 4992 quae
1250 4934 1590 4993 paterentur,
1618 4935 1673 4979 et
1694 4926 1962 4983 invidiose

378 5021 709 5083 exaggerata
767 5014 1079 5068 communis
1134 5015 1469 5069 calamitatis
1504 5015 1836 5079 atrocitate,
1892 5016 1958 5070 ad

370 5104 507 5173 ejus
539 5113 1187 5172 praesentemauctorem
1235 5106 1487 5160 conversi
1522 5106 1748 5171 Saba-iu,
1782 5109 1962 5173 (Quae

344 5204 465 5262 te,
492 5195 727 5255 malum,
766 5214 787 5247 ι
818 5195 1087 5265 inquiunt
1135 5206 1407 5266 praesente
1449 5198 1797 5266 patriarcha,
1834 5216 1853 5250 ι
1906 5201 1960 5254 in

377 5288 753 5343 nos‘ineitant.
785 5288 1126 5354 intemperiae
1147 5289 1181 5343 ?:
1199 5304 1377 5358 quam
1391 5291 1461 5344 oh
1484 5304 1705 5347 causam
1730 5291 1963 5348 clericos

376 5377 1204 5444 indiscrimiuatimuniversos,
1239 5377 1373 5434 sine
1390 5378 1496 5433 ulla
1533 5378 1842 5437 innocentis
1867 5374 1963 5436 aut

353 5471 531 5526 noxii
570 5470 904 5527 differentia
930 5510 948 5536 ,
988 5471 1197 5541 poenis
1252 5472 1497 5543 'snbjieis
1526 5512 1541 5536 ,
1598 5488 1724 5528 cum
1782 5474 1960 5544 palam

343 5586 347 5603 =
377 5562 623 5633 :equitas'
639 5564 903 5631 postulet;
926 5564 974 5619 si
1005 5564 1143 5633 quis-
1164 5564 1347 5622 nostri
1364 5565 1576 5623 ordinis
1594 5567 1770 5636 culpa:
1789 5567 1963 5629 atliuis

452 5734 476 5768 ³
507 5733 670 5792 Joan.
706 5753 820 5803 xix,
849 5737 903 5794 6.

2062 4553 2130 4608 ab
2153 4569 2241 4621 eo,
2264 4569 2677 4623 congressuque
2708 4557 2881 4626 ipsius
2909 4558 2962 4612 in
2996 4567 3273 4629 posterum
3299 4571 3463 4629 atque
3488 4558 3641 4613 enini

2062 4654 2286 4720 precum
2322 4665 2388 4705 ac
2429 4666 2713 4708 sacrorqu
2750 4668 2875 4709 cum
2908 4654 3002 4708 illo
3027 4658 3415 4710 communione
3452 4668 3643 4724 segre-

2018 4767 2037 4781 ιι
2060 4749 2282 4809 gerunt,
2313 4739 2557 4798 dolorem
2607 4751 2872 4800 testantes
2917 4761 3078 4800 suum
3107 4747 3348 4815 querelis
3382 4746 3642 4815 gravibus

2060 4841 2116 4887 et
2163 4833 2430 4888 ultionem
2467 4845 2578 4890 tam
2614 4837 2845 4908 insignis
2876 4839 3181 4906 iniquitatis
3215 4838 3283 4893 ab
3312 4839 3644 4907 imperatore

2064 4940 2174 4996 pra
2197 4940 2258 4982 se
2298 4925 2536 4982 ferentes
2561 4941 2901 4997 exspectare.
2935 4931 3005 4984 At
3043 4932 3327 5000 Augustus
3373 4940 3546 4998 totus,
3584 4938 3646 4985 ut

2062 5015 2270 5072 dictum
2300 5024 2404 5082 est,
2436 5033 2467 5072 e
2496 5019 2904 5085 protovestiarii
2934 5021 3182 5075 consiliis
3223 5020 3487 5090 pendens,
3516 5036 3646 5090 pro-

2063 5106 2273 5162 hibitus
2315 5107 2488 5162 libero
2529 5109 2681 5164 aditu
2713 5109 3003 5166 familiaris
3034 5112 3267 5175 oraculi,
3308 5113 3644 5179 cruciatibus

2058 5213 2256 5253 renum
2281 5199 2567 5255 acerrimis
2589 5216 2658 5256 ne
2679 5203 2746 5256 ad
2770 5211 3107 5258 momentum
3133 5204 3352 5273 quidem
3374 5204 3644 5273 respirare

2059 5286 2171 5357 jam
2215 5287 2369 5342 illum
2416 5290 2745 5357 sinentibus,
2781 5292 2909 5362 aegri
2943 5293 3421 5350 commendatione
3468 5292 3642 5361 ipsius

2040 5389 2394 5452 .qumstorem
2434 5380 2805 5453 Nicephorum
2854 5385 3170 5441 Chumnum
3205 5386 3271 5440 ad
3318 5384 3640 5455 dignitatem

2065 5473 2282 5544 mystici
2306 5485 2617 5544 promotum
2642 5476 2698 5533 in
2725 5488 2936 5546 partem
2959 5493 3172 5533 arcana:
3192 5477 3405 5532 fiduciae
3424 5477 3642 5541 ascivit,

2060 5565 2553 5625 deliberationibus
2594 5567 2740 5626 hunc
2773 5585 2995 5642 quoque
3042 5571 3374 5642 quotidianis
3416 5567 3645 5627 censu!-
