4018 6422
521 309 622 374 183

1697 325 2024 389 GEORGII
2060 312 2542 392 PACHYMERJ:

3660 333 3748 398 lSl

519 441 630 494 μας
682 425 834 500 αὑτῷ
885 430 1144 486 κοινωνδν
1199 433 1374 506 (οὔπω
1421 436 1529 507 γὰρ
1576 438 1769 510 ἐκείνῳ
1815 442 1910 498 καὶ
1945 441 2097 512 μόνῳ
2122 446 2165 499 Α
2195 437 2376 496 Ἦσαν
2410 445 2466 497 δὲ
2490 444 2659 497 ταῦτα
2691 444 2986 498 δεσποτικὰ
3021 438 3275 515 μᾶλλονῆ
3302 444 3498 515 ἀληθῆ,
3530 445 3750 504 θέλοντος

519 517 764 589 ἐθάρρει)
797 522 1003 578 καὶτὸν
1034 525 1128 578 ἐπὶ
1160 526 1270 581 τῶν
1298 529 1541 598 δεήσεων
1571 531 1784 585 Γλυκὺν
1814 531 2092 600 Ἰωάννην.

520 608 634 662 Καὶ
654 610 716 679 δὴ
742 612 836 665 τοῦ
874 614 1040 669 αὑτοῦ
1071 616 1245 682 ἔτους,
1277 621 1678 691 ἐπιφερόμενος
1723 623 1966 687 καὶτοὺς
1998 642 2094 678 κα-

519 704 834 774 τακρίτους,
853 709 944 761 τὸν
972 709 1073 777 μὲν
1105 712 1333 783 ἀδελφὸν
1351 715 1407 767 ὲν
1434 715 1631 784 κλωόᾦ
1653 716 1864 788 (εἱρκτῇ
1885 720 2094 788 φορητῇ

520 808 607 853 τις
633 793 808 863 εἴπῃ),
840 795 934 849 τὸν
965 797 1019 849 δὲ
1065 800 1544 871 Στρατηγὸπουλον
1575 806 1816 873 δέσμιον,
1864 805 2097 869 ἐξελθὼν

463 952 471 959 ,
522 880 818 952 Νυμφαίου
852 888 1070 960 εἰκοστῇ
1112 891 1276 963 ὀγὸῃ
1313 895 1818 963 Μαιμακτηριῶνος
1862 896 1960 965 τὴν
1996 913 2097 966 με-

526 972 818 1039 γαλόπολιν
855 980 1099 1033 εῐσεισιν.
1140 976 1251 1034 Ἦν
1296 978 1388 1037 οὖν
1442 984 1763 1038 τούντεῦθεν
1812 988 1968 1055 κωφή
2016 1003 2099 1049 τις

521 1061 661 1131 ὀργὴ
718 1067 869 1136 παρὰ
923 1068 1188 1137 βασιλέως
1240 1075 1352 1135 τοῖς
1401 1075 1499 1144 τῆς
1533 1075 1878 1143 Ἐκκλησίας,
1913 1075 2007 1128 καὶ
2036 1074 2098 1127 τὸ

527 1154 627 1222 μὲν
661 1157 1000 1228 ἐπαγόμενον
1035 1162 1288 1233 ἔγκλημα
1317 1165 1562 1229 δύσνοια,
1595 1167 1649 1219 αί
1690 1167 1747 1219 δὲ
1773 1167 1908 1236 πρὸς
1938 1166 2098 1219 τοῦτο

523 1251 864 1301 κατασκευαὶ
895 1253 952 1303 al
976 1253 1084 1305 άπὸ
1111 1253 1202 1306 τοῦ
1242 1257 1583 1325 πατριάρχου
1616 1256 1766 1325 σφῶν
1799 1252 1940 1325 ἦσαν
1968 1255 2100 1308 ὑπο-

524 1337 765 1405 στολαὶ,
828 1341 903 1403 ὡς
963 1344 1148 1408 κακῶς
1203 1346 1363 1416 δῆθεν
1414 1346 1513 1417 τὴν
1573 1348 1670 1417 τῆς
1730 1348 1981 1414 δυσνοίας
2009 1352 2095 1404 αἱ·

520 1426 666 1493 τίαν,
698 1430 764 1497 ἢν
788 1433 883 1485 καὶ
910 1434 1059 1503 παρὰ
1087 1436 1182 1488 τοῦ
1215 1436 1362 1490 Σάόα
1396 1441 1791 1508 κατηγόρηντο,
1811 1441 2101 1510 δυσχεραι-

524 1516 745 1573 νόντων.
768 1522 932 1575 ’Ὥστε
965 1527 1059 1579 καὶ
1092 1528 1193 1598 μιᾷ
1221 1530 1543 1597 συναγαγὼν
1584 1532 1830 1593 ἐκείνους
1852 1518 1915 1582 ἐκ
1938 1547 2100 1585 τινων

524 1607 986 1681 ὑποπτευομένων
1013 1617 1114 1687 τὴν
1142 1620 1283 1673 κατὰ
1316 1621 1537 1675 πάντων
1572 1621 1798 1675 συνίστα
1821 1620 2098 1688 δύσνοιαν,

523 1704 979 1774 περιποιούμενος
1011 1707 1173 1777 δῆθεν
1211 1709 1463 1764 ἐντεῦθεν
1501 1710 1592 1764 τὸν
1630 1709 1724 1763 τοῦ
1755 1712 2098 1782 πατριάρχου

524 1791 852 1860 θεράποντα.
897 1796 1185 1853 Θάλασσαν
1239 1800 1348 1871 γὰρ
1401 1801 1629 1871 συνὸλην
1681 1801 1775 1854 καὶ
1825 1803 2102 1872 ἀπορροὴν

522 1885 741 1953 ἐκείνης
763 1888 1277 1960 παρεδειγμάτιζεν,
1308 1892 1384 1955 ὡς
1407 1891 1572 1960 φύσιν
1600 1893 1816 1962 ἔχοντος
1850 1892 1945 1945 τοῦ
1973 1909 2115 1945 παν·

521 1974 613 2037 τὸς
644 1978 709 2029 ὲκ
757 1979 848 2032 τοῦ
877 1980 1150 2050 γεύματος
1175 1978 1287 2036 οἷόν
1315 1986 1464 2037 ἐστιν
1487 1986 1685 2054 ἐκείνῳ
1712 1984 2108 2052 γινώσκεσθαι.

520 2060 679 2119 Είναι
716 2067 772 2120 δὲ
804 2069 897 2121 καλ⁵
926 2072 1150 2136 τούτους
1180 2073 1241 2127 οὑ
1276 2075 1513 2139 πάντας,
1540 2074 1657 2128 ἀλλ’
1690 2076 1756 2129 ἐκ
1780 2076 1943 2128 τινῶν
1980 2075 2136 2136 ἴσως·

524 2153 985 2228 ὑποπτευομένων
1010 2165 1134 2228 τοὺς
1160 2169 1369 2229 πάντας
1403 2167 1711 2235 ὑπάγεσθαι
1737 2170 1858 2231 ταῖς
1881 2169 2106 2228 αἰτίαις-

523 2352 700 2399 torem
730 2345 1050 2402 admovens.
1078 2347 1154 2402 Ac
1178 2363 1302 2404 cum
1328 2348 1569 2403 nondum
1594 2360 1837 2417 sperarct
1864 2350 2112 2406 suilicere

526 2434 661 2490 moli
694 2450 876 2490 rerum
908 2452 1078 2491 unum
1114 2437 1269 2491 illum
1303 2453 1487 2506 posse.
1540 2438 1805 2494 Joannem
1848 2449 2109 2510 praeterea

529 2537 898 2592 cOgnomento
957 2527 1159 2599 Glycyn
1206 2528 1561 2598 petitionibus
1612 2530 1923 2599 supplicum
1970 2530 2113 2585 refe-

531 2619 721 2673 rendis
781 2620 1135 2689 praepositum
1188 2621 1317 2675 huic
1363 2621 1662 2691 adjutorem
1700 2622 1857 2693 165
1898 2623 2107 2678 tribuit.

529 2710 742 2777 Quibus
792 2712 1051 2781 provisis,
1104 2713 1206 2767 hoc
1262 2712 1382 2777 ipso
1428 2728 1607 2777 anno,
1661 2713 1871 2769 ducens
1924 2729 2107 2770 secum

526 2804 944 2871 condemnatos,
994 2804 1217 2859 fratrem
1267 2806 1489 2874 quidem
1522 2806 1575 2859 in
1606 2805 1797 2861 lectica
1845 2806 2108 2861 clathrata

523 2899 826 2966 (carcerem
855 2898 1166 2965 portatilem
1187 2897 1435 2967 dixeris),
1463 2896 1902 2966 Strategopulum
1926 2908 2106 2953 autem

525 2990 793 3055 vinctum,
842 2986 1305 3043 duodetricesima
1377 2988 1524 3043 Junii
1596 2989 1684 3044 die
1725 2989 2109 3045 Constantino-

2199 534 2531 604 θεραπεύειν
2563 535 2656 590 τὸν
2693 535 3066 606 πατριάρχην.

2199 657 2308 706 κω.
2342 650 2543 715 ὀπως
2574 654 2626 703 οἱ
2662 650 2961 718 κληρικοί,
3007 650 3215 704 ἔπειτα
3249 650 3318 703 δὲ
3342 648 3438 702 καὶ
3460 649 3754 718 ἀρχιερεῖς,

2394 719 2495 773 ἐπὶ
2520 719 2601 784 τῷ
2625 720 2956 786 Ἀθανασίῳ
2978 719 3579 785 ἐσκανδαλίσθησαν.

2270 810 2387 865 Κᾶν
2421 812 2515 864 ἐπὶ
2542 811 2704 866 πλέον
2732 812 2831 880 τῆς
2871 812 2976 863 ἀπὸ
3007 811 3270 880 βασιλέως
3298 810 3387 865 διὰ
3417 810 3585 863 ταῦτα
3614 813 3751 864 ἒπει-

2200 902 2374 975 ρῶντο
2407 904 2859 972 ἀγανακτήσεως.
2891 901 2977 973 [Ρ.
3009 901 3134 973 ιιι]
3166 903 3217 955 ei
3252 904 3325 971 μὴ
3347 903 3442 955 καὶ
3477 901 3611 970 ἕτερ’
3633 901 3755 955 ἄττα

2201 994 2513 1065 πραχθέντα
2553 993 2779 1064 βασιλέα
2824 995 2920 1061 μὲν
2956 991 3227 1061 ἐθορύϐει.
3264 991 3556 1061 ἀρχιερέας
3582 990 3624 1043 δ’
3654 991 3755 1042 txi—

2198 1105 2279 1140 νει
2312 1086 2497 1154 ζητεῖν
2535 1083 2715 1147 αἰτίας
2739 1083 2863 1137 καθ’
2897 1083 2961 1146 ἃς
2984 1083 3160 1136 ταῦτα
3190 1082 3488 1152 πράττεται
3520 1078 3637 1143 ξένα
3660 1078 3755 1131 τῶν

2197 1178 2299 1247 τῆς
2327 1175 2653 1245 Ἐκκλησίας
2691 1175 2873 1245 νόμων
2925 1174 3215 1228 δοκοῦντα⁹
3253 1175 3390 1244 μήτε
3437 1172 3544 1241 γὰρ
3592 1171 3758 1240 ἰατρὸν

2201 1269 2395 1338 χρῆναι
2423 1270 2709 1336 τιμωρεῖν,
2734 1265 2851 1320 ἀλλ’
2884 1265 3155 1333 ἰατρεύειν
3184 1265 3274 1318 τὸν
3304 1265 3602 1333 πάσχοντα,
3644 1263 3760 1329 μήτ’

2199 1360 2463 1431 ἀρχιερέα
2495 1360 2770 1426 κολάζειν,
2798 1360 2934 1412 ἀλλὰ
2961 1356 3287 1429 θεραπεύειν
3312 1358 3405 1409 τὸν
3437 1354 3758 1423 ἁμαρτάνον-

2200 1470 2289 1506 τα.
2319 1452 2418 1505 Διὰ
2451 1452 2611 1506 τοῦτο
2639 1452 2735 1505 καὶ
2759 1449 3118 1519 συναχθέντες
3138 1450 3291 1515 κοινῇ
3321 1444 3659 1501 σκέπτονται.
3679 1443 3762 1495 καὶ

2200 1541 2523 1611 διαμηνύειν
2574 1539 2772 1609 ἐκείνῳ
2822 1538 2917 1592 καί
2949 1555 3014 1607 γε
3045 1534 3502 1592 διαπυνθάνεσθαι
3550 1534 3761 1602 (ἥψαντο

2200 1632 2312 1701 γὰρ
2349 1631 2419 1684 τὰ
2447 1632 2595 1684 δεινὰ
2625 1630 2719 1684 καὶ
2752 1626 3076 1700 ἀρχιερέων)
3128 1627 3464 1695 ἐγνώκεσαν.
3494 1623 3566 1678 Τὸ
3591 1623 3643 1676 δὲ
3667 1623 3762 1691 μή-

2202 1740 2267 1776 νυ
2278 1739 2370 1791 μα,
2395 1721 2720 1792 καθημένων
2741 1723 2800 1775 ὲν
2826 1720 2905 1790 τῷ
2933 1720 3391 1790 ὲκκλησιαρχείῳ,
3425 1718 3509 1786 ἐφ’
3534 1710 3578 1783 ᾧ
3599 1714 3762 1782 σφίσιν

2216 1813 2373 1881 ἐφείη
2413 1812 2685 1865 συνελθεῖν
2715 1810 2908 1881 ἐκείνῳ
2946 1809 3220 1880 ἐρωτῆσαί
3242 1825 3303 1861 τε
3331 1808 3424 1860 καὶ
3450 1806 3633 1875 μαθεῖν
3659 1800 3761 1861 πῶς

2213 1903 2387 1957 ταῦτα
2412 1905 2733 1976 πράττοιντο
2757 1921 2773 1934 ο
2805 1902 2942 1973 μηδὲ
2976 1902 3084 1970 γὰρ
3138 1897 3567 1970 ὲκκλησιαστικὰ
3617 1890 3760 1954 εἶναι,

2213 1994 2347 2047 ἀλλὰ
2384 1995 2684 2065 τυραννικὰ
2746 1993 2816 2046 τὰ
2871 1992 3247 2064 πραττόμενα.
3292 1988 3481 2043 Ταῦτα
3532 1985 3763 2050 λέγονττς

2218 2087 2574 2157 προσετίθουν
2606 2087 2700 2139 καὶ
2750 2086 2819 2138 τὰ
2847 2083 3182 2154 πραχθέντα,
3217 2082 3321 2135 ὅσα
3364 2096 3425 2132 τε
3462 2077 3564 2143 ἔξω
3591 2076 3686 2127 ὅσα
3710 2086 3762 2122 τε

2214 2178 2363 2241 Evt-5;
2402 2177 2753 2249 ἐπράττοντο.
2809 2176 2913 2229 Τὸν
2962 2175 3005 2228 δ’
3059 2174 3371 2227 ἀκούσαντα
3404 2169 3464 2222 τὸ
3522 2165 3764 2236 παράπαν

2214 2361 2373 2414 cham
2404 2355 2830 2429 comprobandis
2861 2354 2982 2424 ejus
3014 2351 3248 2409 ministri
3276 2350 3440 2417 actis,
3470 2359 3692 2419 quorum
3715 2355 3766 2397 se

2215 2452 2333 2521 ipse
2362 2460 2641 2505 auctorem
2673 2463 2783 2504 non
2813 2448 3051 2519 obscure
3078 2446 3264 2501 ferret.

2212 2569 2301 2621 2|.
2340 2565 2407 2621 Ut
2456 2563 2599 2633 apud
2642 2565 2861 2619 clericos
2906 2565 3156 2632 primum,
3209 2562 3400 2614 deinde
3451 2552 3588 2634 apud
3641 2552 3765 2634 ipsa:

2284 2638 2442 2690 etiam
2482 2625 2747 2704 episcopos
2784 2625 3016 2706 grauiter
3059 2634 3389 2687 Athanasius
3418 2625 3700 2695 offenderit.

2286 2727 2350 2781 Et
2371 2742 2756 2797 processurum
2778 2728 2954 2781 fuerat
2974 2724 3115 2778 haud
3137 2722 3304 2776 dubie
3322 2723 3374 2774 in
3392 2715 3763 2772 diuturniorem

2212 2820 2630 2890 gravioremquc
2663 2817 2990 2871 clericorum
3045 2813 3390 2866 vexationem
3446 2811 3547 2860 hoc
3588 2805 3657 2859 ita
3687 2801 3766 2854 de-

2211 2914 2475 2967 claratum
2515 2912 2861 2983 imperatoris
2891 2911 2944 2964 in
2973 2926 3068 2964 eos
3094 2910 3308 2967 odium,
3353 2903 3512 2975 166
3546 2898 3642 2953 nisi
3674 2895 3764 2946 alia

2212 3005 2461 3074 quaedam
2517 3021 2547 3058 a
2604 3005 2745 3059 Saba
2815 3018 2976 3058 ruere
3041 3017 3150 3071 qua
3222 3007 3467 3069 cmperat
3535 2997 3766 3063 pergente

528 3079 695 3147 polim
738 3079 1063 3147 ingreditur.
1097 3078 1172 3133 lbi
1210 3094 1332 3133 eum
1367 3094 1609 3148 coquere
1636 3080 1821 3133 animo
1854 3082 2105 3150 apparuit

2217 3106 2421 3151 temere
2465 3106 2750 3159 attentata,
2798 3111 2920 3163 quae
2970 3096 3099 3149 licet
3148 3092 3450 3161 praesertim
3480 3089 3531 3142 in
3563 3082 3766 3139 clericos

528 3171 760 3228 surdum
822 3172 1116 3239 quemdam
1188 3171 1242 3225 in
1307 3171 1717 3227 ecclesiasticus
1779 3186 2107 3237 raneorcm,

525 3261 946 3331 erumpentibus
971 3262 1203 3316 subinde
1233 3263 1331 3316 irae
1363 3261 1576 3317 ultricis
1607 3262 2110 3319 indiciis-dissimu-

528 3355 760 3409 lationes
807 3354 1167 3408 eluctantem.
1199 3352 1380 3407 Causa
1413 3353 1522 3407 odii
1558 3353 1959 3408 obtendebatur
1987 3363 2108 3408 stu-

527 3447 679 3500 dium
715 3447 770 3500 in
804 3446 870 3501 iis
906 3461 1086 3500 rerum
1124 3460 1390 3498 novarum
1421 3453 1473 3498 et
1504 3445 1754 3515 cogitatae
1784 3443 2110 3499 defectionis

530 3539 777 3604 crimen;
806 3539 965 3608 cujus
1006 3537 1061 3591 in
1096 3545 1479 3606 argumentum
1516 3536 1832 3605 rapiebatur
1858 3551 2046 3590 eorum
2077 3550 2109 3590 a

531 3631 841 3699 patriarcha
901 3630 1165 3685 secessio.
1234 3628 1388 3684 lianc
1439 3631 1595 3684 enim,
1647 3628 2111 3695 interpretabatur

532 3730 710 3778 ortam
760 3737 825 3776 ex
879 3721 1257 3790 indignatione
1306 3720 1634 3791 deprehensi
1682 3719 1961 3788 delatique
2014 3734 2110 3788 per

533 3816 735 3871 Sabam
768 3814 954 3868 indicii
980 3812 1318 3867 occultarum
1354 3827 1493 3881 quas
1523 3811 1627 3880 ipsi
1662 3809 2111 3864 machinarentur

528 3909 587 3963 in
622 3921 681 3963 se
719 3904 1088 3960 molitiouum.
1123 3903 1310 3973 Itaque
1348 3902 1459 3957 illis
1489 3901 1725 3971 quadam
1769 3899 1858 3953 die
1901 3914 2108 3955 convo-

529 4000 670 4056 catis
685 3999 902 4054 locutus
922 4008 1005 4054 est
1025 3999 1080 4053 in
1098 3986 1431 4053 sententiam
1453 3994 1699 4065 apprime
1716 4001 2107 4063 congruentem

534 4092 790 4147 sensibus
833 4090 994 4146 Sabae
1044 4100 1097 4145 et
1141 4091 1230 4145 isti
1263 4089 1587 4160 patriarcha:
1616 4087 1870 4141 ministro
1898 4085 2109 4155 gratiﬁ-

532 4191 748 4238 cantem
775 4202 791 4237 :
815 4184 993 4254 palam
1015 4183 1160 4238 enim
1187 4183 1424 4238 ostendit
1453 4182 1608 4251 signa
1644 4181 1893 4250 quaedam
1924 4181 2110 4236 minus

530 4275 839 4331 constantis
871 4276 927 4331 in
954 4290 1012 4330 se
1038 4272 1188 4339 fidei,
1214 4274 1267 4327 in
1290 4273 1624 4344 quibusdam
1651 4271 1900 4341 ipsorum
1918 4272 2109 4326 obser-

528 4378 655 4423 vata
702 4383 824 4423 sese
870 4368 925 4423 in
970 4383 1164 4422 omnes
1212 4367 1529 4432 ostendere,
1579 4376 1746 4435 atque
1790 4364 2104 4419 universum

528 4461 734 4531 pariter
762 4461 1011 4515 ordinem
1048 4474 1200 4514 reum
1230 4474 1489 4528 peragere
1518 4474 1727 4513 aversa:
1751 4474 1781 4513 a
1820 4474 1880 4514 se
1909 4457 2099 4513 volun-

528 4554 658 4609 tatis
702 4552 1137 4622 defectionisque
1163 4552 1430 4633 cogitata}.
1466 4549 1611 4604 Dixit
1638 4550 1907 4616 videlicet,
1953 4565 2109 4620 aqua:

420 4679 425 4683 -
529 4646 713 4701 rivulo
740 4660 771 4699 e
799 4645 939 4699 mari
970 4644 1143 4698 ducta:
1193 4644 1324 4698 dum
1358 4652 1519 4714 gustu
1550 4643 1771 4711 salsugo
1801 4642 2108 4712 deprehen-

528 4738 703 4803 ditur,
748 4748 898 4793 certo
939 4746 1263 4805 argumento
1294 4736 1474 4805 colligi
1506 4737 1664 4805 cujus
1693 4735 1914 4790 demum
1950 4753 2110 4807 sapo-

526 4832 609 4887 ris
629 4832 701 4885 sit
721 4845 868 4884 mare
896 4831 1074 4898 ipsum
1099 4840 1295 4891 totum,
1316 4829 1458 4898 quod
1480 4839 1668 4882 natura
1695 4829 1837 4885 ferat
1860 4832 2106 4887 eamdem

530 4923 589 4976 in
630 4921 776 4976 stilla
820 4921 1155 4990 deprehendi
1211 4935 1376 4975 sensu
1423 4922 1767 4989 qualitatem,
1813 4937 1935 4992 quae
1980 4924 2107 4978 uni-

418 5045 425 5051 ο
531 5027 752 5067 versum
801 5028 865 5066 ex
911 5029 1021 5081 quo
1061 5014 1154 5067 illa
1198 5020 1282 5068 est
1332 5013 1502 5068 libata
1549 5014 1820 5085 liquorem
1875 5015 2103 5072 inliciat.

532 5101 714 5167 Quare
748 5101 872 5157 licet
900 5118 1057 5171 aeque
1078 5103 1146 5157 de
1165 5104 1398 5173 singulis
1420 5106 1662 5175 ipsorum
1692 5120 1799 5160 non
1827 5117 2109 5164 exstarent

532 5201 855 5263 argumenta
913 5194 1134 5262 propria
1181 5210 1459 5265 quemque
1515 5196 1906 5265 insimulandi,
1961 5210 2108 5253 recte

532 5295 717 5339 tamen
779 5284 829 5337 ei
881 5296 1109 5341 cunctos
1164 5287 1468 5355 suspicioni
1527 5289 1813 5358 suhjacere
1870 5305 1993 5359 quae
2049 5289 2104 5344 in

529 5375 855 5448 quibusdam
902 5376 1143 5432 residere
1185 5391 1525 5433 cerneretur.
1557 5379 1706 5435 Talis
1731 5383 1977 5450 quaedam
2009 5399 2108 5437 au-

526 5471 638 5525 dita
696 5477 829 5526 tunc
890 5480 977 5526 est
1037 5471 1384 5541 imperatoris
1435 5474 1648 5538 oratio,
1703 5473 1911 5530 domini
1972 5491 2105 5533 sane

525 5563 712 5634 potius
772 5564 1129 5635 supercilium
1190 5565 1389 5620 infensi
1440 5581 1605 5636 quam
1671 5570 1813 5637 arqui
1868 5569 2100 5639 judicis,

523 5657 811 5714 veritatem
867 5659 1200 5716 delationum
1248 5660 1613 5730 exquirentis.
1661 5663 1906 5718 sedatum
1952 5665 2104 5719 arbi-

526 5748 695 5805 trium
745 5752 1059 5821 pracfercus.
1103 5752 1207 5810 Sed
1242 5754 1375 5809 tanti
1418 5765 1536 5813 erat
1564 5754 1839 5813 demereri
1863 5756 2102 5829 patriar-

2116 5354 2149 5382 κ

2214 3189 2664 3252 intendebantur,
2712 3198 2891 3241 tamen
2945 3184 3328 3240 redundabant
3375 3182 3534 3236 etiam
3572 3177 3620 3229 in
3667 3169 3765 3239 epi-

2214 3296 2437 3350 scopos,
2463 3281 2563 3336 hos
2587 3280 2889 3335 movissent
2906 3278 2973 3331 ad
2999 3275 3443 3346 cognoscendum
3468 3273 3533 3324 de
3552 3262 3764 3334 negotio;

2213 3376 2359 3429 unde
2411 3374 2639 3441 contigit
2696 3372 3079 3440 imperatorem
3157 3383 3384 3437 quoque
3439 3360 3640 3419 turbari
3712 3366 3767 3406 ac

2213 3467 2454 3523 titubare
2492 3467 2542 3518 in
2583 3464 2865 3532 proposito
2917 3462 3062 3531 quod
3097 3461 3437 3522 ostenderat,
3474 3452 3765 3525 qualiacun-

2212 3572 2318 3625 que.
2379 3555 2703 3624 patriarchae
2753 3567 2817 3607 ac
2864 3552 2984 3623 ejus
3052 3552 3430 3605 ministrorum
3496 3556 3610 3599 aeta
3670 3546 3765 3590 tota

2213 3645 2427 3716 imperii
2465 3645 2793 3701 auctoritate
2821 3643 3170 3699 defendendi.
3202 3642 3331 3696 Moti
3371 3654 3500 3709 ergo
3525 3627 3764 3705 epistopi,

2212 3738 2359 3808 quod
2406 3738 2521 3808 jam
2570 3750 2746 3805 usque
2793 3734 2859 3789 ad
2901 3734 3074 3804 ipsos,
3117 3742 3177 3788 ut
3225 3740 3309 3788 est
3350 3733 3576 3787 dictum,
3628 3719 3766 3773 Saha‘:

2213 3830 2586 3898 grassationes
2617 3828 2927 3898 pertingere
2966 3838 3264 3896 coeperant,
3293 3823 3529 3881 consilio
3560 3819 3689 3872 inter
3717 3824 3767 3863 Ie

2212 3921 2404 3976 hahito
2429 3921 2793 3975 decreverunt
2829 3921 3126 3975 convenire
3151 3921 3545 3989 patriarcham,
3577 3914 3765 3975 repete-

2214 4026 2381 4081 reque
2411 4011 2480 4065 ab
2518 4025 2587 4065 eo
2630 4012 2897 4066 rationem
2944 4026 3133 4065 eorum
3168 4027 3291 4079 qua
3330 4025 3471 4066 nova
3503 4015 3555 4060 et
3586 4002 3648 4055 ab
3676 4008 3765 4050 usu

2214 4104 2543 4173 legibusque
2565 4101 2822 4157 Ecclesiae
2848 4104 3152 4156 abhorrere
3182 4103 3298 4155 visa
3337 4101 3671 4171 gererentur.
3707 4082 3767 4137 Ut

2209 4198 2353 4250 enim
2382 4194 2577 4250 medici
2607 4209 2716 4249 non
2744 4208 2868 4249 esse
2895 4207 3085 4263 poenas
3110 4193 3357 4263 inﬂigere
3382 4181 3766 4259 languentibus,

2211 4285 2307 4341 sed
2337 4286 2667 4341 medicinam
2707 4284 2965 4352 adhibere
2998 4294 3364 4354 opportunam
3412 4277 3609 4336 morbis
3657 4270 3768 4323 illo-

2215 4395 2336 4434 rum
2360 4377 2664 4446 abigendis,
2686 4377 2759 4430 ita
2777 4392 2876 4430 nec
2895 4375 3129 4430 oﬂicium
3148 4376 3413 4429 antiStitis
3436 4372 3489 4426 in
3508 4354 3767 4446 plet-tend?

2215 4481 2379 4537 atque
2424 4471 2740 4525 ulciscendo
2785 4467 2974 4531 situm,
3020 4482 3208 4522 verum
3247 4467 3299 4520 in
3348 4459 3606 4520 curandis
3635 4442 3766 4505 e19“

2214 4558 2426 4629 frugem
2487 4561 2888 4616 emendationis
2943 4555 3266 4610 revocandis
3319 4555 3414 4623 qui
3474 4544 3767 4619 peccantill-

2214 4648 2309 4704 llis
2345 4652 2425 4706 sic
2462 4651 2515 4705 in
2559 4661 2832 4706 conventu
2885 4648 3142 4703 stabilitis
3184 4644 3509 4715 patriarcha:
3544 4631 3769 4725 indicant

2212 4759 2414 4814 cupere
2448 4744 2727 4799 antistites
2760 4742 2923 4797 simul
2959 4724 3323 4809 congregatus
3352 4732 3525 4806 ips'mn
3559 4723 3766 4814 διιοαξη·

2211 4808 2539 4906 Assigttatus
2571 4837 2637 4889 ad
2672 4841 2777 4889 hoc
2807 4835 2965 4889 locus
2988 4842 3071 4887 est
3096 4832 3148 4884 in
3175 4830 3386 4883 aedibus
3411 4817 3585 4891 magni
3611 4808 3769 4868 ecrle'

2212 4925 2464 4987 siarchaz.
2500 4941 2611 4993 quo
2642 4940 2768 4979 cum
2802 4924 3044 4978 venisset
3072 4922 3404 4993 patriarcha,
3442 4907 3768 4993 considente-ti

2211 5017 2455 5087 episcopi
2507 5033 2572 5071 ex
2620 5032 2685 5071 eo
2737 5032 2796 5071 se
2845 5016 2984 5069 velle
3037 5013 3230 5067 audire
3260 5013 3517 5067 dixerunt
3548 5007 3676 5069 quas
3702 4986 3768 5089 .01)

2211 5124 2409 5163 causas
2439 5124 2501 5164 ea
2532 5123 2653 5178 qua:
2679 5107 2855 5162 Sabas
2881 5106 3188 5161 attentabat
3230 5104 3425 5158 ﬁerent
3450 5106 3596 5186 an?"
3633 5091 3764 5186 ᾖ¹¹ξζ¹ξ

2210 5216 2331 5257 esse
2365 5201 2455 5255 illa
2487 5177 2879 5261 ecclesiastica,
2910 5200 3001 5254 sed
3030 5198 3310 5269 tyrannica
3338 5204 3480 5249 acta.
3503 5184 3596 5241 llis
3621 5177 3767 5269 dif‘is

2211 5291 2579 5361 adjunxcrunt
2598 5292 2995 5363 expositionem
3021 5264 3369 5343 vexationum
3391 5281 3591 5353 quibus
3607 5264 3766 5365 $8935

2211 5383 2381 5437 ferret
2414 5361 2708 5453 ageretque
2742 5384 2972 5437 miseros
3020 5381 3276 5444 clericos,
3317 5386 3372 5434 et
3425 5376 3475 5428 in
3510 5361 3766 5453 ecclesia:

2210 5475 2406 5530 sticum
2444 5475 2692 5529 ordinem
2720 5475 3037 5528 universum
3061 5472 3199 5527 clam
3234 5477 3291 5524 et
3313 5467 3511 5539 palam,
3551 5442 3765 5555 igll'if:

2210 5576 2368 5620 extra
2428 5565 2746 5620 immaniter
2800 5565 3104 5633 acerbeque
3146 5566 3511 5631 grassaretur.
3558 5540 3632 5597 εει
3683 5527 3764 5633 in?

2210 5659 2398 5713 audita
2424 5658 2505 5714 sic
2534 5673 2762 5727 prorsus
2792 5623 3049 5728 tanquam
3095 5655 3229 5710 nihil
3264 5653 3332 5708 ad
3365 5664 3425 5706 se
3449 5623 3764 5728 pertinereﬂl

2210 5757 2487 5828 negligere
2520 5756 2767 5823 funditus
2801 5758 2953 5814 visus
2982 5765 3086 5823 est,
3124 5755 3328 5813 addens
3357 5757 3410 5807 et
3437 5726 3760 5830 conqucl'elIs
