4018 6410
365 354 473 421 185

1292 355 1391 414 DE
1434 352 1883 414 ANDRONICO
1915 354 2378 416 PAL/EOLOGO
2402 356 2554 419 LIB.
2582 357 2666 421 Ιῐ.

3532 354 3642 418 185

363 466 502 538 μηδὲ
529 467 837 537 φροντίσαι,
864 466 1002 522 ἀλλά
1030 466 1256 549 σκήψεις
1277 466 1424 521 τοῦτ’
1454 461 1594 521 εἶναι
1618 465 1780 534 φάναι
1801 466 1939 519 ἀπο·
1966 474 2011 530 Α
2039 465 2151 535 πῦρ
2184 467 2446 535 ἀφανίσαι
2474 467 2604 532 τοὺς
2634 466 3015 533 ἀπειθοῦντας,
3039 467 3213 521 εἰπεῖν
3237 465 3325 520 τὸν
3341 466 3647 536 Δεσπότην,

360 559 595 624 στασίας
644 560 748 630 τῆς
798 561 892 630 ἀφ’
949 559 1141 627 αὐτοῦ,
1177 559 1271 614 καὶ
1326 561 1416 613 διὰ
1450 558 1521 612 τὰ
1553 558 1689 629 μηδὲ
1734 558 1946 611 δίκαιον

358 651 666 719 ἐγνωκέναι
691 651 830 722 πρὸς
876 654 1098 713 τούτους
1144 650 1553 719 ἀπολογεῖσθαι.
1619 651 1708 712 Ὣς
1742 649 1798 701 δὲ
1852 648 1946 702 καὶ

362 736 524 800 αὖθις
554 738 856 808 πειρῶντες
884 740 985 793 οὐκ
1025 739 1265 803 ἔπειθον,
1305 741 1514 810 διιστᾷν
1542 741 1772 801 ἑαυτοὺς
1797 738 1949 790 ὲκείο

360 845 455 881 νου
480 828 755 883 ἐδικαίουν
794 830 885 883 καὶ¹
916 823 1061 883 οὗτοι
1084 846 1097 861 ·
1123 831 1186 883 τὸ
1210 830 1315 900 γὰρ
1342 830 1604 885 τοιούτων
1634 834 1948 902 πραττομέ·

357 941 472 979 νων
511 928 896 992 συγκοινωνεω
953 926 1029 996 μὴ
1084 926 1230 995 ἔχειν
1280 926 1440 993 λόγον
1484 926 1785 993 ἀπολογίας
1831 927 1947 988 τοῖς

364 1017 744 1087 μεμφομένοις
768 1017 1014 1080 δικαίως.
1049 1017 1305 1071 Ἐπειθον
1339 1019 1395 1069 δὲ
1419 1018 1513 1070 καὶ
1545 1019 1592 1070 οἱ
1625 1017 1752 1084 περί
1777 1035 1833 1069 τε
1856 1019 1947 1068 τὸν

360 1108 646 1161 Γεννάδιω
676 1109 770 1161 καὶ
811 1108 904 1161 τὸν
937 1107 1250 1176 Συλαιώτην
1280 1108 1503 1177 βασιλέα
1538 1110 1610 1180 μὴ
1643 1111 1737 1179 ἐᾷν
1765 1108 1947 1172 ἀνεξέ-

356 1214 540 1251 ταστα
562 1198 759 1257 ταῦτα.
787 1198 902 1251 ἀλλ’
940 1198 1246 1269 ἐπαρήγειν
1300 1201 1620 1269 ἀρχιερεῦσι
1651 1199 1831 1261 καλῶς
1859 1199 1947 1249 λέ-

358 1305 572 1356 γουσιν.
607 1290 816 1350 Αὐτοὺς
847 1288 956 1359 γάρ
1007 1288 1148 1343 εἶναι
1189 1291 1407 1354 πάντως
1454 1294 1580 1354 τοὺς
1618 1291 1708 1343 τὸν
1736 1292 1815 1353 είς
1845 1290 1947 1360 τὴν

358 1380 740 1451 πατριαρχίαν
788 1383 1128 1452 ἀναγόμενον
1179 1385 1444 1453 χρησταῖς
1495 1384 1825 1455 μαρτυρίαις
1856 1400 1950 1435 συ-

361 1480 695 1541 στήσαντας,
750 1475 948 1537 αὐτοὺς
995 1474 1052 1528 δὲ
1107 1477 1202 1528 καὶ
1239 1476 1405 1529 πάλιν
1456 1475 1840 1544 διαγινώσκειν
1872 1475 1949 1538 ὡς

358 1563 719 1630 ὲπιχωλαίνοι
776 1565 804 1617 ὁ
864 1566 1235 1635 μαρτυρηθεὶς
1288 1567 1350 1619 οῦ
1401 1566 1606 1633 φαῦλος
1644 1566 1731 1619 ἐπ’
1765 1565 1950 1630 ἄλλοις

358 1652 464 1719 τὴν
492 1651 785 1721 ποίμανσιν
805 1670 816 1684 ·
854 1654 989 1723 μηδὲ
1018 1655 1128 1724 γὰρ
1178 1656 1358 1710 πάντα
1388 1658 1523 1711 πᾶσι
1554 1658 1757 1711 διδόναι
1789 1658 1946 1715 Θεόν.

355 1742 535 1796 Ταῦτ’
560 1739 702 1797 εἶναι
722 1743 880 1805 Θεοῦ,
904 1744 979 1808 ὡς
1014 1747 1220 1810 πάντας
1251 1746 1472 1802 εἰδέναι.
1515 1749 1625 1802 Καί
1654 1766 1718 1817 γε
1745 1750 1947 1803 πολλά-

358 1851 454 1897 κις
479 1834 574 1887 τὸν
607 1836 747 1888 κατὰ
774 1836 835 1888 τὸ
862 1836 1053 1906 ἠθικὸν
1078 1838 1179 1890 οὐκ
1200 1839 1507 1908 ἀπόϐλητον
1534 1841 1673 1895 κατὰ
1703 1841 1764 1895 τδ
1802 1842 1949 1896 εἰκο-

358 1927 592 1994 νομικὸν
616 1927 969 1992 ὑποσκάζειν,
1004 1927 1098 1980 καὶ
1127 1924 1285 1992 αὖθις
1315 1931 1671 2000 ἀριστεύοντα
1709 1934 1802 1985 ἐπὶ
1829 1933 1955 1985 τού-

357 2034 444 2086 τῳ
482 2019 558 2088 μὴ
594 2019 819 2087 φθάνειν
846 2019 949 2089 τὴν
986 2021 1081 2073 ἐπὶ
1110 2020 1191 2090 τῷ
1228 2022 1491 2090 πολιτικῷ
1524 2025 1749 2093 ἀρετήν.
1797 2025 1954 2078 Ἀνα-

364 2110 684 2163 στέλλεσθαι
703 2111 760 2164 δὲ
790 2108 891 2182 τὴν
925 2112 1126 2167 κακίαν
1155 2113 1320 2166 καλὸν
1351 2116 1444 2167 καὶ
1474 2117 1758 2183 προσῆκον
1786 2112 1949 2180 εἶναι,

361 2201 511 2271 πλὴν
540 2202 692 2264 ἐντὸς
739 2203 953 2272 μέτρων
1002 2205 1094 2257 καὶ
1146 2203 1329 2273 νόμων
1373 2203 1638 2273 Χριστοῦ.
1689 2205 1874 2273 Νόμον
1899 2205 1956 2259 δὲ

361 2293 610 2364 Χριστοῦ
644 2293 861 2358 πάντως
894 2291 1035 2349 εἶναι
1063 2296 1124 2349 τὸ
1159 2297 1301 2365 ἱερὸν
1326 2296 1680 2366 Εὐαγγέλιον.
1733 2298 1880 2351 Ἐκεῖ
1899 2297 1957 2352 δὲ

362 2386 679 2456 ζητούντων
718 2387 827 2441 τῶν
871 2388 1134 2460 μαθητῶν
1169 2388 1228 2454 ἐξ
1261 2391 1493 2462 οὐρανοῦ
1537 2392 1958 2461 καταγαγόντας

364 2567 501 2623 taiia
549 2567 617 2622 ab
669 2567 778 2624 illis
822 2571 1118 2624 memorari
1155 2580 1446 2640 praeteritus
1483 2574 1811 2630 secessionis
1839 2590 1868 2629 a
1901 2590 1961 2630 se

365 2661 637 2716 faciendae
695 2664 1092 2731 quaerentibus.
1143 2663 1324 2730 Quare
1377 2680 1845 2735 supervacaneum
1902 2681 1962 2722 se

365 2756 630 2810 arbitrari
650 2771 841 2811 curam
863 2756 1009 2810 illam
1026 2772 1240 2811 sumere
1258 2759 1627 2828 objectionum
1648 2760 1959 2815 istiusmodi

365 2848 780 2904 diiuendarum.
802 2847 899 2904 His
917 2849 1157 2918 episcopi
1180 2849 1349 2904 multa
1371 2861 1739 2920 reposuerunt
1760 2851 1962 2920 quibus

368 2943 417 2997 ei
469 2942 808 3010 persuadere
853 2954 1188 2996 conarentur
1219 2958 1376 3012 aequa
1411 2953 1466 2997 et
1510 2953 1875 2998 consentanea
1904 2960 1963 3000 se

374 3048 601 3103 poscere
650 3049 665 3086 :
714 3033 809 3087 sed
858 3047 985 3087 cum
1034 3034 1171 3088 nihil
1217 3034 1409 3103 prolici
1461 3034 1962 3090 animadverterent

373 3126 493 3194 ipso
540 3123 926 3179 inﬂexibiliter
971 3124 1027 3177 in
1063 3123 1267 3177 duritie
1311 3131 1612 3192 perstante,
1658 3124 1808 3178 clare
1856 3124 1961 3193 ipsi

366 3219 772 3272 denuntiarunt
830 3216 951 3284 cogi
1007 3230 1067 3269 se
1111 3215 1289 3269 oiiicio
1356 3220 1530 3271 ad-ise
1578 3217 1726 3285 ipsos
1765 3232 1794 3269 a
1851 3225 1959 3269 tam
1991 3195 2037 3257 ε

367 3309 879 3364 inconvenientium
929 3316 1176 3361 actorum
1229 3307 1379 3360 omni
1419 3307 1839 3376 participatione
1880 3322 1967 3362 re-

368 3402 702 3455 movendos.
742 3397 932 3467 Neque
979 3399 1124 3452 enim
1171 3412 1232 3453 se
1278 3414 1439 3467 posse
1475 3399 1640 3467 justas
1669 3414 1961 3453 censuram

369 3491 829 3560 reprehensionis
864 3490 976 3545 ulla
1009 3491 1367 3546 excusatione
1396 3489 1605 3559 ingere,
1637 3490 1682 3545 si
1716 3505 1967 3559 persevc-

370 3584 552 3637 rando
586 3584 642 3637 in
678 3582 1071 3638 communione
1117 3597 1244 3637 cum
1279 3581 1350 3636 iis
1400 3582 1494 3650 qui
1540 3584 1618 3636 sic
1657 3583 1965 3639 inordinate

372 3689 439 3729 ac
480 3683 689 3729 temere
721 3683 1109 3742 operarentur,
1155 3682 1264 3729 tam
1312 3674 1772 3743 improbabilibus
1801 3676 1962 3733 factis

373 3766 794 3836 approbationis
838 3781 953 3821 sua:
995 3781 1271 3835 apponere
1311 3766 1581 3821 calculum
1619 3767 1776 3838 167
1811 3770 1966 3823 vide-

306 3906 315 3911 .
375 3866 591 3912 rentur.
616 3856 733 3910 Sub
757 3857 872 3911 haec
892 3854 1213 3910 Gennadius
1232 3867 1285 3909 et
1312 3856 1545 3927 Sylzeeta
1572 3859 1959 3927 imperatorem

378 3949 635 4020 privatim
679 3958 1007 4003 conventum
1043 3948 1286 4017 graviter
1319 3958 1673 4013 monuerunt,
1717 3965 1826 4003 non
1865 3949 1963 4004 de-

382 4045 513 4097 bere
564 4043 745 4112 ipsum
809 4042 991 4096 sinere
1052 4056 1140 4095 res
1207 4052 1315 4095 tam
1377 4053 1647 4111 suspecta:
1701 4041 1964 4095 novitatis

379 4137 724 4192 indiscussas
747 4134 966 4189 socordi
997 4133 1286 4187 tolerantia
1317 4133 1640 4188 transmitti.
1671 4132 1813 4200 Quin
1843 4135 1964 4201 ejus

374 4243 505 4285 esse
545 4226 706 4280 cilicii
758 4239 1086 4280 succurrere
1132 4225 1501 4297 praesulibus,
1550 4226 1687 4280 nihil
1736 4226 1878 4295 aequi
1931 4241 1962 4281 a

378 4320 714 4391 patriarcha,
748 4318 1001 4387 quamvis
1027 4317 1172 4388 justa
1207 4325 1261 4371 et
1294 4327 1441 4371 recta
1473 4318 1766 4387 postulent,
1799 4319 1966 4387 impe-

378 4411 678 4467 trantibus.
729 4409 842 4464 Nec
896 4411 1042 4464 enim
1095 4410 1149 4463 in
1196 4410 1319 4464 illos
1360 4408 1557 4464 cadere
1587 4410 1960 4478 exceptionem

2056 558 2129 620 ὡς
2164 560 2277 612 Οὐκ
2302 559 2479 612 οἴδατε
2528 560 2685 613 ποίου
2720 560 3029 629 πνεύματός
3058 562 3206 613 ἐστε.
3237 559 3311 611 Τὸ
3332 558 3443 629 γὰρ
3477 558 3624 610 καλέ-

2056 666 2156 703 σαν
2183 651 2425 714 ὲκείνους
2451 651 2693 720 πνεῦμα,
2719 651 2823 705 κᾶν
2857 652 3025 721 μήπω
3054 650 3255 714 οἴδασι,
3280 649 3486 718 πλῆρες
3510 650 3645 715 ἀγα-

2055 741 2302 813 θωσύνης
2332 744 2424 797 καὶ
2450 744 2865 814 φιλανθρωπίας
2890 744 2984 797 καὶ
3012 741 3479 809 συγκαταϐάσεως
3502 740 3644 810 πρὸς

2053 835 2180 897 τοὺς
2209 835 2646 905 ἁμαρτάνοντας,
2675 837 2772 888 ἀλλ
2818 835 2878 888 οἷο
2906 835 3180 906 τιμωρίας
3207 834 3300 887 καὶ
3327 834 3642 903 ἀγανακτή-

2056 944 2193 988 σεως
2243 928 2339 980 καὶ
2379 927 2675 991 κολάσεως.
2733 928 2899 981 Ταῦτ’
2957 927 3182 981 ἐκείνων
3234 927 3503 993 λεγόντων
3550 926 3643 977 καὶ

2055 1019 2357 1089 ἀμφικλινῆ
2391 1021 2481 1071 τὸν
2507 1019 2731 1089 βασιλέα
2766 1019 3089 1084 ποιούντων,
3140 1017 3334 1088 καιροῦ
3361 1018 3640 1085 δραξάμε-

2053 1127 2134 1164 νοι
2163 1112 2210 1162 οἱ
2253 1111 2435 1172 κακῶς
2468 1112 2533 1165 ἐκ
2556 1129 2718 1165 τινων
2747 1112 2940 1165 αἰτιῶν
2979 1111 3196 1182 ἔχοντες
3225 1110 3418 1179 ἐκείνῳ
3451 1108 3642 1178 ἐθορύ-

2056 1200 2185 1254 ϐουν
2216 1202 2310 1255 καὶ
2329 1202 2632 1271 γράφοντες
2666 1202 3005 1272 κατηγορίας
3032 1203 3270 1277 ἀιτόπους
3302 1201 3526 1262 ἐδίδουν,
3549 1201 3643 1253 καὶ

2056 1293 2250 1360 ἀνέδην
2296 1292 2585 1363 λοιδορίαις
2639 1295 2949 1363 μονωθέντα
3008 1295 3117 1346 τῶν
3151 1292 3237 1365 [Ρ.
3270 1291 3393 1364 Hi]
3434 1292 3642 1344 πολλῶν

2057 1382 2431 1451 περιέϐαλλον,
2467 1382 2610 1437 ὥστε
2665 1386 2758 1436 καὶ
2799 1385 2897 1454 μιᾷ
2926 1384 3218 1450 ἱσταμένου
3250 1383 3363 1437 ἄνω
3393 1401 3517 1446 που,
3547 1383 3643 1439 καὶ

2054 1473 2162 1525 τῶν
2220 1471 2408 1541 ὕμνων
2456 1472 2860 1538 ὲξσνυσθέντων
2912 1471 3332 1538 ὲπευλογοῦντος
3388 1471 3529 1524 κατὰ
3578 1471 3641 1524 τὸ

2057 1565 2309 1633 σύνηθες,
2353 1564 2509 1627 τινάς
2531 1565 2745 1618 ἐκείνου
2776 1564 3023 1619 κάτωθεν
3057 1564 3384 1632 ἱσταμένους
3414 1563 3642 1633 κράζειν

2056 1656 2151 1709 καὶ
2197 1656 2465 1725 άπόφημα
2513 1657 2635 1708 κατ’
2671 1657 2880 1709 ἐκείνου
2914 1657 3116 1723 λέγειν,
3145 1655 3220 1717 ὡς
3253 1654 3319 1707 ἂν
3355 1655 3516 1709 πλέον
3549 1655 3642 1709 τοῦ

2056 1749 2265 1810 είκύτος
2302 1748 2390 1802 διὰ
2413 1749 2474 1803 τὸ
2513 1752 2668 1817 μῖσος
2697 1748 3285 1817 καταυθαδιζομένους.

1983 1844 2029 1904 θ
2056 1862 2161 1933 κβ’.
2195 1860 2603 1933 Ἀναχώρησις
2630 1863 2738 1917 τοῦ
2774 1861 3124 1916 Ἀθανασίου
3143 1860 3211 1912 ἐκ
3234 1858 3342 1913 τοῦ
3364 1877 3653 1928 πατριάρ-

2749 1934 2919 2002 χείου

2140 2029 2291 2081 Ἐπεὶ
2327 2028 2459 2094 γοῦν
2482 2026 2804 2087 Ἀθανάσιος
2830 2027 2972 2095 ἔγνω
3003 2029 3264 2098 μονωθεὶς
3293 2031 3388 2082 καὶ
3420 2026 3521 2091 τὰς
3547 2026 3639 2079 αί-

2059 2123 2179 2184 τίας
2201 2121 2259 2187 ἐξ
2292 2122 2456 2176 αὐτοῦ
2499 2138 2556 2173 τε
2608 2120 2836 2174 καὶτῶν
2884 2121 3018 2191 περὶ
3067 2124 3232 2174 αὑτὸν
3277 2119 3640 2191 ὡρμημένας,

2057 2215 2159 2277 τὰς
2190 2215 2246 2266 δὲ
2274 2214 2547 2283 λοιδορίας
2581 2215 2689 2267 ἀπὸ
2737 2212 2948 2267 πολλῶν
2982 2213 3406 2282 συμϐαινούσας,
3441 2212 3517 2275 ὡς
3545 2212 3643 2264 καὶ

2060 2308 2242 2378 κρίσιν
2280 2307 2454 2362 θέλειν
2505 2309 2681 2374 ἄγειν.
2715 2309 2811 2360 καὶ
2850 2306 2952 2360 οὐκ
2994 2307 3198 2361 ἀνυστά
3240 2308 3288 2359 οἱ
3321 2305 3557 2372 γένοιτο.
3591 2305 3641 2355 εί

2062 2398 2326 2469 βούλοιτο,
2360 2398 2462 2469 τὴν
2487 2396 2653 2468 τιμὴν
2674 2398 2928 2469 κατέχειν
2957 2397 3116 2469 (μηδὲ
3145 2396 3254 2467 γάρ
3283 2394 3532 2449 ἐντεῦθεν
3560 2390 3646 2445 si.-

2062 2576 2480 2646 improbentur,
2531 2576 2675 2631 haud
2726 2592 2881 2646 aeque
2927 2577 3192 2632 inoﬂ‘ense
3242 2577 3535 2644 procedere
3586 2577 3647 2632 in

2062 2669 2460 2739 gubernatione
2491 2669 2691 2723 domus
2719 2669 2954 2738 propriae
2988 2687 3002 2723 :
3046 2684 3238 2723 rursus
3264 2670 3480 2739 egregie
3524 2670 3647 2723 fun-

2063 2769 2275 2831 gentem
2331 2774 2444 2813 suas
2501 2759 2761 2829 regimine
2817 2758 3070 2824 familiae,
3144 2760 3398 2813 civilibus
3449 2759 3653 2814 deinde

2063 2850 2448 2904 curationibus
2462 2850 2743 2903 admotum
2766 2849 2989 2903 minime
3012 2865 3198 2919 parem
3219 2849 3645 2904 administrandi

2066 2944 2413 3011 magistratus
2432 2941 2760 2996 industriam
2785 2942 3036 3010 probare.
3064 2941 3468 3011 lmprobitatem
3487 2955 3645 2996 coer-

2062 3034 2173 3089 ceri
2216 3034 2508 3089 houestum
2551 3049 2684 3089 sane
2715 3048 2778 3088 ac
2815 3035 3148 3090 conveniens
3176 3049 3317 3097 esse,
3354 3049 3540 3087 verum
3591 3033 3643 3088 id

2066 3123 2181 3178 ﬁeri
2229 3123 2428 3178 debere
2480 3125 2623 3178 intra
2691 3125 2894 3178 limites
2962 3124 3139 3193 legum
3195 3125 3420 3178 Christi.
3478 3123 3655 3194 Leges

2068 3225 2247 3271 autem
2298 3217 2501 3272 Christi
2558 3217 2784 3271 omnino
2827 3231 2948 3271 esse
2999 3232 3217 3272 sacrum
3271 3215 3643 3286 Evangelium.

2067 3307 2187 3362 lllic
2218 3316 2399 3360 autent
2439 3307 2540 3376 legi
2572 3307 2873 3377 discipulos
2911 3307 3207 3376 aliquando
3241 3306 3418 3374 ignem
3453 3322 3482 3359 e
3505 3309 3653 3361 caelo
3707 3362 3716 3371 ,

2068 3400 2417 3463 devocautes,
2460 3399 2554 3468 qui
2600 3399 2709 3454 sibi
2744 3414 2851 3454 non
2883 3399 3185 3468 morigeros
3216 3408 3587 3466 consumeret,
3616 3415 3651 3453 a

2065 3492 2298 3547 Domino
2318 3493 2536 3548 audisse
2564 3493 2782 3547 nescire
2810 3493 2959 3562 ipsos
2990 3491 3150 3560 cujus
3182 3490 3409 3560 spiritus
3439 3503 3643 3546 essent.

2065 3584 2201 3638 Nam
2278 3583 2371 3652 qui
2453 3591 2672 3637 vocarat
2754 3583 2908 3652 ipsos
2985 3582 3256 3650 spiritus,
3347 3579 3469 3634 licet
3544 3581 3649 3636 hoc

2067 3677 2247 3730 adhuc
2275 3676 2836 3747 ignorarem,'plenns
2868 3674 3651 3751 benignitatisjlnnnanitatis,

2065 3765 2591 3819 accommodationis
2634 3765 2701 3818 ad
2733 3765 2916 3834 lapsos
2945 3767 2997 3820 in
3031 3772 3244 3838 culpam
3285 3771 3511 3840 spiritus
3538 3778 3653 3831 est,

2067 3871 2176 3909 non
2207 3864 2389 3909 autem
2420 3853 2666 3919 ultionis,
2691 3855 3100 3927 indignationis,
3132 3861 3441 3916 severitatis
3463 3862 3654 3913 inexo-

2066 3948 2275 4002 rabilis.
2310 3947 2425 4001 Tali
2460 3948 2713 4002 oratione
2744 3963 2869 4003 cum
2908 3949 3112 4005 biduo
3145 3954 3460 4022 ambiguum
3490 3952 3657 4007 fecis-

2067 4050 2186 4097 Sent
2239 4040 2588 4108 imperatoris
2648 4040 2918 4105 animum,
2981 4052 3199 4110 captato
3261 4053 3501 4113 tempore
3551 4046 3649 4114 qui

2067 4132 2190 4185 aliis
2234 4131 2399 4185 etiam
2452 4135 2519 4184 de
2570 4132 2756 4186 causis
2797 4147 3027 4187 exosum
3062 4135 3223 4204 168
3252 4136 3519 4190 habebant
3554 4151 3650 4204 pa-
3712 4184 3715 4187 .

2067 4224 2393 4282 triarchanr:
2429 4222 2657 4277 turbare
2692 4223 2920 4278 liberius
2952 4236 3258 4294 cceperunt,
3304 4228 3447 4282 datis
3482 4242 3648 4283 arcu»

2067 4316 2343 4370 sationum
2381 4327 2601 4368 errores
2633 4314 2735 4383 ipsi
2774 4314 3203 4372 absurdissimos
3256 4318 3651 4388 imputantinm

2066 4407 2285 4470 libellis,
2337 4414 2450 4459 tum
2499 4405 2754 4460 eumdem
2809 4407 2949 4461 locis
2998 4425 3028 4462 ιι
3082 4423 3354 4463 concursu
3405 4409 3656 4465 seductis

382 4505 637 4559 idoneam
706 4500 1078 4570 suspicionis,
1145 4501 1302 4570 quasi
1370 4501 1698 4571 patriarchae
1760 4516 1950 4572 parum
1994 4508 2442 4582 Doccnrrentem
2493 4499 2710 4566 probris
2756 4500 2932 4569 palam
2986 4502 3361 4571 conviciisque
3405 4503 3653 4570 proscin-

379 4595 640 4658 faveant;
677 4608 839 4662 quem
884 4593 1072 4661 utique
1101 4592 1206 4661 ipsi
1239 4604 1647 4661 promoverunt,
1678 4594 1795 4649 suis
1830 4609 1954 4648 eum
2064 4590 2278 4645 dentes.
2320 4591 2508 4660 quue
2538 4604 2626 4645 res
2664 4592 2956 4659 processit,
2993 4604 3052 4645 ut
3082 4593 3203 4662 ipso
3231 4594 3463 4662 quadam
3504 4595 3591 4649 die
3620 4612 3655 4649 ο

378 4685 661 4755 suﬂragiis
719 4692 775 4738 et
838 4684 1156 4739 Itonoriﬁcis
1217 4684 1552 4740 teStimoniis
1604 4686 1669 4739 ad
1731 4662 1961 4741 summa:
2062 4681 3658 4757 iocosublimiperfectisbymuispopnlodefmorebenepre-

382 4793 550 4843 quam
604 4778 881 4832 obtineret
935 4776 1220 4844 dignitatis
1282 4776 1629 4846 adeptionem
1679 4792 1961 4833 commen-
2064 4784 2223 4828 cante
2254 4776 2841 4844 succlamantemliqui
2869 4776 3172 4830 maledictis
3200 4793 3322 4832 eum
3341 4775 3655 4833 lacerat-ent

378 4869 592 4923 dantes.
647 4871 913 4924 Ceterum
956 4869 1146 4923 eadem
1193 4870 1299 4923 fide
1341 4886 1448 4940 qua
1499 4878 1612 4925 tum
1652 4886 1775 4940 quae
1804 4873 1857 4925 in
1898 4888 1964 4927 eo
2066 4863 2409 4925 foedissimis,
2437 4866 2584 4928 odio,
2607 4874 2894 4936 postquam
2918 4867 3059 4921 ultra
3080 4869 3303 4922 modum
3341 4881 3653 4938 exarserat,

381 4961 672 5014 laudarent
719 4960 1113 5029 praedicarunt,
1167 4961 1331 5014 modo
1376 4974 1813 5017 commemorare
1845 4978 1966 5033 qua;
2069 4955 2124 5008 in
2151 4954 2302 5024 justo
2344 4955 2695 5009 audaciorem
2744 4956 3136 5024 impudentiam
3176 4973 3592 5030 prornmpeute.

384 5053 442 5106 in
496 5067 562 5106 eo
629 5051 977 5121 postmodum
1049 5051 1351 5107 desiderari
1411 5052 1809 5121 deprehensum
1873 5053 1966 5107 sit.

380 5144 544 5200 Prodi
577 5146 723 5200 enim
749 5159 920 5199 cursu
957 5144 1222 5214 temporis
1254 5144 1477 5199 latentia
1508 5144 1660 5211 prius
1684 5146 1965 5199 hominum

384 5239 537 5304 vitia,
582 5247 637 5291 et
688 5237 982 5290 occasione
1034 5236 1383 5305 negotiorum
1429 5244 1659 5291 naturas
1708 5239 1966 5307 perspici.

386 5328 479 5382 Sic
512 5343 608 5382 eos
639 5326 979 5382 intellexisse
1011 5327 1179 5389 hunc,
1225 5329 1316 5396 qui
1350 5328 1570 5383 dctibus
1607 5328 1674 5382 ad
1714 5328 1971 5384 Ecclesiae

386 5419 840 5488 gubernationem
883 5417 1090 5488 alioqui
1134 5418 1278 5488 aptis
1317 5419 1614 5473 instructus
1647 5419 1736 5483 sit,
1770 5419 1825 5474 in
1853 5419 1976 5488 qui-

387 5513 620 5565 busdam
657 5510 777 5581 ejns
827 5510 1144 5578 multiplicis
1177 5508 1335 5564 omcii
1369 5509 1676 5565 claudicare
1704 5512 1971 5579 partibus.

389 5601 660 5659 Nimirum
699 5617 806 5657 non
859 5602 1116 5657 omnibus
1151 5603 1337 5656 omnia
1369 5602 1538 5656 Deum
1568 5602 1718 5656 dare.
1748 5602 1976 5658 Cunctis

387 5696 590 5764 quippe
639 5705 829 5746 notum
872 5705 996 5746 esse
1021 5693 1164 5746 dona
1206 5705 1327 5746 esse
1358 5690 1451 5746 Dei
1481 5692 1635 5746 dotes
1685 5693 1974 5760 ejusmodi.

389 5788 582 5857 itaque
628 5783 834 5853 sacpius
878 5783 1243 5840 animadverti
1276 5798 1426 5851 cum,
1464 5785 1621 5856 cujus
1653 5801 1841 5840 mores
1868 5803 1976 5841 non

2277 5045 2368 5100 22.
2394 5045 2644 5100 Recessus
2669 5046 2953 5103 Athanasii
3004 5064 3070 5103 ea:
3090 5051 3439 5118 patriarchio.

2140 5136 2435 5206 Postquam
2464 5151 2597 5205 ergo
2634 5152 2694 5191 se
2731 5138 3069 5195 Athanasius
3100 5140 3428 5196 destitutum
3460 5156 3487 5195 a
3531 5143 3649 5211 ple-

2072 5230 2258 5299 risque
2309 5229 2596 5293 Intellexit,
2632 5232 2939 5286 aversionis
2989 5246 3190 5288 causas
3221 5250 3286 5289 ex
3320 5250 3379 5290 se
3425 5238 3653 5303 suisque

2075 5333 2245 5385 ortas,
2277 5322 2400 5375 odia
2428 5336 2555 5375 vero
2576 5320 2926 5376 infensorum
2951 5324 3055 5379 sibi
3088 5325 3448 5395 plurimorum
3476 5342 3653 5397 nsque

2074 5414 2142 5469 ad
2186 5413 2546 5467 contumelias
2594 5424 2649 5468 et
2696 5413 2946 5469 convicia
2997 5431 3376 5486 prorumpere,
3426 5433 3653 5487 remque

2076 5506 2141 5559 ad
2177 5503 2438 5573 judicium
2481 5514 2754 5574 spectare,
2801 5521 2912 5574 quo
2946 5506 3089 5561 baud
3135 5507 3301 5561 dubie
3344 5509 3652 5564 coorientes

2077 5597 2320 5667 undique
2357 5598 2738 5653 accusationes
2791 5607 3015 5662 vocent,
3067 5602 3205 5653 satis
3250 5608 3456 5666 patere,
3491 5599 3535 5654 si
3570 5601 3657 5655 vel

2080 5704 2293 5744 smtmio
2339 5699 2538 5743 conatu
2574 5688 2895 5743 connitatur
2936 5690 3170 5743 retinere
3198 5689 3655 5757 patriarchatnm,

2083 5782 2134 5833 in
2162 5778 2253 5835 tali
2276 5778 2573 5837 oli'cnsionc
2599 5780 2906 5840 animorum
2937 5796 3002 5837 ac
3034 5795 3217 5834 rerum
3246 5782 3661 5849 perturbat-ioue
