4018 6396
354 351 464 413 18Ξ)
560 410 569 418 .

1291 353 1389 411 DE
1427 359 1872 420 ANDRONICO
1911 364 2386 427 PALAZOLOGO
2423 368 2572 427 LIB.
2606 366 2692 428 II.

3516 362 3619 427 190

348 468 446 520 καὶ
473 469 576 521 ὅσα
624 469 956 539 παρέλαϐεν,
990 470 1172 543 ἀλόγῳ
1221 473 1411 545 Θρὰσει
1443 474 1539 528 καὶ
1558 475 1780 546 διαϐολῇ
1827 479 1923 529 καὶ
1951 486 1995 540 Α
2027 479 2118 531 τὸν
2163 480 2453 534 ἀδικοῦντα
2484 481 2659 543 οὐδεὶς
2702 479 2926 532 δύναται
2987 476 3200 546 παραϐλ
3215 475 3372 545 ἅψαι.
3421 476 3454 545 ἡ
3493 477 3620 529 Ἐκ·

348 557 532 628 ὕϐρει,
583 561 642 613 ἐν
691 556 772 625 οἷς
806 558 953 633 εἶχον
985 566 1183 619 ἐκεῖνοι
1211 566 1272 619 τὸ
1304 567 1544 636 ἰσχυρόν.
1578 569 1687 620 Καὶ
1718 568 1819 630 ἐτι,
1847 569 1923 630 ὠς

347 648 552 712 ἔοικεν,
588 649 781 718 ἔμελλε
807 656 921 716 τοῖς
953 654 1108 708 δυσὶν
1135 657 1366 717 ἐκεινοις
1410 659 1600 720 κακοῖς
1627 660 1722 709 καὶ
1741 659 1924 727 τρίτον

349 738 438 810 [1³.
477 740 600 811 114]
633 743 976 812 ἀναφυῆναι,
1027 745 1056 798 ὃ
1105 750 1198 800 καὶ
1245 747 1335 800 διὰ
1382 748 1584 818 πλῆθος
1638 750 1925 817 ἡμετέρων

346 829 638 897 ἁμαρτιῶν
677 835 740 902 τῇ
771 836 1017 904 ἡμετέρᾳ
1049 838 1250 907 συνέϐη
1282 839 1464 909 ἡμέρᾳ
1489 840 1584 892 καὶ
1606 839 1726 892 καθ’
1765 838 1926 908 ἡμῶν

347 923 774 991 ιστρατεύσατο.
817 928 930 996 Τῆς
964 929 1072 999 γὰρ
1098 931 1333 1001 Χριστοῦ
1371 932 1700 1001 Ἐκκλησίας
1723 927 1804 993 οἷς
1829 931 1927 983 αὖ·

349 1017 446 1076 τὸς
475 1009 581 1066 οίδε
627 1016 855 1086 κρίμασι
903 1019 1003 1089 τὴν
1046 1021 1302 1088 φροντίδα
1331 1021 1637 1090 δεξάμενοι,
1663 1023 1763 1074 οὐκ
1799 1020 1926 1086 ἑξη-

355 1105 734 1176 σφαλίσθημεν
756 1108 850 1160 τοῦ
877 1111 1014 1180 μήτε
1043 1114 1168 1174 τοὺς
1197 1113 1546 1180 σχιζομένους
1568 1113 1666 1181 τῆς
1695 1112 1929 1179 ἙκκλτΓ

353 1199 479 1260 σίας
519 1199 754 1268 Χριστοῦ
806 1203 897 1253 καὶ
951 1203 1210 1272 ὑϐριστὰς
1266 1206 1436 1273 αὐτῆς
1482 1209 1748 1276 τιμωρεῖν
1793 1207 1928 1271 μήτε

347 1291 483 1352 τοὺς
514 1291 896 1360 ἀκαθαρσίαις,
919 1296 1189 1364 μοιχείαις
1235 1313 1295 1347 τε
1323 1298 1417 1348 καὶ
1443 1297 1720 1364 πορνεέαις
1755 1294 1929 1346 ἑαλω-

349 1381 522 1444 κότας
568 1383 955 1450 ἀναχαιτίζειν.
992 1385 1375 1454 Ἥγνοὴσαμεν
1401 1387 1455 1439 δὲ
1495 1388 1574 1440 ὅτι
1620 1386 1716 1437 καὶ
1750 1385 1800 1436 οἱ
1828 1399 1932 1435 πα-

345 1473 774 1542 τριαρχεύοντες
809 1471 1063 1538 τοιαύτας
1092 1477 1317 1539 εὐθύνας
1363 1477 1628 1546 ὑπέχουσι
1652 1477 1804 1545 παρὰ
1823 1474 1931 1525 τῶν

349 1565 452 1617 ἐπὶ
477 1566 790 1634 σφάλμασιν
819 1567 1000 1620 αὐτῶν
1031 1568 1394 1621 εὐθυνθέντων
1425 1572 1520 1620 καὶ
1559 1567 1668 1620 τῶν
1721 1567 1932 1633 τούτοις

349 1655 560 1725 ὁμοίων
592 1658 670 1719 εἰς
690 1657 726 1710 ἃ
757 1658 1084 1727 διῳκήκασι,
1117 1660 1213 1712 καὶ
1251 1660 1423 1712 ταῦτα
1470 1660 1606 1729 μηδὲ
1635 1663 1746 1721 τοῖς
1773 1661 1930 1730 ἐνερ-

350 1744 514 1813 γοῦσι
547 1747 788 1817 σήμερον
814 1751 882 1803 τὰ
904 1751 1139 1818 δημόσια
1159 1753 1409 1813 τοιαύτας
1431 1754 1486 1802 ὲν
1511 1746 1593 1812 οἷς
1623 1753 1712 1820 ὲνή
1724 1768 1933 1820 ργησαν

2029 574 2230 643 κλησία
2255 573 2311 625 δὲ
2346 575 2509 627 πάλιν
2539 572 2769 642 ὑϐρίσθη
2804 573 2899 624 καὶ
2941 570 3271 640 ὲζημίωται.
3320 569 3418 630 Τίς
3472 568 3529 620 δὲ
3577 570 3612 637 ή

2029 666 2236 734 ζημίας
2269 665 2390 719 Τῶν
2443 665 2692 735 μοναχῶν
2745 663 2842 716 καὶ⁷
2886 660 3238 732 μοναςουσῶν
3281 661 3376 712 καὶ
3424 659 3613 711 λοιποῦ

2027 755 2410 825 χριστωνύμου
2455 754 2610 815 λαοῦ.
2657 754 2766 806 τῶν
2812 751 2913 821 μὲν
2939 751 3116 821 λόγῳ,
3160 748 3269 800 τῶν
3307 749 3364 800 δὲ
3390 746 3485 799 καὶ
3520 747 3615 817 βίᾳ

2029 847 2344 917 βλεψάντων
2387 846 2521 917 πρὸς
2570 846 2629 899 τὸ
2656 844 3005 914 σεμνότερον,
3050 843 3127 903 ὡς
3157 840 3411 905 καταιγὶς
3441 837 3612 904 ἀγρία

2027 940 2224 1007 ἁθρόον
2271 938 2672 991 ὲπεισπεσοῦσα
2717 939 2750 1004 ἡ
2801 935 2925 988 καθ’
2968 935 3123 1001 ἡμῶν
3183 932 3341 998 ὕϐρις
3368 929 3502 997 πρὸς
3538 928 3611 980 τὰ

2030 1034 2272 1100 πρότερα
2324 1030 2607 1099 ἔστρεφεν.
2646 1027 2713 1080 Ἠ
2737 1027 2792 1079 δὲ
2827 1025 2986 1097 ὕϐρις
3017 1027 3108 1076 καὶ
3148 1024 3207 1075 τὸ
3236 1021 3409 1088 αὐτῆς
3432 1019 3613 1086 λυπηα

2033 1125 2125 1193 ρδν
2156 1122 2217 1174 τὸ
2249 1121 2320 1190 μὴ
2352 1120 2490 1172 κατὰ
2524 1121 2623 1186 τῆς
2669 1118 2825 1188 ἡμῶν
2880 1118 3200 1184 ὑπολήψεως
3239 1115 3398 1180 μόνον
3428 1112 3522 1162 καὶ
3553 1108 3616 1160 τὸ

2031 1213 2214 1273 λίθους
2254 1211 2524 1280 κρατῆσαι
2550 1210 2729 1278 βαλεῖν
2762 1210 2908 1278 ἡμᾶς
2939 1209 3032 1259 καὶ
3067 1203 3492 1271 ἀναθεματίσαι,
3522 1201 3617 1250 καὶ

2029 1304 2129 1356 ὅσα
2155 1305 2471 1371 σωματικῆς
2499 1301 2708 1369 ὕϐρεως
2734 1302 3003 1359 ἐπειπεῖν,
3031 1297 3166 1362 ἀλλ’,
3185 1295 3357 1364 οἵμοιῑ
3383 1293 3474 1345 καὶ
3495 1290 3614 1344 κατ’

2031 1393 2198 1448 αὑτοῦ
2242 1392 2335 1445 τοῦ
2374 1393 2736 1460 σεϐάσματος.
2794 1391 2884 1442 Διὸ
2941 1389 3034 1442 καί
3082 1405 3248 1456 φημι,
3301 1385 3361 1438 Ei
3395 1383 3610 1436 σύνοιδα

2033 1485 2255 1554 ὲμαυτῷ
2287 1486 2512 1554 πορνείᾳ
2546 1486 2576 1554 ἦ
2619 1484 2835 1553 μοιχεία
2876 1483 2906 1552 ἢ
2959 1480 3332 1552 ἁρῥενομανεᾳ
3376 1476 3614 1530 ὲ-ιλωκέ-

2033 1592 2154 1633 ναι,
2189 1575 2284 1625 καὶ
2315 1576 2360 1625 εί
2408 1575 2686 1643 ἐφρόνησα
2730 1572 2952 1624 πώποτε
2992 1572 3024 1641 ἢ
3059 1569 3240 1639 φρονῶ
3294 1569 3327 1638 ἢ
3362 1568 3616 1638 φρονήσω

2035 1665 2313 1733 ἀλλότριον
2335 1664 2586 1733 φρόνημα
2609 1663 2710 1730 τῆς
2740 1664 3072 1731 Ἐκκλησέας
3096 1660 3336 1729 Χριστοῦ
3362 1658 3454 1710 τοῦ
3477 1656 3614 1709 Θεοῦ

2043 1772 2164 1820 μου,
2203 1755 2451 1823 ἀνάθεμα
2501 1773 2589 1824 μοι
2635 1756 2743 1808 ἀπὸ
2798 1754 3059 1824 Χριστοῦ,
3103 1754 3258 1820 καὶὴ
3317 1751 3474 1818 μερίς
3509 1763 3615 1815 μου

351 1839 672 1908 ὑπεχὼτων
703 1841 952 1904 εὐθύνας,
985 1846 1085 1895 ὅσα
1111 1844 1142 1912 ἢ
1174 1844 1500 1912 κακοτρόπῳ
1537 1843 1732 1916 γνώμῃ
1773 1842 1803 1912 ἢ
1839 1823 2008 1895 καιΒ
2040 1849 2137 1899 σὺν
2162 1846 2239 1914 τῷ
2266 1823 2616 1915 προδότῃγκαὶ
2637 1847 2749 1905 τοῖς
2784 1823 2882 1896 ’τὸν
2918 1844 3125 1909 Κύριόν
3163 1860 3265 1910 μου
3297 1838 3618 1907 σταυρώσα-

350 1930 552 2002 ἀγνοεᾳ
601 1936 742 1986 κατὰ
788 1934 882 1986 τοῦ
935 1934 1144 1988 δικαίου
1184 1941 1668 2005 πεπαρῳνήκασιν.
1727 1934 1936 1990 Ἀλλἰἲ)

350 2024 466 2076 τῶν
501 2025 649 2092 ἐμῶν
671 2027 852 2078 κακῶν
877 2027 889 2080 l
917 2027 991 2088 ὡς
1026 2028 1158 2096 μηδὲ
1186 2027 1287 2080 κᾶν
1319 2029 1406 2080 ῐσα
1437 2029 1648 2088 τούτοις
1666 2025 1934 2094 ἐξισωθῆ-

345 2132 447 2169 ναι
476 2119 572 2168 καὶ
594 2118 662 2169 τὰ
683 2117 949 2185 ἡμέτερα.
982 2120 1088 2170 Καὶ
1112 2121 1162 2171 ei
1193 2121 1287 2171 καὶ
1309 2119 1470 2172 πόθεν
1495 2119 1668 2172 ταῦτα
1702 2117 1935 2186 ἐπῆλθεν

352 2211 514 2279 ἡμῖν,
549 2209 718 2278 ἄδηλα
747 2213 860 2274 τοῖς
884 2211 1122 2272 πολλοῖς,
1155 2211 1272 2263 ἀλλ’
1294 2211 1414 2280 οὐχὶ
1442 2211 1532 2262 καὶ
1562 2210 1701 2278 Θεῷ.
1744 2207 1800 2260 Ὁ
1826 2210 1935 2278 γὰρ

351 2299 552 2366 εἰπὼν,
577 2303 1100 2374 παρρησιασάμενος
1125 2304 1259 2371 πρὸς
1285 2302 1442 2365 Θεὸν,
1466 2303 1546 2354 ὅτι
1575 2299 1634 2352 '0
1659 2299 1816 2368 ζῆλος
1839 2297 1934 2351 τοῦ

350 2393 508 2444 οἴκου
541 2409 636 2445 σου
674 2394 952 2461 κατέφαγε
976 2411 1064 2462 με,
1089 2392 1232 2458 εἷπε,
1259 2394 1367 2445 Καὶ
1397 2394 1445 2445 oi
1473 2393 1800 2460 ὁνειδεισμοὶ
1822 2389 1934 2442 τῶν

351 2484 736 2547 ὀνειδιζόντων
761 2502 821 2538 σε
845 2485 1115 2539 ἐπέπεσον
1153 2488 1241 2538 ἐπ’
1269 2486 1389 2554 ὲμέ.
1417 2483 1491 2536 Οὐ
1519 2485 1624 2553 γὰρ
1650 2483 1936 2551 ἡμετέρων

351 2576 533 2631 ταῦτα
572 2579 906 2646 σφαλμάτων
933 2580 1264 2641 ἀντέκτισις,
1294 2577 1389 2630 καὶ
1415 2577 1573 2646 χάρις
1589 2575 1706 2643 Θεῷ
1731 2591 1746 2605 ·
1779 2575 1937 2643 ἡμεῖς

359 2669 464 2738 μὲν
489 2667 842 2739 ἀδικούμενοι
869 2669 1042 2733 οὕτως
1070 2669 1424 2737 ἀδικούμεθα,
1469 2669 1552 2720 ὅτι
1579 2668 1668 2720 τὸν
1700 2667 1775 2735 μὴ
1806 2667 1933 2717 ἐαυ-

360 2826 563 2881 sultam
594 2825 904 2890 audaciam,
941 2824 1274 2878 calumniam
1325 2833 1380 2878 et
1413 2823 1828 2885 contumeliam,
1868 2823 1935 2875 ad

362 2933 484 2985 qum
519 2919 716 2982 ingens
748 2916 821 2968 illi
859 2915 1132 2970 habebant
1164 2915 1356 2968 robur.
1401 2915 1574 2968 Porro
1605 2929 1748 2967 nunc
1780 2913 1939 2965 matis

365 3009 473 3062 illis
511 3007 732 3062 duobus
765 3008 1012 3066 tertium.
1056 3013 1324 3074 quantum
1369 3007 1494 3059 licet
1540 3003 1834 3072 conjicere,
1883 3003 1934 3055 in

361 3099 646 3153 cumulum
681 3106 1029 3161 succrescet;
1083 3099 1230 3166 quod
1272 3107 1326 3150 et
1366 3106 1588 3166 propter
1627 3095 1935 3150 multitudi-

361 3207 486 3246 nem
534 3200 856 3244 nostrorum
891 3201 1239 3259 peccatorum
1283 3198 1466 3244 nostra
1512 3189 1744 3259 contigit
1775 3189 1862 3245 die
1888 3198 1941 3242 et

361 3282 418 3335 in
452 3297 558 3335 nos
611 3281 886 3334 militavit.
938 3279 1196 3335 Ecclesia:
1237 3282 1440 3350 quippe
1475 3282 1706 3338 Christi.
1739 3281 1939 3352 quibus

360 3376 481 3445 ipse
511 3374 665 3427 novit
687 3373 932 3442 judiciis,
967 3389 1098 3427 cura
1133 3388 1234 3428 nos
1266 3382 1490 3440 accepta
1519 3373 1938 3441 haudquaquam

363 3481 562 3523 secure
620 3467 899 3535 potuimus
935 3467 1207 3520 discissos
1257 3467 1326 3519 ab
1354 3465 1598 3520 Ecclesia
1629 3464 1831 3519 Christi
1886 3472 1942 3518 et

358 3562 408 3614 ei
445 3560 881 3614 contumeliosos
942 3561 1158 3627 punire.
1215 3573 1392 3620 neque
1449 3558 1940 3625 immunditiarnm,

363 3651 792 3715 adulteriorum,
839 3650 1264 3706 fornicationum
1294 3650 1574 3705 convictos
1619 3651 1940 3720 reprimere.

363 3742 748 3811 Ignoravimus
786 3754 969 3796 autem
1023 3744 1368 3812 patriarchas
1406 3751 1674 3810 potestate
1727 3750 1943 3797 utentes

363 3851 466 3889 sua
523 3835 699 3888 fuisse
755 3835 1026 3888 obnoxios
1087 3835 1382 3888 reddenda:
1438 3835 1632 3888 talium
1692 3843 1943 3889 actarum

364 3927 567 3982 rationi
605 3927 672 3981 iis
704 3926 837 3994 ipsis
869 3941 1007 3995 quos
1042 3928 1094 3980 in
1132 3926 1380 3994 lapsibus
1410 3925 1786 3994 deprehensos
1818 3940 1944 3979 cor—

363 4018 628 4081 rexerint,
671 4026 726 4070 et
783 4017 1084 4078 similibus,
1118 4017 1208 4085 jus
1264 4018 1488 4086 impune
1547 4017 1945 4087 usurpantibus

363 4109 626 4164 vocandae
659 4109 725 4164 ad
765 4125 925 4163 suum
982 4124 1214 4162 examen
1269 4123 1458 4164 eorttm
1516 4108 1947 4161 administratio-

363 4203 476 4266 nis,
518 4214 641 4254 cum
681 4209 860 4253 tamen
907 4213 1048 4268 quos
1092 4200 1254 4252 hodie
1283 4199 1536 4252 videmus
1565 4197 1758 4251 civiles
1790 4211 1946 4250 exer-

363 4308 494 4348 cere
574 4293 969 4360 magistratus,
1037 4291 1266 4344 minime
1349 4289 1667 4359 subjaceant
1727 4289 1946 4357 judiciis

367 4386 716 4441 subditorum
757 4386 812 4437 in
859 4385 926 4438 iis
965 4400 1087 4454 quae
1129 4385 1184 4437 vi
1241 4395 1476 4451 acceptae
1510 4383 1798 4452 potestatis
1823 4397 1948 4449 ege-

2039 1957 2142 1993 σιν.
2169 1939 2304 1991 Είδὲ
2328 1939 2503 2008 ὀρθῶς
2527 1941 2621 1991 καὶ
2646 1938 2849 2000 πιστῶς
2904 1953 2971 2006 με
3003 1933 3333 2003 λατρεύοντα
3365 1932 3458 1984 καὶ
3487 1945 3620 1997 φρο-
3701 1968 3708 1972 .

2037 2031 2253 2094 νοῦντα,
2289 2033 2382 2083 καὶ
2410 2031 2848 2098 ὰποϐαλλόμενον
2881 2032 2944 2081 ὲκ
2966 2028 3146 2096 ψυχῆς
3175 2025 3203 2078 ὃ
3239 2024 3312 2092 μὴ
3342 2020 3556 2086 δοξάζει
3583 2019 3618 2086 ή

2049 2122 2343 2193 Ἐκκλησία
2367 2123 2499 2192 μηδὲ
2529 2121 2832 2190 παρέλαϐε,
2885 2119 3291 2184 συκοφαντῆσαι
3329 2115 3430 2166 οὐκ
3460 2112 3619 2178 ἔφρυ-

2039 2210 2136 2276 ξαν
2169 2211 2412 2278 γλῶσσαι
2436 2211 2615 2278 λέγειν
2643 2209 3124 2278 μαθοῦσαιςκακὰ.
3152 2207 3265 2258 ὅσοι
3299 2204 3392 2255 καὶ
3423 2202 3621 2262 οἵτινες

2038 2298 2172 2364 εἷεν,
2201 2302 2308 2370 ἔχω
2331 2303 2527 2364 αὐτοὺς
2552 2301 2696 2355 καθὰ
2720 2303 2748 2353 ὁ
2771 2299 2988 2369 κανὼν,-
3008 2299 3102 2352 καὶ
3124 2297 3227 2350 ἀπὸ
3253 2295 3351 2362 τῆς
3383 2293 3621 2360 ζωαρχι-

2037 2394 2138 2462 κῆς
2166 2394 2392 2463 Τριάδος
2418 2393 2858 2463 ἀφωρισμένους.
2885 2392 3008 2444 ’Ότι
3042 2390 3103 2442 Θὲ
3139 2387 3467 2459 βιασθέντες,
3501 2382 3620 2435 ἀλλ’

2034 2485 2098 2536 οὐ
2151 2483 2432 2553 βιάσαντες
2487 2484 2752 2554 ἐτέοημεν
2800 2486 2879 2547 εἰς
2913 2483 3010 2553 τὴν
3057 2477 3386 2548 Ἐκκλησίαν
3441 2473 3620 2526 ἑλπίδι

2038 2575 2259 2643 εἰρήνης
2282 2576 2374 2626 καὶ
2401 2573 2666 2641 ὠφελείας
2699 2575 2902 2640 κοινῆς.
2924 2573 2985 2624 ού
3019 2567 3225 2639 προέϐη
3255 2564 3312 2617 δὲ
3348 2560 3491 2615 κατᾶ
3519 2560 3618 2620 τὰς

2038 2661 2256 2725 ἐλπίδας
2279 2662 2382 2734 μ’,
2415 2661 2538 2734 115]
2570 2663 2690 2723 ὅσον
2719 2662 3091 2732 διῳκήσαμεν,
3141 2655 3286 2709 οὕτω
3337 2650 3618 2721 συμφέρον

2042 2853 2149 2893 nos
2209 2839 2408 2891 intorta
2477 2837 2645 2891 ictum
2703 2837 2805 2889 tela
2861 2850 2970 2888 non
3023 2831 3330 2901 perferunt,
3379 2826 3514 2881 adeo
3561 2833 3621 2877 ut

2043 2930 2260 2998 injuriis
2308 2930 2436 2983 licet
2491 2931 2661 2982 tantis
2714 2927 2942 2996 appetiti
2991 2925 3201 2978 nullam
3254 2931 3436 2975 tamen
3475 2919 3621 2983 inju-

2043 3024 2184 3077 riam
2232 3022 2523 3090 patiamur,
2559 3021 2820 3089 quoniam
2870 3019 2964 3086 qui
2995 3035 3054 3074 se
3107 3018 3223 3086 ipse
3257 3027 3365 3068 non
3394 3010 3617 3071 laeserit,

1965 3143 2010 3204 C
2046 3129 2204 3169 nemo
2254 3114 2399 3182 potis
2426 3121 2510 3166 est
2545 3112 2760 3165 laedere.
2802 3111 3003 3164 Verum
3033 3105 3290 3162 Ecclesia
3336 3113 3389 3157 ct
3421 3112 3618 3154 contu-

2047 3205 2269 3260 meliam
2334 3205 2536 3272 patitur
2584 3211 2638 3254 et
2694 3201 3110 3255 detrimentum.
3171 3195 3456 3261 Quodnam
3491 3205 3620 3242 vero

2043 3295 2474 3350 detrimentum?
2531 3294 2802 3346 Nimirum
2829 3307 2858 3345 e
2887 3289 3174 3344 monachis
3199 3297 3253 3340 et
3285 3283 3618 3338 monialihus

2043 3399 2350 3452 cauet-nque
2386 3386 2704 3439 Christiano
2755 3384 2958 3453 populo
3019 3381 3355 3448 complures,
3421 3375 3619 3443 partim

2045 3480 2294 3548 persuasi
2350 3477 2656 3531 rationibus
2717 3487 2770 3530 et
2820 3476 3088 3529 electione
3151 3473 3299 3526 ducti
3375 3467 3622 3538 propria,

2048 3572 2248 3641 partim
2285 3581 2497 3623 terrore
2521 3569 2708 3622 addito
2741 3568 3017 3636 minisque
3049 3578 3358 3635 poenarum,
3393 3563 3441 3614 vi
3474 3575 3626 3612 eom-
3705 3617 3709 3620 ,

2044 3663 2186 3732 pulsi
2226 3660 2486 3730 quadam,
2543 3675 2668 3714 sese
2721 3662 2774 3712 in
2814 3660 3014 3712 melius
3057 3662 3446 3712 converterant
3499 3668 3629 3706 san-
3673 3656 3678 3662 '

2045 3756 2482 3819 etimoniamque
2512 3761 2892 3821 respexerant,
2934 3764 3076 3820 quos
3110 3748 3254 3802 velut
3279 3748 3440 3801 turho
3472 3745 3630 3799 ferus.

2046 3863 2111 3902 ac
2147 3845 2379 3916 procella
2415 3845 2468 3898 in
2509 3853 2898 3898 transversum
2940 3843 3058 3895 dira
3104 3841 3383 3908 ingruens,
3420 3838 3534 3890 haec
3572 3837 3628 3888 in

2047 3952 2151 3991 nos
2181 3932 2512 3989 contumelia
2541 3933 2609 3986 de
2638 3946 2807 3987 cursu
2860 3932 3060 4001 dejecit
3094 3939 3148 3984 et
3198 3943 3390 3982 rursus
3429 3925 3630 3980 avertit

2047 4027 2104 4082 in
2139 4028 2344 4095 priora.
2383 4025 2516 4094 Ejus
2560 4040 2724 4094 porro
2756 4024 2977 4092 injuria:
3016 4023 3312 4092 pernicies,
3343 4019 3488 4074 unde
3527 4032 3631 4070 no-

2049 4119 2135 4173 bis
2175 4117 2395 4171 dolendi
2443 4130 2612 4170 causa
2652 4125 2759 4179 est,
2808 4129 2918 4169 non
2968 4115 3022 4168 in
3062 4113 3306 4167 [amaret
3345 4109 3630 4165 existima-

2049 4210 2216 4265 tionis
2246 4219 2448 4264 nostrae
2491 4210 2708 4277 jactura
2751 4206 3018 4265 constitit.
3055 4221 3161 4259 non
3193 4205 3250 4258 in
3297 4200 3644 4258 contumelia—

2049 4312 2156 4356 tam
2197 4301 2424 4354 licenter
2445 4299 2834 4368 grassantium.
2860 4307 2995 4351 utet
3028 4295 3242 4364 lapides
3274 4309 3414 4362 quos
3441 4294 3495 4346 in
3527 4307 3629 4344 nos

2047 4391 2292 4460 iacerent
2327 4387 2555 4441 tulerint
2597 4397 2652 4440 et
2685 4383 3278 4439 auathematizaverint
3315 4389 3650 4448 cateraque-

293 4483 298 4486 ’
368 4480 503 4539 rint.
563 4478 728 4531 etiam
806 4476 1032 4546 quando
1077 4477 1165 4531 vel
1221 4477 1430 4529 malitia
1494 4475 1579 4529 vel
1638 4474 1938 4544 ignorantia

2053 4480 2526 4536 accumulaverint
2575 4492 2774 4546 genera
2828 4477 3013 4530 omnia
3065 4475 3403 4531 sensibilium
3440 4483 3636 4526 contu-

367 4583 562 4628 contra
598 4571 686 4638 jus
747 4579 804 4624 et
856 4585 1074 4638 aequum
1131 4578 1336 4622 temere
1387 4568 1667 4637 quidpiam
1703 4576 1944 4622 attenta-

371 4673 521 4719 runt.
573 4664 682 4717 Sed
737 4662 996 4743 heul.vis
1029 4661 1223 4732 ingens
1259 4662 1530 4715 malorum
1566 4661 1845 4714 meoruml
1881 4673 1950 4714 ne

368 4764 620 4810 nostram
670 4753 896 4822 quidem
950 4753 1110 4821 longe
1174 4752 1511 4807 sublimioris
1551 4752 1704 4820 171
1736 4751 1949 4806 ordinis

369 4847 804 4904 ecclesiasticam
839 4846 1226 4900 auctoritatem
1255 4846 1322 4900 ad
1351 4846 1725 4913 aequalitatem
1747 4845 1945 4900 saltem

369 4940 711 4998 conditionis
766 4954 891 4993 cum
949 4938 1168 5007 politica
1229 4947 1381 4992 tanto
1413 4937 1662 4992 inferiori
1697 4937 1949 5005 aspirare

369 5035 679 5105 patiuntur.
743 5031 906 5087 Unde
970 5040 1150 5084 autem
1209 5031 1314 5085 ista
1373 5030 1535 5085 nobis
1605 5032 1954 5092 acciderunt,

371 5127 621 5196 ignotum
672 5123 861 5178 multis
894 5130 979 5176 est
1007 5141 1020 5176 :
1049 5131 1104 5175 at
1129 5136 1237 5175 non
1272 5122 1406 5176 Deo.
1458 5119 1592 5174 Nam
1649 5121 1743 5190 qui
1777 5136 1949 5176 ausus

371 5229 459 5272 est
494 5215 608 5270 Deo
635 5215 854 5270 dicere:
881 5225 909 5265 ι
949 5212 1110 5268 Zelus
1142 5213 1340 5267 domus
1362 5221 1470 5266 ture
1507 5213 1749 5267 comedit
1776 5229 1882 5278 me,
1921 5233 1942 5265 ι

372 5310 518 5363 idem
548 5315 603 5360 et
631 5307 737 5361 hoc
768 5305 1078 5374 subiunxit,
1115 5323 1139 5357 ι
1175 5306 1243 5359 Ει
1281 5305 1575 5374 approbria
1604 5305 1947 5374 exprobran-

374 5403 512 5457 tium
584 5400 682 5454 tihi
757 5400 1072 5454 ceciderunt
1130 5413 1295 5468 super
1348 5413 1435 5452 me
1468 5397 1512 5453 ⁸.
1559 5417 1579 5450 ι
1635 5398 1746 5454 Nec
1800 5401 1946 5453 enim

371 5503 691 5548 nostrorum
732 5492 835 5546 ista
871 5500 1004 5546 sunt
1066 5491 1389 5546 delictorum
1447 5491 1584 5545 ultio
1629 5507 1694 5547 ac
1741 5493 1945 5558 multa;

373 5598 487 5655 quo
520 5584 744 5637 nomine
791 5583 904 5637 Deo
955 5583 1159 5652 gratias
1188 5577 1490 5639 re'ddimus.
1523 5581 1626 5639 Sed
1665 5593 1720 5640 et
1745 5583 1861 5640 haec
1890 5585 1946 5641 in

441 5753 466 5786 ⁸
493 5752 640 5810 Psal.
676 5769 774 5815 vn,
811 5755 898 5810 lo.

2057 4573 2342 4628 meliarum
2387 4591 2401 4627 :
2433 4573 2549 4635 sed,
2580 4573 2686 4627 heu
2742 4573 2861 4625 me!
2895 4574 3044 4640 (nam
3083 4571 3188 4623 hoc
3224 4583 3318 4622 cor
3361 4565 3630 4633 vulnerat)

2055 4667 2111 4720 in
2143 4665 2432 4734 religionis
2482 4665 2656 4732 ipsius
2695 4665 2958 4717 damnum
3001 4661 3303 4714 maximum
3339 4665 3635 4723 tempestas

2055 4757 2164 4811 ista
2198 4756 2544 4810 redundavit.
2594 4755 2776 4820 Quare
2804 4754 2928 4807 aio:
2959 4751 3016 4805 Si
3051 4751 3182 4804 mihi
3225 4765 3344 4802 sum
3379 4747 3637 4803 conscius

2058 4847 2442 4903 fornicationis
2489 4857 2585 4902 ant
2633 4846 2888 4900 adulterii
2932 4852 3028 4898 aut
3082 4841 3312 4896 nefariae
3354 4838 3410 4892 in
3450 4851 3670 4891 mares-

2058 4942 2320 5005 libidinis,
2359 4942 2403 4995 si
2435 4940 2579 4995 sensi
2621 4954 2864 5007 unquam
2895 4947 2990 4990 aut
3030 4936 3209 4989 sentio
3243 4934 3420 4986 autin
3453 4941 3636 5000 postc-

1995 5029 2016 5040 ’
2059 5049 2182 5088 rum
2225 5033 2456 5088 sentiam
2491 5031 2733 5086 alienum
2767 5027 3050 5099 quidpiam
3105 5042 3134 5080 a
3171 5041 3335 5080 sensu
3377 5023 3638 5078 Ecclesia:

2057 5125 2261 5181 Christi
2318 5123 2411 5178 Dei
2466 5121 2594 5183 mei,
2629 5122 2919 5174 anathema
2959 5117 3095 5172 mihi
3135 5119 3206 5170 sit
3253 5131 3280 5169 a
3318 5116 3540 5169 Christo
3582 5122 3637 5164 et

2016 5251 2018 5254 -
2056 5233 2187 5288 pars
2234 5233 2352 5272 mea
2405 5231 2528 5272 cum
2583 5214 2865 5284 proditore
2909 5228 2974 5266 ac
3011 5211 3438 5266 cruciﬁxorihus
3478 5206 3668 5275 172-.

2061 5307 2273 5363 Domini
2322 5307 2447 5360 mei.
2482 5306 2578 5361 Sin
2621 5319 2709 5358 me
2756 5313 2902 5358 recte
2931 5317 2997 5356 ac
3041 5303 3274 5358 ﬁdeliter
3305 5301 3635 5355 servientem

2055 5409 2113 5453 et
2167 5397 2492 5467 sapientem,
2559 5395 3011 5463 rejicicntemque
3042 5408 3108 5449 ac
3146 5393 3528 5462 reprobantem
3567 5404 3637 5443 ex

2058 5490 2244 5544 animo
2294 5491 2437 5558 quod
2495 5504 2603 5542 non
2661 5488 2830 5543 sentit
2871 5487 3117 5542 Ecclesia
3169 5501 3348 5553 neque
3405 5483 3670 5547 accepit...

2059 5582 2385 5638 calumniari
2432 5597 2541 5636 non
2577 5582 2912 5636 horruerunt
2959 5580 3159 5647 linguae
3205 5577 3377 5631 doctu:
3411 5572 3678 5628 maledic-
