4018 6412
475 335 570 399 ιςη

1660 352 1988 412 GEORGII
2022 354 2502 415 PACHYMEBE

3601 361 3699 423 19?.

469 460 605 526 ἡμῖν
634 436 1007 530 κατεφαίνετο,
1044 464 1254 535 μάρτυς
1282 465 1436 530 Θεὸς,
1467 467 1558 519 καὶ
1590 466 1618 519 δ
1655 468 1727 538 μὴ
1756 468 1831 527 ὡς
1857 468 2048 531 κακὸν,
2082 474 2126 529 Α
2158 469 2251 521 καὶ
2275 470 2530 539 ἀδικῆσαί
2561 486 2648 539 με.
2688 470 2776 533 Ὠς
2796 470 2852 523 δὲ
2882 487 2996 534 τοις
3026 469 3232 534 ἀδίκοις
3267 473 3363 525 καὶ
3396 471 3726 544 βλασφήμοις

470 551 588 603 ἀλλ’
609 551 684 615 ὡς
707 557 917 624 πρέπον
946 557 1305 627 ἐπράττομεν.
1334 558 1479 629 Πλὴν
1505 561 1553 612 εἰ
1580 561 1636 612 ὲν
1660 554 1706 627 ᾧ
1735 560 1918 630 μέτρῳ
1946 577 2045 630 με·

471 640 709 711 τροῦμεν
755 645 1357 716 ἀντιμετρηθησόμεθα,
1394 649 1493 717 τὴν
1540 650 1743 703 τούτων
1776 651 2049 719 διάκρισιν

472 733 767 802 ἀνατίθημι
791 735 870 805 τῷ
887 736 1026 805 ἁγίῳ
1045 736 1253 805 βασιλεί
1284 742 1379 792 καὶ
1406 743 1521 803 τοῖς
1546 741 1890 810 ἀρχιερεῦσιν
1915 742 2047 794 ἐνώ-

472 840 598 876 πιον
621 824 711 878 τοῦ
737 826 894 892 Θεοῦ,
932 831 1023 882 καὶ
1054 829 1163 883 εἴτε
1210 832 1477 900 ἀποδοχῆς
1527 834 1636 885 είτε
1664 833 1890 903 εὐθύνης
1923 851 2046 903 κρι-

476 915 679 984 θῶμεν,
721 920 1038 988 στέργομεν,
1072 922 1163 973 καὶ
1188 922 1264 985 ὡς
1297 925 1360 975 ὲκ
1401 922 1538 975 Θεοῦ
1566 923 1662 993 τὴν
1689 924 1797 976 τῶν
1841 923 2047 978 τούτων

474 1009 722 1061 κέλευσιν
754 1012 1102 1080 ὲκδεχόμεθα.
1141 1014 1389 1084 Ἕτερον,
1423 1015 1470 1066 εί
1522 1015 1616 1067 καὶ
1667 1017 1847 1068 ὁποῖόν
1900 1016 2047 1068 ἔστιν

475 1098 703 1152 ἑκάστου
734 1099 794 1152 τὸ
819 1102 978 1169 ἔργον
1005 1107 1068 1173 τῇ
1115 1105 1299 1175 ἡμέρα
1348 1104 1530 1174 ἐκείνῃ
1566 1100 1835 1172 δηλοῦται.
1886 1107 2046 1174 χάριν

473 1190 575 1258 τῆς
600 1192 909 1261 δυσφημίας
931 1196 996 1265 ἢν
1019 1196 1251 1265 ιξήμεσε
1286 1196 1408 1249 καθ’
1440 1198 1597 1266 ἡμῶν
1633 1198 1661 1249 ὁ
1692 1197 1935 1259 διάϐολος
1962 1197 2047 1249 λέ-

474 1298 664 1349 γομεν.
699 1284 758 1335 Εἰ
789 1285 1003 1339 σύνοιδα
1046 1287 1269 1355 ἐμαυτῷ
1315 1288 1594 1358 πορνείᾳῆ
1635 1289 1849 1358 μοιχείᾳ
1881 1288 1912 1356 ἢ
1943 1290 2043 1359 ἁῤ·

479 1376 773 1445 ρενομανία
830 1378 1148 1439 ἑαλωκέναι,
1200 1380 1293 1432 καὶ
1341 1382 1389 1432 εί
1446 1381 1720 1449 ἐφρόνησα
1760 1378 2041 1450 πώποτεῆ

475 1468 730 1534 φρονήσω
776 1469 1052 1539 ἀλλότριον
1104 1472 1355 1541 φρόνημα
1400 1473 1490 1524 καὶ
1545 1472 1751 1541 ἀπᾷδον
1786 1472 1886 1541 τῆς
1922 1473 2044 1525 Ἐκ-

475 1558 704 1624 κλησίας
748 1560 981 1628 Χριστοῦ
1008 1562 1100 1613 τοῦ
1150 1562 1283 1614 Θεοῦ
1328 1562 1422 1615 καὶ
1453 1562 1656 1632 Κυρίου
1701 1581 1822 1630 μου,
1871 1562 1966 1618 καὶ
1997 1564 2045 1616 εί

478 1649 555 1719 μὴ
580 1651 653 1711 ὡς
686 1653 733 1703 οἱ
764 1650 907 1718 ἅγιοι
940 1653 1176 1724 μαθηταὶ
1217 1655 1310 1708 καὶ
1338 1655 1623 1708 ἀπόστολοι
1650 1655 1839 1710 τούτου
1862 1674 2044 1726 παρα-

472 1737 735 1791 δεδώκασι
766 1743 858 1793 καὶ
892 1744 939 1794 oi
990 1743 1219 1813 διάδοχοι
1252 1744 1456 1797 τούτων
1484 1743 1734 1815 θεοφόροι
1776 1748 2040 1819 Πατέρες,

2158 560 2292 629 αὕτη
2329 561 2439 631 ἀρὰ
2472 562 2621 631 παρὰ
2649 562 2807 626 Θεοῦ,
2835 562 2978 616 οὕτω
3005 563 3099 617 καὶ
3124 566 3238 625 τοῖς
3271 562 3603 633 φειδομένοις
3634 564 3727 635 τὴν

2155 652 2406 717 γλῶσσαν
2432 657 2526 709 καὶ
2552 658 2809 725 ἀλήθειαν
2837 656 3093 724 ἀγαπῶσι
3146 657 3243 710 καὶ
3287 656 3537 723 λέγουσιν
3579 657 3621 725 ἡ
3635 656 3723 711 τοῦ

2153 743 2290 796 Θεοῦ
2319 746 2536 814 εὐλογία
2562 750 2656 800 καὶ
2704 751 2881 817 σκέπη
2930 746 3335 816 περικυκλώσοι
3368 748 3465 800 καὶ
3507 739 3607 800 ὧδε
3637 748 3725 801 καὶ

2152 838 2211 888 δν
2243 837 2319 906 τῷ
2347 839 2610 905 μέλλοντι.
2646 858 2664 890 ι
2697 841 2807 892 Καὶ
2837 839 3012 892 ταῦτα
3044 839 3143 908 μὲν
3186 839 3254 891 τά
3297 840 3413 900 τοῖς
3442 837 3721 906 ἐκπώμασι

2153 928 2247 979 καὶ
2264 930 2321 980 ὲν
2346 930 2650 1000 ἀποκρύφῳ
2675 931 2901 983 τεθέντα
2921 945 2937 960 ο
2971 930 3007 985 ἃ
3036 931 3099 999 δὴ
3142 931 3301 982 ὁποῖα
3332 933 3433 997 μὲν
3469 929 3560 981 καὶ
3588 930 3725 991 ὅπως

2151 1015 2384 1085 ἔχουσιν,
2434 1019 2512 1080 ὡς
2562 1020 2658 1071 καὶ
2710 1020 2871 1072 αὑτὸν
2901 1020 2991 1071 τὸν
3021 1019 3436 1089 παρασυρέντα,
3472 1018 3617 1079 ὅστις
3664 1020 3725 1071 ἂν

2150 1108 2246 1159 καὶ
2291 1108 2400 1177 είη,
2431 1110 2524 1161 ὑπ’
2559 1112 2803 1178 ἀνάηεμα
2859 1112 3037 1178 ἀγειν,
3066 1113 3159 1163 καὶ
3194 1110 3242 1162 εί
3278 1109 3539 1172 σύστασις
3562 1108 3725 1162 ταῦτα

2150 1197 2378 1250 ἀπαθῶν
2416 1201 2635 1268 τρόπων
2660 1200 2770 1252 εἴτε
2809 1202 2904 1253 καὶ
2937 1201 3033 1269 μὴ,
3058 1201 3249 1252 εἰδεῖεν
3276 1199 3340 1252 ἂν
3374 1201 3424 1251 oi
3457 1200 3722 1265 πνεύματι

2151 1284 2350 1348 ζῶντες
2384 1289 2477 1340 καὶ
2507 1288 2584 1358 τῷ
2616 1290 2805 1358 Κυρίῳ
2852 1288 3213 1352 δουλεύοντες.
3266 1291 3458 1358 Ὅμως
3506 1290 3722 1359 ὕστερον

2150 1374 2463 1444 εὑρεθέντα,
2497 1377 2572 1440 ὡς
2605 1378 2721 1446 μετ’
2751 1378 2932 1447 ὀλίγον
2951 1379 3265 1449 ῥηθήσεται,
3301 1379 3501 1441 ἱκανῶς
3528 1381 3723 1439 αἰτίαις

2148 1465 2385 1527 δικαίαις
2410 1469 2621 1536 ὑπῆγον
2664 1470 2755 1522 τὸν
2781 1470 3089 1540 γράψαντα.
3129 1470 3356 1538 Ἕτερον
3405 1470 3462 1522 δὲ
3498 1472 3721 1537 γράμμα

2151 1558 2439 1625 σχεδιάτας
2477 1561 2611 1629 προς
2638 1560 2729 1611 τὸν
2776 1560 3002 1628 βασιλέα
3029 1560 3369 1623 ἀπέστειλεν,
3409 1559 3553 1612 οὕτω
3585 1563 3718 1614 κατά

2152 1648 2300 1715 ῥῆμα
2327 1647 2693 1716 διαλαμϐάνον
2715 1664 2730 1679 ·
2769 1668 2788 1699 ι
2813 1647 2932 1717 Θεῷ
2961 1648 3054 1701 καὶ
3082 1649 3218 1715 μετά
3246 1648 3380 1701 Θεὸν
3414 1651 3524 1709 τοῖς
3555 1650 3723 1715 λόγοις

2151 1732 2430 1805 θαρρήσας
2455 1736 2551 1803 τῆς
2578 1737 2640 1788 ὲκ
2667 1736 2806 1789 Θεοῦ
2835 1736 3108 1805 βασιλείας
3148 1752 3242 1789 σου
3270 1737 3369 1805 τὴν
3395 1737 3715 1804 Ἐκκλησίαν

476 1828 659 1891 ίδικῶς
711 1832 804 1881 καὶ
834 1832 1143 1896 συνοδικῶς,
1177 1836 1270 1887 καὶ
1317 1838 1365 1888 εί
1417 1836 1491 1906 μὴ
1548 1836 1694 1890 ἅπαν
1741 1838 2048 1907 ἐτερόδοξον
2083 1822 2123 1876 Β
2150 1826 2455 1894 ἐκράτησα.
2491 1828 2551 1879 Et
2579 1828 2623 1880 δ’
2649 1828 2871 1895 ἐγκαλοτ
2901 1846 2990 1898 μοι
3027 1828 3120 1881 καί
3165 1829 3366 1890 mea“
3401 1829 3477 1899 μὴ
3506 1834 3643 1882 κατά
3666 1830 3722 1882 τδ

474 1920 747 1986 φρόνημα,
794 1920 822 1972 ὅ
874 1921 948 1990 μὴ
980 1923 1255 1991 παρέλαϐε
1296 1925 1392 1976 καὶ
1442 1927 1633 1995 κρατεῖ
1684 1927 1716 1995 ἠ
1757 1926 2046 1997 Ἐκκλησία

471 2010 730 2077 Χριστοῦ,
772 2013 1126 2082 παραπέμπω
1180 2014 1259 2085 τῷ
1293 2016 1615 2085 ἀναθέματι.
1674 2017 1923 2087 ἀνάθεμά
1958 2035 2047 2087 μοι

473 2102 580 2153 ἀπὸ
611 2102 867 2167 Χριστοῦ,
903 2103 997 2155 καὶ
1038 2106 1069 2173 ἡ
1123 2106 1279 2174 μερίς
1318 2124 1422 2175 μου
1466 2108 1562 2160 σὺν
1591 2108 1667 2177 τῷ
1695 2111 1925 2181 προδότῃ
1951 2111 2048 2163 καὶ⁸

469 2196 582 2254 τοῖς
609 2195 700 2244 τὸν
730 2194 934 2263 Κύριόν
966 2213 1068 2263 μου
1100 2197 1500 2267 σταυρώσασιν.
1562 2201 1623 2253 El
1656 2201 1711 2254 δὲ
1740 2201 1913 2270 ὀρθῶς
1952 2205 2045 2256 καὶ

471 2283 680 2347 πιστῶς
729 2301 797 2352 με
832 2286 1163 2355 λατρεύοντα
1214 2292 1305 2342 καὶ
1342 2291 1640 2360 φρονοῦντα
1670 2295 1761 2344 καὶ
1803 2294 2047 2356 ἀσπαζό-

474 2393 632 2443 μενον
656 2379 749 2430 καὶ
790 2378 1125 2449 κηρύττοντα
1173 2382 1446 2447 διαϐολαῖς
1488 2386 1554 2453 μέ
1582 2403 1724 2448 τινες
1771 2386 2045 2450 τοιαύταις

468 2466 732 2535 διέϐαλον,
761 2470 875 2523 ὅσοι
904 2473 997 2525 καὶ
1022 2472 1215 2537 οἵτινες
1264 2472 1393 2539 εἷεν,
1423 2478 1751 2543 ὲκκήρυκτοι
1780 2479 1877 2546 τῆς
1918 2478 2043 2530 Ἐκ-

471 2560 699 2627 κλησιας
730 2562 988 2631 Χριστοῦ,
1041 2568 1134 2617 καὶ
1159 2566 1338 2637 ἀλύτῳ
1385 2569 1677 2637 ἀφορισμῷ
1710 2568 1786 2637 τῷ
1815 2569 1919 2620 ἀπὸ
1945 2569 2043 2638 τῆς

473 2651 786 2721 ζωαρχικῆς
820 2656 915 2708 καὶ
953 2659 1227 2725 μακαρίας
1261 2660 1354 2713 καὶ
1406 2661 1566 2728 ἁγίας
1615 2661 1902 2731 Τριάδοςὴ
1942 2679 2041 2731 με-

472 2743 686 2811 τριότης
717 2745 876 2814 ἡμῶν
913 2747 1204 2802 ὑποϐάλλει
1249 2751 1467 2816 αὐτοὺς,
1503 2752 1599 2806 καὶ
1628 2754 1738 2824 ἀρᾷ
1768 2753 2046 2821 ἀναθεμα-

469 2847 562 2894 τος
613 2835 709 2886 καὶ
736 2835 827 2888 τὸν
861 2837 1122 2902 τοιούτοις
1170 2842 1554 2912 παρασυρέντα
1605 2844 1686 2905 είς
1725 2843 1785 2895 το
1838 2841 2043 2912 βλάψαι

470 3018 616 3071 cere,
664 3006 981 3078 quicunque
1034 3021 1090 3065 et
1134 3013 1548 3081 qualescunque
1583 3011 1807 3077 fuerint,
1866 3013 2043 3067 habeo

470 3096 644 3160 ipsos,
690 3099 844 3166 juxta
898 3117 1190 3166 canonem,
1225 3119 1325 3173 pro
1377 3105 1677 3174 segregatis
1721 3119 1750 3158 a
1778 3106 1899 3159 vitae
1940 3121 2041 3160 au-

470 3199 623 3244 ctore
646 3190 935 3247 Trinitate.
967 3193 1240 3259 Quoniam
1281 3212 1408 3250 vero
1434 3198 1633 3262 coacti,
1666 3197 1892 3251 minime
1943 3213 2042 3251 au-

470 3290 578 3335 tem
618 3298 718 3340 nos
758 3285 905 3354 ipsos
954 3304 1047 3356 per
1083 3290 1189 3363 vim
1245 3289 1609 3355 inlrudentes,
1650 3288 1902 3358 regimini
1942 3290 2043 3343 Ec-

470 3371 654 3428 clesia
690 3388 883 3431 sumus
928 3377 1193 3448 impositi,
1222 3395 1317 3449 spe
1346 3380 1495 3448 pacis
1525 3388 1580 3434 ct
1614 3380 1865 3436 utilitatis
1893 3395 2045 3434 com-

469 3468 673 3530 munis,
705 3484 810 3522 non
841 3473 1103 3524 successit
1130 3483 1312 3526 autem
1347 3474 1651 3527 secundum
1683 3489 1834 3542 spem
1869 3489 2041 3541 quan-

470 3569 586 3611 tum
624 3559 676 3610 in
707 3574 769 3614 ea
817 3562 1292 3618 administratione
1335 3565 1649 3631 gessimus:
1685 3566 1821 3619 nihil
1858 3575 2039 3619 autem

474 3652 748 3719 gessimus
780 3652 959 3723 (testis
992 3654 1064 3707 sit
1093 3654 1258 3723 Dens)
1285 3655 1388 3709 nisi
1417 3658 1562 3724 quod
1596 3657 1852 3726 expedire
1882 3656 2043 3711 nobis

470 3740 651 3794 visum
689 3751 795 3806 est,
827 3751 883 3796 et
913 3745 1058 3813 quod
1095 3760 1204 3798 non
1236 3754 1295 3798 ut
1329 3747 1559 3810 malum,
1602 3748 1697 3802 sed
1753 3756 1812 3800 ut
1844 3747 2043 3801 decens

471 3847 500 3884 a
539 3833 698 3888 nobis
752 3834 904 3889 ﬁeret
940 3854 953 3890 :
992 3845 1251 3890 cmterum
1285 3853 1352 3890 an
1391 3853 1497 3905 qua
1558 3853 1813 3892 mensura
1868 3836 2040 3891 mensi

471 3937 687 3990 sumus,
712 3925 902 3979 eadem
940 3928 1263 3982 remetiatur
1300 3928 1477 3991 nobis,
1512 3929 1781 3997 judicium
1810 3928 2041 3982 arbitrio

470 4017 647 4070 sancti
687 4019 1038 4087 imperatoris
1069 4028 1123 4073 et
1151 4020 1537 4090 episcoporum
1563 4036 1750 4075 coram
1783 4022 1890 4075 Deo
1919 4036 2043 4089 per-

470 4108 666 4173 mitto;
711 4116 767 4163 et
810 4110 927 4165 sive
970 4112 1320 4167 absolvamur
1347 4112 1462 4165 sive
1496 4111 1824 4166 damnemnr
1852 4113 1920 4165 ab
1950 4112 2040 4177 iis,

470 4200 890 4269 acquiescimus,
923 4212 976 4256 et
1012 4213 1070 4256 nt
1109 4219 1139 4257 a
1182 4202 1291 4257 Deo
1318 4202 1624 4273 proiectum
1678 4220 1867 4260 eorum
1905 4222 2042 4275 qua-

469 4292 739 4361 lecunque
793 4294 1114 4348 mandatum
1152 4295 1478 4349 accioimns.
1528 4296 1713 4359 Aliud,
1744 4297 1844 4350 etsi
1881 4297 2044 4365 quale

472 4382 545 4437 sit
573 4384 842 4451 cujusque
872 4396 1033 4452 opus,
1056 4384 1145 4437 die
1170 4385 1257 4438 illa
1284 4385 1624 4439 declaratum
1646 4385 1708 4438 iri
1740 4386 2039 4448 credimus,

2146 1918 2384 1987 ἀρέσκον
2413 1920 2628 1991 ἑκάστῳ
2650 1919 2920 1990 διῴκησα,
2953 1923 3164 1990 μάρτυς
3188 1920 3352 1984 αὐτὸς
3372 1920 3525 1986 Θεὸς,
3550 1923 3721 1990 κρεῖτ-

2145 2029 2237 2066 τον
2271 2014 2369 2066 οὐκ
2400 2015 2680 2083 ἐφρόνουν.
2723 2016 2880 2069 Ἐπεὶ
2907 2016 2964 2069 δὲ
2998 2017 3235 2086 Χριστὸς
3268 2017 3367 2084 τῆς
3399 2015 3720 2084 Ἐκκλησίας

2144 2105 2311 2158 αὐτοῦ
2332 2106 2418 2177 μ’.
2439 2104 2567 2177 116]
2600 2107 2815 2175 καὶτῆς
2840 2106 3119 2174 βασιλείας
3151 2107 3211 2160 σὲ
3240 2106 3542 2177 κατέστησε
3568 2122 3720 2173 φρον-

2143 2195 2348 2266 τιστὴν,
2387 2197 2585 2249 ἰθύνειν
2616 2197 2753 2263 πρὸς
2780 2198 2839 2250 es
2864 2198 3097 2267 ἀρέσκον
3126 2197 3298 2266 αὐτῷ,
3325 2197 3554 2252 ὲνώπιον
3583 2196 3718 2263 λέγω

2142 2285 2237 2340 τοῦ
2268 2288 2472 2357 Κυρίου
2525 2306 2627 2356 μου
2654 2288 2831 2359 Ἰησοῦ
2880 2289 3142 2358 Χριστοῦ,
3172 2290 3221 2341 εί
3283 2290 3380 2342 καὶ
3409 2286 3720 2357 ἁμαρτωλός

2142 2380 2279 2445 είμι,
2331 2378 2466 2432 ἀλλὰ
2522 2380 2840 2449 πρακτικῶς
2888 2381 2988 2433 οὐκ
3017 2379 3320 2449 ἐπίσταμαί
3366 2397 3421 2433 τι
3460 2381 3715 2447 ἀπεῖργον

2142 2470 2285 2523 κατά
2313 2472 2544 2532 κανόνας
2576 2470 2894 2541 ἱερωσύνης.
2947 2472 3008 2525 El
3042 2471 3098 2524 δέ
3143 2488 3287 2533 τινες
3343 2470 3716 2540 ἐξηγέρθησαν

2143 2560 2263 2613 κατ’
2301 2559 2434 2629 ἐμοῦ
2486 2560 2666 2628 λέγειν
2692 2561 2792 2613 ὅσα
2837 2562 2918 2624 είς
2961 2561 3312 2632 ἀνθρωπίνην
3346 2561 3505 2631 ὕϐριν
3536 2559 3715 2627 φθάνει

2144 2651 2239 2703 καὶ
2269 2651 2682 2720 παραλύπησιν,
2730 2652 2825 2704 καὶ
2855 2653 2992 2704 εἰσιν
3028 2655 3078 2704 ol
3124 2652 3478 2714 πιστεύοντες
3531 2648 3713 2707 ταῦτα,

2144 2740 2385 2794 θέτωσαν
2439 2743 2519 2804 είς
2553 2744 2873 2811 καθαίρεσιν
2902 2744 3003 2796 ὅσα
3047 2746 3111 2796 ὲκ
3139 2745 3347 2798 τούτων
3380 2745 3475 2799 καὶ
3514 2743 3718 2812 βούλονσ

2142 2852 2256 2898 ται,
2294 2835 2388 2887 καὶ
2418 2836 2467 2889 εί
2497 2835 2762 2905 ἀδικηθῶ,
2790 2837 2848 2888 ὲν
2885 2839 2953 2908 τῇ
2984 2835 3169 2909 ἡμέρα
3201 2836 3389 2910 ἐκείνῃ
3435 2834 3717 2904 δικαιωθή-

2144 3025 2233 3068 me
2291 3011 2498 3067 talibus
2547 3010 2925 3079 diﬂ‘amarnnt,
2961 3012 3278 3082 quicunque
3316 3027 3382 3065 ac
3409 3010 3718 3079 qualescun-

2144 3118 2251 3173 que
2288 3104 2426 3167 sint,
2455 3113 2609 3157 extra
2637 3118 2861 3158 censum
2888 3104 3156 3159 babentor
3189 3105 3454 3159 Ecclesia:
3476 3100 3669 3157 Christi
3697 3115 3712 3161 ς

2146 3203 2201 3248 et
2226 3194 2506 3249 insolubili
2557 3195 3152 3250 excommunicationis
3202 3197 3366 3249 nexui
3398 3211 3427 3249 a
3465 3195 3584 3248 vitae
3621 3205 3713 3243 an-

2155 3297 2330 3351 ctore,
2361 3290 2520 3341 beata
2548 3298 2603 3341 et
2632 3297 2819 3342 sancta
2851 3286 3140 3349 Trinitate.
3162 3288 3514 3341 mediocritas
3540 3292 3713 3338 nostra

2151 3378 2302 3447 ipsos
2351 3380 2592 3449 subjicit,
2637 3380 2891 3449 dirisque
2953 3380 3348 3440 auatbematis,
3385 3391 3438 3435 et
3466 3394 3587 3433 cum
3629 3374 3713 3443 qui

2152 3472 2354 3525 talibus
2402 3479 2614 3525 tractus
2655 3471 2821 3526 fuerit
2867 3472 2932 3525 ad
2970 3472 3273 3526 ltedendnm
3305 3483 3365 3527 et
3394 3471 3606 3540 injuriis
3638 3466 3713 3520 af-

2146 3561 2441 3615 ﬁciendum
2497 3576 2606 3614 me.
2664 3559 2737 3615 Ut
2786 3569 2966 3615 autem
3027 3562 3247 3629 injustis
3288 3573 3343 3616 et
3392 3558 3711 3629 blasphemis

2146 3650 2262 3704 haec
2291 3649 2605 3705 maledictio
2631 3666 2658 3703 a
2683 3650 2793 3706 Deo
2821 3652 3019 3714 est,sic
3041 3662 3093 3706 et
3112 3652 3351 3722 linguam
3384 3654 3712 3707 continentes

2145 3750 2200 3796 et
2220 3742 2504 3795 veritatem
2564 3754 2814 3797 amantes
2857 3752 2912 3796 et
2970 3742 3255 3813 loquentes
3291 3742 3384 3797 Dei
3424 3740 3712 3797 benedictio

2144 3847 2209 3889 ac
2265 3834 2535 3902 protectio
2582 3833 2968 3895 circumdabit,
3012 3845 3064 3889 et
3103 3835 3188 3887 bic
3232 3848 3287 3888 et
3335 3836 3390 3888 in
3452 3834 3649 3887 futuro.
3691 3847 3707 3880 ι

2146 3925 2272 3981 Haec
2329 3926 2548 3995 quidem
2618 3938 2777 3980 erant
2819 3927 2871 3979 in
2916 3927 3123 3981 chartis
3171 3925 3312 3979 intra
3349 3925 3541 3995 pOcula
3589 3920 3714 3975 licti-

2145 4020 2216 4073 lia
2246 4020 2480 4073 conditis
2510 4029 2561 4073 et
2588 4019 2643 4074 in
2689 4033 2830 4071 cavo
2872 4019 3132 4073 abstruso
3164 4019 3469 4086 depositis.
3512 4017 3567 4070 ln
3599 4011 3712 4097 qui-

2144 4108 2269 4175 bus,
2307 4111 2452 4179 quod
2488 4125 2612 4163 eum
2641 4125 2863 4179 quoque
2896 4110 2989 4179 qui
3031 4102 3197 4162 etiam
3232 4109 3284 4162 vi
3316 4116 3624 4177 pertractus
3649 4100 3707 4156 ad

2146 4201 2560 4255 adversantium
2623 4201 2729 4255 sibi
2770 4208 2955 4270 partes
3014 4199 3197 4263 fuerit,
3248 4200 3560 4267 quicunque
3606 4205 3715 4247 tan-

2145 4291 2267 4344 dem
2307 4292 2399 4351 sit,
2437 4291 2774 4345 anathemati
2820 4290 3059 4359 subjicit,
3109 4291 3160 4343 id
3196 4292 3260 4344 ad
3306 4291 3555 4344 humana:
3593 4297 3711 4354 pro-

2144 4381 2330 4435 bitatis
2358 4381 2795 4449 Christianosque
2824 4379 3273 4435 mansuetudinis
3305 4381 3548 4434 rationes
3578 4370 3705 4428 satis

470 4482 653 4529 tamen
697 4474 959 4542 quoniam
1010 4473 1168 4527 aiunt
1199 4478 1470 4543 quosdam
1501 4474 1862 4529 scandalizari
1906 4490 2035 4544 pro-
2076 4491 2119 4547 ι)
2149 4476 2625 4530 accommodatum
2660 4490 2830 4528 necne
2870 4473 3054 4538 fuerit,
3091 4474 3426 4529 censendum
3477 4469 3712 4531 relinquo

470 4575 592 4635 pter
619 4564 1058 4618 maledicentiam
1082 4580 1247 4635 quam
1273 4566 1516 4621 evomuit
1543 4566 1596 4619 in
1632 4581 1734 4620 nos
1764 4567 2039 4629 diabolus,

469 4658 745 4712 dicimus:
774 4656 831 4711 Si
867 4657 1123 4712 conscius
1169 4657 1299 4710 mihi
1329 4672 1447 4711 sum
1492 4656 1753 4713 incidisse
1792 4660 1845 4712 in
1874 4657 2047 4713 forni-

472 4751 769 4813 cationem,
798 4750 1130 4805 adulterium
1163 4758 1255 4802 aut
1288 4748 1551 4803 nefariam
1576 4749 1628 4803 in
1656 4766 1833 4806 mares
1859 4752 2045 4805 libidi-

471 4857 619 4907 nem,
644 4843 688 4897 si
719 4843 864 4898 sensi
908 4858 1153 4912 unquam
1185 4851 1279 4897 aut
1307 4843 1485 4896 sentio
1515 4851 1610 4895 aut
1638 4844 1873 4896 sentiam
1907 4843 2043 4897 alie-

472 4949 599 4988 nam
630 4937 958 4991 sententiam
985 4946 1038 4989 et
1060 4937 1445 4990 abhorrentem
1477 4937 1547 4991 ab
1563 4935 1808 4992 Ecclesia
1835 4938 2045 4993 Christi

471 5025 567 5080 Dei
595 5038 647 5080 et
692 5026 902 5082 Domini
956 5029 1085 5087 mei.
1131 5038 1184 5083 et
1222 5029 1327 5082 nisi
1364 5039 1423 5083 ut
1466 5029 1642 5083 sancti
1690 5029 1944 5097 discipuli
1991 5039 2046 5083 et

470 5121 705 5191 apostoli
758 5122 881 5188 ejus
936 5121 1286 5176 tradiderunt
1336 5132 1391 5177 et
1441 5138 1797 5178 successores
1844 5124 2041 5177 horum

468 5209 660 5265 deiferi
705 5210 913 5273 Patres,
961 5212 1219 5279 privatim
1254 5221 1308 5265 ct
1339 5214 1639 5283 synodice;
1691 5222 1746 5266 ct
1789 5212 1894 5266 nisi
1927 5228 2045 5265 Otll-

471 5318 597 5357 nem
641 5303 1032 5357 beterodoxam
1085 5303 1418 5370 doctrinam,
1452 5321 1616 5374 quam
1672 5320 1782 5358 non
1837 5306 2046 5373 accepit

470 5410 573 5450 nec
602 5403 749 5447 tenet
786 5394 1032 5449 Ecclesia
1085 5396 1313 5456 Christi,
1346 5413 1545 5466 respuo
1580 5397 1880 5462 subjiciens
1910 5412 2043 5449 aua-

471 5489 725 5550 themati,
756 5488 912 5558 173
934 5489 1220 5543 anathema
1255 5490 1387 5541 mihi
1416 5490 1486 5542 sit
1521 5504 1551 5543 a
1582 5489 1803 5544 Christo
1833 5499 1887 5543 et
1917 5503 2045 5557 pars

472 5596 594 5636 mea
628 5596 752 5635 cum
806 5582 1082 5651 proditore
1123 5592 1178 5636 et
1208 5581 1630 5637 cruciﬁxuribns
1663 5579 1876 5636 Domini
1914 5580 2042 5636 mei.

477 5671 533 5724 Si
558 5687 686 5726 vero
714 5682 860 5728 recte
901 5689 965 5728 ac
993 5674 1229 5727 ﬁdeliter
1263 5689 1349 5728 me
1387 5672 1794 5726 ministrantem
1825 5682 1879 5726 et
1918 5688 2044 5727 sen-

475 5765 696 5821 lietttcm
725 5776 777 5821 et
808 5770 1224 5837 amplectentem
1250 5776 1301 5820 et
1334 5764 1718 5833 praedicantem
1753 5764 2044 5821 calumniis

2147 4567 2462 4621 viventibus
2491 4567 2545 4621 in
2582 4566 2779 4633 spiritu
2813 4578 2868 4620 et
2896 4565 3130 4619 Domino
3158 4564 3555 4619 servientibus.
3584 4552 3710 4610 Illud

2147 4660 2285 4726 scio,
2331 4660 2596 4728 scriptum
2631 4658 2735 4713 hoc
2771 4667 2958 4726 postea
2993 4652 3271 4739 repertum
3304 4657 3707 4725 vulgatumque.

2147 4761 2211 4803 ut
2247 4751 2594 4819 postmodum
2633 4749 2878 4816 dicetur,
2907 4749 3352 4805 accusationibus
3378 4750 3433 4801 in
3476 4745 3593 4812 ejus
3622 4752 3711 4792 an-

2148 4853 2354 4897 t-torem
2392 4851 2551 4895 antea
2606 4840 2824 4910 iactatis
2879 4841 3004 4896 lidei
3056 4848 3393 4894 momentum
3425 4833 3707 4890 addidisse,

2148 4943 2210 4989 ut
2241 4932 2354 5001 jam
2385 4947 2496 4985 non
2546 4932 2821 4985 immerito
2857 4932 3146 4986 traductus
3182 4931 3274 4983 ille
3303 4944 3370 4983 ac
3407 4926 3599 4991 injuste
3633 4919 3710 4971 in-

2150 5026 2386 5079 famatus
2423 5025 2717 5079 videretur.
2772 5024 2933 5079 Aliud
2974 5024 3138 5078 etiam
3177 5023 3442 5090 scriptum
3480 5012 3699 5071 concin-

2148 5118 2323 5176 navit.
2377 5117 2562 5172 statim
2621 5116 2688 5169 ad
2745 5125 3131 5185 Imperatorem
3184 5116 3433 5171 missum.
3488 5110 3596 5162 haec
3643 5097 3703 5152 ad

2151 5210 2370 5262 verbum
2418 5209 2708 5262 continens
2747 5223 2760 5260 :
2801 5226 2817 5257 ι
2851 5205 2959 5261 Deo
2987 5215 3039 5260 et
3073 5214 3194 5275 post
3245 5204 3414 5257 Deum
3447 5195 3618 5251 verbis
3649 5188 3708 5242 il-

2149 5303 2284 5355 dens
2315 5316 2381 5353 ex
2423 5301 2532 5353 Deo
2558 5300 2944 5353 auctoritatem
2974 5300 3229 5353 ducentis
3254 5291 3556 5366 majestatis
3586 5296 3705 5342 tum.

2147 5392 2407 5447 Ecclesia!
2439 5393 2681 5459 regimen
2712 5391 3010 5458 capessivi.
3051 5390 3110 5444 In
3140 5403 3250 5457 quo
3285 5374 3703 5442 administrando

2150 5484 2195 5538 si
2254 5485 2527 5552 quispiam
2600 5483 2985 5537 succensuerit
3051 5481 3499 5551 gubernationem
3553 5460 3700 5536 174

2149 5589 2329 5630 meam
2358 5576 2423 5628 ad
2455 5575 2601 5642 quod
2636 5576 2835 5644 cuique
2867 5575 3105 5642 placeret
3140 5572 3376 5627 obnoxie
3405 5570 3699 5622 accommo-

2152 5668 2333 5719 datam
2358 5681 2465 5719 non
2491 5665 2684 5727 fuisse,
2717 5667 2871 5720 testis
2898 5666 3037 5720 idem
3072 5666 3144 5719 sit
3181 5666 3348 5727 Dens,
3383 5658 3573 5745 melius
3599 5657 3696 5745 ml"

2156 5756 2477 5812 sentiebam.
2514 5754 2967 5827 Quandoquidem
3005 5772 3135 5813 vero
3179 5755 3430 5812 Christus
3460 5744 3699 5804 Ecclesia:
