4018 6394
315 370 418 434 193

1235 368 1334 426 DE
1377 365 1820 426 ANDBONICO
1857 364 2319 424 PALIEOLOGO
2344 363 2487 424 LIB.
2528 360 2614 422 Π.

3473 358 3578 424 19$

292 501 485 554 σομαι.
516 483 628 553 Τὴν
657 482 763 552 γὰρ
796 478 1128 551 παραίτησιν
1159 479 1445 548 λογίζομαι
1499 481 1872 541 ἁκανόνιστον,
1905 491 1952 543 Α
1981 482 2139 545 γνοὺς
2171 476 2421 530 ἐντεῦθεν
2475 476 2608 536 ῑσως
2661 474 2757 527 καὶ
2789 472 2886 544 τὴν
2916 473 3012 528 τοῦ
3061 475 3387 544 κρατοῦντος
3433 473 3576 542 γνώ-

288 578 391 629 καὶ
418 575 558 644 αὕτη
589 591 692 643 μου
721 575 755 644 ἡ
781 573 1068 642 διάκρισις.
1107 572 1259 624 Ἐπεὶ
1281 572 1336 624 δὲ
1360 573 1493 641 πρὸς
1517 572 1790 642 τρέμοντα
1808 575 1876 626 τά

287 663 634 733 δικαιώματα
672 662 809 715 Θεοῦ
840 661 1063 731 βασιλέα
1095 661 1261 724 λαλῶ,
1308 663 1358 714 εἰ
1389 662 1651 726 κελεύεις,
1695 664 1756 715 τὸ
1788 663 1877 714 θέ-

289 754 444 823 λημά
473 770 576 822 μου
602 753 697 815 ἐῶ,
725 756 816 806 καὶ
852 752 1149 822 ἀνατίθημι
1175 752 1248 822 τῷ
1269 754 1389 820 Θεῷ
1417 754 1510 806 καὶ
1528 757 1594 826 τῇ
1628 756 1683 822 ἐξ
1709 758 1873 808 αὑτοῦ

291 846 546 916 βασιλείᾳ
574 862 668 897 σου
703 845 771 897 τά
798 845 925 914 ἐμὰ,
961 846 1049 899 ἵνα
1071 847 1208 914 ὅπερ
1239 847 1376 916 αὐτῇ
1416 847 1708 916 θεάρεστον
1734 848 1878 913 δόξει

288 937 391 989 καὶ
411 941 480 1006 τῇ
513 937 660 1004 ψυχῇ
685 954 786 1004 μου
815 939 1104 1006 σωτήριον,
1127 939 1493 1009 εύεργετήσῃς
1520 941 1616 992 καὶ
1644 941 1880 1008 συμϐου-

287 1026 494 1096 λεύσῃς
528 1028 622 1077 καὶ
664 1029 1004 1095 συνεργήσῃς
1062 1043 1174 1094 μοι,
1230 1027 1327 1079 καὶ
1369 1027 1508 1080 οὔτω
1551 1029 1702 1097 παρά
1745 1028 1878 1081 Θεοῦ

291 1113 529 1181 χαρισθῇ
560 1114 658 1182 τῆς
689 1113 1010 1180 εὐεργεσίας
1037 1116 1104 1166 τά
1135 1116 1225 1166 ῐσα
1252 1118 1316 1185 τῇ
1347 1117 1411 1168 ὲκ
1442 1117 1576 1169 Θεοῦ
1630 1118 1882 1188 βασιλείᾳ

297 1223 418 1258 σου.
461 1223 480 1256 ι
531 1205 693 1258 Ἀλλὰ
715 1205 874 1257 τοῦτο
907 1207 1026 1274 μὲν,
1053 1208 1194 1260 κατὰ
1222 1209 1282 1259 τὸ
1315 1209 1486 1270 εἰκὸς,
1515 1210 1612 1277 οὐχ
1645 1212 1886 1277 ὑπέγρα-

291 1297 391 1363 ψε,
419 1297 479 1350 τὸ
507 1297 562 1349 δέ
590 1313 654 1363 γε
701 1299 969 1366 πρότερον
1020 1298 1390 1366 οἰκειοχείρως
1442 1301 1834 1368 ὑπεσημήνατο
1859 1317 1874 1334 ο

294 1385 417 1456 εἶχε
475 1386 606 1456 γὰρ,
643 1406 660 1437 ι
697 1386 1012 1449 Ἀθανάσιος
1072 1387 1206 1456 ἐλέῳ
1261 1388 1396 1440 Θεοῦ
1456 1389 1885 1455 ἁρχιεπίσκοπος

295 1479 929 1540 Κωνσταντινουπόλεως
960 1479 1086 1540 νέας
1127 1479 1345 1548 Ῥώμης
1375 1483 1468 1532 καὶ
1507 1483 1885 1550 οἰκούμενικὸς

297 1570 673 1638 πατριάρχης.
715 1588 734 1620 ι
771 1565 882 1620 Ἦν
909 1570 953 1622 δ’
1006 1570 1089 1622 ἔτι
1116 1573 1416 1641 φερόμενον
1461 1573 1558 1623 καὶ⁵
1594 1573 1722 1626 ἄλλο
1747 1590 1798 1624 τι
1831 1573 1887 1624 ὲν

297 1662 536 1732 κρυπτῷ
586 1662 900 1730 γράμματι,
957 1663 1094 1732 ὅπερ
1150 1665 1251 1715 οὐκ
1301 1658 1416 1715 οῖδα
1475 1665 1523 1715 εἰ
1579 1664 1886 1731 προσετέθη

301 1753 534 1823 ὕστερον
571 1753 724 1823 παρά
750 1754 857 1805 τῶν
901 1754 1094 1822 ἐκείνῳ
1126 1755 1566 1824 προσκειμένων,
1603 1754 1679 1818 ὡς
1721 1774 1739 1806 ι
1773 1754 1890 1807 Κᾶν

1984 587 2116 639 μην,
2151 587 2223 631 ως
2258 567 2402 621 οὕτω
2430 568 2498 620 τὰ
2521 567 2645 620 καθ’
2675 567 2869 619 ἑαυτὸν
2889 566 3274 636 δοκιμάζοντος
3303 571 3380 631 εἰς
3401 570 3578 620 συνοῖ-

1985 678 2096 726 σον,
2134 663 2184 714 ei
2233 660 2483 729 ἐκσταίη,
2543 659 3074 728 παρακεκινημένων
3107 659 3214 712 τῶν
3245 661 3382 712 ὅλων
3431 663 3576 729 (οὐδὲ

1982 754 2090 820 γὰρ
2123 752 2320 820 ἐχώρει
2353 751 2527 812 ἄλλως
2562 749 2856 817 γίνεσθαι),
2902 752 3042 820 ἀωρὶ
3087 751 3197 803 τῶν
3235 752 3448 806 νυκτῶν
3499 753 3579 805 δί-

1983 841 2147 893 δωσιν
2178 841 2370 894 ἑαυτὸν
2398 843 2510 902 τοῖς
2549 841 2839 905 ἀπάξουσι.
2887 841 2996 892 Καὶ
3047 841 3182 910 πρὸς
3210 845 3276 911 τῇ
3334 842 3476 894 κατά
3508 842 3580 894 τὰ

1990 931 2254 998 Εύγενίου
2283 932 2568 998 γεγονότες
2599 931 2844 1002 θαλάσσῃ
2878 931 3091 992 ἁλιάδος
3116 949 3175 983 τε
3208 932 3574 992 ἐπιϐαίνουσι,

1985 1023 2080 1075 καὶ
2115 1023 2204 1074 τὸν
2257 1022 2451 1090 λιμένα
2485 1022 2545 1074 τὸ
2592 1023 2778 1090 Κέρας
2831 1022 3251 1084 εἰσπλεύσαντες
3285 1023 3383 1091 τὴν
3413 1024 3580 1090 μονὴν

1987 1112 2082 1165 τοῦ
2139 1113 2437 1180 Κοσμιδίου
2487 1113 2991 1182 καταλαμϐάνουσι.
3054 1114 3232 1165 Κάκεῖ
3277 1116 3374 1182 τὴν
3407 1114 3579 1166 νύκτα

1991 1203 2329 1272 προσμείνας
2367 1203 2572 1254 στέλλει
2606 1205 2742 1272 πρὸς
2779 1203 3004 1273 βασιλέα
3035 1202 3132 1271 τὴν
3161 1202 3329 1256 αὐτοῦ
3367 1205 3577 1274 παραί-

1989 1309 2170 1360 τησιν,
2206 1293 2436 1362 ἔχουσαν
2463 1295 2554 1346 ἐπὶ
2575 1293 2770 1359 λέξεως
2802 1293 2893 1364 [Ρ.
2926 1292 3052 1364 H7]
3079 1293 3252 1357 οὕτως
3275 1310 3291 1326 °

1991 1404 2092 1460 κδ’.
2126 1407 2500 1473 Παραίτησις
2542 1406 2841 1489 ἔγγραφος
2870 1405 2975 1458 τοῦ
3011 1410 3384 1476 πατριάρχου
3415 1408 3582 1463 Ἀθα-

2655 1494 2898 1530 νασιου.

2069 1584 2088 1616 ι
2139 1567 2466 1637 Ἐπειδήπερ
2517 1567 2852 1630 λυσιτελείας
2901 1571 3064 1642 χάριν
3115 1571 3303 1640 κοινῆς
3350 1572 3430 1633 εἰς
3489 1571 3579 1624 τὸν

1996 1658 2396 1727 πατριαρχικὸν
2445 1658 2762 1728 ἀνήχθημεν
2816 1657 3004 1726 θρόνον
3056 1662 3150 1714 καὶ
3199 1660 3286 1714 διὰ
3338 1662 3437 1730 τὴν
3484 1661 3578 1712 τοῦ

1997 1749 2380 1817 χριστωνύμου
2414 1750 2543 1801 λαοῦ
2572 1750 2858 1820 εἰρηναιαν
2887 1752 3223 1805 κατάστασιν
3253 1755 3348 1805 καὶ
3378 1753 3578 1822 κυϐἑρο

299 1846 355 1898 εἰ
386 1865 441 1898 τι
476 1846 689 1915 ποιήσω
720 1846 871 1915 παρά
898 1845 1086 1905 ταῦτα,
1110 1847 1374 1914 ἄστοργον
1405 1845 1511 1913 ἔχω
1533 1845 1625 1898 καὶ
1655 1846 1761 1910 ἔξω
1786 1847 1887 1914 τῆς
1923 1836 1964 1890 Β
1989 1856 2167 1909 νησιν,
2200 1841 2488 1909 ἀπέϐησαν
2516 1841 2573 1894 δὲ
2604 1843 2671 1894 τὰ
2710 1842 3012 1912 πράγματα
3039 1843 3118 1904 εἰς
3146 1844 3456 1896 τούναντίον
3484 1861 3579 1916 καιι

299 1938 582 2006 ἡμετέρας
632 1935 880 2004 γνώμης,
929 1937 1033 1990 κᾶν
1075 1939 1244 2006 αὐτὴν
1300 1937 1591 2006 ὲγχαράξω
1637 1955 1736 2006 μου
1786 1939 1884 2006 τὴν

301 2027 664 2094 παραίτησιν.
693 2042 712 2075 ι
760 2027 908 2084 Τέως
938 2025 1106 2078 ταῦτα
1141 2026 1377 2096 γράψας,
1403 2029 1469 2080 τά
1498 2030 1595 2096 μὲν
1621 2029 1678 2080 έν
1695 2031 1888 2096 ἀφανεῖ

301 2116 486 2184 τίθησι
517 2117 607 2168 τὸν
629 2118 919 2186 εἰρημένον
947 2118 1445 2186 ἐξασφαλισάμενος
1471 2121 1694 2188 τρόπον,
1726 2121 1889 2182 αὐτὸς

301 2209 359 2261 δὲ
389 2209 451 2259 τὸ
477 2206 616 2278 πρὸς
643 2209 734 2260 τὸν
762 2209 983 2277 βασιλέα
1011 2210 1106 2260 καὶ
1137 2209 1297 2277 μόνον
1321 2211 1733 2274 ἐξαποστείλας,
1767 2211 1890 2264 ἐπεὶ

299 2301 404 2352 οὐκ
431 2295 502 2370 ἦν
539 2301 767 2360 ἐκεῖθεν,
809 2301 988 2359 καθὼς
1039 2299 1168 2361 ἴσως
1205 2301 1298 2351 καί
1333 2303 1380 2352 οἱ
1414 2302 1662 2370 ἦλπιστο,
1692 2305 1724 2372 ἡ
1759 2301 1919 2372 βοήο·

302 2392 426 2444 θεια
455 2395 552 2444 καὶ
582 2393 640 2444 τὸ
678 2391 1054 2458 ἀντειλῆφθαι,
1085 2390 1196 2442 ἀλλ’
1229 2391 1326 2459 ἤδη
1384 2393 1583 2459 μᾶλλον
1617 2395 1664 2444 οἱ
1696 2393 1890 2454 νυκτὸς

301 2483 724 2550 ὲξελευσομένου
749 2485 886 2534 κατὰ
905 2486 1005 2550 τὴν
1027 2482 1144 2533 ὁδον
1164 2481 1602 2548 δεφενδεύσοντες
1628 2483 1892 2535 ἀπεστέλ-

302 2575 482 2639 λοντο,
522 2577 617 2628 καὶ⁵
664 2575 816 2628 ἄλλοι
847 2576 896 2627 οἱ
933 2574 994 2627 τὸ
1045 2576 1434 2643 πατριαρχεῖον
1484 2574 1890 2644 ἀναδεξάμενοι,

305 2771 419 2810 suae
449 2769 504 2808 et
538 2756 750 2823 imperii
783 2765 836 2808 te
870 2754 1154 2809 constituit
1185 2767 1516 2818 curatorem,
1550 2763 1611 2823 ut
1663 2763 1894 2822 utraque

306 2850 372 2900 ad
413 2848 537 2917 ejus
582 2848 987 2915 hencplacitum
1021 2848 1250 2916 dirigas,
1279 2848 1334 2900 in
1359 2854 1662 2915 conspectu
1699 2847 1895 2914 laquor

307 2939 522 2992 Domini
565 2938 821 2994 meiJesu
852 2938 1077 2998 Chl‘iSli,
1105 2939 1208 2992 etsi
1241 2948 1500 3006 peccator
1529 2954 1676 3001 sum,
1708 2946 1892 2992 tamen

311 3032 514 3085 factum
567 3047 599 3085 a
658 3047 743 3084 me
785 3031 1084 3098 quidquam
1129 3045 1237 3082 non
1288 3029 1511 3082 memini
1547 3045 1576 3082 a
1606 3031 1896 3084 sacerdotii

310 3125 512 3196 regulis
571 3123 901 3176 abhorrens.
967 3121 1022 3174 Si
1074 3136 1202 3174 vero
1251 3121 1418 3187 aliqui
1469 3122 1890 3178 insurrexerunt

305 3227 496 3268 contra
548 3227 656 3275 me,
690 3212 937 3265 dicentes
968 3227 1091 3276 quae
1135 3210 1201 3262 ad
1238 3211 1659 3265 deformandum
1695 3221 1892 3266 contu-

310 3305 488 3358 meliis
526 3304 829 3372 doloreque
876 3302 1224 3371 pungendum
1262 3303 1538 3358 hominem
1595 3306 1887 3373 pertinent,

306 3409 360 3450 et
395 3405 528 3451 sunt
559 3402 654 3464 qui
689 3399 920 3448 credunt
959 3396 1082 3456 isla,
1111 3395 1385 3463 imputent
1417 3396 1544 3450 licet
1572 3397 1627 3450 in
1662 3396 1890 3452 idoneas

307 3501 441 3539 meae
490 3483 857 3554 depositionis
889 3499 1087 3537 causas
1119 3501 1179 3536 ea
1211 3499 1276 3536 ex
1311 3484 1396 3540 his
1426 3501 1547 3552 quae.
1578 3487 1791 3540 volunt.
1831 3487 1889 3540 Si

307 3593 502 3646 passus
531 3577 792 3644 injuriam
845 3577 1022 3639 fuero,
1052 3577 1104 3629 in
1131 3577 1218 3629 die
1255 3577 1344 3630 illa
1377 3577 1748 3644 justilicahor.
1779 3579 1891 3634 Ab-

307 3669 640 3721 dicationem
702 3665 848 3719 enim
896 3675 1086 3733 reputo
1124 3666 1491 3732 illegitimam.
1528 3669 1592 3722 Et
1634 3670 1738 3725 hoc
1764 3673 1892 3740 qui-

307 3761 430 3814 dem
465 3775 649 3812 meum
700 3759 969 3827 judicium
1001 3769 1109 3814 est.
1160 3759 1430 3824 Quoniam
1466 3776 1596 3816 Vero
1627 3778 1751 3816 cum
1783 3773 1892 3818 tre-

307 3862 494 3904 mente
544 3850 976 3918 justiticationes
1031 3849 1122 3904 Dei
1185 3853 1523 3920 imperatore
1569 3853 1787 3924 loquor,
1840 3856 1888 3910 si

304 3944 491 4012 jubes,
547 3943 814 3996 voluntati
867 3957 1000 3996 mea:
1051 3945 1334 4007 renuntio,
1378 3955 1432 3999 et
1486 3944 1596 4001 Deo
1629 3947 1887 4014 permitto

312 4043 530 4101 tuaeque
557 4049 622 4087 ex
676 4034 782 4086 Deo
815 4035 1196 4088 auctoritatem
1247 4035 1466 4088 habenti
1499 4035 1769 4104 majestati
1799 4052 1888 4092 res

313 4139 487 4186 meas,
524 4133 583 4176 ut
612 4123 758 4190 quod
808 4122 908 4190 ipsi
953 4123 1064 4178 Deo
1097 4124 1356 4190 placitum
1390 4124 1640 4179 videatur
1675 4135 1728 4179 et
1771 4129 1883 4180 ani-

309 4231 413 4270 ma:
463 4231 596 4269 meae
644 4215 908 4278 salutare,
960 4215 1234 4282 conferre,
1257 4217 1884 4286 consulere,cooperari

307 4305 444 4357 mihi
477 4303 744 4372 digneris,
781 4312 838 4356 ut
878 4304 1060 4356 anima
1113 4319 1234 4357 mea
1274 4305 1471 4358 divinae
1516 4305 1886 4365 beneficentia:

279 4395 405 4495 (ﬁat
435 4396 708 4464 particeps
736 4396 993 4449 similiter
1023 4411 1145 4450 cum
1178 4410 1245 4448 ex
1294 4395 1402 4450 Deo
1434 4397 1558 4452 data
1600 4400 1884 4468 majestate

1990 1933 2123 2002 παρ’
2183 1934 2372 1986 ἐλπίδα
2425 1933 2523 2004 τὴν
2581 1935 2862 2005 ἡμετέραν
2916 1937 3010 1990 καὶ
3063 1937 3173 1990 τῶν
3232 1939 3578 2008 βιασαμένων

1989 2023 2161 2091 ἡμᾶς,
2217 2021 2292 2082 ὡς
2321 2023 2570 2074 ἐντεῦθεν
2618 2023 2876 2093 κριθῆναι
2923 2026 3071 2095 ἡμᾶς
3126 2027 3204 2095 τῷ
3234 2027 3349 2095 λαῷ
3399 2027 3580 2079 ἀδοκί-

1993 2131 2128 2180 μους
2175 2113 2272 2166 καὶ
2313 2113 2714 2184 παραιτητέους
2745 2115 2839 2167 καὶ
2889 2116 3257 2187 ἀδιακρὶτους,
3307 2117 3483 2179 ἄλλως
3514 2135 3575 2169 τε

1989 2204 2046 2256 δὲ
2079 2205 2174 2258 καὶ
2211 2207 2285 2268 ὡς
2317 2205 2566 2266 ἀσθενεῖς
2601 2207 2695 2258 καὶ
2732 2207 3050 2277 ἁμαρτωλοὶ
3088 2210 3180 2261 καὶ
3212 2209 3454 2263 ἀνίκανοι
3483 2213 3578 2262 καὶ

1991 2294 2111 2347 οὐδὲ
2134 2293 2274 2360 ἄξιοι
2305 2294 2652 2365 λειτουργίας
2681 2296 2960 2368 τοιαύτης,
2987 2297 3076 2350 διὰ
3103 2299 3259 2351 τοῦτο
3282 2300 3583 2370 παραιτού-

1996 2385 2137 2456 μεθα
2164 2387 2257 2440 καὶ
2280 2388 2442 2455 ἡμεῖς
2479 2389 2680 2450 αὐτοὺς
2715 2390 2855 2457 μετά
2883 2390 2982 2458 τῆς
3011 2391 3447 2460 ἀρχιερωσύνης,
3483 2393 3580 2446 καὶ

1993 2476 2046 2527 εἰ
2080 2493 2129 2529 τι
2161 2479 2512 2547 ὴγνοήσαμεν
2547 2479 2578 2547 ἢ
2613 2478 2710 2530 καὶ
2732 2479 3149 2548 διεπραξάμεθα
3180 2480 3285 2544 ἔξω
3311 2480 3404 2532 τοῦ
3442 2483 3580 2550 πρὲο

1997 2583 2210 2632 ποντος,
2247 2567 2508 2636 αἰτοῦμεν
2556 2569 2925 2640 συγχώρησιν,
2963 2571 3055 2622 καὶ
3101 2571 3246 2639 ὑμᾶς
3295 2572 3322 2622 ὁ
3377 2573 3579 2641 Κύριος

1995 2744 2240 2799 libellum
2283 2747 2597 2814 imperatori
2637 2761 2763 2800 cum
2806 2747 3070 2811 misisset,
3107 2763 3206 2801 nec
3259 2749 3384 2803 inde
3427 2751 3579 2819 quod

1998 2836 2138 2890 forte
2178 2849 2492 2905 speraverat
2534 2839 2800 2893 auxilium
2836 2855 2900 2894 ac
2954 2842 3348 2910 protectionem
3386 2841 3576 2896 oﬂ'erri

2000 2928 2107 2982 sibi
2144 2929 2376 2994 videret,
2411 2932 2540 2995 quin
2593 2931 2778 2999 potius
2823 2931 2934 3001 jam
2969 2944 3172 3001 praesto
3206 2936 3398 2987 adesse
3449 2942 3581 2984 sun-

2001 3020 2200 3076 missos
2238 3022 2392 3075 illinc
2441 3037 2690 3078 cerneret
2736 3026 2828 3094 qui
2883 3041 2940 3080 se
2991 3035 3153 3080 nocte
3205 3027 3576 3094 profecturum

2003 3129 2099 3183 per
2134 3116 2274 3167 viam
2325 3115 2702 3182 defenderent,
2737 3129 2790 3172 et
2823 3119 2981 3181 alios,
3016 3123 3107 3188 qui
3155 3137 3290 3190 quas
3336 3139 3437 3176 suo
3467 3122 3580 3176 dis—

1997 3221 2153 3260 cessu
2207 3221 2408 3262 vacuas
2458 3209 2750 3263 relicturus
2793 3228 2920 3264 mox
2975 3210 3114 3264 foret
3171 3213 3578 3279 patriarchales

1995 3299 2140 3352 ades
2199 3301 2546 3367 susciperent
2600 3303 3010 3364 custodiendas,
3069 3304 3340 3358 intellecto
3389 3323 3453 3358 ex
3493 3307 3578 3360 his

1993 3405 2313 3457 persuasum
2360 3393 2674 3459 imperatori
2725 3396 2908 3446 utilem
2943 3395 3185 3450 futuram
3245 3399 3575 3465 patriarcha:

1994 3481 2394 3548 depositionem
2429 3485 2827 3551 perturbationi
2861 3485 3092 3554 publicae
3140 3490 3421 3555 paeanthe,
3450 3506 3576 3545 cum

1995 3574 2144 3628 aliud
2181 3591 2287 3629 non
2330 3586 2532 3646 posset,
2563 3592 2620 3631 se
2650 3579 2832 3646 ipsum
2872 3578 3199 3647 intempesta
3231 3591 3393 3636 nocte
3433 3584 3578 3637 ultro

1993 3666 2146 3720 dedit
2187 3669 2376 3723 missis
2403 3669 2469 3722 ad
2501 3685 2560 3723 se
2600 3670 3008 3725 abducendum.
3033 3672 3168 3726 Cum
3205 3675 3286 3729 his
3320 3677 3384 3729 ad
3419 3692 3573 3730 oram

1993 3757 2166 3811 maris
2221 3758 2343 3812 loco
2402 3759 2472 3813 ab
2530 3759 2777 3830 Eugenio
2845 3763 3197 3819 denominato
3258 3768 3572 3837 contiguam

1992 3861 2340 3915 progressus,
2397 3849 2470 3903 ibi
2531 3851 2885 3920 piscatoriam
2933 3856 3136 3922 pariter
3201 3872 3392 3910 omnes
3443 3873 3572 3912 con-

1993 3943 2266 3995 scendunt
2299 3959 2512 4006 navem,
2536 3953 2588 3997 et
2615 3945 2668 3996 in
2691 3956 2905 4012 portum
2931 3945 3100 4001 Ceras
3132 3949 3335 4002 dictum
3375 3951 3573 4004 invecti

1992 4031 2059 4084 ad
2089 4033 2354 4087 Cosmidii
2407 4039 2804 4090 monasterium
2850 4041 3198 4106 perveniunt.
3258 4040 3428 4094 Nocte
3463 4041 3575 4095 iliie

1991 4130 2268 4177 transacta
2303 4125 2456 4178 misit
2479 4126 2822 4180 Athanasius
2851 4129 2918 4182 ad
2955 4129 3344 4198 imperatorem
3369 4133 3576 4186 cessio-

1991 4229 2114 4267 nem
2145 4230 2326 4276 suam,
2349 4216 2428 4270 sic
2457 4215 2524 4269 ad
2549 4219 2770 4270 verbum
2807 4219 3094 4274 habentem
3131 4237 3144 4272 :

2024 4305 2114 4359 ‘24.
2149 4305 2325 4360 Cassio
2356 4309 2552 4375 scripto
2604 4325 2852 4377 expressa
2886 4321 3208 4379 patriarchas
3234 4313 3537 4372 Athanasii.

2067 4415 2086 4448 ε
2125 4397 2577 4467 Quandoquidem
2627 4404 2878 4456 utilitatis
2934 4407 3246 4460 communis
3297 4411 3468 4475 gratia
3517 4409 3572 4463 in

316 4501 427 4539 tua.
473 4505 491 4538 ι
530 4488 598 4538 At
641 4486 768 4540 huic
811 4487 1030 4555 quidem
1063 4486 1267 4551 libello,
1307 4495 1364 4540 ut
1388 4488 1504 4541 lieri
1571 4504 1670 4557 par
1693 4489 1892 4558 fuerat,
1927 4499 1972 4554 ι)
2001 4490 2422 4557 patriarchalem
2465 4495 2700 4561 promoti
2739 4494 3000 4548 thronum
3040 4497 3245 4551 fuimus
3279 4507 3329 4552 et
3366 4499 3431 4552 ad
3474 4516 3570 4568 pa-

313 4591 421 4629 non
482 4576 837 4644 subscripsit.
913 4574 1090 4630 Priori
1160 4584 1374 4630 tantum
1437 4579 1658 4647 propria
1724 4595 1889 4634 manu

309 4683 475 4721 suum
512 4683 712 4722 nomen
744 4677 1078 4736 apposuerat
1105 4685 1119 4722 :
1145 4669 1226 4722 sic
1267 4669 1413 4722 enim
1445 4671 1511 4723 ad
1539 4671 1661 4738 ejus
1682 4672 1890 4726 calcem

312 4760 628 4829 legebatur:
665 4779 682 4811 ι
737 4761 1074 4814 Athanasius
1126 4761 1476 4816 miseratione
1530 4761 1622 4816 Dei
1678 4765 1892 4818 archie-

311 4853 574 4919 piscopus
603 4851 1117 4918 Constantinopolis
1147 4850 1313 4906 Nova:
1346 4851 1556 4919 Romi»,
1583 4856 1890 4908 (ecurneni-

310 4954 409 4992 cus
481 4939 813 5007 patriarcha.
874 4955 894 4987 ›
951 4936 1257 4993 Ferebatur
1312 4949 1366 4994 et
1423 4941 1570 4994 aliud
1626 4951 1889 5009 praeterea

309 5033 570 5100 quiddam
627 5033 888 5098 scriptum
929 5030 984 5083 in
1040 5031 1134 5084 illa
1194 5032 1364 5098 priori
1421 5048 1621 5086 arcana
1675 5037 1886 5098 charta,

312 5122 456 5190 quod
506 5122 652 5175 haud
684 5124 801 5176 scio
847 5137 915 5175 an
965 5138 1073 5176 non
1121 5121 1366 5176 additum
1404 5126 1680 5194 posterius
1726 5125 1890 5180 fuerit

311 5217 380 5268 ab
431 5215 720 5269 Athanasii
779 5213 1113 5280 fautoribus,
1162 5231 1361 5284 nempe
1416 5217 1608 5272 hoc“
1645 5219 1702 5272 Si
1755 5221 1887 5288 quid

312 5315 678 5375 praeterquam
732 5307 821 5359 hic
869 5307 1064 5374 scripsi
1099 5323 1187 5360 me
1233 5307 1508 5362 facturum
1547 5325 1731 5378 egero,
1762 5312 1888 5364 irri-

318 5408 429 5451 tum
456 5398 656 5460 habeo,
677 5400 874 5467 quippe
893 5408 1082 5452 contra
1105 5399 1263 5469 175
1279 5415 1452 5454 meam
1478 5402 1813 5456 voluntatem
1835 5411 1890 5458 et

315 5499 554 5545 mentem
577 5499 786 5554 actum,
805 5492 969 5544 etiam
997 5491 1043 5545 si
1070 5492 1243 5560 ipsam
1270 5494 1479 5561 scripto
1503 5495 1888 5563 signillcavero

316 5584 742 5638 abdicationem.
785 5603 804 5636 ι
862 5581 1152 5652 Utcunque
1209 5587 1303 5652 sit,
1355 5586 1440 5642 his
1505 5588 1580 5641 ita
1643 5589 1883 5657 scriptis,

318 5677 472 5745 prius
508 5676 726 5745 quidem
779 5677 912 5730 illud
962 5679 1013 5730 in
1053 5679 1272 5732 occulto
1321 5677 1549 5742 abdidit,
1579 5694 1886 5737 memorato

315 5767 424 5837 jam
483 5768 756 5822 munitum
792 5769 977 5821 modo.
1048 5768 1166 5837 Ipse
1191 5783 1320 5823 vero
1368 5769 1547 5824 solum
1582 5772 1882 5826 secundum

1994 4581 2211 4634 cificum
2236 4582 2533 4636 Christiani
2563 4585 2746 4654 populi
2773 4596 2976 4640 statum
3004 4602 3069 4640 ac
3096 4585 3569 4656 gubernationem,

1993 4684 2379 4730 successerunt
2401 4685 2583 4730 autem
2625 4692 2709 4732 res
2737 4679 2789 4731 in
2819 4680 3158 4733 contrarium
3189 4691 3384 4750 praeter
3420 4699 3570 4750 Spem

1991 4775 2239 4820 nostram
2273 4779 2327 4820 et
2379 4782 2572 4821 eorum
2605 4769 2699 4836 qui
2732 4786 2831 4823 nos
2880 4771 2946 4822 ad
2980 4770 3142 4824 istam
3192 4773 3569 4840 pratfecturam

1992 4858 2385 4912 admittendam
2418 4870 2736 4929 coegerunt,
2775 4861 2912 4914 adeo
2943 4863 3160 4930 quidem
3203 4874 3260 4916 ut
3298 4864 3424 4918 inde
3447 4881 3574 4918 con-

1993 4948 2176 5016 tigerit
2203 4949 2413 5003 censeri
2456 4965 2557 5004 nos
2599 4950 2801 5018 populo
2843 4950 3257 5019 improbabiles,
3306 4952 3456 5021 rejici
3485 4956 3570 5006 di-

1991 5055 2147 5110 gnos,
2184 5042 2400 5110 ineptos
2435 5051 2488 5095 et
2539 5041 2795 5106 frivolos,
2845 5059 2971 5097 cum
3029 5045 3194 5097 etiam
3251 5060 3352 5100 nos
3381 5059 3434 5100 et
3467 5049 3568 5116 ipsi

1992 5135 2294 5186 sentiamus
2324 5132 2646 5196 imbecilles,
2680 5144 3021 5204 peccatores,
3050 5122 3442 5192 insuiIicientes
3475 5156 3573 5192 nec

1990 5237 2149 5291 pares
2203 5222 2508 5277 ministerio
2556 5224 2673 5289 tali,
2724 5233 3016 5294 propterea
3057 5227 3376 5282 abdicamus
3413 5229 3573 5299 176

1989 5327 2042 5368 et
2073 5329 2172 5368 nos
2202 5314 2349 5382 ipsos
2383 5331 2506 5368 cum
2539 5315 2870 5382 sacerdotio;
2914 5326 2967 5372 et
3009 5319 3055 5372 si
3089 5319 3219 5388 quid
3250 5319 3570 5389 ignorantes

1989 5408 2280 5462 omisimus
2321 5419 2415 5461 aut
2446 5407 2679 5463 fecimus
2706 5419 2859 5464 extra
2886 5426 3052 5479 quam
3095 5413 3296 5476 decuit,
3333 5410 3567 5479 petimus

1988 5498 2225 5560 veniam,
2251 5509 2303 5552 et
2357 5500 2510 5554 vobis
2548 5501 2811 5556 Dominus
2859 5502 3128 5572 ignoscat.
3163 5505 3240 5556 Ac
3284 5502 3429 5571 quod
3460 5505 3567 5558 erit

1989 5589 2331 5644 conducibile
2350 5593 2629 5660 praebebit,
2657 5603 2708 5647 et
2723 5595 3049 5665 gubernabit
3075 5595 3284 5659 ambos,
3304 5603 3357 5647 et
3376 5605 3565 5662 pasto-

1990 5684 2432 5752 remjprovidebit
2455 5690 2956 5752 accommodatum,
2981 5687 3234 5757 precibus
3260 5685 3519 5757 Deipara’.
3538 5705 3557 5738 ι

1991 5774 2332 5847 Subscriptio
2376 5779 2488 5835 haec
2512 5779 2615 5834 fuit
2661 5794 2674 5832 :
2726 5797 2744 5832 ι
2777 5779 3108 5837 Athanasius
3126 5779 3219 5845 qui
3247 5779 3581 5836 fuitarchie-
