4018 6416
452 352 557 419 195

1635 357 1963 421 GEORGII
1996 362 2503 430 PACHYMEIUE.
3613 372 3704 437 196

454 470 826 542 συγχωρήσαι.
868 472 972 529 καὶ
997 470 1057 523 τδ
1090 471 1373 540 συμφέρον
1404 473 1653 542 παρέξει.
1697 476 1791 528 καὶ
1844 475 2041 545 20539-
2071 484 2111 533 Α
2134 499 2304 547 namq.
2337 484 2412 548 ὡς
2447 483 2588 538 εἶναι
2624 486 2714 538 καὶ
2767 487 2938 555 αὐτὴν
2970 486 3205 555 ίσχυράν
3253 484 3349 539 καὶ
3378 485 3593 555 εὔλογον
3617 490 3709 559 τὴν

454 567 607 634 θήσει
636 564 1002 634 ἀμφοτέρους.
1030 566 1127 616 καὶ
1159 565 1397 634 ποιμένα
1419 566 1611 634 ὄψεται
1635 568 1727 620 τὸν
1754 568 2037 636 ἁρμόδιον,

457 655 781 725 πρεσϐείαις
815 656 916 723 τῆς
961 654 1325 725 Θεομήτορος.
1361 674 1381 707 ι
1429 652 1555 726 Εἶχε
1594 659 1664 711 δι’
1713 660 2045 730 ὑπογραφῆς

452 749 596 812 “re”;
660 749 958 807 Αθανάσιος
981 750 1009 799 ὁ
1037 749 1382 817 χρηματίσας
1423 750 1852 821 ἀρχιεπίσκοπος
1891 754 2046 807 Κων-

458 838 954 900 σταντινουπόλεως
1000 838 1124 900 νέας
1186 839 1439 908 Ῥώμης,
1504 844 1883 910 οίκουμενικὸς
1939 861 2045 897 πα·-

456 929 747 997 τριάρχης.
792 945 811 977 ι
855 926 1041 977 Ταῦτα
1094 927 1161 979 τὰ
1196 924 1303 977 τῶν
1349 927 1722 997 γραμμάτων,
1757 929 1928 981 ταῦτα
1972 930 2042 981 τά

460 1019 558 1088 τῆς
606 1017 991 1087 παραιτήσεως
1037 1017 1391 1070 Ἀθανασίου.
1433 1013 1515 1080 οἷς
1562 1020 1834 1086 ὲννοήσειέ
1864 1038 1949 1082 τις
1983 1021 2042 1073 τὸ

460 1109 864 1179 ἐμφαινόμενον
916 1106 1011 1160 τοῦ
1063 1108 1366 1177 γράφοντος
1417 1109 1881 1177 ἐμπερίσκεπτον.
1932 1110 2043 1162 Καὶ

459 1205 596 1263 τέως
635 1202 693 1253 τί»
736 1199 983 1270 βούλεται
1021 1198 1083 1249 τὸ
1112 1216 1133 1249 ι
1172 1197 1341 1259 οὕτως
1388 1199 1653 1266 ἐφρόνουν
1693 1217 1712 1249 ι
1746 1200 1839 1250 καὶ
1882 1198 2041 1261 αὖθις

469 1313 488 1345 ι
525 1295 774 1361 κρεῖττον
796 1292 895 1342 οὐκ
922 1290 1207 1358 ἐφρόνουν,
1242 1288 1453 1357 μάρτυς
1485 1289 1655 1351 Θεόςς
1695 1308 1713 1339 ι
1753 1288 1923 1342 Τοῦτο
1946 1294 2038 1342 καὶ

459 1380 918 1449 καταποντιστὴς,
954 1375 1131 1448 οῐμαι,
1165 1378 1294 1446 νηὸς
1317 1377 1466 1447 εἴπῃ,
1494 1377 1552 1438 ὃς
1578 1378 1919 1439 αὐτοϐούλως
1946 1379 2041 1431 καὶ⁹

457 1475 769 1542 αύτονόμως
799 1473 1027 1541 κινδύνῳ
1064 1472 1380 1539 περιϐάλλει
1410 1471 1508 1540 τὴν
1534 1470 1688 1536 ναῦν,
1720 1471 1796 1533 ὼς
1840 1473 2041 1540 Κρείτ-

457 1582 551 1619 τον
583 1565 682 1615 οὐκ
732 1564 1015 1631 ἐφρόνουν.
1056 1560 1197 1613 ’Δλλ’
1251 1556 1405 1613 εἶπεν
1434 1560 1500 1613 ἀν
1550 1578 1633 1624 τις
1665 1561 1804 1630 πρὸς
1850 1563 2035 1626 αὐτὸν,

466 1676 485 1709 ι
536 1651 846 1725 Ἀλλ’-ἦσαν
876 1652 1005 1722 μεθ’.
1024 1646 1099 1706 ὧν
1125 1653 1191 1705 ἂν
1214 1654 1310 1705 καὶ
1338 1652 1765 1719 συνεϐουλεύσω,
1800 1654 1885 1707 ὅτι
1916 1654 2038 1707 οὐδὲ

462 1750 645 1820 μόνος,
701 1748 838 1802 ἀλλά
896 1746 1033 1816 μετὰ
1103 1744 1314 1797 πολλῶν
1370 1746 1643 1815 κυϐερνᾷν
1705 1746 1961 1817 ἐτάχθης.
2013 1765 2032 1798 ι

472 1841 631 1895 ’Δλλὰ
667 1839 728 1892 τὸ
761 1838 956 1906 παρὸν,
994 1856 1012 1888 ι
1060 1837 1319 1907 Ἑκρίθην
1345 1838 1475 1906 γὰρ,
1513 1857 1531 1889 ι
1573 1838 1726 1905 φησὶ,
1762 1857 1781 1889 ι
1812 1838 1891 1908 τῷ
1922 1837 2035 1908 λαῷ

455 1934 736 2001 ἀδόκιμος,
787 1950 805 1982 ι
838 1932 932 1983 καὶ
986 1929 1046 1981 σὺ
1088 1931 1200 1991 τοῖς
1233 1926 1557 1998 ἀρχιερεῦσι
1611 1929 1707 1981 καὶ
1757 1931 1872 1990 τοῖς
1932 1927 2033 1997 τῆς

468 2022 793 2092 Ἐκκλησίας
845 2021 1133 2089 μοναχοῖς·
1174 2018 1304 2075 λαοῦ
1357 2018 1401 2071 δ’
1453 2018 1857 2089 ἀποδοκιμασία
1890 2020 1942 2074 τί
1967 2019 2035 2074 ἂν

461 2114 681 2183 ἰσχυρὸν
713 2113 825 2180 ἔχοι
856 2113 936 2173 είς
980 2109 1324 2177 πατριάρχου
1361 2109 1690 2179 παραίτησιν
1716 2126 1732 2175 ;
1763 2128 1781 2160 ι
1827 2111 2037 2178 Παραι-

456 2201 697 2271 τούμεθα
730 2200 785 2252 δὲ
824 2201 921 2253 καὶ
959 2200 1183 2263 αὐτοὺς,
1219 2217 1239 2251 ι
1277 2201 1434 2269 φησὶ,
1472 2218 1490 2252 ι
1527 2202 1667 2270 μετά
1702 2202 1800 2270 τῆς
1851 2203 2041 2274 ἀρχιε-

458 2292 730 2363 ρωσύνης.
768 2311 786 2344 ι
822 2292 895 2344 Οὐ
939 2291 1130 2361 θρόνον
1158 2290 1256 2345 καὶ
1296 2292 1462 2363 τιμὴν
1492 2295 1863 2363 παραιτεῖται,
1896 2295 2034 2347 ἀλλά

455 2385 584 2438 λαὸν
618 2386 855 2439 ἄτακτον
892 2383 989 2436 καὶ⁵
1017 2382 1243 2452 ἀπειθῆ.
1277 2383 1515 2452 Πότερον
1536 2382 1593 2436 δὲ
1622 2385 1713 2436 τὸν
1742 2386 1870 2437 λαὸν
1900 2386 2031 2439 σύν-

456 2492 576 2546 αμα
621 2477 688 2545 τῇ
748 2473 1129 2545 ἀρχιερωσύνη
1196 2476 1572 2543 παραιτεῖται,
1617 2475 1695 2539 ὠς
1751 2479 2038 2547 παραιτεῖ-

458 2566 589 2623 σθαι
613 2567 678 2635 δὴ
708 2566 800 2618 καὶ
849 2564 1282 2634 ἀμφοτέρους,ἢ
1335 2564 1463 2617 λαὸν
1487 2567 1848 2636 ,παραιτεῖται
1893 2565 2034 2634 μετά

454 2660 555 2730 τῆς
580 2658 807 2726 ἐνούσης
830 2655 980 2726 αὑτῷ
1003 2654 1395 2725 ἀρχιερατικῆς
1428 2653 1611 2725 ἰσχύος
1641 2656 1735 2708 καὶ
1761 2655 2036 2710 καταστά-

456 2885 712 2955 piscopus
727 2879 1230 2948 Constantinopolis
1245 2878 1412 2933 Nova:
1429 2875 1615 2933 Romae
1644 2885 1700 2933 et
1728 2892 1848 2933 mcu
1858 2877 2037 2932 meni-

456 2993 558 3031 cus
579 2973 943 3044 patriarcha.»
971 2969 1095 3025 Haec
1115 2972 1172 3023 in
1199 2969 1398 3024 libellis
1419 3009 1434 3034 ,
1465 2970 1582 3024 hac
1605 2969 1659 3022 in
1684 2967 2036 3023 abdicatione

455 3066 744 3121 Athanasii
768 3063 918 3117 fuere
938 3078 953 3126 ;
976 3078 1096 3131 qua:
1124 3063 1169 3117 si
1194 3061 1318 3130 quis
1342 3060 1580 3129 penitius
1613 3060 2029 3129 introspexerit,

2147 573 2424 642 ἀποϐολήν
2448 591 2463 637 ;
2491 573 2557 627 Τί
2601 576 2661 628 δὲ
2707 575 2954 645 βούλεται
2979 577 3074 627 καὶ
3118 576 3179 628 τὸ
3207 576 3468 646 ἁρμόδιον
3499 577 3706 645 λέγεινς

2144 666 2195 716 εί
2233 665 2307 734 μὴ
2338 666 2557 728 πάντως
2595 667 2686 717 τὸν
2711 666 2780 718 τὰ
2814 665 2991 718 πάντα
3028 665 3117 736 τῷ.
3148 665 3264 735 λαῷ
3307 667 3711 736 συγκαταϐησό-

2149 773 2328 825 μενον.
2361 755 2446 828 [Ρ.
2476 756 2601 828 “8]
2642 756 2801 810 Ἀλλά
2822 755 2995 810 ταῦτα
3028 757 3128 822 μὶν
3156 757 3289 819 ἴσως
3305 756 3387 825 τῷ
3417 757 3710 826 ἱστοροῦντι

2144 849 2240 902 καὶ
2275 851 2621 920 παρακαίρια
2674 849 2947 903 λέλεκται.
2979 847 3155 902 Τοῦτο
3209 848 3264 901 δέ
3293 865 3381 912 τις
3430 849 3527 901 καὶ
3560 850 3710 918 μόνον

2145 943 2612 1010 παρατηρήσιιεν,
2651 940 2734 992 ὅτι
2792 939 3084 1008 τέσσαρσιν
3132 940 3404 1002 ἐνιαυτοῖς
3447 938 3545 1008 τὴν
3600 939 3712 991 Ἐκ-

2146 1030 2376 1099 κλησίαν
2433 1032 2680 1100 κατέχων
2723 1031 2897 1100 αὐτὴν
2949 1031 3140 1099 σχεδὸν
3186 1030 3404 1099 ἡμέραν
3455 1025 3562 1081 εἶδε
3617 1028 3710 1096 τῆς

2142 1122 2374 1191 ἐκϐολῆς
2402 1126 2468 1192 ἢν
2489 1124 2552 1193 δὴ
2583 1125 2679 1176 καὶ
2707 1124 2806 1191 τῆς
2829 1122 3145 1183 ἀναϐάσεως
3175 1122 3436 1186 ἔγνωκεν,
3477 1121 3597 1190 ἥτις
3622 1120 3709 1172 καὶ

2155 1212 2622 1282 Ἐλαφηϐολιῶνος
2666 1214 3028 1283 ἑκκαιδεκάτη
3078 1208 3166 1282 ἦν,
3201 1214 3289 1265 ὅτε
3342 1213 3442 1263 καὶ
3486 1214 3516 1263 ὀ
3550 1208 3712 1279 μέγας

2144 1306 2434 1374 λογοθέτης
2469 1306 2561 1361 τὸν
2611 1305 2742 1358 ίδιον
2772 1303 2929 1372 λόγον
2979 1304 3290 1371 καταγνοὺς
3345 1296 3459 1354 οἷον
3508 1301 3572 1353 ὲκ
3618 1299 3711 1369 τῆς

2141 1400 2249 1452 τῶν
2283 1400 2495 1450 πολλῶν
2542 1398 2894 1467 βλασφημίας
2934 1398 3042 1450 τῶν
3078 1401 3135 1449 ὲν
3165 1397 3361 1466 ἐκείνῳ
3401 1394 3713 1464 γεγραμμέο

2141 1509 2271 1554 νων,
2309 1492 2402 1543 καὶ
2432 1490 2633 1559 μᾶλλον
2665 1490 2748 1542 ὅτι
2793 1490 2887 1542 καὶ
2910 1490 2940 1541 δ
2965 1489 3127 1549 λύκος
3155 1489 3183 1539 ὀ
3217 1488 3325 1539 τῶν
3354 1486 3600 1555 λαχάνων
3628 1484 3717 1536 ἄνη⁵

2143 1583 2361 1653 θρωπος
2392 1582 2542 1651 παρὰ
2574 1581 2669 1633 τοῦ
2721 1581 2960 1652 ἀρχῆθεν
2998 1581 3247 1639 εἰπόντος
3292 1577 3533 1644 ἐλέγετο,
3583 1574 3704 1642 πυρ¹

2142 1673 2452 1743 παρεδίδου.
2499 1672 2558 1723 '0
2617 1671 2798 1739 μέντοι
2858 1687 2922 1737 γε
2982 1669 3235 1739 βασιλεὺς
3290 1666 3583 1734 δεξάμενος
3619 1661 3709 1729 τὴν

2143 1763 2479 1832 παραίτησιν
2506 1762 2598 1815 διά
2644 1779 2703 1814 τε
2735 1761 2797 1813 τὸ
2838 1761 2938 1829 τῆς
2992 1760 3127 1818 ἰδίας
3157 1757 3385 1827 γνώμης
3438 1754 3591 1819 εὐθὺ,
3621 1752 3711 1807 καὶ

2141 1859 2238 1913 τοῦ
2288 1858 2362 1928 μὴ
2412 1858 2586 1909 θέλειν
2632 1853 2898 1907 κινεῖσθαι
2926 1854 2995 1906 τά
3032 1852 3198 1922 μηδὲν
3246 1851 3535 1919 ὀνήσοντα.
3583 1845 3711 1899 ἀλλὰ

2145 1951 2241 2004 καὶ
2295 1948 2496 2020 μᾶλλον
2557 1946 2884 2016 Ἐκκλησίαν
2929 1943 3221 2015 βλάψοντα,
3276 1941 3375 1994 καὶ
3423 1939 3512 1993 διὰ
3546 1934 3735 1990 ταῦτα¹

2141 2043 2256 2103 τοῖς
2306 2040 2712 2109 γεγραμμένοις
2773 2036 2893 2105 μηδ’
2943 2036 3024 2096 είς
3064 2033 3226 2102 βάθος
3271 2028 3581 2100 προσσχὼν,
3620 2026 3715 2083 καὶ,

2140 2133 2268 2195 τοὺς
2293 2133 2485 2194 ἄλλους
2516 2134 2652 2200 πρὸς
2678 2126 2835 2180 τοῦτο
2864 2126 3074 2189 πείσας,
3119 2122 3406 2191 ἀγαπητὸν
3441 2118 3711 2190 ἡγησάμε-

2141 2240 2231 2288 νος
2266 2226 2314 2276 εί
2353 2221 2471 2291 μετ’
2502 2221 2729 2289 είρὴνης
2761 2217 3039 2280 ἐξίσταται
3067 2213 3207 2283 (οὐδὲ
3242 2214 3352 2282 γὰρ
3402 2209 3708 2278 συνέφερεν,

2144 2316 2222 2376 ὡς
2254 2313 2441 2383 ἐῴκει,
2477 2310 2745 2363 κινεῖσθαι
2775 2308 2845 2359 τὰ
2880 2305 3001 2360 κατ’
3044 2307 3253 2358 ἐκεῖνον
3290 2302 3384 2356 καὶ
3430 2301 3606 2369 κρίσει
3631 2297 3707 2351 δί·

2141 2407 2347 2471 δοσθαι,
2388 2403 2496 2457 τῶν
2532 2403 2755 2455 πάντων
2783 2400 2847 2453 δι’
2881 2398 3073 2468 ἔχθους
3119 2395 3361 2455 δικαίου,
3397 2394 3473 2455 ὡς
3521 2390 3707 2450 ἐδόκει,

2142 2499 2374 2571 ἑχόντων
2424 2496 2519 2548 τδν
2564 2495 2896 2564 ἄνθρωπον),
2948 2491 3158 2543 έκεῖνον
3196 2487 3296 2556 μὲν
3325 2487 3392 2555 τῇ
3447 2482 3551 2553 [δίᾳ
3581 2482 3733 2550 μονῇ-

2140 2592 2237 2645 καὶ
2267 2589 2431 2644 πάλιν
2458 2587 2651 2648 νυκτὸς
2682 2581 3069 2648 ἐξαποστείλας
3094 2578 3419 2648 ὲγκαθιστᾷ,
3450 2577 3585 2631 ὅπου
3613 2572 3733 2629 σὺν.

2141 2685 2254 2746 τοῖς
2292 2679 2429 2751 ἀμφ’
2480 2679 2644 2731 αὑτὸν
2690 2673 2905 2736 πολλοῖς
2943 2672 3094 2726 οὖσιν
3150 2670 3245 2723 ἐπὶ
3281 2670 3499 2740 χρόνοις
3529 2664 3708 2722 ἀσκεῖν

2141 2863 2285 2920 diem
2316 2858 2803 2917 sestamdeeimam
2838 2854 3117 2919 Octobris,
3150 2854 3379 2923 quando
3403 2860 3458 2907 et
3488 2862 3731 2921 magna.

2141 2956 2420 3026 legotheta
2442 2952 2686 3006 vanitate
2709 2950 3049 3016 deprehensa
3076 2945 3314 3000 encomii
3336 2942 3480 3014 quod
3500 2957 3568 2996 ex
3587 2950 3709 2996 tunc

2141 3049 2209 3101 de
2223 3043 2523 3100 Athanasio
2541 3040 2740 3095 auditis
2760 3035 3385 3092 houoriiicentissimum
3402 3035 3707 3104 scripserat,

452 3158 751 3229 quamdam
785 3170 892 3208 non
941 3154 1081 3209 bene
1125 3152 1529 3207 dissimulatum
1566 3123 1860 3205 scribent-is
1889 3123 2037 3205 astu-

2144 3148 2302 3194 suum
2324 3135 2460 3191 illud
2488 3134 2753 3202 scriptum
2778 3131 3049 3199 paenitens
3073 3127 3419 3183 credulitatis
3446 3127 3568 3195 igne
3580 3123 3708 3178 abo-

459 3253 587 3307 tiam
632 3247 1049 3302 animadvertet.
1082 3246 1221 3299 Nam
1269 3243 1401 3313 quid
1453 3243 1555 3297 sibi
1593 3243 1708 3297 vult
1746 3242 1914 3297 illud:
1945 3243 2036 3298 Sic

450 3341 784 3402 sentiebam,
821 3349 875 3393 et
907 3352 1135 3391 rursus:
1171 3334 1369 3390 Melius
1399 3351 1504 3389 non
1541 3335 1846 3389 sentiebam
1869 3334 2035 3406 (Deus

462 3438 539 3491 sit
578 3433 804 3503 testis)?
839 3430 954 3486 Hoc
992 3440 1066 3497 et,
1099 3437 1251 3499 puto,
1283 3439 1450 3498 queat
1497 3427 1682 3481 dicere
1716 3429 1807 3497 qui
1839 3443 2031 3482 navent

463 3528 805 3585 demerserit,
835 3523 977 3591 quod
1011 3534 1129 3573 eam
1170 3520 1389 3588 propria
1421 3518 1703 3573 voluntate
1733 3533 1797 3572 ac
1821 3517 2033 3587 judicio

461 3627 666 3671 temere
693 3612 997 3668 discrimini
1025 3610 1320 3679 objecerit:
1347 3608 1541 3663 Melius
1568 3626 1675 3663 non
1707 3611 2029 3665 sentiebam.

460 3706 664 3762 Verum
706 3702 1037 3771 respondeat
1070 3702 1117 3754 ei
1146 3699 1452 3768 quispiam:
1488 3698 1558 3751 At
1580 3709 1884 3754 erantcum
1908 3701 2034 3769 qui-

457 3799 566 3864 bus
597 3794 962 3855 consultares,
989 3788 1433 3861 quandoquidem
1461 3805 1567 3843 non
1597 3792 1766 3856 solus,
1785 3793 1875 3845 sed
1908 3807 2033 3846 cum

461 3890 652 3947 multis
691 3889 996 3959 gubernare
1022 3888 1207 3950 jussus
1230 3897 1308 3936 es.
1341 3881 1443 3934 Sed
1476 3882 1528 3934 in
1562 3897 1836 3950 praesens:
1882 3883 2038 3936 .ludi-

462 3990 619 4035 catus
667 3992 789 4032 sum
844 3975 1011 4039 etaim,
1058 3974 1158 4035 ait,
1213 3972 1412 4041 populo
1456 3972 1860 4040 improbabilis.
1912 3974 2033 4027 Non

464 4071 625 4133 dicit,
649 4067 919 4137 episcopis
948 4076 1001 4121 et
1038 4063 1297 4118 Ecclesiae
1325 4064 1630 4119 monachis.
1652 4064 1839 4133 Populi
1872 4079 2036 4132 porro

464 4177 529 4217 ac
565 4161 828 4214 laicorum
868 4156 1196 4226 improbatio
1222 4155 1352 4224 quid
1384 4155 1577 4208 valida:
1609 4157 1675 4208 ad
1706 4156 2036 4223 patriarchae

462 4253 852 4323 depositionem
902 4263 1084 4304 causae
1138 4247 1591 4315 ltalteatll‘ergit
1637 4263 1651 4299 :
1704 4247 2036 4315 Abdicamus

452 4355 645 4403 autem
676 4347 844 4414 ipsos,
877 4344 1079 4411 inquit,
1106 4356 1231 4397 cum
1258 4339 1590 4394 sacerdotio.
1620 4339 1738 4395 Non
1774 4341 2033 4394 thronum

463 4450 558 4494 aut
584 4440 851 4492 honorem
884 4436 1126 4494 abdicat,
1160 4433 1252 4487 sed
1280 4431 1541 4500 populum
1583 4432 1957 4487 inordinatum
1984 4442 2038 4487 et

454 4531 893 4587 inobedientem.
953 4526 1146 4578 Utrum
1207 4533 1391 4575 autem
1445 4523 1708 4591 p0pulum
1750 4524 1953 4592 pariter
1989 4533 2041 4577 et

460 4620 837 4680 sacerdotium
871 4615 1112 4678 abdicat,
1147 4613 1243 4679 Fsic
1274 4622 1335 4667 ut
1366 4629 1522 4683 atque
1552 4614 1716 4668 ambo
1750 4615 1853 4670 ista
1885 4616 2043 4670 abdi-

444 4726 757 4776 .centur,an
781 4709 1036 4779 populum
1054 4706 1270 4761 abdicat
1291 4706 1405 4760 sive
1427 4706 1681 4773 reprobat
1701 4707 1749 4759 vi
1786 4714 1838 4760 et
1859 4716 2047 4760 aucto-

448 4810 627 4864 ritate
654 4804 812 4876 177
841 4801 1212 4872 permanentis
1252 4799 1307 4853 in
1337 4814 1397 4853 se
1430 4798 1919 4866 archiepiscopalis
1946 4814 2045 4869 po-

450 4901 679 4956 stt-statis
709 4912 772 4951 ac
797 4904 992 4960 status,
1017 4906 1126 4963 quo
1151 4907 1247 4960 per
1272 4893 1418 4945 hunc
1442 4891 1664 4944 modum
1687 4890 1905 4955 etilcax,
1926 4902 2043 4946 rata

441 5001 522 5045 ,οι
547 4992 701 5041 iirma
746 4986 939 5039 evadat
977 4983 1242 5050 ejusmodi
1279 4981 1591 5048 reprobatio
1616 4972 1820 5048 [Quid
1851 4991 1907 5036 et
1938 4982 2041 5036 hoc

444 5092 649 5135 autem
699 5078 803 5133 sibi
853 5077 967 5131 vult
1014 5077 1159 5145 quod
1209 5076 1287 5129 ait
1333 5082 1611 5144 pastorem
1643 5084 1767 5143 post
1797 5089 1856 5127 se
1900 5073 2043 5128 deli-

448 5173 705 5242 ,gondum
760 5169 1254 5231 accommodatum,
1332 5165 1438 5218 nisi
1491 5166 1700 5218 occulte
1735 5165 1911 5218 innuit
1949 5180 2043 5219 ex-

458 5263 618 5336 pOSl'i
652 5262 812 5314 talem
847 5259 939 5329 qui
972 5259 1174 5327 populo
1203 5255 1422 5325 quidvis
1449 5252 1744 5321 gratiﬁcari
1774 5264 1830 5307 et
1862 5254 2046 5307 indul-

454 5372 593 5427 gere
621 5351 690 5407 sit
715 5351 964 5421 paratus?
990 5349 1093 5403 Sed
1122 5348 1236 5401 haec
1259 5362 1289 5399 a
1315 5361 1403 5399 me
1437 5344 1577 5397 forte
1597 5344 1849 5406 otiosius,
1877 5360 2041 5413 quam

459 5444 853 5513 tempestivum
932 5439 1200 5501 historico
1249 5444 1390 5499 erat,
1471 5436 1750 5500 disputata
1813 5434 2041 5490 fuerint.

454 5538 647 5594 tlinum
680 5548 863 5588 tamen
897 5532 966 5585 ad
993 5544 1056 5584 ea
1092 5529 1224 5581 illud
1250 5542 1358 5580 non
1391 5526 1459 5580 de
1498 5525 1672 5578 nihilo
1700 5525 1825 5595 quis
1854 5526 2046 5580 obser-

458 5644 603 5682 -vans
652 5624 985 5694 adjunxerit,
1025 5621 1105 5675 sic
1148 5628 1338 5673 exacte
1386 5617 1815 5687 quadriennium
1852 5617 1905 5670 in
1942 5631 2041 5686 pa-

456 5718 772 5770 .triarchatu
791 5712 1149 5769 Athanasium
1168 5709 1492 5779 explevisse,
1516 5717 1577 5762 ut
1598 5707 1847 5762 eamdem
1874 5708 2045 5763 ferme

470 5809 591 5866 initi
621 5807 905 5876 relictique
966 5803 1246 5873 regiminis
1308 5801 1564 5856 Ecclesiae
1645 5801 2020 5854 numeraverit

2144 3230 2291 3291 levit,
2326 3225 2472 3296 quod
2510 3240 2636 3278 eum
2682 3223 2922 3276 maxime
2954 3220 3185 3289 puderet
3212 3218 3288 3272 ibi
3326 3232 3426 3285 pro
3456 3212 3729 3270 miraculo,

2141 3320 2455 3375 celebrasse
2493 3323 2707 3385 portata
2735 3315 2893 3383 jussu
2939 3309 3228 3371 Athanasii
3270 3310 3426 3365 olera
3458 3323 3526 3363 ex
3559 3307 3708 3360 horto

2142 3412 2368 3464 domum
2421 3423 2452 3461 a
2486 3407 2638 3475 lupo,
2685 3420 2755 3459 ex
2801 3418 2913 3473 quo
2942 3411 3129 3473 postea
3177 3408 3336 3455 certo
3382 3405 3709 3469 compererat

2142 3503 2333 3572 lupum
2364 3500 2518 3554 illum
2565 3498 2740 3553 fuisse
2784 3497 3068 3550 hominem
3106 3495 3181 3548 ita
3215 3494 3582 3558 nominatum,
3609 3504 3706 3543 non

2142 3602 2349 3657 autem,
2398 3591 2477 3644 uti
2524 3588 2846 3658 persuaderi
2879 3585 2985 3640 sibi
3036 3585 3262 3649 siverat,
3312 3582 3544 3638 bestiam
3574 3586 3708 3633 notae

2144 3686 2374 3742 feritatis
2417 3685 2526 3739 isto
2566 3680 2845 3750 designari
2875 3677 3146 3732 vocabulo
3175 3676 3420 3730 solitam.
3450 3675 3704 3728 Caeterum

2144 3779 2438 3847 imperator
2463 3781 2687 3841 accepto
2723 3769 2992 3825 cessionis
3031 3766 3323 3821 Athanasii
3359 3765 3561 3829 libello,
3603 3774 3704 3813 non

2144 3870 2355 3941 putavit
2379 3867 2656 3923 curiosius
2696 3862 3061 3916 insistendum
3105 3858 3429 3915 scrutanda:
3451 3853 3707 3929 ambigui-

2146 3961 2242 4016 tati
2282 3959 2680 4027 captiosarum,
2710 3955 2916 4022 quibus
2943 3960 3061 4006 erat
3092 3957 3385 4018 concepta,
3419 3945 3705 4002 sententia-

2145 4068 2267 4106 rum
2293 4059 2348 4104 et
2369 4065 2587 4104 vocum.
2615 4046 2723 4101 Sed
2756 4046 2845 4099 hic
2862 4058 3089 4113 quoque
3113 4044 3328 4098 solitam
3357 4056 3515 4097 suam
3542 4034 3719 4093 animi.

2146 4143 2553 4205 rectitudincm,
2589 4148 2642 4194 et
2676 4137 3063 4191 abhorrentem
3112 4148 3143 4188 a
3182 4142 3394 4188 temere
3437 4127 3708 4186 movendis

2147 4235 2281 4289 nihil
2322 4231 2653 4302 proiecturis
2679 4237 2735 4283 et
2778 4226 3035 4298 praesenti
3066 4241 3208 4280 noxa
3258 4221 3585 4293 perniciosis
3611 4217 3708 4273 Ec-

2145 4328 2329 4382 clesiae
2359 4321 2754 4379 controversiis
2798 4320 3228 4374 moderationem
3262 4330 3328 4369 ac
3371 4311 3719 4385 prudentiam.

2148 4427 2391 4480 secutus,
2416 4431 2541 4469 cum
2566 4413 2668 4467 sibi
2697 4424 2808 4465 tum
2834 4410 2958 4463 aliis
2987 4407 3260 4478 persuasit
3300 4402 3717 4473 temperandum.

2148 4511 2219 4567 ab
2256 4508 2599 4578 indagatione
2631 4504 2820 4558 odiosa
2854 4499 3252 4568 profundorum
3285 4499 3433 4551 senis
3458 4503 3709 4548 sensuum

2148 4600 2252 4654 sub
2278 4598 2369 4651 illa
2401 4597 2693 4650 verborum
2729 4593 2932 4647 astutia
2985 4599 3266 4656 utcunque
3308 4587 3614 4648 latentium,
3653 4581 3702 4634 in

2147 4694 2301 4747 lucro
2344 4705 2552 4760 ponens
2597 4685 2746 4755 quod
2771 4685 2820 4739 is
2854 4685 2909 4737 in
2943 4697 3077 4752 pace
3103 4682 3448 4742 recessisset,
3484 4694 3581 4733 nec
3623 4677 3703 4730 in-

2148 4794 2352 4837 teresse
2379 4780 2654 4834 arbitrans
2678 4791 2788 4845 quo
2810 4774 2864 4829 id
2902 4774 2998 4828 ille
3021 4772 3258 4827 artillcio
3291 4772 3375 4826 vel
3410 4771 3534 4825 dolo
3555 4781 3702 4822 exse-

2146 4874 2239 4943 qui
2271 4872 2594 4928 studuisset.
2626 4866 2761 4922 Nam
2793 4865 2989 4943 majori
3018 4865 3254 4933 strepitu
3293 4877 3519 4918 causam
3553 4862 3703 4913 istam

2148 4965 2433 5026 sentilare,
2470 4961 2665 5030 iudicii
2702 4937 3160 5014 desideratissimi
3197 4973 3228 5011 a
3261 4956 3473 5019 multis,
3506 4952 3628 5008 odio
3654 4950 3704 4999 in

2149 5054 2507 5110 Athanasium
2553 5048 2863 5104 vehementi
2901 5057 2956 5103 et
2980 5047 3132 5117 justo
3163 5045 3543 5116 ﬂagrantibus,
3569 5039 3704 5095 celes

2144 5147 2396 5203 bratione
2432 5141 2815 5213 permittenda,
2848 5140 3244 5194 tumultuosius
3285 5138 3407 5192 fore
3437 5134 3702 5203 negotium

2150 5237 2537 5310 providebatur
2593 5249 2756 5305 quam
2790 5233 2952 5303 1'78
3001 5232 3283 5300 expediret
3346 5231 3412 5284 ad
3477 5227 3700 5296 quietem

2148 5331 2273 5401 plus
2330 5327 2466 5382 satis
2520 5325 2741 5379 aliunde
2788 5324 3118 5392 jactatarum
3181 5320 3441 5375 Ecclesiae
3498 5330 3559 5369 ac
3599 5311 3701 5365 rei-

2146 5421 2399 5494 publica.
2434 5417 2616 5484 Quare
2674 5414 2823 5470 satis.
2853 5413 3043 5468 habuit
3096 5412 3227 5467 sine,
3260 5411 3493 5481 strepitu
3545 5417 3699 5473 expa-

2147 5513 2446 5570 triarcham
2507 5508 2734 5579 proprio
2792 5520 2987 5561 rursus
3041 5514 3315 5559 nocturna
3385 5496 3700 5556 deductione

2148 5605 2431 5663 recludere
2460 5599 2817 5665 monasterio,
2862 5599 3125 5653 ubicum
3171 5599 3298 5651 aliis
3351 5588 3701 5648 familiaribus

2147 5699 2332 5755 multis
2394 5695 2685 5750 asceticam
2745 5706 2841 5761 per
2890 5692 3064 5745 otium
3120 5689 3273 5744 nullo
3338 5683 3699 5752 interpellante

2137 5791 2480 5853 exerciturus
2517 5800 2684 5858 porro
2714 5792 2860 5841 esset
2893 5797 2991 5853 pro
3031 5797 3133 5839 suo
3154 5796 3308 5838 more
3343 5775 3703 5848 disciplinam.
