4018 6392
314 358 415 422 197

1235 351 1335 411 DE
1362 347 1807 411 ANDRONICO
1828 348 2293 410 PALHEOLOGO
2318 349 2469 411 LIB.
2494 348 2581 409 ll.

3466 347 3487 409 1
3500 343 3572 407 98

309 474 571 542 ἁπρύῖτος
617 468 809 539 ἔμελλε
840 468 908 520 τά
939 463 1171 537 συνήθη,
1201 463 1401 526 τοῖςοδέ
1430 480 1493 528 γε
1537 459 1887 531 ἀρχιερεῦσιν
1912 465 1962 523 Α
1991 460 2066 527 τῷ
2108 462 2384 531 Νυμφαίῳ
2429 458 2836 530 ἐνδιατρίϐοντα
2890 458 3062 511 ἐποίει
3118 458 3436 527 Θαυμάζειν,
3466 461 3559 510 καί

310 559 499 627 ἐφίησι
545 557 639 609 τὸν
665 555 1140 625 τῆς.Ἐκκλησίας
1183 550 1367 622 ζητεῖν
1433 556 1892 619 προστησόμενον.

312 675 414 723 κε’.
447 668 586 736 Περὶ
615 664 727 735 τῆς
761 666 1206 786 πυρποειήῗτὲἒὲ
1242 660 1353 729 τῆς
1381 660 1650 730 μεγάλης
1678 656 1897 727 ἀγορᾶς

911 751 1021 786 tne
1204 750 1303 786 we.

911 751 1021 800 της
1050 748 1303 798 πολεως.

387 828 539 890 Τέως
562 826 621 880 δὲ
650 826 759 896 πρὸ
782 824 872 877 τοῦ
904 822 1027 876 τάδε
1058 821 1311 891 γενέσθαι
1337 820 1458 877 δυσὶ
1488 820 1751 890 πρότερον
1773 817 1901 887 χρό-

312 938 454 985 νοις,
484 947 556 958 -
592 918 689 971 καὶ
725 915 929 985 ἀφίημι
961 916 1033 967 τὰ
1060 912 1334 982 κατὰ..τὴν
1360 913 1596 981 περαίαν
1621 910 1721 978 τὴν
1756 909 1901 960 δυτι-

311 1012 445 1075 κὴν,
481 1012 557 1072 ὡς
588 1011 685 1064 καὶ
712 1008 862 1074 ἅπαξ
893 1011 986 1060 καὶ
1011 1007 1091 1068 δὶς
1124 1004 1458 1075 ἐνεπρήσθη,
1484 1001 1899 1073 οὓτω-συμόἀν,

311 1105 414 1156 ἐπὶ
472 1101 778 1173 Γρηγορίου
846 1096 1334 1169 πατριαρχοῦντος.
1404 1094 1545 1147 Ἀλλ’
1606 1092 1699 1146 οῦν
1758 1092 1902 1145 κατᾶ

317 1197 473 1266 μῆνα
502 1192 771 1263 μεσοῦντα
798 1190 1183 1258 Μουνυχιῶνα,
1213 1188 1302 1240 ὑπ’
1326 1187 1469 1254 ἀφᾲς
1496 1185 1726 1254 λύχνων,
1751 1183 1901 1246 ἐντὸς

313 1286 425 1354 τῆς
460 1281 897 1353 μεγαλοπόλεως,
933 1280 1068 1333 ὅπου
1091 1279 1152 1330 τὸ
1177 1280 1276 1347 τῆς
1310 1276 1515 1344 ἀγορᾶς
1547 1275 1902 1342 μεσαίτατον,

310 1376 436 1431 ἀπὸ
471 1376 574 1443 τῆς
630 1372 914 1443 βασιλικῆς
966 1370 1270 1438 λεγομένης
1336 1368 1508 1437 πύλης
1563 1367 1790 1436 ἄρχεται
1842 1366 1907 1416 τὸ

308 1467 516 1522 δεινόν.
545 1466 659 1520 Καὶ
680 1466 857 1518 πάντα
883 1464 950 1516 τὰ
981 1462 1169 1532 κύκλῳ
1196 1460 1490 1530 περιλαύδν
1515 1459 1575 1512 τὸ
1608 1458 1904 1527 παμφάγον

312 1557 420 1615 καὶ
470 1552 1027 1623 ἁνυπόστατονλπῦρ,
1077 1552 1253 1614 οἰκίας
1316 1551 1531 1612 ὲκείνας
1589 1547 1904 1619 πληθούσας

311 1648 597 1703 παντοίων
634 1645 741 1699 τῶν
773 1647 853 1709 είς
878 1641 1266 1713 πραγματείαν
1293 1641 1453 1695 είδών
1478 1640 1768 1710 αὐτονυχεὶ
1798 1640 1908 1694 δια-

312 1738 561 1810 νσμηθὲν
613 1736 861 1807 ἡμάθυνε
907 1736 969 1788 τὸ
1015 1734 1298 1805 παράπαν,
1330 1733 1487 1799 ,ὥστε
1542 1733 1637 1785 καὶ
1664 1733 1907 1801 γυμνοὺς

306 1803 586 1897 ἐκφυγεῖν
638 1803 769 1890 τοὺς
826 1803 1232 1897 ὲνῳκημὲνους,
1264 1823 1348 1896 μ).
1405 1822 1530 1895 119]
1584 1823 1659 1894 μὴ
1711 1824 1793 1876 ὅτι
1841 1840 1904 1891 γε
1940 1803 1982 1857 θ

240 1984 251 1993 θ
313 1921 559 1974 πλούτου
593 1918 1085 1989 καὶ-περιουσίας,
1120 1917 1256 1970 ἀλλὰ
1314 1918 1407 1970 καὶ
1450 1914 1628 1969 αὐτῶν
1678 1915 1908 1982 ἐνδυμά-

313 2030 457 2075 των,
501 2012 598 2064 καὶ
631 2010 798 2080 μηδὲν
828 2011 988 2062 πλέον
1020 2008 1519 2079 ἐγκαταλειφθῆναι
1560 2008 1778 2078 πρωῖας
1816 2009 1901 2062 ὅτι

325 2104 406 2172 μὴ
439 2103 698 2171 κεράμων
731 2100 1034 2169 κατεαγότα
1073 2099 1320 2170 ὄστρακα
1375 2101 1474 2152 καὶ
1515 2100 1679 2169 ἥλους
1722 2100 1904 2168 σφίσιν

319 2192 727 2262 ἐνειλῃμὲνους,
755 2192 986 2259 ἀφέτους
1032 2192 1141 2242 τῶν
1173 2190 1347 2255 ξύλων
1378 2184 1460 2253 οἷς
1494 2190 1807 2259 συνέχοντες
1831 2191 1909 2243 εἵ-

322 2300 506 2352 χοντο.
542 2283 737 2350 Καί.γε
770 2285 831 2336 τὸ
858 2285 954 2352 τῆς
986 2283 1192 2352 ἀγορᾶς
1225 2281 1419 2344 κάλλος
1453 2281 1529 2345 ὡς
1558 2281 1741 2335 πεδίον
1768 2282 1908 2348 ἁφατ

318 2373 523 2444 νισμοῦ
579 2373 959 2442 κατεφαίνετο.
1000 2374 1067 2426 Ὅ
1098 2374 1223 2443 μηδ’
1272 2372 1431 2428 αὑτὸν
1484 2372 1910 2442 βασιλέα-λαθὸν

323 2557 618 2625 Ιοζρίεεορὶε
653 2571 784 2609 vero
807 2556 1084 2611 commisit
1128 2555 1542 2626 inquisitionem
1588 2555 1772 2612 idonei
1817 2560 1909 2626 qui

322 2650 696 2718 praeﬁceretur
730 2645 984 2701 Ecclesia:
1019 2647 1292 2715 praesulis.

575 2739 672 2793 ‘25.
711 2738 1056 2795 Deinceudt’o
1081 2740 1260 2808 magni
1287 2740 1394 2809 fori
1423 2740 1673 2794 ciuitatis.

398 2834 628 2887 Duobus
675 2832 996 2901 priusquam
1054 2831 1169 2884 haec
1221 2830 1434 2897 ﬁerent,
1485 2832 1646 2886 annis
1676 2830 1913 2900 contigit

328 2926 647 2978 incendium
681 2924 731 2973 iu
764 2922 899 2975 urbe
936 2919 1039 2974 fori
1072 2926 1274 2990 magni.
1314 2924 1517 2975 Omitto
1547 2922 1763 2976 interim
1802 2922 1913 2977 duo

330 3019 433 3072 aha
483 3015 735 3069 incendia
779 3015 1070 3082 quatame
1123 3012 1548 3067 transmarinum
1587 3012 1909 3068 sltburhiutn

2000 555 2088 620 ἐφ’
2124 554 2357 623 ἡμέραις
2403 553 2610 622 ζητεῖν,
2657 553 2709 604 εἰ
2753 550 2855 607 πού
2886 568 2969 614 τις
3013 549 3365 612 Βυζαντίοθεν
3396 566 3575 619 παρα-

2001 643 2208 706 ϐάλλοι,
2240 645 2387 707 ὅπως
2436 643 2530 697 καὶ
2559 644 2652 710 ἀφ’
2709 643 2837 699 οἴων
2863 642 2970 694 τῶν
2997 642 3183 695 αἰτιῶν
3224 642 3471 707 γέγονεν.
3500 640 3575 690 Ub

2001 738 2109 804 γὰρ
2140 736 2226 788 ἐπ’
2265 736 2448 805 ὀλίγον
2499 735 2824 806 ἐπιδραμὸν,
2871 735 2984 788 ἀλλ’
3029 734 3155 786 ὅσον
3210 731 3477 785 είκάσαιτ’
3512 731 3578 784 ἄν

2001 843 2109 890 τις,
2163 827 2548 896 καταταχῆσαν
2599 825 2695 879 καὶ
2744 825 2913 893 αὐτὴν
2962 824 3135 893 μέσην
3190 822 3289 891 τὴν
3323 821 3476 874 πόλιν
3519 822 3580 872 ὲν
3630 866 3645 908 δ

2002 919 2200 988 ἀκαρεῖ
2257 916 2675 987 περιλήψεσθαι,
2733 916 2942 968 πολλῶν
2999 915 3096 984 μὲν
3143 913 3329 965 οἰκιῶν
3383 911 3577 975 κάλλη,

2005 1008 2176 1060 πολλὰ
2220 1008 2263 1060 δ’
2289 1010 2346 1059 ἐν
2373 1008 2564 1067 αὐταῖς
2619 1005 2987 1072 ἀποτιθέμενα
3034 1005 3357 1075 δαρδάπτον,
3391 1006 3483 1055 καὶ
3512 1001 3579 1053 τὰ

2002 1099 2154 1152 δεινὰ
2184 1100 2296 1161 τοῖς
2346 1096 2631 1167 πόρρωθεν
2665 1094 2948 1160 ἀπειλοῦν,
2994 1095 3054 1147 οὐ
3112 1095 3377 1163 πρότερον
3427 1093 3579 1158 ἔστη,
3630 1076 3637 1107 ί

2006 1190 2139 1260 πρὶν
2181 1189 2246 1243 ἂν
2298 1189 2565 1259 ἀμφόδοις
2596 1188 2890 1257 περιπεσδν
2940 1189 3019 1248 εἰς
3051 1186 3249 1249 πλάτος
3301 1184 3581 1246 ὲνδούσαις

2008 1283 2397 1351 χειροποιήτως
2436 1280 2544 1331 τῶν
2598 1280 2833 1347 ἐχόντων
2878 1277 3201 1345 φθασάντων
3254 1276 3581 1329 καταδαλεῖν
3641 1299 3649 1306 ·

2008 1376 2102 1431 καὶ
2126 1374 2484 1444 προαρπάσαι
2512 1372 2608 1440 τὴν
2639 1371 2793 1441 ὓλην,
2824 1372 3001 1422 ἐκεῖσε
3034 1370 3247 1438 φθάσαν
3268 1370 3365 1438 οὐχ
3394 1364 3504 1422 οἷόν
3534 1368 3583 1420 τ’

2007 1461 2078 1535 ἦν
2109 1464 2416 1533 ἐκπηδῆσαι
2447 1464 2542 1516 καὶ
2588 1462 2698 1515 τῶν
2732 1460 3063 1529 καταντικρὺ
3096 1460 3413 1527 παμφάγοις
3468 1463 3586 1512 ἑπι-

2008 1554 2308 1623 δράξασθαι
2336 1556 2449 1617 τοῖς
2477 1554 2712 1607 ὀδοῦσιν.
2756 1554 2907 1606 Ἐπεὶ
2935 1552 3044 1622 γὰρ
3071 1550 3250 1605 πάντα
3299 1551 3368 1604 τὰ
3398 1551 3584 1619 κύκλῳ

2010 1646 2220 1715 φρέατα
2265 1645 2688 1713 ὲξαντλήσαντες
2731 1645 2830 1697 οὐκ
2867 1644 3123 1712 ἀποχρῶν
3163 1640 3307 1711 εἶχον
3335 1642 3395 1695 rb
3442 1641 3586 1711 ὕδωρ

2010 1741 2148 1811 πρὸς
2192 1739 2289 1809 τὴν
2341 1738 2596 1808 τοιαύτην
2648 1737 2829 1811 ῥύμην
2870 1737 3064 1806 πυρὸς,
3119 1737 3349 1800 ἐκείνοις
3399 1736 3496 1806 μὲν
3528 1736 3588 1788 τὸ

2011 1831 2198 1885 λοιπὸν
2235 1831 2357 1884 ἀντὶ
2387 1829 2649 1900 ταμιείων
2670 1828 2927 1901 ἐχρῶντο,
2953 1828 3054 1881 κάν
3085 1827 3184 1880 πού
3209 1844 3259 1880 τι
3283 1829 3377 1881 καὶ
3407 1828 3585 1896 ἀφήρ-

2014 1922 2187 1987 παζον
2217 1922 2309 1976 τοῦ
2342 1922 2533 1991 πυρὸς,
2587 1922 2753 1992 ὁμόσε
2797 1921 2977 1991 τούτῳ
3025 1918 3330 1990 χωροῦντες
3374 1919 3585 1973 καὶτοῦ

2014 2014 2200 2068 λαϐεῖν
2232 2031 2284 2067 τι
2321 2016 2379 2067 ὲν
2402 2014 2611 2084 δυτέρῳ
2646 2012 2919 2081 τιθέμενοι
2948 2011 3044 2075 τὴν
3075 2009 3592 2080 παρακινδύνευσιν,

2016 2105 2178 2168 εὐθὺς
2207 2106 2349 2158 κατὰ
2376 2103 2578 2156 τούτων
2627 2103 2918 2173 ἐρρίπτουν
2948 2102 3044 2153 καὶ
3080 2100 3446 2170 ὲπωμάτιζον.
3483 2105 3593 2155 Δύο

2014 2196 2101 2249 τοὶ
2131 2196 2187 2249 δὲ
2231 2195 2308 2265 τῷ
2356 2195 2453 2265 μὲν
2501 2194 2648 2261 ἅπαξ
2685 2194 2864 2247 ἁλόντι
2909 2192 3009 2245 οὐκ
3054 2193 3268 2264 ἔχοντες
3308 2194 3594 2264 προσαμύ-

2016 2302 2150 2347 νειν,
2192 2284 2915 2353 προκαταλαμϐάνοντες-δὲ
2959 2282 3027 2336 τὰ
3066 2283 3317 2351 ἐξωτέρω
3364 2285 3589 2352 κείμενα

2018 2374 2424 2448 προανῃροῦντο
2470 2376 2563 2428 καὶ
2607 2372 2985 2445 μετεκόμιζον,
3018 2376 3112 2428 καὶ
3157 2373 3300 2427 οῦτω
3334 2374 3431 2445 τὴν
3462 2390 3589 2444 τρο-

2018 2551 2155 2605 liens
2193 2548 2329 2603 nihil
2360 2549 2414 2602 in
2440 2548 2551 2604 illis
2573 2548 2659 2603 cui
2683 2548 3079 2603 adhaeresceret
3108 2548 3331 2617 reperit,
3365 2548 3589 2617 provida

2020 2642 2285 2697 industria
2323 2642 2463 2694 viam
2494 2642 2830 2709 praecludere
2858 2642 3005 2695 malo
3038 2645 3308 2710 grassanti
3339 2652 3593 2710 satagen-

2018 2733 2153 2787 tium
2203 2730 2355 2800 prius
2392 2747 2556 2785 manu
2590 2733 2796 2786 eversis
2827 2741 2880 2785 et
2911 2734 3186 2803 congestis
3221 2732 3273 2785 in
3321 2736 3425 2785 late
3456 2747 3591 2784 cnn-

2018 2823 2198 2878 fnsam
2255 2834 2514 2893 stragem.
2564 2822 2871 2877 Prudenter
2927 2823 3070 2877 enim
3136 2822 3213 2876 illi
3266 2833 3594 2880 curaverant

2019 2917 2291 2970 redimere
2348 2915 2713 2985 perniciosius
2763 2914 3023 2968 damnum
3080 2916 3223 2969 ultro
3259 2915 3592 2970 accersendo

2020 3023 2085 3062 ac
2116 3009 2548 3076 praeoccupando
2584 3007 2805 3068 leviori,
2839 3008 3029 3076 sicque
3065 3007 3432 3062 subtrahenda
3474 3023 3593 3061 ma-

329 3105 891 3172 culatamﬁrrgnrio
936 3103 1371 3172 patriarchatum
1424 3115 1645 3172 gerente
1693 3104 1912 3158 accide-
1942 3143 1985 3200 ο
2021 3099 2156 3154 teria
2202 3100 2386 3152 voraci
2433 3101 2741 3165 elemento;
2778 3099 2922 3168 quod
2956 3098 2999 3153 si
3032 3107 3250 3169 pastum
3296 3098 3594 3155 invenisset

327 3207 474 3254 raut.
506 3200 668 3253 Circa
698 3197 939 3252 medium
974 3196 1139 3266 igitur
1169 3195 1554 3258 Novembrem,
1577 3196 1679 3250 sub
1701 3206 1914 3263 tempus
1948 3190 1984 3200 “’
2020 3191 2133 3246 illic
2186 3205 2298 3259 quo
2356 3190 2645 3253 insilierat,
2705 3200 2895 3245 auctas
2952 3207 3016 3245 ex
3067 3206 3132 3246 eo
3171 3193 3316 3245 vires
3369 3191 3594 3247 haberet

328 3290 463 3346 illud
539 3300 782 3353 vespera:
834 3298 946 3352 quo
997 3283 1189 3352 primis
1242 3284 1482 3338 tenebris
1538 3285 1915 3340 accenduntur
2017 3281 2276 3337 ulteriora
2310 3281 2746 3345 incursandi,et
2790 3281 2856 3335 ad
2906 3291 3102 3335 cuncta
3136 3281 3478 3337 continenter
3507 3296 3593 3334 ra-

328 3382 503 3441 faces,
557 3379 701 3431 intra
751 3376 1336 3446 magnameivitatem,
1370 3376 1489 3445 ipso
1520 3377 1574 3431 iu
1609 3377 1915 3434 meditullio
2017 3373 2328 3444 pacissimis
2352 3373 2528 3427 accisa
2556 3373 2809 3426 dentibus
2845 3374 3178 3426 exsorbenda
3222 3372 3275 3425 in
3314 3388 3591 3442 nunquam

330 3470 459 3531 lori,
508 3483 540 3521 a
591 3477 749 3535 porta
793 3481 916 3533 qum
953 3467 1099 3535 regia
1146 3467 1367 3529 dicitur,
1416 3466 1614 3520 malum
1663 3477 1913 3522 exortum
2017 3463 2341 3532 explebilem
2398 3462 2711 3533 ingluviem.
2767 3462 2884 3516 Alia
2933 3479 3152 3531 quoque
3204 3466 3335 3517 inita
3388 3465 3595 3517 utiliter

328 3572 435 3615 est.
468 3561 599 3614 lude
630 3560 814 3613 omnia
847 3574 943 3627 per
972 3559 1264 3613 circuitum
1297 3558 1619 3627 corripiens,
1654 3559 1918 3615 ineluetae
2020 3558 2159 3611 ratio
2208 3566 2294 3609 est
2351 3553 2600 3608 demendi
2652 3553 2883 3609 ﬂammae
2937 3555 3136 3622 pabuli,
3192 3555 3422 3609 docente
3478 3556 3595 3625 ipsa

333 3652 429 3706 bili
470 3667 636 3703 ruens
666 3650 869 3719 impetu
903 3649 1264 3721 voraxiguis,
1299 3650 1494 3705 domos
1542 3651 1661 3707 illas
1689 3652 1947 3711 refertas,
2020 3645 2350 3703 calamitatis
2407 3645 2744 3714 experientia
2781 3643 2906 3698 mali
2953 3655 3161 3713 partem
3195 3645 3248 3699 in
3291 3648 3593 3701 remedium

333 3742 518 3797 omnis
551 3741 769 3810 generis
803 3741 1064 3793 mercium
1099 3740 1215 3808 ipsa
1244 3752 1402 3796 nocte
1426 3741 1721 3801 absumens
1754 3743 1918 3810 plane
2021 3748 2250 3794 vertere.
2283 3738 2488 3806 Nempe
2511 3737 2685 3790 cladis
2710 3737 3013 3790 auctarium
3043 3736 3141 3790 fuit
3169 3736 3411 3792 delectus
3440 3753 3596 3807 aqua:

335 3834 545 3903 redegit
575 3833 627 3885 in
663 3834 898 3895 cineres,
929 3839 986 3883 ut
1011 3831 1140 3884 nudi
1168 3831 1470 3901 ellugerent
1508 3832 1598 3901 qui
1634 3833 1742 3886 illic
1769 3834 1922 3888 habi-
2021 3830 2132 3900 igni
2181 3831 2489 3883 coercendo
2520 3838 2627 3883 tam
2678 3828 3027 3892 necessaria,
3080 3829 3361 3883 exhaustis
3395 3832 3596 3901 quippe

335 3926 549 3988 tahant,
594 3921 726 3975 nudi
777 3931 955 3975 autem
995 3936 1103 3974 non
1140 3922 1350 3975 divitiis
1398 3923 1571 3976 solum
1603 3935 1657 3976 et
1700 3932 1945 3992 ornatu,

336 4014 432 4067 sed
492 4013 626 4083 ipsis
677 4012 893 4081 corpori
953 4011 1187 4081 tegendo
1256 4014 1580 4075 necessariis
1636 4015 1919 4080 vestibus,

338 4106 587 4174 nihilque
638 4104 762 4174 plus
823 4117 984 4157 mane
1039 4102 1313 4175 reliquum
1373 4115 1691 4167 cerneretur
1760 4121 1949 4173 quam.

337 4207 493 4252 testa:
543 4194 842 4250 fractorum
893 4194 1130 4249 laterum
1179 4204 1234 4249 et
1269 4196 1407 4257 clavi
1454 4197 1548 4265 qui
1598 4198 1810 4253 tabulas
1858 4212 1923 4253 ac

339 4291 491 4358 tigna
538 4286 955 4348 commiserant,
983 4285 1175 4340 ferreae
1208 4286 1450 4340 materia:
1489 4289 1775 4357 privilegio
1808 4304 1838 4342 a
1871 4289 1923 4342 vi

328 4379 573 4432 ﬂammas
624 4378 853 4442 servati,
908 4376 1079 4445 priori
1131 4378 1279 4430 omni
1326 4380 1510 4446 specie
1557 4378 1749 4448 plateae
1776 4378 1925 4433 illius

2017 3922 2132 3990 jam
2166 3920 2382 3974 cunctis
2412 3935 2532 3988 qua:
2566 3919 2677 3973 illic
2704 3928 2860 3972 erant
2886 3920 3259 3972 subterraneis
3305 3931 3599 3990 concepta-

2023 4012 2166 4067 culis
2205 4011 2460 4080 liquoris.
2490 4010 2757 4066 Caeterum
2796 4012 2899 4065 hoc
2937 4010 3052 4079 ipso
3087 4011 3468 4067 animadverso
3501 4015 3597 4083 qui

2024 4105 2363 4172 satagebant,
2390 4101 2566 4170 puteis
2600 4100 2736 4170 ipsis
2769 4101 3138 4171 eisteru'tsque
3168 4101 3279 4170 jam
3309 4104 3492 4158 vacuis
3521 4106 3599 4159 uti

2024 4194 2415 4264 apothecarum
2454 4193 2570 4245 vice
2615 4204 2895 4259 cmperunt
2941 4190 3007 4244 iis
3048 4194 3426 4247 custodiendis
3477 4209 3600 4261 qua:

2027 4296 2152 4356 apta
2177 4285 2413 4343 maxime
2444 4282 2738 4336 nutriendo
2769 4282 3023 4337 incendio
3054 4281 3287 4337 ﬂamma:
3311 4284 3601 4353 prasripere

2028 4383 2339 4444 potuerant,
2376 4389 2438 4428 ea
2486 4381 2684 4428 cuncta
2736 4389 2837 4444 per
2874 4389 2968 4428 ora
3012 4373 3280 4428 hiantium
3339 4391 3602 4431 cavorum

288 4480 296 4487 '
341 4469 733 4540 pulcherrima:
765 4468 819 4521 in
849 4482 1104 4534 campum
1136 4467 1359 4522 informi
1390 4469 1647 4538 congerie
1671 4479 1924 4524 constra-
1951 4473 2400 4547 D‘devolventcs,
2430 4481 2483 4526 et
2519 4471 2610 4525 ubi
2645 4473 2992 4541 congerenda
3022 4473 3395 4542 expleverant,
3422 4476 3606 4543 impo-

340 4570 458 4616 tum
505 4563 574 4614 ad
628 4559 860 4629 lugubre
912 4559 1288 4627 spectaculum
1337 4573 1621 4613 conversa.
1676 4559 1732 4614 ld
1778 4561 1921 4629 quod

343 4650 661 4719 imperatori
689 4648 973 4723 Nymphaei
1006 4659 1139 4703 tunc
1170 4640 1387 4719 degenti
1412 4652 1722 4706 nuntiatum
1749 4652 1926 4723 admi—

339 4745 608 4797 rationem
658 4741 896 4795 incussit
944 4757 1049 4794 non
1088 4741 1380 4807 modicam,
1413 4750 1468 4796 et
1507 4759 1694 4798 curam
1730 4746 1924 4812 exqui-

341 4836 527 4890 rendae
550 4832 778 4888 occulta:
808 4832 936 4886 mali
965 4833 1219 4901 originis,
1253 4842 1313 4887 ut
1336 4834 1523 4890 multis
1552 4836 1679 4890 inde
1707 4835 1921 4904 diebus,

342 4931 434 4985 ubi
477 4932 604 5000 quis
647 4929 914 5001 Byzantio
952 4928 1380 4999 l79‘veniret,
1412 4930 1647 4987 sollicite
1689 4932 1924 4987 interro-

341 5030 499 5091 garet
547 5037 658 5091 quo
707 5023 874 5077 modo
904 5030 959 5075 et
998 5022 1255 5092 qualibus
1282 5024 1705 5087 ecausistanta
1742 5026 1947 5093 clades,

341 5113 665 5168 exstitisset.
697 5110 816 5167 Non
842 5114 987 5167 enim
1020 5130 1049 5166 a
1082 5114 1232 5168 tenui
1261 5124 1378 5169 orta
1400 5115 1671 5185 principio
1697 5116 1921 5184 sensim,

342 5213 403 5259 ut
454 5201 574 5257 fere
620 5202 723 5269 ﬁt,
776 5217 842 5257 ea
893 5204 1064 5273 pestis
1117 5205 1463 5269 invaluerat,
1509 5205 1604 5262 sed
1657 5215 1925 5276 quantum

342 5294 572 5362 intelligi
602 5293 918 5364 conjectura
954 5295 1149 5363 potuit,
1183 5295 1351 5350 variis
1380 5296 1545 5351 simul
1575 5312 1643 5351 ex
1676 5299 1924 5365 partibus

344 5390 535 5459 rapida
558 5389 850 5443 velocitate
873 5387 1016 5457 ignis
1039 5402 1366 5455 exsurgens.
1391 5385 1925 5442 mediam-momento

343 5478 820 5548 eomprehendens
864 5478 1079 5540 urbem,
1138 5475 1309 5529 multa
1345 5473 1699 5528 ornatissima
1751 5473 1925 5529 aediﬁ-

345 5570 457 5633 cia,
478 5566 761 5622 multasin
784 5567 852 5622 iis
874 5581 1008 5636 opes
1041 5566 1292 5623 conditas
1318 5566 1565 5633 voravit;
1599 5567 1924 5636 minansque

348 5659 519 5715 nihilo
548 5659 776 5715 mitiora
807 5657 1220 5722 remotioribus,
1257 5671 1365 5712 non
1403 5656 1553 5726 prius
1582 5658 1731 5713 stetit
1758 5671 1941 5727 quam.

348 5747 404 5801 in
432 5749 759 5821 angiportu:
791 5749 880 5804 via
911 5748 1089 5804 media
1124 5747 1326 5803 lrustra
1362 5748 1663 5816 diremptos
1716 5747 1921 5806 transi-

2026 4563 2133 4619 sito
2161 4563 2408 4616 materiae
2431 4563 2609 4630 ignem
2633 4577 2742 4616 non
2768 4562 3009 4616 timentis
3043 4563 3304 4632 operculo
3334 4573 3601 4634 tegentes.

2026 4653 2088 4708 In
2132 4667 2243 4723 quo
2288 4669 2408 4707 eam
2455 4653 2789 4708 adhibebant
2833 4654 3200 4723 prudentiam,
3247 4666 3306 4709 ut
3338 4672 3460 4725 qua:
3487 4657 3602 4725 jam

2025 4743 2170 4813 ignis
2217 4741 2726 4812 comprehenderat,
2783 4742 2990 4798 lrustra
3033 4745 3080 4798 ei
3132 4756 3458 4816 extorquere
3491 4762 3605 4803 non

2025 4844 2332 4899 conantes,
2374 4849 2449 4890 ea
2506 4835 2707 4904 quibus
2757 4851 2818 4890 se
2868 4836 3111 4889 nondum
3164 4852 3259 4906 per
3311 4836 3605 4893 circuitum

2026 4928 2345 4982 admoverat
2387 4926 2679 4997 diligenter
2727 4936 3002 5006 raperent,
3052 4943 3163 4982 non
3204 4929 3322 4984 sine
3359 4930 3607 4999 periculo

2029 5019 2284 5075 cominus
2334 5019 2595 5075 accedere
2644 5019 2943 5085 audentes;
2977 5020 3153 5091 iisque
3199 5021 3420 5085 amotis,
3449 5024 3605 5091 quasi

2025 5126 2123 5179 per
2156 5125 2295 5165 escae
2318 5110 2766 5177 subductionem,
2803 5120 3111 5167 monstrum
3139 5112 3476 5167 helluatione
3503 5115 3610 5165 lar-

2024 5198 2162 5271 giort
2215 5202 2389 5269 magis
2448 5200 2773 5255 indomitum
2829 5216 3167 5264 evasurum.
3228 5202 3376 5256 velut
3424 5202 3606 5256 inedia

2028 5293 2353 5361 castigatum
2396 5291 2671 5348 inﬁrmius
2704 5293 3027 5350 reddebant.
3078 5297 3251 5365 Atque
3295 5294 3367 5348 ita
3398 5294 3604 5348 sensim

2026 5384 2310 5438 debilitato
2361 5399 2503 5455 aegre
2556 5399 2621 5440 ac
2673 5384 2763 5439 vix
2814 5385 2976 5456 180
3022 5386 3238 5442 tandem
3288 5386 3606 5455 praeponere

2027 5476 2339 5542 valuerunt,
2370 5491 2470 5531 nec
2504 5477 2584 5534 sic
2618 5485 2801 5532 tamen
2833 5479 3072 5533 assecuti
3102 5479 3232 5548 quin
3265 5492 3514 5546 magnam
3549 5486 3608 5531 et

2026 5569 2133 5624 late
2166 5571 2429 5625 illustrem
2465 5571 2554 5627 hic
2583 5588 2828 5643 quoque,
2863 5572 2941 5628 uti
2969 5573 3152 5629 caeteri
3186 5572 3415 5643 priores,
3447 5570 3608 5626 fune-

2028 5670 2147 5717 stus
2194 5676 2377 5732 rogus~
2407 5663 2460 5717 in
2517 5671 2729 5735 tempus
2765 5674 3048 5735 posterum
3084 5661 3407 5718 memoriam
3442 5663 3607 5718 relin-

1980 5816 1981 5819 η
2029 5764 2254 5827 queret,
2295 5769 2611 5826 quanquam
2668 5756 2777 5812 cito
2836 5771 3031 5814 rursus
3080 5762 3343 5813 coeuntes
3397 5754 3607 5813 domini
