  <div class='ocr_page' id='page_1' title='image "/cluster/home/n/w/nwhite01/storage/ocr_20150623/144:no.2/coo.31924054870492/107.png"; bbox 0 0 4018 6404; ppageno 0'>
   <div class='ocr_carea' id='block_1_1' title="bbox 432 368 545 435">
    <p class='ocr_par' dir='ltr' id='par_1_1' title="bbox 432 368 545 435">
     <span class='ocr_line' id='line_1_1' title="bbox 432 368 545 435; baseline -0.027 -1"><span class='ocrx_word' id='word_1_1' title='bbox 432 368 545 435; x_wconf 73' lang='lat'><strong>199</strong></span> 
     </span>
    </p>
   </div>
   <div class='ocr_carea' id='block_1_2' title="bbox 1606 350 2465 418">
    <p class='ocr_par' dir='ltr' id='par_1_2' title="bbox 1606 350 2465 418">
     <span class='ocr_line' id='line_1_2' title="bbox 1606 350 2465 418; baseline -0.007 -1"><span class='ocrx_word' id='word_1_2' title='bbox 1606 356 1935 418; x_wconf 77' lang='lat' dir='ltr'><strong>GEORGII</strong></span> <span class='ocrx_word' id='word_1_3' title='bbox 1978 350 2465 414; x_wconf 62' lang='grc' dir='ltr'><strong>ΡΑὉΗΥἋΕΙΗΕ</strong></span> 
     </span>
    </p>
   </div>
   <div class='ocr_carea' id='block_1_3' title="bbox 3588 349 3687 413">
    <p class='ocr_par' dir='ltr' id='par_1_3' title="bbox 3588 349 3687 413">
     <span class='ocr_line' id='line_1_3' title="bbox 3588 349 3687 413; baseline 0.01 -1"><span class='ocrx_word' id='word_1_4' title='bbox 3588 349 3687 413; x_wconf 76' lang='lat'><strong>200</strong></span> 
     </span>
    </p>
   </div>
   <div class='ocr_carea' id='block_1_4' title="bbox 422 462 3685 555">
    <p class='ocr_par' dir='ltr' id='par_1_4' title="bbox 422 462 3685 555">
     <span class='ocr_line' id='line_1_4' title="bbox 422 462 3685 555; baseline -0.002 -20"><span class='ocrx_word' id='word_1_5' title='bbox 422 485 534 555; x_wconf 63' lang='grc' dir='ltr'>»φὴν</span> <span class='ocrx_word' id='word_1_6' title='bbox 574 483 670 538; x_wconf 80' lang='grc' dir='ltr'>τοῦ</span> <span class='ocrx_word' id='word_1_7' title='bbox 712 483 884 552; x_wconf 74' lang='grc' dir='ltr'>πυρὸς</span> <span class='ocrx_word' id='word_1_8' title='bbox 937 479 1184 536; x_wconf 86' lang='grc' dir='ltr'>ἐκποδὼν</span> <span class='ocrx_word' id='word_1_9' title='bbox 1237 479 1517 542; x_wconf 75' lang='grc' dir='ltr'>ποιοῦντες</span> <span class='ocrx_word' id='word_1_10' title='bbox 1565 478 1631 547; x_wconf 80' lang='grc' dir='ltr'>τῇ</span> <span class='ocrx_word' id='word_1_11' title='bbox 1666 476 1903 546; x_wconf 69' lang='grc' dir='ltr'>ἀτροφίᾳ</span> <span class='ocrx_word' id='word_1_12' title='bbox 1952 474 2015 527; x_wconf 78' lang='grc' dir='ltr'>τὸ</span> <span class='ocrx_word' id='word_1_13' title='bbox 2049 482 2088 537; x_wconf 78' lang='grc' dir='ltr'><strong>Α</strong></span> <span class='ocrx_word' id='word_1_14' title='bbox 2121 486 2217 541; x_wconf 86' lang='grc' dir='ltr'><strong>ρου</strong></span> <span class='ocrx_word' id='word_1_15' title='bbox 2250 470 2487 538; x_wconf 80' lang='grc' dir='ltr'>λογίους,</span> <span class='ocrx_word' id='word_1_16' title='bbox 2535 469 2631 523; x_wconf 64' lang='grc' dir='ltr'>καὶ</span> <span class='ocrx_word' id='word_1_17' title='bbox 2662 468 2859 539; x_wconf 82' lang='grc' dir='ltr'>σύναμ’</span> <span class='ocrx_word' id='word_1_18' title='bbox 2907 466 3140 530; x_wconf 67' lang='grc' dir='ltr'>ἐκεῖνοις</span> <span class='ocrx_word' id='word_1_19' title='bbox 3190 464 3286 520; x_wconf 64' lang='grc' dir='ltr'><strong>καὶ</strong></span> <span class='ocrx_word' id='word_1_20' title='bbox 3332 462 3685 555; x_wconf 71' lang='grc' dir='ltr'>πατριάρχηνν</span> 
     </span>
    </p>
   </div>
   <div class='ocr_carea' id='block_1_5' title="bbox 428 566 2013 646">
    <p class='ocr_par' dir='ltr' id='par_1_5' title="bbox 428 566 2013 646">
     <span class='ocr_line' id='line_1_5' title="bbox 428 566 2013 646; baseline -0.006 -19"><span class='ocrx_word' id='word_1_21' title='bbox 428 576 614 646; x_wconf 79' lang='grc' dir='ltr'>θηρίον</span> <span class='ocrx_word' id='word_1_22' title='bbox 638 575 1025 643; x_wconf 80' lang='grc' dir='ltr'>ἀσθενέστερον</span> <span class='ocrx_word' id='word_1_23' title='bbox 1056 572 1476 641; x_wconf 74' lang='grc' dir='ltr'><strong>ἀπειργάζοντο,</strong></span> <span class='ocrx_word' id='word_1_24' title='bbox 1528 566 1826 622; x_wconf 78' lang='grc' dir='ltr'>κάντεῦθεν</span> <span class='ocrx_word' id='word_1_25' title='bbox 1859 566 2013 635; x_wconf 77' lang='grc' dir='ltr'>μόλις</span> 
     </span>
    </p>
   </div>
   <div class='ocr_carea' id='block_1_6' title="bbox 424 654 2013 734">
    <p class='ocr_par' dir='ltr' id='par_1_6' title="bbox 424 654 2013 734">
     <span class='ocr_line' id='line_1_6' title="bbox 424 654 2013 734; baseline -0.009 -12"><span class='ocrx_word' id='word_1_26' title='bbox 424 670 548 722; x_wconf 78' lang='grc' dir='ltr'>κατ’</span> <span class='ocrx_word' id='word_1_27' title='bbox 589 667 771 734; x_wconf 78' lang='grc' dir='ltr'>ὀλίγον</span> <span class='ocrx_word' id='word_1_28' title='bbox 823 666 1240 731; x_wconf 77' lang='grc' dir='ltr'><strong>ἐξασθενοῦντος</strong></span> <span class='ocrx_word' id='word_1_29' title='bbox 1277 663 1677 733; x_wconf 81' lang='grc' dir='ltr'>περιεγένοντο,</span> <span class='ocrx_word' id='word_1_30' title='bbox 1709 662 1808 729; x_wconf 84' lang='grc' dir='ltr'>οὐχ</span> <span class='ocrx_word' id='word_1_31' title='bbox 1849 654 2013 731; x_wconf 79' lang='grc' dir='ltr'>ἦττον</span> 
     </span>
    </p>
   </div>
   <div class='ocr_carea' id='block_1_7' title="bbox 426 750 2014 828">
    <p class='ocr_par' dir='ltr' id='par_1_7' title="bbox 426 750 2014 828">
     <span class='ocr_line' id='line_1_7' title="bbox 426 750 2014 828; baseline -0.008 -15"><span class='ocrx_word' id='word_1_32' title='bbox 426 760 536 813; x_wconf 86' lang='grc' dir='ltr'><strong>τῶν</strong></span> <span class='ocrx_word' id='word_1_33' title='bbox 567 758 809 812; x_wconf 82' lang='grc' dir='ltr'>παλαιῶν</span> <span class='ocrx_word' id='word_1_34' title='bbox 848 757 1195 828; x_wconf 84' lang='grc' dir='ltr'>ἐμπρησμῶν</span> <span class='ocrx_word' id='word_1_35' title='bbox 1225 757 1318 808; x_wconf 76' lang='grc' dir='ltr'><strong>καὶ</strong></span> <span class='ocrx_word' id='word_1_36' title='bbox 1351 755 1515 808; x_wconf 79' lang='grc' dir='ltr'>αὑτοῦ</span> <span class='ocrx_word' id='word_1_37' title='bbox 1563 754 1663 822; x_wconf 81' lang='grc' dir='ltr'>τὴν</span> <span class='ocrx_word' id='word_1_38' title='bbox 1708 752 1844 804; x_wconf 77' lang='grc' dir='ltr'>ἰδίαν</span> <span class='ocrx_word' id='word_1_39' title='bbox 1879 750 2014 819; x_wconf 82' lang='grc' dir='ltr'>μνήο</span> 
     </span>
    </p>
   </div>
   <div class='ocr_carea' id='block_1_8' title="bbox 430 836 2014 921">
    <p class='ocr_par' dir='ltr' id='par_1_8' title="bbox 430 836 2014 921">
     <span class='ocr_line' id='line_1_8' title="bbox 430 836 2014 921; baseline -0.007 -19"><span class='ocrx_word' id='word_1_40' title='bbox 430 868 539 921; x_wconf 89' lang='grc' dir='ltr'><strong>μην</strong></span> <span class='ocrx_word' id='word_1_41' title='bbox 564 852 659 903; x_wconf 78' lang='grc' dir='ltr'><strong>καὶ</strong></span> <span class='ocrx_word' id='word_1_42' title='bbox 691 852 769 913; x_wconf 83' lang='grc' dir='ltr'><strong>είς</strong></span> <span class='ocrx_word' id='word_1_43' title='bbox 799 849 860 902; x_wconf 80' lang='grc' dir='ltr'>τὸ</span> <span class='ocrx_word' id='word_1_44' title='bbox 899 849 1055 901; x_wconf 74' lang='grc' dir='ltr'>ἐπιὸν</span> <span class='ocrx_word' id='word_1_45' title='bbox 1095 847 1546 915; x_wconf 68' lang='grc' dir='ltr'>καταλείψαντας.</span> <span class='ocrx_word' id='word_1_46' title='bbox 1591 842 1755 896; x_wconf 80' lang='grc' dir='ltr'>Ἀλλὰ</span> <span class='ocrx_word' id='word_1_47' title='bbox 1791 842 1885 894; x_wconf 74' lang='grc' dir='ltr'>καὶ</span> <span class='ocrx_word' id='word_1_48' title='bbox 1915 836 2014 892; x_wconf 83' lang='grc' dir='ltr'><strong>αὖ·</strong></span> 
     </span>
    </p>
   </div>
   <div class='ocr_carea' id='block_1_9' title="bbox 427 931 2015 1005">
    <p class='ocr_par' dir='ltr' id='par_1_9' title="bbox 427 931 2015 1005">
     <span class='ocr_line' id='line_1_9' title="bbox 427 931 2015 1005; baseline -0.006 -12"><span class='ocrx_word' id='word_1_49' title='bbox 427 940 513 1003; x_wconf 90' lang='grc' dir='ltr'><strong>θις</strong></span> <span class='ocrx_word' id='word_1_50' title='bbox 577 939 931 1001; x_wconf 77' lang='grc' dir='ltr'><strong>συνελθόντες</strong></span> <span class='ocrx_word' id='word_1_51' title='bbox 989 933 1071 1001; x_wconf 77' lang='grc' dir='ltr'>οἷς</span> <span class='ocrx_word' id='word_1_52' title='bbox 1124 940 1308 991; x_wconf 82' lang='grc' dir='ltr'>ἐκεῖνα</span> <span class='ocrx_word' id='word_1_53' title='bbox 1365 937 1650 1005; x_wconf 74' lang='grc' dir='ltr'>διέφερον,</span> <span class='ocrx_word' id='word_1_54' title='bbox 1707 935 1801 986; x_wconf 73' lang='grc' dir='ltr'>καὶ</span> <span class='ocrx_word' id='word_1_55' title='bbox 1858 931 2015 1001; x_wconf 87' lang='grc' dir='ltr'>μόλις</span> 
     </span>
    </p>
   </div>
   <div class='ocr_carea' id='block_1_10' title="bbox 426 1025 2015 1102">
    <p class='ocr_par' dir='ltr' id='par_1_10' title="bbox 426 1025 2015 1102">
     <span class='ocr_line' id='line_1_10' title="bbox 426 1025 2015 1102; baseline -0.007 -16"><span class='ocrx_word' id='word_1_56' title='bbox 426 1033 615 1101; x_wconf 80' lang='grc' dir='ltr'>γυμνὰ</span> <span class='ocrx_word' id='word_1_57' title='bbox 646 1033 781 1102; x_wconf 89' lang='grc' dir='ltr'>μόνα</span> <span class='ocrx_word' id='word_1_58' title='bbox 812 1031 877 1085; x_wconf 82' lang='grc' dir='ltr'><strong>τά</strong></span> <span class='ocrx_word' id='word_1_59' title='bbox 913 1032 1085 1100; x_wconf 83' lang='grc' dir='ltr'>ἐδάφη</span> <span class='ocrx_word' id='word_1_60' title='bbox 1122 1029 1643 1099; x_wconf 79' lang='grc' dir='ltr'>γνωρίσαντες-ἀπό</span> <span class='ocrx_word' id='word_1_61' title='bbox 1676 1043 1838 1078; x_wconf 89' lang='grc' dir='ltr'>τινων</span> <span class='ocrx_word' id='word_1_62' title='bbox 1869 1025 2015 1093; x_wconf 83' lang='grc' dir='ltr'>ἀμυ-</span> 
     </span>
    </p>
   </div>
   <div class='ocr_carea' id='block_1_11' title="bbox 425 1116 2011 1198">
    <p class='ocr_par' dir='ltr' id='par_1_11' title="bbox 425 1116 2011 1198">
     <span class='ocr_line' id='line_1_11' title="bbox 425 1116 2011 1198; baseline -0.008 -17"><span class='ocrx_word' id='word_1_63' title='bbox 425 1128 570 1198; x_wconf 84' lang='grc' dir='ltr'>δρῶν</span> <span class='ocrx_word' id='word_1_64' title='bbox 601 1127 869 1196; x_wconf 79' lang='grc' dir='ltr'><strong>σημείων,</strong></span> <span class='ocrx_word' id='word_1_65' title='bbox 896 1124 1287 1192; x_wconf 75' lang='grc' dir='ltr'>δαψιλέστερον</span> <span class='ocrx_word' id='word_1_66' title='bbox 1318 1119 1818 1189; x_wconf 79' lang='grc' dir='ltr'>ἐποικοδομοῦνται,</span> <span class='ocrx_word' id='word_1_67' title='bbox 1854 1116 2011 1186; x_wconf 81' lang='grc' dir='ltr'>βασι-</span> 
     </span>
    </p>
   </div>
   <div class='ocr_carea' id='block_1_12' title="bbox 423 1208 2015 1284">
    <p class='ocr_par' dir='ltr' id='par_1_12' title="bbox 423 1208 2015 1284">
     <span class='ocr_line' id='line_1_12' title="bbox 423 1208 2015 1284; baseline -0.007 -13"><span class='ocrx_word' id='word_1_68' title='bbox 423 1220 565 1280; x_wconf 79' lang='grc' dir='ltr'>λέως</span> <span class='ocrx_word' id='word_1_69' title='bbox 614 1217 868 1282; x_wconf 84' lang='grc' dir='ltr'>ἀπόντος,</span> <span class='ocrx_word' id='word_1_70' title='bbox 909 1215 1037 1268; x_wconf 76' lang='grc' dir='ltr'>ὥστ’</span> <span class='ocrx_word' id='word_1_71' title='bbox 1094 1217 1186 1268; x_wconf 81' lang='grc' dir='ltr'>ἐπὶ</span> <span class='ocrx_word' id='word_1_72' title='bbox 1247 1215 1438 1284; x_wconf 83' lang='grc' dir='ltr'>μόναις</span> <span class='ocrx_word' id='word_1_73' title='bbox 1486 1213 1677 1273; x_wconf 81' lang='grc' dir='ltr'>ἀκοαῖς</span> <span class='ocrx_word' id='word_1_74' title='bbox 1724 1210 1787 1262; x_wconf 73' lang='grc' dir='ltr'>τὸ</span> <span class='ocrx_word' id='word_1_75' title='bbox 1842 1208 2015 1271; x_wconf 80' lang='grc' dir='ltr'>πάθος</span> 
     </span>
    </p>
   </div>
   <div class='ocr_carea' id='block_1_13' title="bbox 436 1300 2012 1379">
    <p class='ocr_par' dir='ltr' id='par_1_13' title="bbox 436 1300 2012 1379">
     <span class='ocr_line' id='line_1_13' title="bbox 436 1300 2012 1379; baseline -0.006 -18"><span class='ocrx_word' id='word_1_76' title='bbox 436 1312 649 1379; x_wconf 81' lang='grc' dir='ltr'>στῆναι,</span> <span class='ocrx_word' id='word_1_77' title='bbox 696 1309 755 1361; x_wconf 78' lang='grc' dir='ltr'>οὗ</span> <span class='ocrx_word' id='word_1_78' title='bbox 792 1309 897 1379; x_wconf 79' lang='grc' dir='ltr'>μὴν</span> <span class='ocrx_word' id='word_1_79' title='bbox 933 1308 990 1361; x_wconf 85' lang='grc' dir='ltr'>δὲ</span> <span class='ocrx_word' id='word_1_80' title='bbox 1048 1309 1140 1361; x_wconf 70' lang='grc' dir='ltr'>καὶ</span> <span class='ocrx_word' id='word_1_81' title='bbox 1188 1308 1384 1369; x_wconf 80' lang='grc' dir='ltr'>αὐταῖς</span> <span class='ocrx_word' id='word_1_82' title='bbox 1439 1304 1646 1373; x_wconf 73' lang='grc' dir='ltr'>ὄψεσιν.</span> <span class='ocrx_word' id='word_1_83' title='bbox 1690 1300 2012 1367; x_wconf 81' lang='grc' dir='ltr'>Ἒφίσταται</span> 
     </span>
    </p>
   </div>
   <div class='ocr_carea' id='block_1_14' title="bbox 428 1395 2014 1472">
    <p class='ocr_par' dir='ltr' id='par_1_14' title="bbox 428 1395 2014 1472">
     <span class='ocr_line' id='line_1_14' title="bbox 428 1395 2014 1472; baseline -0.004 -16"><span class='ocrx_word' id='word_1_84' title='bbox 428 1404 499 1468; x_wconf 82' lang='grc' dir='ltr'>γά</span> <span class='ocrx_word' id='word_1_85' title='bbox 509 1420 541 1472; x_wconf 89' lang='grc' dir='ltr'><strong>ρ</strong></span> <span class='ocrx_word' id='word_1_86' title='bbox 566 1400 1037 1469; x_wconf 79' lang='grc' dir='ltr'>ἀνοικοδομηθεῖσι</span> <span class='ocrx_word' id='word_1_87' title='bbox 1056 1400 1433 1470; x_wconf 88' lang='grc' dir='ltr'>λαμπρότερα,</span> <span class='ocrx_word' id='word_1_88' title='bbox 1454 1398 1550 1449; x_wconf 69' lang='grc' dir='ltr'>καὶ</span> <span class='ocrx_word' id='word_1_89' title='bbox 1573 1395 1825 1462; x_wconf 79' lang='grc' dir='ltr'>ἁλμυρὰν</span> <span class='ocrx_word' id='word_1_90' title='bbox 1844 1396 2014 1464; x_wconf 77' lang='grc' dir='ltr'>ἀκοὴν</span> 
     </span>
    </p>
   </div>
   <div class='ocr_carea' id='block_1_15' title="bbox 428 1486 2012 1562">
    <p class='ocr_par' dir='ltr' id='par_1_15' title="bbox 428 1486 2012 1562">
     <span class='ocr_line' id='line_1_15' title="bbox 428 1486 2012 1562; baseline -0.005 -15"><span class='ocrx_word' id='word_1_91' title='bbox 428 1495 489 1548; x_wconf 77' lang='grc' dir='ltr'>αἱ</span> <span class='ocrx_word' id='word_1_92' title='bbox 526 1493 749 1562; x_wconf 86' lang='grc' dir='ltr'>πότιμοι</span> <span class='ocrx_word' id='word_1_93' title='bbox 783 1493 879 1560; x_wconf 77' lang='grc' dir='ltr'>τῆς</span> <span class='ocrx_word' id='word_1_94' title='bbox 913 1493 1089 1560; x_wconf 69' lang='grc' dir='ltr'>ὅψεως</span> <span class='ocrx_word' id='word_1_95' title='bbox 1111 1491 1333 1544; x_wconf 81' lang='grc' dir='ltr'>όπωπαὶ</span> <span class='ocrx_word' id='word_1_96' title='bbox 1364 1490 1566 1551; x_wconf 86' lang='grc' dir='ltr'>ίδόντος</span> <span class='ocrx_word' id='word_1_97' title='bbox 1604 1486 1724 1558; x_wconf 88' lang='grc' dir='ltr'>μεθ’</span> <span class='ocrx_word' id='word_1_98' title='bbox 1756 1487 2012 1559; x_wconf 72' lang='grc' dir='ltr'>ἱλαρότηο</span> 
     </span>
    </p>
   </div>
   <div class='ocr_carea' id='block_1_16' title="bbox 440 1585 973 1647">
    <p class='ocr_par' dir='ltr' id='par_1_16' title="bbox 440 1585 973 1647">
     <span class='ocr_line' id='line_1_16' title="bbox 440 1585 973 1647; baseline -0.002 -9"><span class='ocrx_word' id='word_1_99' title='bbox 440 1603 533 1647; x_wconf 83' lang='grc' dir='ltr'><strong>τος</strong></span> <span class='ocrx_word' id='word_1_100' title='bbox 570 1585 973 1639; x_wconf 79' lang='grc' dir='ltr'>άπεκλυσαντο.</span> 
     </span>
    </p>
   </div>
   <div class='ocr_carea' id='block_1_17' title="bbox 427 1690 2014 1767">
    <p class='ocr_par' dir='ltr' id='par_1_17' title="bbox 427 1690 2014 1767">
     <span class='ocr_line' id='line_1_17' title="bbox 427 1690 2014 1767; baseline -0.004 -15"><span class='ocrx_word' id='word_1_101' title='bbox 427 1697 545 1764; x_wconf 81' lang='grc' dir='ltr'>κς’.</span> <span class='ocrx_word' id='word_1_102' title='bbox 573 1700 713 1767; x_wconf 75' lang='grc' dir='ltr'>Περὶ</span> <span class='ocrx_word' id='word_1_103' title='bbox 746 1700 851 1751; x_wconf 80' lang='grc' dir='ltr'>τοῦ</span> <span class='ocrx_word' id='word_1_104' title='bbox 885 1700 1035 1767; x_wconf 81' lang='grc' dir='ltr'>μετὰ</span> <span class='ocrx_word' id='word_1_105' title='bbox 1080 1698 1186 1751; x_wconf 87' lang='grc' dir='ltr'>τοῦ</span> <span class='ocrx_word' id='word_1_106' title='bbox 1216 1697 1759 1765; x_wconf 78' lang='grc' dir='ltr'>πρωτοϐεστιαρίου</span> <span class='ocrx_word' id='word_1_107' title='bbox 1787 1690 2014 1752; x_wconf 77' lang='lat' dir='ltr'><strong>Mode-</strong></span> 
     </span>
    </p>
   </div>
   <div class='ocr_carea' id='block_1_18' title="bbox 747 1767 1687 1834">
    <p class='ocr_par' dir='ltr' id='par_1_18' title="bbox 747 1767 1687 1834">
     <span class='ocr_line' id='line_1_18' title="bbox 747 1767 1687 1834; baseline -0.003 -12"><span class='ocrx_word' id='word_1_108' title='bbox 747 1773 943 1833; x_wconf 73' lang='grc' dir='ltr'>λωνος</span> <span class='ocrx_word' id='word_1_109' title='bbox 971 1768 1196 1834; x_wconf 76' lang='grc' dir='ltr'>κήδους</span> <span class='ocrx_word' id='word_1_110' title='bbox 1230 1767 1334 1821; x_wconf 83' lang='grc' dir='ltr'>τοῦ</span> <span class='ocrx_word' id='word_1_111' title='bbox 1358 1768 1687 1832; x_wconf 77' lang='grc' dir='ltr'>βασιλέως.</span> 
     </span>
    </p>
   </div>
   <div class='ocr_carea' id='block_1_19' title="bbox 2118 554 3686 629">
    <p class='ocr_par' dir='ltr' id='par_1_19' title="bbox 2118 554 3686 629">
     <span class='ocr_line' id='line_1_19' title="bbox 2118 554 3686 629; baseline -0.005 -15"><span class='ocrx_word' id='word_1_112' title='bbox 2118 564 2299 615; x_wconf 87' lang='grc' dir='ltr'>ἐκεῖσε</span> <span class='ocrx_word' id='word_1_113' title='bbox 2351 561 2504 623; x_wconf 76' lang='grc' dir='ltr'>ὄντος</span> <span class='ocrx_word' id='word_1_114' title='bbox 2538 561 2634 613; x_wconf 76' lang='grc' dir='ltr'>καὶ</span> <span class='ocrx_word' id='word_1_115' title='bbox 2667 559 2762 612; x_wconf 86' lang='grc' dir='ltr'>τοῦ</span> <span class='ocrx_word' id='word_1_116' title='bbox 2797 556 3299 629; x_wconf 81' lang='grc' dir='ltr'>πρωτοσεστιαρίου</span> <span class='ocrx_word' id='word_1_117' title='bbox 3324 570 3338 583; x_wconf 86' lang='grc'><em>’</em></span> <span class='ocrx_word' id='word_1_118' title='bbox 3372 555 3494 608; x_wconf 82' lang='grc' dir='ltr'>οὐδὲ</span> <span class='ocrx_word' id='word_1_119' title='bbox 3525 554 3686 625; x_wconf 84' lang='grc' dir='ltr'>γάρὴ</span> 
     </span>
    </p>
   </div>
   <div class='ocr_carea' id='block_1_20' title="bbox 2117 645 3688 723">
    <p class='ocr_par' dir='ltr' id='par_1_20' title="bbox 2117 645 3688 723">
     <span class='ocr_line' id='line_1_20' title="bbox 2117 645 3688 723; baseline -0.004 -17"><span class='ocrx_word' id='word_1_120' title='bbox 2117 654 2272 713; x_wconf 82' lang='grc' dir='ltr'>νόσος</span> <span class='ocrx_word' id='word_1_121' title='bbox 2297 651 2385 706; x_wconf 84' lang='grc' dir='ltr'><strong>εία</strong></span> <span class='ocrx_word' id='word_1_122' title='bbox 2421 653 2777 723; x_wconf 69' lang='grc' dir='ltr'>μακράνοπου</span> <span class='ocrx_word' id='word_1_123' title='bbox 2806 651 2913 704; x_wconf 86' lang='grc' dir='ltr'><strong>τῶν</strong></span> <span class='ocrx_word' id='word_1_124' title='bbox 2947 649 3266 720; x_wconf 82' lang='grc' dir='ltr'>ἀνακτόρων</span> <span class='ocrx_word' id='word_1_125' title='bbox 3296 645 3688 718; x_wconf 85' lang='grc' dir='ltr'>κατασκηνοῦν,</span> 
     </span>
    </p>
   </div>
   <div class='ocr_carea' id='block_1_21' title="bbox 2116 739 3683 810">
    <p class='ocr_par' dir='ltr' id='par_1_21' title="bbox 2116 739 3683 810">
     <span class='ocr_line' id='line_1_21' title="bbox 2116 739 3683 810; baseline -0.006 -10"><span class='ocrx_word' id='word_1_126' title='bbox 2116 747 2231 800; x_wconf 80' lang='grc' dir='ltr'>ἀλλ’</span> <span class='ocrx_word' id='word_1_127' title='bbox 2268 746 2400 798; x_wconf 86' lang='grc' dir='ltr'>αὑτό</span> <span class='ocrx_word' id='word_1_128' title='bbox 2437 760 2540 797; x_wconf 87' lang='grc' dir='ltr'><strong>που</strong></span> <span class='ocrx_word' id='word_1_129' title='bbox 2589 743 2767 796; x_wconf 87' lang='grc' dir='ltr'>διόλου</span> <span class='ocrx_word' id='word_1_130' title='bbox 2798 741 2857 794; x_wconf 70' lang='grc' dir='ltr'><strong>ἐν</strong></span> <span class='ocrx_word' id='word_1_131' title='bbox 2899 758 3005 795; x_wconf 90' lang='grc' dir='ltr'>τινι</span> <span class='ocrx_word' id='word_1_132' title='bbox 3036 741 3144 794; x_wconf 86' lang='grc' dir='ltr'><strong>τῶν</strong></span> <span class='ocrx_word' id='word_1_133' title='bbox 3197 739 3492 810; x_wconf 86' lang='grc' dir='ltr'>βασιλικῶν</span> <span class='ocrx_word' id='word_1_134' title='bbox 3534 741 3683 808; x_wconf 83' lang='grc' dir='ltr'>οίκη-</span> 
     </span>
    </p>
   </div>
   <div class='ocr_carea' id='block_1_22' title="bbox 2119 832 3691 909">
    <p class='ocr_par' dir='ltr' id='par_1_22' title="bbox 2119 832 3691 909">
     <span class='ocr_line' id='line_1_22' title="bbox 2119 832 3691 909; baseline -0.004 -17"><span class='ocrx_word' id='word_1_135' title='bbox 2119 838 2328 909; x_wconf 86' lang='grc' dir='ltr'>μάτων.</span> <span class='ocrx_word' id='word_1_136' title='bbox 2382 837 2533 890; x_wconf 83' lang='grc' dir='ltr'>Ἐκεῖ</span> <span class='ocrx_word' id='word_1_137' title='bbox 2559 836 2743 889; x_wconf 89' lang='grc' dir='ltr'>τοίνυν</span> <span class='ocrx_word' id='word_1_138' title='bbox 2785 834 3172 904; x_wconf 80' lang='grc' dir='ltr'>συναγομένων</span> <span class='ocrx_word' id='word_1_139' title='bbox 3220 835 3279 886; x_wconf 85' lang='grc' dir='ltr'>αἱ</span> <span class='ocrx_word' id='word_1_140' title='bbox 3326 834 3545 895; x_wconf 76' lang='grc' dir='ltr'>σκέψεις</span> <span class='ocrx_word' id='word_1_141' title='bbox 3583 832 3691 900; x_wconf 80' lang='grc' dir='ltr'>ἐγί-</span> 
     </span>
    </p>
   </div>
   <div class='ocr_carea' id='block_1_23' title="bbox 2115 916 3690 998">
    <p class='ocr_par' dir='ltr' id='par_1_23' title="bbox 2115 916 3690 998">
     <span class='ocr_line' id='line_1_23' title="bbox 2115 916 3690 998; baseline -0.004 -16"><span class='ocrx_word' id='word_1_142' title='bbox 2115 946 2289 993; x_wconf 81' lang='grc' dir='ltr'>νοντο,</span> <span class='ocrx_word' id='word_1_143' title='bbox 2331 931 2377 982; x_wconf 88' lang='grc' dir='ltr'><strong>εί</strong></span> <span class='ocrx_word' id='word_1_144' title='bbox 2428 916 2665 998; x_wconf 75' lang='grc' dir='ltr'>ἐγχωρεῖ</span> <span class='ocrx_word' id='word_1_145' title='bbox 2715 926 2973 998; x_wconf 82' lang='grc' dir='ltr'>πορνείας</span> <span class='ocrx_word' id='word_1_146' title='bbox 3003 928 3222 992; x_wconf 81' lang='grc' dir='ltr'>ἐκείνης</span> <span class='ocrx_word' id='word_1_147' title='bbox 3261 924 3544 994; x_wconf 73' lang='grc' dir='ltr'>προϐἀσης</span> <span class='ocrx_word' id='word_1_148' title='bbox 3571 940 3690 976; x_wconf 90' lang='grc' dir='ltr'>συν-</span> 
     </span>
    </p>
   </div>
   <div class='ocr_carea' id='block_1_24' title="bbox 2118 1015 3691 1087">
    <p class='ocr_par' dir='ltr' id='par_1_24' title="bbox 2118 1015 3691 1087">
     <span class='ocr_line' id='line_1_24' title="bbox 2118 1015 3691 1087; baseline -0.004 -14"><span class='ocrx_word' id='word_1_149' title='bbox 2118 1021 2366 1073; x_wconf 89' lang='grc' dir='ltr'>ίστασθαι</span> <span class='ocrx_word' id='word_1_150' title='bbox 2414 1020 2475 1072; x_wconf 83' lang='grc' dir='ltr'>τὸ</span> <span class='ocrx_word' id='word_1_151' title='bbox 2529 1019 2881 1087; x_wconf 83' lang='grc' dir='ltr'>συνάλλαγμα</span> <span class='ocrx_word' id='word_1_152' title='bbox 2914 1034 2929 1049; x_wconf 76' lang='grc' dir='ltr'><strong>ο</strong></span> <span class='ocrx_word' id='word_1_153' title='bbox 2959 1018 3055 1071; x_wconf 77' lang='grc' dir='ltr'>καὶ</span> <span class='ocrx_word' id='word_1_154' title='bbox 3101 1019 3225 1070; x_wconf 78' lang='grc' dir='ltr'>ἐπεὶ</span> <span class='ocrx_word' id='word_1_155' title='bbox 3273 1018 3385 1076; x_wconf 88' lang='grc' dir='ltr'>τοῖς</span> <span class='ocrx_word' id='word_1_156' title='bbox 3439 1015 3555 1084; x_wconf 82' lang='grc' dir='ltr'>μὲν,</span> <span class='ocrx_word' id='word_1_157' title='bbox 3583 1017 3691 1077; x_wconf 83' lang='grc' dir='ltr'>τοῖς</span> 
     </span>
    </p>
   </div>
   <div class='ocr_carea' id='block_1_25' title="bbox 2113 1107 3694 1181">
    <p class='ocr_par' dir='ltr' id='par_1_25' title="bbox 2113 1107 3694 1181">
     <span class='ocr_line' id='line_1_25' title="bbox 2113 1107 3694 1181; baseline -0.007 -14"><span class='ocrx_word' id='word_1_158' title='bbox 2113 1114 2162 1167; x_wconf 80' lang='grc' dir='ltr'>δ’</span> <span class='ocrx_word' id='word_1_159' title='bbox 2188 1112 2298 1165; x_wconf 81' lang='grc' dir='ltr'>οὐδ’</span> <span class='ocrx_word' id='word_1_160' title='bbox 2324 1112 2460 1173; x_wconf 83' lang='grc' dir='ltr'>ὅλως</span> <span class='ocrx_word' id='word_1_161' title='bbox 2486 1113 2684 1172; x_wconf 86' lang='grc' dir='ltr'>ἐδόκει,</span> <span class='ocrx_word' id='word_1_162' title='bbox 2708 1115 2736 1163; x_wconf 91' lang='grc' dir='ltr'><strong>ό</strong></span> <span class='ocrx_word' id='word_1_163' title='bbox 2765 1111 3020 1181; x_wconf 80' lang='grc' dir='ltr'>βασιλεὺς</span> <span class='ocrx_word' id='word_1_164' title='bbox 3047 1109 3303 1176; x_wconf 79' lang='grc' dir='ltr'>ἀγάλλειν</span> <span class='ocrx_word' id='word_1_165' title='bbox 3330 1107 3527 1159; x_wconf 80' lang='grc' dir='ltr'>ἐθέλων</span> <span class='ocrx_word' id='word_1_166' title='bbox 3556 1107 3694 1157; x_wconf 79' lang='grc' dir='ltr'>ἐκεῖ·</span> 
     </span>
    </p>
   </div>
   <div class='ocr_carea' id='block_1_26' title="bbox 2116 1196 3692 1273">
    <p class='ocr_par' dir='ltr' id='par_1_26' title="bbox 2116 1196 3692 1273">
     <span class='ocr_line' id='line_1_26' title="bbox 2116 1196 3692 1273; baseline -0.004 -17"><span class='ocrx_word' id='word_1_167' title='bbox 2116 1221 2206 1256; x_wconf 92' lang='grc' dir='ltr'><strong>νον</strong></span> <span class='ocrx_word' id='word_1_168' title='bbox 2233 1196 2277 1270; x_wconf 80' lang='grc' dir='ltr'><strong>ᾧ</strong></span> <span class='ocrx_word' id='word_1_169' title='bbox 2309 1203 2373 1273; x_wconf 85' lang='grc' dir='ltr'>δὴ</span> <span class='ocrx_word' id='word_1_170' title='bbox 2432 1204 2525 1255; x_wconf 75' lang='grc' dir='ltr'>καὶ</span> <span class='ocrx_word' id='word_1_171' title='bbox 2567 1202 2814 1270; x_wconf 83' lang='grc' dir='ltr'>συνεργῷ</span> <span class='ocrx_word' id='word_1_172' title='bbox 2867 1202 2962 1254; x_wconf 70' lang='grc' dir='ltr'>καὶ</span> <span class='ocrx_word' id='word_1_173' title='bbox 3020 1199 3313 1269; x_wconf 77' lang='grc' dir='ltr'>συμὸούλῳ</span> <span class='ocrx_word' id='word_1_174' title='bbox 3360 1199 3497 1267; x_wconf 73' lang='grc' dir='ltr'>πρὸς</span> <span class='ocrx_word' id='word_1_175' title='bbox 3540 1198 3692 1251; x_wconf 81' lang='grc' dir='ltr'>πάντ’</span> 
     </span>
    </p>
   </div>
   <div class='ocr_carea' id='block_1_27' title="bbox 2115 1289 3694 1365">
    <p class='ocr_par' dir='ltr' id='par_1_27' title="bbox 2115 1289 3694 1365">
     <span class='ocr_line' id='line_1_27' title="bbox 2115 1289 3694 1365; baseline -0.004 -18"><span class='ocrx_word' id='word_1_176' title='bbox 2115 1295 2317 1365; x_wconf 83' lang='grc' dir='ltr'>ἐχρῆτο</span> <span class='ocrx_word' id='word_1_177' title='bbox 2342 1296 2807 1364; x_wconf 84' lang='grc' dir='ltr'>πρακτικωτάτῳ,</span> <span class='ocrx_word' id='word_1_178' title='bbox 2839 1294 2901 1346; x_wconf 84' lang='grc' dir='ltr'><strong>τὺ</strong></span> <span class='ocrx_word' id='word_1_179' title='bbox 2939 1292 3244 1362; x_wconf 80' lang='grc' dir='ltr'>ἀμφίόολον</span> <span class='ocrx_word' id='word_1_180' title='bbox 3293 1290 3592 1360; x_wconf 85' lang='grc' dir='ltr'>παρεικὼς,</span> <span class='ocrx_word' id='word_1_181' title='bbox 3622 1289 3694 1359; x_wconf 83' lang='grc' dir='ltr'><strong>τῷ</strong></span> 
     </span>
    </p>
   </div>
   <div class='ocr_carea' id='block_1_28' title="bbox 2119 1381 3692 1457">
    <p class='ocr_par' dir='ltr' id='par_1_28' title="bbox 2119 1381 3692 1457">
     <span class='ocr_line' id='line_1_28' title="bbox 2119 1381 3692 1457; baseline -0.005 -17"><span class='ocrx_word' id='word_1_182' title='bbox 2119 1387 2220 1457; x_wconf 75' lang='grc' dir='ltr'>μὲν</span> <span class='ocrx_word' id='word_1_183' title='bbox 2249 1387 2465 1457; x_wconf 81' lang='grc' dir='ltr'>ἀδελφῷ</span> <span class='ocrx_word' id='word_1_184' title='bbox 2499 1389 2599 1456; x_wconf 79' lang='grc' dir='ltr'>τὴν</span> <span class='ocrx_word' id='word_1_185' title='bbox 2622 1385 2719 1440; x_wconf 80' lang='grc' dir='ltr'><strong>τοῦ</strong></span> <span class='ocrx_word' id='word_1_186' title='bbox 2750 1386 3023 1455; x_wconf 82' lang='grc' dir='ltr'>πιγκὲρνη</span> <span class='ocrx_word' id='word_1_187' title='bbox 3053 1384 3386 1453; x_wconf 78' lang='grc' dir='ltr'>Λιϐαδαρίου</span> <span class='ocrx_word' id='word_1_188' title='bbox 3428 1381 3692 1450; x_wconf 83' lang='grc' dir='ltr'>θυγατέρα</span> 
     </span>
    </p>
   </div>
   <div class='ocr_carea' id='block_1_29' title="bbox 2115 1476 3690 1548">
    <p class='ocr_par' dir='ltr' id='par_1_29' title="bbox 2115 1476 3690 1548">
     <span class='ocr_line' id='line_1_29' title="bbox 2115 1476 3690 1548; baseline -0.003 -19"><span class='ocrx_word' id='word_1_189' title='bbox 2115 1479 2179 1531; x_wconf 85' lang='grc' dir='ltr'><strong>ἐκ</strong></span> <span class='ocrx_word' id='word_1_190' title='bbox 2215 1477 2717 1548; x_wconf 77' lang='grc' dir='ltr'>πρωτοόεστιαρίου</span> <span class='ocrx_word' id='word_1_191' title='bbox 2755 1476 3244 1546; x_wconf 80' lang='grc' dir='ltr'>ἐξευγενιζομένην</span> <span class='ocrx_word' id='word_1_192' title='bbox 3274 1477 3505 1528; x_wconf 79' lang='grc' dir='ltr'>πάππου</span> <span class='ocrx_word' id='word_1_193' title='bbox 3541 1490 3690 1525; x_wconf 81' lang='grc' dir='ltr'>συνε-</span> 
     </span>
    </p>
   </div>
   <div class='ocr_carea' id='block_1_30' title="bbox 2115 1565 3691 1639">
    <p class='ocr_par' dir='ltr' id='par_1_30' title="bbox 2115 1565 3691 1639">
     <span class='ocr_line' id='line_1_30' title="bbox 2115 1565 3691 1639; baseline -0.003 -19"><span class='ocrx_word' id='word_1_194' title='bbox 2115 1568 2315 1636; x_wconf 79' lang='grc' dir='ltr'>ζεύγνυ</span> <span class='ocrx_word' id='word_1_195' title='bbox 2368 1569 2505 1639; x_wconf 70' lang='grc' dir='ltr'>πρὸς</span> <span class='ocrx_word' id='word_1_196' title='bbox 2537 1569 2770 1636; x_wconf 84' lang='grc' dir='ltr'>γάμους,</span> <span class='ocrx_word' id='word_1_197' title='bbox 2820 1569 2919 1639; x_wconf 82' lang='grc' dir='ltr'>τὴν</span> <span class='ocrx_word' id='word_1_198' title='bbox 2964 1567 3021 1621; x_wconf 66' lang='grc' dir='ltr'>δὲ</span> <span class='ocrx_word' id='word_1_199' title='bbox 3070 1566 3162 1619; x_wconf 81' lang='grc' dir='ltr'><strong>τοῦ</strong></span> <span class='ocrx_word' id='word_1_200' title='bbox 3196 1565 3691 1638; x_wconf 78' lang='grc' dir='ltr'>πρωτοϐεστιαρίου</span> 
     </span>
    </p>
   </div>
   <div class='ocr_carea' id='block_1_31' title="bbox 2114 1658 3693 1730">
    <p class='ocr_par' dir='ltr' id='par_1_31' title="bbox 2114 1658 3693 1730">
     <span class='ocr_line' id='line_1_31' title="bbox 2114 1658 3693 1730; baseline -0.002 -17"><span class='ocrx_word' id='word_1_201' title='bbox 2114 1658 2479 1724; x_wconf 78' lang='grc' dir='ltr'>Μουζάλωνος</span> <span class='ocrx_word' id='word_1_202' title='bbox 2530 1658 2608 1729; x_wconf 83' lang='grc' dir='ltr'>τῷ</span> <span class='ocrx_word' id='word_1_203' title='bbox 2670 1660 2786 1730; x_wconf 80' lang='grc' dir='ltr'>ἰδίῳ</span> <span class='ocrx_word' id='word_1_204' title='bbox 2836 1659 2992 1712; x_wconf 76' lang='grc' dir='ltr'>παιδὶ</span> <span class='ocrx_word' id='word_1_205' title='bbox 3049 1659 3445 1728; x_wconf 79' lang='grc' dir='ltr'>Κωνσταντίνῳ</span> <span class='ocrx_word' id='word_1_206' title='bbox 3496 1673 3693 1724; x_wconf 80' lang='grc' dir='ltr'>κατηγ-</span> 
     </span>
    </p>
   </div>
   <div class='ocr_carea' id='block_1_32' title="bbox 2115 1743 3693 1817">
    <p class='ocr_par' dir='ltr' id='par_1_32' title="bbox 2115 1743 3693 1817">
     <span class='ocr_line' id='line_1_32' title="bbox 2115 1743 3693 1817; baseline 0.001 -17"><span class='ocrx_word' id='word_1_207' title='bbox 2115 1750 2306 1815; x_wconf 80' lang='grc' dir='ltr'>γυᾶτο.</span> <span class='ocrx_word' id='word_1_208' title='bbox 2349 1748 2490 1802; x_wconf 85' lang='grc' dir='ltr'>Ἀλλ’</span> <span class='ocrx_word' id='word_1_209' title='bbox 2534 1747 2658 1800; x_wconf 80' lang='grc' dir='ltr'>οὔτε</span> <span class='ocrx_word' id='word_1_210' title='bbox 2700 1749 3166 1810; x_wconf 83' lang='grc' dir='ltr'>ό-Κωνσταντῖνος</span> <span class='ocrx_word' id='word_1_211' title='bbox 3215 1747 3485 1817; x_wconf 78' lang='grc' dir='ltr'>δεσπότης</span> <span class='ocrx_word' id='word_1_212' title='bbox 3512 1743 3581 1817; x_wconf 77' lang='grc' dir='ltr'>ἦν</span> <span class='ocrx_word' id='word_1_213' title='bbox 3612 1764 3693 1801; x_wconf 79' lang='grc' dir='ltr'><strong>πω</strong></span> 
     </span>
    </p>
   </div>
   <div class='ocr_carea' id='block_1_33' title="bbox 525 1829 3692 1932">
    <p class='ocr_par' dir='ltr' id='par_1_33' title="bbox 525 1829 3692 1932">
     <span class='ocr_line' id='line_1_33' title="bbox 525 1829 3692 1932; baseline -0.003 -17"><span class='ocrx_word' id='word_1_214' title='bbox 525 1860 583 1915; x_wconf 84' lang='grc' dir='ltr'><strong>Ρ.</strong></span> <span class='ocrx_word' id='word_1_215' title='bbox 619 1861 741 1932; x_wconf 76' lang='grc' dir='ltr'><strong>ΙΞΟ]</strong></span> <span class='ocrx_word' id='word_1_216' title='bbox 777 1829 945 1923; x_wconf 76' lang='grc' dir='ltr'>Αὐτὸς</span> <span class='ocrx_word' id='word_1_217' title='bbox 976 1829 1042 1913; x_wconf 23' lang='grc' dir='ltr'><strong>δὲ,</strong></span> <span class='ocrx_word' id='word_1_218' title='bbox 1068 1829 1206 1929; x_wconf 70' lang='grc' dir='ltr'>μετά</span> <span class='ocrx_word' id='word_1_219' title='bbox 1238 1858 1333 1912; x_wconf 80' lang='grc' dir='ltr'>τοῦ</span> <span class='ocrx_word' id='word_1_220' title='bbox 1361 1829 1887 1928; x_wconf 27' lang='grc' dir='ltr'>νπρωτοϐεστιαρίου</span> <span class='ocrx_word' id='word_1_221' title='bbox 1917 1856 2011 1909; x_wconf 61' lang='grc' dir='ltr'><strong>καὶΙ</strong></span> <span class='ocrx_word' id='word_1_222' title='bbox 2044 1829 2084 1884; x_wconf 74' lang='grc' dir='ltr'><strong>Β</strong></span> <span class='ocrx_word' id='word_1_223' title='bbox 2117 1840 2175 1904; x_wconf 63' lang='grc' dir='ltr'>ἐξ</span> <span class='ocrx_word' id='word_1_224' title='bbox 2199 1837 2530 1932; x_wconf 64' lang='grc' dir='ltr'><strong>ἀξιώματος,</strong></span> <span class='ocrx_word' id='word_1_225' title='bbox 2565 1839 2789 1932; x_wconf 61' lang='grc' dir='ltr'><strong>μόνῳδὲ</strong></span> <span class='ocrx_word' id='word_1_226' title='bbox 2819 1841 2899 1910; x_wconf 73' lang='grc' dir='ltr'><strong>τῷ</strong></span> <span class='ocrx_word' id='word_1_227' title='bbox 2925 1840 3039 1902; x_wconf 59' lang='grc' dir='ltr'>υίὸς</span> <span class='ocrx_word' id='word_1_228' title='bbox 3076 1838 3343 1907; x_wconf 73' lang='grc' dir='ltr'><strong>βασιλέως</strong></span> <span class='ocrx_word' id='word_1_229' title='bbox 3370 1834 3510 1892; x_wconf 73' lang='grc' dir='ltr'>εἶναι</span> <span class='ocrx_word' id='word_1_230' title='bbox 3544 1855 3692 1932; x_wconf 56' lang='lat'><strong>“‘9‘”</strong></span> 
     </span>
    </p>
   </div>
   <div class='ocr_carea' id='block_1_34' title="bbox 430 1947 2007 2021">
    <p class='ocr_par' dir='ltr' id='par_1_34' title="bbox 430 1947 2007 2021">
     <span class='ocr_line' id='line_1_34' title="bbox 430 1947 2007 2021; baseline -0.005 -15"><span class='ocrx_word' id='word_1_231' title='bbox 430 1953 671 2021; x_wconf 82' lang='grc' dir='ltr'>μεγάλου</span> <span class='ocrx_word' id='word_1_232' title='bbox 697 1950 985 2019; x_wconf 82' lang='grc' dir='ltr'>λογοθέτου</span> <span class='ocrx_word' id='word_1_233' title='bbox 1016 1951 1214 2020; x_wconf 79' lang='grc' dir='ltr'>κήδους</span> <span class='ocrx_word' id='word_1_234' title='bbox 1241 1948 1596 2017; x_wconf 81' lang='grc' dir='ltr'>συνάλλαγμα</span> <span class='ocrx_word' id='word_1_235' title='bbox 1624 1947 2007 2018; x_wconf 80' lang='grc' dir='ltr'>ποιησόμενος,</span> 
     </span>
    </p>
   </div>
   <div class='ocr_carea' id='block_1_35' title="bbox 418 2037 2012 2109">
    <p class='ocr_par' dir='ltr' id='par_1_35' title="bbox 418 2037 2012 2109">
     <span class='ocr_line' id='line_1_35' title="bbox 418 2037 2012 2109; baseline -0.003 -14"><span class='ocrx_word' id='word_1_236' title='bbox 418 2042 566 2095; x_wconf 79' lang='grc' dir='ltr'>ὥστε</span> <span class='ocrx_word' id='word_1_237' title='bbox 598 2042 688 2093; x_wconf 81' lang='grc' dir='ltr'>τὸν</span> <span class='ocrx_word' id='word_1_238' title='bbox 714 2040 808 2094; x_wconf 75' lang='grc' dir='ltr'>τοῦ</span> <span class='ocrx_word' id='word_1_239' title='bbox 841 2039 1104 2109; x_wconf 80' lang='grc' dir='ltr'>βασιλέως</span> <span class='ocrx_word' id='word_1_240' title='bbox 1129 2039 1465 2107; x_wconf 81' lang='grc' dir='ltr'>αὐτάδελφον</span> <span class='ocrx_word' id='word_1_241' title='bbox 1498 2038 1774 2108; x_wconf 80' lang='grc' dir='ltr'>Θεόδωρον</span> <span class='ocrx_word' id='word_1_242' title='bbox 1806 2039 1885 2099; x_wconf 85' lang='grc' dir='ltr'><strong>είς</strong></span> <span class='ocrx_word' id='word_1_243' title='bbox 1914 2037 2012 2104; x_wconf 85' lang='grc' dir='ltr'>γά-</span> 
     </span>
    </p>
   </div>
   <div class='ocr_carea' id='block_1_36' title="bbox 430 2128 2008 2202">
    <p class='ocr_par' dir='ltr' id='par_1_36' title="bbox 430 2128 2008 2202">
     <span class='ocr_line' id='line_1_36' title="bbox 430 2128 2008 2202; baseline -0.004 -17"><span class='ocrx_word' id='word_1_244' title='bbox 430 2150 527 2202; x_wconf 90' lang='grc' dir='ltr'><strong>μον</strong></span> <span class='ocrx_word' id='word_1_245' title='bbox 559 2132 860 2200; x_wconf 78' lang='grc' dir='ltr'>ἀγαγέσθαι</span> <span class='ocrx_word' id='word_1_246' title='bbox 891 2131 988 2199; x_wconf 80' lang='grc' dir='ltr'>τὴν</span> <span class='ocrx_word' id='word_1_247' title='bbox 1010 2129 1103 2182; x_wconf 73' lang='grc' dir='ltr'>τοῦ</span> <span class='ocrx_word' id='word_1_248' title='bbox 1134 2128 1517 2192; x_wconf 75' lang='grc' dir='ltr'>Μουξάλωνος,</span> <span class='ocrx_word' id='word_1_249' title='bbox 1552 2128 1673 2181; x_wconf 85' lang='grc' dir='ltr'>ἐπεί</span> <span class='ocrx_word' id='word_1_250' title='bbox 1703 2144 1766 2195; x_wconf 87' lang='grc' dir='ltr'><strong>γε</strong></span> <span class='ocrx_word' id='word_1_251' title='bbox 1794 2144 2008 2195; x_wconf 80' lang='grc' dir='ltr'>κατηγ-</span> 
     </span>
    </p>
   </div>
   <div class='ocr_carea' id='block_1_37' title="bbox 424 2218 2009 2293">
    <p class='ocr_par' dir='ltr' id='par_1_37' title="bbox 424 2218 2009 2293">
     <span class='ocr_line' id='line_1_37' title="bbox 424 2218 2009 2293; baseline -0.004 -17"><span class='ocrx_word' id='word_1_252' title='bbox 424 2225 712 2293; x_wconf 80' lang='grc' dir='ltr'>γυημένης</span> <span class='ocrx_word' id='word_1_253' title='bbox 759 2221 928 2290; x_wconf 77' lang='grc' dir='ltr'>ούσης</span> <span class='ocrx_word' id='word_1_254' title='bbox 962 2221 1061 2289; x_wconf 80' lang='grc' dir='ltr'>τῆς</span> <span class='ocrx_word' id='word_1_255' title='bbox 1122 2221 1290 2290; x_wconf 83' lang='grc' dir='ltr'>κόρης</span> <span class='ocrx_word' id='word_1_256' title='bbox 1331 2220 1531 2289; x_wconf 65' lang='grc' dir='ltr'>συνέόη</span> <span class='ocrx_word' id='word_1_257' title='bbox 1586 2236 1639 2270; x_wconf 89' lang='grc' dir='ltr'><strong>τι</strong></span> <span class='ocrx_word' id='word_1_258' title='bbox 1688 2219 1752 2270; x_wconf 86' lang='grc' dir='ltr'><strong>ἐκ</strong></span> <span class='ocrx_word' id='word_1_259' title='bbox 1798 2218 2009 2279; x_wconf 87' lang='grc' dir='ltr'>νοθείας</span> 
     </span>
    </p>
   </div>
   <div class='ocr_carea' id='block_1_38' title="bbox 426 2307 2010 2383">
    <p class='ocr_par' dir='ltr' id='par_1_38' title="bbox 426 2307 2010 2383">
     <span class='ocr_line' id='line_1_38' title="bbox 426 2307 2010 2383; baseline -0.005 -16"><span class='ocrx_word' id='word_1_260' title='bbox 426 2314 562 2383; x_wconf 84' lang='grc' dir='ltr'>πρός</span> <span class='ocrx_word' id='word_1_261' title='bbox 605 2331 725 2365; x_wconf 86' lang='grc' dir='ltr'>τινα</span> <span class='ocrx_word' id='word_1_262' title='bbox 754 2313 863 2364; x_wconf 80' lang='grc' dir='ltr'>τῶν</span> <span class='ocrx_word' id='word_1_263' title='bbox 893 2311 1098 2381; x_wconf 78' lang='grc' dir='ltr'>ταύτης</span> <span class='ocrx_word' id='word_1_264' title='bbox 1142 2310 1441 2377; x_wconf 85' lang='grc' dir='ltr'>συγγενῶν,</span> <span class='ocrx_word' id='word_1_265' title='bbox 1482 2307 1755 2379; x_wconf 75' lang='grc' dir='ltr'>φερούσης</span> <span class='ocrx_word' id='word_1_266' title='bbox 1802 2312 2010 2378; x_wconf 82' lang='grc' dir='ltr'>ἀμφισ-</span> 
     </span>
    </p>
   </div>
   <div class='ocr_carea' id='block_1_39' title="bbox 419 2399 2006 2474">
    <p class='ocr_par' dir='ltr' id='par_1_39' title="bbox 419 2399 2006 2474">
     <span class='ocr_line' id='line_1_39' title="bbox 419 2399 2006 2474; baseline -0.003 -18"><span class='ocrx_word' id='word_1_267' title='bbox 419 2404 656 2474; x_wconf 78' lang='grc' dir='ltr'>6ήτησιν</span> <span class='ocrx_word' id='word_1_268' title='bbox 691 2403 790 2471; x_wconf 82' lang='grc' dir='ltr'>τῆς</span> <span class='ocrx_word' id='word_1_269' title='bbox 833 2402 1114 2471; x_wconf 77' lang='grc' dir='ltr'>ζητήσεως</span> <span class='ocrx_word' id='word_1_270' title='bbox 1143 2401 1192 2453; x_wconf 85' lang='grc' dir='ltr'><strong>εί</strong></span> <span class='ocrx_word' id='word_1_271' title='bbox 1217 2399 1521 2454; x_wconf 85' lang='grc' dir='ltr'>κεκώλυται</span> <span class='ocrx_word' id='word_1_272' title='bbox 1551 2400 1611 2453; x_wconf 80' lang='grc' dir='ltr'>τὸ</span> <span class='ocrx_word' id='word_1_273' title='bbox 1635 2399 2006 2468; x_wconf 88' lang='grc' dir='ltr'>συνάλλαγμα,</span> 
     </span>
    </p>
   </div>
   <div class='ocr_carea' id='block_1_40' title="bbox 426 2492 2011 2564">
    <p class='ocr_par' dir='ltr' id='par_1_40' title="bbox 426 2492 2011 2564">
     <span class='ocr_line' id='line_1_40' title="bbox 426 2492 2011 2564; baseline -0.003 -15"><span class='ocrx_word' id='word_1_274' title='bbox 426 2496 632 2564; x_wconf 78' lang='grc' dir='ltr'>συνῆγε</span> <span class='ocrx_word' id='word_1_275' title='bbox 675 2495 774 2563; x_wconf 90' lang='grc' dir='ltr'><strong>μέν</strong></span> <span class='ocrx_word' id='word_1_276' title='bbox 802 2495 1101 2563; x_wconf 80' lang='grc' dir='ltr'>ἀρχιερεῖς,</span> <span class='ocrx_word' id='word_1_277' title='bbox 1139 2493 1340 2562; x_wconf 79' lang='grc' dir='ltr'>συνῆγε</span> <span class='ocrx_word' id='word_1_278' title='bbox 1369 2493 1425 2545; x_wconf 84' lang='grc' dir='ltr'>δὲ</span> <span class='ocrx_word' id='word_1_279' title='bbox 1456 2492 1550 2545; x_wconf 84' lang='grc' dir='ltr'>καὶ</span> <span class='ocrx_word' id='word_1_280' title='bbox 1594 2494 1717 2556; x_wconf 78' lang='grc' dir='ltr'>τοὺς</span> <span class='ocrx_word' id='word_1_281' title='bbox 1757 2492 1850 2546; x_wconf 82' lang='grc' dir='ltr'>τοῦ</span> <span class='ocrx_word' id='word_1_282' title='bbox 1880 2493 2011 2564; x_wconf 79' lang='grc' dir='ltr'>κλή-</span> 
     </span>
    </p>
   </div>
   <div class='ocr_carea' id='block_1_41' title="bbox 428 2674 2008 2745">
    <p class='ocr_par' dir='ltr' id='par_1_41' title="bbox 428 2674 2008 2745">
     <span class='ocr_line' id='line_1_41' title="bbox 428 2674 2008 2745; baseline -0.001 -15"><span class='ocrx_word' id='word_1_283' title='bbox 428 2676 842 2745; x_wconf 75' lang='lat' dir='ltr'><strong>absurnptarum</strong></span> <span class='ocrx_word' id='word_1_284' title='bbox 893 2674 1114 2736; x_wconf 69' lang='lat' dir='ltr'><strong>mdium,</strong></span> <span class='ocrx_word' id='word_1_285' title='bbox 1170 2683 1223 2728; x_wconf 91' lang='lat' dir='ltr'><strong>et</strong></span> <span class='ocrx_word' id='word_1_286' title='bbox 1273 2674 1521 2727; x_wconf 74' lang='lat' dir='ltr'><strong>certatim</strong></span> <span class='ocrx_word' id='word_1_287' title='bbox 1572 2675 1779 2727; x_wconf 87' lang='lat' dir='ltr'><strong>emoliti</strong></span> <span class='ocrx_word' id='word_1_288' title='bbox 1830 2685 2008 2729; x_wconf 87' lang='lat' dir='ltr'><strong>strues</strong></span> 
     </span>
    </p>
   </div>
   <div class='ocr_carea' id='block_1_42' title="bbox 432 2765 2008 2834">
    <p class='ocr_par' dir='ltr' id='par_1_42' title="bbox 432 2765 2008 2834">
     <span class='ocr_line' id='line_1_42' title="bbox 432 2765 2008 2834; baseline -0.001 -13"><span class='ocrx_word' id='word_1_289' title='bbox 432 2768 633 2821; x_wconf 85' lang='lat' dir='ltr'><strong>cineris</strong></span> <span class='ocrx_word' id='word_1_290' title='bbox 683 2766 1175 2834; x_wconf 88' lang='lat' dir='ltr'><strong>ambustorumque</strong></span> <span class='ocrx_word' id='word_1_291' title='bbox 1229 2765 1511 2827; x_wconf 82' lang='lat' dir='ltr'><strong>ruderum,</strong></span> <span class='ocrx_word' id='word_1_292' title='bbox 1551 2765 1727 2819; x_wconf 83' lang='lat' dir='ltr'><strong>solum</strong></span> <span class='ocrx_word' id='word_1_293' title='bbox 1763 2765 1854 2819; x_wconf 85' lang='lat' dir='ltr'><strong>ubi</strong></span> <span class='ocrx_word' id='word_1_294' title='bbox 1889 2765 2008 2819; x_wconf 59' lang='lat' dir='ltr'><strong>sitae</strong></span> 
     </span>
    </p>
   </div>
   <div class='ocr_carea' id='block_1_43' title="bbox 439 2855 2008 2924">
    <p class='ocr_par' dir='ltr' id='par_1_43' title="bbox 439 2855 2008 2924">
     <span class='ocr_line' id='line_1_43' title="bbox 439 2855 2008 2924; baseline 0.001 -13"><span class='ocrx_word' id='word_1_295' title='bbox 439 2858 546 2911; x_wconf 72' lang='lat' dir='ltr'><strong>illa:</strong></span> <span class='ocrx_word' id='word_1_296' title='bbox 578 2856 794 2911; x_wconf 86' lang='lat' dir='ltr'><strong>fuerant</strong></span> <span class='ocrx_word' id='word_1_297' title='bbox 825 2874 933 2910; x_wconf 92' lang='lat' dir='ltr'><strong>non</strong></span> <span class='ocrx_word' id='word_1_298' title='bbox 965 2859 1083 2910; x_wconf 86' lang='lat' dir='ltr'><strong>sine</strong></span> <span class='ocrx_word' id='word_1_299' title='bbox 1110 2855 1428 2909; x_wconf 75' lang='lat' dir='ltr'><strong>difficultate</strong></span> <span class='ocrx_word' id='word_1_300' title='bbox 1462 2872 1493 2910; x_wconf 92' lang='lat' dir='ltr'><strong>e</strong></span> <span class='ocrx_word' id='word_1_301' title='bbox 1541 2857 1713 2924; x_wconf 80' lang='lat' dir='ltr'><strong>signis</strong></span> <span class='ocrx_word' id='word_1_302' title='bbox 1754 2858 2008 2912; x_wconf 77' lang='lat' dir='ltr'><strong>tenuibus</strong></span> 
     </span>
    </p>
   </div>
   <div class='ocr_carea' id='block_1_44' title="bbox 427 2950 2008 3020">
    <p class='ocr_par' dir='ltr' id='par_1_44' title="bbox 427 2950 2008 3020">
     <span class='ocr_line' id='line_1_44' title="bbox 427 2950 2008 3020; baseline 0 -16"><span class='ocrx_word' id='word_1_303' title='bbox 427 2952 741 3020; x_wconf 77' lang='lat' dir='ltr'><strong>conjectura</strong></span> <span class='ocrx_word' id='word_1_304' title='bbox 767 2950 952 3004; x_wconf 87' lang='lat' dir='ltr'><strong>solerti</strong></span> <span class='ocrx_word' id='word_1_305' title='bbox 978 2958 1362 3017; x_wconf 66' lang='lat' dir='ltr'><strong>agnoscentes,</strong></span> <span class='ocrx_word' id='word_1_306' title='bbox 1390 2950 1623 3019; x_wconf 87' lang='lat' dir='ltr'><strong>impigre</strong></span> <span class='ocrx_word' id='word_1_307' title='bbox 1649 2960 2008 3019; x_wconf 78' lang='lat' dir='ltr'><strong>reposuerunt</strong></span> 
     </span>
    </p>
   </div>
   <div class='ocr_carea' id='block_1_45' title="bbox 427 3040 2009 3109">
    <p class='ocr_par' dir='ltr' id='par_1_45' title="bbox 427 3040 2009 3109">
     <span class='ocr_line' id='line_1_45' title="bbox 427 3040 2009 3109; baseline -0.001 -14"><span class='ocrx_word' id='word_1_308' title='bbox 427 3057 536 3095; x_wconf 84' lang='lat' dir='ltr'><strong>non</strong></span> <span class='ocrx_word' id='word_1_309' title='bbox 588 3040 772 3095; x_wconf 89' lang='lat' dir='ltr'><strong>minus</strong></span> <span class='ocrx_word' id='word_1_310' title='bbox 822 3055 1083 3109; x_wconf 86' lang='lat' dir='ltr'><strong>operosas</strong></span> <span class='ocrx_word' id='word_1_311' title='bbox 1126 3057 1225 3095; x_wconf 90' lang='lat' dir='ltr'><strong>nec</strong></span> <span class='ocrx_word' id='word_1_312' title='bbox 1261 3041 1536 3095; x_wconf 87' lang='lat' dir='ltr'><strong>inferioris</strong></span> <span class='ocrx_word' id='word_1_313' title='bbox 1574 3040 1847 3107; x_wconf 84' lang='lat' dir='ltr'><strong>prioribus</strong></span> <span class='ocrx_word' id='word_1_314' title='bbox 1894 3042 2009 3093; x_wconf 84' lang='lat' dir='ltr'><strong>ele-</strong></span> 
     </span>
    </p>
   </div>
   <div class='ocr_carea' id='block_1_46' title="bbox 2113 1930 3691 2003">
    <p class='ocr_par' dir='ltr' id='par_1_46' title="bbox 2113 1930 3691 2003">
     <span class='ocr_line' id='line_1_46' title="bbox 2113 1930 3691 2003; baseline -0.001 -19"><span class='ocrx_word' id='word_1_315' title='bbox 2113 1931 2299 2002; x_wconf 83' lang='grc' dir='ltr'>φανῶς</span> <span class='ocrx_word' id='word_1_316' title='bbox 2346 1933 2643 1996; x_wconf 75' lang='grc' dir='ltr'>ἐκλεϊςετο,</span> <span class='ocrx_word' id='word_1_317' title='bbox 2674 1930 2799 1985; x_wconf 77' lang='grc' dir='ltr'>οὔτε</span> <span class='ocrx_word' id='word_1_318' title='bbox 2847 1933 2955 2003; x_wconf 82' lang='grc' dir='ltr'>μὴν</span> <span class='ocrx_word' id='word_1_319' title='bbox 2981 1935 3010 1986; x_wconf 87' lang='grc' dir='ltr'><strong>ό</strong></span> <span class='ocrx_word' id='word_1_320' title='bbox 3055 1932 3562 2003; x_wconf 79' lang='grc' dir='ltr'>πρωτοΰεστιάριος</span> <span class='ocrx_word' id='word_1_321' title='bbox 3588 1931 3691 1995; x_wconf 80' lang='grc' dir='ltr'><strong>ζῶν</strong></span> 
     </span>
    </p>
   </div>
   <div class='ocr_carea' id='block_1_47' title="bbox 2113 2020 3693 2094">
    <p class='ocr_par' dir='ltr' id='par_1_47' title="bbox 2113 2020 3693 2094">
     <span class='ocr_line' id='line_1_47' title="bbox 2113 2020 3693 2094; baseline 0.001 -19"><span class='ocrx_word' id='word_1_322' title='bbox 2113 2020 2223 2077; x_wconf 78' lang='grc' dir='ltr'>εῒδε</span> <span class='ocrx_word' id='word_1_323' title='bbox 2267 2025 2396 2085; x_wconf 80' lang='grc' dir='ltr'>τοὺς</span> <span class='ocrx_word' id='word_1_324' title='bbox 2425 2025 2660 2093; x_wconf 77' lang='grc' dir='ltr'>γάμους,</span> <span class='ocrx_word' id='word_1_325' title='bbox 2689 2024 2805 2077; x_wconf 81' lang='grc' dir='ltr'>ἀλλ’</span> <span class='ocrx_word' id='word_1_326' title='bbox 2854 2026 2913 2076; x_wconf 84' lang='grc' dir='ltr'><strong>ἐν</strong></span> <span class='ocrx_word' id='word_1_327' title='bbox 2947 2024 3128 2078; x_wconf 84' lang='grc' dir='ltr'>ἐλπίσι</span> <span class='ocrx_word' id='word_1_328' title='bbox 3166 2025 3382 2093; x_wconf 88' lang='grc' dir='ltr'>μόναις,</span> <span class='ocrx_word' id='word_1_329' title='bbox 3408 2027 3501 2077; x_wconf 73' lang='grc' dir='ltr'>καὶ</span> <span class='ocrx_word' id='word_1_330' title='bbox 3532 2039 3693 2094; x_wconf 83' lang='grc' dir='ltr'>προσ-</span> 
     </span>
    </p>
   </div>
   <div class='ocr_carea' id='block_1_48' title="bbox 2111 2112 3684 2186">
    <p class='ocr_par' dir='ltr' id='par_1_48' title="bbox 2111 2112 3684 2186">
     <span class='ocr_line' id='line_1_48' title="bbox 2111 2112 3684 2186; baseline -0.003 -16"><span class='ocrx_word' id='word_1_331' title='bbox 2111 2117 2319 2181; x_wconf 84' lang='grc' dir='ltr'>δοκίαις</span> <span class='ocrx_word' id='word_1_332' title='bbox 2349 2117 2604 2170; x_wconf 81' lang='grc' dir='ltr'>ἐτελεύτα</span> <span class='ocrx_word' id='word_1_333' title='bbox 2631 2117 2722 2169; x_wconf 87' lang='grc' dir='ltr'>τὸν</span> <span class='ocrx_word' id='word_1_334' title='bbox 2760 2116 2899 2186; x_wconf 81' lang='grc' dir='ltr'>βίον.</span> <span class='ocrx_word' id='word_1_335' title='bbox 2925 2117 3000 2169; x_wconf 84' lang='grc' dir='ltr'><strong>Τὸ</strong></span> <span class='ocrx_word' id='word_1_336' title='bbox 3021 2112 3078 2170; x_wconf 82' lang='grc' dir='ltr'>δέ</span> <span class='ocrx_word' id='word_1_337' title='bbox 3112 2133 3176 2185; x_wconf 90' lang='grc' dir='ltr'><strong>γε</strong></span> <span class='ocrx_word' id='word_1_338' title='bbox 3230 2119 3313 2180; x_wconf 87' lang='grc' dir='ltr'><strong>είς</strong></span> <span class='ocrx_word' id='word_1_339' title='bbox 3348 2118 3500 2179; x_wconf 85' lang='grc' dir='ltr'>τέλος</span> <span class='ocrx_word' id='word_1_340' title='bbox 3534 2117 3684 2182; x_wconf 75' lang='grc' dir='ltr'>ἐξέὅη</span> 
     </span>
    </p>
   </div>
   <div class='ocr_carea' id='block_1_49' title="bbox 2112 2202 3689 2279">
    <p class='ocr_par' dir='ltr' id='par_1_49' title="bbox 2112 2202 3689 2279">
     <span class='ocr_line' id='line_1_49' title="bbox 2112 2202 3689 2279; baseline -0.001 -18"><span class='ocrx_word' id='word_1_341' title='bbox 2112 2207 2520 2279; x_wconf 70' lang='grc' dir='ltr'>προϐληθέντος</span> <span class='ocrx_word' id='word_1_342' title='bbox 2557 2209 2655 2262; x_wconf 76' lang='grc' dir='ltr'>καὶ</span> <span class='ocrx_word' id='word_1_343' title='bbox 2708 2210 2975 2263; x_wconf 83' lang='grc' dir='ltr'>δεσπότου</span> <span class='ocrx_word' id='word_1_344' title='bbox 3027 2208 3120 2262; x_wconf 82' lang='grc' dir='ltr'>τοῦ</span> <span class='ocrx_word' id='word_1_345' title='bbox 3159 2210 3599 2272; x_wconf 84' lang='grc' dir='ltr'>Κωνσταντίνου,</span> <span class='ocrx_word' id='word_1_346' title='bbox 3632 2202 3689 2260; x_wconf 68' lang='grc' dir='ltr'><strong>οὗ</strong></span> 
     </span>
    </p>
   </div>
   <div class='ocr_carea' id='block_1_50' title="bbox 2110 2299 3688 2372">
    <p class='ocr_par' dir='ltr' id='par_1_50' title="bbox 2110 2299 3688 2372">
     <span class='ocr_line' id='line_1_50' title="bbox 2110 2299 3688 2372; baseline 0.001 -19"><span class='ocrx_word' id='word_1_347' title='bbox 2110 2299 2177 2370; x_wconf 79' lang='grc' dir='ltr'>δὴ</span> <span class='ocrx_word' id='word_1_348' title='bbox 2203 2302 2230 2352; x_wconf 91' lang='grc' dir='ltr'><strong>ό</strong></span> <span class='ocrx_word' id='word_1_349' title='bbox 2253 2300 2533 2369; x_wconf 87' lang='grc' dir='ltr'>Θεόδωρος</span> <span class='ocrx_word' id='word_1_350' title='bbox 2571 2300 2672 2353; x_wconf 84' lang='grc' dir='ltr'>οὐκ</span> <span class='ocrx_word' id='word_1_351' title='bbox 2701 2300 2923 2369; x_wconf 74' lang='grc' dir='ltr'>ἠξίωτο.</span> <span class='ocrx_word' id='word_1_352' title='bbox 2962 2300 3200 2354; x_wconf 85' lang='grc' dir='ltr'>Ἐκεῖνον</span> <span class='ocrx_word' id='word_1_353' title='bbox 3230 2301 3346 2372; x_wconf 80' lang='grc' dir='ltr'><strong>γὰρ</strong></span> <span class='ocrx_word' id='word_1_354' title='bbox 3378 2302 3473 2355; x_wconf 74' lang='grc' dir='ltr'>καὶ</span> <span class='ocrx_word' id='word_1_355' title='bbox 3513 2300 3631 2355; x_wconf 89' lang='grc' dir='ltr'>λίαν</span> <span class='ocrx_word' id='word_1_356' title='bbox 3654 2302 3688 2369; x_wconf 82' lang='grc' dir='ltr'><strong>ἡ</strong></span> 
     </span>
    </p>
   </div>
   <div class='ocr_carea' id='block_1_51' title="bbox 2116 2393 3687 2465">
    <p class='ocr_par' dir='ltr' id='par_1_51' title="bbox 2116 2393 3687 2465">
     <span class='ocr_line' id='line_1_51' title="bbox 2116 2393 3687 2465; baseline 0 -18"><span class='ocrx_word' id='word_1_357' title='bbox 2116 2395 2298 2464; x_wconf 77' lang='grc' dir='ltr'>μήτηρ</span> <span class='ocrx_word' id='word_1_358' title='bbox 2335 2393 2635 2462; x_wconf 79' lang='grc' dir='ltr'>όρεγομένη</span> <span class='ocrx_word' id='word_1_359' title='bbox 2668 2394 2935 2464; x_wconf 86' lang='grc' dir='ltr'>δεσπότην</span> <span class='ocrx_word' id='word_1_360' title='bbox 2965 2394 3208 2447; x_wconf 85' lang='grc' dir='ltr'>κατιδεῖν</span> <span class='ocrx_word' id='word_1_361' title='bbox 3238 2394 3394 2465; x_wconf 84' lang='grc' dir='ltr'>παρὰ</span> <span class='ocrx_word' id='word_1_362' title='bbox 3438 2393 3687 2463; x_wconf 83' lang='grc' dir='ltr'>τάδελφοῦ</span> 
     </span>
    </p>
   </div>
   <div class='ocr_carea' id='block_1_52' title="bbox 2112 2485 3699 2557">
    <p class='ocr_par' dir='ltr' id='par_1_52' title="bbox 2112 2485 3699 2557">
     <span class='ocr_line' id='line_1_52' title="bbox 2112 2485 3699 2557; baseline 0.001 -19"><span class='ocrx_word' id='word_1_363' title='bbox 2112 2487 2203 2539; x_wconf 77' lang='grc' dir='ltr'>καὶ</span> <span class='ocrx_word' id='word_1_364' title='bbox 2245 2486 2511 2555; x_wconf 81' lang='grc' dir='ltr'>βασιλέως</span> <span class='ocrx_word' id='word_1_365' title='bbox 2539 2485 2903 2557; x_wconf 80' lang='grc' dir='ltr'>φημισθέντα,</span> <span class='ocrx_word' id='word_1_366' title='bbox 2940 2488 3035 2541; x_wconf 61' lang='grc' dir='ltr'><strong>καὶ⁵</strong></span> <span class='ocrx_word' id='word_1_367' title='bbox 3081 2487 3252 2542; x_wconf 87' lang='grc' dir='ltr'>πολλὰ</span> <span class='ocrx_word' id='word_1_368' title='bbox 3288 2488 3384 2542; x_wconf 81' lang='grc' dir='ltr'>τὸν</span> <span class='ocrx_word' id='word_1_369' title='bbox 3418 2486 3699 2553; x_wconf 86' lang='grc' dir='ltr'>υίὸνάναγ-</span> 
     </span>
    </p>
   </div>
   <div class='ocr_carea' id='block_1_53' title="bbox 2116 2667 3686 2740">
    <p class='ocr_par' dir='ltr' id='par_1_53' title="bbox 2116 2667 3686 2740">
     <span class='ocr_line' id='line_1_53' title="bbox 2116 2667 3686 2740; baseline 0.003 -21"><span class='ocrx_word' id='word_1_370' title='bbox 2116 2667 2243 2720; x_wconf 85' lang='lat' dir='ltr'><strong>bum</strong></span> <span class='ocrx_word' id='word_1_371' title='bbox 2277 2667 2546 2721; x_wconf 61' lang='lat' dir='ltr'><strong>ventitare</strong></span> <span class='ocrx_word' id='word_1_372' title='bbox 2573 2667 2638 2720; x_wconf 90' lang='lat' dir='ltr'><strong>ad</strong></span> <span class='ocrx_word' id='word_1_373' title='bbox 2673 2669 2932 2737; x_wconf 80' lang='lat' dir='ltr'><strong>palatium</strong></span> <span class='ocrx_word' id='word_1_374' title='bbox 2959 2684 2988 2723; x_wconf 94' lang='lat' dir='ltr'><strong>e</strong></span> <span class='ocrx_word' id='word_1_375' title='bbox 3018 2671 3318 2740; x_wconf 84' lang='lat' dir='ltr'><strong>longinquo</strong></span> <span class='ocrx_word' id='word_1_376' title='bbox 3347 2686 3457 2725; x_wconf 90' lang='lat' dir='ltr'><strong>non</strong></span> <span class='ocrx_word' id='word_1_377' title='bbox 3489 2670 3686 2732; x_wconf 86' lang='lat' dir='ltr'><strong>valens.</strong></span> 
     </span>
    </p>
   </div>
   <div class='ocr_carea' id='block_1_54' title="bbox 2107 2758 3689 2831">
    <p class='ocr_par' dir='ltr' id='par_1_54' title="bbox 2107 2758 3689 2831">
     <span class='ocr_line' id='line_1_54' title="bbox 2107 2758 3689 2831; baseline 0.001 -20"><span class='ocrx_word' id='word_1_378' title='bbox 2107 2758 2264 2827; x_wconf 73' lang='lat' dir='ltr'><strong>jussu</strong></span> <span class='ocrx_word' id='word_1_379' title='bbox 2296 2758 2519 2826; x_wconf 76' lang='lat' dir='ltr'><strong>Augusti</strong></span> <span class='ocrx_word' id='word_1_380' title='bbox 2556 2759 2712 2829; x_wconf 70' lang='lat'><strong>131</strong></span> <span class='ocrx_word' id='word_1_381' title='bbox 2742 2760 2806 2812; x_wconf 88' lang='lat' dir='ltr'><strong>ad</strong></span> <span class='ocrx_word' id='word_1_382' title='bbox 2842 2774 3063 2813; x_wconf 89' lang='lat' dir='ltr'><strong>manum</strong></span> <span class='ocrx_word' id='word_1_383' title='bbox 3109 2760 3315 2815; x_wconf 85' lang='lat' dir='ltr'><strong>habere</strong></span> <span class='ocrx_word' id='word_1_384' title='bbox 3361 2776 3522 2831; x_wconf 86' lang='lat' dir='ltr'><strong>quem</strong></span> <span class='ocrx_word' id='word_1_385' title='bbox 3554 2759 3689 2815; x_wconf 85' lang='lat' dir='ltr'><strong>assi-</strong></span> 
     </span>
    </p>
   </div>
   <div class='ocr_carea' id='block_1_55' title="bbox 2111 2849 3688 2921">
    <p class='ocr_par' dir='ltr' id='par_1_55' title="bbox 2111 2849 3688 2921">
     <span class='ocr_line' id='line_1_55' title="bbox 2111 2849 3688 2921; baseline 0.002 -19"><span class='ocrx_word' id='word_1_386' title='bbox 2111 2849 2219 2903; x_wconf 88' lang='lat' dir='ltr'><strong>due</strong></span> <span class='ocrx_word' id='word_1_387' title='bbox 2267 2850 2581 2904; x_wconf 81' lang='lat' dir='ltr'><strong>consuleret</strong></span> <span class='ocrx_word' id='word_1_388' title='bbox 2630 2852 2903 2905; x_wconf 84' lang='lat' dir='ltr'><strong>studentis</strong></span> <span class='ocrx_word' id='word_1_389' title='bbox 2952 2852 3121 2905; x_wconf 88' lang='lat' dir='ltr'><strong>ferme</strong></span> <span class='ocrx_word' id='word_1_390' title='bbox 3173 2853 3228 2906; x_wconf 90' lang='lat' dir='ltr'><strong>iu</strong></span> <span class='ocrx_word' id='word_1_391' title='bbox 3275 2854 3488 2908; x_wconf 66' lang='lat' dir='ltr'><strong>aedibus</strong></span> <span class='ocrx_word' id='word_1_392' title='bbox 3535 2853 3688 2921; x_wconf 62' lang='lat' dir='ltr'><strong>regia:</strong></span> 
     </span>
    </p>
   </div>
   <div class='ocr_carea' id='block_1_56' title="bbox 2111 2941 3688 3010">
    <p class='ocr_par' dir='ltr' id='par_1_56' title="bbox 2111 2941 3688 3010">
     <span class='ocr_line' id='line_1_56' title="bbox 2111 2941 3688 3010; baseline 0.003 -21"><span class='ocrx_word' id='word_1_393' title='bbox 2111 2941 2308 2993; x_wconf 82' lang='lat' dir='ltr'><strong>vicinis</strong></span> <span class='ocrx_word' id='word_1_394' title='bbox 2342 2949 2436 2994; x_wconf 88' lang='lat' dir='ltr'><strong>aut</strong></span> <span class='ocrx_word' id='word_1_395' title='bbox 2479 2942 2532 2993; x_wconf 90' lang='lat' dir='ltr'><strong>in</strong></span> <span class='ocrx_word' id='word_1_396' title='bbox 2568 2952 2725 3009; x_wconf 89' lang='lat' dir='ltr'><strong>parte</strong></span> <span class='ocrx_word' id='word_1_397' title='bbox 2757 2941 2953 2995; x_wconf 91' lang='lat' dir='ltr'><strong>domus</strong></span> <span class='ocrx_word' id='word_1_398' title='bbox 2989 2941 3162 3009; x_wconf 86' lang='lat' dir='ltr'><strong>ipsius</strong></span> <span class='ocrx_word' id='word_1_399' title='bbox 3200 2943 3467 3010; x_wconf 83' lang='lat' dir='ltr'><strong>Augustae</strong></span> <span class='ocrx_word' id='word_1_400' title='bbox 3494 2943 3688 2996; x_wconf 77' lang='lat' dir='ltr'><strong>solebat</strong></span> 
     </span>
    </p>
   </div>
   <div class='ocr_carea' id='block_1_57' title="bbox 2113 3031 3685 3104">
    <p class='ocr_par' dir='ltr' id='par_1_57' title="bbox 2113 3031 3685 3104">
     <span class='ocr_line' id='line_1_57' title="bbox 2113 3031 3685 3104; baseline 0.001 -18"><span class='ocrx_word' id='word_1_401' title='bbox 2113 3032 2382 3086; x_wconf 81' lang='lat' dir='ltr'><strong>habitare.</strong></span> <span class='ocrx_word' id='word_1_402' title='bbox 2446 3031 2583 3087; x_wconf 86' lang='lat' dir='ltr'><strong>Cum</strong></span> <span class='ocrx_word' id='word_1_403' title='bbox 2637 3034 2803 3103; x_wconf 81' lang='lat' dir='ltr'><strong>igitur</strong></span> <span class='ocrx_word' id='word_1_404' title='bbox 2858 3034 2910 3086; x_wconf 88' lang='lat' dir='ltr'><strong>itt</strong></span> <span class='ocrx_word' id='word_1_405' title='bbox 2959 3034 3077 3102; x_wconf 85' lang='lat' dir='ltr'><strong>ipso</strong></span> <span class='ocrx_word' id='word_1_406' title='bbox 3134 3035 3325 3104; x_wconf 65' lang='lat' dir='ltr'><strong>aegroti</strong></span> <span class='ocrx_word' id='word_1_407' title='bbox 3394 3034 3685 3089; x_wconf 81' lang='lat' dir='ltr'><strong>Muzalorris</strong></span> 
     </span>
    </p>
   </div>
   <div class='ocr_carea' id='block_1_58' title="bbox 422 3124 3685 3218">
    <p class='ocr_par' dir='ltr' id='par_1_58' title="bbox 422 3124 3685 3218">
     <span class='ocr_line' id='line_1_58' title="bbox 422 3124 3685 3218; baseline -0.001 -37"><span class='ocrx_word' id='word_1_408' title='bbox 422 3131 622 3203; x_wconf 73' lang='lat' dir='ltr'><strong>gantia:</strong></span> <span class='ocrx_word' id='word_1_409' title='bbox 669 3131 840 3186; x_wconf 85' lang='lat' dir='ltr'><strong>moles</strong></span> <span class='ocrx_word' id='word_1_410' title='bbox 889 3147 985 3200; x_wconf 84' lang='lat' dir='ltr'><strong>per</strong></span> <span class='ocrx_word' id='word_1_411' title='bbox 1026 3132 1331 3186; x_wconf 78' lang='lat' dir='ltr'><strong>absentiam</strong></span> <span class='ocrx_word' id='word_1_412' title='bbox 1381 3131 1747 3201; x_wconf 77' lang='lat' dir='ltr'><strong>imperatoris,</strong></span> <span class='ocrx_word' id='word_1_413' title='bbox 1784 3134 1918 3187; x_wconf 72' lang='lat' dir='ltr'><strong>adeo</strong></span> <span class='ocrx_word' id='word_1_414' title='bbox 1949 3141 2010 3185; x_wconf 76' lang='lat' dir='ltr'><strong>ut</strong></span> <span class='ocrx_word' id='word_1_415' title='bbox 2036 3162 2080 3218; x_wconf 63' lang='grc' dir='ltr'>α</span> <span class='ocrx_word' id='word_1_416' title='bbox 2111 3124 2413 3177; x_wconf 80' lang='lat' dir='ltr'><strong>diversorio</strong></span> <span class='ocrx_word' id='word_1_417' title='bbox 2442 3140 2625 3177; x_wconf 89' lang='lat' dir='ltr'><strong>coram</strong></span> <span class='ocrx_word' id='word_1_418' title='bbox 2655 3125 2842 3178; x_wconf 89' lang='lat' dir='ltr'><strong>eodem</strong></span> <span class='ocrx_word' id='word_1_419' title='bbox 2877 3126 3161 3179; x_wconf 67' lang='lat' dir='ltr'><strong>sententiae</strong></span> <span class='ocrx_word' id='word_1_420' title='bbox 3199 3141 3370 3195; x_wconf 89' lang='lat' dir='ltr'><strong>super</strong></span> <span class='ocrx_word' id='word_1_421' title='bbox 3415 3128 3685 3195; x_wconf 87' lang='lat' dir='ltr'><strong>proposito</strong></span> 
     </span>
    </p>
   </div>
   <div class='ocr_carea' id='block_1_59' title="bbox 426 3220 2012 3290">
    <p class='ocr_par' dir='ltr' id='par_1_59' title="bbox 426 3220 2012 3290">
     <span class='ocr_line' id='line_1_59' title="bbox 426 3220 2012 3290; baseline -0.001 -12"><span class='ocrx_word' id='word_1_422' title='bbox 426 3226 474 3278; x_wconf 86' lang='lat' dir='ltr'><strong>is</strong></span> <span class='ocrx_word' id='word_1_423' title='bbox 533 3225 749 3278; x_wconf 88' lang='lat' dir='ltr'><strong>tandem</strong></span> <span class='ocrx_word' id='word_1_424' title='bbox 817 3222 940 3277; x_wconf 83' lang='lat' dir='ltr'><strong>urbi</strong></span> <span class='ocrx_word' id='word_1_425' title='bbox 1004 3222 1249 3277; x_wconf 88' lang='lat' dir='ltr'><strong>redditus</strong></span> <span class='ocrx_word' id='word_1_426' title='bbox 1309 3221 1679 3290; x_wconf 78' lang='lat' dir='ltr'><strong>gratularetur</strong></span> <span class='ocrx_word' id='word_1_427' title='bbox 1737 3220 1855 3275; x_wconf 77' lang='lat' dir='ltr'><strong>sulo</strong></span> <span class='ocrx_word' id='word_1_428' title='bbox 1906 3222 2012 3276; x_wconf 84' lang='lat' dir='ltr'><strong>sibi</strong></span> 
     </span>
    </p>
   </div>
   <div class='ocr_carea' id='block_1_60' title="bbox 424 3313 2013 3376">
    <p class='ocr_par' dir='ltr' id='par_1_60' title="bbox 424 3313 2013 3376">
     <span class='ocr_line' id='line_1_60' title="bbox 424 3313 2013 3376; baseline -0.001 -7"><span class='ocrx_word' id='word_1_429' title='bbox 424 3317 645 3370; x_wconf 86' lang='lat' dir='ltr'><strong>aurium</strong></span> <span class='ocrx_word' id='word_1_430' title='bbox 694 3315 899 3370; x_wconf 85' lang='lat' dir='ltr'><strong>indicio</strong></span> <span class='ocrx_word' id='word_1_431' title='bbox 947 3324 1204 3370; x_wconf 85' lang='lat' dir='ltr'><strong>constare</strong></span> <span class='ocrx_word' id='word_1_432' title='bbox 1252 3315 1503 3367; x_wconf 82' lang='lat' dir='ltr'><strong>notitiam</strong></span> <span class='ocrx_word' id='word_1_433' title='bbox 1558 3313 1815 3376; x_wconf 82' lang='lat' dir='ltr'><strong>incendii,</strong></span> <span class='ocrx_word' id='word_1_434' title='bbox 1862 3315 2013 3368; x_wconf 89' lang='lat' dir='ltr'><strong>nullo</strong></span> 
     </span>
    </p>
   </div>
   <div class='ocr_carea' id='block_1_61' title="bbox 421 3405 2014 3476">
    <p class='ocr_par' dir='ltr' id='par_1_61' title="bbox 421 3405 2014 3476">
     <span class='ocr_line' id='line_1_61' title="bbox 421 3405 2014 3476; baseline -0.001 -15"><span class='ocrx_word' id='word_1_435' title='bbox 421 3408 537 3476; x_wconf 87' lang='lat' dir='ltr'><strong>jam</strong></span> <span class='ocrx_word' id='word_1_436' title='bbox 593 3407 768 3463; x_wconf 89' lang='lat' dir='ltr'><strong>oculis</strong></span> <span class='ocrx_word' id='word_1_437' title='bbox 829 3406 1124 3476; x_wconf 87' lang='lat' dir='ltr'><strong>superstite</strong></span> <span class='ocrx_word' id='word_1_438' title='bbox 1174 3406 1259 3461; x_wconf 92' lang='lat' dir='ltr'><strong>sui</strong></span> <span class='ocrx_word' id='word_1_439' title='bbox 1326 3405 1556 3474; x_wconf 80' lang='lat' dir='ltr'><strong>vestigio</strong></span> <span class='ocrx_word' id='word_1_440' title='bbox 1612 3405 1891 3461; x_wconf 76' lang='lat' dir='ltr'><strong>sensibilis</strong></span> <span class='ocrx_word' id='word_1_441' title='bbox 1944 3405 2014 3460; x_wconf 90' lang='lat' dir='ltr'><strong>ob</strong></span> 
     </span>
    </p>
   </div>
   <div class='ocr_carea' id='block_1_62' title="bbox 423 3498 2012 3567">
    <p class='ocr_par' dir='ltr' id='par_1_62' title="bbox 423 3498 2012 3567">
     <span class='ocr_line' id='line_1_62' title="bbox 423 3498 2012 3567; baseline -0.002 -13"><span class='ocrx_word' id='word_1_442' title='bbox 423 3512 652 3554; x_wconf 78' lang='lat' dir='ltr'><strong>strenue</strong></span> <span class='ocrx_word' id='word_1_443' title='bbox 705 3507 1068 3554; x_wconf 81' lang='lat' dir='ltr'><strong>restauratam</strong></span> <span class='ocrx_word' id='word_1_444' title='bbox 1119 3498 1546 3567; x_wconf 83' lang='lat' dir='ltr'><strong>speciosioribus</strong></span> <span class='ocrx_word' id='word_1_445' title='bbox 1576 3498 1738 3550; x_wconf 81' lang='lat' dir='ltr'><strong>etiarn</strong></span> <span class='ocrx_word' id='word_1_446' title='bbox 1771 3498 2012 3552; x_wconf 72' lang='lat' dir='ltr'><strong>aedificiis</strong></span> 
     </span>
    </p>
   </div>
   <div class='ocr_carea' id='block_1_63' title="bbox 425 3588 2011 3656">
    <p class='ocr_par' dir='ltr' id='par_1_63' title="bbox 425 3588 2011 3656">
     <span class='ocr_line' id='line_1_63' title="bbox 425 3588 2011 3656; baseline -0.001 -13"><span class='ocrx_word' id='word_1_447' title='bbox 425 3591 607 3643; x_wconf 81' lang='lat' dir='ltr'><strong>omnis</strong></span> <span class='ocrx_word' id='word_1_448' title='bbox 664 3598 815 3642; x_wconf 89' lang='lat' dir='ltr'><strong>retro</strong></span> <span class='ocrx_word' id='word_1_449' title='bbox 868 3589 1041 3642; x_wconf 67' lang='lat' dir='ltr'><strong>ruinae</strong></span> <span class='ocrx_word' id='word_1_450' title='bbox 1086 3588 1381 3655; x_wconf 90' lang='lat' dir='ltr'><strong>jacturam,</strong></span> <span class='ocrx_word' id='word_1_451' title='bbox 1417 3595 1671 3640; x_wconf 89' lang='lat' dir='ltr'><strong>cunctam</strong></span> <span class='ocrx_word' id='word_1_452' title='bbox 1709 3588 1867 3656; x_wconf 84' lang='lat' dir='ltr'><strong>plane</strong></span> <span class='ocrx_word' id='word_1_453' title='bbox 1900 3589 2011 3656; x_wconf 88' lang='lat' dir='ltr'><strong>jam</strong></span> 
     </span>
    </p>
   </div>
   <div class='ocr_carea' id='block_1_64' title="bbox 420 3672 2010 3746">
    <p class='ocr_par' dir='ltr' id='par_1_64' title="bbox 420 3672 2010 3746">
     <span class='ocr_line' id='line_1_64' title="bbox 420 3672 2010 3746; baseline -0.003 -12"><span class='ocrx_word' id='word_1_454' title='bbox 420 3672 738 3734; x_wconf 74' lang='lat' dir='ltr'><strong>amaritiem</strong></span> <span class='ocrx_word' id='word_1_455' title='bbox 785 3680 965 3735; x_wconf 85' lang='lat' dir='ltr'><strong>tristis</strong></span> <span class='ocrx_word' id='word_1_456' title='bbox 1021 3679 1239 3733; x_wconf 90' lang='lat' dir='ltr'><strong>auditus</strong></span> <span class='ocrx_word' id='word_1_457' title='bbox 1284 3677 1430 3730; x_wconf 87' lang='lat' dir='ltr'><strong>dulci</strong></span> <span class='ocrx_word' id='word_1_458' title='bbox 1482 3676 1590 3731; x_wconf 64' lang='lat' dir='ltr'><strong>lmti</strong></span> <span class='ocrx_word' id='word_1_459' title='bbox 1643 3687 2010 3746; x_wconf 89' lang='lat' dir='ltr'><strong>conspectus,</strong></span> 
     </span>
    </p>
   </div>
   <div class='ocr_carea' id='block_1_65' title="bbox 427 3768 2014 3841">
    <p class='ocr_par' dir='ltr' id='par_1_65' title="bbox 427 3768 2014 3841">
     <span class='ocr_line' id='line_1_65' title="bbox 427 3768 2014 3841; baseline -0.001 -16"><span class='ocrx_word' id='word_1_460' title='bbox 427 3771 871 3841; x_wconf 77' lang='lat' dir='ltr'><strong>magnificentius</strong></span> <span class='ocrx_word' id='word_1_461' title='bbox 921 3770 1178 3825; x_wconf 89' lang='lat' dir='ltr'><strong>universa</strong></span> <span class='ocrx_word' id='word_1_462' title='bbox 1227 3768 1467 3838; x_wconf 85' lang='lat' dir='ltr'><strong>reposita</strong></span> <span class='ocrx_word' id='word_1_463' title='bbox 1500 3769 1883 3833; x_wconf 87' lang='lat' dir='ltr'><strong>monstrantis,</strong></span> <span class='ocrx_word' id='word_1_464' title='bbox 1916 3784 2014 3824; x_wconf 84' lang='lat' dir='ltr'><strong>vo-</strong></span> 
     </span>
    </p>
   </div>
   <div class='ocr_carea' id='block_1_66' title="bbox 426 3862 931 3930">
    <p class='ocr_par' dir='ltr' id='par_1_66' title="bbox 426 3862 931 3930">
     <span class='ocr_line' id='line_1_66' title="bbox 426 3862 931 3930; baseline -0.004 -15"><span class='ocrx_word' id='word_1_465' title='bbox 426 3863 635 3930; x_wconf 87' lang='lat' dir='ltr'><strong>luptate</strong></span> <span class='ocrx_word' id='word_1_466' title='bbox 669 3862 931 3915; x_wconf 90' lang='lat' dir='ltr'><strong>diluente.</strong></span> 
     </span>
    </p>
   </div>
   <div class='ocr_carea' id='block_1_67' title="bbox 423 3973 2009 4044">
    <p class='ocr_par' dir='ltr' id='par_1_67' title="bbox 423 3973 2009 4044">
     <span class='ocr_line' id='line_1_67' title="bbox 423 3973 2009 4044; baseline -0.001 -15"><span class='ocrx_word' id='word_1_467' title='bbox 423 3974 516 4029; x_wconf 65' lang='lat' dir='ltr'><strong>i6.</strong></span> <span class='ocrx_word' id='word_1_468' title='bbox 558 3973 637 4028; x_wconf 86' lang='lat' dir='ltr'><strong>De</strong></span> <span class='ocrx_word' id='word_1_469' title='bbox 703 3974 959 4044; x_wconf 70' lang='lat' dir='ltr'><strong>afﬁnitate</strong></span> <span class='ocrx_word' id='word_1_470' title='bbox 1002 3975 1339 4044; x_wconf 70' lang='lat' dir='ltr'><strong>imperatoris</strong></span> <span class='ocrx_word' id='word_1_471' title='bbox 1411 3992 1532 4030; x_wconf 87' lang='lat' dir='ltr'><strong>cum</strong></span> <span class='ocrx_word' id='word_1_472' title='bbox 1592 3976 2009 4044; x_wconf 73' lang='lat' dir='ltr'><strong>protovestiario</strong></span> 
     </span>
    </p>
   </div>
   <div class='ocr_carea' id='block_1_68' title="bbox 1063 4044 1369 4099">
    <p class='ocr_par' dir='ltr' id='par_1_68' title="bbox 1063 4044 1369 4099">
     <span class='ocr_line' id='line_1_68' title="bbox 1063 4044 1369 4099; baseline 0.003 -1"><span class='ocrx_word' id='word_1_473' title='bbox 1063 4044 1369 4099; x_wconf 78' lang='lat' dir='ltr'><strong>Muzaloue.</strong></span> 
     </span>
    </p>
   </div>
   <div class='ocr_carea' id='block_1_69' title="bbox 501 4134 2009 4194">
    <p class='ocr_par' dir='ltr' id='par_1_69' title="bbox 501 4134 2009 4194">
     <span class='ocr_line' id='line_1_69' title="bbox 501 4134 2009 4194; baseline 0.001 -6"><span class='ocrx_word' id='word_1_474' title='bbox 501 4134 634 4189; x_wconf 87' lang='lat' dir='ltr'><strong>Eam</strong></span> <span class='ocrx_word' id='word_1_475' title='bbox 687 4135 1012 4192; x_wconf 84' lang='lat' dir='ltr'><strong>hilaritatem</strong></span> <span class='ocrx_word' id='word_1_476' title='bbox 1056 4134 1179 4191; x_wconf 89' lang='lat' dir='ltr'><strong>festi</strong></span> <span class='ocrx_word' id='word_1_477' title='bbox 1220 4138 1306 4192; x_wconf 90' lang='lat' dir='ltr'><strong>sui</strong></span> <span class='ocrx_word' id='word_1_478' title='bbox 1352 4139 1561 4194; x_wconf 86' lang='lat' dir='ltr'><strong>reditus</strong></span> <span class='ocrx_word' id='word_1_479' title='bbox 1605 4138 1662 4192; x_wconf 91' lang='lat' dir='ltr'><strong>in</strong></span> <span class='ocrx_word' id='word_1_480' title='bbox 1708 4139 1896 4192; x_wconf 80' lang='lat' dir='ltr'><strong>urbem</strong></span> <span class='ocrx_word' id='word_1_481' title='bbox 1943 4151 2009 4191; x_wconf 85' lang='lat' dir='ltr'><strong>ex</strong></span> 
     </span>
    </p>
   </div>
   <div class='ocr_carea' id='block_1_70' title="bbox 428 4227 2011 4299">
    <p class='ocr_par' dir='ltr' id='par_1_70' title="bbox 428 4227 2011 4299">
     <span class='ocr_line' id='line_1_70' title="bbox 428 4227 2011 4299; baseline -0.001 -17"><span class='ocrx_word' id='word_1_482' title='bbox 428 4227 668 4282; x_wconf 83' lang='lat' dir='ltr'><strong>incendii</strong></span> <span class='ocrx_word' id='word_1_483' title='bbox 730 4228 1042 4283; x_wconf 81' lang='lat' dir='ltr'><strong>calamitate</strong></span> <span class='ocrx_word' id='word_1_484' title='bbox 1088 4230 1322 4298; x_wconf 89' lang='lat' dir='ltr'><strong>pristino</strong></span> <span class='ocrx_word' id='word_1_485' title='bbox 1371 4230 1648 4299; x_wconf 88' lang='lat' dir='ltr'><strong>splendori</strong></span> <span class='ocrx_word' id='word_1_486' title='bbox 1701 4230 2011 4285; x_wconf 78' lang='lat' dir='ltr'><strong>restitutam</strong></span> 
     </span>
    </p>
   </div>
   <div class='ocr_carea' id='block_1_71' title="bbox 426 4317 2008 4388">
    <p class='ocr_par' dir='ltr' id='par_1_71' title="bbox 426 4317 2008 4388">
     <span class='ocr_line' id='line_1_71' title="bbox 426 4317 2008 4388; baseline 0 -15"><span class='ocrx_word' id='word_1_487' title='bbox 426 4317 697 4385; x_wconf 80' lang='lat' dir='ltr'><strong>insignire</strong></span> <span class='ocrx_word' id='word_1_488' title='bbox 725 4318 1025 4388; x_wconf 87' lang='lat' dir='ltr'><strong>imperator</strong></span> <span class='ocrx_word' id='word_1_489' title='bbox 1052 4319 1226 4374; x_wconf 78' lang='lat' dir='ltr'><strong>voluit</strong></span> <span class='ocrx_word' id='word_1_490' title='bbox 1257 4321 1538 4376; x_wconf 81' lang='lat' dir='ltr'><strong>luculento</strong></span> <span class='ocrx_word' id='word_1_491' title='bbox 1575 4320 1659 4376; x_wconf 90' lang='lat' dir='ltr'><strong>sui</strong></span> <span class='ocrx_word' id='word_1_492' title='bbox 1697 4319 1925 4375; x_wconf 80' lang='lat' dir='ltr'><strong>affectus</strong></span> <span class='ocrx_word' id='word_1_493' title='bbox 1954 4319 2008 4373; x_wconf 90' lang='lat' dir='ltr'><strong>in</strong></span> 
     </span>
    </p>
   </div>
   <div class='ocr_carea' id='block_1_72' title="bbox 424 4409 2006 4481">
    <p class='ocr_par' dir='ltr' id='par_1_72' title="bbox 424 4409 2006 4481">
     <span class='ocr_line' id='line_1_72' title="bbox 424 4409 2006 4481; baseline -0.001 -19"><span class='ocrx_word' id='word_1_494' title='bbox 424 4409 915 4480; x_wconf 75' lang='lat' dir='ltr'><strong>protovestiarium</strong></span> <span class='ocrx_word' id='word_1_495' title='bbox 951 4422 1005 4465; x_wconf 89' lang='lat' dir='ltr'><strong>et</strong></span> <span class='ocrx_word' id='word_1_496' title='bbox 1034 4427 1291 4480; x_wconf 83' lang='lat' dir='ltr'><strong>magnum</strong></span> <span class='ocrx_word' id='word_1_497' title='bbox 1319 4412 1648 4481; x_wconf 84' lang='lat' dir='ltr'><strong>logothetam</strong></span> <span class='ocrx_word' id='word_1_498' title='bbox 1669 4411 2006 4465; x_wconf 65' lang='lat' dir='ltr'><strong>Muzalonem</strong></span> 
     </span>
    </p>
   </div>
   <div class='ocr_carea' id='block_1_73' title="bbox 431 4493 2083 4575">
    <p class='ocr_par' dir='ltr' id='par_1_73' title="bbox 431 4493 2083 4575">
     <span class='ocr_line' id='line_1_73' title="bbox 431 4493 2083 4575; baseline -0.002 -16"><span class='ocrx_word' id='word_1_499' title='bbox 431 4506 695 4571; x_wconf 80' lang='lat' dir='ltr'><strong>pignore,</strong></span> <span class='ocrx_word' id='word_1_500' title='bbox 753 4503 962 4558; x_wconf 89' lang='lat' dir='ltr'><strong>honore</strong></span> <span class='ocrx_word' id='word_1_501' title='bbox 1020 4503 1276 4559; x_wconf 83' lang='lat' dir='ltr'><strong>videlicet</strong></span> <span class='ocrx_word' id='word_1_502' title='bbox 1324 4506 1484 4575; x_wconf 67' lang='lat' dir='ltr'><strong>regite</strong></span> <span class='ocrx_word' id='word_1_503' title='bbox 1539 4505 1848 4570; x_wconf 74' lang='lat' dir='ltr'><strong>afﬁnitatis,</strong></span> <span class='ocrx_word' id='word_1_504' title='bbox 1895 4518 2005 4572; x_wconf 91' lang='lat' dir='ltr'><strong>qua</strong></span> <span class='ocrx_word' id='word_1_505' title='bbox 2039 4493 2083 4550; x_wconf 81' lang='lat' dir='ltr'><strong>D</strong></span> 
     </span>
    </p>
   </div>
   <div class='ocr_carea' id='block_1_74' title="bbox 430 4594 2009 4665">
    <p class='ocr_par' dir='ltr' id='par_1_74' title="bbox 430 4594 2009 4665">
     <span class='ocr_line' id='line_1_74' title="bbox 430 4594 2009 4665; baseline 0 -19"><span class='ocrx_word' id='word_1_506' title='bbox 430 4594 582 4647; x_wconf 85' lang='lat' dir='ltr'><strong>illum</strong></span> <span class='ocrx_word' id='word_1_507' title='bbox 625 4609 915 4663; x_wconf 82' lang='lat' dir='ltr'><strong>aggressus</strong></span> <span class='ocrx_word' id='word_1_508' title='bbox 965 4596 1255 4653; x_wconf 83' lang='lat' dir='ltr'><strong>admovere</strong></span> <span class='ocrx_word' id='word_1_509' title='bbox 1294 4595 1516 4649; x_wconf 75' lang='lat' dir='ltr'><strong>familiae</strong></span> <span class='ocrx_word' id='word_1_510' title='bbox 1562 4596 1842 4665; x_wconf 68' lang='lat' dir='ltr'><strong>Augustae,</strong></span> <span class='ocrx_word' id='word_1_511' title='bbox 1882 4594 2009 4648; x_wconf 90' lang='lat' dir='ltr'><strong>licet</strong></span> 
     </span>
    </p>
   </div>
   <div class='ocr_carea' id='block_1_75' title="bbox 426 4683 2008 4753">
    <p class='ocr_par' dir='ltr' id='par_1_75' title="bbox 426 4683 2008 4753">
     <span class='ocr_line' id='line_1_75' title="bbox 426 4683 2008 4753; baseline 0.002 -19"><span class='ocrx_word' id='word_1_512' title='bbox 426 4685 624 4751; x_wconf 70' lang='lat' dir='ltr'><strong>emptis</strong></span> <span class='ocrx_word' id='word_1_513' title='bbox 676 4684 1063 4737; x_wconf 84' lang='lat' dir='ltr'><strong>intervenisset</strong></span> <span class='ocrx_word' id='word_1_514' title='bbox 1124 4684 1470 4737; x_wconf 83' lang='lat' dir='ltr'><strong>obstaculum</strong></span> <span class='ocrx_word' id='word_1_515' title='bbox 1534 4684 1763 4753; x_wconf 90' lang='lat' dir='ltr'><strong>ingens,</strong></span> <span class='ocrx_word' id='word_1_516' title='bbox 1820 4683 2008 4751; x_wconf 77' lang='lat' dir='ltr'><strong>gratiae</strong></span> 
     </span>
    </p>
   </div>
   <div class='ocr_carea' id='block_1_76' title="bbox 426 4773 2010 4843">
    <p class='ocr_par' dir='ltr' id='par_1_76' title="bbox 426 4773 2010 4843">
     <span class='ocr_line' id='line_1_76' title="bbox 426 4773 2010 4843; baseline 0 -16"><span class='ocrx_word' id='word_1_517' title='bbox 426 4776 734 4827; x_wconf 82' lang='lat' dir='ltr'><strong>constantis</strong></span> <span class='ocrx_word' id='word_1_518' title='bbox 782 4774 1115 4827; x_wconf 86' lang='lat' dir='ltr'><strong>abundantia</strong></span> <span class='ocrx_word' id='word_1_519' title='bbox 1162 4774 1379 4842; x_wconf 84' lang='lat' dir='ltr'><strong>quidvis</strong></span> <span class='ocrx_word' id='word_1_520' title='bbox 1430 4774 1722 4837; x_wconf 88' lang='lat' dir='ltr'><strong>eluctatus,</strong></span> <span class='ocrx_word' id='word_1_521' title='bbox 1775 4773 2010 4843; x_wconf 88' lang='lat' dir='ltr'><strong>denique</strong></span> 
     </span>
    </p>
   </div>
   <div class='ocr_carea' id='block_1_77' title="bbox 428 4865 2007 4937">
    <p class='ocr_par' dir='ltr' id='par_1_77' title="bbox 428 4865 2007 4937">
     <span class='ocr_line' id='line_1_77' title="bbox 428 4865 2007 4937; baseline 0.002 -19"><span class='ocrx_word' id='word_1_522' title='bbox 428 4869 577 4935; x_wconf 87' lang='lat' dir='ltr'><strong>quod</strong></span> <span class='ocrx_word' id='word_1_523' title='bbox 640 4867 1005 4919; x_wconf 69' lang='lat' dir='ltr'><strong>destinaverat</strong></span> <span class='ocrx_word' id='word_1_524' title='bbox 1050 4865 1297 4932; x_wconf 79' lang='lat' dir='ltr'><strong>perfecit.</strong></span> <span class='ocrx_word' id='word_1_525' title='bbox 1346 4869 1425 4920; x_wconf 79' lang='lat' dir='ltr'><strong>Ac</strong></span> <span class='ocrx_word' id='word_1_526' title='bbox 1470 4867 1736 4937; x_wconf 88' lang='lat' dir='ltr'><strong>principio</strong></span> <span class='ocrx_word' id='word_1_527' title='bbox 1786 4868 2007 4934; x_wconf 86' lang='lat' dir='ltr'><strong>quidem</strong></span> 
     </span>
    </p>
   </div>
   <div class='ocr_carea' id='block_1_78' title="bbox 429 4955 2011 5029">
    <p class='ocr_par' dir='ltr' id='par_1_78' title="bbox 429 4955 2011 5029">
     <span class='ocr_line' id='line_1_78' title="bbox 429 4955 2011 5029; baseline 0.001 -18"><span class='ocrx_word' id='word_1_528' title='bbox 429 4958 533 5011; x_wconf 80' lang='lat' dir='ltr'><strong>sub</strong></span> <span class='ocrx_word' id='word_1_529' title='bbox 561 4959 666 5010; x_wconf 92' lang='lat' dir='ltr'><strong>hoc</strong></span> <span class='ocrx_word' id='word_1_530' title='bbox 698 4967 911 5025; x_wconf 89' lang='lat' dir='ltr'><strong>tempus</strong></span> <span class='ocrx_word' id='word_1_531' title='bbox 944 4955 1106 5010; x_wconf 82' lang='lat' dir='ltr'><strong>tiliam</strong></span> <span class='ocrx_word' id='word_1_532' title='bbox 1137 4957 1438 5011; x_wconf 77' lang='lat' dir='ltr'><strong>Muzalonis</strong></span> <span class='ocrx_word' id='word_1_533' title='bbox 1464 4958 1618 5012; x_wconf 84' lang='lat' dir='ltr'><strong>fratri</strong></span> <span class='ocrx_word' id='word_1_534' title='bbox 1651 4973 1752 5012; x_wconf 86' lang='lat' dir='ltr'><strong>suo</strong></span> <span class='ocrx_word' id='word_1_535' title='bbox 1779 4960 2011 5029; x_wconf 85' lang='lat' dir='ltr'><strong>despon-</strong></span> 
     </span>
    </p>
   </div>
   <div class='ocr_carea' id='block_1_79' title="bbox 424 5044 2007 5121">
    <p class='ocr_par' dir='ltr' id='par_1_79' title="bbox 424 5044 2007 5121">
     <span class='ocr_line' id='line_1_79' title="bbox 424 5044 2007 5121; baseline 0.003 -21"><span class='ocrx_word' id='word_1_536' title='bbox 424 5048 511 5100; x_wconf 74' lang='grc' dir='ltr'><strong>(Ἢ</strong></span> <span class='ocrx_word' id='word_1_537' title='bbox 555 5044 866 5099; x_wconf 76' lang='lat' dir='ltr'><strong>Theodoro.</strong></span> <span class='ocrx_word' id='word_1_538' title='bbox 915 5045 1116 5100; x_wconf 82' lang='lat' dir='ltr'><strong>Verum</strong></span> <span class='ocrx_word' id='word_1_539' title='bbox 1160 5050 1449 5104; x_wconf 83' lang='lat' dir='ltr'><strong>celebratis</strong></span> <span class='ocrx_word' id='word_1_540' title='bbox 1491 5050 1603 5120; x_wconf 91' lang='lat' dir='ltr'><strong>jam</strong></span> <span class='ocrx_word' id='word_1_541' title='bbox 1639 5052 2007 5121; x_wconf 88' lang='lat' dir='ltr'><strong>sponsalibus,</strong></span> 
     </span>
    </p>
   </div>
   <div class='ocr_carea' id='block_1_80' title="bbox 427 5137 2005 5209">
    <p class='ocr_par' dir='ltr' id='par_1_80' title="bbox 427 5137 2005 5209">
     <span class='ocr_line' id='line_1_80' title="bbox 427 5137 2005 5209; baseline 0.004 -17"><span class='ocrx_word' id='word_1_542' title='bbox 427 5155 557 5193; x_wconf 90' lang='lat' dir='ltr'><strong>cum</strong></span> <span class='ocrx_word' id='word_1_543' title='bbox 589 5137 1027 5206; x_wconf 85' lang='lat' dir='ltr'><strong>inopinatissime</strong></span> <span class='ocrx_word' id='word_1_544' title='bbox 1057 5141 1230 5207; x_wconf 88' lang='lat' dir='ltr'><strong>puella</strong></span> <span class='ocrx_word' id='word_1_545' title='bbox 1260 5142 1599 5209; x_wconf 79' lang='lat' dir='ltr'><strong>deprehensa</strong></span> <span class='ocrx_word' id='word_1_546' title='bbox 1627 5155 1770 5197; x_wconf 86' lang='lat' dir='ltr'><strong>esset</strong></span> <span class='ocrx_word' id='word_1_547' title='bbox 1792 5154 2005 5198; x_wconf 84' lang='lat' dir='ltr'><strong>uterum</strong></span> 
     </span>
    </p>
   </div>
   <div class='ocr_carea' id='block_1_81' title="bbox 429 5231 2011 5302">
    <p class='ocr_par' dir='ltr' id='par_1_81' title="bbox 429 5231 2011 5302">
     <span class='ocr_line' id='line_1_81' title="bbox 429 5231 2011 5302; baseline 0.005 -19"><span class='ocrx_word' id='word_1_548' title='bbox 429 5245 620 5300; x_wconf 75' lang='lat' dir='ltr'><strong>gerere</strong></span> <span class='ocrx_word' id='word_1_549' title='bbox 647 5231 1037 5297; x_wconf 79' lang='lat' dir='ltr'><strong>consanguinei</strong></span> <span class='ocrx_word' id='word_1_550' title='bbox 1074 5233 1355 5299; x_wconf 80' lang='lat' dir='ltr'><strong>cujusdam</strong></span> <span class='ocrx_word' id='word_1_551' title='bbox 1385 5233 1595 5288; x_wconf 86' lang='lat' dir='ltr'><strong>incestu</strong></span> <span class='ocrx_word' id='word_1_552' title='bbox 1630 5236 1835 5298; x_wconf 85' lang='lat' dir='ltr'><strong>vitiata,</strong></span> <span class='ocrx_word' id='word_1_553' title='bbox 1864 5252 2011 5302; x_wconf 72' lang='lat' dir='ltr'><strong>quae-</strong></span> 
     </span>
    </p>
   </div>
   <div class='ocr_carea' id='block_1_82' title="bbox 428 5322 2009 5395">
    <p class='ocr_par' dir='ltr' id='par_1_82' title="bbox 428 5322 2009 5395">
     <span class='ocr_line' id='line_1_82' title="bbox 428 5322 2009 5395; baseline 0.003 -17"><span class='ocrx_word' id='word_1_554' title='bbox 428 5324 536 5378; x_wconf 85' lang='lat' dir='ltr'><strong>stio</strong></span> <span class='ocrx_word' id='word_1_555' title='bbox 579 5332 703 5376; x_wconf 88' lang='lat' dir='ltr'><strong>nata</strong></span> <span class='ocrx_word' id='word_1_556' title='bbox 737 5330 818 5375; x_wconf 86' lang='lat' dir='ltr'><strong>est</strong></span> <span class='ocrx_word' id='word_1_557' title='bbox 844 5331 1025 5375; x_wconf 88' lang='lat' dir='ltr'><strong>utrum</strong></span> <span class='ocrx_word' id='word_1_558' title='bbox 1060 5322 1154 5376; x_wconf 91' lang='lat' dir='ltr'><strong>illo</strong></span> <span class='ocrx_word' id='word_1_559' title='bbox 1182 5324 1387 5391; x_wconf 83' lang='lat' dir='ltr'><strong>ﬂagitio</strong></span> <span class='ocrx_word' id='word_1_560' title='bbox 1423 5327 1573 5379; x_wconf 82' lang='lat' dir='ltr'><strong>ﬂeret</strong></span> <span class='ocrx_word' id='word_1_561' title='bbox 1602 5327 1753 5381; x_wconf 81' lang='lat' dir='ltr'><strong>irrita</strong></span> <span class='ocrx_word' id='word_1_562' title='bbox 1777 5329 2009 5395; x_wconf 88' lang='lat' dir='ltr'><strong>despon-</strong></span> 
     </span>
    </p>
   </div>
   <div class='ocr_carea' id='block_1_83' title="bbox 428 5413 2008 5487">
    <p class='ocr_par' dir='ltr' id='par_1_83' title="bbox 428 5413 2008 5487">
     <span class='ocr_line' id='line_1_83' title="bbox 428 5413 2008 5487; baseline 0.001 -18"><span class='ocrx_word' id='word_1_563' title='bbox 428 5415 597 5480; x_wconf 82' lang='lat' dir='ltr'><strong>satio,</strong></span> <span class='ocrx_word' id='word_1_564' title='bbox 640 5422 695 5468; x_wconf 86' lang='lat' dir='ltr'><strong>et</strong></span> <span class='ocrx_word' id='word_1_565' title='bbox 737 5413 931 5483; x_wconf 85' lang='lat' dir='ltr'><strong>ecquid</strong></span> <span class='ocrx_word' id='word_1_566' title='bbox 967 5413 1321 5469; x_wconf 86' lang='lat' dir='ltr'><strong>nihilominus</strong></span> <span class='ocrx_word' id='word_1_567' title='bbox 1353 5416 1546 5469; x_wconf 87' lang='lat' dir='ltr'><strong>liceret</strong></span> <span class='ocrx_word' id='word_1_568' title='bbox 1575 5416 1800 5470; x_wconf 76' lang='lat' dir='ltr'><strong>ulterius</strong></span> <span class='ocrx_word' id='word_1_569' title='bbox 1833 5432 2008 5487; x_wconf 90' lang='lat' dir='ltr'><strong>usque</strong></span> 
     </span>
    </p>
   </div>
   <div class='ocr_carea' id='block_1_84' title="bbox 431 5503 2009 5577">
    <p class='ocr_par' dir='ltr' id='par_1_84' title="bbox 431 5503 2009 5577">
     <span class='ocr_line' id='line_1_84' title="bbox 431 5503 2009 5577; baseline 0 -15"><span class='ocrx_word' id='word_1_570' title='bbox 431 5508 501 5562; x_wconf 80' lang='lat' dir='ltr'><strong>ad</strong></span> <span class='ocrx_word' id='word_1_571' title='bbox 530 5508 743 5577; x_wconf 89' lang='lat' dir='ltr'><strong>nuptias</strong></span> <span class='ocrx_word' id='word_1_572' title='bbox 768 5507 1083 5577; x_wconf 84' lang='lat' dir='ltr'><strong>procedere.</strong></span> <span class='ocrx_word' id='word_1_573' title='bbox 1112 5503 1202 5560; x_wconf 84' lang='lat' dir='ltr'><strong>Isti</strong></span> <span class='ocrx_word' id='word_1_574' title='bbox 1228 5505 1598 5574; x_wconf 63' lang='lat' dir='ltr'><strong>disceptandae</strong></span> <span class='ocrx_word' id='word_1_575' title='bbox 1622 5510 2009 5563; x_wconf 64' lang='lat' dir='ltr'><strong>controversiae</strong></span> 
     </span>
    </p>
   </div>
   <div class='ocr_carea' id='block_1_85' title="bbox 428 5599 2006 5669">
    <p class='ocr_par' dir='ltr' id='par_1_85' title="bbox 428 5599 2006 5669">
     <span class='ocr_line' id='line_1_85' title="bbox 428 5599 2006 5669; baseline -0.001 -14"><span class='ocrx_word' id='word_1_576' title='bbox 428 5600 782 5669; x_wconf 76' lang='lat' dir='ltr'><strong>congregavit</strong></span> <span class='ocrx_word' id='word_1_577' title='bbox 842 5601 1130 5669; x_wconf 81' lang='lat' dir='ltr'><strong>episcopos</strong></span> <span class='ocrx_word' id='word_1_578' title='bbox 1191 5599 1530 5667; x_wconf 87' lang='lat' dir='ltr'><strong>imperator,</strong></span> <span class='ocrx_word' id='word_1_579' title='bbox 1584 5599 1774 5652; x_wconf 90' lang='lat' dir='ltr'><strong>eodem</strong></span> <span class='ocrx_word' id='word_1_580' title='bbox 1841 5599 2006 5653; x_wconf 88' lang='lat' dir='ltr'><strong>etiam</strong></span> 
     </span>
    </p>
   </div>
   <div class='ocr_carea' id='block_1_86' title="bbox 432 5689 2005 5757">
    <p class='ocr_par' dir='ltr' id='par_1_86' title="bbox 432 5689 2005 5757">
     <span class='ocr_line' id='line_1_86' title="bbox 432 5689 2005 5757; baseline -0.001 -13"><span class='ocrx_word' id='word_1_581' title='bbox 432 5690 694 5747; x_wconf 79' lang='lat' dir='ltr'><strong>adhibitis</strong></span> <span class='ocrx_word' id='word_1_582' title='bbox 746 5691 1083 5745; x_wconf 87' lang='lat' dir='ltr'><strong>doctioribus</strong></span> <span class='ocrx_word' id='word_1_583' title='bbox 1125 5703 1157 5743; x_wconf 91' lang='lat' dir='ltr'><strong>e</strong></span> <span class='ocrx_word' id='word_1_584' title='bbox 1207 5690 1355 5743; x_wconf 87' lang='lat' dir='ltr'><strong>clero</strong></span> <span class='ocrx_word' id='word_1_585' title='bbox 1404 5689 1632 5757; x_wconf 85' lang='lat' dir='ltr'><strong>ipsoque</strong></span> <span class='ocrx_word' id='word_1_586' title='bbox 1676 5689 2005 5757; x_wconf 72' lang='lat' dir='ltr'><strong>patriarcha,</strong></span> 
     </span>
    </p>
   </div>
   <div class='ocr_carea' id='block_1_87' title="bbox 429 5781 2005 5857">
    <p class='ocr_par' dir='ltr' id='par_1_87' title="bbox 429 5781 2005 5857">
     <span class='ocr_line' id='line_1_87' title="bbox 429 5781 2005 5857; baseline 0.001 -23"><span class='ocrx_word' id='word_1_587' title='bbox 429 5793 698 5848; x_wconf 75' lang='lat' dir='ltr'><strong>praesente</strong></span> <span class='ocrx_word' id='word_1_588' title='bbox 745 5798 959 5855; x_wconf 81' lang='lat' dir='ltr'><strong>quoque</strong></span> <span class='ocrx_word' id='word_1_589' title='bbox 1000 5781 1443 5857; x_wconf 87' lang='lat' dir='ltr'><strong>protovcstiario,</strong></span> <span class='ocrx_word' id='word_1_590' title='bbox 1484 5782 1575 5850; x_wconf 89' lang='lat' dir='ltr'><strong>qui</strong></span> <span class='ocrx_word' id='word_1_591' title='bbox 1595 5792 1829 5853; x_wconf 18' lang='lat' dir='ltr'><strong>{propter</strong></span> <span class='ocrx_word' id='word_1_592' title='bbox 1856 5797 2005 5836; x_wconf 81' lang='lat' dir='ltr'><strong>mor-</strong></span> 
     </span>
    </p>
   </div>
   <div class='ocr_carea' id='block_1_88' title="bbox 2117 3215 3687 3287">
    <p class='ocr_par' dir='ltr' id='par_1_88' title="bbox 2117 3215 3687 3287">
     <span class='ocr_line' id='line_1_88' title="bbox 2117 3215 3687 3287; baseline 0.002 -20"><span class='ocrx_word' id='word_1_593' title='bbox 2117 3215 2263 3283; x_wconf 80' lang='lat' dir='ltr'><strong>quod</strong></span> <span class='ocrx_word' id='word_1_594' title='bbox 2304 3215 2415 3267; x_wconf 80' lang='lat' dir='ltr'><strong>dixi</strong></span> <span class='ocrx_word' id='word_1_595' title='bbox 2447 3224 2772 3284; x_wconf 83' lang='lat' dir='ltr'><strong>argumento</strong></span> <span class='ocrx_word' id='word_1_596' title='bbox 2817 3226 3165 3287; x_wconf 87' lang='lat' dir='ltr'><strong>rogarentur,</strong></span> <span class='ocrx_word' id='word_1_597' title='bbox 3208 3218 3427 3287; x_wconf 62' lang='lat' dir='ltr'><strong>iureque</strong></span> <span class='ocrx_word' id='word_1_598' title='bbox 3470 3220 3522 3272; x_wconf 93' lang='lat' dir='ltr'><strong>in</strong></span> <span class='ocrx_word' id='word_1_599' title='bbox 3560 3233 3687 3274; x_wconf 79' lang='lat' dir='ltr'><strong>con-</strong></span> 
     </span>
    </p>
   </div>
   <div class='ocr_carea' id='block_1_89' title="bbox 2117 3307 3687 3379">
    <p class='ocr_par' dir='ltr' id='par_1_89' title="bbox 2117 3307 3687 3379">
     <span class='ocr_line' id='line_1_89' title="bbox 2117 3307 3687 3379; baseline 0.002 -20"><span class='ocrx_word' id='word_1_600' title='bbox 2117 3307 2283 3360; x_wconf 78' lang='lat' dir='ltr'><strong>traria</strong></span> <span class='ocrx_word' id='word_1_601' title='bbox 2320 3309 2781 3374; x_wconf 83' lang='lat' dir='ltr'><strong>distraherentur,</strong></span> <span class='ocrx_word' id='word_1_602' title='bbox 2806 3310 3135 3378; x_wconf 85' lang='lat' dir='ltr'><strong>quibusdam</strong></span> <span class='ocrx_word' id='word_1_603' title='bbox 3166 3312 3467 3375; x_wconf 87' lang='lat' dir='ltr'><strong>aientibus,</strong></span> <span class='ocrx_word' id='word_1_604' title='bbox 3498 3324 3687 3379; x_wconf 86' lang='lat' dir='ltr'><strong>negan-</strong></span> 
     </span>
    </p>
   </div>
   <div class='ocr_carea' id='block_1_90' title="bbox 2119 3400 3684 3471">
    <p class='ocr_par' dir='ltr' id='par_1_90' title="bbox 2119 3400 3684 3471">
     <span class='ocr_line' id='line_1_90' title="bbox 2119 3400 3684 3471; baseline 0.001 -18"><span class='ocrx_word' id='word_1_605' title='bbox 2119 3401 2264 3453; x_wconf 86' lang='lat' dir='ltr'><strong>tibus</strong></span> <span class='ocrx_word' id='word_1_606' title='bbox 2311 3401 2454 3464; x_wconf 87' lang='lat' dir='ltr'><strong>aliis,</strong></span> <span class='ocrx_word' id='word_1_607' title='bbox 2498 3400 2800 3468; x_wconf 88' lang='lat' dir='ltr'><strong>imperator</strong></span> <span class='ocrx_word' id='word_1_608' title='bbox 2835 3402 3108 3457; x_wconf 77' lang='lat' dir='ltr'><strong>consolari</strong></span> <span class='ocrx_word' id='word_1_609' title='bbox 3142 3406 3377 3471; x_wconf 90' lang='lat' dir='ltr'><strong>cupiens</strong></span> <span class='ocrx_word' id='word_1_610' title='bbox 3410 3406 3546 3459; x_wconf 86' lang='lat' dir='ltr'><strong>adeo</strong></span> <span class='ocrx_word' id='word_1_611' title='bbox 3584 3402 3684 3457; x_wconf 87' lang='lat' dir='ltr'><strong>sibi</strong></span> 
     </span>
    </p>
   </div>
   <div class='ocr_carea' id='block_1_91' title="bbox 2117 3491 3687 3564">
    <p class='ocr_par' dir='ltr' id='par_1_91' title="bbox 2117 3491 3687 3564">
     <span class='ocr_line' id='line_1_91' title="bbox 2117 3491 3687 3564; baseline 0.002 -21"><span class='ocrx_word' id='word_1_612' title='bbox 2117 3491 2345 3545; x_wconf 87' lang='lat' dir='ltr'><strong>charum</strong></span> <span class='ocrx_word' id='word_1_613' title='bbox 2398 3500 2452 3547; x_wconf 90' lang='lat' dir='ltr'><strong>ct</strong></span> <span class='ocrx_word' id='word_1_614' title='bbox 2502 3493 2674 3547; x_wconf 84' lang='lat' dir='ltr'><strong>fidum</strong></span> <span class='ocrx_word' id='word_1_615' title='bbox 2740 3493 3054 3559; x_wconf 88' lang='lat' dir='ltr'><strong>hominem,</strong></span> <span class='ocrx_word' id='word_1_616' title='bbox 3099 3510 3210 3564; x_wconf 91' lang='lat' dir='ltr'><strong>quo</strong></span> <span class='ocrx_word' id='word_1_617' title='bbox 3254 3497 3580 3550; x_wconf 86' lang='lat' dir='ltr'><strong>administro</strong></span> <span class='ocrx_word' id='word_1_618' title='bbox 3636 3502 3687 3546; x_wconf 88' lang='lat' dir='ltr'><strong>et</strong></span> 
     </span>
    </p>
   </div>
   <div class='ocr_carea' id='block_1_92' title="bbox 2115 3585 3686 3658">
    <p class='ocr_par' dir='ltr' id='par_1_92' title="bbox 2115 3585 3686 3658">
     <span class='ocr_line' id='line_1_92' title="bbox 2115 3585 3686 3658; baseline 0.004 -22"><span class='ocrx_word' id='word_1_619' title='bbox 2115 3585 2433 3640; x_wconf 66' lang='lat' dir='ltr'><strong>consiliario</strong></span> <span class='ocrx_word' id='word_1_620' title='bbox 2474 3587 2810 3656; x_wconf 88' lang='lat' dir='ltr'><strong>peritissimo</strong></span> <span class='ocrx_word' id='word_1_621' title='bbox 2859 3588 2924 3641; x_wconf 87' lang='lat' dir='ltr'><strong>ad</strong></span> <span class='ocrx_word' id='word_1_622' title='bbox 2968 3598 3164 3643; x_wconf 89' lang='lat' dir='ltr'><strong>cuncta</strong></span> <span class='ocrx_word' id='word_1_623' title='bbox 3210 3590 3489 3658; x_wconf 89' lang='lat' dir='ltr'><strong>utebatur,</strong></span> <span class='ocrx_word' id='word_1_624' title='bbox 3518 3590 3686 3644; x_wconf 87' lang='lat' dir='ltr'><strong>disce-</strong></span> 
     </span>
    </p>
   </div>
   <div class='ocr_carea' id='block_1_93' title="bbox 2115 3678 3683 3753">
    <p class='ocr_par' dir='ltr' id='par_1_93' title="bbox 2115 3678 3683 3753">
     <span class='ocr_line' id='line_1_93' title="bbox 2115 3678 3683 3753; baseline 0.004 -25"><span class='ocrx_word' id='word_1_625' title='bbox 2115 3678 2359 3745; x_wconf 87' lang='lat' dir='ltr'><strong>ptatione</strong></span> <span class='ocrx_word' id='word_1_626' title='bbox 2383 3680 2437 3732; x_wconf 92' lang='lat' dir='ltr'><strong>in</strong></span> <span class='ocrx_word' id='word_1_627' title='bbox 2465 3680 2722 3747; x_wconf 81' lang='lat' dir='ltr'><strong>ambiguo</strong></span> <span class='ocrx_word' id='word_1_628' title='bbox 2754 3680 2941 3734; x_wconf 91' lang='lat' dir='ltr'><strong>relicta</strong></span> <span class='ocrx_word' id='word_1_629' title='bbox 2972 3680 3128 3736; x_wconf 88' lang='lat' dir='ltr'><strong>fratri</strong></span> <span class='ocrx_word' id='word_1_630' title='bbox 3151 3683 3375 3751; x_wconf 89' lang='lat' dir='ltr'><strong>quidem</strong></span> <span class='ocrx_word' id='word_1_631' title='bbox 3406 3685 3683 3753; x_wconf 78' lang='lat' dir='ltr'><strong>coniugem</strong></span> 
     </span>
    </p>
   </div>
   <div class='ocr_carea' id='block_1_94' title="bbox 2114 3767 3687 3843">
    <p class='ocr_par' dir='ltr' id='par_1_94' title="bbox 2114 3767 3687 3843">
     <span class='ocr_line' id='line_1_94' title="bbox 2114 3767 3687 3843; baseline 0.004 -22"><span class='ocrx_word' id='word_1_632' title='bbox 2114 3767 2264 3822; x_wconf 91' lang='lat' dir='ltr'><strong>dedit</strong></span> <span class='ocrx_word' id='word_1_633' title='bbox 2291 3770 2565 3837; x_wconf 70' lang='lat' dir='ltr'><strong>pincernze</strong></span> <span class='ocrx_word' id='word_1_634' title='bbox 2600 3769 2881 3824; x_wconf 88' lang='lat' dir='ltr'><strong>Libadarii</strong></span> <span class='ocrx_word' id='word_1_635' title='bbox 2909 3770 3101 3837; x_wconf 82' lang='lat' dir='ltr'><strong>tiliam,</strong></span> <span class='ocrx_word' id='word_1_636' title='bbox 3127 3772 3214 3827; x_wconf 89' lang='lat' dir='ltr'><strong>cui</strong></span> <span class='ocrx_word' id='word_1_637' title='bbox 3240 3772 3543 3828; x_wconf 85' lang='lat' dir='ltr'><strong>nobilitatis</strong></span> <span class='ocrx_word' id='word_1_638' title='bbox 3560 3786 3687 3843; x_wconf 69' lang='lat' dir='ltr'><strong>prae-</strong></span> 
     </span>
    </p>
   </div>
   <div class='ocr_carea' id='block_1_95' title="bbox 2114 3860 3684 3936">
    <p class='ocr_par' dir='ltr' id='par_1_95' title="bbox 2114 3860 3684 3936">
     <span class='ocr_line' id='line_1_95' title="bbox 2114 3860 3684 3936; baseline 0.003 -22"><span class='ocrx_word' id='word_1_639' title='bbox 2114 3860 2290 3928; x_wconf 77' lang='lat' dir='ltr'><strong>cipuae</strong></span> <span class='ocrx_word' id='word_1_640' title='bbox 2346 3863 2883 3917; x_wconf 87' lang='lat' dir='ltr'><strong>commendationem</strong></span> <span class='ocrx_word' id='word_1_641' title='bbox 2937 3865 3217 3930; x_wconf 80' lang='lat' dir='ltr'><strong>afferebat,</strong></span> <span class='ocrx_word' id='word_1_642' title='bbox 3268 3870 3418 3936; x_wconf 89' lang='lat' dir='ltr'><strong>quod</strong></span> <span class='ocrx_word' id='word_1_643' title='bbox 3473 3879 3684 3925; x_wconf 72' lang='lat' dir='ltr'><strong>exavo</strong></span> 
     </span>
    </p>
   </div>
   <div class='ocr_carea' id='block_1_96' title="bbox 2118 3952 3686 4025">
    <p class='ocr_par' dir='ltr' id='par_1_96' title="bbox 2118 3952 3686 4025">
     <span class='ocr_line' id='line_1_96' title="bbox 2118 3952 3686 4025; baseline 0.002 -20"><span class='ocrx_word' id='word_1_644' title='bbox 2118 3953 2269 4005; x_wconf 90' lang='lat' dir='ltr'><strong>illam</strong></span> <span class='ocrx_word' id='word_1_645' title='bbox 2301 3952 2707 4021; x_wconf 77' lang='lat' dir='ltr'><strong>protovestiarii</strong></span> <span class='ocrx_word' id='word_1_646' title='bbox 2745 3954 3010 4024; x_wconf 75' lang='lat' dir='ltr'><strong>dignitate</strong></span> <span class='ocrx_word' id='word_1_647' title='bbox 3054 3956 3359 4025; x_wconf 85' lang='lat' dir='ltr'><strong>conspicuo</strong></span> <span class='ocrx_word' id='word_1_648' title='bbox 3409 3956 3686 4011; x_wconf 83' lang='lat' dir='ltr'><strong>constabat</strong></span> 
     </span>
    </p>
   </div>
   <div class='ocr_carea' id='block_1_97' title="bbox 2112 4046 3685 4118">
    <p class='ocr_par' dir='ltr' id='par_1_97' title="bbox 2112 4046 3685 4118">
     <span class='ocr_line' id='line_1_97' title="bbox 2112 4046 3685 4118; baseline 0.003 -21"><span class='ocrx_word' id='word_1_649' title='bbox 2112 4059 2235 4099; x_wconf 88' lang='lat' dir='ltr'><strong>esse</strong></span> <span class='ocrx_word' id='word_1_650' title='bbox 2282 4053 2643 4115; x_wconf 83' lang='lat' dir='ltr'><strong>prognatam;</strong></span> <span class='ocrx_word' id='word_1_651' title='bbox 2685 4046 2849 4099; x_wconf 89' lang='lat' dir='ltr'><strong>tiliam</strong></span> <span class='ocrx_word' id='word_1_652' title='bbox 2882 4061 3014 4100; x_wconf 81' lang='lat' dir='ltr'><strong>vero</strong></span> <span class='ocrx_word' id='word_1_653' title='bbox 3051 4047 3199 4101; x_wconf 88' lang='lat' dir='ltr'><strong>illam</strong></span> <span class='ocrx_word' id='word_1_654' title='bbox 3233 4048 3409 4117; x_wconf 92' lang='lat' dir='ltr'><strong>ipsam</strong></span> <span class='ocrx_word' id='word_1_655' title='bbox 3441 4058 3685 4118; x_wconf 84' lang='lat' dir='ltr'><strong>protove-</strong></span> 
     </span>
    </p>
   </div>
   <div class='ocr_carea' id='block_1_98' title="bbox 2113 4134 3685 4207">
    <p class='ocr_par' dir='ltr' id='par_1_98' title="bbox 2113 4134 3685 4207">
     <span class='ocr_line' id='line_1_98' title="bbox 2113 4134 3685 4207; baseline -0.001 -16"><span class='ocrx_word' id='word_1_656' title='bbox 2113 4135 2311 4199; x_wconf 89' lang='lat' dir='ltr'><strong>stiarii,</strong></span> <span class='ocrx_word' id='word_1_657' title='bbox 2371 4134 2500 4190; x_wconf 91' lang='lat' dir='ltr'><strong>licet</strong></span> <span class='ocrx_word' id='word_1_658' title='bbox 2554 4144 2912 4203; x_wconf 86' lang='lat' dir='ltr'><strong>corruptam,</strong></span> <span class='ocrx_word' id='word_1_659' title='bbox 2958 4135 3070 4203; x_wconf 85' lang='lat' dir='ltr'><strong>jam</strong></span> <span class='ocrx_word' id='word_1_660' title='bbox 3133 4153 3280 4192; x_wconf 90' lang='lat' dir='ltr'><strong>nunc</strong></span> <span class='ocrx_word' id='word_1_661' title='bbox 3328 4139 3582 4207; x_wconf 88' lang='lat' dir='ltr'><strong>promisit</strong></span> <span class='ocrx_word' id='word_1_662' title='bbox 3630 4151 3685 4191; x_wconf 85' lang='lat' dir='ltr'><strong>se</strong></span> 
     </span>
    </p>
   </div>
   <div class='ocr_carea' id='block_1_99' title="bbox 2113 4225 3681 4300">
    <p class='ocr_par' dir='ltr' id='par_1_99' title="bbox 2113 4225 3681 4300">
     <span class='ocr_line' id='line_1_99' title="bbox 2113 4225 3681 4300; baseline 0.001 -20"><span class='ocrx_word' id='word_1_663' title='bbox 2113 4227 2514 4297; x_wconf 91' lang='lat' dir='ltr'><strong>desponsurum</strong></span> <span class='ocrx_word' id='word_1_664' title='bbox 2542 4225 2901 4281; x_wconf 87' lang='lat' dir='ltr'><strong>Constantino</strong></span> <span class='ocrx_word' id='word_1_665' title='bbox 2923 4230 3146 4297; x_wconf 82' lang='lat' dir='ltr'><strong>preprio</strong></span> <span class='ocrx_word' id='word_1_666' title='bbox 3166 4229 3299 4294; x_wconf 84' lang='lat' dir='ltr'><strong>filio,</strong></span> <span class='ocrx_word' id='word_1_667' title='bbox 3328 4231 3423 4300; x_wconf 90' lang='lat' dir='ltr'><strong>qui</strong></span> <span class='ocrx_word' id='word_1_668' title='bbox 3450 4229 3681 4285; x_wconf 91' lang='lat' dir='ltr'><strong>nondum</strong></span> 
     </span>
    </p>
   </div>
   <div class='ocr_carea' id='block_1_100' title="bbox 2090 4307 3682 4399">
    <p class='ocr_par' dir='ltr' id='par_1_100' title="bbox 2090 4307 3682 4399">
     <span class='ocr_line' id='line_1_100' title="bbox 2090 4307 3682 4399; baseline 0.001 -26"><span class='ocrx_word' id='word_1_669' title='bbox 2090 4320 2333 4399; x_wconf 49' lang='lat' dir='ltr'><strong>-quidem</strong></span> <span class='ocrx_word' id='word_1_670' title='bbox 2358 4320 2600 4387; x_wconf 71' lang='lat' dir='ltr'><strong>despotae</strong></span> <span class='ocrx_word' id='word_1_671' title='bbox 2622 4320 2983 4388; x_wconf 89' lang='lat' dir='ltr'><strong>appellatione</strong></span> <span class='ocrx_word' id='word_1_672' title='bbox 3015 4321 3407 4389; x_wconf 85' lang='lat' dir='ltr'><strong>ltonorahatur,</strong></span> <span class='ocrx_word' id='word_1_673' title='bbox 3433 4307 3682 4380; x_wconf 68' lang='lat' dir='ltr'><strong>caeterum</strong></span> 
     </span>
    </p>
   </div>
   <div class='ocr_carea' id='block_1_101' title="bbox 2112 4412 3682 4486">
    <p class='ocr_par' dir='ltr' id='par_1_101' title="bbox 2112 4412 3682 4486">
     <span class='ocr_line' id='line_1_101' title="bbox 2112 4412 3682 4486; baseline 0.001 -20"><span class='ocrx_word' id='word_1_674' title='bbox 2112 4429 2178 4468; x_wconf 86' lang='lat' dir='ltr'><strong>eo</strong></span> <span class='ocrx_word' id='word_1_675' title='bbox 2213 4415 2333 4467; x_wconf 82' lang='lat' dir='ltr'><strong>solo</strong></span> <span class='ocrx_word' id='word_1_676' title='bbox 2362 4412 2507 4481; x_wconf 84' lang='lat' dir='ltr'><strong>quod</strong></span> <span class='ocrx_word' id='word_1_677' title='bbox 2541 4413 2890 4481; x_wconf 87' lang='lat' dir='ltr'><strong>imperatoris</strong></span> <span class='ocrx_word' id='word_1_678' title='bbox 2934 4423 3052 4467; x_wconf 89' lang='lat' dir='ltr'><strong>erat</strong></span> <span class='ocrx_word' id='word_1_679' title='bbox 3100 4415 3266 4480; x_wconf 84' lang='lat' dir='ltr'><strong>filius,</strong></span> <span class='ocrx_word' id='word_1_680' title='bbox 3308 4417 3452 4471; x_wconf 89' lang='lat' dir='ltr'><strong>inter</strong></span> <span class='ocrx_word' id='word_1_681' title='bbox 3484 4417 3682 4486; x_wconf 88' lang='lat' dir='ltr'><strong>primos</strong></span> 
     </span>
    </p>
   </div>
   <div class='ocr_carea' id='block_1_102' title="bbox 2112 4506 3679 4579">
    <p class='ocr_par' dir='ltr' id='par_1_102' title="bbox 2112 4506 3679 4579">
     <span class='ocr_line' id='line_1_102' title="bbox 2112 4506 3679 4579; baseline 0.002 -20"><span class='ocrx_word' id='word_1_682' title='bbox 2112 4506 2251 4560; x_wconf 80' lang='lat' dir='ltr'><strong>aulae</strong></span> <span class='ocrx_word' id='word_1_683' title='bbox 2269 4513 2643 4560; x_wconf 82' lang='lat' dir='ltr'><strong>consentanea</strong></span> <span class='ocrx_word' id='word_1_684' title='bbox 2657 4514 2816 4560; x_wconf 67' lang='lat' dir='ltr'><strong>tantae</strong></span> <span class='ocrx_word' id='word_1_685' title='bbox 2832 4506 3099 4560; x_wconf 88' lang='lat' dir='ltr'><strong>nobilitati</strong></span> <span class='ocrx_word' id='word_1_686' title='bbox 3118 4509 3408 4578; x_wconf 89' lang='lat' dir='ltr'><strong>splendore</strong></span> <span class='ocrx_word' id='word_1_687' title='bbox 3426 4510 3679 4579; x_wconf 70' lang='lat' dir='ltr'><strong>fulgebat.</strong></span> 
     </span>
    </p>
   </div>
   <div class='ocr_carea' id='block_1_103' title="bbox 2111 4598 3676 4672">
    <p class='ocr_par' dir='ltr' id='par_1_103' title="bbox 2111 4598 3676 4672">
     <span class='ocr_line' id='line_1_103' title="bbox 2111 4598 3676 4672; baseline 0.003 -21"><span class='ocrx_word' id='word_1_688' title='bbox 2111 4598 2356 4651; x_wconf 84' lang='lat' dir='ltr'><strong>Fuerunt</strong></span> <span class='ocrx_word' id='word_1_689' title='bbox 2404 4599 2487 4652; x_wconf 71' lang='lat' dir='ltr'><strong>hae</strong></span> <span class='ocrx_word' id='word_1_690' title='bbox 2528 4598 2727 4667; x_wconf 64' lang='lat' dir='ltr'><strong>nuptiae</strong></span> <span class='ocrx_word' id='word_1_691' title='bbox 2769 4602 3081 4654; x_wconf 87' lang='lat' dir='ltr'><strong>necessario</strong></span> <span class='ocrx_word' id='word_1_692' title='bbox 3107 4602 3304 4663; x_wconf 63' lang='lat' dir='ltr'><strong>dilatat,</strong></span> <span class='ocrx_word' id='word_1_693' title='bbox 3334 4607 3477 4672; x_wconf 89' lang='lat' dir='ltr'><strong>quod</strong></span> <span class='ocrx_word' id='word_1_694' title='bbox 3507 4603 3676 4657; x_wconf 85' lang='lat' dir='ltr'><strong>obdu-</strong></span> 
     </span>
    </p>
   </div>
   <div class='ocr_carea' id='block_1_104' title="bbox 2111 4688 3675 4761">
    <p class='ocr_par' dir='ltr' id='par_1_104' title="bbox 2111 4688 3675 4761">
     <span class='ocr_line' id='line_1_104' title="bbox 2111 4688 3675 4761; baseline 0.001 -19"><span class='ocrx_word' id='word_1_695' title='bbox 2111 4689 2346 4742; x_wconf 85' lang='lat' dir='ltr'><strong>eendum</strong></span> <span class='ocrx_word' id='word_1_696' title='bbox 2396 4689 2588 4756; x_wconf 77' lang='lat' dir='ltr'><strong>puella:</strong></span> <span class='ocrx_word' id='word_1_697' title='bbox 2637 4688 2827 4740; x_wconf 89' lang='lat' dir='ltr'><strong>vitium</strong></span> <span class='ocrx_word' id='word_1_698' title='bbox 2861 4703 3010 4741; x_wconf 84' lang='lat' dir='ltr'><strong>mora</strong></span> <span class='ocrx_word' id='word_1_699' title='bbox 3041 4690 3233 4744; x_wconf 82' lang='lat' dir='ltr'><strong>saltem</strong></span> <span class='ocrx_word' id='word_1_700' title='bbox 3264 4694 3523 4761; x_wconf 84' lang='lat' dir='ltr'><strong>quadam,</strong></span> <span class='ocrx_word' id='word_1_701' title='bbox 3552 4703 3604 4747; x_wconf 90' lang='lat' dir='ltr'><strong>et</strong></span> <span class='ocrx_word' id='word_1_702' title='bbox 3633 4690 3675 4745; x_wconf 92' lang='lat' dir='ltr'><strong>si</strong></span> 
     </span>
    </p>
   </div>
   <div class='ocr_carea' id='block_1_105' title="bbox 2111 4778 3676 4853">
    <p class='ocr_par' dir='ltr' id='par_1_105' title="bbox 2111 4778 3676 4853">
     <span class='ocr_line' id='line_1_105' title="bbox 2111 4778 3676 4853; baseline 0.004 -22"><span class='ocrx_word' id='word_1_703' title='bbox 2111 4794 2222 4848; x_wconf 91' lang='lat' dir='ltr'><strong>quo</strong></span> <span class='ocrx_word' id='word_1_704' title='bbox 2257 4778 2421 4833; x_wconf 89' lang='lat' dir='ltr'><strong>modo</strong></span> <span class='ocrx_word' id='word_1_705' title='bbox 2451 4788 2654 4847; x_wconf 89' lang='lat' dir='ltr'><strong>posset,</strong></span> <span class='ocrx_word' id='word_1_706' title='bbox 2704 4780 3131 4835; x_wconf 90' lang='lat' dir='ltr'><strong>oblitterandum</strong></span> <span class='ocrx_word' id='word_1_707' title='bbox 3169 4784 3462 4839; x_wconf 88' lang='lat' dir='ltr'><strong>videretur.</strong></span> <span class='ocrx_word' id='word_1_708' title='bbox 3496 4787 3676 4853; x_wconf 79' lang='lat' dir='ltr'><strong>itaque</strong></span> 
     </span>
    </p>
   </div>
   <div class='ocr_carea' id='block_1_106' title="bbox 2111 4870 3676 4952">
    <p class='ocr_par' dir='ltr' id='par_1_106' title="bbox 2111 4870 3676 4952">
     <span class='ocr_line' id='line_1_106' title="bbox 2111 4870 3676 4952; baseline 0.004 -30"><span class='ocrx_word' id='word_1_709' title='bbox 2111 4870 2569 4939; x_wconf 87' lang='lat' dir='ltr'><strong>protovestiarius</strong></span> <span class='ocrx_word' id='word_1_710' title='bbox 2615 4871 2808 4924; x_wconf 87' lang='lat' dir='ltr'><strong>morbo</strong></span> <span class='ocrx_word' id='word_1_711' title='bbox 2855 4874 3120 4952; x_wconf 53' lang='lat' dir='ltr'><strong>pertinaci</strong></span> <span class='ocrx_word' id='word_1_712' title='bbox 3154 4875 3313 4929; x_wconf 87' lang='lat' dir='ltr'><strong>morti</strong></span> <span class='ocrx_word' id='word_1_713' title='bbox 3350 4880 3548 4931; x_wconf 84' lang='lat' dir='ltr'><strong>sensim</strong></span> <span class='ocrx_word' id='word_1_714' title='bbox 3583 4876 3676 4928; x_wconf 84' lang='lat' dir='ltr'><strong>ad-</strong></span> 
     </span>
    </p>
   </div>
   <div class='ocr_carea' id='block_1_107' title="bbox 2111 4965 3678 5034">
    <p class='ocr_par' dir='ltr' id='par_1_107' title="bbox 2111 4965 3678 5034">
     <span class='ocr_line' id='line_1_107' title="bbox 2111 4965 3678 5034; baseline -0.001 -16"><span class='ocrx_word' id='word_1_715' title='bbox 2111 4975 2291 5018; x_wconf 88' lang='lat' dir='ltr'><strong>motus</strong></span> <span class='ocrx_word' id='word_1_716' title='bbox 2337 4965 2537 5018; x_wconf 83' lang='lat' dir='ltr'><strong>durare</strong></span> <span class='ocrx_word' id='word_1_717' title='bbox 2581 4978 2756 5033; x_wconf 89' lang='lat' dir='ltr'><strong>usque</strong></span> <span class='ocrx_word' id='word_1_718' title='bbox 2803 4965 2870 5017; x_wconf 89' lang='lat' dir='ltr'><strong>ad</strong></span> <span class='ocrx_word' id='word_1_719' title='bbox 2920 4965 3037 5034; x_wconf 83' lang='lat' dir='ltr'><strong>ejus</strong></span> <span class='ocrx_word' id='word_1_720' title='bbox 3063 4968 3398 5020; x_wconf 90' lang='lat' dir='ltr'><strong>matrimonii</strong></span> <span class='ocrx_word' id='word_1_721' title='bbox 3428 4982 3678 5022; x_wconf 89' lang='lat' dir='ltr'><strong>consum-</strong></span> 
     </span>
    </p>
   </div>
   <div class='ocr_carea' id='block_1_108' title="bbox 2111 5056 3677 5126">
    <p class='ocr_par' dir='ltr' id='par_1_108' title="bbox 2111 5056 3677 5126">
     <span class='ocr_line' id='line_1_108' title="bbox 2111 5056 3677 5126; baseline 0.001 -16"><span class='ocrx_word' id='word_1_722' title='bbox 2111 5056 2407 5110; x_wconf 89' lang='lat' dir='ltr'><strong>mationem</strong></span> <span class='ocrx_word' id='word_1_723' title='bbox 2438 5070 2543 5111; x_wconf 91' lang='lat' dir='ltr'><strong>non</strong></span> <span class='ocrx_word' id='word_1_724' title='bbox 2575 5056 2794 5124; x_wconf 87' lang='lat' dir='ltr'><strong>potuit:</strong></span> <span class='ocrx_word' id='word_1_725' title='bbox 2834 5065 3012 5111; x_wconf 88' lang='lat' dir='ltr'><strong>tamen</strong></span> <span class='ocrx_word' id='word_1_726' title='bbox 3046 5057 3323 5112; x_wconf 76' lang='lat' dir='ltr'><strong>afﬁnitatis</strong></span> <span class='ocrx_word' id='word_1_727' title='bbox 3356 5072 3463 5114; x_wconf 86' lang='lat' dir='ltr'><strong>tam</strong></span> <span class='ocrx_word' id='word_1_728' title='bbox 3491 5060 3677 5126; x_wconf 70' lang='lat' dir='ltr'><strong>amplae</strong></span> 
     </span>
    </p>
   </div>
   <div class='ocr_carea' id='block_1_109' title="bbox 2112 5148 3671 5218">
    <p class='ocr_par' dir='ltr' id='par_1_109' title="bbox 2112 5148 3671 5218">
     <span class='ocr_line' id='line_1_109' title="bbox 2112 5148 3671 5218; baseline -0.001 -16"><span class='ocrx_word' id='word_1_729' title='bbox 2112 5148 2229 5202; x_wconf 87' lang='lat' dir='ltr'><strong>sola</strong></span> <span class='ocrx_word' id='word_1_730' title='bbox 2261 5148 2389 5202; x_wconf 90' lang='lat' dir='ltr'><strong>licet</strong></span> <span class='ocrx_word' id='word_1_731' title='bbox 2426 5162 2522 5217; x_wconf 92' lang='lat' dir='ltr'><strong>spe</strong></span> <span class='ocrx_word' id='word_1_732' title='bbox 2547 5162 2611 5201; x_wconf 87' lang='lat' dir='ltr'><strong>ac</strong></span> <span class='ocrx_word' id='word_1_733' title='bbox 2641 5156 2789 5201; x_wconf 85' lang='lat' dir='ltr'><strong>certa</strong></span> <span class='ocrx_word' id='word_1_734' title='bbox 2821 5149 3229 5217; x_wconf 81' lang='lat' dir='ltr'><strong>exspectatione</strong></span> <span class='ocrx_word' id='word_1_735' title='bbox 3259 5154 3510 5218; x_wconf 68' lang='lat' dir='ltr'><strong>praecepit</strong></span> <span class='ocrx_word' id='word_1_736' title='bbox 3539 5164 3671 5216; x_wconf 83' lang='lat' dir='ltr'><strong>gau-</strong></span> 
     </span>
    </p>
   </div>
   <div class='ocr_carea' id='block_1_110' title="bbox 2111 5238 3672 5307">
    <p class='ocr_par' dir='ltr' id='par_1_110' title="bbox 2111 5238 3672 5307">
     <span class='ocr_line' id='line_1_110' title="bbox 2111 5238 3672 5307; baseline 0.001 -16"><span class='ocrx_word' id='word_1_737' title='bbox 2111 5238 2287 5301; x_wconf 90' lang='lat' dir='ltr'><strong>dium,</strong></span> <span class='ocrx_word' id='word_1_738' title='bbox 2337 5238 2390 5290; x_wconf 90' lang='lat' dir='ltr'><strong>in</strong></span> <span class='ocrx_word' id='word_1_739' title='bbox 2437 5252 2608 5307; x_wconf 82' lang='lat' dir='ltr'><strong>eoque</strong></span> <span class='ocrx_word' id='word_1_740' title='bbox 2652 5239 2816 5292; x_wconf 88' lang='lat' dir='ltr'><strong>vitam</strong></span> <span class='ocrx_word' id='word_1_741' title='bbox 2866 5240 3120 5295; x_wconf 85' lang='lat' dir='ltr'><strong>absolvit.</strong></span> <span class='ocrx_word' id='word_1_742' title='bbox 3176 5242 3257 5295; x_wconf 86' lang='lat' dir='ltr'><strong>Eo</strong></span> <span class='ocrx_word' id='word_1_743' title='bbox 3305 5255 3519 5297; x_wconf 89' lang='lat' dir='ltr'><strong>mortuo</strong></span> <span class='ocrx_word' id='word_1_744' title='bbox 3574 5241 3672 5293; x_wconf 79' lang='lat' dir='ltr'><strong>rite</strong></span> 
     </span>
    </p>
   </div>
   <div class='ocr_carea' id='block_1_111' title="bbox 2110 5328 3677 5402">
    <p class='ocr_par' dir='ltr' id='par_1_111' title="bbox 2110 5328 3677 5402">
     <span class='ocr_line' id='line_1_111' title="bbox 2110 5328 3677 5402; baseline -0.001 -18"><span class='ocrx_word' id='word_1_745' title='bbox 2110 5330 2442 5384; x_wconf 83' lang='lat' dir='ltr'><strong>celebratum</strong></span> <span class='ocrx_word' id='word_1_746' title='bbox 2472 5328 2524 5383; x_wconf 89' lang='lat' dir='ltr'><strong>id</strong></span> <span class='ocrx_word' id='word_1_747' title='bbox 2550 5331 2956 5385; x_wconf 86' lang='lat' dir='ltr'><strong>matrimonium</strong></span> <span class='ocrx_word' id='word_1_748' title='bbox 2977 5340 3079 5394; x_wconf 89' lang='lat' dir='ltr'><strong>est,</strong></span> <span class='ocrx_word' id='word_1_749' title='bbox 3100 5341 3155 5384; x_wconf 90' lang='lat' dir='ltr'><strong>et</strong></span> <span class='ocrx_word' id='word_1_750' title='bbox 3173 5333 3391 5402; x_wconf 90' lang='lat' dir='ltr'><strong>quidem</strong></span> <span class='ocrx_word' id='word_1_751' title='bbox 3417 5334 3677 5388; x_wconf 83' lang='lat' dir='ltr'><strong>Constan-</strong></span> 
     </span>
    </p>
   </div>
   <div class='ocr_carea' id='block_1_112' title="bbox 2112 5404 3672 5494">
    <p class='ocr_par' dir='ltr' id='par_1_112' title="bbox 2112 5404 3672 5494">
     <span class='ocr_line' id='line_1_112' title="bbox 2112 5404 3672 5494; baseline 0.002 -21"><span class='ocrx_word' id='word_1_752' title='bbox 2112 5421 2229 5474; x_wconf 91' lang='lat' dir='ltr'><strong>tino</strong></span> <span class='ocrx_word' id='word_1_753' title='bbox 2285 5420 2397 5489; x_wconf 89' lang='lat' dir='ltr'><strong>jam</strong></span> <span class='ocrx_word' id='word_1_754' title='bbox 2456 5423 2521 5475; x_wconf 90' lang='lat' dir='ltr'><strong>ad</strong></span> <span class='ocrx_word' id='word_1_755' title='bbox 2573 5422 2815 5491; x_wconf 70' lang='lat' dir='ltr'><strong>despotae</strong></span> <span class='ocrx_word' id='word_1_756' title='bbox 2874 5424 3191 5493; x_wconf 86' lang='lat' dir='ltr'><strong>dignitatem</strong></span> <span class='ocrx_word' id='word_1_757' title='bbox 3251 5404 3468 5485; x_wconf 76' lang='lat' dir='ltr'><strong>erecto;</strong></span> <span class='ocrx_word' id='word_1_758' title='bbox 3533 5423 3672 5494; x_wconf 90' lang='lat' dir='ltr'><strong>quod</strong></span> 
     </span>
    </p>
   </div>
   <div class='ocr_carea' id='block_1_113' title="bbox 2113 5513 3675 5588">
    <p class='ocr_par' dir='ltr' id='par_1_113' title="bbox 2113 5513 3675 5588">
     <span class='ocr_line' id='line_1_113' title="bbox 2113 5513 3675 5588; baseline 0 -21"><span class='ocrx_word' id='word_1_759' title='bbox 2113 5513 2337 5567; x_wconf 87' lang='lat' dir='ltr'><strong>minime</strong></span> <span class='ocrx_word' id='word_1_760' title='bbox 2402 5525 2731 5569; x_wconf 87' lang='lat' dir='ltr'><strong>consecutus</strong></span> <span class='ocrx_word' id='word_1_761' title='bbox 2787 5514 3110 5571; x_wconf 87' lang='lat' dir='ltr'><strong>Theodorus</strong></span> <span class='ocrx_word' id='word_1_762' title='bbox 3166 5518 3269 5572; x_wconf 91' lang='lat' dir='ltr'><strong>fuit</strong></span> <span class='ocrx_word' id='word_1_763' title='bbox 3331 5516 3675 5588; x_wconf 84' lang='lat' dir='ltr'><strong>quantumvis</strong></span> 
     </span>
    </p>
   </div>
   <div class='ocr_carea' id='block_1_114' title="bbox 2110 5605 3673 5677">
    <p class='ocr_par' dir='ltr' id='par_1_114' title="bbox 2110 5605 3673 5677">
     <span class='ocr_line' id='line_1_114' title="bbox 2110 5605 3673 5677; baseline 0 -18"><span class='ocrx_word' id='word_1_764' title='bbox 2110 5605 2230 5676; x_wconf 86' lang='lat' dir='ltr'><strong>ejus</strong></span> <span class='ocrx_word' id='word_1_765' title='bbox 2271 5617 2442 5660; x_wconf 89' lang='lat' dir='ltr'><strong>mater</strong></span> <span class='ocrx_word' id='word_1_766' title='bbox 2482 5607 2638 5661; x_wconf 83' lang='lat' dir='ltr'><strong>valde</strong></span> <span class='ocrx_word' id='word_1_767' title='bbox 2670 5608 2897 5677; x_wconf 91' lang='lat' dir='ltr'><strong>cupiens</strong></span> <span class='ocrx_word' id='word_1_768' title='bbox 2945 5611 3051 5665; x_wconf 88' lang='lat' dir='ltr'><strong>isto</strong></span> <span class='ocrx_word' id='word_1_769' title='bbox 3095 5611 3408 5665; x_wconf 87' lang='lat' dir='ltr'><strong>decoratum</strong></span> <span class='ocrx_word' id='word_1_770' title='bbox 3460 5608 3673 5661; x_wconf 85' lang='lat' dir='ltr'><strong>nomine</strong></span> 
     </span>
    </p>
   </div>
   <div class='ocr_carea' id='block_1_115' title="bbox 2113 5698 3672 5780">
    <p class='ocr_par' dir='ltr' id='par_1_115' title="bbox 2113 5698 3672 5780">
     <span class='ocr_line' id='line_1_115' title="bbox 2113 5698 3672 5780; baseline 0 -29"><span class='ocrx_word' id='word_1_771' title='bbox 2113 5698 2261 5751; x_wconf 90' lang='lat' dir='ltr'><strong>hunc</strong></span> <span class='ocrx_word' id='word_1_772' title='bbox 2292 5712 2511 5767; x_wconf 89' lang='lat' dir='ltr'><strong>quoque</strong></span> <span class='ocrx_word' id='word_1_773' title='bbox 2548 5698 2721 5754; x_wconf 85' lang='lat' dir='ltr'><strong>lilium</strong></span> <span class='ocrx_word' id='word_1_774' title='bbox 2755 5701 2960 5765; x_wconf 86' lang='lat' dir='ltr'><strong>videre,</strong></span> <span class='ocrx_word' id='word_1_775' title='bbox 2995 5702 3404 5757; x_wconf 86' lang='lat' dir='ltr'><strong>instantissimis</strong></span> <span class='ocrx_word' id='word_1_776' title='bbox 3452 5702 3520 5780; x_wconf 82' lang='lat' dir='ltr'><strong>ab</strong></span> <span class='ocrx_word' id='word_1_777' title='bbox 3565 5704 3672 5753; x_wconf 77' lang='lat' dir='ltr'><strong>Au-</strong></span> 
     </span>
    </p>
   </div>
   <div class='ocr_carea' id='block_1_116' title="bbox 2106 5787 3668 5863">
    <p class='ocr_par' dir='ltr' id='par_1_116' title="bbox 2106 5787 3668 5863">
     <span class='ocr_line' id='line_1_116' title="bbox 2106 5787 3668 5863; baseline -0.001 -23"><span class='ocrx_word' id='word_1_778' title='bbox 2106 5795 2271 5854; x_wconf 71' lang='lat' dir='ltr'><strong>gusto</strong></span> <span class='ocrx_word' id='word_1_779' title='bbox 2299 5800 2400 5842; x_wconf 89' lang='lat' dir='ltr'><strong>suo</strong></span> <span class='ocrx_word' id='word_1_780' title='bbox 2425 5787 2554 5843; x_wconf 89' lang='lat' dir='ltr'><strong>item</strong></span> <span class='ocrx_word' id='word_1_781' title='bbox 2578 5789 2690 5845; x_wconf 85' lang='lat' dir='ltr'><strong>tilio</strong></span> <span class='ocrx_word' id='word_1_782' title='bbox 2719 5793 3058 5848; x_wconf 88' lang='lat' dir='ltr'><strong>contenderit</strong></span> <span class='ocrx_word' id='word_1_783' title='bbox 3084 5794 3340 5863; x_wconf 88' lang='lat' dir='ltr'><strong>precibus</strong></span> <span class='ocrx_word' id='word_1_784' title='bbox 3371 5806 3426 5848; x_wconf 90' lang='lat' dir='ltr'><strong>ut</strong></span> <span class='ocrx_word' id='word_1_785' title='bbox 3458 5791 3668 5845; x_wconf 83' lang='lat' dir='ltr'><strong>fratrem</strong></span> 
     </span>
    </p>
   </div>
  </div>
