4018 6446
326 448 434 510 905

1239 444 1337 509 DE
1378 434 1822 511 ANDRONltiO
1856 452 2320 512 mmomso
2364 457 2508 514 ιλιι.
2548 455 2629 513 ιι.

3465 452 3571 519 296

326 570 554 634 ἐπέστη,
610 568 702 618 καὶ
754 560 783 619 6
832 560 931 636 μὲν
985 566 1493 637 προϐληθησὸμενος
1541 568 1727 636 ηγετο.
1783 571 1809 620 ὀ
1841 569 1895 619 δὲ
1928 574 1968 626 Α
2002 559 2096 637 sq;
2156 572 2379 640 σφόδρα,
2443 570 2945 642 συνηρμοὶογοῦντό
2982 588 3039 624 τε
3088 572 3180 624 καὶ
3230 572 3569 626 καθίσταντος

327 657 627 727 Γρηγόριος
685 658 1017 721 ὲνστατικῶς
1075 659 1172 728 τὴν
1228 659 1426 727 πρᾶξιν
1488 659 1776 726 ἀπέλεγεν,
1828 659 1902 720 ὡς

325 743 471 800 εἴναι
509 747 619 798 τῶν
667 745 943 801 ἀδυνάτων
998 749 1226 815 Κοσμᾶν
1281 751 1512 817 μένοντα
1560 749 1750 802 τοῦτον
1803 760 1906 799 rte-‘-

326 832 598 907 τριάρχην
636 838 901 906 γίνεσθαι,
949 838 1110 902 εὐθὺς
1150 839 1421 910 ὀστράκου
1479 840 1901 908 μεταπεσόντος,

325 930 516 996 φασὶν,
552 927 861 998 αὐθημερὸν
898 928 1149 998 Ἰωάννης
1190 929 1637 998 μετονομάζεται,
1671 929 1732 983 οὐ
1767 947 1905 997 γνω-

324 1018 460 1070 σθέν
488 1035 600 1070 τισι
630 1005 900 1088 ’πρότερον
926 1018 959 1089 ἦ
991 1019 1406 1089 εὐφημουμένου
1437 1015 1532 1073 τοῦ
1572 1021 1905 1092 προϐληθέν·-

322 1128 439 1173 τος.
476 1111 612 1164 TIS-rs
659 1110 851 1181 παρὼν
878 1112 906 1163 ὁ
952 1112 1168 1174 Λουκᾶς
1218 1113 1310 1164 καὶ
1342 1112 1579 1175 ἀκούσας
1618 1113 1822 1184 τέθηπέ
1849 1132 1906 1167 τε

323 1203 557 1269 εὐθέως,
600 1207 695 1257 καὶ⁵
734 1202 987 1257 ἀπελθὼν
1040 1202 1356 1272 ἐξαγγέλλει
1409 1204 1487 1275 τῷ
1532 1204 1818 1277 Γρηγορίῳ
1848 1207 1907 1260 τὸ

320 1293 538 1363 δρᾶμα,
571 1293 664 1346 καὶ
703 1294 824 1347 τότε
851 1296 876 1346 ὁ
903 1293 1203 1363 Γρηγόριος
1238 1293 1536 1359 πιστεύσας
1566 1296 1767 1366 μᾶλλον
1794 1302 1906 1363 τοῖς

323 1388 674 1454 γράμμασιν,
719 1384 752 1453 ἢ
785 1383 996 1437 πείθειν
1033 1385 1228 1449 ἄλλους
1258 1386 1525 1452 σπεύδων,
1557 1389 1653 1441 καὶ
1686 1390 1754 1444 τὰ
1800 1393 1909 1443 λειέ

326 1476 551 1546 πόμενα
577 1475 908 1548 προσετίθει,
933 1476 1028 1529 καὶ
1054 1477 1131 1540 ὡς
1161 1477 1351 1541 τόσους
1382 1479 1610 1547 χρόνους
1638 1497 1910 1551 πατριαρ-

321 1568 521 1637 χεύσει
556 1569 654 1621 καὶ
679 1569 752 1632 ὡς
776 1568 836 1621 ού
868 1570 935 1639 τῇ
963 1572 1097 1638 τιμῇ
1127 1570 1573 1624 ἐπαποθανεῖται.
1607 1573 1716 1627 Καὶ
1739 1573 1910 1626 ταῦτα

319 1662 513 1730 γέρων
563 1660 640 1714 ὢν
691 1661 786 1715 καὶ
838 1663 972 1732 πρὶς
1018 1662 1098 1731 τῷ
1153 1662 1369 1734 θανάτῳ
1404 1663 1722 1735 προέλεγεν.
1770 1650 1911 1719 Ἀλλ’

320 1753 537 1815 ἐκεῖνος
566 1751 667 1823 τὴν
696 1750 781 1824 [Ρ.
826 1751 951 1825 124]
988 1753 1348 1822 ποιμαντικὴν
1396 1754 1698 1825 βακτηρίαν
1729 1755 1910 1809 λαϐὼν

321 1844 485 1913 ’παρὰ
516 1842 609 1896 τοῦ
654 1843 1004 1913 κρατοῦντος,
1042 1843 1116 1906 ὡς
1163 1844 1389 1910 εἴθιστο,
1438 1847 1663 1915 τιμᾶται
1706 1847 1801 1899 καὶ
1827 1847 1905 1899 δι-

320 1933 644 2002 δαμὸούλῳ.
682 1936 788 1986 Καὶ
833 1933 1023 2005 πρώτῃ
1080 1927 1551 2004 Ἑκατομϐαιῶνος
1584 1938 1754 2007 μηνὸς
1799 1938 1898 2008 τὴν

321 2026 667 2093 χειροτονίαν
697 2025 932 2094 δέχεται.
975 2026 1258 2080 Ἐντεῦθεν
1291 2028 1502 2081 ἐκείνου
1532 2031 1712 2083 πᾶσαν
1740 2032 1906 2085 ἐνδει-

323 2116 569 2184 ξαμένου
626 2118 736 2178 τοῖς
776 2114 1100 2185 πράγμασιν
1145 2118 1482 2188 ἡμερότητα.
1529 2122 1596 2173 τὰ
1648 2121 1748 2190 τῆς
1787 2122 1907 2175 Ἐκ-

325 2206 564 2273 κλησίας
596 2205 733 2275 μέλη
774 2207 870 2258 καὶ
903 2208 1067 2277 μέρη,
1108 2208 1236 2278 ϊδὴ
1286 2209 1413 2278 χθὲς
1444 2212 1537 2263 καὶ
1569 2213 1673 2282 πρὸ
1718 2213 1905 2283 τρίτης

324 2295 619 2368 διῃροῦντο
643 2314 702 2350 τε
743 2297 839 2352 καὶ
862 2298 1135 2352 διίσταντο
1164 2298 1222 2365 ἐξ
1263 2301 1574 2366 ἀντιπνοίας
1614 2304 1908 2376 κυμαινού-

324 2481 464 2549 quid
529 2470 817 2550 pararetur
872 2482 1103 2538 audiens
1143 2499 1173 2538 a
1223 2497 1323 2539 suo
1384 2486 1676 2555 praeposito
1737 2487 1906 2553 Luca,

328 2574 479 2628 haud
509 2574 740 2628 credidit
768 2575 980 2638 nuntio,
1012 2577 1342 2644 pertendens
1369 2592 1473 2629 non
1508 2578 1786 2645 Cosmam,
1812 2583 1904 2635 sed

326 2665 596 2722 Joannem
628 2674 878 2720 vocatum
903 2666 969 2720 iri
998 2667 1090 2735 qui
1122 2667 1371 2736 proxime
1414 2666 1557 2722 foret
1579 2669 1643 2723 ad
1677 2670 1907 2739 patriar-

326 2760 557 2813 chatum
595 2756 1026 2826 promovendos.
1065 2756 1123 2811 In
1161 2772 1338 2827 eoque
1366 2766 1474 2813 tam
1512 2759 1655 2814 tixtts
1700 2769 1818 2815 erat
1850 2771 1908 2814 ut

327 2850 745 2919 qualescunque
798 2850 1116 2917 quorumvis
1143 2851 1198 2903 in
1232 2851 1568 2905 contrarium
1598 2852 1908 2908 molitiones

330 2956 561 2996 casuras
595 2942 648 2995 in
683 2942 899 2997 irritum
927 2942 1084 3010 plane
1122 2941 1438 2999 aﬂirmaret.
1481 2944 1611 2998 Eam
1649 2946 1738 2999 ille
1789 2961 1912 3014 per-

331 3036 646 3089 suasionem
676 3049 705 3087 e
736 3033 910 3096 libris,
943 3033 1161 3102 Opinor,
1200 3034 1477 3100 hauserat,
1519 3051 1628 3090 non
1680 3053 1745 3092 ex
1799 3038 1908 3091 ulla

337 3126 518 3178 divina
584 3124 939 3178 revelatione.
993 3124 1268 3194 Apparatu
1308 3125 1668 3181 nihilominus
1700 3128 1773 3181 rei
1809 3128 1906 3183 de-

332 3224 498 3269 cretrc
541 3215 894 3283 procedente,
935 3229 1059 3267 cum
1091 3213 1204 3281 jam
1250 3213 1522 3270 illuxisset
1544 3215 1659 3270 dies
1678 3217 1822 3271 dicta
1855 3225 1909 3270 et
1940 3245 1982 3308 ρ

327 3308 569 3361 Cosmas
610 3305 1017 3374 promovendus
1047 3304 1364 3370 duceretur,
1399 3306 1677 3374 perstabat
1709 3307 1915 3362 itlSlall-

331 3399 444 3453 tius
502 3396 802 3466 Gregorius
851 3404 1088 3465 emptum
1145 3411 1529 3451 successurum
1589 3411 1912 3466 pernegaris.

330 3505 399 3544 ac
438 3507 508 3542 ne
542 3489 657 3542 lteri
686 3487 903 3558 quidem
937 3502 1121 3557 posse,
1180 3488 1446 3553 intrepide
1480 3490 1654 3551 aiens,
1713 3498 1767 3543 ut
1824 3490 1915 3543 hic

331 3582 578 3648 quan-diu
617 3579 845 3633 Cosmas
874 3586 1236 3647 permaneret,
1265 3576 1574 3647 patriarcha
1609 3589 1909 3634 crearetur.

332 3672 533 3727 Statim
581 3671 770 3739 igitur,
826 3669 971 3722 velut
1017 3668 1219 3737 lapsu,.
1255 3668 1401 3736 quod
1453 3668 1629 3735 aiunt,
1692 3672 1908 3740 tegul'e.

334 3765 451 3832 ipsa
480 3762 569 3817 die
588 3759 830 3815 Joannes
848 3759 1343 3823 transnominatur,
1368 3761 1484 3815 sive
1510 3760 1672 3831 186
1697 3761 1749 3815 id
1774 3777 1910 3831 prte-

333 3865 487 3909 terea
516 3869 714 3908 nomen
747 3853 837 3906 ille
877 3860 1066 3918 antea,
1115 3851 1213 3906 sed
1254 3852 1442 3920 paucis
1477 3862 1684 3914 notum,
1724 3852 1908 3916 terret,

333 3962 432 4001 seu
457 3945 739 4016 cognitam
791 3942 1041 4013 Gregorii
1078 3939 1436 3997 offensionem
1491 3943 1707 4012 placare
1766 3943 1914 3999 dest-

337 4049 539 4109 gnatus
590 4037 766 4091 voluit
831 4036 978 4090 facili
1042 4035 1347 4089 mutatione
1401 4035 1661 4088 nominis.
1716 4034 1913 4089 Audito

337 4132 536 4194 Lucas,
557 4131 652 4198 qui
673 4142 912 4198 praesens
957 4128 1164 4192 aderat,
1199 4125 1385 4181 vocari
1449 4141 1596 4182 nunc
1645 4125 1910 4181 Joannem

334 4222 432 4291 qui
484 4220 640 4289 prius
698 4217 931 4273 Cosmas
983 4216 1258 4278 audiebat,
1318 4216 1556 4269 accurrit
1606 4218 1910 4269 nuntiatum

333 4312 605 4381 Gregorio
632 4310 826 4364 miram
855 4307 1259 4376 catastrophen.
1284 4303 1441 4360 Tunc
1462 4320 1593 4361 vero
1612 4304 1912 4375 Gregorius

338 4404 512 4474 magis
536 4400 767 4456 credens
800 4399 919 4466 ipse
958 4397 1198 4453 fatidicis
1258 4412 1399 4466 quas
1451 4396 1665 4464 legerat
1716 4397 1912 4450 litteris

337 4507 504 4562 quam
537 4488 870 4561 persuadere
902 4487 1023 4542 aliis
1051 4498 1327 4558 satagens,
1366 4486 1579 4556 reliqua
1624 4485 1913 4553 subiunxit

2008 661 2067 711 ού
2104 659 2208 729 μὴν
2240 661 2284 713 δ’
2336 659 2477 714 ὥστε
2522 665 2614 713 καὶ
2665 662 2790 723 τοὺς
2843 661 2942 730 τῆς
2992 662 3316 733 Ἐκκλησίας
3367 665 3575 718 τελείαν

2008 742 2162 817 ἄγειν
2214 751 2457 821 εἰρήνην,
2502 751 2609 802 τῶν
2661 752 2759 821 μὲν
2809 753 3188 822 ὲπισχομένων
3246 754 3452 809 τέλειον
3488 758 3576 810 διὰ

2008 832 2106 910 τὴν
2144 829 2394 910 χθεσινὴν
2454 842 2878 906 ἀκαταστασίαν,
2935 842 3042 894 τῶν
3085 841 3163 907 δὲ,
3204 844 3255 896 εί
3304 846 3398 897 καὶ
3431 842 3577 915 εἶχον

2008 931 2231 995 τούτους
2264 933 2322 985 ὲν
2373 928 2523 998 τάξει
2553 918 2648 987 τού
2691 932 2936 1003 βήματος
2964 935 3059 989 καὶ
3107 932 3577 1007 συλλειτουργοῦς,

2012 1024 2431 1094 περιορωμένων
2481 1024 2540 1079 ὲν
2596 1024 2800 1095 μείζονι
2856 1027 3133 1096 προκοπῇ,
3185 1022 3293 1079 τῶν
3329 1029 3580 1097 μοναχῶν

2013 1114 2447 1184 προτιμωμένων
2495 1117 2553 1169 ἐν
2597 1112 2800 1185 ψήφοις
2849 1117 3252 1188 ἀρχιερότητος.
3282 1118 3473 1187 Ὅμως
3516 1128 3581 1186 γε

2014 1204 2198 1273 μέντοι
2227 1206 2309 1273 (τὸ
2354 1206 2462 1275 γὰρ
2487 1206 2666 1259 κοινὸν
2700 1207 2900 1271 οἰστὸν,
2937 1207 3040 1261 κᾶν
3067 1208 3175 1260 τῶν
3205 1207 3464 1280 λυπηρῶν
3498 1208 3585 1261 λο-

2009 1290 2229 1362 γίζηται
2277 1297 2372 1348 καὶ
2418 1296 2764 1366 ἀνύποιστον)
2818 1296 3065 1366 διέφερον
3117 1299 3212 1370 τὴν
3261 1299 3454 1370 ὀδύνην
3489 1318 3584 1369 με-

2010 1386 2196 1452 τρίως,
2226 1387 2321 1437 καὶ
2345 1382 2405 1438 τὸ
2432 1384 2491 1450 ἐξ
2524 1386 2702 1440 αὐτῶν
2731 1388 3102 1457 εἰρηνεύοντες
3128 1406 3189 1441 τε
3216 1390 3310 1442 καὶ
3334 1390 3581 1458 γαληνῶς

2010 1473 2224 1543 ἔχοντες
2247 1474 2366 1544 Θεῷ
2399 1476 2826 1546 προσανετίθουν
2868 1478 2936 1532 τὰ
2969 1478 3091 1533 καθ’
3121 1480 3339 1543 αὐτούς,
3384 1480 3445 1534 '0
3477 1483 3581 1550 γὰρ

2014 1567 2240 1632 Κοσίέᾶς
2286 1562 2439 1630 οὗτος
2473 1569 2565 1621 καὶ
2612 1568 2863 1639 Ἰωάννης
2909 1570 2989 1623 ἔτι
3041 1571 3141 1640 μὲν
3183 1571 3340 1634 ἐκτὸς
3367 1571 3444 1624 ὢν
3472 1572 3582 1624 τῶν

2014 1658 2356 1727 πραγμάτων
2383 1661 2479 1712 καὶ
2515 1660 2805 1714 ἰδιωτεύων
2831 1661 2916 1728 ἐφ’
2944 1661 3116 1716 ἅπασι
3142 1662 3201 1715 τὸ
3228 1665 3318 1716 ἐπὶ
3344 1667 3453 1727 τοίς
3481 1664 3581 1732 τῆς

2026 1748 2354 1821 Ἐκκλησίας
2392 1752 2715 1822 τελούμενον
2754 1754 2935 1806 ἄδικον
2967 1753 3148 1824 ἔκρινε
3180 1756 3276 1808 καὶ
3301 1755 3585 1808 παντάπαε-

2020 1854 2103 1893 σιν
2132 1843 2504 1910 ἁκανόνιστον,
2540 1844 2635 1896 καὶ
2684 1844 2842 1914 δῆλος
2870 1841 2957 1916 ἦν,
3002 1846 3074 1909 ὡς
3104 1845 3285 1916 ἐῴκει,
3333 1850 3381 1900 εί
3421 1849 3583 1910 αὐτὸς

2018 1933 2273 2003 ἐπισταίη
2316 1936 2427 1995 τοῖς
2459 1935 2768 2005 πράγμασι,
2824 1937 3001 1990 λύσων
3031 1939 3131 2010 τὴν
3175 1934 3470 2010 καταδίκην
3507 1941 3582 2003 ὡς

2014 2023 2179 2092 ἱεροῖς
2209 2024 2611 2095 ἀνθισταμένην
2656 2028 2845 2079 κανόσι
2875 2030 2965 2081 καὶ
2993 2023 3271 2100 καιρικαῖς
3306 2033 3556 2102 ἁναφυση

2012 2113 2198 2194 θεῖσαν
2223 2115 2585 2186 ἀνωμαλίαις,
2609 2111 2697 2180 αἷς
2724 2118 2787 2187 δὴ
2811 2118 2905 2170 καὶ
2932 2121 2993 2172 τὸ
3022 2122 3357 2190 καθεστηκὸς
3383 2124 3559 2194 ταράσ-

2015 2192 2199 2258 σεσθαι
2249 2207 2481 2276 πέφυκε,
2529 2208 2691 2276 φύσιν
2721 2210 2936 2279 ἔχοντος
2967 2212 3060 2265 τοῦ
3093 2213 3265 2266 κακοῦ
3314 2214 3391 2285 μὴ
3425 2218 3584 2285 μόνον

2013 2297 2189 2349 ἐκεῖνο
2226 2297 2412 2368 μένειν
2441 2299 2631 2366 κακὸν,
2664 2300 2799 2354 ἀλλὰ
2846 2301 2940 2354 καὶ
2972 2303 3187 2369 πολλοῖς
3230 2305 3580 2374 ὲπφύεσϐαι.

2015 2468 2319 2523 terentibus
2359 2471 2679 2541 presbyterii
2726 2472 2992 2529 duntaxat
3028 2488 3186 2531 tenus
3221 2479 3442 2546 provehi
3481 2480 3584 2533 lto-

2017 2562 2189 2614 mines
2224 2563 2464 2629 ipsorum
2494 2565 2723 2627 ordinis,
2755 2579 3140 2636 summumque
3179 2584 3338 2639 quem
3364 2587 3585 2639 sperare

2019 2654 2278 2707 honorem
2312 2664 2534 2724 possent
2556 2658 2769 2710 detlniri
2800 2663 3062 2714 consessu
3092 2666 3216 2714 cum
3241 2652 3582 2716 antistitibus

2014 2746 2292 2798 communi
2353 2747 2493 2801 intra
2556 2749 2866 2814 cancellos,
2920 2759 2974 2805 et
3023 2752 3398 2821 participando
3457 2770 3581 2809 cum

2019 2835 2208 2888 iisdem
2261 2851 2421 2892 sacro
2482 2838 2671 2894 altaris
2717 2842 3064 2906 ministerio;
3109 2841 3163 2896 in
3203 2845 3583 2914 occasionibus

2018 2927 2333 2983 ulteriorum
2382 2931 2783 3000 promotiouum
2815 2933 3018 3003 deSpiei
3062 2936 3308 3002 clericos,
3347 2952 3583 2991 unorqu

2020 3018 2284 3072 rationem
2317 3022 2502 3075 haberi
2562 3026 2980 3090 monachoruin,
3019 3026 3104 3082 his
3139 3029 3271 3083 solis
3304 3029 3584 3098 episcopa-

2019 3115 2171 3160 tuum
2200 3109 2458 3179 sum-agia
2492 3128 2735 3168 currere.
2778 3113 3113 3172 Moderatius
3167 3128 3348 3173 tamen
3383 3121 3582 3189 singuli

2019 3214 2360 3255 communem
2390 3203 2659 3258 universis
2687 3205 2990 3260 molestiam
3020 3207 3285 3274 ferebant,
3321 3219 3379 3264 ut
3411 3212 3585 3266 cui‘is

2018 3292 2300 3348 tolerabile
2324 3308 2581 3349 censetur
2605 3298 2885 3367 vulgatum
2920 3298 2973 3352 in
3004 3299 3206 3355 multos
3248 3301 3452 3369 pariter
3477 3319 3585 3357 ma-

2018 3384 2149 3447 lum,
2184 3393 2240 3436 et
2295 3389 2646 3453 quantumvis
2701 3390 2934 3444 acerbus
2980 3406 3077 3458 per
3117 3407 3175 3446 se
3210 3400 3428 3461 putetur
3482 3410 3585 3450 nec

2018 3471 2274 3527 ferendus
2301 3474 2478 3535 dolor,
2509 3476 2789 3530 consortio
2816 3476 3091 3531 sociorum
3122 3489 3175 3532 et
3200 3480 3433 3548 paritate
3455 3497 3585 3537 con-

2014 3564 2240 3618 ditionis
2273 3580 2461 3620 omues
2512 3582 2667 3635 aeque
2728 3570 3026 3635 prementis
3072 3570 3276 3639 aliquid
3336 3572 3589 3629 amittere

2016 3656 2175 3726 vulgo
2202 3656 2447 3710 creditur
2495 3657 2695 3712 innatat
2743 3661 3054 3727 gravitatis.
3100 3655 3163 3716 ac'
3210 3664 3587 3720 consolatione

2018 3749 2274 3802 nonnulla
2319 3747 2497 3803 leniri.
2539 3751 2649 3804 Hac
2702 3752 2794 3805 isti
2850 3752 2934 3805 usi
2965 3762 3017 3806 et
3044 3768 3103 3808 se
3135 3756 3280 3825 ipsos
3324 3756 3487 3826 187
3529 3759 3583 3812 in

2016 3854 2146 3908 pare
2176 3841 2550 3905 continebant,
2598 3851 2651 3895 et
2717 3843 3164 3909 tranquillitatem
3225 3857 3322 3914 pro
3370 3860 3428 3900 se
3481 3862 3585 3917 pu-

2017 3933 2234 3996 blicam,
2259 3933 2329 3984 ab
2359 3932 2482 3986 aliis
2506 3933 2874 4002 inquietatidis
2927 3935 3269 4001 abstinendo,
3297 3936 3583 4006 iuvabant,

2018 4024 2126 4075 Deo
2160 4023 2531 4090 permittentes
2555 4036 2740 4078 curam
2798 4025 3073 4079 rationum
3108 4042 3171 4082 ac
3205 4030 3413 4096 jurium
3459 4012 3589 4087 sua-

2015 4128 2158 4176 rum,
2179 4113 2411 4182 quadam
2439 4115 2626 4178 etiam,
2648 4116 2949 4183 praesertim
2982 4115 3160 4180 initio,
3193 4121 3506 4177 mutationis
3529 4126 3583 4178 ιιι

2015 4206 2206 4261 melius
2236 4206 2545 4260 blandiente
2573 4223 2691 4274 spe,
2721 4207 2847 4261 inde
2876 4211 3178 4277 orta,quod
3208 4209 3438 4269 Cosmas
3472 4216 3580 4281 hie,

2015 4299 2177 4351 modo
2212 4299 2476 4363 Joannes,
2534 4300 2853 4368 priusquam
2910 4301 3289 4365 admbveretur
3352 4306 3586 4375 negotiis

2011 4397 2064 4442 et
2089 4388 2352 4457 privatam
2384 4391 2434 4442 in
2463 4391 2679 4443 cunctis
2712 4391 2873 4442 vitam
2906 4398 3111 4460 ageret,
3149 4407 3356 4448 merent
3413 4396 3581 4451 istum

2014 4482 2068 4534 in
2107 4480 2349 4534 Ecclesia
2366 4477 2653 4550 receptum
2684 4480 3017 4549 provehendi
3053 4484 3352 4538 monachos
3381 4486 3436 4540 in
3466 4488 3585 4554 epi-

339 4583 414 4638 ibi
447 4597 480 4637 a
510 4598 571 4637 se
596 4588 829 4650 reperta,
865 4593 1059 4648 nempe
1091 4587 1170 4632 tot
1203 4577 1357 4632 illum
1380 4591 1556 4632 annos
1580 4577 1635 4630 in
1666 4578 1907 4647 patriar-

2015 4579 2291 4638 scopatus,
2322 4570 2543 4626 clericis
2595 4571 2856 4636 exclusis,
2884 4572 3137 4641 iniquum
3194 4573 3477 4644 judicabat
3532 4589 3586 4632 et

336 4674 502 4728 chatu
534 4671 805 4734 futurum,
834 4683 938 4723 nec
977 4668 1145 4722 vitam
1201 4667 1256 4721 in
1286 4682 1351 4721 ea
1389 4667 1653 4735 dignitate
1686 4668 1910 4720 clauru-

342 4777 485 4816 rum.
513 4761 691 4830 Atque
721 4759 840 4813 haec
861 4757 1112 4828 pra-dixit
1149 4757 1306 4810 senio
1332 4757 1616 4812 confectus
1644 4766 1700 4810 et
1750 4756 1912 4811 tnorti

339 4854 580 4909 vicinus.
633 4851 705 4906 At
732 4849 968 4905 Cosmas
996 4854 1247 4917 accepto,
1285 4854 1346 4902 ut
1381 4854 1503 4901 erat
1537 4846 1787 4910 solitum,
1841 4849 1912 4902 ab

341 4948 672 5014 imperatore
701 4940 958 5011 pastorali
1012 4938 1231 5001 baculo,
1287 4937 1587 4991 honoratur
1616 4946 1672 4991 et
1695 4935 1913 4991 Dibam-

342 5037 497 5099 bulo,
545 5033 918 5101 Kalendisque
941 5029 1190 5084 Januarii
1222 5027 1627 5083 ordinationem
1687 5028 1908 5095 accipit.

339 5130 472 5182 Inde
504 5126 600 5180 illo
635 5138 894 5195 aggresso
920 5122 1186 5191 regimen,
1219 5130 1274 5172 et
1321 5133 1541 5172 omnem
1573 5118 1630 5172 in
1672 5117 1912 5171 admini-

339 5216 607 5271 stratione
662 5212 1007 5281 negotiorum
1042 5209 1519 5264 mansuetudinem
1580 5208 1911 5270 exhibente,

339 5315 539 5362 cuncta
568 5302 827 5361 Ecclesia
853 5302 1095 5356 membra
1146 5309 1202 5356 et
1254 5310 1463 5369 partes.
1506 5313 1645 5368 quas
1695 5299 1809 5351 heri
1861 5307 1913 5352 et

343 5398 550 5453 nudius
581 5396 780 5451 tertius
809 5393 950 5448 ﬂans
976 5408 1042 5447 ex
1073 5392 1306 5447 adverso
1363 5391 1660 5445 vehemens
1698 5391 1911 5459 procel-

340 5493 494 5545 losus
526 5488 688 5543 turbo
742 5486 1139 5541 dissociarent
1180 5483 1251 5537 ab
1309 5481 1545 5536 invicem
1597 5481 1913 5550 passimque

338 5583 653 5650 disjecerat,
714 5578 1121 5648 adaptabantur
1162 5583 1220 5629 et
1256 5573 1752 5643 componebantur,
1803 5590 1912 5627 nou

342 5686 526 5728 tamen
548 5673 623 5727 ita
648 5677 708 5725 ut
727 5667 1086 5725 ecclesiastici
1117 5679 1250 5737 pace
1272 5666 1431 5737 plena
1448 5662 1777 5726 fruerentur,
1797 5667 1918 5733 qui-

347 5763 578 5818 busdam
616 5773 831 5823 eorum,
862 5760 1017 5828 quasi
1053 5772 1121 5811 ex
1148 5771 1424 5812 concussu
1460 5769 1680 5823 nuperae
1742 5756 1916 5821 jacta-

344 5854 534 5917 tionis.
585 5852 769 5908 adhuc
830 5849 1157 5905 instabiliter
1223 5847 1560 5902 nutantibus,
1612 5845 1734 5898 aliis
1772 5861 1914 5909 EPﬂle

2015 4661 2172 4731 plane
2201 4660 2534 4716 contrarium
2584 4662 2930 4728 canonibus;
2973 4677 3193 4734 praeque
3235 4680 3297 4721 se
3354 4665 3584 4731 terebat.

2013 4751 2061 4806 si
2127 4766 2370 4821 unquam
2421 4752 2789 4820 praeﬁceretur
2856 4753 3317 4812 administrationi
3376 4772 3585 4820 rerum,

2017 4840 2144 4896 huic
2206 4841 2525 4911 praeiudicio
2579 4842 2970 4912 derogatorum
3020 4853 3080 4898 ut
3109 4846 3282 4900 sacris
3336 4853 3588 4919 opposito

2014 4933 2216 5002 regulis
2265 4943 2315 4987 et
2356 4933 2646 5003 iniquitate
2674 4934 2909 4989 conﬂato
2951 4937 3392 4994 turbulentorum
3448 4951 3590 4996 tem-

2017 5038 2234 5091 porum.
2277 5038 2374 5093 per
2401 5037 2523 5093 quae
2550 5025 2729 5078 solent
2763 5025 2848 5079 vel
2875 5026 3050 5081 solide
3079 5028 3318 5086 stabilita
3368 5035 3587 5089 concuti

2022 5115 2477 5184 labefactatisque
2507 5113 2764 5184 legitimis
2789 5115 2981 5172 usibus
3010 5118 3216 5173 sensim
3250 5122 3423 5192 ingeri
3453 5125 3591 5177 abu-

2015 5222 2132 5267 sus,
2166 5206 2295 5259 mali
2327 5215 2524 5258 natura
2551 5205 2695 5260 haud
2723 5222 2781 5261 se
2799 5208 3119 5264 continente
3141 5213 3284 5267 Intra
3309 5228 3452 5281 sese,
3489 5217 3587 5273 sed

2016 5305 2336 5365 erumpente
2368 5312 2431 5349 ac
2462 5306 2794 5366 propagante
2844 5297 3021 5353 labem
3076 5303 3352 5369 propriam
3400 5306 3453 5358 in
3493 5307 3591 5359 αθ·-

2019 5389 2391 5459 pravatiouem
2427 5390 2576 5456 prius
2608 5400 2906 5452 rectorum,
2941 5390 3006 5444 ad
3051 5406 3174 5460 qua:
3203 5394 3463 5464 adrepere
3491 5411 3590 5465 po-

2020 5482 2204 5534 tuerit.
2248 5477 2568 5548 Quanquam
2625 5480 2741 5534 hac
2780 5480 3004 5549 quidem
3067 5482 3202 5551 ipsis
3253 5485 3307 5538 in
3371 5487 3591 5542 irritum

2021 5571 2217 5624 ﬁducia
2254 5569 2462 5625 recidit.
2488 5567 2620 5622 Nam
2648 5568 2877 5625 Cosmas
2902 5571 2991 5625 ubi
3017 5574 3185 5642 capit
3212 5589 3301 5630 res
3326 5575 3587 5632 ecclesia-

2019 5662 2190 5717 sticas
2223 5662 2627 5723 administrare,
2672 5662 2819 5716 velut
2836 5664 3004 5717 astris
3030 5663 3306 5719 inductam
3336 5677 3391 5722 ct
3433 5667 3586 5724 fatali

2020 5755 2365 5816 necessitate,
2398 5769 2559 5822 quam
2594 5754 2835 5823 privatus
2881 5755 3303 5824 improbaserat,
3353 5772 3589 5815 consue-

2018 5847 2261 5901 tudinem
2291 5845 2608 5907 re:inuit,ac
2638 5856 2877 5901 torrente
2900 5846 3056 5913 quasi
3081 5856 3285 5911 tractus
3314 5856 3542 5923 exculpit
3565 5888 3588 5924 ,
