4018 6436
347 386 459 445 299

1262 390 1360 450 DE
1404 390 1848 452 ANDHONlCO
1884 395 2349 457 PAL/EOLOGO
2382 400 2529 460 LIB.
2565 399 2644 460 Π.

3524 401 3633 469 21ξ)

350 495 497 572 εἶχον
533 502 627 553 καὶ
660 500 934 569 φυλακαῖς
967 503 1196 566 ἐδίδουν.
1244 507 1343 577 τὴν
1379 509 1490 561 τῶν
1520 509 1732 562 πολλῶν
1780 511 1936 562 ὲλπι-
1968 515 2014 573 Α
2043 514 2308 582 γόρευσεν
2335 513 2410 574 ὡς
2439 512 2641 566 αὐτίκα
2675 512 3061 584 τεθνηξομένῳ
3101 514 3149 566 εί
3172 512 3632 582 προσενέγκαιτο,

345 597 660 666 δοτρίὸησιν
688 598 776 649 ἐπ’
808 598 958 665 αὐτῷ
984 599 1239 653 ἐντεῦθεν
1283 602 1718 669 ὑποτεμνόμενοι
1744 618 1758 631 ·
1797 604 1933 670 μηδὲ

347 695 459 759 γὰρ
487 689 624 752 ὅλως
664 686 807 743 εἶναι
851 691 1132 763 βάρϐαρόν
1164 710 1223 747 τε
1259 695 1355 747 καὶ
1403 695 1604 748 πλάνον
1638 695 1936 747 κατανοού-

348 798 512 849 μενον
534 781 741 849 ἀγαθόν
786 799 838 834 τι
894 786 1096 839 ποιεῖν.
1150 784 1345 839 Πολλοὶ¹
1374 785 1420 837 δ’
1450 786 1539 838 ἐπ’
1591 784 1785 856 ἐκείνῳ
1836 786 1935 857 οὐχ

344 875 497 936 ὅπως
553 874 848 940 ἀκούοντες
902 876 1463 946 ἐλπιδοκοπούμενοι.
1511 878 1650 932 ἀλλὰ
1693 879 1788 930 καὶ
1836 879 1935 942 τὰς

344 964 571 1028 ἐλπίδας
597 950 886 1037 ἱστάντες(
906 970 1016 1030 τοῖς
1046 967 1156 1037 γὰρ
1189 969 1444 1022 πονοῦσιν
1470 970 1715 1037 ἐσχάτως
1740 969 1806 1021 ἐκ
1829 968 1935 1023 τῶν

345 1057 638 1127 παρόντων
662 1059 743 1121 εἰς
773 1060 1077 1129 θεραπείαν
1118 1060 1286 1130 μηδὲν
1315 1059 1707 1131 βοηθουμένοις
1738 1059 1830 1117 καὶ
1854 1054 1935 1121 οἷς

346 1150 610 1219 ἡλπισαν,
648 1149 918 1204 ἅπτεσθαι
948 1152 1043 1205 καὶ
1068 1151 1178 1206 τῶν
1210 1153 1399 1216 ἁπλῶς
1421 1151 1723 1206 δοκούντων
1746 1150 1939 1221 χρησί-

351 1259 472 1308 μων
505 1241 746 1311 ἀνάγκη,
794 1242 892 1296 καὶ
930 1245 1155 1315 μᾶλλον,
1209 1245 1261 1297 εί
1290 1246 1418 1310 ξένα
1451 1245 1575 1298 τινὰ
1610 1244 1697 1311 εἴη
1734 1246 1830 1297 καὶ
1863 1240 1939 1312 μὴ

350 1334 561 1404 συνήθη
592 1336 661 1388 τὰ
695 1336 1129 1406 προσαγόμενα)
1162 1336 1339 1400 οὕτως
1367 1338 1568 1390 ἐκεῖνοι
1599 1334 1940 1404 κακούμενοι

347 1425 465 1486 τοῖς
520 1425 754 1495 ἐχθροῖς,
813 1425 917 1496 ἤδη
971 1427 1027 1479 δὲ
1068 1427 1164 1479 καὶ
1198 1426 1394 1488 αὐτοὺς
1446 1426 1691 1487 ἐκείνους
1724 1424 1942 1495 Πέρσας

349 1516 723 1584 μανθάνοντες
753 1517 830 1581 ὡς
860 1513 971 1569 εἷεν
999 1507 1369 1589 ὀρρωδοῦντες
1401 1516 1492 1570 τὸν
1525 1516 1804 1588 βάρδαρον
1832 1532 1940 1585 φη-

349 1608 615 1674 μισθέντα
641 1610 827 1679 σφίσιν
847 1609 911 1663 ἑκ
937 1627 1102 1663 τινων
1119 1609 1226 1662 τῶν
1252 1608 1384 1680 παρ’
1419 1609 1609 1671 αὐτοῖς
1642 1607 1935 1671 μαντειῶν,

364 1701 462 1756 καὶ
506 1701 644 1772 πρὸς
674 1701 772 1772 τὴν
807 1702 902 1756 ἀπ’
940 1701 1151 1756 ἐκείνου
1202 1701 1455 1772 βοήθειαν
1496 1699 1784 1772 ἀφεώρων,
1847 1700 1940 1753 καὶ

359 1794 717 1848 καθικέτευον
749 1794 1093 1862 ἀπολυθῆναι
1119 1795 1313 1848 τοῦτον
1340 1793 1435 1846 καί
1460 1794 1514 1861 γ’
1556 1792 1943 1864 ἐκχωρηθῆναι

2042 604 2203 657 τοῦτο
2235 603 2380 658 κατὰ
2400 606 2462 657 τὸ
2492 603 2720 674 λεληθὸς
2745 608 2773 658 ὁ
2820 604 2991 658 νοσῶν
3028 607 3539 675 προσενεγκάμενος
3573 604 3634 670 ἐξ

2042 694 2277 765 ὀρέξεως
2305 695 2619 765 παράλογον
2649 690 2778 766 εὗρε
2813 694 2912 766 τὴν
2965 695 3287 766 θεραπείαν,
3323 697 3417 751 καὶ
3466 698 3501 766 ἡ
3532 698 3633 767 μὲν

2041 784 2208 855 τέχνη
2231 784 2388 838 οὔπω
2422 786 2705 857 ἐλέγχεται
2738 786 2921 857 φαύλη
2941 805 3022 850 τις
3053 787 3209 851 οὖσα,
3235 788 3297 842 τὸ
3325 788 3383 841 δέ
3419 789 3634 858 συμϐὰν

2044 878 2109 931 ἐκ
2138 896 2286 941 τινος
2316 881 2562 949 τυχηρᾶς
2591 881 2970 944 προσπαθείας
2999 881 3274 952 ὠφέλησε,
3304 878 3383 953 τῷ
3413 883 3631 953 σφοδρῷ

2043 971 2144 1039 τῆς
2175 971 2410 1041 ὀρέξεως
2441 973 2896 1044 ἁναρῤωσθείσης
2920 974 3124 1028 ὡσανεὶ
3164 977 3309 1030 κατὰ
3341 976 3442 1042 τῆς
3473 975 3631 1030 νόσου

2044 1063 2145 1133 τῆς
2179 1064 2417 1133 φύσεως.
2482 1063 2547 1118 Τί
2576 1065 2732 1133 γοῦν,
2770 1068 2958 1137 φησὶν,
3024 1069 3072 1121 εί
3127 1069 3223 1121 καὶ
3267 1060 3522 1138 Λαχανᾶν
3557 1071 3631 1138 μὴ

2045 1155 2174 1207 ὄντα
2206 1154 2342 1227 μηδέ
2371 1173 2495 1211 τινα
2527 1158 2711 1229 ψῆφον
2740 1157 2871 1228 περὶ
2898 1160 3092 1213 ἑαυτοῦ
3124 1161 3335 1217 διδόντα
3366 1161 3457 1214 τὸν
3496 1160 3633 1231 βάρ-

2048 1249 2234 1319 ϐαρον,
2270 1250 2420 1320 ὅμως
2443 1251 2678 1322 φοϐερὸν
2712 1253 2812 1322 μὲν
2838 1256 2949 1317 τοῖς
2984 1254 3199 1325 ἐχθροῖς
3223 1253 3476 1318 δόξαντα,
3500 1257 3635 1326 χρή-

2050 1359 2209 1409 σιμον
2259 1343 2314 1394 δὲ
2348 1343 2443 1397 καὶ
2490 1346 2606 1407 τοῖς
2665 1346 3056 1414 κακουμένοις,
3090 1347 3253 1399 αὐτὸν
3280 1347 3507 1401 ἀπολύοι
3539 1348 3634 1399 καὶ

2049 1434 2338 1502 ἐπιτρέποι
2367 1435 2708 1504 στρατεύειν,
2730 1434 3053 1505 καὶμᾶλλον
3082 1437 3142 1502 ἐξ
3172 1440 3416 1505 ἐγγίονος
3441 1440 3634 1508 πείρας

2050 1526 2109 1577 ἐν
2136 1527 2200 1595 τῇ
2228 1526 2333 1578 τῶν
2369 1526 2679 1589 ’Δλιζώνων
2708 1530 2779 1596 γῇ
2808 1529 2949 1582 κατὰ
2975 1531 3277 1600 Σάγγαρινς
3308 1530 3491 1584 Ταῦτα
3516 1530 3634 1584 διαρ

2051 1616 2265 1685 vowel;
2296 1622 2390 1671 καὶ
2425 1618 2563 1686 μετὰ
2588 1618 2698 1673 τῶν
2736 1620 2957 1673 οἰκείων
3004 1622 3353 1691 σκεψάμενος
3382 1622 3634 1683 ἀπολύει,

2054 1709 2495 1779 προσετοιμάσας
2517 1711 2713 1782 ἐκείνῳ
2752 1714 2848 1766 καὶ
2876 1713 2945 1766 τὰ
2975 1714 3307 1784 καθήκοντα.
3349 1710 3422 1768 Οὗ
3452 1714 3515 1785 δὴ
3542 1718 3637 1769 καὶ

2055 1800 2362 1868 ἐξελθόντος
2410 1803 2485 1866 ὡς
2543 1799 2681 1872 εἶχε,
2712 1805 2807 1858 καὶ
2862 1805 3023 1874 μόνον
3051 1807 3150 1874 τῆς
3201 1805 3322 1859 όδοῠ
3348 1805 3635 1876 ἁψκμένου

352 1886 498 1938 κατὰ
525 1887 638 1940 τῶν
665 1886 880 1957 ἐχθρῶν
923 1889 1063 1956 μετὰ
1129 1885 1417 1956 Ῥωμαίων
1454 1887 1634 1957 ὁρμᾷν
1654 1903 1668 1917 ⁶
1707 1884 1805 1958 τὴν
1833 1887 1940 1957 γὰρ
1975 1882 2018 1941 Β
2046 1895 2196 1957 ἅπας
2232 1898 2566 1951 συνεκινεῖτο
2596 1896 2685 1969 [Ρ.
2716 1896 2845 1968 127]
2882 1900 2975 1951 καὶ
2996 1901 3023 1950 ό
3049 1898 3238 1969 πόῤῥω
3268 1899 3361 1952 καὶ
3389 1900 3417 1950 ό
3445 1900 3637 1966 ἐγγὺς,

352 1980 493 2050 πρὸς
551 1980 719 2034 αὑτὸν
765 1980 1060 2053 ὀρρωδίαν,
1113 1981 1181 2050 ἠν
1241 1977 1389 2050 είχον
1418 1980 1471 2033 oi.
1508 1979 1802 2050 βάρϐαροι,
1858 1982 1942 2042 εις

356 2072 564 2143 θάρῤος
603 2072 664 2124 τὸ
693 2071 833 2141 ὑπὲρ
864 2072 1076 2125 ὲαυτῶν
1099 2070 1323 2142 ἔχοντας
1347 2071 1599 2141 ἑτοίμους
1633 2068 1779 2124 εἶναι
1822 2074 1943 2140 μετ’

353 2162 522 2217 αὐτοῦ
553 2164 649 2217 καὶ
675 2161 1122 2232 προκινδυνεύειν
1157 2164 1253 2216 καὶ⁸
1302 2161 1471 2234 μηδὲν
1512 2161 1787 2215 ἐλλείπειν
1832 2160 1945 2214 τῶν

356 2255 458 2306 ὃσα
493 2252 591 2306 καὶ
618 2252 823 2321 ἀγαθὸς
854 2253 995 2323 ἀνὴρ
1039 2253 1271 2324 πράττοι
1297 2253 1440 2323 μετὰ
1483 2252 1585 2321 τῆς
1614 2252 1819 2322 ἀρετῆς
1850 2249 1946 2305 καὶ

352 2348 415 2399 τὸ
438 2347 670 2416 θαρῥείν
692 2344 856 2414 ἔχων.
908 2344 1077 2397 Ταῦτ’
1109 2344 1327 2398 ἁκούων
1374 2345 1470 2398 καὶ
1522 2343 1800 2415 βασιλεὺς,
1850 2344 1950 2397 καὶ

352 2438 630 2508 ὁσημέραι
658 2437 787 2507 περὶ
811 2436 921 2489 τῶν
951 2437 1097 2490 ἰδίων
1117 2437 1325 2501 πονῶν,
1358 2438 1453 2490 ἐπὶ
1489 2435 1614 2489 νοῦν
1639 2452 1762 2490 τινα
1787 2434 1946 2506 ἔρχει

356 2548 445 2586 ται
492 2532 577 2586 ὅτι
608 2530 871 2595 πολλάκις
902 2529 997 2583 καὶ
1021 2530 1050 2584 ὃ
1078 2530 1143 2601 δὴ
1184 2530 1367 2598 ἰατρὸς
1398 2528 1476 2600 τῷ
1505 2531 1769 2600 κάμνοντι
1794 2529 1945 2601 ἁπηο

358 2723 600 2769 astutam
632 2712 879 2769 fanaticus
911 2711 1168 2781 pietatis,
1197 2725 1310 2783 quo
1340 2720 1394 2766 et
1425 2712 1517 2766 ille
1545 2712 1598 2766 in
1629 2711 1829 2782 primis
1857 2726 1945 2765 ar-

354 2807 533 2861 liﬁcio
564 2807 829 2870 valuerat,
856 2816 910 2860 et
937 2806 1026 2862 hic
1055 2822 1164 2861 non
1192 2807 1389 2875 impari
1421 2822 1686 2863 successu
1715 2807 1817 2862 ista
1848 2821 1947 2875 po-

361 2901 637 2955 tissimum
666 2897 918 2953 illecebra
948 2898 1243 2953 multorum
1267 2898 1322 2952 in
1347 2914 1406 2954 se
1429 2898 1631 2953 levium
1660 2898 1943 2953 hominum

365 2992 564 3057 spebus
591 3005 651 3045 se
678 2990 833 3045 ranis
860 2987 1041 3044 eiicrri
1071 2989 1374 3045 sinentiunt
1403 2991 1867 3059 exspectationem
1895 3001 1950 3045 et

370 3081 540 3135 studia
575 3081 826 3137 vertebat
845 3118 861 3143 ,
895 3094 1003 3135 non
1033 3079 1102 3134 de
1133 3081 1304 3135 nihilo
1333 3081 1489 3135 veriti
1519 3096 1588 3135 ac
1619 3090 1948 3151 praverteu-

365 3172 491 3227 dum
551 3173 655 3227 rati
712 3181 921 3228 motum
980 3173 1217 3242 aliquem
1275 3174 1645 3230 multitudinis
1699 3174 1945 3239 insanae,

2048 1980 2145 2041 zeal
2183 1986 2339 2041 οὐδὲν
2366 1983 2436 2059 ἦν
2491 1989 2736 2053 εἰκάζειν
2766 1990 2815 2044 εί
2841 1990 2916 2061 μὴ
2963 1990 3136 2058 αὐτῆς
3167 1990 3497 2059 οἰκουμένης
3544 1990 3637 2041 καὶ

2044 2078 2148 2152 γῆς
2185 2081 2563 2152 μετακίνησιν.
2599 2082 2664 2136 Οἰ
2690 2083 2799 2155 γὰρ
2832 2083 2927 2136 ἐπὶ
2966 2084 3078 2137 τῶν
3107 2082 3433 2153 γεωργικῶν
3457 2082 3636 2152 ἔργων

2045 2172 2140 2226 καὶ
2186 2173 2476 2244 σκαπάνης
2526 2175 2590 2226 οὐ
2657 2173 2820 2228 πλέον
2872 2174 3081 2236 ειδότες
3110 2176 3204 2229 καὶ
3226 2174 3319 2228 τοῦ
3349 2175 3633 2244 κεντρίσαι

2046 2265 2139 2318 τὸν
2192 2264 2345 2335 βοῦν,
2396 2266 2494 2319 καὶ
2558 2265 2818 2334 ποιμένες
2873 2264 3210 2337 θρεμμάτων
3259 2265 3355 2319 καὶ
3385 2266 3637 2336 ἄγροικοι

2045 2356 2248 2409 ἐκεῖνοι
2295 2354 2395 2418 τὰς
2419 2355 2630 2418 οἰκείας
2664 2355 2854 2426 χώρας
2911 2356 3144 2424 ἀφέντες
3176 2354 3271 2408 καὶ
3302 2354 3473 2417 αὑτὰς
3498 2370 3638 2422 γεω·

2050 2447 2262 2511 πονίας,
2293 2448 2352 2499 ἐν
2377 2446 2599 2516 ῥάϐδοις
2627 2449 2820 2516 μόναις
2847 2449 2941 2500 καὶ
2964 2451 3080 2511 ταῖς
3104 2445 3446 2515 καλαύροψιν
3469 2446 3635 2498 αὐτό-

2052 2556 2214 2610 ματοι
2240 2540 2638 2610 κατεφαίνοντο
2678 2541 3014 2613 στρατιῶται
3066 2540 3163 2593 καὶ
3195 2538 3416 2593 ὁπλῖται
3440 2537 3635 2593 ἄοπλοι

2050 2717 2343 2775 defenmre
2376 2718 2595 2773 cmlitus
2626 2726 2847 2774 ostenso
2882 2714 3068 2785 inique
3101 2716 3342 2771 arcendo
3376 2731 3407 2770 a
3438 2715 3640 2782 juvan-

2049 2810 2156 2872 dis,
2185 2809 2384 2880 quibus
2413 2809 2558 2864 aliud
2593 2822 2862 2879 nusquam
2894 2810 3178 2876 appareret
3202 2809 3439 2862 cladium
3467 2816 3520 2861 et
3548 2822 3640 2862 ea—

2049 2905 2357 2957 lamitatum
2382 2894 2751 2956 extremarum
2778 2901 3063 2971 eli‘ugium.
3093 2899 3420 2969 Huiusmodi
3445 2915 3638 2970 preces

2049 3011 2147 3066 per
2187 2994 2389 3052 multos
2437 2995 2670 3051 subinde
2717 2995 3023 3051 missitatos
3076 3009 3103 3048 a
3156 2993 3371 3063 pupulis
3416 2993 3637 3048 illorum

2050 3097 2326 3143 tractuum
2357 3088 2583 3159 ingestae
2613 3088 2952 3158 imperatori,
2982 3098 3036 3144 et
3061 3088 3131 3143 ab
3156 3101 3222 3142 eo
3250 3087 3494 3143 consiliis
3520 3102 3641 3156 qua:

2052 3181 2167 3235 dixi
2214 3181 2496 3235 mordicus
2542 3181 2783 3237 haerente
2831 3180 2992 3237 toties
3036 3180 3272 3250 reiectae,
3314 3192 3439 3234 cum
3491 3178 3641 3232 nullo

360 3267 521 3336 sequi
578 3266 774 3321 ducem
831 3266 981 3321 hunc
1039 3280 1370 3336 quocunque
1422 3267 1652 3323 duceret
1708 3242 2020 3338 pantauc-
2054 3272 2162 3328 line
2182 3272 2611 3329 invidiosissime
2634 3242 3125 3342 ingeminarentur,
3150 3270 3639 3356 g‘lisceretquejam

363 3360 668 3413 Barbarum
698 3359 1053 3428 impostorem
1080 3359 1539 3429 comprehensum
1566 3359 1830 3416 custodite
1856 3359 1948 3414 deo

361 3452 585 3514 derunt,
614 3452 722 3506 hoc
752 3451 873 3521 ipso
904 3451 1042 3507 satis
1068 3465 1225 3506 reum
1255 3459 1310 3507 et
1338 3465 1497 3521 penna
1526 3451 1772 3521 dignum,
1801 3450 1949 3521 quod

359 3556 513 3597 esset
562 3541 855 3598 manifeste
910 3541 1287 3612 deprehensus
1338 3543 1604 3598 simulare
1660 3557 1949 3612 personam

360 3640 631 3698 alienam,
663 3632 1022 3704 fraudemque
1050 3635 1197 3690 illam
1226 3634 1293 3689 ad
1321 3635 1460 3689 nihil
1488 3634 1593 3689 nisi
1625 3634 1950 3689 damnosum

362 3744 429 3781 ac
463 3728 835 3798 periculosum
868 3728 1039 3797 quieti
1074 3728 1307 3797 publica}
1338 3726 1612 3797 pertinere
1642 3734 1948 3797 appareret.

365 3822 421 3873 Id
469 3830 531 3874 ut
576 3819 752 3890 magis
792 3829 925 3877 tunc
963 3821 1334 3876 necessarium
1376 3819 1668 3874 consilium
1711 3832 1957 3887 praecau-

365 3918 560 3987 tiuqne
595 3916 896 3979 videretur,
932 3915 1169 3973 faciebat
1205 3917 1451 3973 conditio
1488 3917 1704 3971 illorum
1743 3923 1954 3983 tempo-

368 4028 495 4065 rum
544 4020 599 4066 et
644 4011 811 4067 miser
853 4020 1031 4066 status
1074 4011 1358 4081 regionum
1405 4007 1700 4065 Orientalis
1739 4008 1952 4072 limitis,

366 4102 665 4158 Persarum
700 4102 1109 4157 incursionibus
1141 4102 1225 4172 agi
1259 4100 1499 4172 ferrique
1527 4102 1840 4157 solitarum.
1873 4100 1958 4153 In-

369 4192 562 4246 felices
605 4191 752 4246 enim
801 4190 878 4245 illi
925 4190 1131 4246 frustra
1170 4190 1474 4261 imploratis
1511 4192 1637 4247 aliis
1677 4190 1958 4245 undecun-

373 4300 484 4352 que
518 4281 827 4351 przesidiis,
864 4282 929 4337 ad
967 4282 1170 4337 famam
1205 4284 1367 4339 istius
1403 4283 1552 4338 velut
1585 4282 1711 4337 novi
1748 4281 1956 4336 ostensi

373 4377 610 4432 vindicis
639 4376 999 4446 cupidissime
1028 4376 1243 4431 animos
1272 4383 1621 4440 arrexerant,
1655 4390 1810 4430 more
1839 4377 1954 4430 usi-

375 4480 489 4523 tato
520 4468 910 4523 imbecillitatis
940 4471 1216 4533 humanae,
1245 4468 1335 4522 cui
1366 4465 1705 4522 conflictanti
1738 4466 1957 4537 pericu-

2055 3379 2327 3429 murmur,
2355 3373 2410 3420 et
2434 3364 2591 3435 plebs
2621 3364 2711 3418 illa
2741 3364 2994 3420 fremeret
3020 3379 3128 3418 non
3161 3364 3323 3418 modo
3353 3379 3433 3429 se,
3461 3377 3490 3418 a
3518 3363 3644 3434 qui-

2055 3455 2159 3511 bus
2202 3469 2300 3526 par
2335 3465 2502 3519 esset,
2546 3469 2654 3511 non
2701 3456 2934 3526 protegi,
2974 3457 3068 3511 sed
3113 3456 3383 3526 promptis
3423 3457 3525 3512 sibi
3572 3455 3641 3510 ad

2056 3549 2370 3605 bellandum
2405 3551 2702 3620 hostesque
2737 3549 3084 3619 repellendos
3119 3563 3297 3608 arma.
3330 3549 3550 3613 ducem,
3581 3564 3641 3605 se

2057 3656 2269 3709 suaque
2298 3654 2401 3697 suo
2430 3641 2674 3709 periculo
2699 3640 2994 3709 laboreque
3022 3641 3400 3710 propugnandi
3429 3640 3641 3709 copiam

2056 3746 2121 3788 ac
2155 3732 2371 3788 veniam
2409 3731 2628 3789 facilem
2665 3732 2892 3803 negari,
2928 3732 3015 3787 his
3050 3746 3356 3787 concussus
3394 3739 3646 3800 reputare

2057 3842 2243 3884 eccum
2290 3826 2458 3896 coepit
2500 3827 2797 3896 imperator
2833 3835 2888 3880 et
2916 3824 3248 3880 consiliariis
3292 3837 3642 3894 proponere:

2065 3939 2084 3972 ι
2135 3920 2315 3973 Etiam
2364 3919 2608 3974 medicos
2655 3918 2963 3988 deeperatis
3007 3917 3169 3988 aegris
3215 3931 3375 3972 usum
3415 3913 3643 3969 remedii

2060 4010 2394 4081 permittere,
2436 4010 2582 4080 quod
2627 4010 2731 4064 sibi
2778 4008 3128 4080 profuturum
3175 4007 3302 4078 ipsi,
3345 4007 3647 4077 quamlibct

2063 4105 2544 4172 insane,‘sperettt.
2573 4101 2713 4167 Quid
2743 4115 2875 4171 ergo
2905 4110 3113 4155 tantum
3147 4099 3273 4153 mali
3309 4098 3444 4165 fore,
3472 4099 3518 4153 si
3550 4095 3647 4151 ﬂa-

2060 4195 2361 4265 gitantibus
2405 4193 2553 4247 hisce
2595 4192 2812 4261 populis
2858 4190 3206 4261 indulgeatur
3245 4189 3392 4259 quod
3436 4186 3647 4258 perdite

2060 4286 2331 4356 cupiunt?
2365 4286 2509 4352 Quin
2552 4292 2604 4339 et
2648 4292 2708 4338 ut
2750 4283 2887 4338 mira
2924 4296 3313 4351 nonnunquam
3352 4280 3644 4345 accidunt,

2061 4385 2116 4431 et
2147 4386 2279 4431 casu
2315 4390 2403 4430 res
2438 4374 2711 4430 interdum
2748 4374 2945 4430 melius
2979 4389 3142 4442 quam
3176 4372 3412 4427 consilio
3446 4387 3647 4441 gerun-

2066 4478 2173 4533 tur,
2227 4468 2366 4523 lorte
2421 4482 2806 4525 successurum
2864 4481 2969 4521 non
3024 4466 3424 4536 lmprosperum
3482 4463 3645 4534 quid-

376 4564 442 4617 lis
471 4564 738 4618 extremis
768 4563 814 4616 si
844 4575 1032 4616 verum
1062 4560 1332 4615 auxilium
1368 4575 1476 4614 non
1510 4568 1784 4630 suppetat,
1816 4558 1954 4615 falsa
1984 4574 2037 4635 D
2065 4565 2234 4634 piam.
2281 4560 2415 4616 Nam
2460 4562 2669 4616 validas
2715 4560 2860 4617 vires
2904 4569 3150 4615 extremo
3194 4558 3409 4613 alilirtls
3452 4558 3648 4611 morbo

376 4656 648 4722 ηοκὶειιιυε
677 4655 838 4710 avide
869 4654 1081 4723 arripit.
1108 4662 1163 4708 οι
1189 4656 1235 4709 Si
1265 4653 1396 4723 quid
1429 4653 1735 4715 Drwsortim
1766 4668 1960 4723 supero
2065 4672 2170 4710 non
2223 4668 2349 4708 raro
2400 4654 2578 4722 ipsam
2629 4653 2870 4723 adiicere
2919 4651 3263 4721 phrenesim,
3311 4657 3365 4703 et
3414 4648 3649 4718 probare

375 4751 619 4806 stitiouis
656 4749 891 4818 quodam
929 4747 1158 4801 obtentu
1203 4747 1450 4802 numinis
1490 4760 1555 4802 ac
1590 4746 1732 4801 emlo
1777 4747 1961 4801 missa:
2042 4748 2345 4824 ‘inOpinato
2388 4755 2584 4800 eventu
2627 4745 2898 4799 interdum
2939 4744 3182 4798 inlirmos
3224 4758 3284 4796 se
3326 4756 3510 4795 revera
3554 4756 3649 4810 ρο-

378 4842 639 4895 novitatis
674 4839 911 4909 speciem
950 4837 1224 4907 praeferat,
1259 4839 1410 4892 velut
1441 4854 1472 4893 e
1507 4838 1758 4893 machina
1794 4838 1957 4893 deum

375 4935 600 4999 exeipit.
652 4931 838 4998 Itaque
891 4932 943 4986 iu
1000 4931 1093 4985 illo
1140 4931 1343 5000 gemitu
1401 4945 1464 4985 ac
1515 4931 1963 4985 consternatione

382 5023 546 5094 190
571 5023 1014 5091 quotidianarum
1041 5035 1073 5075 a
1098 5019 1286 5077 Persis
1311 5022 1710 5091 grassationum
1739 5021 1965 5074 audien-

382 5125 468 5169 tes
493 5115 759 5169 exsistere
785 5114 1025 5183 aliquem
1052 5114 1145 5183 qui
1175 5129 1236 5169 se
1258 5113 1529 5169 divinitus
1560 5113 1790 5169 missum
1819 5114 1966 5168 dice-

385 5217 467 5261 ret
493 5204 560 5260 ad
594 5207 778 5260 hostes
809 5206 1024 5275 imperii
1048 5207 1337 5279 delendos,
1367 5214 1421 5260 et
1449 5207 1640 5259 eodem
1671 5206 1967 5275 adjungen-

383 5310 467 5355 tes
496 5299 755 5353 vaticinia
785 5300 1057 5369 quaapiam
1095 5300 1240 5354 inter
1271 5299 1422 5366 ipsos
1451 5300 1687 5370 vulgata,
1722 5300 1964 5369 polliceri

385 5391 565 5446 simile
590 5390 797 5458 aliquid
824 5390 958 5452 visa,
986 5405 1311 5460 magnopere
1336 5390 1599 5458 aptabant
1625 5390 1743 5444 dari
1773 5392 1965 5446 ducem

385 5483 490 5539 sibi
539 5483 980 5552 qualemcunque
1032 5483 1198 5537 istum
1248 5480 1598 5549 Lachanmn;
1647 5490 1703 5537 et
1752 5498 1970 5538 carcere

387 5575 618 5628 detineri
647 5589 771 5628 cum
802 5575 1107 5640 audissent,
1137 5575 1325 5630 multis
1352 5585 1404 5629 et
1436 5575 1686 5631 sollicitis
1717 5576 1971 5644 precibus

390 5669 775 5738 imperatorem
803 5665 1103 5736 fatigabant
1126 5684 1194 5724 ne
1215 5667 1402 5724 divini:
1418 5685 1481 5724 us
1503 5669 1832 5723 destinatum
1861 5683 1973 5721 ma-

392 5760 571 5813 lorum
601 5770 973 5814 extremorum
1010 5762 1145 5828 ipsis
1179 5751 1483 5815 remedium
1517 5761 1803 5825 invideret,
1840 5775 1974 5813 u-ve

395 5852 553 5921 diripi
602 5870 661 5908 se
706 5854 1037 5924 impuneque
1080 5853 1304 5923 spoliari
1351 5853 1690 5910 miserrimos
1731 5854 1970 5915 sineret,

2064 4841 2259 4901 tuisse,
2302 4837 2447 4908 quod
2486 4852 2611 4892 cum
2656 4845 2784 4892 ante
2824 4835 3028 4891 factum
3072 4851 3130 4891 se
3175 4848 3337 4905 posse
3376 4834 3644 4898 dicerent,

2067 4933 2285 4990 mentiri
2333 4942 2428 4988 aut
2476 4932 2709 4988 delirare
2755 4931 3112 5000 putabantur,
3161 4942 3376 4982 summa
3425 4933 3652 4981 conten-

2066 5024 2247 5089 tione,
2285 5038 2408 5092 quaa
2442 5023 2595 5091 sequi
2633 5023 2773 5079 solet
2808 5023 3081 5090 impotens
3116 5020 3441 5074 desiderium
3479 5020 3650 5073 liven-

2065 5120 2198 5172 tiam
2245 5116 2341 5171 diu
2395 5124 2644 5186 negatam
2690 5115 2767 5169 rei
2813 5114 3085 5169 tentandae
3135 5112 3354 5168 tandem
3402 5120 3647 5172 nactum,

2067 5219 2262 5264 cuncta
2290 5208 2564 5263 obstantia
2592 5216 2997 5276 perrumpeule.
3029 5204 3248 5261 Scimus
3276 5204 3472 5260 falsum
3499 5204 3650 5258 hunc

2070 5301 2380 5356 Lachanam
2412 5299 2632 5368 planum
2665 5311 2729 5350 ac
2759 5297 3086 5351 nebulonem
3117 5310 3236 5351 esse
3265 5313 3280 5349 ι
3310 5295 3439 5364 quid
3471 5302 3651 5346 tamen

2071 5404 2263 5447 noceat
2295 5405 2419 5445 eum
2450 5388 2872 5460 exposcentibus
2904 5387 3238 5443 concedere?
3267 5385 3388 5451 Eat,
3424 5395 3645 5453 pugnet,

2071 5484 2259 5538 volens
2287 5483 2530 5537 volentes
2562 5493 2755 5537 contra
2786 5479 2983 5536 Persas
3017 5481 3119 5534 hoc
3150 5481 3349 5547 ipsum,
3380 5488 3437 5530 ut
3466 5474 3650 5537 audio,

2076 5575 2230 5644 191
2269 5573 2627 5629 formidantes
2655 5574 2839 5628 ducat.
2874 5570 2932 5627 Si
2967 5574 3246 5626 temeritas
3274 5578 3471 5638 praeter
3500 5582 3652 5633 spem

2075 5666 2200 5718 felix
2232 5665 2418 5727 fuerit,
2450 5665 2686 5719 hostium
2717 5664 2926 5718 cladem
2957 5665 3113 5717 lucro
3137 5674 3472 5731 appouemus
3502 5675 3515 5710 :
3545 5660 3653 5722 sin,

2071 5758 2219 5829 quod
2253 5768 2336 5810 est
2367 5757 2746 5819 verisimilius,
2779 5756 3050 5813 vincetur,
3084 5763 3136 5805 et
3168 5755 3282 5821 ipse
3314 5754 3654 5819 imposturm,

2076 5862 2129 5906 et
2157 5852 2248 5919 qui
2278 5860 2482 5904 temere
2506 5850 2826 5912 accersiere,
2859 5847 3178 5902 inconsultae
3204 5844 3514 5908 cupiditatis
3544 5859 3663 5903 θαι-ι
