4018 6434
419 350 517 423 9H

1610 371 1934 431 GEORGII
1982 369 2466 436 ΡΑΕΗΥΜΕΗιΕ

3595 369 3699 435 212

418 468 513 525 καὶ
547 471 828 536 συντάξεις
863 474 1211 542 ἀσύντακτοι,
1235 475 1295 531 τὸ
1326 478 1431 531 ὑπὸ
1474 477 1700 550 Λαχανᾷ
1730 480 1992 549 τετάχθαι
2019 478 2067 535 Α
2094 480 2483 537 sumsum
2505 486 2602 557 τὴν
2625 486 2885 556 ταχίστην
2924 486 3127 547 ἐλύετο,
3171 483 3265 537 καὶ
3295 482 3368 536 τὰ
3400 481 3548 535 οἶκοι
3573 482 3700 535 ἕκα-

416 560 495 620 εἶς
521 560 723 632 θάρρος
749 564 893 633 μέγα
915 571 1008 632 τοῦ
1032 571 1186 637 νικᾷν
1214 572 1348 624 ὅπου
1374 575 1594 638 φανεῖεν
1616 573 1714 625 σὺν
1737 572 1885 640 αὐτῷ
1908 571 1998 625 θέ-

422 669 591 718 μενοι.
618 653 843 724 Ἀμέλει
880 675 962 715 τοι
1001 662 1095 716 καὶ
1125 663 1347 731 ήμερῶν
1379 663 1580 731 ὀλίγων
1627 668 1755 733 περὶ
1784 665 1995 717 ἐκεῖνον

417 741 646 811 ἄπειρον
694 745 898 815 πλῆθος
935 749 1170 816 συνῆκτο
1224 750 1564 818 ξυγκλύδων,
1616 752 1692 823 μή
1740 752 1997 823 πολέμων

419 833 661 898 ε’δότων.
688 838 765 908 μὴ
791 842 1173 907 παρατάξεως,
1204 844 1265 897 τὸ
1305 845 1405 914 τῆς
1438 844 1739 915 παροιμίας
1770 844 1998 898 αὐτόθεν

421 927 798 1001 πληροῦντων,
845 932 926 984 ὅτι
958 933 1165 1001 γλυκὺς
1217 937 1330 997 τοῖς
1379 935 1632 1004 ἀπείροις
1679 935 1707 987 ό
1740 935 1995 1003 πόλεμος.

422 1016 557 1072 Οὐδὲ
584 1017 692 1089 γὰρ
716 1020 789 1084 ὡς
817 1021 1220 1093 πολεμήσοντες
1244 1023 1470 1091 ὥρμων,
1502 1024 1611 1078 οὐδ’
1645 1026 1722 1088 ὡς
1756 1024 2000 1096 προσϐαιν

418 1104 637 1174 λοῦντες
663 1110 901 1182 ἐχθροῖς,
947 1113 1066 1167 ἀλλ’
1088 1114 1162 1178 ὥς
1196 1116 1412 1170 σκύλων
1448 1116 1870 1171 ὲπιϐαλούιιενοι
1904 1118 2002 1170 καὶ

420 1200 706 1268 παίξοντες
727 1206 927 1275 μᾶλλον
947 1204 982 1282 ἢ
1003 1208 1422 1271 σπουδάσαντες.
1455 1208 1519 1262 Ἡ
1539 1208 1641 1277 μὲν
1659 1203 1753 1265 οὖν
1775 1208 2000 1262 ἐκείνων

418 1291 565 1375 ὁρμή
615 1298 745 1366 περὶ
778 1297 869 1351 τὸν
924 1299 1044 1352 νέον
1092 1299 1400 1368 στρατηγὸν
1450 1298 1675 1368 τοιαύτη
1706 1313 1788 1359 τις
1817 1293 1885 1369 ἦν
1925 1299 2000 1362 ὼς

427 1385 561 1461 μηδὲ
592 1391 785 1458 στῆναι
807 1389 1316 1459 πληθουμένους,οὺ
1340 1392 1460 1445 κατ’
1486 1391 1689 1459 ὀλίγον,
1715 1391 1851 1445 ἀλλὰ
1873 1392 2002 1461 τρό-

424 1496 527 1531 πον
558 1478 728 1551 πυρὸς
750 1483 873 1536 κατ’
901 1481 1199 1549 ἀναλογίαν
1225 1484 1323 1553 τὴν
1346 1482 1768 1549 πολλαπλάσιον,
1791 1483 1864 1546 ὡς
1886 1484 2003 1552 ἄμα

428 1570 528 1642 μὲν
558 1572 757 1639 ἐξιέναι
780 1572 878 1626 σὺν
900 1574 1324 1638 πολλαπλασίοις
1345 1575 1750 1643 τούτωνβίκην
1784 1574 2003 1647 ῥυάκων

425 1664 794 1736 ἐπιρῤεόντων
857 1666 968 1718 τῶν
1022 1665 1298 1737 ἀγροίκων
1332 1668 1559 1721 ἐκείνων
1604 1667 1693 1720 καὶ
1732 1665 2005 1736 βουκαίων

427 1756 523 1808 καὶ
557 1754 794 1824 βοωτῶν.
845 1756 1016 1813 Τοῦτο
1055 1756 1246 1826 μαθὼν
1286 1757 1572 1828 βασιλεὺς,
1617 1755 1879 1826 καὶπερὶ
1924 1756 2003 1826 τῷ

428 1846 540 1917 λαῷ
566 1846 749 1922 δείσας
778 1848 852 1921 μή
879 1866 932 1905 τι
966 1850 1132 1909 πάθοι
1170 1848 1499 1920 προσϐαλὼν
1522 1849 1881 1912 ἀσυντάκτως
1906 1848 2002 1902 καὶ

427 1940 676 2011 ἀμαθῶς,
704 1944 752 2003 εί
770 1944 815 1998 5’-
850 1943 967 2008 οὖν,
999 1943 1135 1997 ἀλλὰ
1161 1945 1254 2002 καὶ
1287 1945 1363 2013 μή
1392 1961 1447 1997 τι
1474 1940 1863 2013 νεωτερισθείη
1885 1942 2005 1994 ἑπι-

427 2034 722 2104 τυχόντων,
757 2035 984 2106 πέμψας
1013 2038 1094 2100 είς
1124 2036 1286 2090 αὐτὸν
1317 2035 1707 2105 μετακαλεῖται
1739 2034 1832 2086 τὸν
1872 2032 2007 2103 βάρ-

427 2128 614 2197 ϐαρον,
653 2131 746 2200 καὶ
799 2131 1046 2193 ἐλθόντος
1099 2132 1511 2200 ἀποχειροτονεῖ
1565 2128 1883 2196 παραυτίκα
1915 2130 2007 2181 τὸν

428 2219 735 2289 στρατηγδν
766 2222 862 2272 καὶ
888 2222 945 2272 ἐν
974 2224 1039 2291 τῇ
1074 2219 1364 2292 πρεπούσῃ
1394 2221 1625 2292 τηρήσει
1662 2217 1802 2273 εἶναι
1832 2236 2007 2287 προσ-

426 2307 636 2379 τᾴσσει.
663 2309 737 2383 Τὸ
762 2310 806 2364 δ’
837 2312 1047 2391 ἀμαθὲς
1079 2310 1256 2364 ἐκεῖνο
1291 2312 1493 2386 πλῆθος
1523 2313 1620 2379 καὶ
1640 2313 1837 2382 ἄλογον
1889 2312 2005 2383 ἅμα

431 2596 531 2639 nas
572 2582 758 2652 luent,
792 2594 984 2641 eventu
1024 2600 1130 2642 non
1168 2598 1557 2655 usquequaque
1592 2585 1795 2640 nostris
1836 2583 2006 2637 ratio-

431 2678 594 2735 ttibus
628 2678 1006 2744 incommodo;
1042 2687 1319 2749 utcunque
1357 2694 1439 2735 res
1476 2680 1543 2735 ad
1578 2686 1881 2733 extremum
1918 2693 2009 2731 ca-

432 2767 551 2833 det,
586 2773 894 2826 constituro
929 2772 1085 2828 nobis
1119 2774 1337 2827 interim
1378 2770 1555 2827 fructu
1593 2771 1844 2841 pmsenti
1884 2770 2009 2825 talis

431 2862 669 2927 consilii,
696 2877 762 2917 eo
795 2863 915 2933 ipso
942 2864 1086 2933 quod
1115 2865 1219 2918 hoc
1251 2864 1473 2919 homine
1506 2862 1861 2917 llalizonibus
1892 2876 2010 2915 am-

436 2950 520 3006 nis
567 2950 829 3023 Sangaris
882 2953 1120 3031 accolis,
1168 2956 1459 3010 Persarum
1510 2955 1668 3009 limiti
1722 2954 2005 3017 ﬁnitimis,

408 3043 593 3123 duce,
631 3056 793 3118 prout
830 3047 1097 3118 ﬂagitant,
1134 3050 1483 3119 imponendo,
1514 3058 1570 3104 et
1603 3064 1634 3102 e
1669 3047 2004 3111 dilﬁcultate,

2102 589 2223 636 στος
2255 578 2687 646 κατελάμϐανεν.

2313 669 2415 722 λα’.
2455 671 2724 736 Θάνατος
2755 670 2860 724 τοῦ
2900 668 3478 736 πρωτοϐεστιαρίου.

2171 760 2261 813 Ἐν
2295 762 2537 831 τοσούτῳ
2557 761 2615 814 δὲ
2650 763 2744 815 καὶ
2763 762 2848 834 [Ρ.
2881 759 3053 832 ηδιό
3090 758 3615 831 πρωτοϐεστιὰριος
3634 759 3702 826 τῇ

2103 851 2440 922 Ικιολιιημέρῳ
2474 852 2614 921 νόσῳ
2655 851 3052 923 κατεργασθεὶς
3101 852 3212 905 τῶν
3249 849 3482 919 νεφρῶν
3515 846 3704 916 (οὐδὲν

2101 944 2210 1011 γὰρ
2237 943 2266 997 ὃ
2295 945 2552 998 ἐπενόουν
2586 945 2665 1008 είς
2692 946 2940 1015 ἰατρείαν
2966 944 3018 997 οι
3067 942 3482 1014 θεραπεύοντες
3517 939 3706 992 ἰκανὸν

2100 1036 2181 1097 εἰς
2213 1033 2315 1106 τήν
2343 1036 2485 1090 κατά
2514 1035 2612 1105 τῆς
2636 1036 2953 1108 ἀρρωστίας
2994 1032 3368 1101 ἀνταγώνισιν
3419 1030 3629 1097 ἔδοξεν,
3657 1030 3706 1087 εἰ

2104 1126 2180 1197 μὴ
2214 1126 2312 1180 καὶ
2347 1127 2549 1197 μᾶλλον
2605 1127 2981 1198 προσεξημίου
3016 1126 3108 1179 τὸν
3153 1122 3508 1194 πάσχοντα),
3541 1122 3704 1188 ἀφεὶς

2102 1217 2171 1271 τὰ
2199 1218 2377 1273 πάντα
2404 1219 2500 1273 καὶ
2518 1218 2687 1289 αὐτὴν
2707 1221 2805 1289 τὴν
2833 1217 3105 1288 κοσμικὴν
3137 1214 3317 1289 όφρὺν
3337 1214 3443 1267 καὶ
3473 1212 3704 1281 σκηνὴν,

2101 1310 2194 1365 τδν
2224 1311 2461 1382 μοναχὸν
2488 1312 2805 1374 ὑποδύεται,
2835 1315 2932 1366 καὶ
2950 1313 2985 1367 ἃ
3014 1312 3156 1365 κατὰ
3181 1309 3289 1363 τῶν
3327 1307 3707 1376 ταλαιπώρων

2105 1402 2389 1471 κληρικῶν
2418 1401 2718 1473 ξυνέπραξέ
2749 1420 2808 1455 τε
2836 1402 2931 1457 καὶ
2968 1401 3399 1468 ξυνεϐούλευσεν
3432 1400 3513 1462 ὡς
3549 1398 3713 1468 δῆθεν

2104 1495 2169 1547 ἐκ
2204 1495 2397 1563 ζήλου,
2429 1495 2612 1557 αὐτοῖς
2644 1496 2875 1558 ἐκείνοις
2908 1494 3146 1565 παροῦσι
3176 1490 3516 1562 διωμολόγει
3546 1507 3712 1557 μετα-

2104 1586 2263 1650 νοῶν,
2311 1589 2406 1641 καὶ
2462 1587 2710 1656 ἐζητεῖτο
2764 1587 2896 1654 παρ’
2931 1587 3113 1642 αὐτῶν
3165 1586 3265 1656 τὴν
3320 1583 3708 1654 συγχώρησιν.

2107 1678 2280 1731 Αὐτὸν
2314 1678 2360 1731 δ’
2413 1679 2507 1731 ἐπὶ
2563 1679 2820 1732 τοσοῦτον
2869 1680 2896 1731 ὁ
2931 1679 3092 1741 πόνος
3120 1677 3300 1731 ὠδύνα
3336 1675 3441 1730 καὶ
3493 1672 3711 1727 ἔθλιϐεν

2038 1811 2078 1865 Β
2107 1770 2247 1824 ὥστε
2298 1772 2394 1825 καὶ
2446 1772 2508 1824 τὸ
2543 1772 2645 1843 ζῇν
2677 1772 2872 1842 ἐκείνῳ
2906 1774 3086 1824 ποιεῖν
3134 1770 3379 1824 ἀϐίωτον
3404 1785 3422 1800 ·
3462 1766 3568 1820 κᾶν
3605 1763 3706 1818 πού

2105 1879 2190 1924 τις
2216 1863 2326 1915 τῶν
2354 1862 2772 1933 ’Δσκληπιαδῶν
2816 1865 2880 1917 ἐκ
2912 1863 3011 1931 τῆς
3040 1860 3312 1933 ἀρτηρίας
3353 1857 3705 1943 ἐπισχέσεως

2111 1953 2251 2021 μετά
2283 1954 2459 2024 βραχὺ
2505 1956 2606 2022 τὴν
2659 1954 2921 2023 τελευτὴν
2960 1951 3355 2022 ἐπηγγείλατο,
3393 1950 3706 2018 εὐεργέτης

2108 2047 2172 2096 ὲκ
2198 2044 2292 2099 τοῦ
2323 2047 2669 2117 παρασχεδὸν
2722 2046 2869 2110 ἔδοξε
2902 2047 3074 2114 λέγων
3131 2044 3228 2098 καὶ
3262 2040 3611 2113 προμηνύων
3644 2039 3703 2091 οὐ

2108 2139 2363 2207 πράττων
2409 2141 2518 2193 οὐδ’
2550 2140 2920 2210 ἐργαζόμενος
2974 2138 3072 2208 τὴν
3097 2136 3311 2190 ἐκείνου
3344 2134 3704 2202 ἀπαλλαγήν.

2108 2231 2278 2294 Τόσος
2304 2228 2373 2301 ἦν
2395 2233 2422 2284 ό
2461 2235 2620 2295 πόνος
2652 2236 2749 2286 καὶ
2799 2233 2834 2303 ή
2864 2231 2974 2285 τῶν
3016 2230 3246 2300 νεφρῶν
3282 2228 3451 2298 όδύνη
3490 2225 3569 2297 τῷ
3604 2228 3708 2279 πά-

2111 2338 2313 2393 σχοντι.
2349 2324 2513 2395 Ὥστε
2543 2324 2637 2377 καὶ⁵
2675 2324 2793 2399 μετ’
2818 2323 2882 2383 οὐ
2911 2322 3046 2377 πολὺ
3079 2320 3447 2397 μεταλλάξαι,
3480 2318 3580 2379 καὶ
3616 2319 3707 2373 τὸν

2110 2597 2285 2652 ctmn,
2320 2588 2504 2642 statim
2540 2586 2663 2642 inde
2693 2601 2854 2643 cursu
2886 2585 3112 2651 reﬂexo,
3143 2600 3252 2657 qua
3287 2596 3533 2653 pronum
3565 2587 3703 2644 erat,

2110 2681 2271 2736 elabi.
2307 2679 2416 2735 Hos
2450 2680 2524 2736 ita
2555 2678 2879 2734 tumultuari
2912 2677 3123 2733 crebris
3153 2676 3462 2745 imperator
3491 2672 3703 2728 nuntiis

2113 2773 2289 2829 factus
2323 2772 2548 2835 certior,
2579 2779 2635 2826 et
2664 2772 2707 2827 si
2744 2771 2808 2824 ad
2843 2783 3067 2841 manum
3103 2782 3190 2823 res
3221 2767 3460 2829 veniret,
3495 2765 3701 2819 cladem

2112 2884 2175 2923 ac
2207 2878 2445 2936 stragem
2480 2865 2664 2937 populi
2697 2864 2970 2920 exitialem
3005 2863 3245 2932 aliquam
3282 2873 3538 2916 metuens
3564 2905 3576 2921 ,
3610 2859 3701 2911 sed

2112 2977 2213 3015 nec
2247 2960 2382 3015 satis
2416 2973 2646 3014 securus
2679 2959 2745 3012 de
2778 2956 2881 3011 lide
2914 2956 3127 3010 barbari
3165 2963 3394 3024 agyrtar,
3427 2954 3524 3023 qui
3562 2953 3606 3005 si
3642 2949 3706 3003 ad

2112 3052 2479 3108 defectionem
2526 3066 2554 3105 a
2601 3050 2847 3119 principe
2894 3048 3107 3117 plebem
3160 3047 3310 3100 illam
3367 3045 3705 3100 inconditam

434 3155 556 3209 quae
588 3156 732 3207 nunc
763 3149 940 3210 urget,
971 3141 1389 3210 explicabimur,
1421 3150 1476 3196 et
1509 3141 1711 3194 invidia
1739 3155 1846 3205 nos
1875 3154 2007 3193 exo-
2034 3142 2077 3198 C
2113 3152 2353 3207 vocaret,
2388 3142 2675 3211 morigeris
2706 3140 2772 3195 ad
2805 3140 3027 3209 quidvis
3058 3150 3201 3193 esset
3233 3151 3464 3200 usurus,
3500 3144 3709 3188 mature

433 3230 750 3295 nerabimus
787 3233 1012 3303 ingenti.
1052 3251 1070 3285 ι
1112 3232 1238 3288 Hmc
1270 3248 1393 3288 cum
1429 3234 1544 3288 suis
1580 3234 1800 3287 locutus
1833 3231 2007 3299 impe-

434 3333 583 3378 rator
609 3321 1188 3392 PseuJo-Lachanam,
1228 3326 1567 3395 prmparatis,
1603 3332 1823 3393 quantm
1854 3321 2008 3377 sum-

435 3431 557 3472 cere
587 3427 720 3487 sunt
747 3418 896 3482 visae,
933 3419 1258 3484 instructum
1296 3420 1490 3489 copiis,
1524 3419 1743 3473 emittit.
1780 3421 1845 3472 At
1880 3432 2009 3472 ecce

432 3507 521 3563 vix
549 3523 609 3563 se
636 3508 725 3564 ille
751 3509 804 3563 in
832 3510 974 3575 viam
1001 3510 1242 3571 dederat.
1270 3527 1394 3567 cum
1424 3520 1605 3567 motus
1634 3512 1850 3564 illarum
1879 3524 2011 3578 geu-

435 3597 569 3659 tiutn
606 3599 817 3657 exstitit
849 3602 1140 3657 maximus.
1175 3603 1585 3657 Concurrehant
1619 3601 1684 3654 ad
1720 3616 1844 3654 eum
1883 3615 2010 3669 pas-

435 3692 538 3743 sim
580 3705 770 3747 omnes
802 3692 968 3746 vicini
1004 3691 1158 3761 juxta
1199 3702 1253 3747 et
1296 3692 1611 3763 longinqui,
1648 3691 2012 3761 trepidatione

438 3798 500 3836 ac
542 3784 775 3837 tumultu
814 3794 967 3838 tanto
1000 3794 1061 3840 ut
1098 3787 1334 3849 mundus
1369 3786 1663 3848 universus
1698 3784 1918 3839 concuti
1959 3790 2012 3837 et

438 3885 582 3928 terra
614 3875 725 3943 ipsa
759 3875 1003 3930 funditus
1035 3875 1366 3931 commoveri
1395 3874 1689 3933 videretur.
1718 3873 1893 3942 Opere
1922 3889 2014 3929 ru-

440 3967 584 4030 stico
615 3968 869 4035 agricola:
898 3982 963 4022 ac
994 3969 1234 4037 pecuarii
1269 3968 1486 4030 relicto,
1519 3969 1612 4037 qui
1645 3967 1779 4021 nihil
1814 3967 1917 4020 nisi
1949 3968 2013 4020 li-

440 4074 633 4130 gotiem
674 4075 786 4129 quo
832 4069 1029 4115 terram
1079 4060 1387 4126 fodiebant,
1432 4060 1535 4115 nisi
1578 4060 1861 4116 stimulum
1898 4075 2015 4128 quo

442 4152 605 4207 boves
639 4153 1028 4221 increpabant,
1062 4160 1298 4206 tractare
1332 4162 1488 4206 antea
1523 4150 1878 4211 didicissent,
1913 4164 2014 4216 pu-

440 4258 576 4308 gnas
617 4257 762 4296 nunc
795 4250 850 4297 et
884 4243 1031 4297 acies
1067 4242 1410 4307 fremebant,
1448 4243 1744 4310 virgasque
1778 4254 1843 4293 ac
1877 4237 2013 4306 peda

441 4333 557 4387 vice
587 4334 758 4389 hastae
787 4341 883 4387 aut
909 4332 1108 4387 lanceae
1138 4341 1412 4400 gestantes
1441 4330 1775 4399 apparebant
1802 4325 2015 4380 subita-

443 4425 505 4476 rii
533 4425 743 4486 velites,
770 4437 941 4493 genus
968 4438 1171 4477 novum
1204 4423 1413 4497 militiae
1444 4420 1694 4484 inermis,
1720 4417 1869 4471 acies
1896 4404 2017 4471 sine

2120 3235 2534 3306 praecavendum
2575 3232 2982 3288 incommodum
3027 3242 3213 3292 ratus,
3260 3229 3597 3285 accersitum
3644 3223 3707 3277 ad

2118 3344 2179 3383 se
2222 3326 2627 3395 atlductumque
2676 3334 2888 3379 mature
2930 3322 3503 3380 Pseudo-Lachanam
3550 3332 3713 3372 exau-

2117 3431 2294 3474 rtorat
2335 3431 2561 3490 tutaque
2606 3420 2778 3473 teneri
2819 3417 3067 3473 custodia
3112 3416 3290 3486 jubet.
3332 3416 3458 3482 Quo
3496 3412 3711 3480 vulgato

2119 3507 2404 3562 confestim
2437 3507 2727 3561 temeraria
2759 3506 2915 3560 turba
2944 3506 3186 3574 dispersa
3217 3514 3323 3566 est,
3358 3518 3461 3573 pro
3493 3519 3552 3557 se
3580 3514 3711 3568 quo-

2122 3615 2228 3666 que
2264 3614 2423 3653 suum
2461 3600 2672 3668 mapalc
2707 3598 3000 3667 villamque
3032 3616 3095 3652 ac
3131 3597 3406 3652 familiare
3442 3602 3711 3666 repetente

2122 3691 2421 3746 stabulum.

2551 3784 2641 3837 51.
2687 3782 2829 3837 Mors
2868 3784 3279 3850 protovestt'arii.

2197 3877 2342 3929 Inter
2384 3876 2499 3931 haec
2548 3878 3003 3946 protovestiarius
3049 3875 3210 3945 longo
3266 3890 3463 3928 renum
3514 3872 3704 3927 dolore

2125 3972 2331 4024 scutum
2362 3982 2724 4038 consumptus
2756 3969 2984 4032 interiit,
3033 3984 3155 4023 cum
3214 3967 3486 4037 quidquid
3522 3965 3569 4018 ei
3604 3977 3708 4014 me—

2124 4062 2358 4116 dicande
2414 4062 2783 4121 comminisci,
2841 4063 2932 4130 qui
2971 4077 3097 4114 eum
3135 4063 3430 4125 curabant,
3493 4056 3709 4112 confer-

2128 4170 2254 4207 reve
2292 4155 2620 4222 potuissent,
2654 4154 2792 4207 adeo
2821 4169 2926 4206 non
2960 4168 3059 4222 par
3095 4153 3286 4207 fuisset
3315 4152 3622 4205 eluctanth
3659 4148 3706 4197 vi

2129 4247 2434 4316 languoris,
2468 4257 2525 4299 ut
2558 4261 2679 4300 eam
2716 4244 2898 4315 potius
2930 4260 3259 4313 exasperare
3292 4244 3526 4312 plusque
3571 4252 3709 4307 aegro

2131 4356 2327 4393 nocere
2359 4340 2534 4396 visum
2565 4347 2732 4412 esset,
2772 4344 2992 4409 quando
3022 4338 3110 4390 ille
3163 4346 3430 4406 perucsus
3462 4335 3709 4388 Itttlttanzu

2131 4434 2412 4495 vanitatis,
2445 4441 2500 4486 et
2530 4428 2691 4487 scena
2725 4431 3020 4485 mundana:
3058 4430 3387 4499 arrogantia:
3443 4440 3606 4497 quam
3640 4421 3708 4473 sit

445 4517 655 4571 ordine.
687 4516 793 4571 Sed
827 4516 1077 4571 fiduciam
1106 4516 1349 4569 victoria:
1378 4522 1583 4568 certam
1615 4508 2017 4578 auguriumque
2053 4503 2095 4558 D
2131 4526 2312 4578 inanis
2367 4524 2697 4595 intelligens,
2760 4538 2821 4578 ea
2882 4523 3136 4591 despecta
3171 4520 3438 4591 monachi
3462 4517 3702 4571 habitum

443 4624 552 4667 non
584 4608 810 4673 dubium
846 4606 1136 4659 trahebant
1170 4621 1234 4657 ex
1269 4620 1335 4659 eo
1366 4602 1511 4666 solo,
1543 4601 1689 4671 quod
1723 4600 2021 4661 militarent

442 4700 705 4769 auspiciis
739 4698 1193 4758 desiderantissimi
1228 4698 1387 4751 ducis
1424 4695 1506 4750 sui
1548 4693 1835 4749 Lachanm.
1870 4692 2021 4763 (Jon-

442 4795 605 4848 ﬂatur
634 4800 915 4847 momento
947 4792 1104 4859 turba
1141 4788 1560 4843 innumerabilis
1592 4786 1931 4841 trudentium
1963 4800 2025 4849 se

447 4896 637 4940 mutuo
660 4902 723 4940 ac
747 4894 1074 4954 praevertere
1095 4884 1459 4945 certantium;
1489 4881 1865 4935 festinantium
1890 4895 2028 4932 cun-

443 4989 657 5032 ciorum
708 4978 774 5031 ad
826 4976 951 5032 novi
1003 4976 1248 5032 ductoris
1297 4977 1472 5045 signa.
1523 4970 1800 5042 Nusquam
1844 4970 2063 5024 verius"

444 5082 603 5126 vetus
635 5070 765 5122 illud
796 5071 1043 5133 verbum,
1078 5072 1242 5126 Dulce
1275 5071 1476 5125 bellum
1508 5065 1830 5137 inexpertis.
1863 5064 2028 5118 Plane

451 5163 617 5217 rudes
643 5163 825 5215 omnis
852 5162 1058 5217 bellica:
1085 5163 1251 5227 artis,
1281 5163 1348 5215 ab
1378 5162 1577 5216 aratris
1602 5170 1766 5230 atque
1794 5175 1824 5213 a
1854 5157 2028 5212 caulis

449 5269 745 5315 convenae,
783 5253 1068 5319 ludibundi
1113 5256 1292 5324 prmlia
1336 5254 1760 5316 turditabantnr,
1799 5260 1894 5305 aut
1931 5267 2026 5319 po-

449 5348 557 5401 tius
600 5346 790 5416 spoliis
833 5347 1137 5416 przedisque
1184 5349 1487 5401 inhiabant.
1531 5344 1647 5399 Non
1695 5357 1840 5400 stare
1888 5351 2030 5398 intra

446 5443 671 5505 vallum,
721 5456 827 5496 non
878 5450 1064 5497 tenere
1112 5441 1314 5504 locum,
1363 5456 1471 5493 non
1523 5456 1740 5493 servare
1782 5440 2027 5492 ordinem

447 5536 617 5599 scire;
666 5549 775 5603 quo
819 5535 1129 5602 cuicunque
1176 5532 1334 5603 192
1378 5531 1815 5601 quandocunque
1862 5532 2031 5586 libue-

451 5636 534 5680 rat
576 5626 699 5680 ferri
747 5636 979 5692 temere;
1030 5642 1139 5695 quo
1185 5632 1291 5679 ritu
1341 5624 1591 5678 scintillae
1633 5625 1878 5685 volitant.
1926 5625 2032 5677 huc

455 5720 605 5782 illuc,
642 5731 789 5784 ante,
815 5732 979 5785 retro,
1008 5738 1034 5772 a
1074 5722 1357 5781 latri-:lms,
1397 5720 1546 5773 illinc
1583 5719 1707 5773 inde
1742 5720 2027 5787 inquietis-

456 5814 586 5863 simo.
624 5817 836 5867 τοι-τινί*
874 5815 1195 5869 torrrn‘iutn
1234 5816 1403 5869 inst-tr
1441 5813 1713 5868 confluere
1746 5813 1798 5866 in
1836 5813 2030 5865 eundi-

2129 4616 2343 4681 induit;
2373 4625 2429 4670 ct
2457 4627 2682 4671 vexatos
2716 4617 2917 4687 injuste
2946 4631 3003 4670 se
3036 4625 3257 4669 auctore
3286 4629 3348 4667 ac
3379 4614 3705 4680 cooperante

2128 4711 2364 4764 miseros
2400 4709 2635 4764 clericos
2689 4708 2959 4768 recolens.
3023 4707 3154 4774 ipsis
3209 4706 3312 4758 illis
3348 4701 3701 4774 przesentibus

2126 4818 2189 4854 ea
2226 4816 2285 4854 se
2339 4801 2704 4871 imprudentis
2742 4802 3004 4855 instinctu
3048 4800 3147 4853 zeli
3185 4800 3365 4865 egisse
3398 4796 3702 4857 dixissequu

2130 4894 2405 4961 pmniteus
2469 4905 2548 4946 est
2606 4893 2805 4951 fassus.
2871 4892 3196 4959 veniamque
3253 4891 3323 4942 ah
3355 4889 3487 4957 ipsis
3528 4882 3694 4955 petiit-

2134 4987 2302 5039 l’orro
2332 4984 2550 5039 dolores
2577 4985 2914 5038 laborantem
2951 4985 3084 5037 tanti
3113 4998 3176 5036 ac
3204 4992 3314 5034 tam
3359 4981 3702 5033 vehementes

2132 5078 2474 5143 cruciabam,
2506 5086 2564 5131 ut
2603 5079 2652 5131 ei
2687 5078 2898 5131 vivendi
2932 5077 3148 5130 taedium
3183 5075 3430 5128 afferrent
3461 5090 3476 5136 ;
3504 5079 3556 5123 et
3589 5065 3703 5136 qui-

2133 5185 2352 5238 cunque
2414 5169 2516 5237 ipsi
2547 5169 2830 5237 explorata
2858 5170 2995 5223 forte
3036 5170 3234 5221 arteria
3272 5167 3517 5221 medicus
3552 5160 3702 5213 tinent

2136 5260 2500 5329 propinquum
2532 5260 2897 5327 ominaretur,
2932 5259 3193 5314 indicium
3230 5255 3497 5310 renidenti
3552 5246 3702 5319 193

2133 5353 2290 5405 vultu
2343 5353 2646 5419 acciperet,
2701 5353 3116 5421 doliitoremque
3155 5366 3212 5405 se
3282 5352 3356 5404 illi
3418 5363 3513 5416 pro
3539 5341 3701 5412 gratia

2138 5444 2324 5515 [οισι-ει,
2359 5445 2552 5499 melius
2586 5447 2749 5497 etiam
2791 5445 2858 5497 de
2894 5460 2954 5499 se
3013 5445 3299 5507 meritum,
3332 5444 3374 5496 si
3410 5448 3700 5509 repracsen-

2138 5522 2253 5592 tare
2291 5537 2435 5606 quod
2478 5538 2854 5606 praesagiebat,
2896 5546 2951 5592 et
3010 5539 3076 5593 ad
3126 5538 3236 5593 voti
3289 5536 3558 5591 effectum,
3600 5537 3700 5595 quo

2137 5634 2248 5684 cito
2281 5630 2509 5685 dissolvi
2555 5632 2834 5700 cupiebat,
2886 5632 3033 5686 licite
3082 5629 3366 5700 cooperari
3423 5625 3693 5698 potuissrl.

2140 5724 2234 5776 llis
2293 5724 2455 5791 igitur
2492 5706 2684 5777 renum
2748 5726 3111 5779 atrocissitnis
3148 5722 3435 5777 tormentis
3475 5707 3697 5772 conferti

2139 5818 2547 5871 exatiimatiuue
2578 5820 2791 5871 tandem
2824 5817 3223 5871 nt‘otnvcstiarii
3261 5817 3491 5871 cadaver
3514 5811 3695 5863 deuor-
