4018 6416
1178 330 1211 348 ο

405 371 512 440 213

1290 378 1386 436 DE
1427 378 1869 440 ANDRONICO
1908 378 2373 446 PALEOLOGO
2416 389 2561 449 LIB.
2600 389 2680 450 ῐΙ.

3559 388 3666 454 214

404 486 601 554 νεκρὸν
631 485 899 550 Νικαίλξε
952 486 1305 555 κομισθῆναι,
1364 489 1422 540 ἐν
1450 491 1516 559 τῇ
1568 489 1662 542 τοῦ
1694 491 1980 559 Τορνικίου
2011 495 2056 549 Δ
2088 511 2264 563 μαντα
2293 497 2383 548 τὸν
2408 497 2506 566 τῆς
2536 496 2949 566 παροιμίας,ὠς
2979 497 3227 550 ἀλουτεῖν
3261 498 3353 551 καὶ
3377 500 3664 567 νηστεύειν

408 580 568 646 μονῇ,
595 579 739 630 κατά
770 596 823 631 τι
854 579 1179 648 κτητορικδν
1232 578 1340 632 ἀπὸ
1371 580 1469 649 τῆς
1499 579 1736 649 συζύγου
1768 583 1988 650 ,δίκαιον

404 668 992 740 ὲ-ισοριασοησόμενον.

403 780 509 851 λβ’.
540 780 819 857 Περϊτῇς
846 785 953 840 τοῦ
989 787 1334 857 κανικβείου
1363 787 1461 840 ἐπί
1488 787 1595 840 τοῦ
1620 790 1813 857 μέσου
1843 787 1990 842 ἀπο-

482 854 933 921 καταστάσεως,
970 856 1071 910 καί
1112 855 1222 923 τῆς
1251 857 1358 911 τοῦ
1378 854 1687 925 saeuae;
1713 861 1800 924 εἷς
1824 858 1989 914 ἅπαν

482 927 820 992 καρτερίας.

495 1036 739 1098 Ἐκεῖνος
771 1035 871 1105 μὲν
896 1034 1069 1098 οὕτως
1116 1036 1349 1103 ἁπεϐίω,
1409 1037 1665 1108 βασιλεὺς
1698 1040 1756 1093 δὲ
1789 1042 1849 1092 τὸ
1878 1041 1988 1094 πᾶν

406 1130 510 1196 τῆς
538 1128 648 1181 τῶν
678 1126 874 1180 κοινῶν
934 1128 1213 1197 μεσιτείας
1265 1129 1361 1182 ἐπὶ
1403 1132 1549 1199 μόνῳ
1577 1131 1741 1184 ὲτίοεν
1775 1131 1851 1202 τῷ
1890 1151 1991 1202 μυ-

410 1215 606 1287 στικῷ,
634 1216 695 1269 ὃν
725 1217 819 1269 καὶ
851 1217 912 1270 οὐ
948 1217 1090 1286 μετὰ
1115 1218 1249 1270 πολὺ
1278 1220 1368 1271 ἐπὶ
1399 1218 1493 1272 τοῦ
1522 1220 1830 1273 κανικλείου
1860 1221 1991 1274 καθ-

411 1310 558 1375 ίστα,
590 1298 741 1378 αὑτῷ
774 1325 837 1376 γε
867 1307 969 1363 σὺν
988 1308 1194 1377 ὀλίγοις
1222 1310 1512 1381 συμϐούλῳ
1553 1312 1692 1383 πρὸς
1721 1313 1789 1366 τὰ
1819 1312 1990 1366 πολλὰ

408 1403 508 1457 καὶ
541 1400 793 1470 συνεργῷ
820 1401 1126 1472 χρώμενος,
1161 1401 1321 1454 οὐδὲν
1349 1402 1450 1455 ὅσα
1476 1403 1585 1456 τῶν
1617 1404 1754 1472 πρὸς
1779 1404 1991 1475 τρυφὴν

409 1491 903 1560 προσποιούμενος,
933 1492 1073 1544 ὅπου
1099 1507 1164 1559 γε
1206 1492 1302 1545 καὶ
1334 1494 1505 1563 αὐτὴν
1535 1492 1824 1565 βασιλικὴν
1856 1494 1994 1567 τρά-

416 1583 615 1647 τεζαν,
650 1582 710 1648 ἐξ
760 1579 830 1654 ἦς
879 1578 948 1654 ἦν
986 1583 1271 1653 γεραίρειν
1298 1584 1568 1655 ὁσημέραι
1596 1584 1893 1656 βουλευτάς
1929 1602 1991 1639 τε

407 1677 508 1727 καὶ
552 1676 796 1744 ἀριστεῖς
826 1674 1080 1746 (νώτοισι
1127 1674 1239 1744 γὰρ
1290 1678 1383 1729 καὶ
1451 1678 1820 1748 ’Λγαμέμνων
1873 1678 1992 1747 βοὸς

403 1767 687 1835 διηνεκέσι
741 1766 835 1821 τὸν
884 1767 1290 1837 ἀριστεύσαντα
1344 1768 1634 1840 γέραιρε),
1687 1771 1783 1823 καὶ
1821 1771 1991 1841 αὐτὴν

411 1857 725 1927 παρόὑὸὲν
770 1859 963 1923 ἐτίθει,
1016 1860 1324 1931 δημοτκιὴν
1368 1863 1583 1932 τρυφὴν
1621 1861 1990 1933 δυσχεραίνων

406 1953 506 2003 καὶ
528 1950 812 2021 τραπέζης
833 1951 1150 2023 ἐλευθερίαν
1175 1953 1784 2023 ἁποπροσποιούμενος,
1806 1955 1992 2009 στάσει

407 2061 466 2095 τε
506 2046 601 2097 καὶ
630 2045 856 2115 νηστείᾳ
902 2043 1189 2116 ὁλοημέρῳ
1239 2047 1697 2118 προσκαρτερῶν,
1730 2045 1816 2116 μ».
1863 2046 1991 2119 129]

406 2135 555 2190 οὕτω
611 2136 825 2202 δοκοῦν,
886 2137 1086 2208 ἔκφερε
1118 2141 1283 2192 πόνου
1322 2142 1695 2209 φρονήματος.
1750 2135 1860 2195 Ἦν
1885 2141 1994 2210 γὰρ

406 2232 533 2292 ταῖς
569 2229 852 2305 ἀληθείαις
884 2230 978 2288 ἐπὶ
1008 2229 1221 2294 τούτοις
1241 2231 1335 2286 καὶ
1362 2230 1529 2289 αὐτὸν
1559 2231 1726 2289 νικῶν
1751 2231 1841 2289 τὸν
1863 2232 1995 2293 ἀδά-

408 2420 583 2466 tatum
619 2409 853 2467 Nicaeam
886 2419 993 2473 est.
1025 2411 1082 2466 in
1102 2411 1437 2467 monasterio
1464 2413 1577 2467 illic
1606 2411 1827 2466 Tornici
1866 2427 1997 2467 can-

408 2502 678 2565 dendum,
715 2502 809 2557 ubi
870 2503 1035 2557 ducto
1101 2518 1129 2555 a
1187 2501 1421 2573 conjuge
1485 2501 1654 2557 dotali
1700 2510 1995 2571 patronatu

408 2597 714 2664 sepulturae
734 2595 828 2666 jus
863 2595 1105 2651 habebat

408 2711 504 2767 52.
552 2710 631 2766 De
660 2711 993 2781 promotione
1034 2679 1275 2782 pra’frrti
1313 2711 1563 2767 Canicleo
1601 2713 1655 2766 in
1680 2713 1997 2782 primariam

486 2798 671 2835 curam
730 2783 1110 2851 principalium
1159 2784 1514 2852 negotiorum,
1558 2784 1721 2852 deque
1768 2785 2000 2853 impera-

484 2854 618 2906 toris
652 2853 841 2906 invicta
863 2853 1164 2923 quarumvis
1195 2853 1479 2906 tolerantia
1508 2852 1771 2907 laborum.

491 2964 551 3021 In
594 2964 744 3019 hunc
788 2964 1010 3019 modum
1033 2962 1250 3020 sublato
1269 2963 1337 3018 de
1366 2964 1547 3018 médio
1576 2967 2000 3024 protovestiario

424 3058 786 3113 ministerium
819 3057 967 3126 quod
1000 3058 1093 3113 ille
1121 3066 1368 3129 gesserat
1393 3057 1624 3128 publica:
1642 3059 2000 3127 gubernatio-

2092 587 2185 639 καὶ
2218 592 2527 659 καρτερεῖν,
2557 590 2758 653 νύκτας
2792 608 2850 643 τε
2878 590 2972 643 καὶ
3001 589 3213 661 ἡμέρας
3239 592 3549 660 ἱστάμενος,
3571 594 3666 647 καί

2092 695 2194 730 που
2231 681 2324 732 καὶ
2354 680 2481 750 ὅλην
2510 681 2720 750 ἡμέραν
2748 681 3025 749 διαγαγὼν
3053 683 3300 752 φροντίσι
3333 686 3542 747 κοιναῖς
3567 685 3663 738 καὶ

2090 769 2371 838 ἀσχολίαις
2400 772 2698 839 φερούσαις
2737 790 2788 825 τι
2811 775 3086 842 χρήσιμον
3117 773 3532 842 καταλαϐούσης
3572 793 3666 827 νυ-

2090 862 2218 923 κτὸς
2249 862 2528 933 προῦργου
2564 862 2662 933 τὴν
2699 863 2833 932 πρὸς
2862 863 2996 916 Θεὸν
3049 864 3328 936 ὑμνῳδίαν
3362 865 3662 930 ποιεῖσθαι,

2089 953 2159 1023 ἢν
2187 951 2430 1020 συνήθως
2485 947 2600 1022 εἶχε
2655 953 2753 1006 σὺν
2807 953 3126 1025 ίερωμένοις
3163 955 3358 1018 τελεῖν,
3387 955 3667 1024 ἁνωτέραν

2089 1044 2273 1110 πάσης
2298 1045 2555 1108 ἀνέσεως,
2579 1046 2669 1097 καὶ
2698 1045 2796 1114 ὀψὲ
2821 1047 2932 1099 τῶν
2957 1046 3171 1100 νυκτῶν
3201 1049 3260 1101 ἐν
3290 1047 3389 1117 ἴσῳ
3419 1046 3664 1102 τίθεσθαι

2088 1137 2231 1188 τότε
2286 1137 2563 1206 τραφῆναι
2621 1136 2716 1190 καὶ
2752 1137 2848 1207 μὴ,
2882 1137 2998 1190 ἀλλ’
3043 1139 3121 1201 είς
3152 1138 3247 1207 τὴν
3275 1138 3541 1191 ἐπιοῦσαν
3568 1139 3667 1191 καὶ

2091 1230 2255 1283 πάλιν
2284 1229 2477 1292 νυκτὸς
2497 1230 2748 1301 ἀριστᾷν,
2777 1231 2804 1285 ὅ
2830 1249 2880 1285 τι
2912 1248 2976 1299 γε
3004 1231 3177 1299 τύχοι.
3209 1232 3271 1284 'll
3299 1234 3408 1303 γὰρ
3441 1231 3534 1284 τοῦ
3566 1232 3670 1284 σώ-

2094 1336 2262 1388 ματος
2301 1319 2484 1384 εὐεξία
2506 1321 2887 1389 συμπλακεϊσα
2927 1324 2993 1392 τῇ
3026 1321 3221 1392 γνώμῃ
3249 1321 3371 1374 οὔτε
3423 1323 3500 1391 τῷ
3535 1322 3667 1375 ἐθε-

2089 1409 2287 1482 λουσίφ
2342 1412 2442 1481 τῆς
2497 1413 2793 1482 καρτερίας
2848 1414 3034 1484 χώραν
3073 1414 3244 1468 ἐδίδου
3294 1414 3550 1484 βλάπτειν
3578 1416 3669 1467 τὸν

2091 1502 2486 1573 καρτεροῦντα,
2521 1503 2645 1557 οὔτε
2668 1503 2745 1573 τῷ
2779 1505 3022 1574 ἀκουσίῳ
3055 1504 3154 1581 τῆς
3197 1504 3444 1575 ἀνάγκης
3473 1505 3666 1558 λυπεῖν

2092 1596 2324 1663 παρεῖχε
2370 1595 2463 1648 τὸν
2512 1597 2803 1666 καρτερεῖν
2852 1596 3205 1667 ὀρεγόμενον,
3236 1598 3502 1671 ἑκατέρας
3538 1615 3670 1665 συγ-

2092 1685 2399 1755 κροτοῦσης
2440 1688 2679 1756 θατέραν
2706 1687 2787 1750 είς
2823 1690 2954 1756 μιᾶς
3012 1688 3413 1759 συμπλήρωσιν
3444 1689 3665 1758 ἀρετῆς,

2093 1776 2169 1837 ὡς
2201 1777 2339 1847 μήτε
2360 1777 2419 1831 τὺ
2440 1779 2618 1842 ἐνδεὲς
2647 1779 2738 1832 διὰ
2766 1778 2863 1849 τὴν
2886 1779 3103 1845 εὐεξίαν
3127 1780 3324 1837 λυπεῖν
3356 1782 3483 1850 μήτ’
3506 1781 3670 1850 ἀηδὲς

2093 1864 2233 1923 εἴναι
2266 1870 2353 1924 διὰ
2381 1871 2482 1940 τὴν
2514 1871 2739 1942 γνώμην
2762 1872 2823 1924 τὸ
2857 1860 3318 1943 σπουδαζόμενον.
3370 1872 3530 1930 Οὕτω
3568 1872 3671 1943 μὲν

2093 1958 2189 2016 οὖν
2223 1963 2252 2016 ὁ
2279 1962 2535 2033 βασιλεὺς
2580 1963 2832 2018 ἐντεῦθεν
2877 1963 3185 2034 ἀρξάμενος
3212 1960 3559 2036 καρτερικῶς
3591 1965 3671 2018 δι-

2094 2059 2257 2126 έφερε
2284 2058 2345 2111 τὸ
2384 2057 2556 2128 βιοῦν,
2614 2059 2845 2128 συνόλην
2872 2059 3085 2131 τρυφὴν
3114 2062 3205 2111 καὶ
3236 2058 3498 2129 βλακείαν
3534 2059 3673 2112 ἀπο-

2095 2151 2400 2220 προσποιοῦ
2408 2168 2589 2221 μενος,
2611 2153 2658 2205 εί
2681 2151 2773 2205 καὶ
2790 2151 3069 2224 βασιλικὸν
3093 2152 3186 2205 καὶ
3206 2154 3440 2224 ἀρχαῖον
3465 2151 3674 2208 ἀθετεῖ·-

2095 2240 2220 2299 σθαι
2248 2240 2529 2299 συνέϐαινε
2551 2241 2803 2319 νόμιμον.

2097 2418 2276 2489 primo
2303 2419 2546 2475 diluculo
2581 2428 2842 2489 satagens
2880 2434 2944 2475 ac
2985 2420 3143 2488 plane
3202 2418 3443 2486 alimenti
3475 2434 3671 2494 enters

2095 2514 2441 2582 pervenerat,
2496 2521 2626 2566 tunc
2676 2526 2849 2566 ciente
2883 2511 3208 2580 prarhabens
3242 2519 3590 2573 nocturnam,
3624 2512 3669 2567 si

2097 2604 2218 2672 ejus
2244 2604 2376 2656 hora
2412 2612 2659 2663 venerat,
2693 2602 3076 2674 bymnodiam.
3112 2601 3247 2656 Nam
3272 2605 3410 2656 hanc
3437 2617 3674 2657 consue-

2100 2701 2252 2747 verat
2285 2708 2392 2747 una
2439 2708 2564 2747 cum
2596 2692 2919 2747 domesticis
2951 2692 3232 2746 celebrare
3265 2692 3669 2755 sacerdotibus.

2098 2800 2159 2839 ea
2193 2784 2500 2839 eoitstautia
2535 2793 2597 2838 ut
2640 2799 2764 2839 team
2799 2798 3017 2849 semper
3069 2783 3423 2853 quantumvis
3468 2793 3674 2852 paratae

2096 2891 2165 2934 ac
2187 2876 2513 2932 necessaria!
2571 2877 2816 2946 corporis
2868 2877 3139 2930 curationi
3181 2874 3498 2930 anteferret.
3557 2874 3669 2929 Nec

2102 2983 2229 3023 raro
2257 2967 2462 3023 accidit
2493 2975 2554 3022 ut
2584 2977 2872 3038 postquam
2924 2969 3004 3023 sic
3036 2968 3125 3021 die
3170 2967 3222 3019 in
3245 2967 3459 3036 jejunio
3493 2982 3558 3020 ac
3592 2967 3673 3021 Ia-

2105 3061 2235 3115 bore
2265 3064 2531 3116 continuo
2586 3068 2891 3123 transacta,
2943 3058 3240 3130 hymnodia
3296 3059 3348 3113 in
3385 3059 3671 3129 epularum

420 3152 503 3206 uis
547 3150 850 3220 imperator
903 3149 1215 3207 universum
1273 3150 1326 3204 in
1359 3149 1648 3221 mysticum
1682 3152 1996 3219 transtulit;
2025 3153 2071 3212 C
2104 3151 2317 3216 locum,
2345 3151 2633 3219 imputata,
2687 3151 2997 3206 incmnatus
3055 3151 3412 3216 decubuerat,
3483 3166 3677 3207 rursus

412 3260 578 3310 ιιιιι-ηι
615 3253 670 3297 et
729 3259 834 3297 non
880 3243 1053 3297 multo
1086 3250 1210 3310 post
1252 3241 1508 3299 flanicleo
1538 3243 1854 3313 praeposuit,
1881 3243 2000 3313 ipso

414 3350 542 3386 cum
571 3333 759 3402 paucis
784 3332 1103 3386 consiliario
1158 3332 1224 3385 ad
1275 3332 1534 3401 pleraque
1565 3342 1620 3387 et
1674 3333 2001 3389 administro

412 3439 619 3489 utens;
677 3424 821 3479 haud
862 3425 1010 3479 hunc
1045 3425 1133 3479 vel
1166 3427 1266 3480 hos
1306 3438 1372 3479 eo
1403 3425 1636 3479 consilio
1669 3426 1774 3479 sibi
1809 3428 2001 3481 admo-

346 3527 355 3535 '
413 3531 575 3575 ιτς-ηε,
613 3525 673 3569 ut
713 3514 940 3569 haberet
965 3529 1198 3584 quorum
1225 3514 1561 3583 principales
1609 3530 1773 3573 curas
1808 3530 1907 3583 pro
1943 3530 2003 3571 se

412 3605 745 3660 olmuntium
784 3604 972 3659 vicarii
1008 3605 1203 3667 ﬁducia
1239 3606 1446 3667 laboris
1493 3606 1742 3661 securius
1768 3606 1885 3677 ipse
1912 3620 2002 3660 va-

412 3706 572 3749 caret
626 3696 1160 3765 remissionibusque
1206 3713 1267 3753 se
1328 3698 1575 3765 dederet,
1628 3698 1724 3754 sed
1784 3699 1851 3753 iis
1884 3699 2002 3767 ipse

413 3790 796 3859 aajntantibus
817 3806 914 3860 pro
941 3790 1085 3845 virili
1112 3790 1483 3856 collaborans,
1509 3792 1835 3847 auctoritate
1853 3791 2003 3860 prin-

411 3876 590 3950 cipis,
625 3882 913 3937 tolerantia
966 3892 1022 3937 et
1071 3882 1275 3940 duritia
1308 3897 1414 3937 non
1452 3883 1647 3952 privati
1691 3884 1873 3949 modo,
1904 3881 2000 3938 sed

417 3975 586 4042 (pone
611 3973 867 4044 dixerim)
902 3974 1121 4044 plebeii.
1156 3973 1310 4036 Adeo
1348 3974 1631 4028 mollitiem
1699 3972 2002 4029 nobilitatis

413 4078 637 4123 υιιηιθιιι
668 4063 1001 4132 deliciasque
1033 4063 1314 4124 rejecerat.
1350 4062 1539 4117 Mensa
1598 4079 1793 4134 nempe
1828 4064 2003 4134 ipsius

416 4155 593 4222 regia,
629 4154 787 4220 cuius
818 4155 1073 4211 accubitu
1104 4155 1350 4223 quotidie
1389 4155 1605 4224 aliquos
1657 4171 1687 4210 e
1721 4157 1999 4225 primariis

417 4255 707 4301 senatores
736 4246 1063 4313 honorabat,
1107 4248 1253 4302 haud
1283 4258 1405 4302 erat
1453 4247 1740 4305 Homerica
1772 4249 1861 4305 illa
1884 4249 2002 4310 lau-

416 4341 545 4405 tior,
579 4355 685 4409 qua
719 4340 932 4408 priscus
960 4341 1335 4410 Agamemnon

614 4429 867 4500 Perpetui
895 4440 1041 4502 tergo
1078 4433 1218 4488 boris
1248 4433 1543 4502 excipiebat
1589 4435 1809 4501 amicos,

416 4526 669 4594 adeoque
731 4526 942 4596 regium
1014 4525 1130 4591 ejus
1187 4526 1403 4595 generis
1462 4527 1648 4581 luxum
1713 4518 2000 4598 contemp-

417 4627 589 4676 serat.
622 4626 678 4670 ut
711 4632 778 4671 ne
832 4616 977 4671 civili
1013 4617 1263 4689 quidem,
1317 4627 1371 4672 et
1431 4618 1645 4688 qualem
1677 4634 1785 4677 non
1837 4620 2000 4688 plane

419 4724 689 4779 pauperes
742 4724 773 4764 e
819 4710 975 4779 plebe
1022 4708 1194 4773 ferme
1250 4721 1658 4775 consectantur,
1708 4712 1995 4781 epularum

417 4801 654 4871 eleganti
692 4800 973 4869 diligentia
1016 4801 1119 4855 sibi
1178 4801 1480 4856 ministrari
1539 4802 1772 4857 libenter
1811 4802 1996 4865 ferret,

419 4894 635 4961 copiam
689 4893 741 4946 in
778 4908 844 4946 eo
882 4892 1220 4954 moderatam
1280 4907 1498 4962 quoque
1527 4902 1580 4947 et
1607 4909 1637 4948 a
1675 4894 1998 4964 profusione

419 4996 684 5039 remotam
724 4985 1012 5049 abdicans,
1044 4984 1259 5039 interim
1300 4988 1427 5040 dum
1456 4986 1572 5041 dies
1602 4996 1746 5049 totos
1797 4989 1998 5057 perdu-

422 5093 553 5133 rans
575 5078 817 5146 jejunus,
872 5080 1099 5146 pedibus
1130 5079 1407 5133 insisteret
1466 5079 1791 5134 incmnbrns
1825 5081 2000 5149 operi,

423 5180 850 5239 monstransque
899 5171 1235 5228 indefessum
1305 5170 1463 5226 fortis
1510 5172 1772 5241 propositi
1810 5176 2001 5235 robur,

422 5276 638 5324 revera,
683 5262 802 5331 ipso
830 5261 995 5337 (quod
1030 5264 1206 5333 aiunt)
1238 5264 1528 5317 adamante
1574 5265 1765 5318 durior
1792 5264 1845 5317 in
1874 5265 2003 5332 juu-

421 5351 601 5417 gendo
631 5352 748 5407 dies
803 5352 1079 5415 noctibus,
1118 5355 1379 5407 continua
1410 5354 1664 5417 statione,
1717 5355 1999 5409 irremisse

422 5443 793 5503 contentione.
821 5444 955 5497 citra
989 5444 1359 5499 laxamentum
1421 5444 1590 5498 ullum
1628 5445 1849 5500 lotionis
1907 5454 2003 5499 aut

422 5536 572 5603 cibi;
610 5535 741 5605 quin
776 5535 867 5590 ubi
894 5536 971 5593 sic
1000 5552 1144 5609 saepe
1166 5538 1232 5593 ad
1265 5538 1495 5606 multam
1529 5548 1743 5603 noctem
1779 5553 1806 5593 a
1842 5536 2001 5620 194

2006 5765 2075 5778 ..4

2027 4480 2083 4547 D

2106 3242 2369 3312 postridie
2403 3254 2594 3299 tenore
2624 3244 2740 3313 pari
2793 3243 2935 3298 diem
2986 3242 3234 3306 duceret,
3268 3254 3509 3298 ventrem
3559 3245 3674 3312 jam

2104 3334 2275 3391 biduo
2326 3349 2555 3401 prorsus
2589 3334 2886 3404 impastum
2922 3333 2988 3388 ad
3043 3332 3372 3401 profundam
3415 3335 3677 3392 diﬂcretts

2106 3439 2414 3493 vesperam,
2452 3425 2701 3493 nihilque
2753 3425 2836 3479 vel
2875 3433 3004 3480 tunc
3038 3424 3144 3479 nisi
3186 3426 3414 3490 vulgare
3447 3443 3513 3481 ac
3547 3443 3675 3495 pro-

2105 3518 2293 3577 tritum
2341 3525 2593 3588 gustans,
2621 3527 2675 3573 et
2701 3518 2753 3572 id
2786 3517 2922 3572 citra
2953 3517 3182 3572 multam
3216 3518 3675 3587 signiﬁcationem

2105 3610 2455 3678 appetentiae,
2519 3616 2580 3663 ut
2624 3608 2769 3663 vesci
2816 3618 2911 3662 aut
2946 3623 3053 3663 non
3111 3609 3256 3663 vesci
3319 3606 3673 3663 arbitrarium

2104 3696 2384 3767 quidpiam
2433 3710 2536 3752 nec
2569 3695 2773 3765 magni,
2840 3709 3022 3752 utrum
3081 3697 3186 3752 utri
3256 3708 3672 3768 pra-optaretur,

2105 3783 2443 3839 discriminis
2503 3794 2598 3840 aut
2663 3788 2950 3850 momenti,
3003 3789 3147 3858 quod
3228 3788 3405 3859 ipsum
3459 3791 3678 3858 quidem

2105 3884 2397 3946 spectaret,
2445 3891 2473 3928 a
2505 3890 2566 3930 se
2614 3877 2696 3930 vel
2729 3886 2858 3931 tunc
2887 3879 3191 3937 existimari
3241 3895 3353 3948 prae
3378 3895 3443 3937 se
3493 3879 3678 3936 ferret.

2107 3968 2378 4023 Nimirum
2434 3968 2793 4039 conspiraliat
2831 3967 2899 4025 ad
2944 3969 3048 4025 hoc
3121 3968 3170 4023 ei
3228 3969 3678 4029 laboriosissimae

2106 4058 2433 4130 frugalitatis
2452 4059 2908 4115 decusexcellens
2930 4061 3311 4124 assvrendum,
3347 4075 3471 4114 cum
3508 4059 3680 4115 ferrea

2104 4151 2354 4223 corporis
2410 4151 2764 4216 habitudine,
2823 4151 3178 4207 adamantina
3229 4154 3405 4208 virtus
3472 4154 3681 4218 animi;

2102 4245 2307 4314 quibus
2332 4242 2599 4300 ambabus
2656 4243 2798 4298 inter
2850 4258 2971 4298 sese
2998 4244 3146 4298 velut
3173 4245 3408 4314 quadam
3457 4245 3686 4303 :cutula-

2107 4337 2255 4397 tione
2279 4336 2614 4400 commissis,
2642 4344 2699 4390 et
2738 4343 2860 4390 utra
2899 4343 3079 4391 utram
3141 4336 3346 4391 duritie
3409 4337 3681 4391 indomita

2106 4431 2347 4484 vinceret
2409 4428 2767 4492 certantibus,
2826 4427 2987 4482 ﬁebat
3041 4427 3118 4483 uti
3180 4443 3280 4482 nec
3354 4427 3464 4482 ulla
3516 4426 3680 4483 famis

2106 4531 2200 4578 aut
2255 4521 2454 4590 vigiliae
2509 4519 2709 4587 injuria
2760 4518 2880 4590 ejus
2925 4518 3181 4574 valetudo
3232 4519 3538 4583 laederetur,
3589 4534 3688 4576 nec

2109 4614 2222 4669 ullo
2273 4613 2432 4668 taedio
2462 4612 2800 4683 ingratarum
2832 4627 3069 4667 occursu
3101 4612 3543 4668 vicissitudinum
3590 4622 3687 4665 attt
3756 4656 3767 4661 -

2106 4706 2577 4774 importunitatum
2626 4705 2709 4759 vel
2739 4704 3026 4759 minimum
3059 4713 3465 4763 .concuteretur
3517 4704 3686 4759 robu-

2103 4778 2346 4855 stissima
2382 4806 2436 4851 et
2487 4798 2733 4867 apprime
2772 4798 2826 4851 in
2875 4796 3051 4851 solido
3080 4795 3304 4854 fundata
3352 4796 3548 4853 mentis
3587 4797 3687 4850 im-

2109 4887 2497 4957 perturbabilis
2548 4886 2878 4942 constantia.
2940 4884 3023 4940 Ab
3062 4886 3166 4941 hoc
3195 4884 3497 4953 praesertim
3552 4893 3687 4939 tem-

2110 4996 2241 5053 pore
2268 4980 2580 5042 inchoatam
2609 4987 2708 5032 aut
2742 4976 3099 5047 frequentiori
3158 4976 3518 5045 usurpatione
3574 4984 3687 5031 sta-

2110 5071 2319 5132 bilitam
2354 5071 2548 5131 miram
2580 5070 2743 5129 istam
2762 5070 2886 5123 vitze
2908 5067 3170 5127 duritiem
3196 5067 3265 5132 in,
3289 5067 3503 5138 longam
3556 5068 3686 5121 inde

2110 5165 2651 5235 perseverantissime
2685 5162 2910 5232 pertulit
2962 5168 3201 5222 aetatem.
3241 5175 3468 5229 prorsus
3531 5160 3689 5214 abdi-

2111 5259 2286 5312 canda
2322 5258 2598 5325 voluptate
2645 5255 2794 5310 omni
2825 5263 2990 5323 atque
3045 5253 3298 5318 mollitie,
3332 5252 3686 5321 quantumvis

2105 5359 2389 5418 receptum
2426 5349 2554 5404 olim
2607 5347 2689 5403 fas
2734 5362 2798 5401 ac
2857 5362 3064 5417 morem
3123 5344 3364 5416 palatini,
3406 5344 3458 5396 in
3495 5358 3625 5397 cura
3651 5362 3682 5393 η

2109 5444 2480 5512 Augustorum
2528 5439 2815 5503 ministerii
2864 5454 2962 5508 per
3009 5439 3062 5503 id
3101 5436 3367 5506 abrogari.
3404 5435 3689 5504 Continga-

2111 5544 2212 5597 ret.
