4018 6414
559 474 732 539 παθες
765 476 1199 546 πρεσῦεύουσαν.
1245 480 1332 542 Ὦς
1365 480 1496 549 γοῦν
1521 479 1902 549 ἀπετύγχανεν
1929 483 1957 533 ὁ
1999 494 2136 548 κρα-
2169 488 2209 539 Λ

555 568 685 630 τῶν,
700 570 793 621 καὶ
817 570 918 630 πᾶς
939 570 997 632 ἐς
1016 570 1389 637 δικαιολογίαν
1414 572 1570 639 λόγος
1589 570 1838 624 ἐντεῦθεν
1858 569 2132 640 ῆπράκτει

554 660 655 727 τῆς
700 659 796 712 τοῦ
831 662 1175 732 πατριάρχου
1229 664 1325 716 καὶ
1376 663 1485 715 τῶν
1535 661 1839 733 ἀρχιερέων
1892 662 2134 728 νικώσης

557 752 887 815 ἐνστάσεως,
935 753 1096 806 τοῦτο
1153 754 1251 823 μὲν
1307 754 1403 807 καὶ
1447 754 1596 808 ἄκων
1627 750 2005 823 ὑπερετίθετο,
2041 753 2139 804 καὶ

558 844 619 894 τὸ
638 843 817 896 δοκεῖν
849 845 1189 915 ὑπερηφάνει
1219 845 1343 915 μηδ’
1370 845 1541 908 αὐτὴν
1570 844 1787 915 ἐκείνην
1809 846 1875 915 ἥν
1903 843 2137 912 ἑτοίμως

562 932 708 1004 εἶχον
737 936 939 989 διδόναι
967 937 1349 1007 τομογραφίαν
1393 936 1470 1001 ὥς
1523 954 1577 991 τι
1628 937 1737 991 τῶν
1786 936 1845 1001 ἐξ
1889 936 2137 1004 ἀνάγκης

561 1025 806 1097 θελητῶν
844 1028 1227 1097 προσιέμενος
1271 1028 1730 1094 συνεξακοῠεσθαι
1782 1028 1891 1096 γάρ
1929 1025 2026 1079 καὶ
2059 1023 2138 1093 τῷ

562 1116 719 1169 παιδί
739 1131 800 1167 τε
840 1116 936 1168 καὶ
961 1116 1190 1187 διαδόχῳ
1229 1118 1373 1170 κατά
1415 1117 1480 1170 τὺ
1516 1118 1664 1180 είκδς
1683 1117 1784 1188 τὴν
1818 1116 1894 1180 ὼς
1946 1116 2139 1170 ἑαυτὸν

562 1206 912 1276 όρκωμοσίαν
933 1224 993 1260 τε
1026 1209 1123 1262 καὶ
1153 1209 1259 1262 ὑπὸ
1289 1207 1407 1278 Θεῷ
1439 1208 1533 1262 καὶ
1571 1209 1685 1269 τοῖς
1714 1207 1924 1261 ἐκείνου
1952 1207 2139 1277 νόμοις

562 1299 888 1368 ἀσφάλειαν.
943 1301 1122 1363 sese;
1148 1301 1195 1355 δ’
1218 1301 1295 1364 ὡς
1347 1299 1509 1372 ἐῴκει
1542 1297 1905 1367 παροξυνθεὶς
1941 1299 2026 1366 ἐφ’
2057 1293 2141 1362 οἷς

564 1391 735 1456 ἀξιῶν
787 1390 1206 1462 ἀπετύγχανεν,
1259 1392 1434 1455 ἄλλως
1495 1390 1770 1456 ἀντιξύειν
1818 1389 1962 1458 ῐγνω
2013 1391 2142 1452 τοὺς

566 1481 951 1547 ἀπειθοῦντας,
974 1480 1227 1551 ἀπρεπὲς
1259 1482 1353 1535 καὶ
1377 1482 1554 1543 ἄλλως
1581 1483 1643 1534 τὸ
1682 1479 1823 1533 κατά
1852 1479 2143 1548 συνήθειαν

564 1573 945 1643 πραττόμενον
973 1572 1293 1643 διακρίνων.
1348 1572 1423 1626 Τὸ
1478 1572 1526 1626 δ’
1572 1568 1642 1642 ἦν
1687 1571 1749 1623 τὸ
1794 1571 1887 1623 τὸν
1924 1570 2018 1622 ἐπὶ
2047 1571 2146 1639 ἀρο

567 1665 870 1735 χιερωσύνῃ
925 1665 1402 1737 χειροτονούμενον
1450 1666 1635 1727 κανοῖς
1692 1680 1805 1716 τισι
1854 1665 1951 1716 καὶ
1998 1663 2144 1716 δόσει

568 1755 874 1825 λημμάτων
899 1758 1028 1820 τοὺς
1059 1759 1505 1827 χειροτονοῦντας
1528 1755 1825 1826 δωρεῖσθαι
1863 1754 1958 1807 καί
1986 1770 2051 1822 γε
2080 1753 2144 1823 δὴ

569 1845 853 1915 κληρικῶν
881 1844 1115 1900 ἕκαστον
1156 1846 1247 1901 διά
1296 1847 1398 1916 τὴν
1428 1847 1741 1917 προσόντων
1770 1846 1954 1907 αὐτοῖς
1985 1846 2147 1913 ὀφφι-

568 1933 706 1988 κίων
755 1935 1163 2001 δικαιοδοσίαν,
1221 1936 1296 1999 ὡς
1349 1936 1576 1990 εἴθιστο.
1639 1935 1984 2004 Σιμωνιακὸν
2035 1935 2146 2004 γὰρ

568 2024 835 2078 ἀπεκάλει
866 2024 928 2077 τὸ
958 2026 1335 2095 πραττόμενον
1364 2026 1558 2089 πάθος,
1592 2024 1656 2097 [Ρ
1686 2024 1811 2096 156]
1850 2026 1945 2078 καί⁵
1986 2024 2148 2079 ὤνιον

514 2099 529 2111 ”
569 2118 869 2186 χρημάτων
897 2116 1241 2171 κινδυνεύειν
1269 2120 1370 2189 τὴν
1405 2119 1746 2188 χειροτονίαν
1783 2116 2036 2171 ἐντεῦθεν
2061 2116 2149 2169 λο-

569 2206 846 2274 τίξεσθαι.
876 2207 1038 2262 τοῦτ’
1071 2210 1152 2273 είς
1187 2210 1355 2278 μέσον
1390 2210 1689 2281 προτείνων
1711 2251 1726 2275 ,
1774 2209 1941 2273 πολὺς
1970 2204 2039 2283 ἦν
2063 2208 2150 2264 δο-

575 2385 743 2439 bent?
780 2385 1025 2441 Tolerari
1068 2387 1122 2440 iu
1169 2386 1500 2456 imperatore
1532 2403 1724 2458 posse,
1758 2390 1939 2443 minus
1972 2388 2147 2443 inter-

574 2480 704 2532 dum
744 2481 1185 2534 mansuetudinis
1217 2482 1506 2550 prmft-rre;
1538 2483 1624 2536 cui
1646 2482 1862 2551 gladius
1893 2483 1959 2535 ad
1984 2483 2150 2536 ultio.

576 2585 699 2625 nem
738 2584 768 2623 a
813 2570 922 2625 Deo
952 2572 1115 2628 datus
1152 2574 1248 2635 sit,
1290 2582 1345 2627 et
1393 2573 1635 2627 oflicium
1680 2574 1997 2643 impositum
2049 2574 2149 2628 im-

575 2667 780 2732 probos
813 2666 1085 2720 scelerum
1118 2666 1407 2723 convictos
1452 2668 1665 2723 meritis
1694 2669 1979 2738 suppliciis
2012 2669 2153 2722 mul-

573 2759 746 2820 tandi.
782 2758 1206 2826 spoliationibus
1237 2759 1533 2826 bonorum,
1554 2761 1893 2828 carceribus,
1923 2761 2154 2815 crucia-

574 2854 749 2914 tibus,
779 2852 1016 2922 aliisque
1046 2853 1097 2907 id
1117 2869 1290 2923 genus
1313 2854 1471 2907 malis
1490 2869 1591 2924 pro
1620 2853 1943 2908 delietOrum
1967 2853 2149 2908 modo.

576 2943 805 2999 Matrem
836 2945 941 2998 dici
978 2945 1280 3000 Ecclesiam
1309 2957 1365 3000 et
1393 2962 1517 3001 esse
1558 2964 1573 3001 :
1607 2947 1709 3002 hoc
1734 2957 1916 3003 autem
1971 2947 2019 3001 ei
2054 2962 2154 3001 no.

580 3052 703 3089 tuen
736 3037 1057 3097 extorserit.
1103 3037 1196 3106 qui
1231 3038 1493 3091 smvitiam
1551 3037 1874 3106 iujunxerit,
1909 3054 2155 3106 quocun-

577 3142 685 3192 que
714 3130 956 3182 nomine.
989 3126 1197 3183 Suadet
1231 3129 1322 3182 illa
1364 3145 1583 3199 semper
1610 3143 1663 3183 et
1700 3131 1947 3199 praecipit
1974 3131 2156 3184 omni-

580 3222 703 3281 bus.
745 3231 1000 3288 procurat
1031 3221 1196 3274 etiam
1249 3236 1277 3274 a
1337 3220 1471 3286 Deo,
1507 3231 1775 3290 quantum
1844 3229 2042 3290 potest.
2104 3221 2156 3273 itt

579 3314 905 3368 miserorum
934 3314 1372 3382 eompassionem
1399 3325 1452 3369 et
1480 3315 1911 3370 misericordiam
1948 3335 1961 3371 :
1995 3331 2158 3385 quam

579 3406 841 3460 indecens
867 3421 1001 3475 ergo
1036 3407 1108 3461 sit
1142 3422 1249 3462 non
1276 3406 1457 3463 facere
1486 3406 1637 3462 illam
1665 3411 1811 3476 quod
1848 3412 2159 3479 profitetur.

579 3497 725 3562 quod
755 3500 1014 3567 postulat,
1045 3502 1190 3568 quod
1229 3501 1415 3570 jubet;
1447 3510 1505 3556 et
1540 3516 1571 3556 e
1608 3502 1917 3558 visceribus
1955 3516 2163 3557 mater»

580 3594 671 3642 uis
725 3591 881 3646 diras
919 3600 973 3643 rt
1027 3593 1452 3660 iit-precationes
1505 3593 1754 3661 proferre
1810 3596 2164 3649 novercales?

580 3682 861 3735 A-lversus
898 3683 1010 3736 haec
1045 3682 1248 3737 frustra
1276 3684 1365 3737 diu
1401 3684 1637 3738 luctatus
1659 3685 1933 3752 Augustus
1957 3687 2161 3751 senior,

582 3784 640 3825 ut
674 3774 891 3826 tandem
928 3774 1103 3828 sensit
1141 3775 1358 3829 irritum
1399 3777 1560 3847 199
1594 3794 1652 3833 se
1686 3780 1821 3841 voti,
1864 3795 1928 3832 ac
1959 3780 2163 3849 despe-

586 3867 724 3919 ravit
748 3880 907 3933 posse
935 3867 1155 3929 vincere
1192 3867 1583 3924 inconcussam
1626 3870 1691 3923 ad
1734 3878 2041 3926 extremum
2073 3888 2166 3939 pa-

2186 3186 2227 3243 C

584 3959 838 4011 triarclue
871 3960 1291 4029 atttistitutnque
1331 3962 1727 4026 cnttstantiam,
1780 3972 1960 4031 empto
2004 3963 2164 4017 deni-

580 4068 690 4119 que
726 4051 957 4118 abstitit,
989 4064 1043 4108 et
1064 4068 1287 4109 sensum
1318 4057 1550 4124 repulsa:
1579 4057 1937 4113 dissimulans
1970 4072 2078 4127 pra:
2105 4074 2165 4112 se

584 4145 709 4200 tttlit
741 4153 911 4203 totam
949 4162 1069 4202 eam
1121 4162 1235 4201 rem
1280 4146 1389 4214 jam
1426 4148 1654 4218 insuper
1701 4150 1923 4205 habere.
1977 4153 2163 4220 Itaque

582 4238 824 4305 diploma
884 4254 1104 4308 quoque
1166 4240 1299 4295 illud
1367 4244 1547 4312 ipsum
1604 4242 1753 4311 quod
1807 4242 2164 4308 offerebatur,

587 4332 733 4385 velut
784 4331 1066 4386 illibenter
1096 4348 1425 4389 concessum
1460 4344 1517 4389 et
1552 4336 1884 4391 necessitate
1925 4337 2163 4405 quadam

582 4438 932 4491 expressum,
966 4434 1321 4490 aspernatus,
1356 4425 1633 4478 confidere
1663 4442 1723 4480 se
1747 4426 1883 4479 dixit
1908 4426 2167 4482 suffectu-

1740 359 2067 420 GEORGII
2123 348 2607 419 PACHYMERE

2242 476 2357 527 κῶν
2400 475 2771 528 καταιδεῖσθαι
2822 476 2917 527 καὶ
2952 473 3015 527 τί)
3056 473 3469 542 ἀπερισκέπτως
3518 475 3767 542 γινόμενον

2236 564 2583 633 ἐκφαυλίζειν
2615 567 2706 618 καὶ
2761 568 2843 628 εἰς
2898 568 3074 633 κρῖμα
3118 564 3304 634 μεῖζον
3336 561 3596 630 γίνεσθαι.
3640 563 3771 625 Τινὲς

2237 657 2371 722 γοῦν
2400 651 2481 719 οἷς
2519 656 2585 726 δὴ
2633 658 2731 709 καὶ
2758 651 2828 727 ἦν
2859 655 3260 709 διευλαϐεῖσθαι
3286 654 3483 717 δοκεῖν,
3528 654 3803 722 ἀρχιερεῖς-

2236 749 2391 813 δντες
2425 751 2520 803 καὶ
2546 745 2692 802 οὗτοι
2726 750 2823 801 καί⁵
2851 747 2913 801 τδ
2946 747 3140 816 κέρδος
3162 746 3258 800 τοῦ
3293 744 3561 812 ἀσφαλοῦς
3591 746 3645 795 ἐν
3677 744 3775 796 δευ-

2236 840 2386 909 τέρῳ
2429 839 2715 902 δοκοῦντες
2761 838 3009 891 τίθεσθαι
3036 879 3051 901 ,
3112 835 3407 906 συνῄροντο
3453 834 3548 904 τῆς
3578 832 3774 902 γνώμης

2237 931 2315 1001 τῷ
2348 930 2561 1000 βασιλεῖ
2588 930 2681 982 καὶ
2713 929 2783 982 τὰ
2816 930 3001 983 είκότα
3035 930 3429 998 συνέπραττον.
3478 927 3541 979 Ol
3586 925 3777 987 πλείους

2237 1019 2295 1072 δέ
2325 1020 2418 1072 καὶ
2456 1020 2587 1088 παρ’
2610 1018 2858 1081 ἐκείνους
2883 1018 3216 1088 ξύμπαντες,
3248 1018 3343 1069 καὶ
3382 1012 3611 1071 παλαιὰν
3646 1014 3779 1083 συνή-

2241 1108 2393 1163 θειαν
2424 1109 2857 1180 προϐαλλόμενοι
2887 1111 2981 1163 καὶ
3010 1110 3211 1175 νόμους
3239 1108 3366 1176 περὶ
3391 1105 3590 1159 τούτων
3616 1106 3780 1171 λέγον-

2240 1220 2339 1265 τας
2385 1206 2482 1257 καὶ
2537 1204 2905 1267 δικαιοδοσίας
2964 1205 3029 1257 ἐκ
3080 1199 3315 1256 παλαιοῦ
3371 1199 3653 1268 ὁφφικίων,
3698 1200 3780 1251 οὐκ

2241 1295 2567 1352 ἐνεδίδοσαν.
2606 1298 2667 1353 Ei
2701 1296 2747 1349 δ’
2784 1297 2905 1360 οὖν,
2929 1297 3070 1353 ἀλλά
3104 1295 3455 1365 παραόασίαν
3495 1297 3603 1357 τοῖς
3626 1294 3784 1360 κειμέ-

2241 1402 2356 1449 νοις
2387 1387 2788 1459 ἐφεδρεύουσαν
2821 1391 2916 1443 καὶ
2951 1388 3165 1443 δλιοθον
3211 1387 3463 1442 ἐντεῦθεν
3504 1384 3784 1455 ἀνηρτημέ-

2242 1496 2335 1534 νον
2364 1482 2440 1544 ὼς
2465 1481 2612 1543 εῖκδς
2634 1481 3011 1549 διεγίνωσκον,
3044 1482 3141 1534 καὶ
3161 1482 3245 1534 ὅτι
3272 1479 3441 1551 πόρον
3471 1477 3611 1543 ζωῆς
3641 1478 3785 1543 ἀναγ-

2245 1572 2406 1632 καίας
2437 1573 2549 1635 τοῖς
2581 1573 2865 1641 κληρικοῖς
2892 1572 3322 1627 ἀποκεκλεῖσθαι
3360 1570 3660 1640 ξυμϐαίνει.
3698 1568 3786 1620 Καὶ

2248 1664 2397 1718 πόλλ’
2433 1664 2569 1718 ἀττα
2593 1663 2819 1719 τοιαῦτα
2848 1664 3101 1734 λέγοντες
3133 1666 3249 1727 τοῖς
3289 1661 3584 1733 ἀπεροῦσιν
3611 1661 3683 1722 είς
3716 1659 3788 1711 τέ-

2247 1755 2336 1817 λος
2368 1753 2639 1826 ἐῴκεσαν.
2688 1756 2832 1809 Ἀλλ’
2859 1757 2961 1810 οὐκ
3000 1758 3183 1825 ἦνυον.
3213 1756 3304 1807 Διὸ
3348 1754 3445 1807 καὶ
3468 1753 3634 1823 νεαρὰ
3675 1766 3789 1818 προ-

2249 1846 2426 1903 ϐαίνει
2455 1846 2772 1915 νομοθεσία,
2807 1848 2902 1900 καὶ
2929 1846 3016 1899 ἐπ’
3050 1848 3235 1907 αὐτοῖς
3274 1846 3438 1915 μόνον
3466 1844 3564 1897 οὐκ
3598 1841 3791 1906 ἀκριϐο-

2253 1939 2600 2008 λογουμένων
2654 1942 2868 2009 κηροῖς,
2913 1940 3102 1993 ὀπόσοι
3146 1938 3244 1991 καὶ
3274 1930 3379 1989 οἷοι
3421 1933 3697 1994 ἐσοῦνται,
3725 1929 3792 1993 οῖς

2254 2033 2520 2101 ἡμμένοις
2562 2032 2654 2085 επὶ
2689 2035 2757 2102 τῇ
2796 2032 2988 2101 τελετῇ
3020 2035 3122 2101 τῆς
3168 2027 3502 2101 χειροτονίας
3547 2022 3793 2098 χρήσαιντ’

2255 2124 2323 2179 ἂν
2348 2125 2397 2177 oi
2421 2126 2529 2177 τῶν
2557 2127 2843 2196 παρόντων
2860 2124 3170 2196 ίερωμένοι.
3195 2124 3300 2176 Ἦν
3320 2122 3385 2192 δὴ
3410 2119 3604 2191 νεαράν
3619 2120 3794 2187 ὑποση-

2259 2215 2509 2287 μαίνεται
2536 2218 2640 2287 μὶν
2667 2217 3038 2290 πατριάρχης,
3077 2216 3548 2287 ὑποσημαίνονται
3572 2213 3616 2267 δ’
3638 2212 3793 2282 [epip-

2254 2396 2433 2452 versis
2466 2395 2729 2451 Ecclesia!
2758 2397 3025 2451 ministris
3049 2411 3113 2450 ex
3140 2410 3294 2451 more
3323 2392 3488 2449 simul
3511 2389 3791 2448 exercitam.

2259 2488 2560 2557 quidquam
2590 2502 2771 2557 opera-
2794 2486 3275 2555 suﬂ'ragationisve
3312 2484 3681 2541 contulissent.
3717 2494 3796 2547 pro

2261 2588 2377 2631 rata
2419 2584 2574 2645 parte
2624 2578 2894 2647 cujusque
2940 2578 3108 2631 ofﬂeii
3164 2591 3228 2631 ac
3284 2574 3578 2630 functionis
3604 2570 3795 2625 definito

2260 2675 2422 2743 pretii
2449 2675 2835 2728 donatiVorutn
2866 2676 3046 2728 modo.
3077 2673 3136 2728 Id
3171 2690 3303 2728 vero
3339 2674 3502 2738 capit
3536 2670 3797 2737 imperatur

2261 2767 2588 2823 Simoniarte
2621 2767 2949 2822 insimulare
2977 2768 3327 2835 corruptelae.
3369 2767 3572 2819 clerum
3611 2761 3797 2813 univer-

2262 2876 2385 2915 stttn
2416 2860 2722 2930 alloquens,
2739 2868 2794 2914 et
2820 2876 2925 2914 non
2959 2859 3157 2914 leniter
3176 2861 3533 2928 exprobrare,
3554 2855 3628 2909 sic
3653 2852 3713 2905 ab
3739 2850 3793 2902 iis

2263 2952 2413 3005 reddi
2449 2953 2646 3005 summi
2682 2951 3029 3005 collationem
3066 2951 3363 3005 saeerdo‘ii
3388 2949 3643 3003 venalem.
3675 2942 3727 2996 lu
3748 2953 3797 2993 ea

2263 3044 2516 3098 oratione
2582 3046 2867 3112 magnifice
2918 3053 3111 3098 vectus
3159 3051 3265 3106 est,
3320 3043 3397 3097 rei
3446 3035 3798 3107 turpitudinem

2262 3151 2622 3203 exaguerans.
2650 3134 3028 3203 pudoremque
3057 3135 3339 3203 plerisque
3363 3134 3646 3188 incotiens.
3671 3123 3801 3179 Unde

2263 3229 2573 3281 antistitum
2608 3228 2856 3281 nonnulli
2895 3228 3040 3281 haud
3079 3226 3246 3281 dubie
3283 3226 3525 3290 confusi,
3555 3236 3617 3276 ne
3639 3226 3690 3274 el
3717 3213 3800 3284 ἰρςί

2264 3330 2492 3391 possent
2526 3321 2681 3399 argui
2713 3322 2868 3374 luero
2894 3320 3121 3375 sordido
3156 3320 3531 3388 prtehabuisse
3570 3313 3801 3369 sanctita-

2265 3424 2399 3477 tem,
2437 3412 2694 3467 assentiri
2730 3429 2788 3466 se
2827 3414 3075 3481 Augusto
3122 3422 3267 3466 recta
3322 3407 3561 3467 monenti
3588 3403 3807 3460 declara-

2266 3513 2415 3564 runt,
2446 3515 2497 3557 et
2533 3503 2909 3557 emendationi
2943 3503 3148 3558 abusus
3184 3502 3353 3572 200
3396 3493 3703 3556 intolerandi
3726 3503 3805 3542 co-

2265 3596 2482 3663 Operari
2516 3608 2800 3663 promp:os
2830 3595 3210 3649 ostenderunt.
3242 3594 3342 3648 His
3367 3592 3552 3664 paucis
3578 3581 3804 3651 exceptis.

2263 3700 2456 3749 contra
2519 3697 2793 3742 steterunt
2842 3689 3030 3756 plures
3062 3687 3271 3748 caueri,
3324 3697 3523 3755 magno
3569 3684 3806 3734 consensu

2268 3789 2676 3850 propugnantes
2712 3780 3065 3850 permissam.
3101 3790 3161 3836 ut
3209 3778 3631 3836 contendebant,
3662 3763 3808 3822 sacris

2267 3873 2480 3942 “sibus
2534 3882 2589 3929 et
2645 3874 2808 3941 plane
2854 3873 3132 3926 innoxiam
3188 3870 3638 3928 consuetudinem
3689 3854 3809 3911 anti-

2267 3974 2455 4036 quam.
2490 3964 2621 4020 Jura
2649 3981 2773 4020 esse
2802 3966 2892 4018 illa
2940 3974 3120 4019 vetera
3155 3974 3211 4020 et
3241 3965 3471 4035 provide
3516 3964 3732 4017 statutas
3754 3946 3809 3998 ab

2276 4058 2393 4127 ipsa
2417 4058 2657 4113 Ecclesia
2688 4058 2968 4113 mercedes
3007 4057 3388 4113 sustentandis
3427 4058 3481 4110 in
3522 4050 3662 4104 varia
3707 4042 3810 4097 futt-

2265 4151 2447 4204 ctioue
2478 4165 2763 4205 sacrorum
2798 4151 3001 4204 rituum
3029 4150 3279 4204 ecclesia:
3310 4145 3609 4208 ministris;
3640 4133 3810 4209 quibus

2270 4242 2346 4295 illi
2380 4244 2632 4297 destituti
2659 4243 2985 4312 quoti‘diatto
3014 4252 3265 4296 carerent
3303 4242 3451 4296 victu
3488 4250 3586 4291 nec
3618 4228 3811 4322 ροεξεηξ

2270 4334 2339 4388 de
2377 4325 2577 4388 caetero
2622 4345 2820 4388 vacare
2857 4334 3042 4387 divino
3073 4333 3244 4388 cultui
3280 4341 3337 4387 et
3367 4318 3801 4387 administrationi

2273 4434 2774 4487 sacramentorum,
2823 4423 3115 4492 splendore
3153 4436 3398 4493 congruo
3423 4431 3477 4475 et
3517 4409 3814 4471 assiduitate

589 4530 704 4567 ram
742 4515 852 4568 filio
897 4515 1118 4583 collegae
1151 4514 1264 4584 jam
1309 4529 1411 4569 suo
1455 4527 1505 4569 et
1549 4519 1856 4572 successori
1887 4520 2168 4589 designato
2204 4524 2248 4581 ι)
2276 4520 2342 4572 ad
2386 4520 2712 4588 populorum
2765 4518 3058 4572 utilitatem
3118 4517 3450 4579 necessaria,
3487 4498 3814 4589 celebrandis:

588 4607 915 4676 religionem
949 4607 1322 4675 jnrisiurandi
1358 4624 1464 4676 qua
1508 4607 1745 4665 fttiSSent
1769 4614 1817 4663 ei
1852 4625 2043 4666 omnes
2069 4613 2167 4666 ob-

587 4699 790 4764 stricti,
833 4698 1193 4768 divinumque
1231 4699 1441 4754 Numen
1473 4701 1651 4770 legum
1682 4717 1710 4754 a
1748 4717 1807 4756 se
1835 4710 2165 4758 staltttarunt

589 4792 814 4854 siudex,
848 4793 914 4847 ad
950 4794 1175 4860 quasvis
1207 4792 1278 4847 ab
1300 4792 1365 4846 eo
1401 4791 1639 4860 injurias
1674 4793 1952 4847 rebellium
1980 4810 2171 4849 arcen-

587 4883 711 4937 das.
749 4883 1022 4940 Czeterum
1054 4887 1158 4939 sttb
1192 4885 1295 4939 ltoc
1337 4900 1545 4939 secura:
1576 4885 1786 4939 fiducia
1814 4887 2040 4942 obtentu
2078 4903 2169 4957 pe-

590 4978 745 5035 n'tus
801 4977 1178 5031 exulceratum
1235 4977 1502 5048 applicuit
1551 4979 1795 5031 animum
1848 4979 2170 5051 indagandis

595 5071 773 5122 nodis
828 5071 1159 5128 ulciscenda:
1207 5071 1375 5127 istius
1428 5071 1939 5127 ecclesiasticarum
1998 5073 2054 5126 itt
2112 5090 2171 5128 sc

591 5163 841 5226 duritiei,
871 5178 1122 5232 aegreque
1142 5164 1385 5219 vicissim
1418 5165 1487 5219 iis
1511 5163 1746 5218 faciendi
1779 5164 1871 5233 qui
1897 5164 2000 5220 sibi
2035 5180 2169 5229 rem,

595 5261 926 5327 utputabat,
956 5258 1247 5315 honestam
1284 5268 1340 5313 et
1375 5259 1589 5312 facilem
1624 5259 1831 5329 petenti
1874 5257 2168 5329 gratiﬁcari

592 5363 705 5405 ιιι-ιι
754 5351 1044 5419 ριίιοίιόςῑο
1086 5362 1495 5407 recusaverant.
1538 5349 1671 5404 Erat
1711 5360 1829 5404 tum
1869 5351 2078 5420 aliquid
2118 5351 2169 5405 in

594 5463 700 5500 usu
738 5446 997 5500 Ecclesiae
1026 5443 1231 5514 vulgari
1262 5443 1521 5512 positum,
1546 5443 1689 5511 quod
1720 5442 2016 5497 obnoxium
2045 5458 2174 5496 cen-

592 5554 742 5597 surae
778 5537 1083 5591 i'ideretur.
1117 5536 1347 5601 Quoties
1382 5533 1637 5586 nimirum
1670 5533 2029 5587 ordinabatur
2059 5533 2174 5601 epi-

599 5646 801 5697 scopus
836 5628 1135 5697 quispiam,
1162 5624 1375 5679 solebat
1404 5625 1451 5678 is
1483 5623 1874 5679 distributione
1898 5626 2175 5693 sportula-

599 5737 721 5777 rum
757 5732 806 5774 ιιι
841 5718 1145 5787 spargenda
1188 5716 1474 5785 largitione
1516 5731 1803 5768 munerum
1850 5717 2048 5781 passim
2080 5733 2175 5786 per

599 5829 789 5866 omns
840 5814 928 5867 oui
964 5812 1027 5865 ad
1084 5813 1241 5867 istaut
1277 5809 1683 5865 cecrcmoniam.
1732 5809 1907 5866 Italam
1944 5813 2011 5864 ab
2050 5808 2175 5862 uni-

2273 4612 2458 4678 Quare
2486 4612 2793 4680 periculum
2824 4611 3051 4665 subesse
3077 4610 3343 4679 speciosa
3363 4608 3452 4664 isti
3478 4592 3815 4686 reformationi

2277 4705 2573 4775 proposita:
2620 4703 2934 4772 gravissimi
2970 4701 3216 4757 scandali
3244 4709 3301 4755 et
3342 4713 3480 4768 pene
3524 4684 3817 4775 defeetionls

2278 4766 2347 4852 '3‘)
2369 4766 2512 4850 uVila
2542 4766 2829 4866 religione,
2868 4810 2966 4864 per
3003 4793 3144 4847 haud
3173 4766 3672 4847 dubie—secuturam
3712 4766 3819 4868 inde

2278 4902 2566 4942 sacrorum
2627 4889 3014 4951 cessationem,
3070 4884 3124 4941 in
3175 4883 3479 4942 Eeclesiam
3536 4860 3815 4928 inreltctnll-

2279 4978 2403 5033 lltec
2427 4987 2482 5032 et
2512 4978 2681 5031 multa
2716 4978 2840 5031 talia
2874 4976 3246 5046 nequidquam
3296 4975 3417 5029 istis
3461 4955 3817 5034 allegantibus.

2278 5088 2341 5126 ac
2375 5086 2433 5126 se
2467 5070 2795 5140 perstituros
2842 5069 2908 5123 ad
2955 5077 3263 5123 extremum
3310 5067 3362 5120 iu
3399 5054 3657 5120 sententia
3685 5055 3815 5100 ηιοη·

2281 5164 2605 5227 strantibus,
2641 5162 2839 5216 institit
2886 5161 3241 5214 nihilominus
3286 5159 3561 5227 Augustus
3597 5155 3696 5214 qua
3729 5144 3821 5188 οω-

2283 5264 2465 5326 perat;
2498 5262 2552 5308 et
2606 5252 2708 5306 rite
2756 5250 3038 5307 Novellam
3081 5248 3470 5319 promulgavit,
3508 5251 3611 5309 qua
3657 5233 3822 5327 εθγθτίξ

2282 5322 2563 5420 ilroltibuit
2612 5358 2830 5400 omnem
2886 5343 3112 5397 omnino
3176 5340 3515 5409 largitionem
3563 5322 3824 5420 (³⁸⁸³⁵ῘοἾο

2285 5417 2696 5492 ordinationum
2742 5433 3076 5499 faciendam,
3122 5432 3190 5487 ad
3228 5425 3589 5486 minutissima
3632 5427 3690 5466 ac
3720 5417 3826 5501 tan-

2287 5541 2400 5584 tum
2434 5546 2540 5583 non
2570 5528 2634 5582 ad
2673 5541 2865 5583 cereos
2896 5527 3377 5597 quantulicunque
3423 5508 3691 5591 ponderis.
3718 5507 3821 5563 ιίυι-

2286 5624 2389 5677 bus
2452 5622 2526 5676 uti
2564 5622 2877 5676 sacerdotes
2904 5618 3341 5675 ordinationibus
3372 5610 3682 5671 assistentes

2289 5725 2606 5777 sueveraot.
2659 5694 3026 5769 desct'ndens.
3074 5711 3214 5766 Huic
3250 5709 3485 5766 Nevclla:
3532 5682 3821 5782 SIII’S‘rTm

2290 5809 2633 5873 Datriarchi,
2694 5807 3143 5877 subscripserunt
3200 5815 3251 5859 et
3331 5792 3564 5873 episcopi
3631 5774 3820 5836 tamlent
