4018 6440
512 375 616 440 22Ἰ

1693 377 2014 438 GEORGII
2051 375 2533 440 PACHYMERJE

3689 378 3784 447 ρᾶς

514 493 783 562 ραῖσᾶσης
823 493 1140 562 ἀπάραντες
1174 488 1356 547 Ῥόδου
1379 497 1444 564 τῇ
1474 494 1890 546 Κωνσταντίνου
1925 511 2091 563 προσ·
2130 497 2178 558 Α
2209 496 2272 562 ζ’,
2309 497 2511 560 Ὅπως
2540 497 2811 567 συν-ἦγεν
2839 500 2871 550 ό
2891 495 3195 561 βασιλεὺς
3229 495 3378 567 τοὺς
3406 495 3780 565 σχιζομένους

517 585 751 651 ίσχουσι.
787 585 896 636 Καὶ
934 587 1086 655 παρά
1118 588 1180 639 τὸ
1227 586 1323 639 τοῦ
1373 588 1616 657 Κέρατος
1648 586 1807 647 τέλος
1852 587 1987 656 πρὸς
2017 585 2096 656 τῷ

516 678 798 748 Κοσμιδὶῳ
851 679 1256 749 προσσχόντων,
1306 681 1461 734 οὐδὲν
1517 676 1588 753 ἦν
1639 683 1724 742 είς
1781 679 2094 749 φιλοτιμίαν

515 769 655 838 ὅπερ
681 772 780 823 οὐκ
809 771 1082 840 ἔπραττεν
1113 774 1140 826 δ
1173 773 1397 842 κρατῶν
1429 775 1508 837 είς
1541 773 1643 844 τὴν
1675 773 1774 842 τῆς
1805 773 2094 840 δεσποίνης

518 861 842 931 ὑπάντησιν.
876 863 986 916 Καὶ⁸
1016 864 1167 928 τέλος
1197 865 1305 917 ὑπὸ
1331 865 1565 935 λαμπρᾷ
1594 865 1687 917 καὶ
1718 864 2005 917 πολυτελεῖ
2026 865 2092 934 τῇ

519 956 713 1024 πομπῇ
767 953 1141 1024 εἰσαχθείσης,
1176 955 1453 1024 λαμπρῶς
1513 956 1608 1009 καλ⁸
1657 953 1976 1024 περιφανῶς
2005 955 2097 1007 ἐπὶ

518 1048 584 1116 τῇ
619 1046 862 1116 προτέρᾳ
888 1047 1078 1117 Μαρίᾳ
1109 1049 1202 1099 καὶ
1235 1048 1363 1110 τοὺς
1395 1048 1606 1116 γάμους
1633 1043 1954 1116 ηὐτρέπιξε.

768 1136 844 1202 ς’.
880 1137 1081 1206 Γάμος
1106 1137 1212 1192 τοῦ
1247 1138 1552 1204 ,ϐασιλέως
1586 1138 1850 1205 Μιχαὴλ.

592 1229 705 1282 Καὶ
729 1226 835 1282 εἶδε
867 1229 965 1296 τὴν
983 1229 1248 1299 λαμπρὰν
1282 1230 1500 1299 ἐκείνην
1529 1233 1625 1284 καὶ
1649 1230 1918 1300 βασίλειον
1947 1231 2099 1284 τελε-

525 1319 628 1387 τὴν
664 1321 849 1389 ἡμέρα
884 1320 1244 1391 ἑξκαιδεκάτῃ
1278 1319 1754 1390 Ἐκατομὸαιῶνος
1791 1319 2103 1392 μηνός.Τὴν

519 1411 575 1463 δέ
615 1427 678 1478 γε
712 1411 948 1481 ὑστέραν
987 1411 1270 1480 θεοφανὼ,
1309 1414 1405 1465 καὶ
1441 1408 1613 1481 αὐτὴν
1657 1412 1736 1481 τῷ
1765 1413 1896 1478 θείῳ
1942 1413 2101 1483 μύρῳ

520 1502 842 1572 χρισοεϊσαν
871 1502 967 1556 καί
995 1518 1060 1570 γε
1112 1502 1436 1571 τιμηθεῖσαν
1483 1502 1560 1571 τῷ
1598 1496 1696 1572 τῆς
1740 1503 1976 1571 μάμμης
2008 1495 2103 1555 τοῦ

521 1592 643 1643 νέου
675 1590 939 1660 βασιλέως
965 1592 1060 1644 καὶ
1089 1591 1379 1659 δεσποίνης
1407 1591 1636 1661 ὀνόματι
1681 1591 1957 1659 (Θεοδὼρα
1997 1593 2104 1662 γὰρ

524 1685 586 1736 ὲκ
600 1682 906 1751 Θεοφανοῦς
930 1684 1286 1753 μετεκλήθη),
1307 1685 1445 1752 μετὰ
1470 1685 1662 1754 καιρὸν
1678 1685 1758 1754 τῷ
1771 1685 1864 1737 τοῦ
1889 1678 2104 1736 δυτικοῦ

524 1774 1026 1845 σεϐαστοκράτορος
1084 1775 1332 1827 Ἰωάννου
1387 1773 1448 1846 [Ρ
1485 1773 1610 1846 Ml]
1664 1776 1811 1828 παιδὶ
1852 1776 2108 1828 eaEa-310'-

525 1867 755 1936 κράτορι
791 1837 886 1920 καὶ
914 1837 1062 1936 αὐτῷ
1085 1866 1201 1920 δντι
1235 1867 1353 1929 (καὶ
1442 1837 1671 1936 ἀδελςρὸς
1702 1869 1812 1938 γὰρ
1842 1865 2016 1929 οὓτως
2046 1867 2101 1933 ἐξ
2142 1837 2179 1891 Β

525 1959 834 2027 ἀξιώματος
869 1959 1194 2029 ὲφημίζετο,
1222 1959 1318 2013 τοῦ
1344 1960 1570 2030 Μιχαὴλ
1592 1960 1736 2012 κατά
1767 1961 1921 2014 πόλιν
1950 1964 2108 2028 ἐγκε-

525 2049 870 2119 κλεισμένου)
911 2050 1269 2120 ἑτοιμάζουσι
1322 2050 1422 2120 μὲν
1450 2053 1696 2122 πέμπειν
1744 2051 1819 2114 ὡς
1861 2052 2105 2120 νύμφην,

533 2136 628 2193 καὶ
670 2142 778 2194 ὑπὸ
812 2144 1034 2204 πισταῖς
1063 2140 1380 2210 ὁμολογίαις
1434 2143 1570 2213 μετά
1604 2144 1828 2212 προικὸς
1871 2143 2106 2194 πολυτα-

527 2235 721 2287 λάντου
747 2235 957 2287 οἴκοθεν
987 2234 1256 2302 ἔπεμπον⁹
1289 2235 1408 2286 ἀλλ’
1437 2238 1493 2288 ὲν
1526 2235 1601 2306 τῷ
1623 2236 1823 2305 μεταξὺ
1852 2236 2109 2304 τελευτή-

532 2344 706 2380 σασαν
748 2328 782 2397 ἠ
816 2326 1183 2396 Θεσσαλονίκη
1216 2326 1455 2396 δέχεται.

530 2509 902 2576 appellentem
935 2521 996 2559 ea
1036 2505 1437 2575 magnificentia
1468 2521 1736 2561 occursus
1790 2508 2114 2576 splendore-

530 2615 641 2669 que
669 2610 964 2668 apparatus
992 2599 1204 2666 excepit
1237 2599 1553 2664 imperator.
1582 2609 1818 2666 quantus
1844 2601 2115 2654 maximus

535 2699 720 2760 posset
755 2705 818 2742 ac
865 2689 1314 2758 speciosissimns
1369 2690 1452 2743 vel
1499 2690 1734 2743 domina:
1762 2691 1874 2759 jam
1921 2701 1972 2744 et
2009 2693 2117 2744 Au-

532 2790 706 2849 gusta:
733 2780 1002 2835 exhiberi.
1029 2778 1124 2834 Sic
1151 2780 1328 2849 primo
1358 2795 1627 2835 exscensn
1647 2781 1940 2835 salutatam
1969 2783 2120 2834 inve-

531 2883 789 2943 rtamque
823 2875 875 2926 in
911 2875 1099 2927 urbem
1137 2873 1399 2927 comitatu
1430 2873 1828 2941 superbissimo
1865 2877 2114 2929 eamdem

535 2967 798 3035 majorem
833 2974 964 3018 natu
1001 2964 1234 3017 duarum
1267 2965 1566 3033 virginum,
1591 2965 1679 3018 cui
1706 2981 1906 3019 nomen
1937 2965 2120 3020 Maria:

538 3061 681 3119 iuit,
740 3057 805 3111 ad
848 3057 1098 3125 proxime
1153 3056 1508 3111 celebrandas
1567 3072 1692 3112 cum
1745 3057 1856 3112 lilio
1901 3061 2121 3128 nuptias

536 3151 784 3219 impense
815 3162 1124 3216 praeparare
1154 3148 1375 3202 inStitit.

780 3261 834 3316 6.
878 3259 1095 3329 Νιιριὶιε
1126 3260 1463 3324 imperatoris
1494 3259 1791 3314 llic/caelis.

607 3351 756 3406 Vidit
816 3352 975 3406 istam
1034 3353 1443 3420 plane'rcgiam
1510 3361 1564 3406 et
1615 3351 2114 3419 splendidlesimam

542 3446 912 3514 Augustarum
948 3444 1259 3510 nuptiarum
1305 3445 1688 3500 caeremoniam
1737 3447 2115 3500 sextadecima

540 3535 656 3586 dies
699 3531 970 3585 Januarii.
1007 3529 1270 3585 Maiorem
1303 3547 1466 3598 porro
1504 3548 1657 3587 nova!
1681 3533 1942 3604 Augusta:
1968 3549 2120 3588 soro—

543 3639 680 3687 rem,
720 3622 808 3676 cni
845 3631 963 3675 erat
991 3623 1154 3675 domo
1183 3621 1405 3675 allatum
1448 3615 1786 3693 Tlieopbano
1817 3640 2038 3684 uotneu,
2067 3633 2120 3677 ct

541 3715 713 3782 ipsam
744 3727 907 3767 sacro
937 3715 1216 3766 intinctam
1250 3715 1372 3768 oleo
1404 3725 1568 3783 atque
1601 3718 1974 3787 appellatione
2007 3735 2120 3772 ma-

541 3806 642 3860 tris
696 3805 926 3870 Augusti
991 3805 1230 3858 senioris
1291 3807 1640 3869 honoratam,
1711 3818 1770 3862 ut
1829 3808 2119 3864 Theodora

540 3915 607 3953 ex
640 3897 981 3967 Theopltano
1017 3906 1329 3962 vocaretur,
1378 3909 1568 3968 postea
1611 3900 2029 3970 desponderuut
2065 3905 2118 3956 in

542 3990 792 4060 partibus
848 3987 1112 4042 Occiduis
1155 3987 1386 4043 Joannis
1451 3991 1913 4048 sebasmcratoris
1974 3993 2118 4058 lilio,

540 4081 632 4134 cui
684 4089 742 4134 ut
786 4095 1080 4134 commune
1117 4094 1242 4141 cum
1291 4091 1445 4148 patre
1483 4079 1715 4138 Joannis
1764 4081 2118 4148 vocabulum,

543 4177 617 4230 ita
659 4183 714 4230 et
768 4173 1230 4228 sebastocratoris
1280 4172 1521 4240 dignitas
1593 4190 1620 4227 a
1670 4186 1824 4244 patre
1879 4178 2121 4231 derivata

545 4268 749 4336 pariter
775 4266 925 4320 illum
953 4274 1008 4318 et
1031 4263 1152 4332 ejus
1178 4280 1498 4334 germanum
1527 4266 1852 4322 boiiorabat.
1879 4268 2119 4332 Quorum

542 4362 829 4415 amborum
883 4359 1157 4414 maximus
1201 4369 1327 4412 natu
1381 4359 1550 4412 frater
1591 4353 1819 4414 Michael
1869 4361 2120 4415 custodia

546 4454 600 4505 in
638 4451 772 4504 urbe
801 4449 1175 4503 detinebatur.
1220 4449 1299 4503 Ad
1332 4449 1480 4502 bunc
1507 4449 1672 4516 igitur
1703 4449 1808 4503 rite
1846 4451 2122 4520 stipulatis

2548 566 2737 622 πάλιν
2760 569 2859 622 καί
2895 568 3231 635 εἰρηνεύειν
3251 566 3463 632 ἠξίου.

2270 681 2556 735 Ἐντεῦθεν
2583 684 2679 736 κει)⁸
2707 680 2867 745 αὖθις
2901 681 3012 734 τῶν
3045 679 3430 749 Ἀρσενιατῶν
3458 682 3788 752 ἀπεπειρᾶτο

2197 775 2225 825 ὁ
2260 773 2539 843 βασιλεὺς,
2583 775 2928 844 είρηνεύσειν
2958 772 3248 835 κάκείνους
3279 772 3532 838 ἐλπίζων
3586 777 3650 829 ἐκ
3698 775 3787 842 τῆς,

2201 868 2336 935 πρὸς
2371 868 2577 931 πάντας
2601 869 2826 938 εἰρήνης
2857 867 2951 923 τοῦ
2981 865 3331 941 πατριάρχου
3353 865 3414 918 ἔν
3439 884 3555 921 τισι
3575 867 3788 936 γνώμης

2201 959 2356 1029 ἦθεσι
2391 961 2570 1030 μάχης
2602 962 2820 1028 ἁπάσης
2865 964 2959 1015 καὶ
2991 962 3332 1030 φιλονεικίας
3375 961 3786 1030 ὑπερτεροῦσιν.

2205 1045 2368 1102 Ὅθεν
2423 1051 2519 1103 καὶ
2574 1051 2827 1119 συνάγων
2881 1046 3078 1116 ὡμίλει
3113 1053 3208 1106 καὶ
3253 1051 3575 1120 εἰρηνεύειν
3622 1044 3786 1120 ἠξίου.

2205 1136 2334 1208 Εἶχε
2374 1139 2482 1210 γὰρ
2515 1140 2610 1192 καὶ
2637 1140 2729 1193 τὸν
2755 1141 2920 1194 αὐτοῦ
2953 1141 3094 1195 Θεϊον
3121 1141 3213 1194 τὸν
3243 1141 3449 1195 Ῥαοῦλ
3484 1140 3579 1193 καὶ
3602 1141 3788 1208 τυφλὸν

2204 1227 2479 1283 ἰσαάκιον
2534 1227 2750 1299 σύναιμα
2812 1234 2878 1301 τῇ
2943 1215 3146 1302 ἁδελφῇ
3215 1231 3782 1301 πρωτοστρατορίσσῃ

2204 1320 2532 1383 ἀποσπάσας
2567 1314 2665 1389 τῆς
2709 1322 2934 1374 ἐκείνων
2967 1321 3279 1391 ξυμμορίας
3315 1323 3376 1372 ὲν
3420 1320 3622 1390 εἰρήνῃ
3659 1336 3788 1371 παν-

2205 1411 2345 1482 τοίᾳ,
2377 1413 2472 1464 καὶ
2496 1411 2835 1481 περιέθαλπε
2867 1412 3194 1479 θεραπείαις
3226 1411 3502 1472 ἀπάσαις,
3537 1408 3674 1462 ὥστε
3701 1405 3788 1460 καὶ

2206 1505 2294 1556 τὸν
2314 1505 2372 1555 ὲν
2394 1505 2584 1574 εἱρκτῇ
2605 1505 2662 1556 τὸ
2695 1504 2865 1558 πάλαι
2886 1504 3295 1571 τελευτήσαντα
3325 1501 3789 1570 πρωτοστράτορα

2208 1597 2297 1648 τὸν
2320 1596 2685 1662 Παλαιολὸγον
2708 1595 3046 1664 Ἀνδρόνικον
3081 1595 3167 1646 διὰ
3192 1593 3259 1646 τὰ
3293 1592 3674 1661 προγεγονὸτα
3701 1593 3788 1657 τῆς

2209 1685 2546 1756 Ἑκκλησίας
2586 1687 2857 1741 σκάνδαλα
2884 1687 3131 1756 ἐτησίαις
3161 1687 3416 1756 μνήμαις
3443 1681 3786 1753 ἀξιοπρεπῶς

2210 1783 2392 1852 τιμᾷν.
2433 1783 2711 1836 Κάκείνων
2745 1781 2920 1843 ἄλλως
2953 1782 3044 1834 καὶ
3075 1781 3143 1834 τὰ
3179 1781 3334 1850 πάθη
3366 1779 3550 1848 τιμῶν
3579 1779 3672 1832 καὶ
3701 1778 3787 1847 τὴν

2211 1873 2442 1941 πολυετῆ
2479 1873 2779 1941 κακουχίαν
2813 1867 3112 1941 θαυμάζων
3144 1867 3304 1938 ἠξίου
3341 1870 3500 1938 μόλις
3529 1871 3622 1921 καὶ
3646 1869 3788 1936 είρη-

2209 1962 2408 2015 νεύειν·
2443 1965 2580 2032 μηδὲ
2611 1965 2718 2032 γὰρ
2757 1959 2896 2016 εἶναι
2916 1963 3104 2014 λοιπὸν
3134 1962 3194 2014 τὸ
3224 1961 3497 2030 ἀποχρῶν
3533 1961 3612 2020 είς
3631 1960 3787 2012 τόσων

2211 2055 2302 2106 καὶ
2333 2051 2590 2107 τοιούτων
2619 2054 2830 2122 ἀνδρῶν
2860 2053 3178 2106 σκάνδαλον.
3219 2052 3382 2105 Ἐπεὶ
3412 2051 3469 2103 δὲ
3518 2049 3683 2102 πολλὰ
3710 2048 3788 2098 λέο

2211 2159 2325 2211 γων
2386 2147 2551 2214 κενὴν
2601 2145 2827 2212 ψάλλειν
2881 2143 3046 2214 ἐῴκει
3101 2145 3195 2196 καὶ
3242 2143 3526 2195 διανεύειν
3558 2139 3786 2207 τυφλοῖς,

2213 2239 2395 2291 ἐκεῖνα
2429 2241 2521 2292 καὶ
2566 2239 2727 2292 πάλιν
2763 2237 3221 2308 προϐαλλομένων
3252 2236 3288 2288 ἃ
3315 2231 3381 2304 δὴ
3405 2237 3503 2288 καὶ
3535 2234 3786 2302 πρότερον

2216 2333 2608 2402 προεϐάλλοντο
2655 2329 2821 2402 (εἶχεν
2868 2334 2924 2385 δὲ
2964 2332 3124 2384 πάλιν
3145 2339 3207 2383 ὲκ
3244 2345 3395 2392 τινος
3435 2325 3789 2396 μικροψυχίας

2216 2512 2330 2580 spei
2380 2527 2563 2579 opera:
2617 2510 2906 2572 navandtr,
2955 2511 3100 2580 quod
3148 2511 3258 2579 jam
3319 2525 3510 2563 serum
3568 2506 3788 2560 habebat

2218 2603 2502 2657 traductos
2531 2603 2595 2656 ad
2641 2617 2772 2655 suas
2807 2612 2992 2671 partes
3024 2617 3088 2655 ex
3123 2601 3212 2654 illa
3241 2609 3396 2654 secta
3447 2611 3558 2654 tres
3581 2614 3643 2651 cs
3677 2597 3786 2665 ejus

2218 2693 2607 2756 columinibus,
2661 2705 2822 2746 suum
2866 2694 3193 2746 avunculum
3229 2692 3464 2745 Raulcm
3515 2704 3566 2745 et
3597 2703 3785 2744 caecum

2222 2786 2516 2846 Isaacinm.
2563 2803 2664 2840 nec
2692 2801 2800 2841 non
2838 2786 3005 2854 hujus
3037 2801 3286 2840 sororem
3335 2783 3785 2852 protostratoris-

2221 2896 2363 2943 sam,
2412 2895 2552 2949 quos
2585 2880 2802 2948 quidem
2853 2879 2999 2932 omni
3032 2878 3264 2932 delinire
3300 2877 3638 2946 indulgentia
3678 2883 3786 2928 stuc

2222 2972 2376 3027 diose
2435 2988 2499 3027 ac
2540 2984 2956 3042 perseveranter
3004 2972 3326 3041 satagebat.
3360 2971 3498 3025 adeo
3544 2979 3624 3032 ut,
3657 2965 3785 3035 quol

2222 3065 2290 3118 iis
2317 3067 2367 3117 id
2403 3076 2617 3134 gratum
2659 3075 2869 3129 nosset,
2913 3072 3371 3133 protostratorem
3425 3059 3784 3116 Andronicum

2143 3182 2186 3237 ο
2225 3157 2609 3225 Palmologum,
2634 3158 2721 3226 qui
2759 3164 2985 3226 propter
3019 3157 3148 3209 olim
3183 3167 3306 3210 orta
3351 3156 3606 3210 Ecclesia:
3633 3167 3784 3207 scan-

2223 3250 2342 3301 dala
2374 3249 2656 3314 coniectus
2693 3251 2745 3304 in
2777 3265 3055 3303 carcerem
3100 3249 3171 3301 ibi
3197 3248 3531 3318 jampridem
3570 3246 3784 3303 obierat.

2223 3345 2598 3398 anniversaria
2625 3345 2887 3399 memoria
2919 3345 3204 3414 splendide
3239 3345 3563 3398 bonoraret.
3597 3341 3779 3395 Coram

2224 3435 2307 3488 bis
2364 3435 2430 3488 ad
2489 3445 2881 3504 congregatum
2939 3434 3354 3490 Arscniatarum
3408 3447 3624 3503 quoque
3667 3429 3785 3484 reli-

2221 3544 2457 3596 quorum
2506 3537 2708 3581 t-mtum
2756 3529 2917 3581 verba
2970 3529 3269 3597 imperator
3317 3528 3528 3583 faciens
3566 3525 3780 3595 primum

2220 3630 2302 3672 cst
2331 3620 2584 3674 omnibus
2619 3619 2918 3686 blanditus,
2965 3635 3072 3674 non
3103 3621 3400 3676 condolere
3433 3636 3492 3676 se
3527 3617 3694 3674 solum
3723 3612 3784 3665 σι)

2225 3712 2364 3763 mala
2407 3711 2501 3764 diu
2547 3711 2717 3764 multa
2768 3712 3002 3766 tolerata
3035 3712 3378 3780 signiﬁcans,
3429 3711 3524 3766 sed
3570 3717 3620 3762 et
3661 3706 3784 3758 ultro

2223 3817 2325 3855 nec
2375 3815 2540 3871 parce
2592 3802 2983 3856 commendans
3044 3799 3336 3869 probatum
3415 3803 3469 3855 in
3531 3797 3784 3867 plerisque

2224 3892 2517 3962 Ionganimi
2564 3892 2821 3961 patientia
2863 3892 3111 3962 gravium
3145 3905 3514 3945 aerumnarum
3560 3904 3651 3958 per
3693 3898 3784 3938 an-

2223 4001 2322 4037 nos
2367 3985 2547 4054 plures
2600 3984 2864 4039 invictum
2899 3985 3070 4037 robur
3103 3983 3294 4044 animi,
3333 3985 3482 4053 quod
3515 3991 3566 4034 ct
3614 3992 3668 4032 se
3695 3974 3782 4027 ad-

2225 4077 2410 4129 mirari
2443 4077 2878 4139 demonstrabat,
2919 4084 2974 4129 et
3011 4090 3108 4130 eos
3137 4069 3239 4128 hoc
3276 4075 3398 4143 ipso
3433 4071 3648 4126 nomine
3677 4065 3784 4135 plu-

2226 4168 2349 4222 rimi
2398 4170 2581 4223 l‘acere
2631 4187 2643 4222 :
2701 4177 2913 4222 tantum
2948 4182 3133 4231 orare,
3187 4165 3353 4235 idque
3393 4165 3627 4220 civiliter
3657 4159 3781 4212 citra

2225 4260 2513 4329 imperium
2549 4275 2612 4313 ac
2638 4259 2864 4320 fastum.
2892 4268 2947 4312 ut
2979 4269 3171 4327 pacate
3199 4261 3265 4311 de
3291 4269 3494 4312 ca'tero
3527 4253 3779 4306 viverent:

2226 4351 2443 4406 abunde
2478 4352 2685 4420 Quippe
2729 4349 3077 4420 praecessisse
3122 4350 3530 4412 scandalorum,
3565 4357 3678 4412 qua:
3711 4345 3782 4390 tot

2227 4455 2292 4493 ac
2343 4439 2480 4494 tales
2535 4443 2684 4493 viros
2741 4441 2798 4493 in
2835 4451 3214 4493 transversum
3259 4449 3413 4493 actos
3482 4430 3780 4490 everterint.

543 4541 894 4610 Sponsalibus
925 4539 1123 4604 pactis,
1160 4554 1283 4590 cum
1317 4539 1446 4591 dote
1494 4539 1547 4592 in
1594 4549 1881 4594 numerato
1916 4543 2118 4592 tnnlto-
2152 4525 2194 4578 ί)
2225 4533 2350 4587 Haec
2412 4542 2466 4586 et
2527 4533 2630 4584 alia
2686 4530 2834 4600 paris
2895 4531 3177 4584 sententiae
3238 4531 3473 4598 plurima
3513 4539 3633 4579 cum
3677 4528 3780 4573 An-

550 4645 672 4682 rum
727 4629 1103 4691 talentorum,
1171 4627 1338 4695 missa
1403 4626 1880 4696 Constantinopoli
1937 4629 2123 4697 junior

548 4721 663 4775 haec
687 4717 975 4773 'l‘beodora
999 4728 1100 4773 est.
1132 4717 1333 4772 Verum
1359 4719 1413 4773 in
1436 4718 1632 4774 itinere
1656 4728 1866 4773 mortua
1890 4715 2124 4776 Thessa-

549 4813 742 4867 lonicae
772 4811 1087 4880 sepulcrum
1119 4810 1351 4865 invenit.

550 4925 602 4978 7.
642 4923 708 4979 Ut
737 4941 922 4977 rursus
953 4922 1242 4990 imperator
1283 4921 1559 4973 tentarerit
1609 4921 1852 4974 reducere
1890 4923 1959 4974 ad
1998 4938 2120 4973 cou—

619 4996 857 5046 cordiam
890 4994 1171 5046 schismate
1199 4992 1475 5054 discissos,
1520 5001 1571 5043 et
1622 5001 1676 5043 ut
1719 4990 1891 5060 quiete
1939 5008 2120 5060 parent

618 5065 845 5116 colerent
868 5063 1096 5130 petierit.

623 5175 762 5228 lliuc
783 5175 894 5242 jam
922 5188 1066 5227 novo
1089 5179 1296 5224 conatu
1330 5171 1557 5224 tentavit
1585 5171 1898 5225 Arseniatas
1937 5173 2118 5239 Angu-

551 5279 695 5330 stus,
737 5280 965 5337 sperans
1021 5264 1087 5318 ad
1127 5263 1288 5333 207
1346 5264 1700 5318 concordiam
1767 5279 1914 5316 nunc
1959 5278 2117 5331 posse

553 5361 701 5416 allici
728 5358 1148 5413 mansuetudine
1179 5371 1243 5410 ac
1274 5359 1474 5423 passim
1503 5356 1727 5426 probata
1761 5370 1970 5407 morum
1998 5370 2122 5406 sna-

555 5455 721 5506 vitate
763 5447 1110 5521 patriarchae,
1166 5447 1367 5500 nemini
1409 5445 1738 5500 facessentis
1787 5444 2118 5505 molestiam,

555 5545 652 5600 sed
681 5540 1038 5612 quantumvis
1073 5547 1222 5593 secta
1269 5539 1576 5608 disjunctos
1618 5536 1926 5603 studiisque
1977 5535 2119 5588 inle-

554 5652 670 5696 stos
699 5640 944 5693 modesta
991 5635 1303 5706 placiditate
1335 5632 1642 5688 tolerantis.
1679 5633 1759 5684 Ad
1789 5640 2118 5685 convocatos

555 5748 685 5800 ergo
735 5729 989 5784 factionis
1033 5727 1348 5780 Arseniantc
1382 5727 1648 5792 primores
1687 5723 1989 5774 orationem
2021 5722 2096 5773 ba

556 5824 674 5878 buit
707 5823 1061 5875 liortatoriatn
1103 5821 1167 5873 ad
1205 5834 1415 5882 pacem,
1449 5832 1514 5869 eo
1557 5815 1808 5866 tidentius
1841 5815 2121 5873 indulgens

2226 4625 2489 4679 dronicus
2517 4623 2659 4692 apud
2687 4621 3008 4677 Arscniatas
3053 4621 3174 4675 t‘usa
3222 4623 3474 4674 oratione
3503 4625 3780 4670 memoras~

2227 4725 2310 4770 set
2349 4715 2414 4768 ad
2473 4714 2635 4767 tinem
2687 4713 3017 4782 impetrandi
3053 4712 3123 4765 ab
3176 4712 3245 4765 iis
3299 4722 3358 4764 ut
3409 4710 3600 4763 turbas
3651 4702 3780 4755 ciete

2227 4807 2567 4868 desinerent,
2601 4820 2707 4857 non
2763 4805 2884 4870 plus
2920 4803 3151 4871 profecit
3180 4818 3343 4872 quam
3378 4802 3423 4856 si
3465 4796 3775 4854 cantilenam

2225 4898 2411 4952 surdis
2453 4895 2828 4949 modularetur
2858 4903 2952 4948 aut
2981 4896 3142 4949 cmcis
3186 4895 3458 4948 innueret.
3493 4889 3681 4943 Vetera
3731 4879 3774 4932 Ιιί

2229 4989 2487 5042 nimiruro
2523 4987 2608 5040 illa
2643 4987 2842 5056 smpius
2877 4986 3169 5040 decantata
3205 5000 3399 5039 rursus
3428 4975 3777 5036 obtendemel

2223 5078 2365 5145 juris
2395 5086 2713 5145 argumenta
2759 5077 3007 5142 ipsorum
3042 5085 3093 5127 et
3128 5075 3468 5127 ﬁrmamenta
3500 5078 3688 5121 causae.
3724 5059 3772 5109 lu

2225 5182 2332 5237 qua
2362 5168 2488 5221 illos
2518 5166 2848 5220 obfirmabat
2875 5167 3172 5234 pertinacia
3201 5180 3397 5219 rursus
3427 5161 3580 5231 ipsis,
3605 5152 3774 5210 nescio

2229 5253 2370 5311 unde
2425 5265 2544 5310 orta
2615 5257 2941 5310 remissione
2994 5255 3340 5317 simultatis,
3405 5242 3772 5307 reconciliatus

2225 5347 2610 5415 admixtusque
2639 5347 3001 5418 Hyacinthus.
3039 5346 3133 5402 His
3166 5347 3458 5416 compertis
3495 5337 3772 5425 imperator

2227 5438 2432 5493 frustra
2461 5454 2519 5492 se
2558 5440 2892 5492 contendere
2940 5439 3273 5507 intelligens,
3307 5436 3614 5490 Arseniatas
3661 5432 3770 5487 qu!-

2225 5531 2349 5584 dem
2402 5539 2629 5583 caeteros
2675 5530 2908 5590 dimisit.
2961 5533 3124 5584 etiam
3181 5541 3348 5599 atque
3399 5526 3560 5580 etiam
3605 5517 3768 5584 jussus

2224 5625 2530 5691 quirsccre.
2587 5621 2952 5691 Hyacinthum
3024 5622 3173 5676 reddi
3222 5619 3482 5675 custodia:
3538 5604 3770 5679 ρτωθτδοη

2227 5715 2409 5782 ibique
2445 5715 2616 5766 lellel'i
2649 5714 2919 5766 clausum.
2947 5713 3016 5766 At
3043 5712 3409 5767 Tarcbaniota
3451 5704 3637 5758 cducto
3662 5705 3768 5744 car-

2225 5822 2349 5859 rere
2381 5813 2576 5874 pacato
2610 5805 2664 5858 iu
2701 5807 2914 5858 caeteris
2944 5805 3108 5875 208
3148 5821 3280 5859 usus
3308 5810 3411 5862 est.
3443 5791 3538 5851 θῑδί
3568 5800 3666 5840 ¹¹⁰¹¹
3692 5792 3766 5833 (³⁵⁸
