4018 6394
204 317 316 379 229

1151 317 1248 378 DE
1287 315 1733 378 ANDRONICO
1774 317 2238 379 PAL’EOLOGO
2281 321 2424 382 LIB.
2473 319 2592 381 lli.

3377 323 3480 386 230

207 427 499 496 συμϐάσης
542 427 632 480 καὶ
667 426 758 479 τὸν
822 425 1110 480 Ὑάκινθον
1161 427 1296 487 ὅλως
1355 425 1476 496 μεθ’
1523 424 1753 493 ὲαυτῶν)
1776 464 1791 488 ,
1825 428 1868 484 Α
1900 443 2001 493 γας
2029 431 2139 490 τοῖς
2171 429 2229 479 ἐν
2271 431 2392 492 ταῖς
2419 431 2638 499 ἄκραις,
2691 429 2978 498 ἡγεμόνων
3010 430 3069 482 τ’)
3106 431 3263 484 πλέον
3313 437 3481 487 κακό-

201 519 433 578 τούτους
465 518 684 586 κρατῶν
714 517 907 588 ἀφίησι
940 516 1318 585 παραγγείλας
1356 516 1674 587 ἡσυχάζειν,
1703 516 1793 568 τον

204 611 248 660 δ’
301 607 595 661 Ὑάκινθον
631 607 786 672 αὖθις
820 609 1056 676 ἐγκλείει
1097 609 1160 678 τῇ
1203 607 1442 678 φυλακῇ.
1471 608 1576 661 Τὸν
1607 608 1794 678 μέντοι

203 701 530 771 Ταρχανειὼ
541 719 632 769 την
651 701 748 769 τῆς
773 701 1019 768 φυλακῆς
1043 699 1330 768 ἐξαγαγὼν
1351 699 1625 770 εἰρηνικὸν
1650 695 1795 769 εἶχεν

202 791 404 853 ἄλλως,
445 791 493 842 εί
525 792 620 842 καὶ
659 791 730 859 μὴ
764 791 848 842 ἐπ’
877 790 1178 859 ἐκκλησίαν
1203 789 1493 858 συνήγετο.
1527 789 1676 856 ἐφεὶς
1696 789 1794 842 καὶ

203 885 268 951 τῇ
305 881 529 952 συζύγῳ
550 882 807 952 δεσποίνῃ
836 881 1079 946 εὐμενῶς
1098 883 1144 933 οἱ
1163 881 1308 950 ἔχειν
1330 881 1423 933 καὶ
1441 880 1790 950 θεραπεύειν,

199 974 276 1036 ὡς
312 974 508 1043 αἱροῖτ’
540 971 604 1026 ἂν
645 975 874 1036 ἐκεῖνος,
900 972 968 1025 τὰ
995 973 1207 1026 είκοτα.

197 1081 271 1154 η’.
320 1083 460 1152 Περὶ
513 1081 624 1151 τῆς
671 1083 822 1137 κατὰ
865 1083 1144 1163 ἀγάπην
1180 1082 1644 1150 ἐξασθενήσεως
1674 1083 1793 1138 τῶν

887 1166 1130 1207 κοινῶν.

270 1244 360 1299 Τὰ
396 1247 494 1313 μὲν
527 1240 622 1299 οὖν
659 1245 759 1314 τῆς
803 1245 1128 1316 Ἐκκλησίας
1163 1244 1246 1316 [Ρ.
1283 1243 1409 1317 142]
1448 1246 1540 1298 καὶ
1569 1244 1625 1309 ἐς
1651 1244 1793 1300 ὲκεί-

194 1349 302 1401 νην
351 1334 458 1401 τὴν
507 1333 722 1403 ἡμέραν
753 1335 810 1396 ἐς
847 1334 964 1387 τόδε
1013 1335 1200 1396 τέλους
1234 1337 1566 1406 κατηντήκει
1588 1377 1603 1400 ,
1635 1339 1703 1390 τὰ
1733 1333 1804 1390 δὲ’

192 1422 301 1486 τῆς
363 1422 668 1491 Ῥωμαῖδος
720 1421 1074 1494 ἐξησθενήκει
1135 1423 1338 1478 τέλεον.
1399 1425 1790 1497 Πλεονέκτημα

193 1516 309 1584 γὰρ
336 1515 471 1584 ἡμῖν
495 1515 712 1582 ἐγένετο
733 1516 857 1576 τοὺς
888 1515 1163 1583 παρόντας
1195 1516 1423 1586 χρόνους
1459 1516 1654 1583 μισθοῦ
1676 1520 1787 1580 τοῖς

198 1605 558 1672 μεσιτεὺουσι
591 1606 687 1657 καὶ
731 1604 1040 1675 λημμάτων
1085 1607 1153 1660 τὰ
1205 1607 1376 1660 πολλά
1426 1607 1785 1677 πράττεσθαι.

193 1695 376 1748 τοῦτο
420 1695 637 1758 πολλοῖς
672 1696 769 1764 μὲν
817 1699 925 1758 τοῖς
956 1699 1013 1758 ἐς
1046 1697 1220 1767 ἀρχὴν
1274 1699 1585 1767 εὐδοκίμοις
1639 1700 1670 1769 ἦ
1710 1701 1784 1771 μὴ

196 1785 662 1854 καταδεχομένοις
698 1785 1060 1839 καταϐάλλειν
1091 1787 1295 1856 (πολλῷ
1321 1787 1431 1856 γὰρ
1459 1787 1556 1856 οὐχ
1583 1789 1785 1858 ἥκιστα

196 1877 384 1942 τοῦτο,
417 1877 530 1946 ὅσῳ
558 1881 654 1930 καὶ
687 1877 899 1940 ἀξιοῦσι
930 1878 1249 1948 λαμϐάνειν)
1293 1879 1327 1949 ἢ
1365 1879 1436 1948 μὴ
1470 1880 1790 1947 δυναμένοις

198 1966 335 2028 lato;
364 1966 589 2018 ἐκόλουε
623 1964 721 2028 τὰς
756 1966 941 2033 τιμὰς,
978 1966 1157 2028 ἄλλοις
1186 1966 1244 2019 δὲ
1272 1967 1588 2038 παρρησίαν
1617 1968 1788 2020 ἐδίδου

197 2058 460 2122 διδοῦσιν,
487 2059 564 2118 ὡς
597 2057 740 2122 ἕξειν
791 2059 1094 2122 ἐλπίζουσι.
1128 2059 1396 2130 Δεύτερον
1445 2061 1536 2111 ἐπὶ
1579 2059 1789 2122 τούτοις

201 2151 296 2203 καὶ
331 2151 393 2202 τὸ
424 2151 662 2214 ἐλλιπῶς
693 2152 792 2214 τὰς
823 2151 1276 2221 ἀποτεταγμένας
1309 2153 1659 2205 ἀποδίδοσθαι
1694 2153 1786 2222 ρό-

206 2331 252 2383 is
318 2330 582 2385 Ecclesiae
640 2331 956 2408 adjunctus,
1007 2333 1332 2402 permittens
1376 2332 1615 2386 dmninae
1676 2348 1788 2388 suae

207 2426 427 2494 conjugi
470 2434 528 2478 ιιι
578 2425 781 2480 faveret
814 2426 888 2478 illi
921 2425 1242 2495 prolixeque
1286 2426 1695 2505 gratificaretur
1731 2428 1784 2480 in

209 2519 274 2572 iis
322 2534 450 2586 qua:
501 2518 702 2571 rationi
744 2526 1116 2571 consentanea
1172 2517 1330 2572 vellet
1367 2526 1460 2570 aut
1515 2528 1784 2586 posceret.

209 2633 261 2686 8.
297 2631 366 2686 De
404 2631 772 2684 debilitatione
800 2629 1102 2697 reipublirw
1132 2646 1157 2681 ε
1192 2629 1390 2682 dudum
1417 2631 1784 2685 inualescenti-

494 2701 589 2753 bus
623 2701 934 2768 corruptelis
972 2701 1263 2753 necessario
1296 2710 1496 2753 scruta.

283 2795 333 2849 is
375 2801 554 2848 status
595 2792 662 2846 ad
696 2792 838 2847 hanc
868 2792 1010 2846 diem
1060 2792 1564 2845 ecclesiasticarum
1604 2808 1784 2845 rerum

224 2885 340 2946 luit,
383 2884 729 2953 politicarum
760 2890 945 2935 autem
982 2880 1139 2948 longe
1173 2881 1466 2948 pessimus,
1506 2881 1786 2949 republica

230 2974 496 3028 Romaniae
539 2984 848 3027 extremam
895 2970 1006 3040 jam
1065 2973 1117 3024 in
1161 2970 1495 3024 debilitatem
1543 2972 1782 3024 redacta.

223 3066 392 3120 Causa
433 3065 523 3118 fuit
552 3064 764 3118 abusus
824 3078 895 3117 ex
934 3063 1098 3127 facili,
1138 3063 1360 3131 pellacia
1425 3063 1562 3116 lucri
1614 3065 1856 3160 utrin-C

214 3175 316 3228 que
338 3155 998 3229 prasentisxinolescens
1035 3171 1132 3225 per
1170 3156 1286 3208 haec
1322 3164 1593 3224 tempora,
1637 3170 1782 3210 mer-

206 3251 335 3306 cede
381 3267 448 3304 ac
495 3250 656 3304 donis
704 3247 922 3304 emendi
973 3247 1192 3316 quidvis
1246 3247 1482 3315 quisque
1539 3247 1697 3300 vellet
1753 3263 1784 3301 e

203 3348 448 3417 principe
483 3360 512 3398 a
543 3342 821 3414 primariis
848 3342 969 3411 ejus
999 3341 1053 3394 in
1088 3340 1352 3409 regimine
1383 3340 1668 3393 ministris.
1700 3337 1782 3394 Ob

203 3439 304 3492 hoc
356 3435 519 3489 multi
565 3433 810 3501 alioquin
863 3433 974 3502 apti
1010 3431 1421 3510 magistratibus
1455 3429 1708 3498 gerendis
1750 3446 1780 3483 a

204 3530 487 3597 republica
510 3527 866 3590 arcebantur,
899 3525 1048 3595 quod
1080 3539 1186 3578 non
1219 3525 1545 3577 inducerent
1574 3526 1627 3577 in
1663 3525 1781 3577 ani-

201 3638 350 3676 mttm
409 3628 692 3689 sumptum
739 3618 943 3680 facere,
988 3617 1152 3685 vulgo
1201 3619 1410 3672 scilicet
1464 3620 1782 3674 hominibus

199 3727 399 3768 natura
435 3712 796 3780 pronioribus
833 3711 898 3762 ad
932 3708 1314 3777 accipiendum
1350 3725 1514 3778 quam
1549 3709 1615 3762 ad
1647 3709 1782 3764 dau-

194 3811 344 3864 dum.
387 3807 516 3862 Vice
549 3821 716 3872 porro
770 3803 1066 3872 proborum
1109 3817 1526 3872 gnavorumque
1568 3804 1649 3857 sic
1677 3819 1778 3858 ex-

160 3932 173 3942 -
194 3905 476 3956 clusorum
513 3897 892 3952 functionibus
922 3895 1159 3965 publicis
1190 3911 1285 3964 per
1314 3895 1452 3949 tales
1483 3895 1778 3949 utilissime

189 3993 472 4066 gerendis,
507 3988 980 4045 snbintr-abanteo
1012 4003 1120 4040 non
1149 3994 1260 4039 tam
1284 3986 1538 4040 industrii
1563 3995 1777 4042 actores

189 4102 353 4156 quam
394 4083 548 4138 avari
578 4089 941 4142 mercatores,
975 4077 1260 4150 proﬂigata
1293 4078 1347 4130 in
1380 4077 1431 4131 id
1463 4087 1777 4148 quazstuose

189 4180 411 4233 modica
475 4175 710 4245 pecunia
753 4172 1035 4226 licentiam
1079 4172 1180 4225 sibi
1237 4179 1498 4240 parantes
1549 4170 1777 4238 impune

188 4268 528 4326 corradendi
553 4282 662 4336 quo
688 4267 949 4320 damnum
981 4263 1130 4333 large
1157 4270 1598 4332 compensarent.
1628 4262 1780 4316 Alter

189 4366 313 4418 fons
355 4357 738 4415 enervationis
795 4355 1011 4424 imperii
1069 4355 1172 4408 fuit
1227 4356 1564 4423 parcimonia
1613 4355 1775 4424 plene

1895 531 2040 584 τητι,
2091 517 2357 574 θελόντων
2404 524 2516 582 τοῖς
2566 519 2816 573 ἐντεῦθεν
2871 521 3240 593 ὑπερημέρως
3304 526 3483 594 πάντη

1895 601 2191 680 διδομένοις
2225 613 2682 682 στραγγεύεσθαι,
2716 612 2790 672 ὡς
2819 613 3177 684 κερδαίνοιεν.
3212 617 3398 670 Ταῦτα
3418 619 3481 688 δὴ
3514 643 3520 647 -

1897 700 1989 753 ἐπὶ
2047 703 2213 755 ταυτδ
2266 704 2628 773 συναχθέντα.
2679 704 2750 758 Τὸ
2797 707 2904 776 γὰρ
2958 709 3052 760 τοῦ
3103 707 3484 776 βασιλεύοντος

1895 793 2154 856 εὐσταθὲς
2187 797 2280 849 καὶ
2312 796 2370 848 τὸ
2407 797 2546 864 πρὸς
2595 797 2806 865 κρίσεις
2837 815 2894 850 τε
2929 801 3022 851 καὶ
3051 800 3304 857 κολάσεις
3340 818 3480 870 συμ-

1896 885 2201 956 παθητικὸν
2239 904 2298 939 τε
2348 888 2442 940 καί⁵
2469 888 2680 958 ἥμερον
2714 889 2857 958 μέγα
2882 908 2935 942 τι
2961 894 3020 943 τὸ
3055 891 3218 944 κακον
3254 893 3346 944 καὶ
3377 896 3479 946 οὐκ

1894 979 2072 1030 οἰστὸν
2120 979 2257 1041 ὅλως
2305 981 2417 1042 τοῖς
2449 980 2718 1034 παθοῦσιν
2775 983 3083 1051 εἰργάζετο.
3131 985 3281 1047 Τέως
3325 986 3370 1038 δ’
3405 986 3480 1050 ὡς

1895 1065 2040 1139 εἶχεν
2073 1072 2104 1138 ἡ
2144 1069 2238 1123 τοῦ
2273 1072 2537 1140 βασιλέως
2567 1075 2733 1144 ὁρμὴ.
2779 1075 2879 1144 τῆς
2925 1077 3207 1146 δυνάμεως
3248 1079 3478 1149 ἐνούσης

1893 1161 1974 1213 ἔτι
2003 1161 2111 1215 τῶν
2133 1163 2341 1234 νεύρων
2366 1166 2454 1234 (τά
2480 1167 2523 1218 δ’
2550 1163 2690 1238 ἦσαν
2715 1168 2782 1220 τὰ
2811 1170 3095 1240 χρήματα)
3129 1171 3360 1241 πέμπων
3380 1175 3478 1237 τὰς

1892 1253 1987 1318 τῆς
2009 1253 2328 1321 ὁλομελείας
2351 1259 2592 1328 κινήσεις
2612 1258 2714 1328 τῆς
2743 1259 3047 1329 Ῥωμαῒδος
3070 1264 3478 1336 εὐρωστοτέρας

1896 1346 2067 1395 ποιεῖν
2093 1344 2192 1397 οὐκ
2220 1346 2484 1400 ἀπώκνει.
2517 1344 2652 1401 Κατ’
2679 1349 2861 1417 ὀλίγον
2882 1351 2936 1404 δὲ
2965 1351 3024 1404 τὸ
3051 1353 3221 1406 δεινὸν
3243 1355 3477 1419 ὲπαῦξον

1891 1433 2179 1486 ἀνέστελλε
2217 1437 2590 1505 πεμπομένων
2629 1440 2718 1491 καὶ
2757 1439 2868 1491 τῶν
2899 1443 2977 1503 είς
3023 1443 3266 1510 κεφαλὰς
3309 1444 3478 1510 ἀξίων

1892 1524 1984 1575 καὶ
2013 1525 2088 1586 ὡς
2115 1521 2225 1577 οἷόν
2273 1528 2320 1578 τ’
2351 1524 2419 1598 ἦν
2452 1529 2636 1594 σφίσιν
2666 1531 3027 1600 ἀντεχόντων,
3061 1534 3476 1604 προσκειμένων

1893 1613 1986 1664 καλ⁸
2014 1614 2121 1666 τῶν
2153 1616 2214 1668 ὲκ
2246 1617 2471 1687 Κρήτης
2501 1622 2756 1688 μαχίμων
2800 1623 2919 1684 ταῖς
2956 1627 3209 1687 τοπικαῖς
3239 1625 3473 1696 δυνάμε-

1894 1722 1996 1769 σιν,
2032 1705 2123 1769 οὓς
2152 1709 2437 1779 Κρήτηθεν
2489 1713 2990 1782 προσχωρήσαντας
3041 1716 3252 1787 βασιλεί
3290 1717 3362 1780 ὡς
3400 1719 3474 1788 μὴ

1895 1799 2360 1869 καταδεχομένους
2416 1801 2512 1872 τὴν
2563 1805 2626 1855 ἐκ
2678 1804 2786 1857 τῶν
2828 1806 3044 1860 Ἰταλῶν
3093 1811 3470 1879 ἐπικράτειαν,

1895 1890 1982 1943 ἐπ’
2017 1892 2280 1962 ἀνατολῆς
2313 1895 2632 1958 κατοικίσας
2658 1897 2752 1948 καὶ
2789 1898 2976 1966 ῥόγαις
3004 1901 3240 1969 ἐτησίοις
3275 1905 3471 1955 ἀποτε-

1896 1984 2195 2050 ταγμέναις
2228 1983 2494 2047 ἐξικανῶν
2523 1981 2599 2048 ὡς
2642 1991 2853 2052 πιστοῖς
2896 1991 3206 2063 συμμάχοις
3249 1995 3469 2064 ἐχρῆτο.

1892 2066 2000 2124 Ἦν
2034 2072 2089 2124 δὲ
2125 2075 2312 2144 συχνὸν
2343 2077 2402 2128 τὸ
2432 2076 2531 2146 τῆς
2566 2078 2846 2144 συνδοσίας
2873 2081 2961 2134 διὰ
3005 2086 3105 2152 τὴν
3148 2088 3340 2139 σπάνιν
3365 2089 3475 2140 τῶν

1894 2166 2213 2234 χρημάτων,
2247 2164 2322 2231 ὡς
2348 2168 2556 2236 ἔλεγον,
2599 2173 2791 2245 ἀνέδην
2819 2176 3161 2245 τελούμενον.
3206 2180 3278 2232 Τὸ
3309 2181 3354 2233 δ’
3377 2179 3466 2250 ἦν,

1893 2313 2012 2383 ejus
2046 2331 2075 2368 a
2115 2324 2304 2373 tenore
2332 2319 2599 2376 dimoveri
2638 2325 3067 2394 allegationibus
3108 2331 3233 2386 ullis
3259 2337 3469 2404 nescia,

1894 2407 2133 2478 ltuicque
2160 2410 2416 2480 adjunCIa
2455 2416 2715 2484 segnities
2752 2421 3077 2488 castigandi,
3124 2429 3300 2482 noxia:
3333 2431 3469 2483 leni-

1892 2501 2021 2555 tatis
2065 2503 2402 2574 indulgentia
2434 2507 2598 2578 209
2643 2509 2809 2567 frmna
2856 2514 3046 2570 laxans
3085 2520 3385 2576 sceleribus
3416 2533 3471 2576 et

1893 2604 2098 2647 metum
2129 2597 2376 2652 atlitnens
2403 2602 2792 2668 peccantibus;
2827 2609 2969 2660 unde
3000 2611 3200 2664 malum
3230 2614 3468 2668 immane

1892 2697 2161 2756 quantum
2213 2690 2407 2760 ingens
2462 2709 2560 2747 nec
2605 2695 2716 2762 jam
2759 2699 2995 2766 amplius
3040 2702 3322 2758 tolerabile
3349 2707 3470 2776 (op-

1894 2795 2115 2848 pressos
2164 2781 2232 2835 ab
2279 2784 2502 2851 impune
2564 2790 2940 2853 grassantibus
3010 2796 3259 2862 urgebat.
3317 2798 3468 2853 Inter

1893 2879 2042 2925 tanta
2079 2873 2428 2928 incommoda
2462 2879 2771 2933 sustinebat
2804 2896 2864 2933 se.
2894 2892 3133 2938 eri-ctum
3191 2899 3470 2960 utcunque“

1891 2979 1956 3018 ac
1988 2968 2187 3020 stantis
2221 2967 2416 3021 saltem
2449 2969 2688 3036 speciem
2728 2982 3018 3028 ostentans
3057 2991 3260 3047 corpus
3296 2983 3467 3051 impe—

1893 3055 1981 3120 rii,
2026 3058 2202 3126 quoad
2259 3057 2402 3113 intus
2462 3062 2510 3114 ei
2583 3078 2688 3116 non
2742 3064 2912 3118 defuit
2973 3070 3127 3135 quasi
3182 3075 3467 3142 sanguinis

1890 3151 2043 3215 copia
2076 3166 2138 3203 ac
2183 3153 2332 3205 nervi
2386 3153 2536 3208 velut
2585 3155 2809 3223 quidam
2855 3162 3101 3226 pecuniae
3132 3165 3466 3220 abundantis

1891 3257 1986 3310 per
2031 3244 2162 3296 illud
2199 3257 2602 3311 commeantes,
2641 3249 2798 3303 .unde
2845 3251 3060 3306 interim
3115 3258 3467 3324 vegetabatur

1889 3348 1952 3386 ac
1984 3335 2438 3399 ciebatnr,'ltautl
2483 3350 2736 3394 cessante
2764 3378 2778 3402 ,
2827 3358 2923 3411 pro
2967 3359 3066 3398 sua
3113 3349 3461 3412 strennitate,

1884 3427 2128 3495 Augusto
2168 3427 2234 3481 ad
2293 3429 2476 3482 omnia
2515 3431 2744 3500 impigre
2783 3449 3096 3492 occurrere.
3147 3437 3229 3492 Ad
3277 3450 3460 3496 extre.

1887 3533 2034 3570 tnum
2078 3519 2208 3587 quin
2265 3520 2452 3579 etiam.
2486 3523 2580 3576 sed
2611 3524 2724 3592 jam
2759 3540 2904 3590 sero,
2938 3529 3112 3583 auctis
3157 3533 3362 3585 sensim
3407 3536 3460 3586 in

1889 3610 2084 3663 molem
2137 3613 2564 3680 insuperabilem
2609 3616 2792 3676 malis.
2843 3633 3120 3688 opponere
3171 3625 3335 3677 nimis
3365 3627 3462 3680 diu

1886 3699 2148 3753 omissam
2187 3702 2536 3756 severitatem
2591 3715 2675 3758 est
2705 3715 2958 3777 conatus,
3012 3719 3066 3762 et
3108 3713 3323 3780 publica
3371 3716 3459 3769 itt-

1885 3791 2170 3845 connnoda
2217 3801 2536 3863 retorquere
2571 3796 2624 3849 in
2674 3799 2855 3867 capita
2891 3811 3204 3868 auctorum,
3249 3809 3459 3863 meritis

1883 3895 1980 3935 eos
2033 3883 2376 3952 subjicienth
2423 3887 2728 3956 suppliciis,
2780 3893 3024 3947 tentavit.
3078 3895 3348 3954 Ulebatur
3391 3903 3457 3954 ad

1882 3972 1988 4026 hoc
2023 3989 2144 4028 cum
2171 3975 2294 4028 aliis
2323 3991 2458 4045 quas
2497 3978 2731 4034 habebat
2767 3981 2832 4036 ad
2883 3999 3105 4039 manum
3133 3991 3306 4058 copiis
3341 4003 3455 4049 tum

1882 4067 2160 4136 praecipue
2188 4067 2402 4121 Cretice
2441 4071 2635 4123 militia
2665 4074 3020 4140 praesidiariis
3051 4083 3455 4146 provinciarum

1882 4159 2137 4213 atlmista.
2171 4158 2304 4214 Nam
2341 4163 2548 4216 multos
2581 4179 2610 4217 e
2641 4163 2798 4218 Creta
2829 4167 3028 4230 insula,
3073 4174 3278 4228 servire
3310 4174 3458 4230 Lati-

1882 4251 1968 4304 nis
2000 4252 2113 4306 illic
2147 4251 2260 4320 jam
2293 4253 2724 4310 ineluctabiliter
2753 4260 3176 4326 praevalentilus
3226 4280 3332 4319 non
3364 4284 3458 4322 su-

1880 4344 2150 4399 stinentes
2172 4384 2188 4409 ,
2214 4344 2510 4414 imperator
2538 4348 2590 4401 in
2624 4356 2832 4405 tractus
2854 4350 3159 4410 Orientales
3200 4356 3457 4416 invitatos

188 4455 580 4509 εοινρηιιειτυηι
624 4464 687 4502 ex
727 4447 832 4500 fide
880 4445 1234 4516 pensionum,
1269 4461 1390 4515 qua
1419 4446 1774 4516 prasidiariis
1807 4435 1851 4492 ί)
1880 4436 1932 4489 in
1982 4437 2117 4491 Ιοείε
2174 4452 2286 4492 5033
2331 4437 2560 4494 δηίοηίδ
2608 4441 2999 4512 εοιίοεεινθηῑ.
3053 4448 3456 4522 pensionesqne

188 4547 406 4602 arcium
458 4545 517 4598 in
555 4543 730 4597 limite
766 4542 1000 4594 sitarum
1032 4539 1163 4592 olim
1205 4547 1425 4593 statutae
1465 4538 1686 4593 fuerant
1719 4539 1777 4593 in

191 4637 511 4692 mercedem
573 4648 755 4704 operae
809 4630 1062 4685 militaris
1112 4631 1248 4684 adeo
1281 4630 1394 4699 illic
1427 4631 1493 4684 ad
1524 4645 1776 4685 commu-

191 4746 314 4783 nem
350 4727 583 4782 tutelam
615 4723 963 4780 necessarite.
998 4720 1092 4776 Hie
1128 4723 1365 4792 maligne
1399 4738 1543 4778 nunc
1573 4738 1778 4804 suppe-

197 4825 520 4877 ditabantur
571 4818 798 4873 avaritia
835 4815 1216 4886 praefectorum
1265 4817 1570 4886 crogationi
1611 4831 1778 4882 pecu-

199 4917 295 4969 nia:
328 4913 585 4984 publicae,
620 4924 855 4978 quorum
891 4907 1271 4975 apponebatur
1307 4907 1477 4961 lucris
1506 4908 1652 4975 quod
1682 4923 1778 4976 per

197 5018 410 5062 astutas
453 5003 874 5056 frustratiouum
921 5007 1067 5053 artes
1102 4997 1454 5053 diﬂ‘undenda
1491 5000 1774 5067 prtetexti-

197 5101 296 5154 bns
319 5095 495 5150 vafris
544 5092 835 5148 solutionis
872 5090 962 5143 die
1011 5089 1228 5143 miseris
1259 5089 1526 5143 militibus
1561 5091 1778 5144 subtra-

196 5190 430 5243 hebatur
472 5187 705 5256 pretium
745 5181 1008 5236 sudorum
1047 5196 1113 5235 ac
1147 5181 1456 5249 sanguinis.
1497 5180 1596 5234 His
1641 5181 1775 5234 duo-

197 5285 296 5338 bus
328 5280 601 5344 malis,ne
632 5279 686 5331 in
716 5291 887 5330 unum
907 5274 1163 5329 coeuntia
1189 5271 1535 5326 exundarent
1560 5273 1610 5324 in
1649 5287 1774 5341 per-

194 5374 385 5429 niciem
421 5371 720 5441 publicam,
759 5379 927 5421 unum
968 5378 1089 5418 esse
1131 5371 1383 5431 potuerat
1432 5359 1629 5429 efficax
1687 5377 1774 5414 rc-

195 5467 432 5520 medium
481 5464 552 5516 ab
598 5457 944 5529 imperatoris
977 5456 1308 5510 auctoritate
1343 5468 1580 5519 summa,
1622 5454 1667 5508 si
1723 5454 1771 5508 is

194 5557 372 5610 delato
407 5552 853 5621 corruptelarum
890 5563 1026 5617 quas
1079 5547 1510 5600 memoravimus
1562 5544 1772 5599 indicio

193 5649 257 5700 ad
293 5662 387 5700 eas
433 5642 775 5700 coercendas
825 5638 1027 5693 adduci
1080 5636 1374 5706 potuisset.
1417 5635 1522 5690 Sed
1571 5652 1636 5690 ne
1670 5637 1772 5691 ltoc

194 5739 528 5809 contingeret
589 5743 685 5789 aut
742 5739 1062 5800 speraretur
1109 5729 1364 5786 obstabat
1404 5728 1767 5793 immqbilitas

1883 4529 1950 4582 iis
1984 4529 2303 4584 decreverat
2339 4545 2574 4595 annuas,
2605 4533 2708 4587 lida
2742 4535 2957 4591 illorum
3004 4547 3162 4595 utens
3205 4544 3260 4596 in
3301 4543 3455 4599 bellis
3554 4541 3558 4546 ’

1881 4635 2069 4689 opera.
2123 4619 2322 4676 Verum
2369 4631 2430 4677 ut
2476 4624 2591 4678 hac
2652 4624 2764 4681 illis
2809 4627 3084 4697 stipendia
3114 4647 3359 4690 summas
3400 4635 3453 4688 in

1877 4712 2145 4769 immanes
2165 4715 2539 4771 excrescentia
2565 4717 2992 4784 conficerentur,
3017 4724 3454 4781 contributiones

1876 4813 1996 4856 erat
2037 4821 2261 4860 necesse
2310 4806 2546 4862 subditis
2591 4808 2984 4866 acerbissimas
3029 4812 3310 4884 indicere;
3357 4822 3451 4888 qui

1876 4899 2234 4965 quantmnvis
2269 4914 2376 4955 non
2426 4899 2565 4956 falso
2591 4912 2955 4968 quererentur
2981 4905 3047 4959 de
3081 4907 3326 4974 pecunia
3366 4925 3455 4964 ra-

1878 4989 2120 5042 ritate-in
2153 4989 2220 5045 iis
2249 4993 2492 5058 partibus
2528 4993 2732 5046 dudum
2763 5008 2858 5062 per
2889 4997 3234 5065 erogationes
3261 4999 3456 5057 immo-

1878 5082 2028 5136 dicas
2054 5081 2360 5148 exhaustis,
2395 5093 2575 5138 tamen
2601 5083 2748 5150 quod
2795 5086 3000 5139 nullam
3037 5092 3451 5148 excusationem

1878 5175 2184 5228 necessitas
2221 5173 2558 5235 admitteret.
2603 5176 2962 5234 nihilominus
3013 5182 3252 5248 pendere
3280 5200 3456 5253 quan-

1877 5271 1990 5318 tum
2023 5267 2343 5335 exigebatur
2371 5268 2730 5336 cogebantur.
2762 5269 3018 5325 instituta
3055 5275 3208 5344 prius
3251 5279 3449 5343 fuerat,

1876 5363 1936 5408 ut
1989 5356 2249 5420 diximus,
2306 5357 2532 5412 collatio
2592 5357 2927 5415 decimarum
2973 5377 3005 5417 e
3053 5366 3449 5435 pensionibus,

1876 5463 2016 5516 quas
2046 5450 2282 5518 quisque
2305 5449 2580 5518 stipendia
2617 5455 2948 5508 merentium
2980 5465 3076 5510 aut
3109 5459 3175 5510 iis
3208 5459 3452 5528 legitimo

1877 5550 2123 5609 tempore
2174 5541 2336 5596 factis
2395 5545 2754 5599 emeritorum
2811 5550 3098 5618 percipere
3160 5564 3376 5603 annuas
3420 5567 3453 5606 θ

1879 5635 2095 5704 publico
2121 5635 2340 5691 soleret.
2371 5635 2480 5691 Sed
2518 5653 2644 5692 cum
2673 5639 2788 5708 jam
2837 5641 2997 5710 longo
3026 5641 3226 5694 haustu
3261 5623 3462 5695 exitia;

1878 5729 2008 5782 nilis
2042 5737 2097 5784 et
2138 5730 2416 5787 enervatis
2464 5731 2695 5799 exprimi
2739 5732 2888 5800 quod
2917 5748 3056 5801 opus
3087 5741 3205 5786 erat
3247 5737 3441 5802 nequi-
