4018 6428
220 371 327 434 233

1142 373 1240 433 DE
1288 368 1730 433 ANDRONICO
1767 368 2224 432 PAL/EOLOGO
2266 373 2408 437 LIB.
2455 376 2567 437 ΙΙῘ.

3375 385 3481 450 ⁸234

224 503 337 557 ρον,
364 482 486 537 τότε
511 482 568 537 δὲ
596 480 705 535 τῶν
730 481 960 553 ἐχθρῶν,
986 482 1016 535 δ
1052 484 1220 538 πάλαι
1248 479 1402 554 οϊμαι
1435 486 1496 538 τδ
1518 483 1799 554 Μιλησίων
1831 481 1874 538 Α
1903 497 2012 541 ται,
2044 487 2154 547 τοῖς
2187 487 2231 539 δ’
2281 488 2453 554 ἰδίοις,
2499 491 2635 546 ἀλλὰ
2667 511 2728 563 γε
2777 498 3008 561 καὶτοῖς
3066 500 3478 570 προσχωροῦσιν

221 575 477 644 Διδύμιον
520 573 838 643 ὲφημίζετο,
862 573 1020 643 ἔτυχε
1046 575 1268 646 πολέμῳ
1299 579 1581 647 κρατήσας
1610 575 1799 640 τοιῷδε

218 665 430 735 τρόπῳ.
482 664 572 726 Ὠς
615 663 726 734 γὰρ
755 666 788 732 ή
844 663 1036 736 πρώτη
1085 664 1197 719 τῶν
1247 667 1524 734 γυναικῶν
1573 664 1666 718 τοῦ
1698 666 1802 717 Σα-

220 758 474 826 λάμπακι
500 756 737 825 Πέρσου,
774 753 834 820 ἐξ
889 755 1190 828 ἀνθρώπων
1241 757 1448 810 ἐκείνου
1495 758 1798 825 γεγονότος,

222 849 337 901 ἐκεῖ
361 846 704 914 πεφύλακτο,
743 846 1136 915 τεθησαύριστο
1159 846 1217 900 δὲ
1258 848 1352 900 καὶ
1384 847 1614 908 πλοῦτος
1662 860 1802 897 παν-

216 939 474 1003 τοδαπὸς,
503 938 564 991 τὸ
595 939 694 1006 μὲν
721 938 957 1008 πολέμου
1016 938 1165 1008 νόμῳ
1198 938 1304 992 ’τοῦ
1335 940 1595 1009 φρουρίου
1647 954 1801 1008 περι-

218 1032 480 1101 γενέσθαι
519 1031 757 1083 ἁδύνατα
792 1033 927 1093 τέως
958 1027 1126 1101 εἶχεν,
1173 1030 1314 1098 ἔγνω
1362 1032 1418 1085 δὲ
1457 1029 1802 1123 ,σοφίσασθαι

215 1124 320 1194 τὴν
351 1125 604 1190 γυναῖκα,
637 1122 777 1174 ὥστε
803 1123 895 1174 καί
927 1121 1160 1191 πέμπων
1185 1122 1262 1185 ὡς
1309 1121 1471 1189 δῆθεν
1519 1123 1577 1174 ἒν
1628 1122 1803 1191 ἀπορ-

216 1217 411 1287 ρήτοις
452 1214 754 1282 ἀγαγέσθαι
797 1212 1002 1282 ταύτην
1048 1213 1277 1282 σύζυγον
1315 1215 1652 1283 ὑπισχνεῖτο.
1715 1213 1802 1275 Ὠς

214 1308 356 1376 γοῦν
381 1307 643 1369 πολλάκις
674 1307 906 1376 πέμπων
948 1307 1046 1358 οὐκ
1094 1308 1326 1368 ἔπειθεν,
1387 1305 1626 1376 ἐπισχὼν
1675 1307 1802 1369 τοὺς

213 1399 319 1468 τῆς
353 1398 550 1467 λίμνης
573 1396 848 1466 καράϐους
881 1397 1060 1450 συνδεῖ
1087 1400 1339 1468 σχοίνοις,
1376 1399 1471 1452 καὶ
1508 1397 1639 1463 ξύλα
1702 1397 1803 1466 μέ-

215 1507 391 1559 γιστα
421 1492 584 1552 ἐνιεὶς
627 1489 714 1542 ἐπ’
757 1490 980 1542 ἐκείνων
1028 1489 1495 1553 κατασκευάζεται
1545 1490 1800 1559 μόσυνας.

216 1584 300 1637 Τὰ
323 1583 375 1636 δ’
396 1583 535 1637 ἄλλα
558 1583 720 1636 πλοῖα
761 1581 1055 1652 πληρώσας
1101 1581 1428 1649 πολεμιστὰς
1477 1583 1535 1632 ὲν
1595 1580 1803 1642 τούτοις

218 1676 506 1739 ἑλεπόλεις
540 1674 691 1736 ίστὰς
730 1677 825 1727 καὶ
853 1674 1161 1744 μαχόμενος
1193 1673 1335 1745 (οὐδὲ
1377 1672 1487 1742 γὰρ
1545 1673 1688 1725 κατὰ
1742 1669 1803 1724 τὸ

217 1768 391 1835 τυχὸν
423 1765 521 1818 καὶ
553 1764 715 1827 αὐτὸς
747 1761 898 1832 παρὰ
925 1764 1038 1825 τοῖς
1089 1761 1301 1831 ἐχθροῖς
1337 1762 1632 1827 ἐκλεῖζετο,
1686 1760 1801 1814 ἀλλ’

216 1858 492 1927 ὀνόματος
530 1855 816 1908 ἐπέϐαινεν
843 1853 959 1923 ἅμα
985 1855 1081 1924 μὲν
1108 1853 1365 1924 φοϐεροῦ,
1398 1853 1513 1923 ἅμα
1538 1854 1596 1907 δέ
1625 1868 1689 1921 γε
1707 1854 1802 1907 καὶ

218 1951 519 2022 ἐρασμίου,
545 1949 621 2012 ὡς
642 1947 739 2002 καὶ
762 1947 988 2009 πολλοὺς
1002 1950 1340 2018 προσχωρεῖν
1367 1949 1461 1999 καὶ
1492 1947 1584 1998 ὑπ’
1610 1948 1803 2018 ἐκείνῳ

219 2043 450 2113 ἀγαπᾷν
508 2039 844 2107 τάττεσθαι),
880 2041 1026 2111 αίρεῖ
1080 2042 1178 2119 μὲν
1234 2039 1374 2093 οὕτω
1414 2039 1475 2092 τὸ
1524 2040 1804 2109 φρούριον,

220 2136 461 2191 πλοῦτον
498 2136 545 2188 δ’
583 2133 790 2188 ἐκεῖθεν
818 2134 881 2187 οὐ
904 2132 1103 2205 ῥᾳδίως
1134 2134 1436 2205 ἀριθμητὸν
1469 2133 1825 2204 ,περιϐάλλεη

227 2319 451 2383 sabant,
486 2323 546 2370 ut
598 2315 647 2369 vi
682 2313 881 2370 bellica
927 2315 1229 2385 expugnari
1276 2314 1424 2369 baud
1462 2328 1628 2385 posse
1653 2313 1806 2384 judio

228 2418 476 2465 caretur.
515 2406 922 2476 Experiendam
970 2421 1101 2476 ergo
1157 2415 1331 2460 artem
1384 2417 1561 2472 ratus,
1606 2406 1806 2463 mulie-

229 2516 346 2556 rem
400 2499 591 2554 missis
639 2512 845 2551 arcano
902 2499 1103 2553 litteris
1164 2513 1230 2553 ac
1291 2500 1503 2555 nuntiis
1554 2499 1810 2570 pellicere

229 2593 491 2654 tentavit,
549 2606 612 2646 se
637 2591 783 2644 illam
823 2588 1116 2660 conjugem
1173 2590 1468 2645 ducturum
1517 2592 1807 2661 pollicens.

232 2685 339 2740 Sed
373 2699 503 2739 cum
538 2683 591 2736 id
635 2681 845 2736 frustra
895 2680 991 2734 diu
1056 2680 1209 2736 fieret
1237 2720 1253 2747 ,
1293 2680 1495 2735 femina
1547 2682 1808 2736 connubii

240 2752 359 2832 talis
415 2773 762 2830 mentionem
826 2778 1200 2840 aspernante,
1254 2770 1475 2826 interim
1527 2773 1808 2841 explorata

246 2868 346 2922 dux
374 2867 479 2922 loci
514 2874 709 2919 natura
734 2904 750 2928 ,
786 2861 1177 2916 animadvertit
1230 2862 1446 2931 paludis
1497 2863 1564 2917 ad
1626 2877 1808 2917 arcem

254 2960 613 3028 restagnantis
646 2956 894 3026 quaedam
941 2969 1063 3009 esse
1097 2956 1269 3009 certis
1319 2955 1480 3020 locis,
1514 2954 1711 3025 hisque
1742 2954 1809 3009 ad

261 3066 443 3104 muros
478 3051 607 3105 satis
638 3048 903 3109 admotis,
937 3048 1223 3101 etnissaria
1267 3047 1548 3101 excavatis
1578 3044 1808 3115 profun-

1903 571 2137 643 εὔπορον
2187 579 2418 634 καθίστα
2472 583 2563 634 τὸν
2616 583 2751 654 βίον.
2812 587 2974 641 Ὅθεν
3038 589 3132 641 καὶ
3174 589 3360 644 πολλοὶ
3388 593 3479 645 ὑπ’

1903 664 2097 734 ἐκείνῳ
2128 666 2517 741 δεδουλωμένοι
2542 673 2776 745 ἔχαιρον,
2804 680 2896 731 καί⁵
2944 679 3034 732 ὑπ’
3070 681 3218 751 αὐτῷ
3280 699 3480 751 τεταγ-

1907 762 2057 826 μένοι
2084 757 2220 831 ἦσαν
2256 765 2378 819 καθ’
2407 756 2482 820 ὧν
2515 785 2618 837 περ
2648 772 2742 825 καὶ
2791 775 3202 845 προσταχθεῖεν,
3252 776 3327 840 ὡς
3360 780 3481 831 κατ’

1903 854 2123 923 ἀγάπην
2151 855 2266 925 ἅμα
2295 860 2509 924 γυναιξὶ
2542 866 2918 934 μετῳκημένοι
2954 871 3045 921 καὶ
3070 868 3299 932 τέκνοις.
3365 871 3484 923 Ἐν-

1902 944 2093 997 τεῦθεν
2126 949 2218 1001 καὶ
2242 950 2392 1019 παρὰ
2423 956 2481 1003 τὸ
2507 954 2652 1017 εἰκὸς
2675 957 3059 1033 ἀγαπήσαντες
3086 963 3139 1029 pi
3171 962 3264 1014 ὑπ’
3289 962 3483 1033 ἐκείνῳ

1903 1037 2240 1104 ταττόμενοι,
2264 1041 2359 1094 καὶ
2389 1043 2590 1112 μᾶλλον
2612 1049 2660 1098 οἰ
2689 1030 2978 1117 Κρήτικοὶ,
3033 1050 3267 1121 ήρξαντο
3316 1030 3485 1124 θεραλ-
3513 1102 3528 1117 ,

1906 1127 2091 1181 πεύειν
2105 1133 2196 1183 καὶ
2222 1133 2442 1201 τρόποις
2456 1138 2548 1190 καὶ
2568 1137 2746 1205 λόγοις
2771 1140 2910 1213 ὑπὲρ
2929 1142 2957 1195 ὃ
2976 1145 3250 1214 προσῆκεν
3270 1146 3483 1214 ἐκείνῳ,

1905 1221 1999 1271 καὶ
2029 1220 2106 1282 εἰς
2137 1221 2472 1305 ἀποστασίαν
2499 1228 2595 1297 τὴν
2628 1230 2737 1283 ἀπὸ
2772 1231 3035 1300 βασιλέως
3064 1235 3374 1299 ὑπέκνιζον.
3424 1237 3484 1290 '0

1903 1310 1960 1362 δὲ
1984 1311 2101 1367 νέος
2135 1310 2212 1365 ὣν
2249 1314 2423 1376 ἄλλως
2451 1319 2545 1371 καὶ
2568 1323 2832 1391 φυσηθεὶς
2865 1325 2929 1376 ὲκ
2955 1327 3221 1394 μεγίστου
3283 1330 3486 1399 φρονή-

1909 1416 2099 1469 ματος,
2125 1404 2192 1456 τὰ
2227 1404 2328 1473 μὲν
2357 1407 2551 1476 πρῶτα
2577 1412 2702 1473 τοὺς
2729 1412 3026 1482 λογισμοὺς
3060 1416 3485 1488 κραδαινόμενος

1906 1492 2070 1556 πολὺς
2099 1489 2167 1564 ἦν
2199 1497 2581 1568 προσλιπαρῶν
2612 1500 2837 1570 βασιλέα
2880 1508 2980 1576 τῆς
3024 1507 3199 1577 ἀρχῆς
3265 1511 3487 1578 μετατί-

1906 1582 2116 1638 θεσθαι.
2154 1586 2293 1639 Ἀλλ’
2318 1589 2419 1641 οὐκ
2450 1589 2689 1644 ἔπειθεν.
2724 1589 2854 1646 οἶδα
2904 1596 2949 1648 δ’
2978 1596 3152 1666 ἔγωγε
3189 1602 3351 1667 γνοὺς
3408 1601 3487 1671 τῷ

1906 1676 2170 1733 πυθέσθαι
2193 1681 2287 1735 τοῦ
2328 1682 2589 1752 βασιλέως
2629 1688 2846 1759 Μιχαὴλ
2872 1692 3006 1761 ήμῖν
3035 1693 3349 1762 ὁμιλοῦντος
3390 1699 3493 1750 καὶ

1909 1773 2037 1840 περὶ
2066 1773 2390 1843 ἀμφοτέρων
2427 1778 2534 1831 τῶν
2560 1779 2921 1851 αὐταδέλφων
2948 1785 3196 1854 λέγοντος
3250 1792 3346 1843 καὶ
3408 1792 3486 1854 ὣς

1908 1861 2120 1936 [Ριιδ]
2170 1883 2223 1919 τι
2269 1867 2378 1919 τῶν
2417 1873 2494 1931 είς
2538 1871 2756 1926 ἔπαινον
2823 1876 3112 1947 τιθεμένου
3155 1880 3328 1949 μέγαν
3385 1885 3486 1951 τὴν

1906 1950 2169 2020 τάδελφοῦ
2207 1956 2334 2025 περὶ
2368 1956 2593 2029 θατέρου
2618 1963 2796 2032 κρίσιν
2835 1969 2933 2035 τὴν
2970 1967 3067 2036 τῆς
3105 1970 3281 2040 ἀρχῆς
3303 1950 3485 2039 παρά-

1905 2041 2059 2097 λυσιν
2092 2045 2532 2114 ἐπισπεύδοντος,
2598 2052 2814 2127 Ἐπειδὴ
2850 2057 2957 2128 γὰρ
3000 2061 3206 2127 ἐκεῖνος
3257 2063 3358 2133 μὲν
3390 2067 3485 2119 καὶ

1907 2134 2014 2188 ὑπὸ
2047 2138 2294 2207 μεσίταις
2320 2141 2502 2212 ἐζήτει
2536 2144 2634 2217 τῆς
2664 2148 2835 2219 ἀρχῆς
2871 2150 3140 2221 ἀφεθῆναι
3182 2158 3278 2208 καὶ
3317 2157 3483 2220 πολὺς

1909 2309 2082 2365 seque
2132 2295 2394 2368 deinceps
2449 2302 2717 2360 viverent.
2783 2308 2892 2362 Ista
2968 2325 3134 2380 porro
3182 2313 3487 2371 liberalitas

1910 2388 2311 2446 incredibiliter
2340 2393 2416 2446 illi
2444 2396 2671 2452 allectus
2703 2410 2758 2454 et
2800 2402 2981 2457 studia
3013 2407 3219 2475 pariter
3237 2410 3484 2464 omnium

1912 2481 2270 2557 conciliabat,
2300 2486 2518 2541 nemine
2575 2503 2686 2544 non
2741 2495 3016 2561 gaudente
3062 2499 3290 2555 subesse
3340 2504 3486 2572 regi-

1910 2574 2046 2627 mini
2083 2582 2192 2629 tam
2248 2576 2474 2632 humani
2524 2595 2588 2633 ac
2642 2584 2887 2639 munifici
2922 2588 3100 2654 ducis,
3138 2597 3486 2662 promptissie

1912 2681 2108 2736 meque
2148 2678 2342 2738 parato
2372 2671 2440 2726 ad
2476 2673 2698 2740 quidvis
2731 2677 2877 2731 citra
2902 2683 3281 2749 exceptionem
3319 2688 3483 2742 ullam

1908 2757 2065 2824 jussu
2097 2760 2218 2828 ejus
2262 2761 2544 2833 ductuque
2580 2768 3029 2835 aggrediendum.
3073 2774 3258 2845 Itaque
3290 2794 3484 2848 grega-

1911 2850 2008 2902 tim
2062 2852 2127 2903 ad
2194 2853 2348 2907 illum
2381 2859 2790 2914 concurrebant
2845 2865 3085 2935 undique
3130 2884 3238 2923 non
3286 2873 3485 2942 singuli

1914 2941 2112 3006 solum.
2140 2945 2234 3000 sed
2260 2960 2389 3002 suas
2410 2949 2644 3019 quisque
2667 2951 2905 3010 familias
2947 2972 3147 3018 uxores
3182 2978 3247 3017 ac
3282 2941 3490 3019 liberos

1915 3033 2220 3099 trahentes,
2281 3047 2341 3090 ut
2398 3039 2520 3106 ejus
2579 3041 2856 3100 fortunam
2908 3049 3028 3105 sine
3092 3054 3201 3108 alio
3236 3068 3488 3127 respectu

250 3142 373 3197 dius
404 3143 586 3203 alveis,
626 3157 767 3210 quos
792 3141 900 3193 alte
936 3138 1112 3192 deﬁxa
1146 3138 1275 3192 hinc
1294 3147 1459 3206 atque
1492 3137 1619 3191 inde
1658 3137 1803 3208 tigna
1835 3147 1878 3206 ρ
1917 3137 2295 3195 sequerentur.
2347 3132 2501 3198 Quod
2530 3135 2578 3188 si
2616 3135 2721 3193 hoc
2773 3139 3039 3211 indigena:
3097 3148 3293 3213 patriis
3345 3152 3493 3201 uti”,

239 3224 401 3291 simul
427 3234 742 3288 indicarent
796 3231 1210 3298 munirentque.
1265 3228 1376 3285 Has
1421 3231 1509 3284 ille
1564 3233 1817 3284 corriva-

236 3328 408 3382 tiones
461 3327 643 3396 stagni
697 3325 868 3378 missa
929 3338 1092 3376 manu
1157 3325 1490 3392 occupavit;
1539 3324 1818 3392 capitibus

232 3421 509 3492 tignorum
574 3418 913 3471 altrinsecus
973 3414 1349 3478 exstantibus,
1418 3414 1618 3470 validis
1673 3417 1818 3471 inter

228 3528 347 3571 sese
388 3511 620 3566 funibus
669 3507 940 3563 devinctis
994 3507 1235 3561 tabulata
1274 3506 1573 3575 imposuit,
1612 3507 1816 3575 quibus

227 3605 431 3661 deinde
480 3619 586 3674 pro
619 3604 738 3659 solo
792 3601 1061 3663 turribus,
1099 3600 1244 3655 unde
1275 3601 1331 3654 in
1383 3616 1573 3654 muros
1607 3617 1817 3671 pugna-

225 3708 405 3761 retur,
438 3696 783 3751 sustinendis
830 3704 914 3748 est
955 3709 1111 3749 usus.
1158 3692 1250 3748 llis
1282 3693 1534 3748 excitatis
1568 3694 1730 3763 212
1759 3694 1813 3747 in

228 3802 553 3860 suggestum
589 3789 829 3843 molibus
886 3787 1115 3856 imponit
1168 3786 1455 3841 machinas
1483 3786 1816 3841 subruendis

226 3892 386 3953 aptas
440 3879 902 3951 propugnaculis,
971 3879 1298 3949 navigiaque
1366 3887 1560 3949 stagno
1615 3893 1816 3934 caetero

228 3977 392 4047 plena
456 3972 731 4027 militibus
782 3971 1052 4036 immittit,
1113 3986 1233 4039 quae
1288 3979 1553 4040 quantum
1592 3979 1816 4042 possent

224 4070 596 4123 admoverent
642 4081 701 4120 se
736 4064 1054 4124 munitioni.
1085 4077 1302 4132 quaque
1329 4061 1380 4116 vi
1426 4062 1695 4126 valerent,
1723 4074 1817 4119 aut

218 4161 529 4233 iaculando
592 4158 954 4228 praesidiariis
1016 4155 1266 4226 petendis
1328 4164 1420 4209 aut
1483 4154 1813 4210 obsidionali

225 4251 569 4320 supellectili
607 4248 781 4302 muris
818 4246 1092 4301 tentandis
1123 4245 1344 4315 negotio
1384 4247 1682 4301 servirent.
1723 4247 1816 4302 Sic

225 4340 561 4410 aliquandiu
607 4349 911 4407 pugnatum
947 4337 1139 4406 exigua
1177 4350 1295 4405 spe,
1327 4334 1373 4388 si
1417 4336 1530 4388 arci
1565 4334 1814 4390 firmitati

220 4440 423 4504 parem
459 4431 785 4500 praesidiarii
819 4427 1157 4499 repugnandi
1210 4426 1578 4482 constantiam
1615 4427 1814 4498 junge'

220 4533 378 4583 rent.
418 4522 528 4578 Sed
583 4524 755 4576 robur
811 4535 1003 4574 eorum
1059 4520 1257 4589 partim
1324 4519 1691 4575 admiratione
1746 4534 1812 4575 ac

220 4625 454 4671 terrore
506 4613 743 4682 quodam
790 4610 950 4665 ducis
997 4610 1149 4679 ipsos
1206 4612 1598 4679 oppugnantis,
1651 4611 1815 4681 cujus
1864 4684 1871 4689 1

224 4706 384 4759 fama
419 4718 588 4771 supra
610 4701 886 4771 vulgarem
925 4701 1147 4754 modum
1178 4700 1378 4771 inclyta
1409 4702 1813 4766 celebrabatur,

224 4798 444 4869 partim
484 4794 670 4849 favore
722 4808 787 4848 ac
838 4807 1029 4846 amore
1088 4807 1251 4861 quem
1308 4793 1587 4863 plerisque
1637 4795 1816 4848 virtus

226 4890 390 4944 illius
425 4884 894 4952 humanitatisque
930 4882 1134 4952 passim
1166 4883 1458 4952 praedicata
1487 4883 1813 4954 inspirabat,

225 4979 535 5035 remissum
571 4976 984 5044 emollitumque
1009 4974 1209 5028 sensim
1257 4982 1363 5039 est,
1399 4984 1560 5045 prout
1609 4976 1816 5031 multo-

228 5087 358 5126 rum
418 5076 506 5123 est
557 5067 622 5120 ad
681 5066 838 5120 illum
888 5064 1205 5136 transfugiis
1243 5065 1578 5119 declaratum
1635 5066 1815 5124 cuivis

228 5162 547 5219 conditioni
596 5159 1019 5231 praeoptantium
1073 5168 1181 5212 tam
1227 5158 1482 5213 amabilis
1517 5159 1676 5215 ducis
1719 5175 1816 5215 au-

229 5256 432 5327 spiciis
476 5253 743 5307 militare.
781 5251 877 5306 Sic
909 5251 1003 5305 ille
1028 5249 1135 5304 ista
1165 5250 1472 5305 munitione
1506 5251 1727 5322 potitus,
1759 5262 1817 5307 et

232 5349 331 5402 illa
372 5361 485 5400 non
546 5346 709 5400 facile
760 5342 1087 5398 numerabili
1120 5342 1356 5410 pecunia
1409 5343 1542 5409 illic,
1574 5351 1633 5397 ut
1669 5343 1815 5398 dixi-

234 5454 384 5504 tnus,
419 5438 667 5499 condita.
699 5436 753 5491 in
797 5449 951 5491 suam
995 5433 1215 5489 redacta
1249 5429 1596 5504 potestatem,
1633 5437 1816 5491 muni-

238 5528 339 5585 ﬁce
370 5545 509 5585 usus
541 5541 654 5583 tum
688 5528 808 5584 suis
860 5528 930 5583 ab
962 5529 1193 5598 antiquo
1226 5527 1497 5609 militibus
1529 5530 1815 5597 splendide

241 5623 690 5687 remunerandis‘;
714 5632 828 5675 tum
870 5622 941 5676 iis
972 5635 1194 5690 quoque
1223 5620 1359 5690 ipsis
1390 5621 1481 5690 qui
1517 5636 1710 5677 recens
1744 5623 1812 5678 ad

241 5717 414 5785 ipsum
451 5716 866 5799 transfugerant
915 5714 1266 5784 prtemiandis
1315 5714 1725 5781 liberalissime,
1755 5726 1815 5773 ut

245 5809 365 5864 inde
394 5811 505 5879 jam
539 5808 792 5876 utrisque
815 5813 1136 5876 suppeteret
1161 5821 1273 5876 quo
1304 5809 1596 5864 commode
1625 5811 1815 5878 copio-

475 5909 749 5970 PA‘I’ROL.
788 5904 904 5965 Gn.
948 5904 1216 5966 CXLIV.

1924 3219 2131 3274 relictis
2184 3221 2509 3279 factitabant
2574 3230 2823 3295 sedibus,
2873 3236 3048 3289 multo
3084 3239 3302 3295 scilicet
3342 3240 3487 3295 idem

1909 3307 2250 3367 allectabant
2319 3318 2621 3372 studiosius
2678 3331 2926 3379 extorres
2978 3326 3091 3394 jam
3158 3329 3488 3400 Cretenses;

1920 3401 2011 3469 qui
2049 3406 2280 3469 patriam
2337 3405 2389 3457 in
2439 3408 2637 3461 exsilio
2671 3426 2730 3464 se
2762 3416 3037 3482 reperisse
3076 3421 3329 3478 arbitrati
3360 3428 3492 3481 talis
3544 3491 3553 3497 _

1919 3493 2105 3546 oblato
2138 3496 2393 3560 praesidio
2442 3502 2689 3567 patroni,
2746 3507 2999 3560 certatim
3036 3512 3187 3564 omni
3224 3513 3494 3586 obsequio

1921 3583 2190 3640 factorum
2244 3591 2653 3662 verborumque
2713 3600 2810 3651 toti
2863 3611 3027 3654 erant
3084 3602 3138 3656 in
3203 3608 3495 3666 ambienda

1918 3679 2022 3731 viri
2056 3681 2252 3749 gratia,
2283 3682 2673 3752 obsequiosius
2707 3688 2852 3745 haud
2883 3693 3050 3750 dubie
3083 3711 3244 3765 quam
3277 3701 3495 3770 privato

1919 3771 2160 3827 advenas
2211 3776 2265 3828 in
2307 3775 2655 3846 imperatoris
2699 3780 2909 3839 ditione
2961 3801 3086 3843 sese
3119 3790 3379 3848 addicere
3411 3796 3494 3851 fas

1919 3864 2083 3930 foret,
2115 3865 2364 3937 adeoque
2391 3870 2655 3940 cupidum
2680 3873 2940 3943 juvenem
2993 3894 3100 3935 non
3134 3883 3373 3941 obscure
3398 3885 3488 3941 in-

1916 3958 2154 4014 vitantes
2211 3960 2275 4013 ad
2351 3975 2662 4031 supremam
2734 3969 3099 4026 invadendam
3166 3984 3494 4045 potestatem

1917 4056 2081 4117 atque
2106 4050 2175 4104 ab
2209 4050 2542 4120 imperatore
2574 4055 2969 4113 deficiendum.
2997 4060 3107 4115 Nec
3157 4065 3329 4121 surdo
3362 4068 3494 4135 ista,

1916 4155 2233 4211 quanquam
2290 4144 2706 4199 dissimulanter
2764 4149 2924 4206 initio
2972 4156 3495 4222 cunctanti,canc-

1916 4230 2136 4285 bantur.
2187 4230 2325 4286 Hinc
2379 4235 2526 4288 enim
2563 4237 2900 4293 consiliariis
2935 4250 3093 4297 utens
3149 4246 3217 4297 ad
3280 4248 3501 4314 pericli-

1919 4323 2143 4377 tandum
2211 4325 2456 4391 acribus,
2516 4343 2782 4397 generosa
2842 4333 3048 4398 indole,
3101 4335 3234 4392 flore
3292 4342 3497 4408 aetatis,

1920 4414 2180 4470 felicitate
2212 4420 2566 4474 successibus
2595 4423 2850 4491 probata,
2888 4441 3101 4480 smnma
3133 4430 3236 4484 sibi
3265 4438 3497 4504 quaeque

1923 4509 2269 4577 despondere
2328 4510 2569 4566 audebat
2619 4529 2636 4564 :
2687 4517 2815 4571 inde
2879 4528 3063 4574 tamen
3119 4525 3501 4582 retardabatur

1922 4604 2303 4673 magnitudine
2336 4604 2561 4673 incepti.
2594 4606 2783 4674 Quare
2832 4613 3073 4681 spatium
3112 4615 3494 4694 deliberationi

1919 4703 2167 4763 captans,
2201 4705 2256 4749 et
2288 4696 2430 4750 forte
2453 4698 2615 4768 213
2649 4700 2948 4755 nascituris
2978 4703 3273 4760 imminens
3297 4722 3498 4777 oppor-

1921 4786 2271 4853 tunitatibus,
2304 4798 2488 4858 petere
2517 4792 2735 4846 interim
2791 4794 2859 4847 ab
2911 4795 3162 4866 Augusto
3200 4797 3403 4854 institit
3436 4813 3498 4854 ut

1917 4890 1975 4931 se
2027 4878 2096 4931 ab
2131 4877 2218 4932 illa
2281 4878 2632 4949 prmfectura,
2687 4897 2850 4952 quam
2913 4895 3000 4938 sat
3051 4886 3147 4940 diu
3203 4888 3491 4955 gessisset,

1917 4981 2197 5028 amoveret
2227 4973 2450 5042 alioque
2482 4972 2828 5038 traduceret;
2859 4977 3006 5042 quod
3056 4977 3283 5032 minime
3319 4981 3497 5051 impe-

1918 5065 2104 5117 travit.
2132 5062 2277 5129 Quin
2325 5072 2378 5117 et
2412 5064 2527 5119 haec
2561 5064 2878 5134 sequiorem
2923 5063 2977 5119 in
3012 5074 3224 5135 partem
3264 5083 3496 5140 accepta

1918 5154 1972 5209 in
2008 5156 2131 5209 aula
2166 5154 2361 5225 petitio
2410 5165 2515 5222 est,
2545 5166 2710 5226 prout
2749 5157 2884 5211 mihi
2928 5158 3167 5228 contigit
3194 5160 3500 5233 intelligere

1917 5262 1949 5304 θ
1999 5247 2269 5303 Michaele
2331 5248 2582 5317 Augusto
2646 5249 2917 5319 Juniore,
2971 5252 3232 5308 familiari
3286 5270 3386 5325 per
3440 5256 3499 5310 id

1917 5341 2182 5413 temporis
2219 5342 2518 5411 colloquio.
2568 5341 2858 5397 Referebat
2914 5344 3006 5399 ille
3049 5346 3181 5400 mihi
3207 5384 3224 5409 ,
3259 5345 3499 5402 laudans

1918 5443 1972 5490 et
2036 5435 2345 5505 praedicans
2435 5450 2767 5505 magnopere
2831 5438 3055 5507 sapiens
3117 5437 3497 5506 protosebasti

1918 5529 2116 5598 (frater
2166 5529 2254 5583 hic
2306 5538 2426 5583 erat
2475 5526 2955 5599 Philantbropeni,
2990 5530 3065 5585 de
3107 5544 3218 5598 quo
3248 5529 3495 5599 agimus,

1919 5622 2116 5693 major)
2172 5620 2240 5676 de
2301 5622 2406 5676 hoc
2462 5621 2584 5691 ipso
2618 5621 2763 5676 facto
2792 5622 3094 5692 judicium.
3128 5622 3180 5677 ls
3210 5628 3496 5690 comperto

1919 5731 2241 5786 germanum
2271 5716 2432 5770 suum
2464 5715 2735 5770 minorem
2760 5716 2932 5770 semel
2966 5715 3163 5769 iterum
3186 5721 3243 5768 et
3268 5710 3494 5782 saepius,

1919 5809 2184 5865 adhibitis
2237 5808 2402 5865 etiam
2465 5809 2654 5863 eodem
2705 5808 3008 5863 amicorum
3039 5804 3255 5873 ofﬁciis,
3296 5813 3501 5874 postu-

3145 5900 3180 5960 8
