4018 6408
496 250 601 311 939

1735 254 2059 316 GEORGII
2102 256 2583 317 ΡΜΣΗΥΜΕΗᾸΞ

3666 257 3762 320 210

492 356 566 413 ὧν
593 364 682 413 καί
701 362 752 414 τί
790 362 1087 435 προσδοκᾷν
1127 360 1396 419 εἶναιτῶν
1427 365 1646 433 ἀγαθῶν
1678 369 1789 430 τοῖς
1810 368 2079 439 ὁσημέραι
2109 374 2153 428 Δ
2184 371 2680 440 προσποιουμένους
2715 370 2812 438 τὴν
2845 369 2936 423 ὑπ’
2989 367 3183 437 ἐκείνῳ
3236 367 3487 421 δουλείαν
3536 367 3625 421 καὶ
3679 371 3763 423 ὑπ’

494 455 1032 526 ταλαιπωρουμένοις
1060 500 1073 521 ,
1110 459 1243 511 ὅπου
1269 476 1332 527 γε
1363 460 1460 512 καὶ
1488 459 1587 513 οὐκ
1617 461 1825 529 ἀγαθὰς
1864 463 1962 525 τὰς
1992 464 2087 518 ἀπ’

499 549 721 601 ἐκείνων
753 550 889 620 πρὸς
941 551 1140 614 αὐτοὺς
1186 553 1494 621 ἀφιγμένοις
1550 554 1737 624 φήμας
1786 556 1952 623 φόϐον
1997 559 2090 609 τὸν

501 641 725 710 ἔσχατον
750 644 995 712 ἐμποιεῖν
1011 660 1073 694 συ
1083 643 1296 713 μϐαίνει
1313 645 1387 709 ὡς
1405 646 1883 715 διαπραττομένοις
1903 648 1965 700 τὰ
1980 648 2087 718 χεί-

496 750 690 803 piata;
717 735 901 787 Ταῦτα
929 737 970 789 δ’
996 733 1132 790 εἶναι
1172 737 1247 809 μὴ
1292 739 1449 807 μόνον
1480 740 1691 792 πολλῶν
1747 742 2084 808 φθονούντων

497 826 692 891 ἄλλων,
730 828 862 879 ἀλλὰ
898 831 988 880 καὶ
1052 828 1311 898 βασιλέως
1364 830 1528 882 αὐτοῦ
1578 831 1747 899 μηδὲν
1806 833 2087 894 ἑπαῖοντος

499 919 634 986 πρὸς
669 919 734 971 τὰ
771 921 900 987 παρ’
943 919 1120 971 αὐτῶν
1145 937 1158 950 ·
1194 940 1211 970 ε
1245 914 1317 973 Οὗ
1348 921 1406 986 δὴ
1461 922 1534 989 μὴ
1583 921 1962 989 συνηδομένου,
2010 922 2086 976 ὡς

496 1012 560 1062 ἐκ
584 1011 692 1063 τῶν
726 1011 1063 1080 πραγμάτων
1088 1012 1151 1064 ἄν
1178 1029 1259 1070 τις
1299 1013 1391 1075 καὶ
1441 1010 1524 1081 [Ρ.
1556 1012 1681 1082 ιιη
1747 1014 2082 1079 συλλογίσαι-

497 1117 580 1164 το,
618 1119 634 1152 ι
678 1100 853 1167 ἔλεγε,
885 1121 903 1151 ‹
944 1102 1301 1170 κατορθοῦσιν
1339 1103 1490 1171 ἡμῖν,
1532 1102 1778 1170 σφαλεῖσι
1836 1120 1897 1169 γε
1946 1103 2083 1155 πάνο-

496 1210 603 1255 τως
646 1193 729 1255 τίς
777 1194 932 1257 ἐλπὶς
982 1195 1391 1256 ὑπολέλειπταις
1429 1213 1448 1245 ›
1498 1194 1683 1247 Ταῦτα
1741 1194 1936 1261 λέγων,
1989 1195 2082 1247 καὶ

493 1289 593 1348 τὰς
639 1286 895 1354 δυνάμεις
960 1286 1446 1356 καταδημαγωγῶν
1504 1286 1581 1354 τῷ
1632 1286 1724 1339 καὶ
1766 1286 2081 1357 βαθυτέρων

496 1377 764 1431 ἅπτεσθαι
819 1379 913 1432 καί
955 1378 1006 1447 γ’
1059 1379 1469 1448 ἐμφανεστέραν
1527 1379 1625 1446 τὴν
1667 1378 1828 1430 αὐτοῦ
1857 1379 2082 1447 γνώμην

497 1472 668 1522 ποιεῖν
691 1470 764 1531 ὡς
804 1471 1326 1540 ἀποστατησείοντος
1355 1473 1449 1522 σὺν
1487 1470 1689 1531 αὐτοῖς,
1726 1471 1773 1521 εἰ
1808 1469 2081 1539 βούλοιντο

499 1560 659 1621 (οὕτω
710 1561 820 1628 γάρ
876 1561 941 1613 ἂν
992 1563 1086 1615 καὶ
1113 1560 1205 1613 τοῦ
1233 1560 1421 1613 λοιποῦ
1459 1561 1717 1631 εὐμαρῶς
1776 1561 2000 1626 διάξειν,
2031 1563 2079 1614 εἰ

496 1650 621 1702 καθ’
655 1651 850 1713 αὐτοὺς
878 1652 1163 1713 πονοῦντες
1196 1652 1350 1704 αὐτοὶ
1388 1652 1495 1705 τῶν
1532 1652 1790 1705 κινδύνων
1822 1654 1888 1706 τά
1939 1648 2077 1706 ἆθλα

2195 459 2343 529 αὑτῷ
2362 461 2649 515 τάττεσθαι
2684 460 2955 523 θέλοντας.
2981 457 3145 512 Ὅθεν
3180 458 3272 511 καὶ
3304 457 3574 525 ἀλλήλους
3600 476 3766 530 παρα·
3852 484 3859 492 ·

2193 552 2560 621 κροτήσαντες
2586 551 2658 613 ὡς
2690 550 2843 603 οὐδὲν
2871 543 2946 603 ὧν
2982 549 3227 618 ἔγνωσαν
3280 548 3762 619 μεταϐληθησόμε-

2190 659 2294 705 νοι,
2330 641 2491 693 αὑτὸν
2516 641 2608 693 καὶ
2636 638 2733 709 τὴν
2756 639 3049 709 ἡγεμονίαν
3077 637 3324 706 δέχεσθαι
3358 637 3763 707 κατηνάγκαζον

2190 733 2265 792 ὡς
2293 732 2430 800 ὑπὲρ
2458 729 2619 783 αὐτοῦ
2642 747 2703 797 γε
2739 730 2831 783 καὶ
2858 729 3263 798 τεθνηξομένων
3295 730 3579 793 ἁπάντων,
3609 728 3661 783 εί
3688 732 3762 792 είς

2187 825 2430 893 ἀνάγκην
2454 828 2573 876 τινὰ
2610 826 2959 880 κατασταῖεν.
2987 824 3095 875 Καὶ
3126 821 3283 874 τοῦτο
3311 837 3379 873 συ
3389 819 3565 890 μὸαίη
3592 836 3604 849 ·
3632 820 3760 890 μηδὲ

2189 916 2295 983 γὰρ
2327 915 2473 985 ἔχειν
2504 915 2748 968 ἐντεῦθεν
2776 914 2909 977 ὅλως
2938 914 3348 982 ἀφηνιάσαντας
3400 912 3761 982 άμφιγνωμο-

2188 1009 2296 1058 νεῖν
2327 1008 2415 1058 ἐπ’
2444 1006 2660 1071 ἐκείνῳ,
2696 1006 2812 1061 ἀλλ’
2858 1005 3041 1069 ἀξιοῦν
3089 1006 3419 1075 ἐρρωμένως
3440 1005 3541 1057 καὶ
3583 1002 3762 1055 τοῦτον

2188 1099 2377 1165 στῆναι
2403 1099 2529 1160 τοὺς
2559 1098 2855 1167 λογισμοὺς
2887 1099 2981 1150 καὶ
3013 1097 3180 1166 μηδὲν
3209 1096 3315 1150 τῶν
3340 1096 3443 1148 ὅσα
3468 1095 3625 1163 φέρει
3655 1097 3762 1157 τοῖς

2184 1187 2309 1240 καθ’
2347 1187 2511 1241 αὑτὸν
2537 1188 2760 1258 ἀρωγὴν
2788 1190 2906 1250 ταῖς
2937 1187 3249 1256 ἀμφινοίαις
3282 1183 3757 1254 καταπροΐξεσθαι.

2186 1280 2336 1348 Μηδὲ
2372 1280 2481 1349 γὰρ
2519 1279 2726 1332 δίκαιον
2757 1279 2957 1340 αὐτοὺς
3009 1277 3107 1346 μὲν
3149 1278 3214 1329 ἐκ
3265 1275 3361 1329 τοῦ
3427 1279 3759 1346 παραχρῆμα

2182 1373 2330 1433 ὅλαις
2388 1370 2568 1438 ἡνίαις
2625 1369 2771 1440 αὐτῷ
2826 1368 3168 1439 προσρυῆναι
3222 1367 3316 1426 κα).
3380 1367 3546 1421 αὐτοῦ
3606 1367 3758 1434 μόνου

2185 1463 2430 1535 ἔχεσθαι,
2460 1464 2556 1517 καὶ
2591 1463 2623 1532 ἢ
2657 1462 2921 1525 θωπείαις
2951 1460 2985 1530 ἢ
3014 1460 3197 1529 φόϐοις
3222 1460 3443 1529 ἕτοιμον
3465 1455 3602 1512 εἶναι
3630 1459 3758 1512 ὲνδιυ

2183 1559 2332 1611 δόναι
2362 1574 2420 1610 τε
2453 1557 2547 1609 καὶ
2588 1556 2881 1626 ὑποχαλᾷν.
2921 1554 3091 1607 Τοῦτο
3136 1554 3246 1624 γὰρ
3293 1554 3424 1607 ίδεῖν
3477 1568 3628 1614 τινας
3670 1551 3758 1606 καὶ

2184 1653 2275 1704 ἐπὶ
2301 1653 2407 1703 τῶν
2435 1649 2813 1720 ἐνοχλούντων,
2848 1649 3013 1719 βάρος
3044 1650 3106 1702 τὸ
3130 1647 3440 1718 προστυχὸν
3484 1647 3643 1716 εἴπερ
3667 1646 3758 1714 οὐχ

497 1711 888 1811 καρπίζοιντο),
920 1743 1079 1805 εὐθὺς
1108 1711 1201 1796 καὶ
1247 1743 1325 1795 ἔτι
1383 1743 1645 1813 συνείρων
1694 1745 1820 1807 τοὺς
1864 1744 2023 1811 λόγου
2040 1763 2076 1807 :,
2108 1711 2155 1770 Β
2184 1743 2299 1812 ἅμα
2325 1711 2884 1815 πάντες-’ἐρρωμένως
2915 1711 3026 1795 οὐδ’
3048 1741 3155 1794 ἀπὸ
3176 1711 3320 1810 ’μιᾶς
3345 1711 3450 1791 καὶ
3474 1738 3574 1808 τῆς
3598 1711 3757 1807 αὐτῆς

499 1836 590 1885 καὶ
615 1834 722 1885 τῶν
747 1835 1088 1902 κρατούντων
1111 1834 1178 1888 τὰ
1205 1835 1375 1889 πολλὰ
1407 1836 1824 1905 καθαπτόμενο·
1862 1837 1929 1900 ὡς
1956 1838 2081 1906 μηδ’

495 1927 622 1978 οἵων
646 1927 693 1979 τ’
718 1927 988 1996 ἐσομένων
1039 1928 1253 1988 ἑαυτοῖς
1298 1927 1528 1997 ἀμύνειν
1564 1930 1697 1998 μηδέ
1730 1928 1902 1999 βραχυ
1938 1930 2081 1982 ἐκεί-

499 2036 603 2071 νων
634 2019 1063 2085 ἀποκλινὰντων,
1100 2020 1473 2091 ὑπερηφανῶν
1514 2021 1647 2084 ὅλως
1695 2024 1791 2075 καὶ
1854 2023 2082 2093 μεγαλι-

494 2113 554 2174 ζό
562 2127 719 2178 μενος
740 2112 796 2162 ἐν
818 2113 930 2174 τοῖς
948 2111 1291 2181 πράγμασιν,
1314 2112 1555 2174 ἐκείνους
1576 2112 1797 2181 εὕρισκε
1829 2112 2083 2181 παραυτὰ

496 2202 805 2271 πειθηνίους
834 2203 888 2261 ἐς
919 2202 1074 2254 τόσον
1105 2201 1247 2255 ὥστε
1277 2204 1373 2256 καὶ
1420 2202 1550 2273 βοᾷν
1593 2202 1927 2256 ἀπεντεῦθεν
1986 2205 2083 2258 καὶ

487 2292 644 2347 ⁸πόλλ’
690 2294 824 2347 ἅττα
871 2294 1048 2361 λέγειν
1093 2295 1362 2366 ἀπόφημα
1404 2296 1547 2350 κατὰ
1591 2295 1877 2365 βασιλέως,
1937 2300 2082 2351 ἀπο-

492 2472 632 2527 -stris
706 2471 1010 2527 indormire
1063 2471 1263 2542 supine
1316 2472 1469 2528 curis
1524 2473 1802 2542 publicis,
1872 2476 2085 2530 neutris

500 2566 655 2635 pensi
692 2564 993 2634 quidquam
1031 2565 1384 2631 habentibus,
1417 2567 1556 2621 bene
1591 2584 1658 2621 an
1690 2584 1854 2622 secus
1883 2572 2083 2639 populo

499 2669 680 2719 esset,
731 2660 860 2712 dum
915 2671 1141 2711 suarum
1203 2658 1339 2727 ipsis
1398 2669 1683 2713 constaret
1732 2669 1884 2714 certa
1939 2663 2085 2715 ratio

500 2749 795 2818 fruitioqne
818 2751 1199 2817 voluptatum:
1228 2767 1248 2798 ‹
1280 2747 1390 2803 Nos
1418 2750 1623 2819 Quippe
1651 2750 1894 2813 interim,
1923 2752 2088 2806 adde-

508 2843 618 2905 bat,
653 2842 770 2896 vice
804 2842 1048 2911 ipsorum
1081 2840 1434 2906 laboramus;
1458 2849 1645 2895 nostra
1675 2843 1778 2896 sub
1807 2845 1976 2911 galeis
1999 2860 2090 2897 ea-

502 2932 612 3000 pita
644 2938 969 2985 canescunt.
996 2927 1104 2981 Nos
1127 2928 1181 2980 in
1212 2928 1326 2980 acie
1352 2939 1602 2994 stamus;
1634 2945 1733 2982 nos
1759 2929 1938 2996 pra-lia
1961 2944 2085 2983 cum

501 3020 660 3088 217
709 3019 959 3072 hostibus
1008 3016 1265 3082 facimus,
1308 3019 1518 3071 utinam
1565 3018 1707 3080 istis,
1740 3019 1833 3088 qui
1895 3018 2081 3073 fructu

502 3121 815 3166 nostrarum
864 3124 1233 3164 aerumnarum
1271 3109 1623 3171 deliciantur,
1676 3111 1919 3179 gaudere
1968 3112 2081 3165 sal-

510 3218 615 3259 tem
653 3204 1006 3273 dignantibus
1043 3202 1206 3256 allato
1230 3203 1582 3257 victoriarum
1614 3213 1922 3257 nostrarmn
1950 3220 2088 3257 nun-

507 3300 619 3353 tia!
661 3298 906 3352 Invident
934 3298 1081 3352 enim
1115 3305 1305 3350 contra
1337 3296 1498 3350 nobis
1528 3298 1713 3351 sterile
1743 3297 1876 3350 illud
1905 3296 2085 3366 ipsum

509 3396 701 3457 decus,
763 3403 817 3446 et
872 3391 967 3444 irae
1024 3397 1325 3458 praeteritus
1385 3395 1659 3457 qumrunt,
1731 3404 1801 3442 ne
1852 3389 2084 3458 gratiam

503 3485 704 3539 debere
734 3484 1042 3537 videantur.
1072 3482 1263 3549 Itaque
1295 3481 1498 3541 nostris
1540 3464 1894 3535 successibus
1927 3481 2085 3535 audi-

508 3579 580 3633 tis
621 3586 859 3633 testuare
913 3577 1063 3645 ipsos
1097 3574 1414 3644 dolorisque
1452 3575 1606 3644 signa
1644 3574 1821 3628 intimi
1874 3590 2086 3643 cogno~

511 3668 691 3720 vimus
747 3665 956 3720 edere:
1019 3664 1150 3733 quin
1202 3673 1257 3717 et
1313 3663 1467 3731 qucri
1521 3673 1781 3733 tanquam
1824 3664 2083 3733 injuriam

510 3773 726 3828 passos.
759 3756 917 3812 Unde
948 3756 1255 3827 intelligitis
1286 3770 1448 3823 quam
1481 3757 1789 3810 mercedem
1831 3756 2086 3810 heroico-

515 3864 633 3902 rum
684 3848 872 3901 abhis
902 3856 1223 3917 exspectare
1264 3846 1570 3899 facinorum
1616 3848 1936 3901 debeamus.
1977 3846 2083 3900 Ve-

513 3956 632 3994 rum
667 3941 769 3993 hoc
800 3940 979 4009 ipsum
1020 3939 1225 3992 certius
1252 3938 1577 4007 quotidiana
1612 3939 1952 4006 experientia
1984 3954 2085 3994 nos

511 4037 692 4099 docet,
734 4032 872 4087 nihil
918 4032 1045 4086 inde
1066 4030 1221 4087 aliud
1258 4032 1510 4099 accipere
1542 4029 1736 4084 solitos
1770 4031 1876 4085 nisi
1913 4046 2083 4085 novo-

511 4144 631 4182 rum
687 4126 1059 4196 injunctiones
1110 4127 1380 4191 laborum,
1413 4125 1824 4181 imminutiones
1866 4127 2086 4196 stipen-

509 4222 725 4275 diorum
760 4228 1027 4284 veterum,
1059 4218 1463 4273 subtractiones
1490 4218 1899 4283 alimentorum,
1933 4219 2088 4273 deni-

512 4328 616 4380 que
652 4312 830 4365 minas
864 4310 1036 4365 sortis
1075 4310 1127 4362 in
1162 4318 1442 4379 posterum
1474 4308 1638 4360 etiam
1674 4307 1899 4376 pejoris.
1934 4306 2085 4362 Fidis

2183 1831 2438 1884 ἀνωοοῖεν
2476 1831 2798 1895 ἐνστάσεως,
2830 1829 3184 1894 κινδυνεύειν,
3218 1831 3270 1884 εί
3298 1847 3442 1890 τινες
3473 1829 3754 1907 καθυφεῖν-

2182 1940 2265 1984 το,
2301 1922 2552 1976 ἐντεῦθεν
2579 1924 2812 1992 πάσχειν
2845 1922 2914 1975 τὰ
2936 1922 3137 1991 ἔσχατα
3186 1922 3530 1991 ξύμπαντας.
3579 1921 3757 1987 Μέγαν

2183 2010 2228 2064 δ’
2264 2007 2403 2064 εἶναι
2428 2011 2521 2064 καὶ
2540 2011 2726 2064 τοῦτον
2755 2012 2852 2082 οὐχ
2881 2006 3041 2083 ἦττον
3069 2011 3160 2065 τὸν
3187 2004 3373 2074 ἆθλον,
3436 2012 3529 2063 καὶ
3582 2008 3754 2077 κοινῆς

2185 2104 2281 2170 τῆς
2311 2104 2419 2155 ἀπὸ
2446 2102 2664 2155 πάντων
2683 2103 2931 2172 δεόμενον
2965 2103 3107 2156 κατὰ
3132 2103 3192 2156 τὸ
3240 2103 3523 2173 προσῆκον
3578 2100 3760 2155 ἐνστά-

2189 2207 2346 2253 σεως.
2381 2191 2563 2244 Ταῦτα
2609 2191 2876 2259 λεγόντων
2908 2208 2965 2244 τε
3020 2192 3115 2246 καὶ
3142 2191 3219 2260 τῷ
3246 2191 3429 2262 πιστῷ
3457 2190 3598 2243 κατά
3628 2191 3757 2257 σφᾶς

2189 2282 2381 2352 οάρῤει
2410 2282 2680 2349 διδόντων,
2712 2282 2851 2337 είκει
2876 2283 3030 2353 μόλις
3057 2284 3261 2345 ἐκεῖνος
3290 2285 3388 2336 καὶ
3410 2281 3469 2334 τὸ
3497 2281 3594 2351 τῆ;
3638 2283 3757 2351 ἠγε-

2189 2474 2506 2519 nostrorum
2565 2476 2756 2520 contra
2805 2467 2992 2522 hostes
3042 2481 3401 2522 successuum
3429 2468 3628 2522 nullam
3671 2482 3756 2522 ac-

2195 2558 2532 2625 quiescentis
2556 2560 2726 2613 animi
2759 2562 3003 2615 laetitiam
3033 2575 3097 2616 ac
3128 2562 3556 2631 gratulationem
3585 2568 3755 2615 osten-

2190 2649 2332 2711 derit
2374 2651 2621 2713 audiens,
2672 2652 3017 2719 offensionis,
3049 2653 3094 2708 si
3121 2668 3227 2719 qua
3267 2652 3470 2718 Marte,
3515 2662 3570 2707 ut
3611 2653 3748 2716 solet,

2193 2741 2344 2793 vario
2397 2742 2450 2793 in
2509 2742 2665 2796 bellis
2722 2743 3000 2809 inciderit,
3051 2754 3275 2813 Sperate
3322 2747 3540 2800 veniam
3589 2744 3755 2814 possi-

2195 2847 2338 2887 mus.
2382 2849 2399 2882 ι
2438 2831 2613 2901 Super
2664 2833 2779 2887 haec
2817 2835 2972 2903 plura
3019 2838 3302 2906 congessit
3363 2839 3459 2892 ira:
3493 2838 3545 2891 in
3595 2840 3755 2906 impe-

2191 2934 2378 2978 rantes
2409 2926 2756 2980 concitandae
2789 2928 3027 2982 militum
3063 2938 3119 2983 et
3167 2932 3514 3000 contemptui
3548 2945 3755 2984 eorum-

2193 3017 2315 3071 dem
2363 3018 2742 3085 ingenerando
2774 3020 3215 3086 accommodata,
3247 3038 3363 3092 quo
3407 3026 3489 3078 sic
3514 3024 3756 3091 explora-

2137 3103 2155 3121 ⁴
2197 3118 2277 3161 ret
2304 3113 2517 3163 certius
2567 3111 2696 3179 quid
2735 3112 2810 3165 illi
2846 3113 3014 3167 animi
3068 3115 3357 3179 haberent,
3397 3129 3755 3187 quantumque
3824 3126 3830 3132 '

2198 3201 2249 3255 itt
2276 3203 2473 3257 studiis
2496 3204 2714 3257 illorum
2744 3222 2806 3259 ac
2837 3207 2939 3261 fide
2962 3223 3087 3277 erga
3114 3225 3171 3263 se
3193 3214 3475 3266 constanti
3501 3214 3753 3267 collocare

2194 3294 2411 3349 fiduciae
2456 3312 2567 3350 non
2621 3297 3001 3366 imprudenter
3041 3312 3249 3371 posset.
3285 3303 3372 3358 Eo
3402 3304 3566 3365 enim,
3606 3313 3659 3356 ut
3685 3303 3759 3357 di-

2195 3389 2399 3453 ximus,
2452 3391 2687 3444 consilio
2736 3391 2879 3445 hanc
2924 3401 3044 3445 erat
3100 3394 3396 3463 ingressus
3444 3396 3755 3457 orationem,

2196 3487 2257 3531 ut
2300 3479 2553 3532 intimam
2596 3481 2896 3533 astantium
2944 3482 3171 3536 eliceret
3228 3485 3565 3539 sententiam
3615 3497 3761 3537 arca-

2196 3586 2405 3641 nasque
2457 3572 2693 3626 nudaret
2738 3574 3090 3637 voluntates;
3123 3575 3175 3630 id
3229 3579 3386 3645 quod
3431 3577 3575 3632 haud
3607 3577 3762 3631 dubie

2198 3670 2537 3717 consecutus
2597 3672 2702 3717 cst.
2771 3663 2869 3718 Illo
2937 3668 3085 3719 enim
3143 3667 3290 3723 ultra
3343 3670 3470 3739 iam
3537 3671 3759 3725 indicata

2194 3762 2459 3823 pergente
2528 3771 2837 3811 memorare
2905 3755 2975 3811 de
3036 3761 3515 3829 contemptissima
3572 3760 3755 3816 inertia

2194 3846 2427 3901 duorum
2486 3851 2884 3915 Augustorum,
2933 3848 3100 3917 218
3145 3850 3213 3904 de
3260 3849 3749 3906 administrandum

2195 3952 2286 3993 res
2326 3940 2428 3994 sub
2484 3940 2605 3993 istis
2660 3939 2975 3993 inconsulta
3029 3940 3307 4004 socordia,
3366 3945 3433 3997 de
3481 3942 3660 4012 inopia
3701 3948 3751 3993 et

2194 4031 2568 4088 imbecillitate
2600 4024 2748 4085 illius
2784 4033 2901 4085 sola
2943 4032 3054 4101 iam
3095 4034 3278 4103 specie
3312 4051 3562 4105 vanaque
3594 4031 3753 4100 maje-

2194 4132 2334 4179 state
2376 4124 2589 4193 antiqui
2630 4123 2870 4179 nominis
2914 4127 3212 4194 perstautis
3282 4129 3638 4197 principatus,
3664 4123 3749 4193 qui

2193 4231 2264 4272 ne
2320 4217 2546 4271 minimo
2604 4218 2823 4286 quidem
2883 4226 3074 4272 contra
3132 4219 3469 4288 insurgentis
3521 4216 3752 4287 cujusvis

2192 4310 2439 4363 incursui
2471 4309 2826 4372 sustinendo,
2868 4309 3064 4364 nedum
3109 4313 3430 4381 repellendo
3495 4313 3751 4368 ulciscen-

510 4405 658 4459 enim
694 4404 998 4457 amicorum
1052 4400 1271 4454 indiciis
1300 4397 1564 4452 discimus
1602 4407 1696 4450 aut
1741 4398 1944 4453 deferri
1992 4406 2089 4454 aut
2115 4422 2167 4481 D
2193 4400 2345 4454 dove.
2394 4415 2490 4469 par
2545 4404 2774 4454 omnino
2828 4401 2904 4470 sit
2964 4402 3219 4471 futurus;
3256 4420 3495 4476 cumque
3552 4406 3634 4458 his
3668 4415 3746 4465 sex

512 4497 693 4550 delata
744 4493 990 4550 simulari
1042 4492 1228 4560 gravia
1284 4491 1338 4544 in
1395 4503 1495 4543 nos
1546 4489 1673 4542 illuc
1721 4489 1973 4555 crimina,
2022 4491 2089 4547 de

513 4589 714 4658 quibus
761 4588 890 4641 dum
945 4584 1035 4638 isti
1079 4581 1403 4644 deliberant,
1464 4578 1626 4631 nobis
1665 4578 1799 4645 quid
1850 4580 1997 4634 aliud
2032 4583 2090 4635 fit

513 4684 786 4751 reliquum
837 4691 999 4746 quam
1052 4674 1106 4726 in
1158 4672 1300 4725 tristi
1345 4669 1759 4739 exspectatione
1802 4687 2087 4741 poenarum

513 4774 946 4829 s:evissimawm
994 4764 1262 4834 trepidam
1295 4764 1624 4833 anxiamque
1667 4763 1832 4817 vitam
1866 4764 2086 4829 ducere,

516 4871 699 4935 utique
741 4877 865 4915 mox
910 4858 1153 4928 pessima
1205 4856 1478 4926 passuris,
1508 4872 1570 4908 ea
1604 4856 1781 4909 solum
1815 4856 1880 4910 de
1922 4872 2089 4910 causa

513 4959 657 5027 quod
709 4955 1002 5010 fecerimus
1051 4950 1301 5020 optima?
1339 4946 1527 5016 Neque
1575 4949 1625 5000 hi
1675 4949 1848 5018 magis
1895 4951 1947 5003 in
1988 4965 2088 5003 nos

492 5045 883 5117 ingratissimi
927 5058 1125 5099 sensus
1175 5042 1611 5095 ministrantiqu
1667 5040 1778 5094 illic
1826 5050 1882 5095 et
1922 5042 2089 5095 rebus

518 5136 897 5212 gubernandis
937 5136 1315 5205 praefectorum
1365 5148 1528 5201 quam
1563 5133 1735 5202 ipsius
1779 5141 1905 5185 sunt
1936 5134 2089 5200 prin-

515 5232 677 5301 cipis.
727 5226 944 5281 Primus
992 5227 1083 5279 ille
1115 5235 1169 5277 et
1200 5225 1436 5278 maxime
1463 5225 1708 5277 omnium
1748 5223 1958 5276 invidet
1993 5238 2090 5277 no-

514 5326 617 5385 his,
653 5321 740 5375 ille
774 5329 828 5374 et
861 5316 1279 5387 implacabilitcr
1325 5331 1425 5370 nos
1457 5317 1573 5370 odit
1609 5334 1623 5368 :
1653 5315 1745 5369 ille
1776 5314 1936 5369 avide
1971 5330 2090 5367 om-

513 5433 612 5485 nes
656 5415 915 5469 sinistros
953 5410 1021 5466 de
1060 5410 1230 5463 rebus
1273 5412 1477 5462 nostris
1505 5408 1874 5475 undecunque
1902 5422 2091 5461 rumo-

511 5525 605 5565 res
647 5508 949 5576 accipiens,
991 5504 1056 5557 ad
1106 5503 1330 5571 quasvis
1380 5502 1730 5556 defensiones
1763 5498 2091 5553 innocentiae

515 5610 716 5655 nostrae
751 5596 1219 5670 patrocinantiqu
1269 5608 1435 5648 aures
1478 5593 1643 5647 habet
1678 5590 2092 5644 inexorabiliter

514 5694 789 5750 occlusas.
828 5689 1019 5744 Videte
1053 5696 1234 5743 autem
1267 5701 1428 5756 quam
1481 5685 1548 5738 ab
1588 5699 1678 5749 eo,
1722 5682 1814 5753 qui
1848 5682 2085 5736 felicium

2194 4490 2423 4545 adverso
2480 4491 2770 4560 magnifica
2822 4494 2891 4547 de
2949 4508 3007 4547 se
3058 4494 3364 4562 praedicans
3418 4495 3747 4565 adiungeret.

2192 4600 2348 4639 suam
2380 4594 2577 4647 artem,
2612 4602 2767 4640 suam
2804 4586 3051 4641 bellicam
3097 4586 3436 4655 felicitatem,
3467 4604 3567 4644 suo
3596 4590 3750 4640 ductu

2193 4677 2354 4732 toties
2390 4679 2704 4732 victricium
2758 4679 2929 4732 robur
2965 4696 3367 4750 numerumque
3408 4683 3639 4753 gloriose
3673 4675 3753 4743 ja-

2148 4812 2151 4819 .
2190 4777 2367 4822 ctaret
2416 4772 2725 4838 copiarum,
2772 4771 2911 4824 adeo
2947 4771 3351 4827 multitudinem
3385 4769 3672 4827 commovit
3699 4774 3753 4821 ut

2190 4874 2223 4912 c
2260 4861 2531 4914 concione
2580 4875 2745 4914 voces
2788 4870 3142 4932 erumperent
3177 4880 3432 4919 consonae
3477 4863 3751 4917 universo-

2191 4965 2311 5003 rum
2357 4947 2583 5019 partim‘
2605 4954 2921 5022 imperatori
2968 4956 3109 5007 mala
3163 4958 3333 5011 multa
3379 4957 3669 5011 dicentium
3701 4959 3753 5002 et

2191 5042 2640 5112 imprecantium,
2692 5048 2889 5113 partim
2945 5047 3021 5099 illi
3059 5047 3126 5101 de
3177 5052 3316 5103 solio
3365 5053 3588 5104 detruso
3630 5040 3752 5095 Phi-

2190 5133 2607 5203 lanthropenum
2653 5136 2940 5204 subrogari
2970 5136 3309 5204 jubentium.
3346 5137 3498 5191 llunc
3526 5132 3665 5187 enim
3697 5141 3752 5181 se

2191 5226 2450 5294 deinceps
2502 5242 2669 5280 unum
2721 5243 3045 5296 agnoscere,
3096 5231 3187 5282 nni
3225 5229 3366 5285 velle
3410 5225 3632 5287 servire,
3664 5231 3751 5288 pI‘O

2193 5333 2301 5370 uno
2338 5327 2619 5387 promptos
2660 5336 2779 5373 esse
2831 5322 3164 5388 periclitari;
3197 5324 3380 5386 unius,
3432 5317 3624 5388 quovis
3656 5318 3751 5364 du-
3794 5382 3797 5385 δ

2194 5419 2364 5473 ceret,
2405 5409 2674 5478 quidquid
2725 5413 3067 5479 praeciperet,
3101 5412 3331 5481 imperia
3374 5404 3619 5477 exsequi,
3656 5413 3748 5453 ηυ·

2194 5510 2309 5554 tum
2360 5503 2553 5570 sequi;
2589 5502 2711 5571 ejus
2767 5506 3005 5572 denique
3056 5505 3218 5559 unius
3271 5501 3530 5573 auspiciis
3585 5502 3747 5559 υείιυθ

2195 5591 2263 5643 ad
2292 5604 2550 5647 mortem.
2583 5594 2626 5646 si
2663 5593 2777 5646 fors
2808 5596 2879 5647 ita
2915 5595 3122 5657 tulerit,
3160 5597 3372 5649 fortiter
3401 5582 3745 5661 oppetendam

2193 5691 2556 5750 pugnaturos.
2608 5680 2783 5736 Unum
2840 5701 2866 5735 ιι
2918 5698 3020 5737 suo
3078 5685 3218 5739 duce
3270 5683 3507 5738 vicissim
3554 5680 3745 5745 ρειθτϐν
