4018 6392
200 452 316 517 241

1162 456 1260 516 DE
1279 453 1739 515 ANDRONICO
1780 452 2242 513 ΡΜ..Ὲοιοῦο
2286 455 2432 516 LIB.
2483 456 2587 520 Ill.

3394 463 3497 525 942

204 574 401 645 μονίας
432 573 749 643 ἀναδέχεται
771 572 962 642 ὄνομα.
996 571 1106 624 Καὶ
1138 570 1297 641 δῆλος
1339 566 1406 640 ἦν
1436 570 1687 623 ἐντεῦθεν
1736 570 1800 621 ὲκ
1834 571 1878 631 Α
1905 570 1998 639 ὑφ’
2026 570 2216 622 ἑαυτὸν
2244 569 2420 632 ἄλλως
2445 570 2675 641 καθίστη
2708 572 2783 633 ὡς
2816 552 3148 632 δεσποτικῶς
3175 571 3497 627 τούντεῦθεν

203 667 426 720 πολλῶν
459 659 535 720 ὧν
566 667 803 738 ἔπραττε
836 665 1170 737 στρατηγίαν
1230 664 1413 733 φέρων
1473 664 1570 716 καὶ
1621 662 1800 733 ἀρχὴν

200 759 599 824 ἀνυπεύθυνον,
631 757 783 813 οὔπω
807 759 865 812 δὲ
897 758 930 830 ἦ
963 757 1314 829 παρασήμοις
1364 757 1397 826 ἢ
1434 756 1541 828 μὴν
1573 756 1798 827 ὀνόματι

154 858 159 861 “
198 851 517 922 ἀπεθάρρει
546 850 879 913 κλεῖζεσθαι,
909 850 1090 903 καίτοι
1140 849 1207 902 τὰ
1267 847 1442 902 πολλὰ
1488 848 1639 919 παρὰ
1692 849 1802 903 τῶν

200 944 566 1014 προύχόντων
634 945 692 994 ἐν
727 941 808 1013 τῷ
840 942 1062 1013 στρατῷ
1110 941 1454 1011 βιαζόμενος.
1523 941 1804 1007 Ἐξουσια-

203 1036 550 1105 στικώτερον
578 1034 636 1088 δὲ
668 1033 781 1089 τῶν
811 1034 1155 1103 πραγμάτων
1178 1034 1496 1104 ἐπείληπτο,
1525 1035 1619 1087 καὶ
1650 1034 1803 1087 οὐδὲν

200 1128 394 1181 ἐδόκει
417 1127 556 1192 οί⁶ὲξ
578 1122 752 1199 οὗπερ
782 1126 849 1182 ἂν
879 1128 972 1181 καὶ
1016 1127 1284 1199 ὠρρώδει,
1333 1128 1442 1181 οὐδ’
1485 1127 1666 1189 ἄλλοις
1704 1126 1807 1180 ὐπ-

206 1217 444 1271 ακοὺειν
508 1218 646 1282 ὅλως
689 1219 750 1271 τὸ
799 1215 909 1273 ἀπὸ
953 1218 1109 1271 τοῦδε
1158 1217 1441 1287 ὑφίστατο,
1469 1218 1587 1271 ἀλλ’
1645 1218 1821 1281 αὐτὸς

205 1308 305 1381 [Ρ.
352 1308 479 1383 148]
518 1309 743 1381 ἡγεμὼν
772 1312 829 1364 ἐν
858 1311 994 1364 πᾶσι
1029 1311 1127 1365 καὶ⁹
1159 1309 1310 1381 παρὰ
1351 1310 1507 1379 σφίσι
1550 1313 1643 1364 καὶ
1698 1312 1805 1381 ὅπη

200 1403 448 1474 παρῄει.
476 1404 745 1475 Ἕφριξαν
767 1405 877 1474 γὰρ
902 1405 1025 1457 τότε
1057 1406 1152 1457 καὶ
1188 1404 1239 1457 oi
1261 1403 1529 1473 περίοικοι
1562 1403 1664 1471 τὴν
1696 1404 1809 1455 ὲπιι

202 1496 510 1560 σύστασιν,
543 1498 636 1549 καὶ
669 1496 872 1565 μᾶλλον
899 1497 981 1550 ὅτι
1015 1496 1077 1549 τὸ
1106 1498 1377 1565 Περσικὸν
1427 1494 1561 1548 πολὺ
1615 1490 1706 1564 ἦν,
1728 1490 1809 1557 οἷς

136 1642 143 1665 ι
199 1583 270 1655 δὴ
313 1585 417 1638 καὶ
446 1588 657 1648 πιστοῖς
689 1586 892 1657 ἐχρῆτο
918 1585 1011 1639 καὶ
1060 1585 1502 1656 παρασπίζουσιν
1554 1582 1811 1651 ἀπεθάρ-

133 1672 142 1721 ῗ
204 1679 318 1746 pet,
366 1676 463 1731 καὶ
488 1678 649 1746 μόνον
678 1677 920 1730 κελεύειν
941 1672 1012 1748 ἦν
1062 1677 1141 1740 ὡς
1179 1677 1680 1746 συνδραμουμῶοις
1712 1673 1810 1725 αὐ-

203 1768 347 1822 τίκα
376 1769 474 1822 καὶ
523 1770 666 1823 κατὰ
689 1770 750 1821 τὸ
781 1770 990 1822 ἐκείνου
1020 1768 1332 1839 δρασείουσι
1369 1767 1602 1837 θέλημα.
1647 1764 1815 1819 Ἀπέ-

208 1860 422 1915 σϐεστο
440 1860 732 1932 τοιγαροῦν
762 1864 940 1916 ἐκεῖσε
983 1863 1046 1914 τὸ
1099 1861 1365 1932 βασιλέων
1417 1861 1609 1931 ὖνομα,
1664 1859 1815 1928 παρὰ

212 1951 389 2019 μόνον
413 1951 477 2005 τὸ
501 1954 583 2016 είς
611 1953 955 2024 περισυρμὸν
1005 1952 1318 2023 μεμνῆσθαι
1370 1954 1466 2006 καὶ
1519 1952 1811 2022 λοιδορίαν.

212 2040 399 2102 Αὐτὸς
424 2041 472 2095 δ’
498 2037 568 2114 ἦν
592 2044 822 2107 ἐκείνοις
863 2047 959 2097 καὶ
990 2046 1175 2115 ἄρχων
1202 2046 1298 2098 καὶ
1345 2044 1572 2116 ἡγεμὼν
1598 2046 1693 2098 καὶ
1718 2044 1815 2115 βα-

217 2133 423 2195 σιλέως
447 2134 658 2203 φέρων,
684 2136 732 2188 εί
761 2137 855 2188 καὶ
882 2136 958 2207 μὴ
1003 2136 1198 2207 ὄνομα,
1242 2137 1362 2190 ἀλλ’
1415 2136 1653 2207 ἀξίωμα.
1703 2136 1817 2189 Καὶ⁸

212 2226 363 2278 ὅσων
387 2225 499 2279 τῶν
526 2227 644 2279 ἐκεῖ
671 2228 948 2297 φρουρίων
967 2227 1042 2291 ὡς
1065 2228 1311 2300 ὕπαρχος
1352 2230 1615 2300 βασιλέως
1665 2229 1818 2281 ἐπεί-

218 2318 402 2390 ληπτο
432 2318 721 2390 πρότερον,
757 2319 911 2373 ταῦτ’
943 2321 1270 2385 ἀποστείλας
1309 2321 1437 2385 τοὺς
1488 2320 1818 2386 καθέξοντας

224 2513 294 2553 ne
324 2497 617 2553 dimidiate
660 2513 770 2553 rem
817 2507 1027 2553 tantam
1063 2507 1211 2569 agat,
1249 2514 1316 2553 ne
1344 2514 1544 2554 nomen
1578 2498 1813 2569 Augusti

226 2591 544 2645 recusando
599 2600 695 2644 aut
744 2591 986 2661 insignia
1038 2590 1255 2660 imperii
1303 2592 1482 2661 palam
1530 2607 1817 2647 assumere

230 2681 571 2745 cunctando,
619 2682 895 2752 respicere
941 2681 1324 2750 imperantium
1364 2683 1594 2750 gratiam
1654 2693 1705 2737 et
1743 2700 1819 2736 re-

237 2782 450 2841 ceptum
498 2771 645 2840 apud
685 2786 782 2827 eos
829 2755 1004 2826 veniae
1033 2770 1137 2825 sibi
1212 2781 1363 2826 retro
1394 2773 1685 2841 providere
1724 2772 1808 2825 vi-

244 2865 450 2920 deatur.
502 2863 704 2921 Melum
741 2879 806 2920 ac
836 2865 1212 2934 suspicionem
1257 2865 1376 2919 suis
1424 2879 1485 2920 se
1531 2880 1630 2934 pro
1665 2880 1731 2919 eo
1763 2866 1817 2918 in

253 2967 546 3013 extremum
576 2958 845 3012 dantibus
888 2957 1189 3013 discrimen
1232 2956 1500 3011 militibus
1530 2957 1816 3023 demeret;

258 3062 325 3102 ne
373 3048 507 3101 auia:
545 3050 596 3101 in
644 3055 929 3113 posterum
976 3055 1072 3101 aut
1112 3047 1337 3101 delusus
1371 3046 1656 3102 fallacibus
1688 3062 1818 3117 pro-

253 3139 441 3193 missis
470 3148 560 3192 aut
585 3140 747 3194 minis
778 3139 1039 3195 inanibus
1070 3141 1375 3194 deterritus
1408 3156 1468 3193 se
1504 3140 1816 3203 subtrahat,

241 3245 483 3300 suosque
517 3230 781 3286 deserens
812 3231 919 3287 sibi
962 3233 1237 3293 consulat,
1271 3232 1695 3301 destitutosque,
1726 3232 1818 3301 qui

240 3330 450 3376 tantam
498 3324 671 3379 semel
713 3323 889 3379 aleam
930 3325 1052 3395 ejus
1102 3339 1267 3379 causa
1307 3323 1566 3393 jecerint,
1599 3324 1665 3378 iis
1697 3339 1827 3393 pro-

237 3414 332 3467 dat
373 3414 513 3483 ipsis
558 3430 819 3483 quorum,
853 3421 910 3468 ut
940 3415 987 3468 ei
1020 3414 1487 3484 gratificarentur,
1520 3416 1643 3468 odia
1679 3414 1734 3467 in
1770 3430 1832 3468 se

236 3501 692 3569 provocaverint.
750 3500 1045 3556 Communi
1100 3500 1259 3557 ducis
1297 3516 1360 3555 ac
1416 3502 1651 3557 militum
1694 3517 1828 3556 con—

239 3592 572 3662 spiratione,
637 3593 922 3646 insolubili
982 3609 1145 3657 nexu,
1203 3594 1499 3657 indivnlsa,
1559 3592 1831 3664 quidquid

240 3685 508 3739 blandum
540 3693 639 3738 aut
672 3699 875 3739 saevum
916 3685 1144 3738 undevis
1174 3686 1506 3748 occurrerit,
1542 3694 1831 3741 utrorum-

244 3793 354 3848 que
393 3777 666 3832 societate
707 3792 824 3832 rem
861 3792 1023 3848 egere
1060 3793 1224 3847 quam
1277 3779 1647 3845 susciperent,
1694 3780 1830 3834 laci—

248 3868 357 3922 ‘em
392 3867 752 3922 concorditer
781 3867 1252 3931 incumbentibus,
1292 3868 1580 3924 dubitante
1613 3878 1707 3924 aut
1746 3884 1834 3924 re-

252 3969 542 4030 spectante
554 3960 855 4031 quidquam
870 3960 984 4015 ullo
997 3960 1478 4030 corrumpendam.
1499 3960 1691 4031 Magna
1708 3976 1840 4032 prte-

251 4050 361 4104 mia
381 4050 550 4121 219
566 4051 818 4120 proponi.
841 4051 939 4107 sed
968 4066 1093 4121 quae
1111 4066 1307 4121 magno
1334 4058 1383 4105 et
1421 4051 1666 4121 perfecte
1700 4068 1839 4107 una-

246 4142 386 4196 nimi
432 4143 544 4197 nisi
592 4153 794 4198 conatu
826 4153 1107 4213 petantur.
1144 4143 1287 4197 haud
1331 4154 1667 4213 proventura
1700 4146 1836 4199 sint.

245 4234 414 4289 Talia
454 4235 899 4290 vociferantibus
954 4242 1009 4290 et
1057 4235 1463 4291 instantissime
1512 4237 1841 4307 urgentibus

246 4330 462 4385 cedens
500 4328 1030 4399 Philantbropenns,
1094 4330 1316 4384 tandem
1372 4343 1575 4385 nomen
1627 4330 1840 4399 imperii

249 4423 520 4478 assumit.
579 4420 775 4491 Itaque
837 4424 1004 4491 cmpit
1041 4439 1107 4476 ex
1150 4422 1255 4477 hoc
1303 4437 1466 4491 agere
1504 4432 1565 4476 ut
1617 4422 1841 4494 proprio

249 4531 358 4572 nec
403 4532 471 4570 ex
521 4517 637 4571 ullo
679 4516 794 4586 jam
837 4516 1071 4573 alterius
1114 4524 1252 4571 nutu
1284 4530 1559 4584 suspenso
1593 4517 1842 4585 regimen

1847 1923 1888 1977 Β

1854 3277 1899 3335 ο

1900 3434 2067 3490 -ceps
2123 3417 2625 3488 Philantltrnpenus
2677 3417 3082 3476 celebrabatur,
3139 3429 3304 3483 penes
3354 3428 3516 3481 quem

1903 662 2161 731 ἄρχοντα.
2194 661 2298 713 ’Ἦν
2323 659 2380 714 δέ
2406 677 2509 713 που
2552 660 2647 713 καὶ
2678 664 2864 731 μοναϊς
2908 660 3233 732 παραϐάλλῃ
3275 663 3495 732 (πολλαὶ

1902 752 1949 805 δ’
1995 746 2157 806 αὗται
2208 752 2302 805 καὶ
2363 752 2663 823 μέγισται),
2718 754 2779 804 οὐ
2828 751 3089 821 βασιλέως
3135 748 3202 823 ἦν
3229 755 3401 821 ὄνομα
3432 755 3494 808 τὸ

1900 847 2405 918 μνημονευόμενον,
2468 847 2587 901 ἀλλ’
2636 846 2801 901 αὐτοῦ
2826 864 2888 916 γε
2916 849 3009 903 καὶ
3048 848 3208 918 μόνου
3268 850 3410 904 κατά
3440 868 3493 904 τι

1908 942 2110 1011 κράτος
2134 939 2455 1011 ἁρχοντικδν
2483 939 2575 993 καὶ
2605 940 2994 994 αὐτοδέσποτον
3030 941 3219 1010 ὄνομα.
3280 940 3400 1011 Ἀφ’
3419 934 3494 995 ὧν

1908 1036 2003 1086 καὶ
2042 1033 2214 1087 πολλὰ
2235 1034 2566 1097 δεσποτικῶς
2593 1033 2997 1104 ἀφαιρούμενος
3050 1037 3162 1097 τοῖς
3223 1034 3491 1105 στρατιώ-

1909 1142 2031 1189 ταις
2056 1128 2333 1195 παρεϊχεν,
2361 1126 2616 1196 ἀσμένως
2642 1128 2750 1179 τῶν
2793 1126 3024 1197 ἐχόντων
3050 1126 3492 1198 κατατιθεμένων

1908 1219 2043 1288 παρ’
2071 1220 2251 1271 αἰτίαν
2270 1218 2475 1290 ταύτην
2493 1219 2573 1272 ὅτι
2595 1219 2856 1282 τοιούτοις
2899 1222 3112 1291 καιροῖς
3166 1221 3497 1290 ἐμπεσόντες

1910 1313 1972 1363 οὐ
2005 1310 2074 1363 τὰ
2096 1311 2442 1380 προσήκοντα
2479 1313 2590 1374 τοῖς
2615 1315 2826 1384 καιροῖς
2851 1313 3111 1382 ἔπασχον,
3149 1311 3261 1366 ἀλλ’
3295 1311 3495 1366 ἄσκυλ-

1910 1417 1992 1453 τοι
2032 1400 2282 1470 διέμενον
2336 1402 2431 1454 καὶ
2486 1403 2772 1474 ἀτάραχοι.
2830 1403 3055 1473 Πρῶτον
3072 1403 3141 1470 ζδ⁹
3183 1399 3253 1474 ἦν
3288 1403 3497 1456 ἐκείνου

1914 1480 2279 1563 στρατήγημα
2304 1495 2365 1547 τὸ
2392 1495 2514 1557 ἐκεῖ
2539 1513 2641 1549 που
2669 1495 2758 1549 τὸν
2805 1495 3031 1565 ἀδελφὸν
3077 1494 3174 1549 τοῦ
3234 1496 3500 1565 βασιλέως

1913 1584 2194 1655 Θεόδωρον
2220 1585 2567 1656 διατρίϐοντα
2592 1587 2908 1640 ἀποστεῖλαι
2932 1588 3058 1650 τοὺς
3089 1587 3461 1657 κατασχόντας
3482 1603 3497 1618 σ

1914 1676 1973 1729 ὃν
2004 1677 2066 1747 δὴ
2102 1676 2195 1730 καὶ
2235 1678 2600 1746 κατασχόντες
2634 1677 2712 1746 τῷ
2765 1678 2886 1731 κατ’
2948 1676 3182 1747 Ἔφεσον
3257 1677 3502 1748 φρουρίῳ

1918 1767 2177 1837 φέροντες
2245 1768 2688 1835 ἐγκατέκλεισαν.
2746 1770 2979 1822 Ἔπειτα
3039 1771 3137 1838 τὴν
3214 1769 3504 1837 στρατείαν

1918 1859 2222 1922 ἀναλαὸὼν,
2254 1860 2643 1930 συνεωσμένων
2681 1859 2830 1926 σφίσι
2864 1859 2994 1932 παρ’
3024 1860 3211 1913 ἐλπίδα
3239 1861 3334 1912 καὶ
3391 1860 3500 1932 τῶν

1918 1953 2301 2022 πραγμάτων.
2362 1954 2421 2005 ὲν
2489 1956 2600 2013 τοῖς
2651 1954 2793 2007 κατὰ
2832 1931 3118 2022 Νύμφαιον
3173 1954 3357 2014 τόποις
3411 1931 3507 2020 ἅμ’

1919 2045 2222 2114 ηὐλίζοντο.
2250 2046 2359 2098 Καὶ
2386 2044 2451 2117 δὴ
2493 2046 2805 2114 συνεκρότει
2840 2045 2937 2114 μὲν
2987 2048 3114 2107 τοὺς
3173 2046 3358 2102 ἱππεῖς
3411 2046 3505 2096 καὶ

1919 2140 2252 2209 φιλοτιμίαις
2291 2140 2494 2211 ἠγαλλε
2527 2141 2750 2201 πάσαις.
2784 2140 2909 2200 τοὺς
2940 2137 2996 2190 δέ
3041 2155 3103 2205 γε
3140 2137 3337 2201 πεζοὺς
3389 2138 3511 2189 ἐπι-

1920 2229 2093 2299 δήσας
2123 2231 2305 2283 ἵππων
2334 2229 2553 2292 ἱκανοὺς
2572 2228 2793 2291 ὁπλίτας
2824 2226 3233 2295 ὲξητοιμάζετο.
3252 2225 3511 2293 Ἀφεώρα
3536 2276 3545 2289 ,

1918 2320 1975 2374 δὲ
2008 2322 2105 2375 καὶ
2133 2321 2270 2393 πρὸς
2296 2323 2423 2385 τοὺς
2451 2320 2707 2392 ἀλλαχόθι
2737 2319 3192 2391 ήγεμονεύοντας,
3222 2319 3317 2371 καὶ
3349 2319 3509 2370 ἐσκό-

1919 2505 2181 2567 putarent
2239 2502 2442 2568 praeter
2494 2497 2801 2552 exercitum
2865 2507 2974 2568 tam
3034 2510 3396 2549 numerosum
3450 2512 3512 2546 an

1920 2585 2120 2643 fortem
2168 2598 2369 2657 praesto
2429 2602 2553 2642 esse
2607 2585 3079 2657 Philanthrnpeno
3170 2595 3392 2654 paratas
3443 2590 3508 2639 ai

1924 2691 2146 2746 nutum,
2174 2690 2226 2735 et
2253 2682 2470 2750 signum
2500 2680 2662 2733 modo
2692 2670 2947 2733 veniendi
2980 2685 3391 2746 exspectantes,
3423 2694 3511 2727 va-

1929 2775 2233 2829 lidissimas
2264 2789 2294 2827 e
2324 2772 2547 2827 Perside
2588 2772 2806 2840 copias;
2858 2770 3058 2839 quibus
3101 2769 3167 2823 ad
3221 2769 3511 2823 rebellium

1923 2868 2222 2923 factionem
2260 2867 2589 2937 aggregatis,
2622 2864 2713 2919 ubi
2746 2874 3091 2935 reperturus,
3126 2862 3268 2917 unde
3311 2865 3511 2945 petitu-

1926 2948 2021 3017 rus
2077 2969 2394 3030 speraretur
2453 2961 2752 3029 imperator
2806 2968 3069 3029 quantum
3113 2965 3230 3010 erat
3285 2971 3508 3010 necesse

1925 3051 2122 3105 virium
2168 3050 2512 3113 idonearnm,
2557 3057 2617 3103 ut
2667 3058 2852 3118 posset
2898 3049 2952 3103 in
2991 3058 3238 3116 tempore
3268 3046 3509 3101 obsisti?

1925 3144 2208 3199 Exstincta
2235 3143 2289 3198 in
2324 3142 2391 3196 iis
2424 3142 2555 3197 locis
2586 3152 2704 3196 erat
2738 3141 3035 3195 auctoritas
3058 3139 3237 3195 omnis
3274 3138 3510 3206 imperii,

1933 3252 2247 3304 nomenque
2293 3238 2667 3304 Augustorum
2720 3234 2940 3289 nonnisi
2993 3234 3058 3286 ad
3109 3232 3403 3286 ludibrium
3463 3242 3517 3283 et

1934 3329 2319 3384 contumeliam
2355 3328 2778 3383 memorabatur.
2816 3324 2970 3381 Unus
3009 3324 3138 3385 dux,
3184 3340 3327 3377 unus
3362 3323 3515 3392 prin-

1937 3525 2157 3566 summa
2193 3510 2410 3578 imperii
2453 3526 2554 3563 nsu
2590 3508 2710 3577 ipso
2757 3507 3071 3569 residebat,
3122 3513 3402 3573 utcunque
3434 3502 3521 3555 ille

1936 3603 2182 3659 nondum
2201 3601 2421 3655 titulum
2446 3608 2540 3654 aut
2562 3600 2801 3669 insignia
2826 3597 3171 3666 imperatoris
3193 3593 3524 3663 assumpsis-

1937 3703 2042 3750 set.
2090 3699 2261 3750 Arces
2304 3693 2495 3747 limitis
2528 3692 2699 3755 illius,
2736 3706 2876 3760 quas
2921 3688 3207 3743 fiduciario
3256 3688 3524 3740 hactenus

1934 3789 2059 3860 jure
2090 3788 2166 3843 uti
2202 3788 2271 3841 ab
2307 3786 2557 3856 Angusto
2590 3785 2918 3839 commissas
2960 3790 3232 3841 tenuerat,
3265 3794 3374 3849 quo
3407 3778 3519 3848 jam

1940 3880 2043 3935 sibi
2073 3878 2291 3949 proprie
2312 3887 2604 3941 assereret,
2629 3873 2881 3931 deductis
2911 3873 3041 3927 inde
3073 3871 3351 3949 veteribus
3382 3884 3523 3939 pra:-

1941 3971 2098 4028 sidiis
2132 3985 2307 4027 novos
2339 3969 2505 4039 220
2545 3967 2809 4038 imposuit
2836 3982 2866 4020 e
2897 3966 2998 4020 sibi
3043 3965 3145 4018 lida
3178 3964 3375 4017 militia
3425 3976 3527 4016 cu-

1945 4063 2156 4119 stodes.
2203 4062 2267 4117 In
2328 4059 2700 4152 monasteriis,
2755 4073 2875 4127 qua:
2930 4058 3109 4111 obiter
3167 4063 3527 4109 occurrerent

1945 4157 2102 4227 (sunt
2147 4164 2328 4210 autem
2372 4147 2448 4207 in'
2482 4152 2593 4207 illis
2638 4152 2908 4205 tractibus
2950 4149 3120 4204 multa
3174 4157 3227 4202 et
3264 4147 3524 4212 maxima)

1945 4249 2127 4305 omitti
2162 4247 2392 4318 jubehat
2422 4245 2565 4298 inter
2599 4258 2755 4299 sacra
2790 4242 3009 4297 solitam
3043 4240 3375 4295 mentionem
3420 4239 3528 4291 Au—

1947 4349 2271 4411 gustorum,‘
2296 4353 2570 4408 suumque
2624 4343 2683 4391 ut
2736 4334 2937 4390 nemini
2985 4332 3217 4402 subjecti
3266 4330 3528 4400 principis

1947 4433 2243 4489 memorari
2287 4447 2483 4485 nomen
2534 4429 2830 4483 mandabat
2870 4427 3019 4481 nullo
3067 4426 3305 4479 audente
3352 4423 3532 4478 detre-

1946 4532 2116 4580 ctare.
2156 4523 2296 4591 Quid
2326 4524 2471 4580 enim
2499 4534 2691 4580 contra
2732 4524 3012 4578 hiscerent
3056 4523 3297 4576 inermes
3330 4530 3526 4575 ascetae

249 4608 648 4663 administrare
674 4606 907 4662 arbitrio
933 4623 1046 4677 prae
1071 4622 1133 4662 se
1157 4605 1349 4662 ferret.
1366 4605 1631 4661 .Nondum
1657 4614 1828 4662 tamet

1950 4614 2218 4671 adversus
2238 4615 2475 4669 edictum
2512 4612 3034 4669 tanto'circumfusi
3068 4614 3312 4667 exercitu
3349 4611 3530 4678 ducis,

254 4700 486 4755 titulum
554 4700 786 4772 Augusti
848 4700 933 4753 vel
998 4698 1238 4769 insignia
1311 4697 1527 4768 imperii
1597 4699 1840 4763 admisit,

255 4791 644 4864 quamtnmvis
693 4793 798 4846 hoc
827 4805 955 4846 eum
1007 4798 1068 4844 ut
1110 4788 1315 4846 iaceret
1347 4789 1612 4858 praecipui
1648 4789 1845 4845 ducto-

260 4900 358 4941 res
399 4884 662 4939 ordinum
710 4883 862 4937 omni
906 4897 1010 4950 ope
1050 4896 1247 4952 cogere
1289 4881 1578 4936 tentarint.
1613 4880 1844 4947 Tamen,

266 4982 325 5031 ut
358 4975 501 5037 dixi,
548 4975 816 5043 auspiciis
862 4981 1068 5027 cuncta
1123 4974 1241 5030 suis
1275 4974 1440 5029 unius
1474 4988 1665 5044 gerere
1695 4975 1852 5032 deiu-

269 5082 396 5138 :eps
424 5067 649 5130 institit,
693 5081 866 5135 eaque
896 5065 1070 5120 libere
1096 5080 1163 5120 ac
1190 5065 1370 5135 palam
1404 5081 1529 5122 sese
1560 5077 1851 5122 auctorare

269 5154 583 5220 aotestate.’
621 5174 810 5228 quam,
844 5169 906 5213 ut
938 5158 1072 5213 nulli
1111 5158 1395 5211 hominum
1426 5168 1705 5227 acceptam
1744 5160 1853 5212 ler-

268 5262 375 5318 ret,
422 5255 497 5308 ita
538 5251 661 5322 ejus
710 5267 843 5306 usus
874 5249 1169 5305 reddendae
1199 5250 1459 5319 cuiquam
1497 5251 1708 5305 rationi
1745 5252 1851 5304 mi-

272 5345 421 5401 nime
456 5345 734 5400 obnoxius
764 5342 937 5396 videri
980 5341 1163 5396 vellet.
1197 5340 1324 5395 Haec
1355 5357 1455 5409 per
1495 5341 1619 5395 illos
1648 5342 1854 5395 limita-

275 5452 408 5493 neos
453 5446 663 5490 tractus
696 5442 814 5489 tum
846 5434 1071 5488 novitas
1103 5431 1323 5502 vulgata
1363 5446 1615 5499 magnam
1650 5432 1853 5501 passim

277 5529 784 5585 consternationem
815 5526 1020 5581 attulit.
1050 5523 1533 5579 Coborrescebant
1568 5523 1712 5579 haud
1755 5522 1859 5577 du-

279 5621 359 5679 bie
407 5623 573 5693 periti
616 5636 801 5676 rerum
858 5634 1072 5681 omnes,
1103 5628 1163 5673 et
1206 5617 1374 5671 minis
1423 5616 1693 5670 malorum
1738 5630 1861 5686 qua:

281 5729 342 5770 ex
371 5722 484 5769 tam
512 5714 717 5783 potenti
747 5711 1132 5781 coniuratione
1155 5708 1210 5762 in
1236 5706 1539 5763 Romanum
1569 5708 1857 5778 imperium

281 5820 547 5879 eruptura
575 5808 703 5878 jure
728 5808 1084 5868 timerentur,
1117 5819 1294 5871 usque
1324 5803 1389 5855 ad
1421 5802 1862 5872 desperationem

286 5899 473 5956 salutis
508 5897 744 5969 publicae
795 5894 1288 5951 eonturbabantur.
1329 5893 1566 5947 maxime
1602 5906 1728 5947 cum
1774 5908 1863 5947 rev

1949 4709 2043 4779 qui
2082 4723 2142 4764 se
2166 4708 2449 4764 dominum
2488 4708 2759 4772 omnium,
2800 4723 2867 4762 ne
2901 4707 3077 4761 sacris
3106 4706 3329 4774 quidch
3366 4719 3531 4757 exce-

1950 4804 2081 4874 ptis,
2103 4804 2289 4874 reipsa
2316 4790 2603 4874 probabat,
2638 4802 2809 4856 multa
2840 4800 3044 4870 passim
3076 4815 3106 4853 e
3140 4797 3410 4853 coenobiis
3433 4812 3535 4850 au-

1950 4897 2132 4953 ferens
2155 4911 2276 4967 quae
2302 4896 2566 4950 militibus
2594 4895 2908 4963 largiretur,
2934 4890 3218 4946 monachis
3277 4904 3537 4959 quaecun-

1954 5005 2060 5061 qne
2093 4991 2463 5059 poscebantur
2502 4988 2737 5041 libenter
2781 4983 3130 5039 tradentibus
3158 5023 3173 5048 ,
3216 4982 3343 5035 dum
3377 4997 3537 5052 repu-

1955 5084 2144 5137 tabant
2184 5098 2283 5151 pro
2330 5080 2647 5135 conditione
2690 5075 3007 5147 temporum'
3056 5091 3255 5145 parvas
3298 5075 3433 5129 istas
3484 5088 3540 5128 et

1957 5176 2271 5231 tolerabiles
2302 5173 2495 5228 haberi
2521 5172 2722 5226 debere
2744 5171 3013 5241 jncturas,
3041 5169 3109 5223 iis
3144 5168 3336 5239 utique
3361 5166 3455 5237 qui
3481 5175 3539 5219 ut

1964 5269 2072 5338 ipsi
2107 5268 2244 5322 locis
2279 5265 2614 5334 perinlestis,
2661 5262 2798 5316 adeo
2838 5262 3153 5315 turbulenta
3189 5266 3535 5328 tempestate,

1959 5359 2242 5428 inspoliati
2277 5361 2543 5412 hactenus
2582 5356 2636 5409 in
2667 5363 2811 5408 statu
2846 5354 2982 5408 satis
3014 5353 3313 5424 tranquillo
3347 5364 3540 5420 persc-

1961 5461 2231 5508 verarent.
2272 5450 2515 5504 Primum
2561 5464 2747 5520 porro,
2799 5458 3088 5517 postquam
3147 5444 3537 5499 rehellaverat,

1963 5541 2418 5611 Philanthropeni
2478 5541 2735 5596 bellicum
2790 5539 3005 5593 facinus
3058 5535 3159 5589 fuit
3192 5532 3409 5586 mittere
3445 5530 3539 5599 qui

1963 5638 2490 5706 comprehenderent
2527 5633 2876 5689 Theodorum
2910 5627 3259 5701 imperatoris
3296 5626 3538 5683 fratrem,

1965 5730 2021 5784 in
2051 5728 2252 5783 vicinia
2279 5735 2395 5782 tum
2420 5727 2559 5781 forte
2590 5733 3046 5787 commorantem,
3073 5733 3235 5790 quem
3266 5717 3318 5769 in
3356 5730 3541 5769 arcem

1967 5822 2316 5889 deportatum
2358 5818 2423 5872 ad
2462 5816 2737 5888 Ephesum
2769 5814 2931 5868 sitam
2964 5813 3063 5867 ibi'
3084 5806 3354 5865 custodiri
3389 5805 3546 5858 clau-

1970 5930 2090 5971 sum
2131 5913 2312 5981 jussit.
2365 5909 2502 5967 ilinc
2538 5910 2806 5981 protrusis
2838 5907 2950 5980 jam
2988 5907 3129 5962 ultra
3169 5917 3330 5975 quam
3369 5900 3548 5972 primo
