4018 6408
440 340 546 402 247

440 554 918 620 ἁντιστησομένων
956 559 1071 621 τοῖς
1109 560 1382 627 γεγονόσι,
1415 564 1511 615 καὶ
1547 566 1748 629 αὐτοὺς
1787 568 2039 638 ἑτοίμους

450 643 894 711 μετακληθέντας
944 648 1045 718 τὴν
1090 650 1331 720 ἀρχῆθεν
1390 656 1570 707 πίστιν
1622 657 1910 726 ἐμφαίνειν
1962 658 2040 730 τῷ

443 739 731 804 συνεργεῖν
788 741 899 802 τοῖς
949 739 1194 815 [9.152]
1255 745 1675 814 ἁνθισταμένοις
1734 751 1814 813 εἰς
1867 750 2035 805 ἅπαν.

441 827 618 879 Αὑτὸν
650 828 695 881 δ’
724 830 970 895 ἐκείνους
1001 833 1363 906 ἀναδέχεσθαι
1414 839 1488 909 μὴ
1529 842 1678 903 ὅπως
1733 842 1929 897 παθεῖν
1984 862 2038 897 τι

443 918 580 987 πρὸς
617 920 882 991 βασιλέως
936 925 1046 981 τῶν
1077 929 1414 998 ἀνηκέστων,
1468 932 1606 987 ἀλλὰ
1671 935 1764 987 καὶ
1816 935 2033 1006 εὐεργε-

445 1012 567 1076 σίας
595 1016 796 1083 εὑρεῖν.
839 1016 1023 1071 Ταῦτα
1052 1021 1179 1085 τοὺς
1198 1023 1346 1092 ἀμφὶ
1367 1024 1459 1077 τὸν
1497 1026 1818 1097 Χορτὰτζην
1870 1029 2037 1082 ἀκού-

444 1119 646 1166 σαντας
674 1106 766 1159 ἐπὶ
788 1106 1043 1163 πλεῖστόν
1070 1128 1130 1165 τε
1154 1116 1596 1186 γνωσιμαχῆσαι.
1622 1121 1716 1171 καὶ
1740 1122 1795 1181 ἐς
1835 1120 2035 1189 βουλὴν

442 1193 630 1247 θέσθαι
658 1197 715 1255 ἐς
744 1196 773 1249 ὃ
812 1197 874 1252 τδ
923 1200 1202 1257 ἀκίνδυνον
1236 1206 1449 1269 ἑαυτοῖς
1496 1210 1649 1277 σφίσι
1705 1214 2033 1279 περιποιεῖν.

443 1286 517 1339 Τὸ
539 1286 584 1341 δ’
616 1284 683 1359 ἦν
713 1292 790 1356 ὡς
821 1293 872 1345 εί
901 1292 1000 1364 μὲν
1032 1294 1379 1368 βιασαμένων
1403 1300 1630 1353 ἐκείνων
1665 1304 1759 1354 τὸν
1791 1319 2001 1372 στρατη
2020 1331 2033 1343 ο

443 1380 541 1446 ἴδ’]
564 1383 725 1442 αὐτὸς
758 1386 963 1457 χωροίη
994 1388 1086 1441 καὶ
1133 1390 1191 1452 ἐς
1237 1390 1306 1443 τὰ
1372 1391 1566 1461 μείζω,
1594 1392 1735 1446 ὥστε
1783 1398 1887 1447 καὶ.
1926 1396 2037 1450 ὀνό-

447 1486 581 1539 ματι
604 1468 746 1539 εἶξαι
770 1478 864 1534 καὶ
910 1480 1260 1551 παρασήμοις
1300 1482 1577 1552 συνήθεσι,
1622 1484 1743 1536 τότε
1791 1487 1886 1538 καί
1936 1487 2038 1538 αὖ.

442 1563 573 1625 τοὺς
602 1564 670 1616 τὰ
717 1567 888 1620 πιστὰ
932 1568 1197 1633 λαϐόντας
1238 1570 1313 1632 ὡς
1357 1572 1437 1635 εἰς
1472 1573 1625 1637 τέλος
1693 1575 2039 1648 ἀνθεξομένῳ

443 1657 928 1723 παρακινδυνεύειν
960 1677 977 1691 ο
1005 1663 1055 1716 εἰ
1081 1662 1137 1715 δὲ
1174 1664 1248 1733 μὴ
1280 1664 1520 1734 βούλοιτο
1543 1666 1720 1721 ταῦτα
1753 1672 2037 1739 πράττειν,

447 1747 650 1812 αὐτοὺς
683 1750 781 1821 τὴν
806 1755 1305 1823 παρακινδύνενσιν
1329 1758 1497 1812 παντὶ
1518 1760 1705 1831 τρόπῳ
1724 1762 2040 1833 διεκφυγείν

441 1935 639 1998 temnl,
666 1932 757 1987 ubi
784 1947 849 1988 ex
886 1935 999 1991 reis
1029 1934 1254 1990 auditur
1277 1936 1642 2006 deprehensis
1676 1940 1732 1995 in
1768 1941 2038 2011 facinore,

447 2023 557 2080 nisi
593 2039 714 2107 eam
744 2025 1133 2098 irrefragabile
1161 2030 1536 2086 temimonium
1569 2032 1765 2088 fulciat
1789 2034 1917 2091 facti
1944 2051 2042 2107 op-

445 2117 695 2187 portuni.
730 2116 908 2188 Hujus
935 2137 996 2176 se
1047 2122 1183 2191 ipsis
1212 2121 1532 2180 facultatem
1560 2128 1870 2197 occupandi
1904 2145 2044 2199 prae-

446 2210 577 2264 sidii
610 2210 835 2267 offerre.
879 2211 1102 2269 Movere
1160 2231 1221 2271 se
1276 2218 1330 2270 in
1388 2217 1956 2291 Philanthropenum,
1989 2234 2044 2278 et

443 2304 664 2374 copiam
729 2306 777 2359 ei
813 2308 1227 2378 quamprimum
1263 2310 1404 2366 velle
1430 2311 1603 2381 pralii
1637 2312 1837 2368 facere.
1879 2315 2044 2371 Ordi-

443 2400 598 2455 natis
644 2400 700 2453 in
746 2415 947 2472 campo
999 2402 1202 2472 copiis,
1242 2413 1371 2459 ante
1409 2388 1890 2473 commissionem,
1925 2410 2040 2465 cir-

444 2492 846 2548 cumsistereut
878 2492 1076 2550 ducem
1108 2496 1327 2567 sibique
1365 2499 1705 2567 prehensum
1733 2501 2042 2558 traderent.

445 2585 797 2641 Documento
820 2587 873 2641 id
903 2590 1221 2644 certissimo
1250 2591 1497 2645 futurum
1525 2593 1754 2647 minime
1781 2608 2043 2650 assensos

444 2693 577 2734 vera
609 2680 900 2735 voluntate
930 2681 1186 2737 consiliis
1223 2683 1547 2741 rebellionis
1577 2684 1897 2753 Cretenses,
1936 2686 2046 2741 uti-

445 2789 556 2843 que
582 2773 677 2842 qui
702 2788 826 2827 cum
854 2775 1092 2846 primum
1127 2776 1433 2845 potuerint,
1463 2776 1701 2841 ﬁdemin
1728 2778 2042 2849 Augustum

372 2862 377 2865 ’
447 2872 560 2919 tam
588 2862 904 2919 luculenter
926 2865 1441 2921 constantissimam
1468 2868 1737 2938 perduelli
1758 2869 2045 2940 prodendo

446 2957 905 3012 monstraverint.
942 2955 1263 3013 Istiusmodi
1321 2959 1670 3029 perefﬂcacis
1724 2965 2044 3020 evincenda:

449 3062 637 3102 causa:
667 3049 918 3120 ipsorum
954 3053 1269 3120 argumenti
1305 3052 1351 3107 si
1410 3053 1698 3107 materiam
1734 3055 1863 3120 sibi,
1897 3057 2042 3126 quod

1641 359 1965 418 GEORGII
1998 361 2478 425 PACHYMERE

440 456 619 553 παρὸν
651 459 787 535 τέῳς
811 462 1095 528 ἐνστάντος
1128 467 1345 538 καιροῦ,
1389 471 1482 524 καὶ
1510 472 1718 542 ἀνδρῶν
1753 476 2029 542 φανέντων
2057 484 2111 540 Α
2135 480 2453 548 πειρᾶσθαι,
2476 481 2565 535 ἐπ’
2590 480 2742 553 αὑτῷ
2772 482 2868 536 καὶ
2898 480 3046 552 μόνῳ
3091 479 3162 533 τὰ
3204 477 3300 533 τοῦ
3335 476 3583 532 κινδύνου
3606 479 3719 550 sps-

3614 364 3721 426 248

2139 569 2370 641 ψαντας.
2423 573 2510 637 Ὠς
2538 573 2792 642 λέγοντες
2820 572 3003 627 τοίνυν
3020 570 3121 625 οὐκ
3145 569 3382 633 ιπειθον,
3416 568 3723 638 ἀλλ’ὲώρων

2139 660 2329 714 τοῦτον
2382 662 2961 735 καταλαζονευὸμενον
3008 661 3119 717 τῶν
3188 661 3579 733 φανησομένων
3633 659 3724 714 καὶ

2141 751 2272 821 ὓὸρε
2284 769 2335 805 σι
2365 753 2636 808 πλύνοντα
2656 755 2749 809 τὸν
2792 756 2929 827 πρὸς
2948 753 3113 808 αὑτὸν
3167 752 3724 823 ἁντιπαρατάττεσθαι

2140 845 2474 916 ἀκουόμενον
2501 847 2577 910 ὡς
2599 847 2800 901 αὐτίκα
2835 845 2959 901 κατ’
2987 846 3200 900 ἐκείνου)
3228 843 3544 913 λαφύξοντα
3583 843 3725 914 (τού-

2138 953 2253 999 τοις
2293 939 2389 990 καὶ
2423 938 2532 1009 γὰρ
2566 938 3017 1012 παραθαρρύνειν
3046 938 3223 991 ἐδόκει
3258 938 3360 1001 τὰς
3390 937 3610 989 ἐκείνων
3636 936 3726 1006 op-

2143 1028 2272 1099 μὰς,
2300 1031 2458 1084 οὐδὲν
2506 1031 2668 1085 πλέον
2697 1032 2889 1102 ἤθελεν
2917 1029 3319 1101 ἀναδέχεσθαι),
3375 1028 3726 1092 ὑπολαϐόντες

2142 1125 2341 1177 ἐκεῖνοι
2397 1127 2455 1178 ὲν
2519 1125 2711 1193 σκέψει
2761 1125 3012 1194 γίνεσθαι
3053 1124 3229 1178 ταῦτα
3288 1122 3387 1176 καὶ
3425 1124 3507 1185 είς
3546 1123 3727 1190 καιρδν

2142 1216 2542 1286 μεταγνώσεως
2610 1217 2941 1274 ἀποκεῖσθαι
2992 1220 3045 1271 οἱ
3101 1216 3416 1288 βούλεσθαι,
3470 1215 3499 1268 ὃ
3546 1231 3610 1283 γε
3641 1214 3725 1268 καὶ

2139 1309 2289 1381 αὐτῷ
2326 1312 2425 1379 μὲν
2444 1304 2575 1374 ἴσως
2610 1312 2866 1379 ξυνοίσει,
2902 1311 3052 1377 σφίσι
3084 1309 3143 1363 δὲ
3187 1310 3582 1380 περιστήσεται
3636 1307 3725 1377 μό-

2139 1418 2253 1463 νοις
2278 1403 2359 1464 είς
2392 1402 2661 1462 κίνδυνον.
2684 1402 2941 1472 πρύμναν
2964 1417 3023 1453 τε
3055 1400 3371 1470 κρούονται,
3411 1398 3474 1451 τὸ
3503 1396 3596 1450 τοῦ
3644 1396 3728 1449 Mc

2139 1508 2261 1560 γον,
2305 1493 2397 1545 καὶ
2452 1492 2588 1563 πρὸς
2634 1493 2726 1546 τὸν
2765 1493 3313 1564 πῳτοὸεστιαρίτην
3360 1489 3462 1553 τὰς
3511 1487 3727 1558 γνώμας

2139 1582 2611 1649 ἁνταποκλίνουσι,
2639 1586 2734 1637 καὶ
2761 1584 2975 1647 πίστεις
3025 1582 3285 1647 λαὸόντες
3346 1580 3467 1650 ἅμα
3497 1580 3588 1633 καὶ
3621 1579 3726 1632 δόν-

2139 1692 2232 1738 τες
2262 1672 2323 1739 ἐξ
2350 1674 2530 1742 ὅρκων
2561 1675 2763 1745 φρίκης
2792 1675 3007 1745 μεστῶν
3041 1675 3131 1727 καί
3156 1689 3220 1741 γε
3273 1673 3374 1726 καὶ
3408 1669 3728 1725 ἀντιδόσεσιν

2143 1763 2306 1833 ἱερῶν
2351 1763 2681 1832 ἑγκολπίων,
2729 1758 2767 1835 ἦ
2816 1763 2924 1834 μὴν
2952 1761 3289 1834 παραδοῦναι
3316 1758 3510 1814 τοῦτον
3532 1760 3590 1822 ἐς
3625 1760 3729 1830 χεί-

2144 1945 2607 2003 exitiosissimum
2646 1944 2754 2001 sibi
2781 1944 2999 2000 facinus
3044 1943 3160 1999 suis
3199 1941 3354 1997 illum
3391 1939 3610 1996 artibus
3640 1955 3729 2010 pc-

2150 2040 2343 2102 tendo,
2381 2037 2761 2106 verlendaque
2795 2045 3022 2093 strenue
3067 2037 3122 2092 in
3172 2041 3342 2105 caput
3376 2030 3725 2104 ingratissimi

2145 2130 2462 2199 deceptoris
2494 2130 2762 2199 pernicie,
2811 2145 2978 2200 quam
3033 2129 3087 2182 in
3125 2127 3226 2182 sibi
3277 2126 3447 2182 stulte
3485 2122 3728 2179 credulos

2145 2223 2334 2277 surdis
2365 2222 2756 2283 molitionibus
2787 2222 3049 2276 cudcbat.
3093 2219 3251 2275 Hanc
3288 2232 3566 2275 summam
3608 2230 3730 2271 con-

2152 2315 2409 2371 siliorum
2438 2315 2673 2384 digressi
2698 2330 2728 2368 a
2762 2324 2979 2370 secreto
2999 2312 3278 2383 colloquio
3327 2323 3586 2383 proceres
3605 2306 3729 2361 (ΖΙ-οι

2150 2408 2389 2463 tensimn
2429 2407 2615 2462 statim
2649 2408 2705 2461 in
2738 2421 2852 2461 rem
2911 2407 3230 2461 contulere.
3267 2404 3467 2459 Adorti
3496 2402 3725 2473 primum

2147 2501 2722 2571 Pbilauthropenum,
2774 2500 3086 2569 allegarunt
3140 2500 3391 2554 instante
3426 2493 3613 2568 praelio
3653 2494 3728 2546 vi-

2148 2591 2266 2647 dcri
2303 2600 2683 2661 opportunum
2717 2590 3014 2646 ﬁrmandis
3046 2588 3249 2643 animis
3306 2601 3539 2648 suorum
3568 2582 3727 2640 semel

2146 2697 2355 2737 exuere
2394 2682 2592 2738 ducem
2619 2680 2903 2736 exercitus
2941 2679 3094 2746 talis,
3144 2679 3492 2750 quaeadbuc
3521 2673 3622 2747 ipsi
3654 2686 3732 2728 re-

2150 2776 2316 2830 sidua
2380 2774 2591 2831 haerere
2644 2774 2949 2839 videretur,
3000 2771 3239 2843 speciem
3298 2768 3550 2826 nondum
3601 2764 3728 2822 satis

2150 2868 2354 2938 ejurati
2390 2868 2630 2923 servitii.
2654 2866 3022 2921 Incitamento
3045 2864 3099 2919 id
3124 2865 3354 2920 cunctis
3384 2862 3479 2933 qui
3509 2861 3625 2928 ejus
3644 2872 3733 2912 au-

2150 2961 2346 3031 spiciis
2377 2976 2495 3016 rem
2540 2968 2803 3029 gererent
2832 2958 3226 3014 efflcacissimo
3260 2959 3333 3011 ad
3373 2955 3593 3027 quidvis
3615 2964 3732 3023 per-

2152 3054 2517 3123 rumpendum
2550 3051 2822 3116 futurum,
2845 3052 2989 3121 quod
3015 3065 3076 3105 se
3097 3066 3197 3121 pro
3214 3051 3484 3120 verojam
3502 3049 3732 3117 Augusto

449 3140 507 3194 in
542 3151 801 3212 promptu
858 3142 1155 3210 haberent,
1212 3145 1644 3201 subministrare
1679 3163 1786 3202 non
1825 3150 2045 3203 omitte-
2077 3190 2121 3249 ο
2157 3144 2857 3218 pugnare'meminissent,
2904 3144 3154 3216 segnius,
3180 3145 3224 3199 si
3262 3143 3378 3199 hoc
3410 3142 3552 3195 forte
3577 3139 3726 3201 absit,

450 3240 598 3299 rcnt,
627 3243 823 3289 sancte
863 3233 1144 3305 spondere
1176 3252 1323 3301 sese,
1360 3252 1428 3293 ac
1449 3239 1652 3307 quovis
1700 3242 1928 3311 pignore
1953 3241 2048 3296 fir-

449 3339 604 3380 mare
657 3326 983 3396 religionem
1044 3328 1193 3392 pacti
1253 3330 1401 3383 ultro
1439 3330 1605 3396 velle,
1632 3332 1918 3387 victricem
1948 3333 2048 3388 de-

448 3418 758 3475 fensionem
829 3420 1167 3477 innocentiae
1223 3422 1476 3494 ipsorum
1537 3438 1599 3478 se
1650 3433 2045 3495 peruratur-um

449 3510 596 3581 apud
638 3511 943 3583 Augustos,
970 3522 1026 3569 et
1057 3525 1255 3585 praeter
1283 3517 1672 3588 purgationem
1708 3517 2047 3588 suspicionis

452 3605 508 3659 in
547 3619 646 3661 eos
678 3604 863 3667 omnis
896 3606 1246 3676 largissimas
1279 3608 1502 3663 cunctis
1536 3608 1677 3680 ipsis
1712 3624 1776 3665 ac
1810 3610 2047 3680 singulis

451 3712 483 3753 a
514 3695 911 3752 liberalissima
970 3698 1284 3767 principum
1324 3700 1505 3769 gratia
1563 3703 2047 3757 remunerationes

455 3802 909 3859 procuraturum.
940 3788 1038 3845 His
1065 3789 1397 3847 Chortatzes
1417 3801 1473 3847 et
1504 3793 1670 3863 primi
1698 3791 2046 3851 Cretensium

453 3888 510 3937 in
533 3896 743 3937 arcano
802 3882 1012 3938 auditis
1050 3883 1259 3939 seriam
1290 3884 1480 3939 statim
1512 3885 1581 3940 de
1612 3901 1670 3940 re
1707 3896 1821 3941 tota
1856 3902 2047 3943 secum

457 3973 599 4044 ipsis
631 3973 1086 4029 deliberationem
1117 3982 1252 4030 sunt
1301 3973 1565 4045 ingressi.
1594 3974 1769 4030 Multo
1795 3976 1907 4033 illic
1946 3993 2050 4048 pu-

453 4077 686 4137 gnatum
716 4066 977 4123 conflictu
1032 4068 1466 4134 sententiarum,
1516 4079 1575 4123 ut
1606 4073 1828 4126 cunctis
1854 4073 1910 4126 in
1944 4072 2052 4127 fine

456 4160 779 4230 appetendo
792 4159 994 4215 salutis
1021 4159 1460 4231 securitatisque
1483 4163 1802 4217 communis
1828 4162 2051 4233 egregie

454 4252 933 4320 conspirantibus,
993 4251 1069 4306 ita
1117 4252 1326 4322 quibus
1373 4251 1499 4307 illas
1554 4253 1661 4308 viis
1702 4263 1757 4308 et
1810 4265 1933 4308 utra
1990 4254 2046 4308 in

454 4325 699 4413 partium
725 4343 962 4398 invicem
998 4343 1348 4398 infensarum
1373 4345 1581 4399 certius
1609 4347 2045 4411 constituerent,

454 4439 610 4491 varia
646 4438 971 4506 conjectura
1022 4436 1375 4491 certantibus
1436 4437 1737 4506 plerisque.
1795 4435 2043 4493 Tandem

2154 3238 2737 3307 circumspectiusque
2776 3236 3152 3292 dimicaturis.
3185 3236 3267 3290 Ad
3300 3251 3375 3290 ea
3408 3236 3496 3289 ille
3522 3231 3734 3304 praecise

2153 3329 2373 3400 negavit
2406 3344 2466 3383 se
2500 3328 2649 3399 quod
2686 3335 2935 3397 peterent
2980 3325 3258 3383 acturum.
3298 3326 3495 3381 Vetuit
3526 3317 3732 3381 deinde,

2153 3420 2301 3491 quod
2340 3436 2455 3491 pra:
2482 3436 2544 3476 se
2580 3421 2848 3483 tulerant,
2880 3421 2950 3475 dc
2983 3420 3157 3491 praelii
3190 3432 3402 3475 eventu
3435 3432 3555 3473 esse
3589 3411 3734 3468 solli-

2155 3515 2323 3571 citus.
2362 3512 2552 3569 Primo
2576 3515 2726 3569 enim
2756 3516 2879 3585 ipso
2912 3522 3214 3584 conspectu
3247 3528 3384 3569 sese
3414 3510 3734 3568 dilllaturura

2157 3621 2371 3679 paucas
2407 3607 2532 3661 illas
2562 3615 2619 3662 et
2650 3606 2904 3662 imbelles
2929 3607 3129 3660 inertis
3162 3606 3529 3676 imperitique
3560 3601 3735 3656 adver-

2155 3698 2295 3752 sarii
2333 3696 2546 3768 copias,
2576 3696 2758 3765 ipsum
2785 3709 2916 3750 vero
2960 3696 3242 3752 mordicus
3274 3696 3624 3766 discerptum
3648 3703 3737 3742 vo-

2155 3797 2451 3853 raturum;
2484 3802 2648 3857 quem
2680 3786 2914 3858 proinde
2945 3787 2997 3842 id
3037 3789 3221 3858 ipsum
3254 3798 3516 3844 metuere
3543 3784 3736 3840 deben-

2155 3889 2265 3935 tem
2313 3880 2452 3936 nihil
2494 3880 2682 3935 minus
2728 3857 2894 3951 quatit
2944 3857 3195 3937 insanire
3248 3888 3572 3953 appareret,
3608 3874 3727 3930 dum

2152 3973 2256 4029 sibi
2315 3989 2425 4027 non
2461 3974 2745 4028 dubitaret
2775 3988 3092 4041 occurrere,
3123 3976 3273 4029 ultro
3315 3976 3372 4029 in
3435 3968 3728 4044 perniciem

2156 4067 2475 4121 incurrens.
2511 4064 2666 4119 Talia
2697 4065 2790 4120 isti
2828 4066 2895 4119 de
2930 4080 2992 4119 se
3019 4065 3344 4122 thrasonice
3380 4061 3615 4137 iactanti
3655 4060 3733 4109 in-

2158 4159 2528 4229 dulgentique
2591 4157 3072 4229 arrogantissimis
3137 4159 3329 4229 minis,
3392 4166 3449 4215 et
3486 4151 3732 4211 aemulum

2154 4254 2380 4324 probris
2439 4254 2821 4324 conviciisque
2864 4253 3155 4320 laceranti,
3206 4254 3330 4308 vale
3387 4253 3539 4308 dicto
3567 4245 3731 4301 Chor-

2155 4352 2333 4400 taties
2361 4361 2487 4400 cum
2521 4345 2665 4409 suis,
2708 4359 2897 4415 prora,
2928 4344 3075 4415 quod
3103 4344 3213 4399 dici
3266 4347 3427 4410 solet,
3487 4338 3728 4397 inhibita,
3785 4341 3800 4411 ρ

2154 4451 2386 4491 cursum
2419 4436 2472 4490 in
2505 4436 2855 4490 contrarium
2906 4446 3208 4492 torserunt.
3254 4429 3732 4492 Prot0vestiarilen
3788 4442 3792 4449 '

457 4544 740 4583 consensu
787 4527 1041 4583 omnium
1085 4528 1253 4594 sedit,
1298 4526 1573 4597 profunde
1616 4527 1975 4582 dissimulato
2014 4540 2043 4579 a
2072 4534 2128 4594 D
2153 4530 2296 4584 clam
2325 4529 2550 4584 adeunt.
2582 4529 2880 4600 Promptos
2917 4545 2977 4583 se
3007 4528 3316 4584 ostendunt
3371 4524 3574 4600 pacisci
3597 4514 3734 4591 quod

459 4619 762 4674 Libadario
794 4618 1026 4686 indicio,
1059 4619 1213 4673 adire
1236 4620 1304 4675 dc
1331 4634 1472 4674 novo
1494 4619 2052 4690 Philanthropenum,

2153 4623 2402 4695 petebat.
2433 4622 2493 4677 In
2525 4623 2576 4677 id
2615 4622 2752 4678 ﬁdes
2797 4623 3059 4691 utrinque
3084 4623 3421 4692 iuramentis
3444 4627 3499 4674 et
3537 4617 3736 4683 impre-

458 4725 912 4783 magnopereque
938 4710 1150 4765 instare
1189 4720 1246 4766 ut
1276 4726 1479 4766 nomen
1512 4720 1568 4766 ct
1594 4710 1835 4781 insignia
1864 4718 2057 4768 sumat
2157 4716 2494 4779 catiouihus,
2553 4715 2660 4768 utri
2691 4713 2969 4779 fallerent,
3020 4713 3301 4769 horriﬁcis
3333 4715 3602 4767 firmatur.
3640 4701 3736 4756 Sa-

459 4805 703 4875 imperii.
754 4803 813 4859 Si
880 4804 1204 4875 persuaderi
1254 4820 1314 4860 se
1355 4804 1589 4870 sineret,
1625 4816 1736 4857 tum
1774 4804 2051 4857 fortunam

460 4899 586 4968 ejus
620 4898 688 4952 ad
714 4905 1031 4953 extremum
1085 4904 1496 4967 sequerentur:
1528 4896 1615 4951 sin
1648 4896 1962 4978 obstinaret
1997 4898 2051 4949 in

462 4993 628 5066 325
660 4994 948 5049 renuendo
973 4994 1371 5058 constantiam,
1398 4994 1502 5047 hoc
1527 4991 1649 5062 ipso
1674 4990 2055 5047 intellecturos

465 5085 778 5141 machinari
809 5101 934 5140 eum
968 5100 1130 5140 suam
1188 5100 1313 5139 cum
1352 5086 1475 5138 aula
1519 5083 2051 5149 reconciliationem,

465 5194 630 5247 quam
689 5177 935 5248 pernicie
969 5178 1076 5233 sibi
1125 5178 1527 5233 adhaerentium
1589 5177 1913 5234 sanciturus
1959 5179 2053 5243 sit,

465 5270 808 5345 paciscenda
868 5286 971 5342 pro
1026 5287 1123 5342 spe
1185 5271 1337 5327 illinc
1396 5272 1574 5326 veniae
1631 5271 2056 5342 opimarumque

465 5364 784 5420 mercedum
830 5363 976 5420 facili
1008 5365 1330 5421 conditione
1354 5365 1645 5421 deserendi
1669 5365 2058 5421 condonandi-

467 5473 574 5527 que
606 5472 671 5512 ac
707 5471 809 5528 pro
833 5471 893 5513 se
916 5457 1412 5527 supponendorum
1445 5458 1871 5530 irzeultioniquc
1904 5459 2056 5529 prin-

471 5552 654 5623 3ipum
694 5549 819 5605 illos
858 5550 1010 5620 ipsos
1038 5551 1275 5605 miseros
1308 5565 1452 5620 quos
1485 5550 1540 5603 in
1577 5550 1757 5621 culpae
1805 5552 2053 5607 societa-

468 5653 577 5700 tem
609 5645 729 5715 ipse
757 5655 951 5699 auctor
1009 5643 1235 5699 sceleris
1267 5645 1534 5711 traxerit;
1567 5660 1738 5714 quare
1777 5654 1909 5699 tunc
1954 5645 2055 5698 mi-

465 5739 615 5793 nime
643 5738 849 5793 debere
880 5738 1162 5803 dubitare,
1196 5748 1286 5792 aut
1329 5738 1437 5792 ulla
1471 5739 1741 5809 religione
1773 5741 2052 5805 cunctari,

469 5827 764 5889 uuominus
801 5841 967 5884 uuam
999 5830 1212 5888 passint
1267 5827 1659 5884 efﬁcacissime
1721 5838 2057 5893 praevertam

2157 4823 2251 4863 cra
2285 4809 2421 4878 quin
2449 4807 2617 4861 etiam
2664 4807 2901 4862 amuleta
2945 4806 3015 4862 de
3050 4807 3194 4862 collo
3230 4806 3460 4877 quique,
3511 4808 3570 4853 ut
3621 4804 3734 4849 mos

2156 4909 2266 4964 est.
2305 4900 2362 4955 in
2388 4902 2573 4954 sinum
2619 4899 2859 4969 pendula
2894 4900 3134 4955 invicem
3171 4902 3511 4970 permutant,
3548 4904 3609 4944 ea
3642 4898 3735 4955 1)το

2160 4992 2482 5048 certissimo
2512 4991 2762 5046 habituri
2799 4991 3034 5062 pignore
3063 4990 3510 5046 irrevocabiliter
3544 4982 3660 5035 fixae
3684 4977 3733 5027 in

2163 5086 2564 5158 promissorum
2597 5085 2948 5141 exhibitione
2989 5084 3316 5139 voluntatis.
3350 5072 3631 5150 Ejusmodi
3658 5081 3737 5121 ι’ϐ·

2162 5179 2370 5249 ligione
2402 5194 2526 5233 sese
2560 5168 2856 5235 Cretenses
2901 5178 3334 5252 obstrinxeruut
3368 5173 3435 5228 ad
3496 5173 3738 5252 compre-

2165 5269 2520 5326 bendendum
2559 5275 2614 5326 in
2664 5273 2790 5342 ipso
2821 5271 3004 5341 primo
3039 5250 3333 5341 procinctu
3364 5260 3560 5340 praelii,
3595 5250 3734 5342 θΐάίέ

2160 5374 2288 5417 nata
2328 5363 2443 5434 jam
2507 5341 2767 5435 utrinque
2816 5364 2957 5428 acie,
3006 5363 3537 5433 Pbilanthropenum

2163 5459 2361 5511 ducrm
2400 5472 2590 5519 suum,
2648 5472 2893 5526 eumque
2924 5456 3225 5512 Libadario
3272 5448 3625 5511 tradendum.
3663 5436 3731 5488 Ea

2164 5566 2251 5604 res
2285 5549 2689 5604 rondicebatur
2744 5553 2799 5604 in
2840 5549 2892 5604 id
2931 5551 3285 5621 potissimum
3325 5540 3589 5615 temporis
3625 5544 3733 5585 mo-

2166 5654 2436 5708 mentum,
2478 5644 2721 5699 nondum
2763 5644 3047 5701 commissi
3094 5643 3190 5699 sed
3227 5644 3405 5699 solum
3436 5627 3733 5705 paralit-er-

2166 5739 2415 5800 laminis,
2446 5737 2594 5807 quod
2620 5737 2666 5792 si
2699 5738 2932 5793 ulterius
2964 5747 3409 5808 exspectaretur,
3443 5719 3731 5813 pericttltltu

2166 5846 2280 5887 erat
2315 5848 2382 5887 ne
2407 5833 2606 5895 Persae,
2658 5831 2750 5897 qui
2809 5832 3030 5893 plurimi
3084 5844 3133 5891 et
3174 5848 3345 5890 manu
3372 5816 3578 5886 strenui
3612 5810 3729 5863 l'l'l'
