4018 6404
259 381 369 447 249

1194 396 1292 455 DE
1332 398 1782 461 ANDRONICO
1819 402 2287 466 PALASOLOGO
2329 409 2477 470 LIB.
2524 411 2640 473 Ill.

3432 411 3541 473 250

388 496 588 569 ἐκείνῳ
616 499 832 555 ἀκονιτὶ
857 503 1079 568 φανέντι
1111 506 1207 560 καὶ
1235 508 1398 576 μόνον
1428 510 1568 579 μετά
1588 511 1696 564 τῶν
1726 530 1851 565 συν·
1879 517 1927 570 Α
1954 515 2187 570 πλείστα
2218 520 2676 589 νεανιευσάμενος
2706 519 2896 584 ἔξεισι.
2935 521 3046 573 Καὶ
3068 519 3131 588 δὴ
3159 520 3253 587 ἀφ’
3276 521 3546 589 ἐκατέρου

258 586 473 653 τάξεων
496 590 638 658 (δέος
668 591 779 665 γὰρ
818 596 891 667 μή
939 612 992 648 τι
1038 599 1134 651 καὶ
1181 602 1717 675 παρακινδυνευθείη
1767 604 1864 658 τοῦ

258 680 562 750 Περσικοῦ,
584 678 668 749 οἷς
696 687 792 740 καὶ
838 689 1041 758 μᾶλλον
1094 692 1343 765 ἐθάρρει,
1393 696 1863 763 ἐπεισπεσόντος),

263 772 423 826 ταῦτ’
466 774 527 827 ἐν
586 777 922 850 ἀπορρήτοις
987 783 1297 853 πράξαντες
1343 788 1720 859 ἐκαρτέρουν,
1767 788 1866 859 τὴν

264 861 510 935 ὑποψίαν
525 864 589 931 ἐξ
619 866 857 933 ἅπαντος
894 870 971 937 ὡς
1007 869 1155 945 είχον
1186 875 1551 941 ἐκκλίνοντες.

413 1000 507 1057 ια’.
542 1005 748 1073 ὀπως
779 1008 1079 1079 παρεδόθη
1115 1013 1150 1065 ὁ
1189 1014 1721 1084 Φιλανθρωπηνός.

349 1142 501 1197 Ἀλλ’
530 1142 740 1221 ἐπέστη
764 1150 859 1199 καὶ
896 1149 923 1217 ἢ
956 1148 1125 1221 κυρία
1146 1166 1160 1181 ο
1193 1151 1226 1221 ή
1254 1151 1302 1205 δ’
1331 1146 1401 1223 ἦν
1428 1154 1715 1225 ὑστεραία.
1748 1157 1866 1209 Καὶ

258 1237 287 1286 ὁ
333 1235 446 1303 μὲν
483 1236 862 1308 συνηθροικὼς
889 1240 990 1303 τὰς
1027 1243 1158 1313 περὶ
1181 1243 1345 1298 αὑτὸν
1378 1244 1636 1314 δυνάμεις
1666 1247 1731 1300 ἐκ
1760 1249 1869 1301 Λυ-

252 1326 389 1391 δίας
418 1330 715 1399 ἐφίσταται
747 1331 825 1399 τῷ
867 1332 1169 1403 Νυμφαίῳ,
1219 1335 1353 1389 ὅπου
1398 1336 1496 1391 καὶ
1522 1339 1571 1390 oi
1623 1340 1867 1392 ἀποστα-

253 1417 496 1481 τοῦντες
525 1419 715 1490 διῆγον
736 1438 750 1453 ο
774 1424 801 1475 ό
833 1422 890 1474 δὲ
922 1423 1014 1476 τὸν
1047 1424 1237 1477 αὐτόθι
1289 1425 1521 1494 πύργον,
1547 1426 1606 1478 ὃν
1652 1429 1680 1478 ὁ
1710 1413 1867 1497 ,πορ-

256 1526 337 1578 ερυ
348 1510 689 1579 ρογέννητος
726 1512 856 1583 τῇδε
881 1513 1087 1582 διάγων
1108 1514 1523 1587 ᾠκοδομήσατο,
1549 1515 1739 1569 τοῦτον
1759 1517 1871 1569 τοί-

256 1616 367 1653 νυν
404 1602 656 1673 κατέχων
689 1605 786 1657 καὶ
818 1608 1059 1673 γυναῖκα
1094 1609 1189 1659 καὶ
1233 1607 1394 1661 παῖδα
1435 1609 1533 1661 καὶ
1564 1609 1871 1679 πράγματα

260 1692 396 1744 ἐκεῖ
429 1692 764 1760 συγκλείσας
797 1712 859 1748 τε
894 1696 990 1749 καὶ
1023 1695 1486 1769 ἀσφαλισάμενος,
1520 1702 1737 1771 πρῶτον
1769 1700 1868 1770 μὲν

258 1782 369 1855 τὴν
402 1784 622 1839 ἐκείνου
649 1787 869 1841 ἀκούων
897 1788 1082 1857 ἄφιξιν
1122 1790 1217 1842 καὶ
1253 1789 1374 1843 λίαν
1413 1792 1471 1844 ἐν
1517 1790 1759 1860 θαύματι
1790 1792 1870 1863 τῷ

266 1878 527 1949 μεγίστῳ
557 1879 749 1943 ἐτίθει,
802 1881 920 1943 πῶς
955 1881 1021 1934 ἂν
1061 1880 1157 1933 καὶ
1201 1881 1422 1954 τολμῴη
1469 1885 1672 1953 χωρεῖν
1700 1883 1866 1953 ὁμόσε

208 2004 217 2013 -
262 1970 557 2034 τοσούτοις
590 1988 650 2024 τε
673 1974 771 2027 καὶ
804 1973 1089 2038 τοιούτοις.
1136 1975 1328 2043 Ὅμως
1376 1975 1596 2045 θαρρῶν
1627 1978 1721 2028 ἐπὶ
1754 1978 1865 2038 τοῖς

266 2064 443 2129 ὅλοις,
484 2064 562 2128 ὡς
586 2064 789 2119 αὐτίκα
829 2069 1025 2135 φανεὶς
1056 2067 1116 2121 τὸ
1150 2071 1260 2122 πᾶν
1302 2068 1618 2139 ἐργάσαιτο,
1653 2084 1869 2138 παραγ-

268 2155 468 2223 γείλας
510 2158 606 2211 καὶ
638 2158 767 2221 τοὺς
790 2157 984 2222 ἄλλους
1028 2158 1374 2225 ὁπλίζεσθαι,
1407 2160 1567 2222 αὐτὸς
1590 2160 1691 2231 τὴν
1710 2161 1870 2229 ταχί-

273 2263 415 2320 στην
439 2245 790 2313 ἐξοπλισθεὶς
812 2250 909 2303 καὶ
937 2251 1079 2305 κατὰ
1097 2249 1194 2305 τοῦ
1225 2251 1487 2321 φανέντος
1521 2253 1607 2323 [Ρ.
1646 2251 1772 2324 154]
1800 2253 1869 2305 τὰ

276 2430 654 2502 lanthropeno
712 2432 1047 2500 militabant,
1074 2434 1350 2489 destinata
1377 2430 1579 2491 eventu
1630 2434 1872 2491 frustra-

279 2535 499 2588 rentur,
560 2526 629 2579 iis
678 2540 740 2581 se
788 2525 1173 2582 verisimiliter
1217 2537 1607 2599 aggregaturo.
1668 2530 1871 2599 quibus

283 2619 527 2672 maxime
564 2617 777 2682 ﬁderet,
805 2623 961 2685 duce,
997 2621 1167 2675 simul
1220 2621 1438 2676 initium
1467 2621 1749 2691 pugnandi
1787 2620 1871 2674 fa-

290 2722 435 2764 ctum
458 2720 637 2766 esset.
677 2710 730 2764 ω
756 2726 878 2782 quo
907 2722 1356 2782 praeverteretur,
1405 2716 1702 2783 oportebat
1726 2713 1869 2769 voli-

293 2811 498 2855 tantem
533 2817 659 2855 eum
689 2801 872 2855 adhuc
895 2813 1023 2857 ante
1054 2804 1253 2868 aciem,
1290 2813 1345 2859 et
1368 2805 1616 2875 singulos
1645 2806 1873 2862 ordines

296 2896 363 2947 ad
401 2911 513 2948 rem
544 2895 685 2949 bene
723 2894 1023 2964 gerendam
1069 2896 1480 2962 adhortantem,
1524 2899 1615 2952 ubi
1646 2897 1715 2952 ad
1742 2899 1873 2953 Cre-

301 2995 485 3041 tenses
518 3003 738 3057 quoque
765 2987 817 3041 id
853 2997 1081 3043 acturus
1108 2990 1378 3056 venisset,
1423 2991 1493 3045 ab
1526 2991 1598 3046 iis
1630 2991 1874 3049 circnm-

301 3078 429 3133 sisti
460 3079 770 3150 abducique
799 3094 965 3150 quam
1007 3081 1237 3136 minimo
1273 3082 1538 3147 tumultu,
1567 3084 1714 3137 haud
1737 3084 1871 3137 dum

1971 610 2173 678 μέρους
2230 611 2534 665 σταθεισῶν
2586 612 2693 665 τῶν
2749 613 3055 681 δυνάμεων,
3088 615 3185 666 καὶ
3219 613 3345 665 ὅσον
3393 611 3547 664 οὔπω

1971 702 2286 772 μελλουσῶν
2331 705 2766 775 συμπλέκεσθαι,
2805 704 2947 759 ὥστε
2983 706 3079 759 καὶ
3112 703 3547 774 ἀκροϐολισμοὺς

1967 792 2365 862 ἀμφοτέρωθεν
2397 794 2670 860 γίνεσθαι,
2700 795 2750 848 οί
2784 794 3056 864 Κρητικοὶ
3078 794 3173 847 τοῦ
3201 794 3547 864 συνθήματος

1969 884 2071 937 οὐκ
2096 885 2362 955 ἠμέλουν,
2403 885 2539 939 ἀλλὰ
2570 888 2832 954 φανέντος
2863 885 2958 940 τοῦ
2988 886 3546 956 πρωτοῦεστιαρίτου.

1968 975 2200 1040 δεδιότος
2240 978 2333 1031 καὶ
2354 976 2436 1032 ἐτι
2469 979 2601 1048 περὶ
2639 981 2753 1042 τοῖς
2792 979 2955 1041 ὅλοις,
2992 979 3066 1049 μή
3098 995 3213 1041 πως
3242 979 3430 1048 ἀπάτῃ
3456 977 3545 1029 κα*

1965 1065 2106 1138 δόλῳ
2126 1071 2427 1138 χρήσαιντο
2451 1071 2502 1123 οἱ
2530 1069 2669 1132 τέως
2693 1070 3030 1141 καθυπισχού
3040 1086 3192 1139 μενοι
3216 1069 3520 1138 τιτροδιδόνα⁹

1967 1161 2017 1213 οί
2049 1161 2194 1230 ἀμφὶ
2226 1162 2318 1215 τὸν
2337 1162 2660 1234 Χορτάτζην
2680 1163 2902 1228 αὐτίκα,
2925 1162 3100 1225 οὕτως
3123 1162 3197 1226 ὡς
3210 1159 3355 1232 εἶχον
3386 1163 3522 1229 ὲφιπ

1968 1255 2061 1306 ποί
2089 1271 2149 1307 τε
2180 1256 2276 1307 καὶ
2304 1255 2667 1325 ὡπλισμένοι,
2697 1257 2906 1325 ἀθρόως
2945 1253 3165 1309 ἄλλοθεν
3195 1253 3353 1313 ἄλλος
3390 1269 3547 1320 περι-

1971 1346 2193 1409 στάντες
2238 1346 2332 1399 τὸν
2382 1347 2649 1415 ἡγεμόνα,
2688 1347 2740 1399 οί
2793 1347 2897 1412 μὲν
2947 1346 3211 1415 ῥυτῆρας,
3253 1344 3303 1396 οἱ
3343 1342 3400 1395 δὲ
3451 1344 3547 1394 καὶ
3605 1374 3610 1378 -

1972 1439 2190 1507 σπάθην
2238 1440 2552 1510 ἐπέχουσιν,
2589 1443 2637 1494 οἱ
2682 1441 2732 1494 δ’
2768 1439 3192 1510 ἐμϐριθέστερον
3230 1433 3549 1490 ἀποϐαίνειν

1967 1532 2064 1585 τοῦ
2098 1533 2268 1585 ῖππου
2303 1532 2575 1586 ἐκέλευον.
2616 1532 2677 1585 '0
2719 1531 2774 1584 δέ
2803 1532 2966 1599 γνοὺς
2992 1530 3094 1598 τὴν
3125 1525 3420 1594 ἐπιϐουλὴν
3450 1525 3553 1577 αὑ-

1968 1624 2119 1690 τίηκα,
2154 1625 2375 1697 θαρρῶν
2419 1628 2533 1689 τοῖς
2588 1625 2828 1693 Πέρσαις
2889 1623 3170 1692 ἐπεχείρει
3212 1619 3314 1690 μὲν
3349 1616 3556 1688 ἀμύνε-

1972 1713 2120 1775 σθαι,
2156 1714 2643 1785 καταταχούμενος
2681 1715 2739 1767 δὲ
2773 1715 2836 1767 τὸ
2870 1713 3135 1782 παράπαν
3165 1709 3410 1779 ἀπηύδα,
3458 1705 3556 1759 καὶ

1974 1806 2306 1879 συσχεθέντα
2326 1810 2441 1872 τοῖς
2469 1809 2615 1877 ἀμφὶ
2634 1808 2726 1861 τὸν
2759 1803 3302 1877 πρωτοϐεστιαρίτην
3332 1803 3555 1868 ἕτοιμον

1972 1901 2222 1972 θήραμα,
2251 1900 2513 1954 ταπεινὸν
2543 1901 2636 1953 τὸν
2664 1900 2927 1953 σοϐοῦντα
2960 1898 3066 1968 πρὸ
3093 1897 3188 1950 τοῦ
3221 1896 3315 1950 καὶ
3336 1896 3557 1963 ἄφωνον

1967 1996 2063 2048 τὸν
2086 1994 2257 2048 πολλὰ
2280 1994 2532 2062 λέγοντα,
2564 1991 2909 2059 παρεδίδουν.
2944 1991 3009 2044 Οἱ
3028 1990 3075 2043 δ’
3101 1988 3465 2055 ἐκδραμόντες
3493 1985 3558 2037 ἐκ

1975 2087 2071 2140 τοῦ
2124 2086 2404 2155 ἐξαίφνης.
2445 2084 2566 2138 ἐπεὶ
2614 2083 2705 2137 τὸν
2735 2080 3150 2135 ἀποστατοῦντα
3195 2081 3252 2133 ἐν
3289 2079 3557 2147 ἀφύκτοις

1971 2174 2142 2251 εἶχον,
2177 2177 2312 2241 «ob;
2344 2177 2476 2246 περὶ
2509 2177 2716 2230 ἐκεῖνον
2744 2172 3311 2242 διασκεδαννυμένους
3335 2171 3436 2241 ἤδη
3462 2170 3560 2224 καὶ

1975 2273 2137 2343 μόνον
2174 2271 2283 2341 ὅπη
2331 2270 2640 2342 σωθήσεται
2687 2269 2921 2330 ἕκαστος
2967 2266 3291 2337 ἀφορῶντας
3350 2266 3558 2334 ἀμετα-

1974 2463 2086 2513 ses,
2112 2448 2277 2503 simul
2307 2447 2469 2517 22⁸1
2499 2445 2975 2517 protorestiarites
3014 2445 3269 2515 apparuit
3303 2458 3334 2498 e
3373 2442 3557 2498 medio

1976 2553 2208 2594 suorum
2272 2538 2527 2592 eminens
2569 2535 2813 2606 agmine,
2866 2537 3031 2589 anxie
3062 2534 3415 2604 ille‘quidem
3446 2533 3560 2587 cir-

1977 2639 2391 2701 cumspectans,
2424 2639 2479 2683 et
2508 2628 2638 2683 dum
2672 2629 3036 2683 instabilitate
3064 2627 3371 2695 reputanda
3404 2628 3550 2682 mili-

1978 2724 2069 2786 tiae
2104 2722 2319 2777 venalis
2353 2721 2612 2775 fraudum
2645 2731 2837 2790 operta
2865 2721 3223 2785 subveretur,
3267 2720 3411 2774 haud
3445 2719 3565 2775 sine

1975 2831 2073 2870 cor
2103 2813 2398 2869 vellicante
2424 2812 2540 2867 acri
2579 2821 2730 2866 metu
2765 2810 2924 2866 [idem
2965 2811 3367 2879 promissorum
3397 2824 3568 2880 oppe-

1976 2909 2151 2973 riens,
2200 2906 2491 2963 confestim
2553 2904 2877 2961 Chortatzes
2923 2919 3049 2958 cum
3082 2903 3224 2968 suis,
3257 2903 3460 2958 armati
3507 2911 3567 2957 ut

1976 3012 2138 3058 erant
2174 3002 2231 3056 in
2267 3002 2429 3070 equis
2451 2998 2593 3054 alius
2614 2998 2840 3052 aliunde
2872 3003 3295 3058 concurrentes,
3336 2994 3568 3048 Philan-

1978 3098 2310 3163 thrupenum
2334 3092 2546 3148 circum
2574 3092 2817 3161 undique
2834 3089 3167 3163 funduntur,
3207 3096 3263 3145 et
3298 3089 3348 3145 ei
3382 3099 3571 3143 extor-

291 3170 462 3238 plane
492 3170 840 3240 intelligente
870 3170 1003 3240 quid
1025 3177 1319 3238 gereretur
1340 3173 1591 3225 exercitu
1631 3171 1870 3240 reliquo,

1985 3188 2056 3241 tis
2091 3185 2148 3240 hi
2181 3185 2337 3240 fraeni
2375 3183 2633 3249 habenis,
2665 3183 2891 3253 quidam
2924 3197 3058 3237 ense
3081 3182 3357 3243 detracto,
3392 3181 3569 3249 impe-

285 3276 353 3315 ac
372 3269 676 3331 propterea
706 3262 992 3330 quieturo.
1027 3260 1237 3317 Horum
1261 3262 1346 3316 sic
1381 3262 1772 3332 stipulatorum
1823 3264 1876 3316 in

284 3368 511 3407 summa
543 3353 996 3408 dissimulatione
1024 3353 1323 3410 Cretenses
1346 3356 1695 3410 occasionem
1724 3370 1885 3410 exse-

284 3446 649 3516 quendorum
709 3447 1152 3515 exspectabant,
1217 3447 1458 3503 sollicite
1528 3448 1883 3505 declinantes

283 3537 569 3609 quidquid
610 3538 992 3608 suspicionem
1033 3537 1115 3593 rei
1166 3553 1288 3609 quae
1327 3541 1631 3609 parabatur
1663 3556 1885 3598 movere

283 3630 380 3687 vel
415 3633 708 3687 minimam
756 3632 935 3689 cuivis
969 3641 1181 3702 posset.

472 3769 563 3824 H.
601 3765 672 3822 Ut
719 3765 932 3820 deditus
977 3765 1469 3844 Philcmhropenus
1521 3768 1711 3837 fuerit.-

369 3899 643 3958 Condicta
696 3913 824 3954 mox
869 3896 992 3954 dies
1029 3896 1230 3967 adfuit,
1268 3906 1493 3968 postera
1545 3898 1665 3968 ejus
1710 3899 1888 3971 ipsius

289 4009 408 4067 qua
437 3994 618 4049 fuerat
650 3992 706 4046 in
756 4007 824 4046 ea
858 4006 980 4062 qua:
1013 3991 1259 4046 diximus
1317 4002 1675 4049 conventum.
1709 3993 1889 4049 Liba-

285 4089 492 4146 darius
522 4087 792 4143 collectas
821 4085 875 4138 in
908 4100 1078 4139 unum
1108 4100 1140 4138 e
1195 4082 1371 4156 Lydia
1400 4087 1657 4141 universa
1698 4101 1886 4141 secum

282 4182 492 4253 copias
525 4182 762 4247 ducens,
807 4187 963 4234 recta
1012 4178 1379 4249 Nymphaeum
1411 4193 1628 4242 versus,
1654 4179 1748 4234 ubi
1796 4195 1889 4234 re-

283 4277 470 4334 belles
504 4285 691 4330 castra
737 4273 1115 4338 muniverant,
1169 4273 1361 4327 movit.
1431 4273 1565 4327 Erat
1602 4272 1888 4345 Nymphazi

289 4369 476 4425 turris
499 4383 529 4422 a
563 4365 1064 4437 Porphyrogenito,
1088 4365 1220 4420 dum
1259 4364 1332 4419 ibi
1371 4364 1624 4436 degeret,
1666 4375 1889 4421 exstru-

287 4470 415 4520 cta.
438 4461 501 4516 In
534 4475 657 4516 eam
687 4458 1209 4527 Philanthropenus
1235 4472 1265 4511 a
1301 4472 1361 4511 se
1389 4470 1716 4528 occupatam
1748 4473 1890 4512 uxo-

296 4571 419 4610 rem
454 4568 581 4609 cum
613 4551 727 4606 lilio
760 4563 815 4605 et
841 4549 1077 4620 pecunia
1111 4551 1362 4613 inclusit,
1404 4551 1665 4620 praesidio
1686 4550 1753 4603 ad
1779 4551 1882 4604 ιιυ.
1914 4537 1965 4598 D

300 4664 424 4703 rum
495 4644 811 4701 custodiam
892 4642 1092 4705 idoneo
1166 4644 1448 4713 imposito.
1522 4643 1883 4699 Libadarium

305 4755 474 4812 porro
531 4737 763 4793 audiens
799 4744 996 4792 contra
1048 4752 1108 4790 se
1160 4737 1409 4801 tendere,
1474 4737 1713 4807 primum
1738 4752 1886 4807 aegre

305 4831 599 4896 credebat,
625 4845 753 4885 mox
783 4827 1142 4899 ingeminatis
1193 4830 1260 4882 ad
1294 4828 1458 4882 ﬁdem
1481 4830 1593 4897 jam
1643 4843 1752 4882 non
1784 4830 1884 4883 duo

304 4926 450 4981 hiam
479 4922 701 4977 indiciis
735 4921 1095 4976 vehementer
1135 4918 1398 4973 admirari
1433 4935 1494 4973 se
1542 4919 1889 4974 monstrabat

303 5017 668 5073 temeritatem
722 5013 986 5074 hominis,
1034 5011 1129 5081 qui
1192 5011 1462 5066 adversus
1506 5021 1589 5066 tot
1650 5026 1714 5067 ac
1749 5013 1887 5068 tales

304 5124 575 5181 apparere
604 5108 658 5161 in
692 5106 867 5161 armis
909 5121 973 5160 at:
999 5120 1126 5159 cum
1153 5104 1323 5160 minis
1361 5107 1622 5162 vincendi
1655 5108 1804 5164 ferre
1834 5124 1894 5164 sc

302 5203 527 5259 obvium
554 5200 808 5257 auderet.
840 5199 1034 5253 Jussas
1063 5206 1248 5252 tamen
1279 5200 1347 5253 ad
1389 5214 1690 5267 occursum
1722 5192 1893 5272 expc:

305 5300 411 5355 diri
448 5300 643 5369 copias
678 5298 796 5368 ipse
837 5299 1010 5355 armis
1048 5308 1280 5354 strenue
1317 5302 1554 5371 sumptis
1598 5301 1892 5370 cataphra-

305 5402 429 5449 ctus
463 5400 523 5448 et
576 5392 899 5461 juveniliter
937 5408 996 5447 se
1028 5400 1324 5446 ostentans
1373 5408 1628 5460 prorsum
1676 5393 1895 5464 agebat,

305 5487 515 5557 ingenti
551 5487 750 5540 ﬁducia
776 5500 1102 5540 successum
1136 5484 1251 5555 jam
1290 5501 1440 5539 nunc
1475 5488 1638 5555 quasi
1679 5495 1892 5541 certum

308 5579 495 5634 animo
516 5577 870 5648 pracipiens,
896 5588 952 5631 et
1000 5577 1122 5632 visu
1154 5591 1215 5632 se
1259 5578 1438 5646 primo
1489 5575 1894 5633 debellaturum

308 5686 559 5742 sperans.
586 5670 730 5725 Ecce
753 5677 936 5725 autem
962 5669 1175 5724 directa
1203 5669 1329 5723 hinc
1351 5677 1406 5722 et
1434 5669 1563 5724 inde
1591 5670 1731 5734 acie,
1760 5685 1902 5739 prae-

308 5764 467 5818 libari
492 5764 611 5833 jam
660 5762 965 5832 incipiente
1008 5762 1345 5832 primoribus
1400 5762 1662 5831 utrinque
1704 5764 1896 5818 velita-

316 5858 583 5933 riuncnlis
610 5874 817 5929 pugna,
856 5874 964 5913 non
1013 5856 1170 5913 obliti
1231 5857 1636 5929 promissorum
1679 5858 1906 5916 Creten-

1986 3279 2192 3337 riosius
2212 3278 2323 3347 jam
2357 3278 2447 3331 alii
2472 3292 2616 3346 equo
2640 3275 2866 3331 desilire
2897 3275 3115 3345 jubent.
3143 3272 3280 3328 Sero
3309 3283 3423 3327 tum
3442 3287 3570 3325 seu-

1985 3372 2059 3427 sit
2089 3371 2258 3426 miser
2284 3369 2414 3439 quid
2447 3379 2761 3437 pararetur,
2791 3375 2846 3420 et
2882 3366 3101 3419 irritum
3149 3364 3432 3432 expedivit
3467 3361 3571 3415 im-

1988 3473 2169 3533 petum
2205 3475 2435 3517 suorum
2476 3474 2538 3514 se
2584 3456 2877 3513 Persarum
2922 3455 3132 3511 auxilio
3183 3454 3395 3508 tuendi.
3430 3451 3566 3506 Nam

1985 3567 2291 3626 oppressus
2338 3552 2394 3605 in
2459 3556 2663 3605 conatu
2710 3547 3190 3619 proturbatusque
3252 3559 3468 3600 summa
3518 3542 3571 3595 vi

1986 3643 2281 3716 despondit
2315 3643 2588 3706 animum,
2620 3647 2677 3695 et
2708 3640 2954 3694 vinctum
3001 3653 3061 3693 se
3089 3637 3295 3706 raptari
3323 3635 3397 3697 ad
3444 3650 3572 3704 pro-

1988 3738 2365 3796 tovestiariten
2401 3733 2660 3802 ingratiis
2720 3744 2807 3789 est
2864 3747 3103 3802 passus;
3156 3733 3246 3786 cui
3290 3728 3515 3783 humilis
3544 3744 3575 3780 e

1988 3834 2145 3907 prius
2176 3828 2416 3894 tumido,
2453 3835 2642 3882 mutus
2673 3843 2705 3882 e
2734 3825 2902 3882 modo
2953 3823 3290 3894 jactabunde
3330 3821 3571 3889 loquaci,

1988 3926 2141 3983 velut
2169 3925 2287 3981 fera
2344 3923 2399 3979 in
2451 3927 2679 3989 paratos
2733 3918 3023 3989 compulsa
3073 3931 3263 3971 casses
3298 3914 3577 3968 ittliiattler

1989 4016 2339 4088 exspectanti
2388 4012 2640 4092 venatori
2684 4011 2924 4066 deditur.
2971 4009 3068 4064 Sic
3099 4008 3577 4077 Philanthrnpeno

1990 4113 2047 4168 in
2073 4111 2408 4166 tutissimam
2434 4109 2565 4163 dato
2586 4106 2924 4171 custodiam,
2948 4102 3243 4159 Cretenses
3262 4101 3425 4157 iidem
3444 4100 3577 4170 jun-

1990 4205 2064 4261 cti
2089 4203 2266 4274 copiis
2299 4198 2578 4255 Libadarii
2609 4198 2663 4253 in
2700 4196 2824 4264 ejus
2858 4194 3166 4249 exercitum
3191 4208 3326 4247 casu
3364 4192 3578 4262 percul-

1992 4313 2117 4354 sum
2142 4295 2428 4365 inopinato
2463 4292 2785 4359 incerteque
2829 4287 3013 4358 primo
3058 4287 3416 4348 titubantem,
3447 4299 3577 4338 mox

1992 4389 2237 4461 dispergi
2270 4394 2537 4454 emptum,
2560 4383 2609 4438 vi
2638 4392 2750 4438 tota
2779 4382 3022 4447 irruunt,
3052 4391 3108 4435 et
3139 4377 3580 4433 irrevocabiliter

1997 4484 2326 4540 incumbunt
2368 4480 2421 4533 in
2454 4477 2869 4548 persequendos
2926 4474 3134 4545 passim
3172 4480 3578 4534 consternatos,

1993 4590 2162 4630 cursu
2194 4571 2342 4627 varie
2388 4570 2625 4632 intento,
2661 4576 2827 4637 prout
2870 4580 2997 4635 spes
3034 4563 3281 4631 ﬂexerat,
3334 4563 3579 4618 latebras

1994 4675 2050 4722 et
2073 4681 2240 4721 casus
2272 4661 2506 4718 extremi
2539 4660 2801 4730 ell‘ugium
2858 4659 3022 4714 anxie
3052 4664 3361 4727 captantes.
3389 4655 3581 4710 Infeli-

1995 4759 2220 4814 cissima
2252 4753 2499 4809 conditio
2522 4752 2818 4809 Persarum
2846 4751 2970 4805 fuit.
3002 4749 3067 4803 Hi
3095 4749 3288 4820 procul
3325 4764 3355 4802 a
3378 4749 3579 4818 patria,

1994 4850 2299 4907 intercluso
2334 4847 2401 4901 ad
2430 4846 2651 4917 propria
2693 4858 2973 4914 regressu,
3010 4842 3290 4910 insperato
3320 4840 3578 4896 destituti

2000 4942 2259 5014 prasidio
2292 4941 2469 5003 ducis,
2490 4938 2647 5008 cujus
2682 4937 2881 4993 ﬁducia
2912 4936 3198 5005 potentiae,
3231 4943 3291 4990 ut
3325 4934 3579 4990 credide.

2000 5040 2148 5095 rant,
2173 5028 2600 5093 fundatissimaa,
2618 5030 2669 5081 in
2695 5025 2969 5081 hosticum
2988 5039 3184 5080 secure
3200 5034 3550 5095 penetraram
3566 5066 3580 5084 ,

2001 5127 2097 5181 ubi
2127 5140 2253 5180 eum
2301 5123 2460 5193 cujus
2511 5121 2673 5176 unice
2723 5119 2923 5189 opibus
2967 5119 3311 5183 nitebantur,
3359 5132 3583 5189 repente

2005 5213 2406 5277 miserabilem,
2428 5210 2775 5281 irreparabili
2806 5224 3135 5281 oppressum
3162 5210 3340 5275 clade,
3372 5210 3586 5264 insolu—

2005 5309 2214 5365 bilibns
2263 5306 2583 5360 innodatum
2640 5303 2878 5359 vinculis
2932 5303 3244 5359 clarissime
3299 5303 3580 5363 viderunt,

2006 5396 2100 5449 diu
2143 5394 2337 5462 inopes
2370 5392 2588 5446 consilii
2621 5408 2732 5462 quo
2762 5408 2824 5447 se
2850 5403 3124 5448 verterent
3146 5408 3253 5448 non
3284 5391 3582 5447 habebant.

2006 5486 2167 5549 Unde
2201 5501 2306 5541 nec
2334 5486 2645 5541 consistere
2667 5499 2768 5540 nec
2793 5484 2983 5556 fugere
3013 5486 3281 5547 valentes,
3322 5485 3376 5538 in
3417 5484 3586 5536 vesti-

2005 5580 2095 5651 gio
2136 5577 2573 5633 trucidabantur.
2606 5577 2761 5633 Alius
2800 5579 2925 5642 hoc,
2979 5578 3118 5633 alius
3157 5577 3273 5640 illo,
3301 5576 3439 5629 alter
3479 5576 3584 5627 alio

2009 5671 2304 5741 prehenso,
2345 5678 2513 5740 prout
2541 5670 2783 5726 libuerat
2839 5670 3197 5732 abutebatur,
3252 5673 3583 5724 mat-tantes.

2007 5764 2262 5833 captivos
2333 5764 2698 5829 abducentes,
2789 5765 3169 5826 vulnerantes,
3241 5759 3581 5820 llilllilattlt's,

2009 5866 2370 5926 exetccantes,
2423 5857 2748 5928 spoliantes,
2798 5855 3143 5927 cxpilantes;
3202 5852 3399 5922 quibus
3435 5851 3584 5906 varie
