4018 6404
301 403 413 468 Ξ53

1232 407 1331 467 DE
1370 404 1820 465 ANDRONICO
1857 406 2323 469 PALIEOLOG’O
2344 412 2491 470 LIB.
2533 411 2648 474 IlI.

3464 413 3574 474 254

297 520 417 590 γὰρ
451 517 534 571 ὅτι
555 517 674 579 νέος
696 515 773 569 ὣν
804 516 887 570 ἔτι
920 519 1013 572 καὶ
1046 518 1177 589 παρ’
1206 518 1383 571 αὐτῶν
1424 517 1677 585 ἀναχθεὶς
1708 515 1886 569 τοιού·
1916 519 1959 572 Α
1990 518 2217 590 γνώμην
2251 520 2351 591 τὴν
2382 521 2533 591 παρὰ
2569 522 2841 591 βασιλέως
2868 523 3248 594 ὑπισχνεῖσθαι
3269 524 3363 576 καὶ
3390 526 3449 577 τὸ
3476 526 3569 577 τοῦ

298 627 419 673 τοις
451 609 817 675 ἐπιτολμῆσαι
852 610 1135 679 ἠνέσχετο,
1165 608 1261 671 τὰς
1296 610 1433 677 πρὸς
1474 609 1601 670 τοὺς
1632 608 1889 676 βασιλέας

298 702 515 763 πίστεις
555 699 685 771 παρ’
717 700 871 753 οὐδὲν
902 700 1223 768 τιθέμενος*
1278 699 1524 770 ἠθύμουν
1550 699 1597 749 δ’
1626 698 1783 760 αὖθις
1827 698 1886 751 τὸ

302 791 652 863 θερμουργδν
684 794 898 845 ἐκείνου
932 794 1025 845 καὶ
1060 793 1181 846 νέον
1210 792 1665 855 ὑποτοπάςοντες.
1697 792 1791 843 καὶ
1813 792 1888 852 ὡς

301 886 469 957 ἔργον
516 884 667 938 ἔσται
706 885 777 937 τὸ·
805 885 1089 954 μέγιστον,
1128 885 1203 954 μὴ
1249 884 1329 937 ὅτι
1383 901 1447 951 γε
1484 883 1778 936 καταλύειν
1807 883 1889 943 εἰς

297 979 457 1038 τέλος
482 977 850 1048 μαχομένους,
878 978 1017 1031 ἀλλὰ
1048 980 1144 1031 καὶ
1173 977 1480 1048 ἐξημεροῦν
1513 977 1650 1040 τέως
1677 976 1889 1044 μετιόν-

299 1088 404 1135 τας
436 1070 851 1139 ύποποιήσεσιν.
885 1070 1051 1123 Ὅθεν
1081 1072 1175 1125 καὶ
1205 1070 1468 1140 δοκούσης
1509 1070 1587 1122 ἔτι
1626 1069 1726 1137 τῆς
1755 1069 1890 1120 ἀπο-

301 1164 537 1225 στασίας
581 1162 936 1215 συνίστασθαι
968 1162 1120 1216 δεινὰ
1165 1163 1408 1224 ἐποίουν,
1450 1162 1545 1214 καὶ
1578 1160 1643 1232 [Ρ
1671 1159 1798 1231 156]
1830 1159 1889 1212 τὸ

299 1255 416 1307 πᾶν
444 1255 501 1305 ἐν
533 1253 763 1315 ἐκείνοις
816 1253 1017 1324 κράτος
1064 1253 1434 1309 καταλύεσθαι
1469 1252 1657 1324 ᾦοντο,
1690 1254 1780 1304 καὶ
1814 1251 1890 1313 ὡς

300 1342 701 1413 ἀφαιρεθέντες
729 1344 790 1396 τὸ
825 1344 924 1412 τῆς
957 1344 1133 1415 ἀρχῆς
1163 1343 1325 1397 πλέον
1365 1343 1460 1396 καὶ
1488 1342 1618 1413 περὶ
1646 1340 1741 1394 τοῦ
1781 1340 1891 1392 λει-

300 1437 548 1505 πομένου
577 1435 917 1507 ἐφρόντιζον,
952 1438 1046 1489 καὶ
1075 1437 1222 1507 δεινή
1254 1455 1341 1498 τις
1364 1434 1683 1503 κατειλήφει
1714 1426 1891 1503 κατή-

304 1546 437 1599 φεια
470 1529 539 1581 τὰ
598 1529 895 1602 ἀνάκτορα.
949 1529 1056 1581 Καὶ
1107 1529 1172 1599 δὴ
1206 1529 1466 1595 φανέντος
1500 1528 1595 1580 καὶ
1625 1524 1891 1592 τάδελφοῦ

300 1619 788 1691 πρωτοσεϐαστοῦ,
818 1620 880 1674 τὸ
913 1622 1023 1674 πᾶν
1053 1621 1147 1673 τοῦ
1185 1620 1361 1689 θυμοῦ
1391 1620 1478 1671 ἐπ’
1517 1618 1710 1688 ἐκείνῳ
1742 1616 1895 1686 δαψι-

298 1712 567 1782 λέστερον
595 1713 905 1777 ἐξεκένουν,
934 1714 1031 1766 καὶ
1067 1713 1322 1774 ἀπειλαῖς
1353 1711 1449 1765 καὶ
1470 1709 1693 1778 ὕϐρεσιν
1731 1708 1891 1762 ἔϐαλ-

300 1806 420 1869 λον,
453 1804 598 1858 ὥστε
638 1807 732 1857 καὶ
776 1804 898 1857 καθ’
940 1805 1307 1873 ὑποκειμένου
1354 1803 1424 1856 τὰ
1463 1803 1558 1855 τοῦ
1591 1801 1766 1870 θυμοῦ
1799 1801 1893 1854 καὶ

303 1900 403 1967 τῆς
435 1896 609 1967 ὀργῆς
643 1895 892 1963 γίνεσθαι
924 1896 1019 1949 καὶ
1067 1896 1141 1967 μὴ
1190 1896 1322 1951 κενὰ
1364 1894 1442 1965 τῷ
1473 1895 1597 1965 ἀέρι
1635 1893 1891 1946 δίδοσθαι.

302 1991 471 2056 Τέλος
505 1991 605 2062 τὴν
639 1990 773 2059 πρὸς
796 1992 1004 2043 ἐκεῖνον
1026 1990 1357 2058 ἀπογνόντες
1391 1993 1595 2060 μάχην,
1630 1990 1897 2059 χρησταῖς

307 2083 635 2153 ὁμολογίαις
672 2084 766 2136 καὶ
805 2082 1116 2149 δεξιώσεσιν
1168 2083 1626 2137 ύποκατακλίνειν
1681 2084 1895 2144 ἑαυτοῖς

307 2176 404 2228 τὸν
434 2176 894 2244 ἀποστατήσαντα
934 2175 1310 2243 ἐϐουλεύοντο,
1348 2175 1444 2228 καὶ
1496 2174 1682 2244 σφισιν
1720 2174 1898 2227 ἐδόκει

305 2268 814 2337 διαπρεσϐεύεσθαι
864 2267 1001 2337 πρὸς
1034 2268 1245 2321 ἐκεῖνον
1281 2267 1343 2319 τὸ
1390 2269 1577 2335 τάχος.
1614 2266 1721 2317 Καὶ
1760 2264 1896 2334 πρὸς

304 2360 408 2428 τὴν
441 2359 750 2428 πρεσϐείαν
782 2357 1096 2426 ἐξελέγοντο
1118 2361 1145 2411 ὁ
1167 2358 1364 2424 τυφλὸς
1403 2356 1600 2409 Ῥαοὺλ
1633 2355 1900 2417 Ἰσαὰκιος

308 2451 407 2506 καὶ
445 2452 480 2522 ἡ
518 2450 1079 2520 πρωτοϐεστιάρισσα
1117 2451 1395 2519 Θεοδὼρα.
1430 2445 1542 2503 Ἶιν
1572 2448 1630 2501 δὲ
1660 2447 1815 2517 σφίσι
1845 2447 1902 2500 τὸ

1991 614 2271 683 Καίσαρος
2300 614 2523 683 ἀξίωμα
2552 616 2990 684 ἐπαγγέλλεσθαι
3026 618 3121 671 καὶ
3150 618 3466 687 πρεπούσας
3498 622 3576 670 οι-

1963 707 2254 775 ’κονομίας
2275 706 2355 774 τῷ
2385 706 2678 776 ἀξιώματι,
2720 711 2771 761 εἰ
2812 710 2979 777 μόνον
3013 709 3402 777 μεταπεισθείη
3438 714 3575 778 πρὸς

1987 797 2088 866 τὴν
2127 795 2219 849 τοῦ
2255 797 2527 865 βασιλέως
2551 797 2768 852 εὔνοιαν
2793 802 2888 853 καὶ
2914 803 2977 871 τῇ
3018 801 3081 866 ἐξ
3109 799 3289 869 ἀρχῆς
3322 800 3577 852 καθυπα-

1991 888 2145 958 χθείη
2181 889 2418 959 δουλείᾳ.
2697 891 2713 902 ’

1993 1012 2083 1071 ιγ’.
2116 1005 2255 1069 Περὶ
2283 1006 2404 1058 τῶν
2427 1006 2667 1074 ἀγαθῶν
2695 1008 2989 1075 ἀγηνελιῶν
3020 1008 3117 1059 καὶ
3148 1007 3259 1071 τῆς
3291 1008 3437 1073 πρὸς
3461 1006 3577 1075 τὴν·

2142 1111 2146 1115 ς
2172 1079 2467 1131 Θεοτόκον
2500 1079 2608 1131 τοῦ
2649 1078 2960 1144 ,βασιλέως
2989 1080 3396 1145 εὐχαριστίας.

2076 1163 2216 1217 Ἀλλ’
2242 1163 2302 1228 ἐξ
2331 1164 2543 1219 ἐκείνου
2580 1165 2733 1219 οῦπω
2768 1167 3049 1236 παρῆλθεν
3076 1169 3108 1237 ἡ
3140 1167 3295 1235 ἕκτη,
3322 1167 3416 1219 καὶ
3439 1170 3578 1234 ἁγα-

1994 1256 2086 1310 θαὶ
2115 1256 2372 1324 ἀγγελίαι
2401 1259 2941 1327 καταλαμϐάνουσιν,
2974 1260 3049 1321 ὡς
3075 1258 3143 1310 τὰ
3183 1261 3295 1310 τῶν
3329 1259 3575 1311 ἀποστα-

1991 1347 2230 1402 τούντων
2263 1350 2357 1402 καὶ
2397 1349 2504 1417 πρὸ
2543 1349 2769 1421 ἡμερῶν
2804 1350 3239 1419 διαπέπρακται.
3273 1350 3381 1401 Καὶ
3429 1348 3574 1401 κατὰ

1993 1440 2190 1493 λεπτὸν
2221 1441 2537 1510 ἐρωτῶντες
2566 1442 2875 1511 ἐμάνθανον
2909 1444 3030 1495 τότε
3081 1442 3150 1494 τὰ
3199 1442 3348 1495 δεινὰ
3393 1441 3578 1509 σφίσιν

1994 1532 2353 1600 ἀγγέλλεσθαι
2384 1534 2474 1586 ὅτε
2526 1532 2741 1586 παῦλαν
2770 1528 2935 1602 ἐἶχον
2984 1533 3057 1586 τὰ
3083 1533 3335 1602 λυπηρὰ,
3362 1533 3457 1583 καὶ
3499 1533 3574 1583 ὅτ’

1994 1624 2151 1676 αὐτοὶ
2193 1625 2321 1695 περὶ
2351 1626 2578 1678 ἐκείνων
2615 1627 2935 1695 ἐφρόντιζον
2977 1625 3087 1679 τότ’
3118 1627 3359 1687 ἐκείνους
3390 1627 3578 1677 ἐπιτε-

1994 1716 2298 1788 τελεσμένῃ
2323 1719 2388 1787 τῇ
2416 1717 2724 1786 καταμύσει
2762 1718 2870 1769 τῶν
2909 1716 3166 1786 χαλεπῶν
3200 1714 3575 1785 ἐνηδύνεσθαι.

2009 1808 2070 1862 '0
2111 1798 2297 1879 μένξτοι
2330 1826 2394 1875 γε
2432 1807 2687 1878 βασιλεὺς
2712 1809 2771 1860 τὸ
2810 1810 2927 1862 πᾶν
2955 1810 3289 1878 προσνέμειν
3322 1807 3434 1860 δεῖν
3463 1807 3580 1878 θερί.

2000 1919 2105 1955 νων
2141 1904 2208 1971 τῇ
2246 1901 2577 1971 Θεομήτορι,
2619 1903 2716 1954 κα)⁸
2755 1901 2829 1963 ὡς
2860 1902 3029 1970 αὐτῆς
3071 1899 3270 1969 βοηθοῦ
3304 1899 3578 1952 πιστεύων

2000 1993 2264 2063 φανείσης
2301 1995 2361 2046 τὸ
2390 1994 2500 2047 τῶν
2527 1995 2853 2047 ἀποστατῶν
2887 1992 3059 2056 οὕτως
3090 1994 3148 2045 ἐν
3177 1992 3376 2060 ἀκαρεί
3415 2008 3580 2043 κατε-

2000 2085 2136 2155 λιύθη
2171 2084 2463 2154 φρύαγμα,
2491 2087 2605 2140 δεῖν
2631 2087 2772 2154 ἔγνω
2802 2087 2893 2138 καὶ
2925 2086 3064 2156 μόνῃ
3083 2084 3258 2154 ταύτῃ
3284 2083 3581 2148 ἀπονέμειν

2000 2177 2069 2230 τὰ
2110 2180 2466 2248 χαριστήρια,
2513 2179 2604 2231 καὶ
2636 2178 2755 2248 ἅμα
2791 2177 2869 2247 τῷ
2897 2177 2997 2239 τὰς
3033 2176 3293 2244 ἀγγελίας
3322 2174 3583 2241 δέξασθαι

2002 2271 2099 2323 καὶ
2127 2270 2438 2332 πιστεῦσαι,
2471 2271 2697 2323 αὐτόθεν
2729 2270 2788 2334 ἐξ
2817 2270 3136 2339 ἀνακτόρων
3162 2270 3302 2339 πεζῇ
3334 2268 3435 2336 τὴν
3465 2267 3584 2321 ὁδὸν

2001 2359 2390 2428 διεξεληλυθὼς
2430 2360 2549 2431 ἅμα
2578 2364 2644 2431 τῇ
2696 2361 2826 2429 περὶ
2853 2361 3016 2415 αὑτὸν
3059 2360 3213 2425 τάξει
3244 2360 3344 2429 τὴν
3372 2360 3484 2411 τῶν
3517 2357 3583 2430 [Ρ

2006 2452 2129 2524 157]
2180 2452 2422 2522 Ὀδηγῶν
2455 2453 2874 2523 καταλαμϐάνει
2910 2451 3109 2523 μονὴν,
3149 2453 3244 2506 καὶ
3296 2453 3587 2505 κατέναντι

307 2545 698 2613 ἀνακείμενον,
730 2543 850 2614 πλῷ
881 2544 1267 2615 χρησαμένους
1292 2543 1386 2595 καὶ
1419 2543 1749 2604 ἐπιστάντας
1776 2556 1906 2607 συγ·
2004 2548 2103 2616 τῆς
2145 2546 2448 2613 σεϐασμίας
2483 2546 2693 2609 εἰκόνος
2729 2545 2945 2608 σταθεὶς
2982 2545 3250 2614 ἀπονέμει
3299 2545 3395 2613 μὲν
3431 2541 3583 2595 κατὰ

313 2724 809 2796 est,etprincipum
831 2723 1146 2778 animosira
1166 2732 1218 2778 et
1238 2733 1411 2776 metus
1435 2721 1910 2792 dirisitJndigna-
2008 2723 2129 2788 His,
2161 2733 2419 2792 correpto
2454 2722 2811 2792 navigatione
2842 2737 3007 2790 quam
3042 2720 3337 2776 celerrima
3362 2721 3587 2785 itinere,

320 2821 517 2873 bantur
547 2819 841 2872 hominem
874 2817 1055 2873 adhuc
1079 2816 1912 2882 adolescentem,abipsisedtt-
2008 2816 2261 2872 conferre
2310 2832 2371 2871 se
2423 2816 2785 2872 citissime-ad
2840 2814 3370 2884 Philantbropenum
3413 2814 3589 2884 jussis

327 2920 531 2974 catum,
552 2911 799 2981 ipsorum
821 2910 1103 2964 beneﬁciis
1118 2920 1388 2971 evectum,
1412 2917 1523 2961 tam
1548 2917 1907 2971 mature,tam
2011 2908 2195 2961 datum
2248 2910 2302 2963 in
2339 2909 2614 2961 mandatis
2642 2917 2726 2962 est
2760 2908 2965 2961 offerre
3009 2908 3115 2976 ipsi
3145 2909 3214 2961 ab
3252 2908 3588 2976 imperatore

336 3003 564 3075 ingrate,
617 3011 834 3058 tantum
890 3004 1097 3055 audere
1159 3002 1520 3062 sastiuuisse,
1558 3001 1681 3054 ﬁdei
1744 3014 1913 3068 quam
2013 3001 2248 3068 primum
2304 2999 2637 3053 oblivionem
2678 3014 2741 3051 ac
2794 2997 3007 3051 veniam
3065 2996 3413 3054 deiectionis.
3477 3007 3590 3049 tum

328 3096 555 3152 deberet
578 3096 978 3167 imperantibus
1008 3097 1155 3150 nulla
1183 3098 1398 3150 ratione
1429 3096 1641 3150 habita.
1680 3096 1913 3150 Aliunde
2014 3093 2178 3146 etiam
2233 3092 2472 3147 Caesaris
2523 3091 2869 3160 dignitatem,
2921 3101 2977 3145 et
3028 3098 3192 3144 tanto.
3262 3088 3597 3145 sustinendo

319 3190 642 3244 metuebant
672 3205 700 3242 a
743 3187 952 3242 fervida
986 3189 1169 3242 indole
1199 3203 1361 3241 manu
1392 3188 1626 3257 prompti
1653 3188 1911 3256 juvenis;
1941 3192 1982 3248 C
2019 3184 2178 3237 titulo
2208 3200 2482 3255 congruas
2523 3200 2553 3239 e
2593 3187 2726 3239 fisco
2763 3186 3059 3253 pensiones
3121 3184 3400 3253 polliceri,
3429 3182 3594 3236 modo

316 3296 374 3344 et
408 3289 529 3343 suis
580 3302 701 3342 rem
731 3294 909 3339 totam
960 3289 1260 3339 momentis
1322 3286 1683 3347 aestimantes,
1747 3285 1907 3337 facile

316 3379 693 3450 providebant
753 3378 908 3431 ardui
977 3377 1093 3432 fore
1151 3377 1380 3448 negotii,
1442 3376 1795 3445 praeferocem
1854 3387 1904 3429 et

315 3473 464 3529 bello
521 3471 796 3525 hactenus
828 3469 1039 3524 felicem
1094 3469 1522 3535 ducem,'tanto
1565 3468 1913 3522 succinctum

319 3564 598 3628 exercitu,
662 3578 770 3617 non
826 3562 1007 3616 dicam
1046 3577 1225 3630 pugna
1292 3561 1567 3629 frangere,
1601 3568 1683 3613 tot
1738 3561 1915 3627 ipsius

322 3656 717 3710 internecione
762 3652 938 3721 copiis
994 3652 1264 3715 delendis,
1325 3649 1421 3705 sed
1491 3651 1577 3704 vel
1647 3650 1911 3718 mitigare

323 3747 739 3803 conditionibus
792 3744 991 3813 amplis
1046 3742 1347 3798 oll'erendis
1405 3752 1460 3796 et
1510 3742 1796 3798 blanditiis
1844 3743 1915 3795 ad

324 3843 560 3914 gratiam
585 3855 871 3895 revocare.
904 3838 1089 3904 Quare
1117 3839 1308 3892 valere
1336 3845 1452 3891 tum
1492 3836 1678 3891 adhuc
1706 3846 1760 3891 et
1785 3850 1913 3890 cum

327 3937 571 3991 maxime
602 3934 832 4004 ﬂagrare
867 3934 1197 3989 seditionem
1229 3932 1377 3985 illam
1413 3930 1734 3999 opinantes,
1796 3945 1913 3983 non

328 4030 509 4085 solum
544 4042 810 4097 quorsum
874 4033 1192 4096 erumperet
1245 4023 1597 4082 verebantur.
1633 4036 1822 4075 verum
1862 4027 1916 4073 et

329 4121 537 4177 factum
591 4119 959 4188 imaginantes
1012 4117 1160 4187 quod
1215 4132 1284 4172 ne
1336 4116 1493 4170 ﬂeret
1529 4115 1694 4185 230
1720 4113 1916 4167 horre-

329 4214 491 4273 bant,
548 4211 731 4278 specie
784 4207 1106 4263 tristissima
1172 4207 1546 4261 turbabantur
1597 4203 1769 4273 erepti
1801 4203 1914 4271 jam

333 4304 473 4375 ipsis
503 4300 743 4371 imperii,
762 4300 959 4368 suique
989 4313 1135 4352 nunc
1164 4300 1561 4367 Augustorum,
1594 4311 1718 4350 mox
1748 4296 1914 4350 etiam

335 4398 407 4453 de
433 4396 566 4449 vita:
598 4409 662 4448 ac
718 4394 939 4456 salutis,
967 4392 1013 4447 si
1042 4408 1165 4460 qum
1207 4391 1440 4460 dejectis
1477 4389 1615 4445 solio
1653 4388 1799 4442 forte
1825 4401 1920 4440 su-

336 4488 646 4561 perforent,
684 4486 1015 4541 miserrimis
1041 4483 1293 4553 reliquiis
1310 4483 1380 4536 ab
1401 4491 1653 4537 extrema
1672 4480 1919 4550 pernicie

2012 3278 2105 3330 ille
2134 3277 2383 3330 vicissim
2417 3278 2739 3331 ostenderet
2768 3277 2915 3331 bona
2955 3276 3059 3332 lide
3088 3292 3147 3330 se
3175 3284 3593 3341 resumpturum

2017 3369 2347 3423 benevolum
2402 3371 2456 3423 in
2493 3369 2803 3432 Augustum
2861 3369 3127 3431 animum,
3165 3376 3217 3420 et
3250 3366 3315 3418 ad
3371 3365 3423 3418 id
3450 3363 3595 3433 quod

2016 3459 2171 3512 initio
2206 3458 2489 3529 professus
2526 3460 2700 3512 fuerat
2737 3459 3065 3527 obsequium
3103 3458 3447 3512 rediturum-

2016 3571 2103 3625 15.
2141 3553 2213 3625 De
2236 3570 2431 3641 faustis
2473 3571 2672 3652 nuntiis
2714 3577 2764 3624 et
2804 3569 3141 3650 imperatoris
3194 3570 3262 3621 ad
3304 3568 3599 3637 Deiparam

2513 3650 2821 3711 gratiarum
2872 3653 3100 3694 αιίιοηε.

2090 3729 2291 3784 Verum
2319 3746 2346 3782 a
2373 3730 2552 3799 primo
2577 3729 2912 3783 defectionis
2935 3730 3142 3782 indicio
3168 3727 3418 3781 nondum
3441 3736 3598 3780 sivxta

2014 3825 2139 3878 dies
2197 3832 2311 3876 tota
2361 3822 2665 3884 ellluxerat,
2725 3837 2849 3876 cum
2912 3837 3040 3876 ecce
3075 3822 3378 3875 adveniunt
3411 3819 3602 3873 felices

2025 3916 2228 3979 nuntii,
2261 3916 2595 3968 debellatum
2629 3916 2697 3966 ab
2732 3916 2943 3982 aliquot
2994 3914 3106 3983 jam
3168 3910 3363 3965 diebus
3397 3918 3601 3964 totam-

2016 4024 2124 4081 que
2160 4008 2444 4062 rebellium
2478 4006 2771 4059 factionem
2837 4006 3089 4059 funditus
3120 4005 3410 4072 disjectam
3445 4002 3601 4055 dele—

2024 4112 2245 4170 tamque
2271 4109 2665 4153 memorantes.
2698 4096 2773 4152 Ex
2804 4098 2889 4152 bis
2924 4098 3051 4151 dum
3116 4105 3333 4166 tempus
3366 4110 3601 4164 percon-

2020 4195 2282 4248 tabantur
2317 4199 2486 4260 gestae
2514 4205 2683 4259 quam
2715 4188 3015 4263 narrabant
3053 4188 3156 4253 rei,
3186 4187 3605 4256 comperiebam

2020 4286 2149 4355 ipso
2215 4290 2495 4337 momento
2541 4297 2652 4348 quo
2714 4282 2898 4335 minax
2934 4281 3084 4350 ipsos
3121 4290 3174 4335 et
3211 4279 3388 4333 tristis
3416 4294 3607 4346 pereu-

2022 4377 2185 4433 lisset
2216 4374 2382 4438 fama,
2441 4373 2599 4443 231
2632 4372 2744 4442 jam
2802 4381 2918 4426 tum
2976 4372 3218 4442 quietem
3310 4368 3490 4423 turbis
3552 4377 3606 4422 et

2022 4467 2222 4525 terrori
2280 4467 2637 4521 securitatem
2700 4465 3065 4541 successisse,
3096 4476 3307 4531 eosque
3342 4452 3454 4531 'qui
3493 4461 3604 4515 illic

339 4578 795 4652 periclitantium.
854 4575 1070 4629 Talium
1132 4575 1360 4629 indiciis
1400 4581 1678 4627 terrorum
1741 4572 2114 4655 pictasnres
2173 4559 2484 4629 principum
2539 4558 2830 4620 curabant,
2916 4566 3048 4610 tunc
3128 4555 3302 4625 plena:
3362 4554 3611 4608 victoria:

341 4689 440 4745 per
490 4671 756 4741 palatium
818 4668 987 4723 facies
1015 4668 1256 4733 videres,
1312 4666 1544 4736 pallidas
1603 4673 1660 4718 et
1724 4673 1921 4718 mmsto

343 4766 570 4822 tetricas
605 4762 851 4827 silentio,
884 4761 991 4815 nisi
1047 4760 1271 4830 quando
1331 4759 1459 4813 novi
1493 4756 1797 4827 perduellis
1844 4765 1927 4811 tot

340 4858 610 4910 malorum
653 4853 903 4907 auctoris
934 4851 1107 4905 frater
1138 4849 1564 4919 protoscbastus
1601 4856 1920 4916 appareret.

342 4952 402 5005 In
441 4951 593 5004 hunc
646 4948 816 5010 enim,
871 4946 1029 5013 quasi
1102 4946 1246 4998 nacti
1304 4959 1533 5013 scopum
1592 4942 1819 5011 dignum
1869 4941 1926 4994 in

343 5056 507 5112 quem
545 5053 762 5094 arcanae
828 5038 999 5091 rabiei
1054 5053 1163 5090 non
1218 5037 1331 5107 jam
1385 5034 1589 5088 frustra
1653 5033 1708 5086 in
1743 5047 1924 5086 aerem

342 5133 626 5203 perdenda
657 5131 766 5183 tela
820 5128 1185 5196 conjicerent,
1220 5125 1740 5181 stomachosissime
1771 5125 1925 5178 iuve-

346 5227 644 5287 bebantur,
660 5222 828 5276 minis
845 5222 1226 5290 conviciisque
1241 5219 1670 5273 debacchantes.
1686 5215 1927 5271 Tandem

253 5328 299 5371 Β
347 5328 528 5372 tamen
551 5314 795 5381 experiri
815 5313 1035 5366 mitiora
1059 5312 1468 5381 timoreignavo
1497 5310 1803 5375 subigente,
1834 5308 1931 5361 de-

346 5419 569 5477 sperato
600 5406 797 5459 Martis
825 5406 1002 5471 aperti
1038 5404 1323 5474 praesidio,
1365 5402 1746 5457 conditionum
1777 5400 1932 5455 obla-

348 5501 594 5555 tionibus
628 5500 932 5566 amplarurn
968 5507 1024 5552 et
1059 5495 1490 5551 tractationibus
1518 5493 1737 5549 blandis
1772 5491 1930 5562 pelli-

349 5604 473 5649 ¢ere
526 5593 596 5647 ad
647 5606 771 5646 sese
829 5605 894 5644 ac
949 5588 1316 5644 reconciliare
1384 5585 1576 5641 conari
1667 5583 1932 5639 rebellent

347 5683 715 5751 opportunius
741 5681 975 5735 duxere.
999 5680 1305 5735 Consilium
1335 5694 1473 5747 ergo
1490 5678 1735 5732 inierunt
1760 5676 1934 5730 desti-

349 5776 516 5829 nandi
547 5773 958 5843 quamprimum
991 5773 1063 5826 ad
1116 5787 1240 5827 eum
1302 5771 1511 5840 legatos
1539 5788 1551 5822 :
1579 5768 1735 5824 electi
1785 5768 1851 5820 ad
1881 5767 1933 5822 id

351 5880 530 5920 CiPCUS
569 5862 710 5918 ﬂaui
746 5861 989 5919 lsaacius
1014 5869 1067 5917 et
1097 5860 1578 5929 prolorestiarissa
1615 5857 1931 5915 Theodore.

2025 4650 2399 4721 gratulatione
2499 4663 2566 4703 ac
2662 4647 2868 4719 gaudio
2959 4646 3194 4714 fruitos,
3298 4660 3425 4699 cum
3526 4644 3613 4700 hic

2027 4744 2133 4813 ipsi
2196 4742 2317 4797 acri
2372 4750 2483 4796 tam
2550 4739 2903 4796 formidolosi
2982 4746 3170 4793 motus
3238 4736 3610 4792 sollicitudine

2031 4846 2388 4908 angerentur.
2449 4835 2519 4888 At
2578 4833 2881 4903 imperator
2932 4839 3107 4884 totam
3138 4844 3439 4885 successus
3501 4838 3609 4883 tam

2030 4931 2140 4985 lati
2196 4927 2515 4982 felicitatem
2566 4932 2852 4993 acceptam
2913 4914 3011 4977 Dei
3052 4920 3212 4975 Matri
3266 4919 3612 4974 referendam

2017 5020 2306 5091 judicans,
2344 5028 2608 5089 grataque
2632 5014 2964 5086 praedicans,
2998 5030 3080 5081 se,
3138 5022 3307 5083 prout
3351 5028 3613 5081 sperave-

2034 5123 2139 5179 rat,
2222 5129 2469 5184 praescns
2529 5111 2930 5182 potentissimae
3013 5117 3261 5178 patrona:
3343 5106 3610 5160 auxilium

2032 5216 2285 5275 experto,
2344 5208 2427 5260 sic
2487 5219 2598 5259 uno
2656 5203 2807 5257 nictu
2874 5201 3021 5255 oculi
3084 5208 3190 5254 tam
3265 5207 3613 5265 arrogantem

2036 5300 2190 5353 illum
2245 5298 2611 5367 perduellium
2668 5295 2869 5350 fastum
2925 5292 3273 5382 depr‘essum,
3325 5291 3525 5345 debere
3557 5302 3616 5341 sc

2035 5390 2255 5462 putavit
2287 5390 2338 5444 ei
2377 5389 2481 5445 soli
2518 5391 2727 5459 gratias
2758 5385 3010 5441 reddere.
3058 5378 3245 5439 Simul
3282 5382 3450 5451 igitur
3501 5378 3618 5432 fauo

2040 5495 2190 5540 stum
2249 5484 2503 5537 nuntium
2539 5481 2752 5550 accepit
2806 5487 2861 5533 et
2921 5477 3179 5538 credidit,
3212 5473 3478 5532 indidem,
3525 5470 3615 5524 ubi

2036 5586 2180 5641 erat,
2216 5591 2245 5629 e
2271 5574 2478 5645 palatio
2516 5572 2755 5643 pedibus
2793 5577 2966 5625 totam
3011 5580 3269 5623 emensus
3295 5565 3461 5623 viam,
3490 5576 3617 5615 cum

2037 5682 2325 5739 procerum
2353 5680 2415 5720 ac
2433 5666 2915 5736 praetorianorum,
2935 5674 3076 5730 quos
3106 5658 3255 5711 circa
3279 5669 3339 5708 se
3360 5652 3615 5708 habebat,

2040 5762 2234 5817 ordine
2258 5760 2545 5830 gradiente
2580 5754 2962 5819 multitudine,
2996 5751 3065 5806 ad
3115 5748 3465 5816 llodegorum
3505 5762 3617 5795 Itttt-

2043 5853 2344 5910 ttasterium
2402 5849 2692 5920 pervenit;
2753 5857 2808 5904 ct
2870 5859 3059 5902 coram
3146 5854 3301 5895 sacra
3380 5839 3618 5926 imagine
