4018 6408
469 417 576 479 255

1664 421 1708 480 G
1720 421 1988 481 EORGII
2027 421 2223 480 PACH
2238 419 2507 480 ΥΜΕΒΕ

3625 423 3723 483 256

465 528 527 581 τὸ
573 528 763 591 εἰωθὸς
818 529 917 597 τὴν
971 530 1365 600 προσκύνησιν,
1404 531 1642 602 λιπαρὰν
1685 535 1784 602 τήν
1832 536 2041 590 ἱκεσίαν
2075 546 2119 602 Α
2149 533 2396 605 ἀκριϐῶς
2441 534 2567 596 τοὺς
2611 532 2815 596 τόπους
2853 534 3167 603 μαθόντων,
3212 534 3443 604 προσέτι
3479 524 3522 586 δ’
3573 537 3723 589 ἐκλε-

466 618 812 689 ποιούμενος,
871 620 1133 686 ἀπονέμει
1170 621 1228 674 δέ
1285 639 1348 693 γε
1394 623 1491 676 καλ⁸
1546 624 1645 694 τήν
1700 626 2048 696 εὐχαριστίαν

472 712 611 781 μετά
635 712 844 781 θερμῆς
873 712 1267 779 ὐποπτώσεως,
1294 715 1432 784 αὐτῇ
1456 732 1519 784 γε
1550 716 1688 786 μετά
1719 716 1851 769 Θεὸν
1874 718 2049 785 λέγων

471 806 566 857 καὶ
606 803 887 873 βασιλείαν
942 806 1037 858 καὶ
1105 807 1433 876 Ἐκκλησίαν
1481 811 1562 872 εἰς
1610 811 1780 880 χέρας
1814 811 2045 876 τιθέναι,

470 896 565 949 καὶ
595 896 726 966 παρ’
779 897 949 966 αὐτῆς
1003 899 1097 950 καὶ
1150 900 1316 969 μόνης
1356 901 1599 967 ἐλπίζειν
1643 903 1802 969 ἀξίαν
1836 922 1899 972 γε
1950 906 2050 975 τὴν

471 985 742 1053 διοίκησιν
778 985 869 1038 καὶ
916 988 1003 1039 ἐπ’
1035 989 1395 1059 ἀμφοτέραις.
1448 991 1635 1046 Ταῦτα
1681 996 2051 1063 ποτνιασάμε-

470 1094 562 1140 νος
589 1079 681 1131 καὶ
714 1079 781 1131 τὰ
821 1079 1007 1133 είκότα
1043 1082 1447 1152 εὐχαριστήσας
1473 1084 1666 1148 ἐπιϐὰς
1695 1086 1862 1138 ἵππου
1891 1089 2051 1140 ἔπαν-

471 1169 703 1238 εζεύγνυ
736 1171 872 1238 πρὸς
905 1172 973 1227 τὰ
1012 1174 1308 1240 ἀνάκτορα.
1344 1174 1434 1247 Τῷ
1462 1176 1520 1229 δέ
1547 1194 1609 1244 γε
1648 1180 2049 1249 πρωτοϐεστια-

476 1261 601 1334 ρίτῃ
634 1264 963 1335 πρόσταγμα
987 1268 1342 1336 χαριστήριον
1370 1269 1730 1337 σχεδιάζεται.
1760 1273 1854 1325 καὶ
1883 1276 2051 1340 τιμῖς

472 1355 789 1424 ὐπερτάτης
827 1356 922 1408 ἐπὶ
952 1357 1170 1420 πολλοῖς
1199 1358 1379 1421 ἄλλοις
1420 1359 1586 1428 φέρον
1628 1361 1947 1431 ὑπόσχεσιν.
1984 1364 2049 1418 ’0

472 1447 538 1516 δὴ
573 1449 668 1501 καὶ
700 1448 817 1516 μετ’
867 1449 929 1501 οὐ
985 1451 1120 1504 πολὺ
1168 1452 1489 1521 ἀπεπλήρου
1526 1456 1590 1522 τῇ
1636 1456 2047 1508 Κωνσταντίνου

472 1539 898 1608 ἐπιδημήσαντι.
964 1544 1141 1611 μέγαν
1190 1547 1676 1616 στρατοπεδάρχην
1722 1548 1912 1616 ἐτίμα,
1957 1550 2053 1603 καὶ

472 1634 658 1701 τιμαῖς
695 1634 794 1701 τῆς
822 1635 961 1704 ὑπὲρ
996 1638 1191 1691 ἑαυτοῦ
1227 1640 1462 1709 σπουδῆς
1493 1642 1653 1710 χάριν
1685 1639 1941 1711 ήγαλλεν.

475 1744 555 1800 ιδ’.
608 1746 746 1816 Περὶ
794 1747 914 1800 τῶν
965 1749 1097 1818 περὶ
1133 1750 1251 1874 [tier
1300 1753 1816 1832 σξιλανθρωπηνὸν
1863 1753 2054 1808 ὄντων

1185 1838 1402 1874 socrum

1185 1838 1402 1889 ερσων.

2150 624 2402 686 λοιπότος
2455 624 2550 678 καὶ
2618 624 2678 678 ὃν
2741 621 2886 692 εἶχον
2933 625 3023 679 διὰ
3076 625 3243 695 φόϐου
3292 626 3355 678 τὸ
3412 625 3583 679 πάλαι
3635 632 3723 680 καὶ

2154 715 2463 786 θαύματος,
2516 717 2594 778 ὡς
2624 717 2719 771 καὶ
2772 717 2968 780 ἄλλους
3009 715 3488 787 καταφρονοῦντας
3535 717 3724 787 ἀνέδην

2151 807 2301 876 ἔχειν
2330 808 2545 863 ὲκθέειν
2578 810 2673 863 καὶ
2703 808 2771 861 τὰ
2804 810 3043 879 μέγιστα
3076 809 3331 878 ζημιοῦν,
3366 809 3461 861 καὶ
3492 807 3588 861 σὺν
3626 811 3724 864 αὺ-

2151 899 2264 959 τοῖς
2299 897 2493 960 ἄλλους
2520 897 2708 966 ὥσπερ
2735 898 2902 962 κύνας
2920 898 3414 969 ὠστοτραγηκότας
3439 899 3722 969 λιχνεύσα-

2156 988 2303 1050 σθαι,
2341 990 2435 1042 καὶ
2462 989 2605 1044 οὕτω
2631 992 2755 1043 κατ’
2796 991 2977 1060 ὀλίγον
3008 996 3074 1062 τῇ
3110 992 3404 1061 Ῥωμαίων
3433 992 3725 1061 ἐπέχοντας

2153 1078 2322 1148 ἀλλην
2348 1080 2448 1151 ὲρή
2460 1098 2565 1151 μην
2596 1081 2766 1146 δεῖξαι
2793 1083 2893 1153 τὴν
2924 1084 3023 1137 ἀπ’
3055 1083 3305 1148 Εὐξείνου
3341 1084 3545 1136 Πόντου
3572 1084 3726 1153 μέχρι

2156 1170 2383 1240 καὶτῆς
2410 1172 2552 1224 κατά
2595 1172 2776 1227 Ῥόδον
2823 1172 3099 1245 θαλάσσης
3143 1176 3285 1229 κατά
3314 1192 3376 1228 τε
3423 1175 3597 1245 μῆκος
3638 1177 3727 1229 καὶ

2152 1262 2356 1326 πλάτος
2393 1264 2703 1336 διέχουσαν.
2749 1268 2911 1323 Ἀλλά
2957 1269 3131 1324 ταῦτα
3165 1269 3264 1339 μὲν
3303 1267 3558 1340 ὕστερον.

2155 1376 2237 1430 ιε’.
2273 1378 2407 1443 Περὶ
2463 1377 2572 1446 τῆς
2619 1380 2946 1448 γενομένης
2996 1381 3271 1444 στάσεως
3311 1378 3548 1448 μεταξὺ
3591 1383 3728 1434 Γεν-

2223 1448 2479 1520 νουῑτῶις
2509 1451 2604 1503 καὶ
2629 1447 2979 1519 Βενετικῶν,
3005 1453 3103 1506 καὶ
3126 1452 3260 1520 περὶ
3288 1447 3394 1503 τοῦ
3422 1452 3729 1518 γεγονότος

2134 1568 2145 1573 Α
2220 1517 2506 1584 σεισμοῦ.

2226 1627 2291 1700 [Ρ
2339 1627 2466 1700 158]
2529 1630 2666 1683 Τότε
2714 1631 2772 1685 δὲ
2827 1632 3091 1705 διαφορᾶς
3144 1635 3416 1705 ἐνστάσης
3476 1637 3731 1708 μεγίστης

2155 1719 2371 1791 μεταξὺ
2406 1721 2735 1775 Γεννουῖτῶν
2773 1724 2869 1777 καὶ
2896 1725 3218 1791 Βενετικῶν,
3251 1729 3328 1790 ὡς
3361 1729 3497 1781 πᾶσι
3533 1729 3731 1791 πάντας

2151 1812 2220 1865 δι’
2251 1812 2450 1882 ἔχθρας
2483 1807 2623 1865 εἶναι
2662 1816 2757 1867 καὶ
2782 1816 2951 1869 κακὸν
2976 1816 3229 1886 ἀλλήλοις
3256 1818 3474 1888 ἁπάντη
3485 1837 3560 1886 μα
3586 1820 3727 1885 γίνεο

496 1950 503 1955 .
556 1907 834 1961 Ἐντεῦθεν
870 1910 963 1963 καὶ
984 1912 1146 1973 πόνος
1170 1908 1237 1981 ἦν
1266 1913 1559 1983 Πέρσαιςὴ
1593 1914 1701 1967 τῶν
1736 1914 1881 1967 ἰδίων
1906 1933 2048 1967 παν-
2078 1925 2127 1987 Β
2158 1904 2282 1956 σθαι
2318 1908 2413 1958 καὶ
2448 1906 2608 1957 ναυσὶ
2654 1905 3042 1968 πλέονταςκαὶ
3086 1907 3517 1979 ὁδοιποροῦντας
3573 1908 3728 1976 πεζῇ,

472 1998 634 2068 τελὴς
667 2000 975 2066 ὲξαπώλεια
998 2018 1011 2032 °
1038 2001 1156 2066 ΐοῦς
1183 2004 1247 2073 δὴ
1285 2004 1491 2068 ἐκεῖνος
1522 2006 1622 2074 μὲν
1669 2007 1757 2058 ἐπ’
1785 2007 2053 2076 ἀνατολῆς

472 2084 612 2159 ἦγεν
643 2091 1149 2161 αὐτομολήσαντας,
1182 2095 1230 2146 οἱ
1252 2094 1296 2147 δ’
1326 2094 1553 2162 ὕστερον
1584 2097 1828 2161 ἐλθόντες
1857 2097 2056 2165 σύναμ’

473 2181 706 2244 ἐκείνοις
757 2182 943 2245 κακῶς
1000 2183 1268 2239 διετίθουν
1301 2186 1400 2257 τὴν
1436 2187 1641 2256 χώραν.
1678 2189 1873 2241 Σκοπῶ
1915 2190 1971 2242 δὲ
2002 2191 2051 2241 εἰ

476 2273 574 2328 καὶ
599 2272 675 2344 μὴ
707 2274 856 2343 παρὰ
884 2275 985 2344 τὴν
1012 2276 1269 2345 τοιαύτην
1294 2277 1571 2332 παντελῶς
1600 2279 1952 2349 ἐρημωθῆναι
1986 2281 2054 2333 τὰ

478 2365 599 2417 κατ’
640 2364 907 2435 ἀνατολὴν
956 2363 1302 2440 ξυμβέϐηκεν
1349 2368 1599 2435 ὕστερον,
1642 2369 1867 2422 ἐκείνων
1898 2371 2055 2423 τοῦτο

481 2455 580 2523 μὲν
631 2455 980 2520 πονούντων,
1048 2456 1135 2526 ἐφ’
1204 2453 1285 2523 οἷς
1338 2459 1576 2523 ἔπαθον,
1648 2460 1806 2514 τοῦτο
1853 2462 1909 2515 δὲ
1961 2464 2055 2515 καὶ

481 2641 635 2689 stans
665 2633 827 2688 solita
851 2649 971 2688 eam
1007 2636 1241 2703 primmn
1276 2645 1360 2692 est
1386 2637 1710 2692 adoratione
1735 2646 2050 2701 veneratus,

482 2740 608 2779 mox
660 2726 911 2796 supplice
963 2743 1027 2783 ac
1089 2730 1269 2783 teneri
1328 2728 1558 2785 atfectus
1613 2730 1834 2785 iudieiis
1892 2734 2051 2801 plena

484 2818 737 2872 oratione
789 2821 1142 2887 pronuntiata
1199 2821 1404 2888 gratias
1456 2821 1523 2875 ad
1585 2830 1895 2875 extremum
1955 2837 2052 2890 pro

483 2912 695 2964 recenti
724 2910 996 2965 beneficio
1031 2912 1561 2967 munificentissinne
1584 2912 1851 2982 Iargitrici
1883 2928 2049 2982 quam

480 3004 661 3072 potuit
705 3003 1080 3073 amplissimas
1107 3005 1319 3066 retulit,
1381 3006 1775 3060 demississima
1811 3018 2057 3075 prostra-

475 3096 631 3151 tione
692 3097 946 3167 corporis
1021 3098 1166 3168 grati
1220 3098 1675 3168 signiﬁcationem
1739 3099 2055 3167 exprimens

475 3188 646 3243 animi
676 3206 691 3254 ;
718 3199 774 3245 et
813 3189 1153 3259 subjungens
1200 3190 1374 3260 ipsius
1407 3206 1468 3246 se
1524 3192 1898 3259 potissimum,
1933 3199 2057 3260 post

2157 1999 2255 2050 οὐκ
2304 1994 2371 2067 ἦν
2423 1999 2560 2061 ὅλως
2601 2001 2789 2067 καιρὸς
2824 2001 2947 2053 καθ’
2980 2000 3039 2053 ὃν
3080 2001 3180 2054 οὐκ
3231 2002 3501 2067 ἠκούοντο
3543 2005 3575 2071 ἢ
3606 2003 3730 2053 Γεν-

2159 2087 2367 2142 νουῗται
2393 2090 2461 2142 τά
2484 2091 2733 2159 χείριστα
2764 2092 3162 2155 διατεθεικότες
3200 2093 3574 2161 Βενετικοὺςῆ
3612 2093 3735 2145 Γεν-

2156 2184 2374 2246 νουῖτας
2409 2185 2707 2249 Βενετικοὶ,
2745 2185 2872 2248 ὅλας
2921 2187 3053 2247 ναῦς
3083 2186 3425 2257 αὐτάνδρους
3467 2203 3706 2239 καταπον

2157 2275 2420 2341 τίζοντες,
2456 2278 2549 2330 καὶ
2581 2279 2840 2347 χρήματα
2872 2278 2938 2331 τὰ
2984 2279 3084 2347 μὲν
3130 2279 3580 2348 ἀφαρπάζοντες,
3604 2280 3667 2331 τά
3688 2279 3731 2331 δ’

2157 2369 2535 2435 ἀφανίζοντες,
2570 2370 2647 2431 ὡς
2683 2370 2778 2422 καὶ
2801 2371 2980 2422 πᾶσαν
3011 2369 3287 2439 μεσιτείαν
3315 2372 3411 2424 καὶ
3442 2371 3614 2440 αὐτῆς
3639 2371 3728 2439 τῆς

2158 2457 2282 2511 κατ’
2316 2458 2512 2521 αὐτοὺς
2560 2457 2887 2529 Ἐκκλησίας
2919 2463 2999 2524 εἰς
3031 2462 3254 2531 εἰρήνην
3282 2462 3531 2532 ἀγούσης
3554 2463 3728 2530 ἀπρα-

2157 2638 2624 2705 Pliilautltropeno
2681 2638 2995 2704 militarent,
3023 2640 3266 2695 locorum
3294 2642 3493 2698 notitia
3531 2641 3594 2696 ad
3634 2654 3727 2696 no-

2157 2732 2392 2786 centium
2449 2732 2739 2784 exiliusius
2797 2733 3123 2797 utentibus;
3171 2734 3235 2789 ad
3278 2734 3403 2789 hmc
3451 2738 3599 2789 nullo
3621 2734 3723 2802 jam

2157 2831 2307 2877 metu
2358 2824 2672 2886 retardatis,
2701 2825 2845 2893 quod
2911 2825 3052 2879 idem
3088 2825 3179 2879 ille
3214 2827 3331 2881 dux
3381 2842 3541 2897 quem
3574 2840 3728 2880 unum

2163 2914 2485 2979 timuerant,
2522 2915 2683 2982 cujus
2714 2916 2819 2967 vim
2852 2916 3063 2984 experti
3097 2927 3151 2971 et
3190 2918 3378 2972 mirati
3414 2918 3722 2972 felicitatem

2160 3008 2312 3076 prius
2342 3023 2370 3060 a
2407 3020 2596 3061 nostro
2619 3009 2791 3063 limite
2825 3011 3084 3064 tentando
3118 3013 3361 3079 repressi
3396 3013 3729 3081 aliquatenus

2160 3096 2572 3167 fuerant,longe
2603 3099 2773 3163 illinc,
2801 3115 2899 3154 nec
2926 3100 3201 3155 rediturus
3229 3117 3500 3172 unquam,
3521 3098 3727 3166 aberat;

2161 3203 2438 3257 posuemo
2460 3190 2729 3257 plurimis,
2762 3199 2820 3244 ut
2849 3192 2930 3255 lit,
2958 3191 3080 3246 aliis
3110 3192 3176 3244 ad
3206 3193 3307 3247 bos
3353 3208 3473 3248 sese
3513 3193 3728 3245 canibus

479 3279 672 3345 Deum,
729 3281 891 3336 unius
954 3282 1247 3351 imperium
1291 3292 1344 3335 et
1396 3281 1702 3338 Eeclesiam
1761 3284 1814 3337 in
1854 3300 2050 3339 manus
2076 3277 2121 3340 C
2155 3283 2580 3350 aggregantibus
2617 3298 2713 3352 spe
2740 3285 3133 3352 participandas
3162 3300 3516 3340 semesorum
3555 3284 3724 3337 rosio-

476 3370 774 3440 depouere,
807 3373 873 3427 ab
906 3375 1022 3441 ipsa
1072 3376 1185 3429 sola
1215 3387 1524 3444 sperantem
1555 3376 1776 3446 dignam
1841 3376 2051 3430 utrius-

475 3480 585 3533 que
609 3465 1061 3535 gubernationem
1120 3476 1535 3537 proventuram.
1598 3469 1673 3523 Ea
1706 3468 1890 3524 verbis
1923 3483 2053 3522 con-

478 3557 656 3624 ceptis
702 3558 1126 3628 religiosissima
1179 3560 1519 3615 demissione
1574 3559 1846 3629 profatus,
1889 3560 2055 3614 itera-

477 3655 644 3716 taque
676 3647 741 3700 ad
770 3658 1080 3702 extremum
1112 3649 1546 3705 devinetissimaa
1575 3653 1628 3705 in
1689 3667 1864 3705 a-vum
1891 3668 2053 3705 omne

476 3748 588 3793 tam
656 3739 893 3808 insignis
946 3739 1112 3808 hujus
1148 3741 1344 3796 datrici
1400 3743 1653 3797 muneris
1706 3743 2054 3811 professione

474 3830 801 3895 voluntatis,
871 3845 1183 3886 conscenso
1232 3847 1378 3901 equo
1437 3836 1490 3887 in
1548 3833 1813 3903 palatium
1853 3834 2048 3889 rediit.

476 3923 948 3977 Protovestiaritae
978 3938 1107 3978 vero
1140 3925 1377 3992 diploma
1412 3925 1838 3995 gratulatorium
1872 3942 2054 3995 expe-

477 4014 580 4078 dit,
612 4014 698 4068 cui
761 4015 1128 4084 praecellentis
1192 4017 1500 4086 cujuspiam
1558 4033 1669 4087 quo
1705 4027 1851 4073 esset
1921 4033 2048 4073 eum

476 4120 644 4173 supra
678 4105 969 4177 plerosque
1000 4107 1137 4164 alios
1171 4121 1465 4163 evecturus
1509 4110 1932 4180 promissionem
1967 4109 2054 4163 in-

476 4198 649 4253 seruit
680 4202 947 4269 muneris,
986 4199 1040 4254 in
1102 4215 1214 4254 rem
1258 4201 1401 4255 haud
1463 4201 1635 4255 multo
1664 4211 1786 4271 post
1848 4201 2055 4256 deduc-

477 4298 624 4342 tam:
662 4305 788 4342 nam
823 4290 1140 4345 advenienti
1192 4291 1242 4344 ei
1303 4292 1840 4362 Constantinopolim
1870 4291 2054 4360 magni

477 4380 947 4450 stratopedarcltze
1004 4382 1328 4451 dignitatem
1389 4384 1645 4447 contulit,
1734 4384 2054 4440 honorariis

479 4471 713 4540 adjectis
765 4474 820 4547 in
876 4478 1376 4530 remunerationem
1439 4478 1758 4546 praestantis
1820 4477 2054 4534 exltibiti

477 4579 607 4633 erga
642 4579 702 4621 se
728 4566 920 4621 studii.

550 4655 639 4709 14.
675 4654 752 4708 De
774 4655 957 4710 Persis
980 4659 1073 4727 qui
1109 4674 1227 4713 cum
1269 4660 1724 4730 Pliilanthropeno
1750 4664 1983 4734 fuerant.

550 4746 712 4816 232
749 4746 1017 4817 Deinceps
1092 4749 1298 4815 Persae,
1339 4768 1568 4807 suorum
1650 4753 1852 4806 irritati
1926 4768 2058 4807 casu

479 4836 705 4901 civium,
750 4839 844 4908 qui
882 4838 1333 4912 Philanthropeni
1392 4843 1574 4898 accitu
1634 4842 1776 4896 intra
1802 4843 2059 4898 Orienta-

480 4928 588 4981 lem
621 4944 686 4984 eo
709 4929 949 4987 ducente
997 4933 1325 5003 deprehensi
1381 4935 1609 4989 limitem
1656 4935 2059 5001 internecione,

483 5034 545 5075 ut
568 5022 832 5089 diximus,
885 5023 1050 5079 deleti
1108 5041 1137 5078 a
1172 5024 1440 5082 Romanis
1479 5027 1723 5091 fuerant,
1782 5042 1907 5080 cum
1946 5028 2051 5081 hoc

483 5118 666 5187 ipsum
701 5133 731 5171 e
761 5118 952 5186 paucis
1005 5134 1194 5173 eorum
1264 5118 1391 5189 fuga
1430 5121 1484 5174 in
1551 5120 1782 5189 patriam
1821 5121 2060 5175 reversis

483 5211 898 5279 cognovissent.
955 5211 1041 5266 Itis
1121 5226 1245 5266 sese
1309 5227 1508 5282 magno
1567 5212 1763 5280 reliqui
1834 5227 2062 5265 numero

478 5304 802 5374 jungentes,
859 5305 942 5358 ira
1001 5314 1057 5362 et
1096 5304 1404 5373 cupiditate
1450 5304 1663 5358 incensi
1696 5303 1868 5357 cladis
1901 5305 2062 5357 istius

485 5396 845 5459 ulciscendae,
904 5397 1041 5452 ﬁnes
1074 5396 1356 5451 Romanos
1408 5396 1629 5451 infestis
1659 5395 2063 5464 irruptionibus

484 5491 796 5543 vastabant.
836 5487 973 5542 lliuc
1010 5485 1205 5559 magna
1227 5505 1291 5544 ex
1327 5497 1484 5558 parte
1514 5496 1875 5543 consecutam
1907 5500 2062 5558 puto,

483 5597 605 5649 qua:
641 5583 803 5650 paulo
865 5590 993 5650 post
1055 5581 1367 5635 miserrima
1400 5581 1633 5651 contigit
1684 5580 2053 5636 Orientalium

485 5673 758 5726 desolatio
814 5682 1113 5736 tractuum,
1150 5673 1401 5727 barbaris
1442 5673 1795 5740 praedonibus
1825 5673 2063 5743 primum

488 5764 809 5818 stituulaute
840 5765 1107 5819 memoria
1140 5780 1331 5818 eorum
1365 5781 1486 5835 quae
1508 5765 1652 5833 passi
1685 5773 1842 5818 erant
1891 5764 2068 5817 dirius

493 5853 900 5927 immaniusun
984 5857 1333 5912 saevientibus
1371 5876 1381 5911 :
1426 5857 1625 5912 deinde
1688 5866 1863 5925 parta,
1934 5861 2062 5910 dum

2082 4613 2136 4674 D

2158 3374 2245 3428 nis
2277 3374 2510 3437 ossium,
2554 3374 2815 3436 maxima,
2848 3377 3095 3444 inquam,
3131 3391 3295 3429 manu
3368 3374 3729 3430 famelicorum

2157 3465 2338 3518 omnis
2364 3464 2579 3530 generis
2613 3466 2882 3518 latronum
2946 3481 3182 3535 unguem
3226 3465 3501 3535 inflgente
3557 3464 3732 3521 ulceri,

2157 3572 2224 3611 ac
2290 3564 2440 3610 certa
2487 3557 2597 3625 jam
2653 3558 2982 3625 impunitate
3042 3572 3318 3621 securam,
3394 3557 3539 3628 genti
3599 3552 3734 3607 omni

2160 3649 2419 3717 prmsidio
2476 3651 2693 3701 mutata:
2727 3650 3056 3703 avarissime
3110 3650 3616 3716 crudelissimeque
3660 3647 3737 3698 in-

2157 3739 2392 3794 sultaudi
2424 3740 2628 3809 passim
2680 3750 2972 3793 exercente
3028 3739 3329 3793 licentiam.
3406 3739 3496 3794 Sic
3529 3744 3738 3790 cunctas

2159 3830 2440 3901 sigillatim
2473 3831 2593 3897 ejus
2647 3840 2915 3885 tractatus
2971 3830 3225 3899 regiones
3279 3831 3393 3884 ista
3448 3834 3729 3899 pervagata

2161 3923 2333 3994 pestis
2374 3922 2618 3992 denique
2668 3922 2721 3975 in
2770 3931 2984 3975 vastum
3015 3920 3295 3976 desertum
3337 3922 3521 3982 vertit,
3562 3931 3728 3985 quau-

2163 4022 2274 4066 tum
2331 4021 2602 4066 terrarum
2640 4026 2670 4065 a
2720 4011 2895 4066 Ponto
2927 4010 3139 4065 Euxino
3173 4012 3239 4063 ad
3271 4026 3428 4064 mare
3467 4004 3728 4062 Rhodium

2159 4102 2214 4155 in
2250 4103 2418 4155 latum
2454 4117 2517 4156 ac
2546 4103 2766 4172 longum
2798 4111 2967 4172 patet.
2998 4100 3198 4156 Verum
3244 4102 3361 4157 haec
3386 4109 3597 4173 postea.

2160 4214 2247 4270 15.
2291 4214 2364 4269 De
2405 4216 2663 4270 seditione
2697 4214 2995 4269 Genuenses
3029 4216 3164 4268 inter
3193 4224 3242 4268 et
3276 4215 3492 4271 Venetos
3538 4217 3730 4273 coorta,

2685 4289 2850 4356 deque
2876 4295 3032 4339 terra:
3063 4296 3229 4339 motu.

2235 4380 2392 4433 'l‘unc
2431 4395 2596 4449 porro
2636 4378 2900 4446 ﬂagrabat
2963 4394 3087 4431 cum
3151 4376 3390 4433 maxime
3447 4372 3727 4430 discidium

2160 4470 2548 4540 gravissimum
2611 4484 2723 4539 quo
2782 4478 2943 4524 erant
3002 4471 3145 4524 inter
3192 4484 3251 4524 se
3313 4471 3630 4525 Genuenses
3681 4469 3732 4517 el

2166 4561 2352 4617 Veneti
2409 4562 2712 4617 commissi.
2784 4559 2979 4615 Nullus
3033 4563 3227 4615 horum
3288 4578 3396 4615 non
3443 4557 3734 4630 quemlibet

2164 4652 2411 4716 illorum,
2448 4661 2503 4706 et
2537 4652 2812 4716 vicissim,
2843 4653 3115 4705 acerrime
3141 4652 3332 4705 oderat
3364 4671 3378 4706 :
3404 4665 3576 4707 saevas
3606 4661 3734 4714 quo-

2163 4762 2272 4815 que
2303 4746 2441 4800 istas
2473 4757 2527 4799 et
2573 4746 2943 4800 interneciuas
3003 4746 3324 4799 inimicitias
3364 4749 3416 4799 in
3474 4741 3615 4796 omni
3641 4755 3731 4791 οιτο

2163 4853 2330 4894 Cursu
2360 4839 2563 4891 mutuis
2588 4853 2749 4907 quam
2784 4839 3182 4891 humanissime
3233 4839 3466 4893 invicem
3513 4827 3729 4887 nocendi

2164 4931 2458 4985 conatibus
2490 4932 2847 4984 exercebant.
2873 4928 3034 4984 Omni
3064 4945 3200 5000 pene
3238 4940 3517 4984 momento
3554 4920 3733 4976 audie-

2164 5023 2329 5078 batur
2368 5032 2464 5075 aut
2518 5023 2654 5076 mari
2690 5023 3012 5092 navigantes
3071 5031 3165 5074 aut
3195 5030 3341 5074 terra
3372 5023 3473 5073 iter
3519 5019 3732 5080 agentes

2164 5115 2248 5167 vel
2283 5113 2603 5169 Genuenses
2634 5131 2661 5166 ιι
2699 5113 2921 5169 Venetis
2956 5114 3035 5168 vel
3067 5130 3096 5168 a
3156 5110 3539 5169 Genueusibus
3582 5099 3731 5172 233

2166 5205 2406 5261 Venetos
2465 5209 2699 5275 pessime
2765 5208 3052 5260 multatos.
3088 5204 3265 5259 Naves
3320 5215 3446 5256 tota:
3510 5200 3726 5251 incursu

2168 5298 2371 5353 infeSto
2405 5302 2814 5369 mergebantur.
2846 5298 2954 5354 Res
2980 5308 3033 5352 et
3061 5298 3309 5368 pecunia
3342 5294 3535 5365 partim
3575 5291 3732 5376 raptat

2168 5389 2583 5455 auferebantur,
2643 5392 2844 5459 partim
2918 5394 3197 5459 corruptaé
3258 5388 3529 5458 peribant.
3585 5372 3729 5428 Multi

2170 5481 2398 5542 frustra,
2430 5484 2594 5536 etiam
2625 5499 2654 5538 e
2687 5483 3016 5552 praesulibus
3053 5495 3116 5536 ac
3148 5475 3529 5536 sacerdotibus
3549 5463 3730 5521 Eccle-

2169 5573 2266 5628 siae
2309 5573 2579 5641 ipsorum.
2605 5576 2961 5628 reconciliare
2980 5574 3121 5626 inter
3138 5570 3481 5625 sicinfensos
3510 5555 3728 5651 gratiam

2172 5676 2538 5721 tentaveraut.
2569 5665 2765 5721 Omnis
2792 5681 3011 5735 semper
3053 5666 3310 5718 tractatio
3362 5649 3732 5713 conventionis

2174 5759 2472 5813 iu~irritum
2533 5767 2821 5824 cesserat;
2882 5773 2946 5811 ac
3009 5773 3077 5810 ne
3139 5755 3485 5810 mentionem
3534 5737 3737 5836 quidem

2176 5854 2328 5923 Ducis
2365 5854 2527 5907 ullum
2573 5870 2602 5908 ιι
2635 5853 2945 5908 concordiae
3005 5850 3332 5907 suasoribus
3391 5845 3502 5915 jam
3558 5831 3735 5887 δυάδα)
