  <div class='ocr_page' id='page_1' title='image "/cluster/home/n/w/nwhite01/storage/ocr_20150623/144:no.2/coo.31924054870492/136.png"; bbox 0 0 4018 6426; ppageno 0'>
   <div class='ocr_carea' id='block_1_1' title="bbox 238 332 367 405">
    <p class='ocr_par' dir='ltr' id='par_1_1' title="bbox 238 332 367 405">
     <span class='ocr_line' id='line_1_1' title="bbox 238 332 367 405; baseline -0.031 -10"><span class='ocrx_word' id='word_1_1' title='bbox 238 390 243 405; x_wconf 72' lang='lat'><strong>,</strong></span> <span class='ocrx_word' id='word_1_2' title='bbox 263 332 367 394; x_wconf 78' lang='lat'><strong>257</strong></span> 
     </span>
    </p>
   </div>
   <div class='ocr_carea' id='block_1_2' title="bbox 1170 322 2604 391">
    <p class='ocr_par' dir='ltr' id='par_1_2' title="bbox 1170 322 2604 391">
     <span class='ocr_line' id='line_1_2' title="bbox 1170 322 2604 391; baseline -0.001 -4"><span class='ocrx_word' id='word_1_3' title='bbox 1170 326 1268 388; x_wconf 84' lang='lat' dir='ltr'><strong>DE</strong></span> <span class='ocrx_word' id='word_1_4' title='bbox 1309 322 1754 391; x_wconf 78' lang='lat' dir='ltr'><strong>ANDRONICO</strong></span> <span class='ocrx_word' id='word_1_5' title='bbox 1793 325 2263 388; x_wconf 71' lang='lat' dir='ltr'><strong>PALAEOLOGO</strong></span> <span class='ocrx_word' id='word_1_6' title='bbox 2305 328 2450 389; x_wconf 89' lang='lat' dir='ltr'><strong>LIB.</strong></span> <span class='ocrx_word' id='word_1_7' title='bbox 2488 327 2604 388; x_wconf 92' lang='lat' dir='ltr'><strong>III.</strong></span> 
     </span>
    </p>
   </div>
   <div class='ocr_carea' id='block_1_3' title="bbox 3424 329 3530 392">
    <p class='ocr_par' dir='ltr' id='par_1_3' title="bbox 3424 329 3530 392">
     <span class='ocr_line' id='line_1_3' title="bbox 3424 329 3530 392; baseline 0.028 -3"><span class='ocrx_word' id='word_1_8' title='bbox 3424 329 3530 392; x_wconf 78' lang='lat'><strong>258</strong></span> 
     </span>
    </p>
   </div>
   <div class='ocr_carea' id='block_1_4' title="bbox 260 441 3535 516">
    <p class='ocr_par' dir='ltr' id='par_1_4' title="bbox 260 441 3535 516">
     <span class='ocr_line' id='line_1_4' title="bbox 260 441 3535 516; baseline -0 -17"><span class='ocrx_word' id='word_1_9' title='bbox 260 447 417 500; x_wconf 79' lang='grc' dir='ltr'>κτεῒν</span> <span class='ocrx_word' id='word_1_10' title='bbox 449 447 512 500; x_wconf 75' lang='grc' dir='ltr'>τδ</span> <span class='ocrx_word' id='word_1_11' title='bbox 555 446 846 516; x_wconf 79' lang='grc' dir='ltr'>παράπαν,</span> <span class='ocrx_word' id='word_1_12' title='bbox 893 446 987 499; x_wconf 79' lang='grc' dir='ltr'><strong>καὶ</strong></span> <span class='ocrx_word' id='word_1_13' title='bbox 1040 444 1233 513; x_wconf 85' lang='grc' dir='ltr'>λόγους</span> <span class='ocrx_word' id='word_1_14' title='bbox 1280 445 1475 508; x_wconf 76' lang='grc' dir='ltr'>κενοὺς</span> <span class='ocrx_word' id='word_1_15' title='bbox 1533 441 1672 499; x_wconf 72' lang='grc' dir='ltr'>εἶναι</span> <span class='ocrx_word' id='word_1_16' title='bbox 1724 448 1852 506; x_wconf 82' lang='grc' dir='ltr'>τοὺς</span> <span class='ocrx_word' id='word_1_17' title='bbox 1880 452 1926 505; x_wconf 74' lang='grc' dir='ltr'>Α</span> <span class='ocrx_word' id='word_1_18' title='bbox 1956 443 2154 497; x_wconf 80' lang='grc' dir='ltr'>ϐλύσαι</span> <span class='ocrx_word' id='word_1_19' title='bbox 2205 445 2250 498; x_wconf 75' lang='grc' dir='ltr'><strong>δ’</strong></span> <span class='ocrx_word' id='word_1_20' title='bbox 2303 443 2521 514; x_wconf 78' lang='grc' dir='ltr'><strong>ἐνιαχοῦ</strong></span> <span class='ocrx_word' id='word_1_21' title='bbox 2566 443 2662 497; x_wconf 60' lang='grc' dir='ltr'><strong>καὶ⁵</strong></span> <span class='ocrx_word' id='word_1_22' title='bbox 2697 442 2887 507; x_wconf 64' lang='grc' dir='ltr'><strong>⁸ιῖιδςιτα,</strong></span> <span class='ocrx_word' id='word_1_23' title='bbox 2947 443 3329 514; x_wconf 84' lang='grc' dir='ltr'>ἀνατραπῆναι</span> <span class='ocrx_word' id='word_1_24' title='bbox 3354 443 3413 498; x_wconf 78' lang='grc' dir='ltr'><strong>δὲ</strong></span> <span class='ocrx_word' id='word_1_25' title='bbox 3438 449 3535 499; x_wconf 72' lang='grc' dir='ltr'><strong>καὶ</strong></span> 
     </span>
    </p>
   </div>
   <div class='ocr_carea' id='block_1_5' title="bbox 259 538 1911 610">
    <p class='ocr_par' dir='ltr' id='par_1_5' title="bbox 259 538 1911 610">
     <span class='ocr_line' id='line_1_5' title="bbox 259 538 1911 610; baseline 0.001 -21"><span class='ocrx_word' id='word_1_26' title='bbox 259 539 414 607; x_wconf 82' lang='grc' dir='ltr'>σφίσι</span> <span class='ocrx_word' id='word_1_27' title='bbox 446 539 513 592; x_wconf 81' lang='grc' dir='ltr'><strong>τά</strong></span> <span class='ocrx_word' id='word_1_28' title='bbox 544 538 643 607; x_wconf 81' lang='grc' dir='ltr'>τῆς</span> <span class='ocrx_word' id='word_1_29' title='bbox 674 539 905 610; x_wconf 74' lang='grc' dir='ltr'>εἰρήνης</span> <span class='ocrx_word' id='word_1_30' title='bbox 956 540 1409 609; x_wconf 75' lang='grc' dir='ltr'><strong>εἰσηγουμένους.</strong></span> <span class='ocrx_word' id='word_1_31' title='bbox 1458 539 1693 609; x_wconf 84' lang='grc' dir='ltr'>Πρώτην</span> <span class='ocrx_word' id='word_1_32' title='bbox 1748 539 1847 610; x_wconf 81' lang='grc' dir='ltr'>μὲν</span> <span class='ocrx_word' id='word_1_33' title='bbox 1888 596 1911 607; x_wconf 39' lang='grc' dir='ltr'><em>ί</em></span> 
     </span>
    </p>
   </div>
   <div class='ocr_carea' id='block_1_6' title="bbox 253 626 1848 705">
    <p class='ocr_par' dir='ltr' id='par_1_6' title="bbox 253 626 1848 705">
     <span class='ocr_line' id='line_1_6' title="bbox 253 626 1848 705; baseline -0.001 -20"><span class='ocrx_word' id='word_1_34' title='bbox 253 626 351 685; x_wconf 74' lang='grc' dir='ltr'>οὖν</span> <span class='ocrx_word' id='word_1_35' title='bbox 376 627 482 701; x_wconf 79' lang='grc' dir='ltr'>ἦγε</span> <span class='ocrx_word' id='word_1_36' title='bbox 512 630 979 702; x_wconf 84' lang='grc' dir='ltr'>Μαιμακτηριὼν,</span> <span class='ocrx_word' id='word_1_37' title='bbox 1009 631 1102 684; x_wconf 80' lang='grc' dir='ltr'><strong>καὶ</strong></span> <span class='ocrx_word' id='word_1_38' title='bbox 1122 630 1381 700; x_wconf 83' lang='grc' dir='ltr'>βασιλεὺς</span> <span class='ocrx_word' id='word_1_39' title='bbox 1407 633 1586 701; x_wconf 72' lang='grc' dir='ltr'>τρισὶν</span> <span class='ocrx_word' id='word_1_40' title='bbox 1611 631 1848 705; x_wconf 61' lang='grc' dir='ltr'>ἡμέραις</span> 
     </span>
    </p>
   </div>
   <div class='ocr_carea' id='block_1_7' title="bbox 254 720 1848 792">
    <p class='ocr_par' dir='ltr' id='par_1_7' title="bbox 254 720 1848 792">
     <span class='ocr_line' id='line_1_7' title="bbox 254 720 1848 792; baseline -0.001 -19"><span class='ocrx_word' id='word_1_41' title='bbox 254 721 531 792; x_wconf 84' lang='grc' dir='ltr'>πρότερον</span> <span class='ocrx_word' id='word_1_42' title='bbox 581 721 680 790; x_wconf 64' lang='grc' dir='ltr'>τῆς</span> <span class='ocrx_word' id='word_1_43' title='bbox 714 721 1132 775; x_wconf 83' lang='grc' dir='ltr'>Κωνσταντίνου</span> <span class='ocrx_word' id='word_1_44' title='bbox 1186 721 1532 790; x_wconf 80' lang='grc' dir='ltr'>ἑξεληλακὼς</span> <span class='ocrx_word' id='word_1_45' title='bbox 1566 721 1699 791; x_wconf 80' lang='grc' dir='ltr'>πρὸς</span> <span class='ocrx_word' id='word_1_46' title='bbox 1749 720 1848 791; x_wconf 77' lang='grc' dir='ltr'><strong>τὴν</strong></span> 
     </span>
    </p>
   </div>
   <div class='ocr_carea' id='block_1_8' title="bbox 253 802 1850 886">
    <p class='ocr_par' dir='ltr' id='par_1_8' title="bbox 253 802 1850 886">
     <span class='ocr_line' id='line_1_8' title="bbox 253 802 1850 886; baseline 0.001 -21"><span class='ocrx_word' id='word_1_47' title='bbox 253 813 447 885; x_wconf 81' lang='grc' dir='ltr'>Χηλὴν</span> <span class='ocrx_word' id='word_1_48' title='bbox 476 814 537 865; x_wconf 77' lang='grc' dir='ltr'>τὸ</span> <span class='ocrx_word' id='word_1_49' title='bbox 570 802 1359 884; x_wconf 68' lang='grc' dir='ltr'>ἀμφιθαλασσίδιονφρούριον</span> <span class='ocrx_word' id='word_1_50' title='bbox 1388 814 1646 886; x_wconf 73' lang='grc' dir='ltr'>ἠλαυνεν,</span> <span class='ocrx_word' id='word_1_51' title='bbox 1676 814 1757 867; x_wconf 79' lang='grc' dir='ltr'>ἔτι</span> <span class='ocrx_word' id='word_1_52' title='bbox 1791 814 1850 867; x_wconf 81' lang='grc' dir='ltr'><strong>δὲ</strong></span> 
     </span>
    </p>
   </div>
   <div class='ocr_carea' id='block_1_9' title="bbox 253 905 1851 976">
    <p class='ocr_par' dir='ltr' id='par_1_9' title="bbox 253 905 1851 976">
     <span class='ocr_line' id='line_1_9' title="bbox 253 905 1851 976; baseline 0 -18"><span class='ocrx_word' id='word_1_53' title='bbox 253 905 400 975; x_wconf 82' lang='grc' dir='ltr'>πρὸς</span> <span class='ocrx_word' id='word_1_54' title='bbox 430 905 509 975; x_wconf 83' lang='grc' dir='ltr'>τῷ</span> <span class='ocrx_word' id='word_1_55' title='bbox 551 905 838 975; x_wconf 82' lang='grc' dir='ltr'>Δαματρύῖ</span> <span class='ocrx_word' id='word_1_56' title='bbox 866 907 1103 976; x_wconf 72' lang='grc' dir='ltr'>ἐσκήνου</span> <span class='ocrx_word' id='word_1_57' title='bbox 1134 906 1196 958; x_wconf 80' lang='grc' dir='ltr'>τὸ</span> <span class='ocrx_word' id='word_1_58' title='bbox 1237 906 1572 975; x_wconf 80' lang='grc' dir='ltr'>ὑπηρετικὸν</span> <span class='ocrx_word' id='word_1_59' title='bbox 1602 905 1851 973; x_wconf 78' lang='grc' dir='ltr'>προσμέ-</span> 
     </span>
    </p>
   </div>
   <div class='ocr_carea' id='block_1_10' title="bbox 250 993 1850 1067">
    <p class='ocr_par' dir='ltr' id='par_1_10' title="bbox 250 993 1850 1067">
     <span class='ocr_line' id='line_1_10' title="bbox 250 993 1850 1067; baseline -0.002 -16"><span class='ocrx_word' id='word_1_60' title='bbox 250 1015 388 1060; x_wconf 86' lang='grc' dir='ltr'>νων,</span> <span class='ocrx_word' id='word_1_61' title='bbox 437 998 532 1051; x_wconf 77' lang='grc' dir='ltr'><strong>καὶ</strong></span> <span class='ocrx_word' id='word_1_62' title='bbox 564 997 710 1060; x_wconf 80' lang='grc' dir='ltr'>ὅσοις</span> <span class='ocrx_word' id='word_1_63' title='bbox 740 993 807 1067; x_wconf 81' lang='grc' dir='ltr'>ἦν</span> <span class='ocrx_word' id='word_1_64' title='bbox 852 997 1000 1066; x_wconf 69' lang='grc' dir='ltr'>αὐτῷ</span> <span class='ocrx_word' id='word_1_65' title='bbox 1035 995 1293 1051; x_wconf 74' lang='grc' dir='ltr'>ἕπεσθαι.</span> <span class='ocrx_word' id='word_1_66' title='bbox 1336 998 1447 1049; x_wconf 79' lang='grc' dir='ltr'><strong>Καὶ</strong></span> <span class='ocrx_word' id='word_1_67' title='bbox 1476 1000 1592 1065; x_wconf 54' lang='grc' dir='ltr'>«τῆς</span> <span class='ocrx_word' id='word_1_68' title='bbox 1625 996 1850 1067; x_wconf 79' lang='grc' dir='ltr'><strong>πρώτης</strong></span> 
     </span>
    </p>
   </div>
   <div class='ocr_carea' id='block_1_11' title="bbox 247 1087 1850 1159">
    <p class='ocr_par' dir='ltr' id='par_1_11' title="bbox 247 1087 1850 1159">
     <span class='ocr_line' id='line_1_11' title="bbox 247 1087 1850 1159; baseline -0.001 -18"><span class='ocrx_word' id='word_1_69' title='bbox 247 1088 351 1141; x_wconf 88' lang='grc' dir='ltr'><strong>τοῦ</strong></span> <span class='ocrx_word' id='word_1_70' title='bbox 392 1088 563 1157; x_wconf 79' lang='grc' dir='ltr'>μηνὸς</span> <span class='ocrx_word' id='word_1_71' title='bbox 597 1088 838 1158; x_wconf 79' lang='grc' dir='ltr'>ἑσπέρας</span> <span class='ocrx_word' id='word_1_72' title='bbox 858 1087 988 1156; x_wconf 83' lang='grc' dir='ltr'>περί</span> <span class='ocrx_word' id='word_1_73' title='bbox 1013 1106 1116 1142; x_wconf 89' lang='grc' dir='ltr'><strong>που</strong></span> <span class='ocrx_word' id='word_1_74' title='bbox 1150 1088 1212 1141; x_wconf 82' lang='grc' dir='ltr'><strong>τὸ</strong></span> <span class='ocrx_word' id='word_1_75' title='bbox 1238 1088 1596 1159; x_wconf 82' lang='grc' dir='ltr'>μεσονύκτιον</span> <span class='ocrx_word' id='word_1_76' title='bbox 1629 1088 1850 1156; x_wconf 81' lang='grc' dir='ltr'>σεισμὸς</span> 
     </span>
    </p>
   </div>
   <div class='ocr_carea' id='block_1_12' title="bbox 250 1179 1851 1251">
    <p class='ocr_par' dir='ltr' id='par_1_12' title="bbox 250 1179 1851 1251">
     <span class='ocr_line' id='line_1_12' title="bbox 250 1179 1851 1251; baseline 0 -18"><span class='ocrx_word' id='word_1_77' title='bbox 250 1183 526 1251; x_wconf 74' lang='grc' dir='ltr'><strong>ἐμπίπτει</strong></span> <span class='ocrx_word' id='word_1_78' title='bbox 562 1182 757 1250; x_wconf 79' lang='grc' dir='ltr'>μέγας,</span> <span class='ocrx_word' id='word_1_79' title='bbox 801 1179 946 1233; x_wconf 87' lang='grc' dir='ltr'>κατὰ</span> <span class='ocrx_word' id='word_1_80' title='bbox 980 1183 1108 1243; x_wconf 85' lang='grc' dir='ltr'>τοὺς</span> <span class='ocrx_word' id='word_1_81' title='bbox 1142 1181 1253 1234; x_wconf 87' lang='grc' dir='ltr'><strong>τῶν</strong></span> <span class='ocrx_word' id='word_1_82' title='bbox 1304 1181 1526 1245; x_wconf 80' lang='grc' dir='ltr'>ζώντων</span> <span class='ocrx_word' id='word_1_83' title='bbox 1577 1181 1851 1250; x_wconf 77' lang='grc' dir='ltr'>σωμάτιον</span> 
     </span>
    </p>
   </div>
   <div class='ocr_carea' id='block_1_13' title="bbox 251 1272 1851 1344">
    <p class='ocr_par' dir='ltr' id='par_1_13' title="bbox 251 1272 1851 1344">
     <span class='ocr_line' id='line_1_13' title="bbox 251 1272 1851 1344; baseline 0.001 -18"><span class='ocrx_word' id='word_1_84' title='bbox 251 1272 591 1341; x_wconf 75' lang='grc' dir='ltr'>σφυγμούς·</span> <span class='ocrx_word' id='word_1_85' title='bbox 620 1273 716 1336; x_wconf 82' lang='grc' dir='ltr'><strong>οὓς</strong></span> <span class='ocrx_word' id='word_1_86' title='bbox 755 1273 956 1342; x_wconf 82' lang='grc' dir='ltr'>μᾶλλον</span> <span class='ocrx_word' id='word_1_87' title='bbox 987 1276 1089 1329; x_wconf 72' lang='grc' dir='ltr'><strong>καὶ</strong></span> <span class='ocrx_word' id='word_1_88' title='bbox 1121 1274 1335 1336; x_wconf 78' lang='grc' dir='ltr'>δεινοὺς</span> <span class='ocrx_word' id='word_1_89' title='bbox 1372 1275 1424 1327; x_wconf 84' lang='grc' dir='ltr'>οἱ</span> <span class='ocrx_word' id='word_1_90' title='bbox 1469 1275 1600 1344; x_wconf 78' lang='grc' dir='ltr'>περὶ</span> <span class='ocrx_word' id='word_1_91' title='bbox 1644 1277 1851 1327; x_wconf 82' lang='grc' dir='ltr'>τούτων</span> 
     </span>
    </p>
   </div>
   <div class='ocr_carea' id='block_1_14' title="bbox 248 1367 1851 1437">
    <p class='ocr_par' dir='ltr' id='par_1_14' title="bbox 248 1367 1851 1437">
     <span class='ocr_line' id='line_1_14' title="bbox 248 1367 1851 1437; baseline 0.001 -18"><span class='ocrx_word' id='word_1_92' title='bbox 248 1369 583 1437; x_wconf 73' lang='grc' dir='ltr'><strong>γράψαντες</strong></span> <span class='ocrx_word' id='word_1_93' title='bbox 612 1367 866 1435; x_wconf 77' lang='grc' dir='ltr'>λέγουσιν</span> <span class='ocrx_word' id='word_1_94' title='bbox 895 1371 970 1431; x_wconf 86' lang='grc' dir='ltr'>ὡς</span> <span class='ocrx_word' id='word_1_95' title='bbox 1014 1367 1261 1422; x_wconf 87' lang='grc' dir='ltr'><strong>κάτωθεν</strong></span> <span class='ocrx_word' id='word_1_96' title='bbox 1301 1368 1539 1430; x_wconf 83' lang='grc' dir='ltr'>διιέντας</span> <span class='ocrx_word' id='word_1_97' title='bbox 1580 1370 1676 1421; x_wconf 83' lang='grc' dir='ltr'>καὶ</span> <span class='ocrx_word' id='word_1_98' title='bbox 1711 1368 1851 1421; x_wconf 82' lang='grc' dir='ltr'>ὑπο-</span> 
     </span>
    </p>
   </div>
   <div class='ocr_carea' id='block_1_15' title="bbox 247 1458 1853 1530">
    <p class='ocr_par' dir='ltr' id='par_1_15' title="bbox 247 1458 1853 1530">
     <span class='ocr_line' id='line_1_15' title="bbox 247 1458 1853 1530; baseline 0.002 -20"><span class='ocrx_word' id='word_1_99' title='bbox 247 1460 521 1521; x_wconf 86' lang='grc' dir='ltr'>σπῶντας</span> <span class='ocrx_word' id='word_1_100' title='bbox 544 1458 792 1529; x_wconf 85' lang='grc' dir='ltr'>θεμέλια.</span> <span class='ocrx_word' id='word_1_101' title='bbox 836 1460 1006 1523; x_wconf 82' lang='grc' dir='ltr'>Τόσος</span> <span class='ocrx_word' id='word_1_102' title='bbox 1051 1461 1183 1528; x_wconf 88' lang='grc' dir='ltr'>γοῦν</span> <span class='ocrx_word' id='word_1_103' title='bbox 1212 1463 1240 1514; x_wconf 98' lang='lat'><strong>6</strong></span> <span class='ocrx_word' id='word_1_104' title='bbox 1268 1462 1395 1515; x_wconf 83' lang='grc' dir='ltr'>τότε</span> <span class='ocrx_word' id='word_1_105' title='bbox 1435 1461 1576 1514; x_wconf 82' lang='grc' dir='ltr'>ὥστε</span> <span class='ocrx_word' id='word_1_106' title='bbox 1615 1461 1713 1514; x_wconf 80' lang='grc' dir='ltr'>καὶ</span> <span class='ocrx_word' id='word_1_107' title='bbox 1747 1478 1853 1530; x_wconf 88' lang='grc' dir='ltr'>μη-</span> 
     </span>
    </p>
   </div>
   <div class='ocr_carea' id='block_1_16' title="bbox 243 1551 1852 1624">
    <p class='ocr_par' dir='ltr' id='par_1_16' title="bbox 243 1551 1852 1624">
     <span class='ocr_line' id='line_1_16' title="bbox 243 1551 1852 1624; baseline 0.002 -22"><span class='ocrx_word' id='word_1_108' title='bbox 243 1551 387 1604; x_wconf 83' lang='grc' dir='ltr'>δένα</span> <span class='ocrx_word' id='word_1_109' title='bbox 419 1551 568 1620; x_wconf 80' lang='grc' dir='ltr'>ἔχειν</span> <span class='ocrx_word' id='word_1_110' title='bbox 609 1551 683 1621; x_wconf 87' lang='grc' dir='ltr'>μὴ</span> <span class='ocrx_word' id='word_1_111' title='bbox 717 1552 951 1605; x_wconf 76' lang='grc' dir='ltr'>παλαιὸν</span> <span class='ocrx_word' id='word_1_112' title='bbox 1004 1553 1080 1622; x_wconf 80' lang='grc' dir='ltr'><strong>μὴ</strong></span> <span class='ocrx_word' id='word_1_113' title='bbox 1115 1553 1237 1606; x_wconf 83' lang='grc' dir='ltr'>νέον</span> <span class='ocrx_word' id='word_1_114' title='bbox 1289 1554 1510 1617; x_wconf 78' lang='grc' dir='ltr'>εἰδέναι,</span> <span class='ocrx_word' id='word_1_115' title='bbox 1559 1554 1632 1624; x_wconf 84' lang='grc' dir='ltr'>μὴ</span> <span class='ocrx_word' id='word_1_116' title='bbox 1672 1554 1757 1607; x_wconf 84' lang='grc' dir='ltr'>ὅτι</span> <span class='ocrx_word' id='word_1_117' title='bbox 1787 1569 1852 1621; x_wconf 85' lang='grc' dir='ltr'><strong>γε</strong></span> 
     </span>
    </p>
   </div>
   <div class='ocr_carea' id='block_1_17' title="bbox 249 1643 1854 1715">
    <p class='ocr_par' dir='ltr' id='par_1_17' title="bbox 249 1643 1854 1715">
     <span class='ocr_line' id='line_1_17' title="bbox 249 1643 1854 1715; baseline 0.001 -19"><span class='ocrx_word' id='word_1_118' title='bbox 249 1645 461 1710; x_wconf 77' lang='grc' dir='ltr'>μείζω,</span> <span class='ocrx_word' id='word_1_119' title='bbox 497 1644 614 1697; x_wconf 81' lang='grc' dir='ltr'>ἀλλ’</span> <span class='ocrx_word' id='word_1_120' title='bbox 644 1643 757 1696; x_wconf 83' lang='grc' dir='ltr'>οὐδ’</span> <span class='ocrx_word' id='word_1_121' title='bbox 788 1645 904 1697; x_wconf 83' lang='grc' dir='ltr'>τσον</span> <span class='ocrx_word' id='word_1_122' title='bbox 940 1647 1189 1701; x_wconf 80' lang='grc' dir='ltr'>πώποτε.</span> <span class='ocrx_word' id='word_1_123' title='bbox 1214 1647 1375 1709; x_wconf 81' lang='grc' dir='ltr'>Τινὲς</span> <span class='ocrx_word' id='word_1_124' title='bbox 1399 1646 1455 1699; x_wconf 79' lang='grc' dir='ltr'><strong>δὲ</strong></span> <span class='ocrx_word' id='word_1_125' title='bbox 1487 1646 1595 1699; x_wconf 89' lang='grc' dir='ltr'><strong>τῶν</strong></span> <span class='ocrx_word' id='word_1_126' title='bbox 1625 1645 1725 1715; x_wconf 69' lang='grc' dir='ltr'><strong>ἠδη</strong></span> <span class='ocrx_word' id='word_1_127' title='bbox 1759 1661 1854 1713; x_wconf 84' lang='grc' dir='ltr'>γε-</span> 
     </span>
    </p>
   </div>
   <div class='ocr_carea' id='block_1_18' title="bbox 247 1738 1855 1810">
    <p class='ocr_par' dir='ltr' id='par_1_18' title="bbox 247 1738 1855 1810">
     <span class='ocr_line' id='line_1_18' title="bbox 247 1738 1855 1810; baseline -0.001 -17"><span class='ocrx_word' id='word_1_128' title='bbox 247 1741 591 1810; x_wconf 83' lang='grc' dir='ltr'>γηρακότων</span> <span class='ocrx_word' id='word_1_129' title='bbox 626 1738 705 1809; x_wconf 81' lang='grc' dir='ltr'>τῷ</span> <span class='ocrx_word' id='word_1_130' title='bbox 730 1742 864 1793; x_wconf 84' lang='grc' dir='ltr'>κατ’</span> <span class='ocrx_word' id='word_1_131' title='bbox 890 1740 1085 1809; x_wconf 79' lang='grc' dir='ltr'>ἐξοχὴν</span> <span class='ocrx_word' id='word_1_132' title='bbox 1114 1738 1402 1809; x_wconf 82' lang='grc' dir='ltr'>λεγομένῳ</span> <span class='ocrx_word' id='word_1_133' title='bbox 1450 1738 1675 1806; x_wconf 85' lang='grc' dir='ltr'>μεγάλῳ</span> <span class='ocrx_word' id='word_1_134' title='bbox 1707 1739 1855 1791; x_wconf 77' lang='grc' dir='ltr'>ἐκεῖ·</span> 
     </span>
    </p>
   </div>
   <div class='ocr_carea' id='block_1_19' title="bbox 250 1831 1855 1904">
    <p class='ocr_par' dir='ltr' id='par_1_19' title="bbox 250 1831 1855 1904">
     <span class='ocr_line' id='line_1_19' title="bbox 250 1831 1855 1904; baseline -0.003 -16"><span class='ocrx_word' id='word_1_135' title='bbox 250 1852 353 1888; x_wconf 80' lang='grc' dir='ltr'><strong>νον</strong></span> <span class='ocrx_word' id='word_1_136' title='bbox 389 1833 728 1904; x_wconf 73' lang='grc' dir='ltr'>παρείκαζωο</span> <span class='ocrx_word' id='word_1_137' title='bbox 750 1848 763 1863; x_wconf 90' lang='grc'><strong>·</strong></span> <span class='ocrx_word' id='word_1_138' title='bbox 801 1833 948 1886; x_wconf 75' lang='grc' dir='ltr'>οὕτω</span> <span class='ocrx_word' id='word_1_139' title='bbox 987 1833 1099 1901; x_wconf 81' lang='grc' dir='ltr'>γὰρ</span> <span class='ocrx_word' id='word_1_140' title='bbox 1128 1833 1224 1886; x_wconf 82' lang='grc' dir='ltr'>καὶ</span> <span class='ocrx_word' id='word_1_141' title='bbox 1256 1831 1449 1886; x_wconf 85' lang='grc' dir='ltr'>τοῦτον</span> <span class='ocrx_word' id='word_1_142' title='bbox 1484 1833 1571 1900; x_wconf 80' lang='grc' dir='ltr'><strong>ἐφ’</strong></span> <span class='ocrx_word' id='word_1_143' title='bbox 1616 1831 1855 1902; x_wconf 77' lang='grc' dir='ltr'>ἡμέραις</span> 
     </span>
    </p>
   </div>
   <div class='ocr_carea' id='block_1_20' title="bbox 257 1914 1857 1996">
    <p class='ocr_par' dir='ltr' id='par_1_20' title="bbox 257 1914 1857 1996">
     <span class='ocr_line' id='line_1_20' title="bbox 257 1914 1857 1996; baseline -0.003 -15"><span class='ocrx_word' id='word_1_144' title='bbox 257 1914 554 1991; x_wconf 73' lang='grc' dir='ltr'>πλείσταις</span> <span class='ocrx_word' id='word_1_145' title='bbox 580 1926 1028 1996; x_wconf 78' lang='grc' dir='ltr'>ἐπισυμῦαίνειν,</span> <span class='ocrx_word' id='word_1_146' title='bbox 1052 1918 1161 1979; x_wconf 60' lang='grc' dir='ltr'>καῖ</span> <span class='ocrx_word' id='word_1_147' title='bbox 1174 1926 1493 1987; x_wconf 84' lang='grc' dir='ltr'>πλειστάκις</span> <span class='ocrx_word' id='word_1_148' title='bbox 1520 1925 1619 1994; x_wconf 77' lang='grc' dir='ltr'>τῆς</span> <span class='ocrx_word' id='word_1_149' title='bbox 1642 1925 1857 1994; x_wconf 82' lang='grc' dir='ltr'>ἡμέρας</span> 
     </span>
    </p>
   </div>
   <div class='ocr_carea' id='block_1_21' title="bbox 253 2016 1861 2090">
    <p class='ocr_par' dir='ltr' id='par_1_21' title="bbox 253 2016 1861 2090">
     <span class='ocr_line' id='line_1_21' title="bbox 253 2016 1861 2090; baseline -0.002 -18"><span class='ocrx_word' id='word_1_150' title='bbox 253 2020 293 2090; x_wconf 81' lang='grc' dir='ltr'>ἦ</span> <span class='ocrx_word' id='word_1_151' title='bbox 319 2021 423 2073; x_wconf 76' lang='grc' dir='ltr'>καὶ</span> <span class='ocrx_word' id='word_1_152' title='bbox 459 2020 656 2082; x_wconf 78' lang='grc' dir='ltr'>νυκτὸς</span> <span class='ocrx_word' id='word_1_153' title='bbox 689 2018 1017 2087; x_wconf 85' lang='grc' dir='ltr'>προφαίνειν</span> <span class='ocrx_word' id='word_1_154' title='bbox 1045 2018 1191 2071; x_wconf 72' lang='grc' dir='ltr'>κατὰ</span> <span class='ocrx_word' id='word_1_155' title='bbox 1225 2017 1426 2088; x_wconf 75' lang='grc' dir='ltr'>μικρὸν</span> <span class='ocrx_word' id='word_1_156' title='bbox 1456 2019 1528 2070; x_wconf 71' lang='grc' dir='ltr'><strong>τὰ</strong></span> <span class='ocrx_word' id='word_1_157' title='bbox 1559 2016 1657 2069; x_wconf 89' lang='grc' dir='ltr'><strong>τοῦ</strong></span> <span class='ocrx_word' id='word_1_158' title='bbox 1699 2016 1861 2069; x_wconf 84' lang='grc' dir='ltr'>πνεύ-</span> 
     </span>
    </p>
   </div>
   <div class='ocr_carea' id='block_1_22' title="bbox 261 2108 1858 2181">
    <p class='ocr_par' dir='ltr' id='par_1_22' title="bbox 261 2108 1858 2181">
     <span class='ocr_line' id='line_1_22' title="bbox 261 2108 1858 2181; baseline -0.002 -16"><span class='ocrx_word' id='word_1_159' title='bbox 261 2129 441 2181; x_wconf 85' lang='grc' dir='ltr'>ματος</span> <span class='ocrx_word' id='word_1_160' title='bbox 491 2110 1014 2181; x_wconf 80' lang='grc' dir='ltr'>ὲγκαταλείμματα,</span> <span class='ocrx_word' id='word_1_161' title='bbox 1063 2109 1207 2162; x_wconf 85' lang='grc' dir='ltr'>ὥστε</span> <span class='ocrx_word' id='word_1_162' title='bbox 1251 2110 1347 2163; x_wconf 78' lang='grc' dir='ltr'>καὶ</span> <span class='ocrx_word' id='word_1_163' title='bbox 1398 2108 1858 2179; x_wconf 81' lang='grc' dir='ltr'>Ἀνθεστηριῶνος</span> 
     </span>
    </p>
   </div>
   <div class='ocr_carea' id='block_1_23' title="bbox 260 2193 1856 2273">
    <p class='ocr_par' dir='ltr' id='par_1_23' title="bbox 260 2193 1856 2273">
     <span class='ocr_line' id='line_1_23' title="bbox 260 2193 1856 2273; baseline -0.003 -16"><span class='ocrx_word' id='word_1_164' title='bbox 260 2205 717 2270; x_wconf 78' lang='grc' dir='ltr'>ἑπτακαιδεκάτῃ</span> <span class='ocrx_word' id='word_1_165' title='bbox 767 2203 1005 2257; x_wconf 73' lang='grc' dir='ltr'>ἐνταῦθα</span> <span class='ocrx_word' id='word_1_166' title='bbox 1055 2203 1154 2273; x_wconf 86' lang='grc' dir='ltr'>μὲν</span> <span class='ocrx_word' id='word_1_167' title='bbox 1195 2203 1367 2255; x_wconf 81' lang='grc' dir='ltr'>πλείω</span> <span class='ocrx_word' id='word_1_168' title='bbox 1420 2202 1480 2254; x_wconf 83' lang='grc' dir='ltr'>τὸ</span> <span class='ocrx_word' id='word_1_169' title='bbox 1514 2201 1608 2255; x_wconf 90' lang='grc' dir='ltr'><strong>τοῦ</strong></span> <span class='ocrx_word' id='word_1_170' title='bbox 1662 2193 1856 2270; x_wconf 79' lang='grc' dir='ltr'>χρόνου</span> 
     </span>
    </p>
   </div>
   <div class='ocr_carea' id='block_1_24' title="bbox 265 2291 1859 2365">
    <p class='ocr_par' dir='ltr' id='par_1_24' title="bbox 265 2291 1859 2365">
     <span class='ocr_line' id='line_1_24' title="bbox 265 2291 1859 2365; baseline -0.003 -17"><span class='ocrx_word' id='word_1_171' title='bbox 265 2299 444 2365; x_wconf 85' lang='grc' dir='ltr'>μῆκος</span> <span class='ocrx_word' id='word_1_172' title='bbox 467 2296 753 2364; x_wconf 82' lang='grc' dir='ltr'>γενέσθαι.</span> <span class='ocrx_word' id='word_1_173' title='bbox 786 2294 1176 2365; x_wconf 83' lang='grc' dir='ltr'>μαλακώτερον</span> <span class='ocrx_word' id='word_1_174' title='bbox 1218 2294 1277 2347; x_wconf 77' lang='grc' dir='ltr'>δὲ</span> <span class='ocrx_word' id='word_1_175' title='bbox 1308 2298 1374 2364; x_wconf 86' lang='grc' dir='ltr'>τῇ</span> <span class='ocrx_word' id='word_1_176' title='bbox 1408 2293 1657 2362; x_wconf 84' lang='grc' dir='ltr'>δυνάμει,</span> <span class='ocrx_word' id='word_1_177' title='bbox 1706 2295 1764 2345; x_wconf 82' lang='grc' dir='ltr'>ὲν</span> <span class='ocrx_word' id='word_1_178' title='bbox 1799 2291 1859 2345; x_wconf 85' lang='grc' dir='ltr'>δὲ</span> 
     </span>
    </p>
   </div>
   <div class='ocr_carea' id='block_1_25' title="bbox 262 2384 1860 2459">
    <p class='ocr_par' dir='ltr' id='par_1_25' title="bbox 262 2384 1860 2459">
     <span class='ocr_line' id='line_1_25' title="bbox 262 2384 1860 2459; baseline -0.003 -18"><span class='ocrx_word' id='word_1_179' title='bbox 262 2394 325 2459; x_wconf 77' lang='grc' dir='ltr'>τῇ</span> <span class='ocrx_word' id='word_1_180' title='bbox 369 2388 615 2458; x_wconf 81' lang='grc' dir='ltr'>ἀνατολῇ</span> <span class='ocrx_word' id='word_1_181' title='bbox 646 2388 743 2441; x_wconf 74' lang='grc' dir='ltr'>καὶ</span> <span class='ocrx_word' id='word_1_182' title='bbox 780 2388 953 2456; x_wconf 77' lang='grc' dir='ltr'>μείζω</span> <span class='ocrx_word' id='word_1_183' title='bbox 995 2386 1091 2439; x_wconf 89' lang='grc' dir='ltr'><strong>τοῦ</strong></span> <span class='ocrx_word' id='word_1_184' title='bbox 1142 2386 1453 2455; x_wconf 80' lang='grc' dir='ltr'>φθάσαντος</span> <span class='ocrx_word' id='word_1_185' title='bbox 1489 2389 1584 2438; x_wconf 77' lang='grc' dir='ltr'><strong>καὶ</strong></span> <span class='ocrx_word' id='word_1_186' title='bbox 1624 2384 1860 2439; x_wconf 64' lang='grc' dir='ltr'>δεινότε-</span> 
     </span>
    </p>
   </div>
   <div class='ocr_carea' id='block_1_26' title="bbox 266 2474 1861 2548">
    <p class='ocr_par' dir='ltr' id='par_1_26' title="bbox 266 2474 1861 2548">
     <span class='ocr_line' id='line_1_26' title="bbox 266 2474 1861 2548; baseline -0.004 -17"><span class='ocrx_word' id='word_1_187' title='bbox 266 2495 381 2548; x_wconf 84' lang='grc' dir='ltr'>ρον.</span> <span class='ocrx_word' id='word_1_188' title='bbox 432 2476 740 2544; x_wconf 75' lang='grc' dir='ltr'>Ἐνέσκηψε</span> <span class='ocrx_word' id='word_1_189' title='bbox 777 2475 835 2528; x_wconf 76' lang='grc' dir='ltr'><strong>δὲ</strong></span> <span class='ocrx_word' id='word_1_190' title='bbox 885 2476 945 2528; x_wconf 83' lang='grc' dir='ltr'><strong>τὸ</strong></span> <span class='ocrx_word' id='word_1_191' title='bbox 1005 2474 1178 2529; x_wconf 75' lang='grc' dir='ltr'>δεινὸν</span> <span class='ocrx_word' id='word_1_192' title='bbox 1227 2476 1351 2527; x_wconf 83' lang='grc' dir='ltr'>τότε</span> <span class='ocrx_word' id='word_1_193' title='bbox 1408 2475 1515 2528; x_wconf 82' lang='grc' dir='ltr'><strong>ἀπὸ</strong></span> <span class='ocrx_word' id='word_1_194' title='bbox 1564 2474 1672 2527; x_wconf 85' lang='grc' dir='ltr'><strong>τῶν</strong></span> <span class='ocrx_word' id='word_1_195' title='bbox 1729 2475 1861 2544; x_wconf 74' lang='grc' dir='ltr'>περὶ</span> 
     </span>
    </p>
   </div>
   <div class='ocr_carea' id='block_1_27' title="bbox 266 2562 1860 2640">
    <p class='ocr_par' dir='ltr' id='par_1_27' title="bbox 266 2562 1860 2640">
     <span class='ocr_line' id='line_1_27' title="bbox 266 2562 1860 2640; baseline -0.002 -18"><span class='ocrx_word' id='word_1_196' title='bbox 266 2572 568 2640; x_wconf 81' lang='grc' dir='ltr'>Πέργαμον</span> <span class='ocrx_word' id='word_1_197' title='bbox 604 2571 693 2623; x_wconf 76' lang='grc' dir='ltr'><strong>διὰ</strong></span> <span class='ocrx_word' id='word_1_198' title='bbox 727 2568 979 2640; x_wconf 87' lang='grc' dir='ltr'>Χλιαρῶν</span> <span class='ocrx_word' id='word_1_199' title='bbox 1013 2569 1197 2637; x_wconf 79' lang='grc' dir='ltr'>μέσων</span> <span class='ocrx_word' id='word_1_200' title='bbox 1236 2568 1331 2621; x_wconf 69' lang='grc' dir='ltr'><strong>καὶ</strong></span> <span class='ocrx_word' id='word_1_201' title='bbox 1363 2571 1420 2627; x_wconf 82' lang='grc' dir='ltr'>ἐς</span> <span class='ocrx_word' id='word_1_202' title='bbox 1451 2567 1624 2635; x_wconf 78' lang='grc' dir='ltr'>αὐτῆς</span> <span class='ocrx_word' id='word_1_203' title='bbox 1658 2562 1860 2637; x_wconf 63' lang='grc' dir='ltr'>Περά-</span> 
     </span>
    </p>
   </div>
   <div class='ocr_carea' id='block_1_28' title="bbox 264 2659 1862 2734">
    <p class='ocr_par' dir='ltr' id='par_1_28' title="bbox 264 2659 1862 2734">
     <span class='ocr_line' id='line_1_28' title="bbox 264 2659 1862 2734; baseline -0.003 -17"><span class='ocrx_word' id='word_1_204' title='bbox 264 2664 353 2725; x_wconf 82' lang='grc' dir='ltr'>δος</span> <span class='ocrx_word' id='word_1_205' title='bbox 396 2664 573 2734; x_wconf 79' lang='grc' dir='ltr'>μέρη.</span> <span class='ocrx_word' id='word_1_206' title='bbox 606 2660 686 2726; x_wconf 85' lang='grc' dir='ltr'>ὡς</span> <span class='ocrx_word' id='word_1_207' title='bbox 708 2662 1000 2730; x_wconf 77' lang='grc' dir='ltr'>διαστῆναι</span> <span class='ocrx_word' id='word_1_208' title='bbox 1038 2662 1138 2731; x_wconf 83' lang='grc' dir='ltr'>μὲν</span> <span class='ocrx_word' id='word_1_209' title='bbox 1173 2659 1444 2730; x_wconf 87' lang='grc' dir='ltr'>πολλαχοῦ</span> <span class='ocrx_word' id='word_1_210' title='bbox 1481 2660 1580 2730; x_wconf 76' lang='grc' dir='ltr'>τὴν</span> <span class='ocrx_word' id='word_1_211' title='bbox 1613 2660 1740 2729; x_wconf 82' lang='grc' dir='ltr'>γῆν,</span> <span class='ocrx_word' id='word_1_212' title='bbox 1769 2661 1862 2712; x_wconf 75' lang='grc' dir='ltr'><strong>ἐκ·</strong></span> 
     </span>
    </p>
   </div>
   <div class='ocr_carea' id='block_1_29' title="bbox 274 2850 1860 2915">
    <p class='ocr_par' dir='ltr' id='par_1_29' title="bbox 274 2850 1860 2915">
     <span class='ocr_line' id='line_1_29' title="bbox 274 2850 1860 2915; baseline -0.003 -7"><span class='ocrx_word' id='word_1_213' title='bbox 274 2852 639 2908; x_wconf 75' lang='lat' dir='ltr'><strong>sustinebant.</strong></span> <span class='ocrx_word' id='word_1_214' title='bbox 670 2851 944 2906; x_wconf 65' lang='lat' dir='ltr'><strong>Caaterum</strong></span> <span class='ocrx_word' id='word_1_215' title='bbox 993 2850 1258 2906; x_wconf 82' lang='lat' dir='ltr'><strong>Kalendis</strong></span> <span class='ocrx_word' id='word_1_216' title='bbox 1287 2850 1461 2915; x_wconf 84' lang='lat' dir='ltr'><strong>Junii,</strong></span> <span class='ocrx_word' id='word_1_217' title='bbox 1498 2864 1624 2904; x_wconf 90' lang='lat' dir='ltr'><strong>cum</strong></span> <span class='ocrx_word' id='word_1_218' title='bbox 1667 2850 1860 2904; x_wconf 93' lang='lat' dir='ltr'><strong>triduo</strong></span> 
     </span>
    </p>
   </div>
   <div class='ocr_carea' id='block_1_30' title="bbox 282 2941 1870 3013">
    <p class='ocr_par' dir='ltr' id='par_1_30' title="bbox 282 2941 1870 3013">
     <span class='ocr_line' id='line_1_30' title="bbox 282 2941 1870 3013; baseline -0.002 -16"><span class='ocrx_word' id='word_1_219' title='bbox 282 2956 403 2998; x_wconf 91' lang='lat' dir='ltr'><strong>ante</strong></span> <span class='ocrx_word' id='word_1_220' title='bbox 434 2944 742 3012; x_wconf 74' lang='lat' dir='ltr'><strong>imperator</strong></span> <span class='ocrx_word' id='word_1_221' title='bbox 792 2942 1277 3013; x_wconf 73' lang='lat' dir='ltr'><strong>Constantinopoli</strong></span> <span class='ocrx_word' id='word_1_222' title='bbox 1339 2957 1600 3009; x_wconf 79' lang='lat' dir='ltr'><strong>egressus</strong></span> <span class='ocrx_word' id='word_1_223' title='bbox 1656 2941 1870 2996; x_wconf 73' lang='lat' dir='ltr'><strong>Cbclen&#39;</strong></span> 
     </span>
    </p>
   </div>
   <div class='ocr_carea' id='block_1_31' title="bbox 285 3033 1860 3105">
    <p class='ocr_par' dir='ltr' id='par_1_31' title="bbox 285 3033 1860 3105">
     <span class='ocr_line' id='line_1_31' title="bbox 285 3033 1860 3105; baseline 0.001 -19"><span class='ocrx_word' id='word_1_224' title='bbox 285 3052 477 3090; x_wconf 76' lang='lat' dir='ltr'><strong>versus</strong></span> <span class='ocrx_word' id='word_1_225' title='bbox 502 3037 601 3089; x_wconf 87' lang='lat' dir='ltr'><strong>iter</strong></span> <span class='ocrx_word' id='word_1_226' title='bbox 626 3036 846 3090; x_wconf 87' lang='lat' dir='ltr'><strong>iniisset</strong></span> <span class='ocrx_word' id='word_1_227' title='bbox 875 3035 1014 3105; x_wconf 83' lang='lat' dir='ltr'><strong>(erat</strong></span> <span class='ocrx_word' id='word_1_228' title='bbox 1051 3035 1166 3089; x_wconf 69' lang='lat' dir='ltr'><strong>haec</strong></span> <span class='ocrx_word' id='word_1_229' title='bbox 1220 3050 1317 3088; x_wconf 79' lang='lat' dir='ltr'><strong>arx</strong></span> <span class='ocrx_word' id='word_1_230' title='bbox 1352 3036 1487 3088; x_wconf 90' lang='lat' dir='ltr'><strong>mari</strong></span> <span class='ocrx_word' id='word_1_231' title='bbox 1517 3033 1860 3104; x_wconf 85' lang='lat' dir='ltr'><strong>circumﬂua)</strong></span> 
     </span>
    </p>
   </div>
   <div class='ocr_carea' id='block_1_32' title="bbox 1950 535 3537 607">
    <p class='ocr_par' dir='ltr' id='par_1_32' title="bbox 1950 535 3537 607">
     <span class='ocr_line' id='line_1_32' title="bbox 1950 535 3537 607; baseline -0.001 -17"><span class='ocrx_word' id='word_1_232' title='bbox 1950 538 2045 592; x_wconf 85' lang='grc' dir='ltr'><strong>τοῦ</strong></span> <span class='ocrx_word' id='word_1_233' title='bbox 2082 537 2223 591; x_wconf 83' lang='grc' dir='ltr'>κατὰ</span> <span class='ocrx_word' id='word_1_234' title='bbox 2272 538 2340 590; x_wconf 81' lang='grc' dir='ltr'>τὰ</span> <span class='ocrx_word' id='word_1_235' title='bbox 2386 536 2603 606; x_wconf 79' lang='grc' dir='ltr'>Χλιαρὰ</span> <span class='ocrx_word' id='word_1_236' title='bbox 2634 537 2904 607; x_wconf 80' lang='grc' dir='ltr'>φρουρίου</span> <span class='ocrx_word' id='word_1_237' title='bbox 2957 535 3207 606; x_wconf 72' lang='grc' dir='ltr'>θεμέλια,</span> <span class='ocrx_word' id='word_1_238' title='bbox 3244 538 3340 590; x_wconf 79' lang='grc' dir='ltr'>καὶ</span> <span class='ocrx_word' id='word_1_239' title='bbox 3372 537 3537 599; x_wconf 83' lang='grc' dir='ltr'>ναοὺς</span> 
     </span>
    </p>
   </div>
   <div class='ocr_carea' id='block_1_33' title="bbox 1952 627 3538 700">
    <p class='ocr_par' dir='ltr' id='par_1_33' title="bbox 1952 627 3538 700">
     <span class='ocr_line' id='line_1_33' title="bbox 1952 627 3538 700; baseline -0.002 -16"><span class='ocrx_word' id='word_1_240' title='bbox 1952 632 2044 684; x_wconf 71' lang='grc' dir='ltr'><strong>καὶ</strong></span> <span class='ocrx_word' id='word_1_241' title='bbox 2074 631 2260 692; x_wconf 68' lang='grc' dir='ltr'>οἴκους</span> <span class='ocrx_word' id='word_1_242' title='bbox 2293 628 2403 683; x_wconf 87' lang='grc' dir='ltr'><strong>τῶν</strong></span> <span class='ocrx_word' id='word_1_243' title='bbox 2459 627 2810 700; x_wconf 82' lang='grc' dir='ltr'>περιπύστων</span> <span class='ocrx_word' id='word_1_244' title='bbox 2839 632 3197 684; x_wconf 84' lang='grc' dir='ltr'>καταπεσεῖν.</span> <span class='ocrx_word' id='word_1_245' title='bbox 3238 629 3346 681; x_wconf 89' lang='grc' dir='ltr'><strong>Τοῦ</strong></span> <span class='ocrx_word' id='word_1_246' title='bbox 3400 628 3538 697; x_wconf 86' lang='grc' dir='ltr'>γοῦν</span> 
     </span>
    </p>
   </div>
   <div class='ocr_carea' id='block_1_34' title="bbox 1953 720 3623 793">
    <p class='ocr_par' dir='ltr' id='par_1_34' title="bbox 1953 720 3623 793">
     <span class='ocr_line' id='line_1_34' title="bbox 1953 720 3623 793; baseline -0.005 -16"><span class='ocrx_word' id='word_1_247' title='bbox 1953 723 2171 791; x_wconf 77' lang='grc' dir='ltr'>πρώτου</span> <span class='ocrx_word' id='word_1_248' title='bbox 2200 723 2427 793; x_wconf 75' lang='grc' dir='ltr'>σεισμοῦ</span> <span class='ocrx_word' id='word_1_249' title='bbox 2456 725 2551 776; x_wconf 74' lang='grc' dir='ltr'><strong>καὶ</strong></span> <span class='ocrx_word' id='word_1_250' title='bbox 2594 721 2718 775; x_wconf 85' lang='grc' dir='ltr'>καθ’</span> <span class='ocrx_word' id='word_1_251' title='bbox 2749 723 2896 793; x_wconf 80' lang='grc' dir='ltr'>ἡμᾶς</span> <span class='ocrx_word' id='word_1_252' title='bbox 2938 722 3181 789; x_wconf 80' lang='grc' dir='ltr'>μεγάλου</span> <span class='ocrx_word' id='word_1_253' title='bbox 3227 720 3542 791; x_wconf 68' lang='grc' dir='ltr'>ὲνσκήψαν-</span> <span class='ocrx_word' id='word_1_254' title='bbox 3618 764 3623 769; x_wconf 82' lang='lat'><strong>.</strong></span> 
     </span>
    </p>
   </div>
   <div class='ocr_carea' id='block_1_35' title="bbox 1953 815 3544 885">
    <p class='ocr_par' dir='ltr' id='par_1_35' title="bbox 1953 815 3544 885">
     <span class='ocr_line' id='line_1_35' title="bbox 1953 815 3544 885; baseline 0.001 -17"><span class='ocrx_word' id='word_1_255' title='bbox 1953 834 2046 880; x_wconf 86' lang='grc' dir='ltr'><strong>τος</strong></span> <span class='ocrx_word' id='word_1_256' title='bbox 2075 816 2247 870; x_wconf 84' lang='grc' dir='ltr'>πολλὰ</span> <span class='ocrx_word' id='word_1_257' title='bbox 2272 817 2370 885; x_wconf 80' lang='grc' dir='ltr'><strong>μὲν</strong></span> <span class='ocrx_word' id='word_1_258' title='bbox 2394 816 2756 884; x_wconf 82' lang='grc' dir='ltr'>ἀναστήματα</span> <span class='ocrx_word' id='word_1_259' title='bbox 2779 815 2886 868; x_wconf 87' lang='grc' dir='ltr'><strong>τῶν</strong></span> <span class='ocrx_word' id='word_1_260' title='bbox 2905 817 3049 870; x_wconf 73' lang='grc' dir='ltr'>κατὰ</span> <span class='ocrx_word' id='word_1_261' title='bbox 3075 815 3175 885; x_wconf 86' lang='grc' dir='ltr'><strong>τὴν</strong></span> <span class='ocrx_word' id='word_1_262' title='bbox 3201 815 3357 867; x_wconf 76' lang='grc' dir='ltr'>πόλιν</span> <span class='ocrx_word' id='word_1_263' title='bbox 3381 816 3544 869; x_wconf 84' lang='grc' dir='ltr'>κατέ-</span> 
     </span>
    </p>
   </div>
   <div class='ocr_carea' id='block_1_36' title="bbox 1955 905 3542 978">
    <p class='ocr_par' dir='ltr' id='par_1_36' title="bbox 1955 905 3542 978">
     <span class='ocr_line' id='line_1_36' title="bbox 1955 905 3542 978; baseline 0.001 -19"><span class='ocrx_word' id='word_1_264' title='bbox 1955 924 2178 969; x_wconf 83' lang='grc' dir='ltr'>πιπτον,</span> <span class='ocrx_word' id='word_1_265' title='bbox 2223 910 2287 961; x_wconf 84' lang='grc' dir='ltr'>ὲκ</span> <span class='ocrx_word' id='word_1_266' title='bbox 2321 906 2556 960; x_wconf 79' lang='grc' dir='ltr'>παλαιοῦ</span> <span class='ocrx_word' id='word_1_267' title='bbox 2595 907 2687 959; x_wconf 77' lang='grc' dir='ltr'><strong>τὸν</strong></span> <span class='ocrx_word' id='word_1_268' title='bbox 2730 907 3004 977; x_wconf 80' lang='grc' dir='ltr'>ἐδρασμὸν</span> <span class='ocrx_word' id='word_1_269' title='bbox 3054 905 3118 978; x_wconf 92' lang='grc' dir='ltr'><strong>[Ρ</strong></span> <span class='ocrx_word' id='word_1_270' title='bbox 3146 906 3272 978; x_wconf 80' lang='grc'><strong>159]</strong></span> <span class='ocrx_word' id='word_1_271' title='bbox 3324 907 3542 978; x_wconf 75' lang='grc' dir='ltr'>ἔχοντα.</span> 
     </span>
    </p>
   </div>
   <div class='ocr_carea' id='block_1_37' title="bbox 1956 998 3544 1068">
    <p class='ocr_par' dir='ltr' id='par_1_37' title="bbox 1956 998 3544 1068">
     <span class='ocr_line' id='line_1_37' title="bbox 1956 998 3544 1068; baseline -0.001 -16"><span class='ocrx_word' id='word_1_272' title='bbox 1956 999 2156 1053; x_wconf 80' lang='grc' dir='ltr'>πολλαὶ</span> <span class='ocrx_word' id='word_1_273' title='bbox 2183 999 2238 1051; x_wconf 79' lang='grc' dir='ltr'><strong>δὲ</strong></span> <span class='ocrx_word' id='word_1_274' title='bbox 2265 1002 2361 1052; x_wconf 75' lang='grc' dir='ltr'>καὶ</span> <span class='ocrx_word' id='word_1_275' title='bbox 2402 1000 2513 1051; x_wconf 87' lang='grc' dir='ltr'><strong>τῶν</strong></span> <span class='ocrx_word' id='word_1_276' title='bbox 2555 999 2691 1052; x_wconf 81' lang='grc' dir='ltr'>νέων</span> <span class='ocrx_word' id='word_1_277' title='bbox 2723 999 2892 1053; x_wconf 78' lang='grc' dir='ltr'>οἰκῶν</span> <span class='ocrx_word' id='word_1_278' title='bbox 2920 1000 3369 1068; x_wconf 82' lang='grc' dir='ltr'>κατηρείιποντο.</span> <span class='ocrx_word' id='word_1_279' title='bbox 3402 998 3544 1061; x_wconf 81' lang='grc' dir='ltr'>Τοὺς</span> 
     </span>
    </p>
   </div>
   <div class='ocr_carea' id='block_1_38' title="bbox 1952 1091 3547 1162">
    <p class='ocr_par' dir='ltr' id='par_1_38' title="bbox 1952 1091 3547 1162">
     <span class='ocr_line' id='line_1_38' title="bbox 1952 1091 3547 1162; baseline -0.001 -17"><span class='ocrx_word' id='word_1_280' title='bbox 1952 1093 2008 1145; x_wconf 79' lang='grc' dir='ltr'><em>δέ</em></span> <span class='ocrx_word' id='word_1_281' title='bbox 2050 1110 2113 1160; x_wconf 89' lang='grc' dir='ltr'><strong>γε</strong></span> <span class='ocrx_word' id='word_1_282' title='bbox 2153 1092 2261 1145; x_wconf 89' lang='grc' dir='ltr'><strong>τῶν</strong></span> <span class='ocrx_word' id='word_1_283' title='bbox 2296 1091 2539 1146; x_wconf 80' lang='grc' dir='ltr'>αὺλαιῶν</span> <span class='ocrx_word' id='word_1_284' title='bbox 2570 1092 2853 1159; x_wconf 81' lang='grc' dir='ltr'>θριγκοὺς,</span> <span class='ocrx_word' id='word_1_285' title='bbox 2897 1092 2947 1145; x_wconf 78' lang='grc' dir='ltr'>οἳ</span> <span class='ocrx_word' id='word_1_286' title='bbox 2988 1095 3082 1145; x_wconf 79' lang='grc' dir='ltr'><strong>καὶ</strong></span> <span class='ocrx_word' id='word_1_287' title='bbox 3111 1095 3175 1148; x_wconf 80' lang='grc' dir='ltr'>ἐκ</span> <span class='ocrx_word' id='word_1_288' title='bbox 3209 1091 3390 1162; x_wconf 84' lang='grc' dir='ltr'>ξηρῶν</span> <span class='ocrx_word' id='word_1_289' title='bbox 3420 1109 3547 1145; x_wconf 89' lang='grc' dir='ltr'>συν-</span> 
     </span>
    </p>
   </div>
   <div class='ocr_carea' id='block_1_39' title="bbox 1957 1180 3547 1255">
    <p class='ocr_par' dir='ltr' id='par_1_39' title="bbox 1957 1180 3547 1255">
     <span class='ocr_line' id='line_1_39' title="bbox 1957 1180 3547 1255; baseline -0.001 -19"><span class='ocrx_word' id='word_1_290' title='bbox 1957 1182 2173 1236; x_wconf 75' lang='grc' dir='ltr'>ίσταντο</span> <span class='ocrx_word' id='word_1_291' title='bbox 2202 1183 2388 1248; x_wconf 84' lang='grc' dir='ltr'>λίθων,</span> <span class='ocrx_word' id='word_1_292' title='bbox 2421 1184 2562 1238; x_wconf 81' lang='grc' dir='ltr'>κατὰ</span> <span class='ocrx_word' id='word_1_293' title='bbox 2605 1185 2842 1255; x_wconf 86' lang='grc' dir='ltr'>σωρείαν</span> <span class='ocrx_word' id='word_1_294' title='bbox 2890 1184 3127 1243; x_wconf 77' lang='grc' dir='ltr'>ἕκαστον</span> <span class='ocrx_word' id='word_1_295' title='bbox 3173 1180 3284 1246; x_wconf 76' lang='grc' dir='ltr'>εἶδέ</span> <span class='ocrx_word' id='word_1_296' title='bbox 3316 1202 3400 1248; x_wconf 88' lang='grc' dir='ltr'><strong>τις</strong></span> <span class='ocrx_word' id='word_1_297' title='bbox 3427 1183 3547 1238; x_wconf 82' lang='grc' dir='ltr'>κεί-</span> 
     </span>
    </p>
   </div>
   <div class='ocr_carea' id='block_1_40' title="bbox 1957 1276 3545 1347">
    <p class='ocr_par' dir='ltr' id='par_1_40' title="bbox 1957 1276 3545 1347">
     <span class='ocr_line' id='line_1_40' title="bbox 1957 1276 3545 1347; baseline -0.001 -18"><span class='ocrx_word' id='word_1_298' title='bbox 1957 1294 2138 1347; x_wconf 83' lang='grc' dir='ltr'>μενον,</span> <span class='ocrx_word' id='word_1_299' title='bbox 2202 1278 2388 1345; x_wconf 78' lang='grc' dir='ltr'>ὅμοιον</span> <span class='ocrx_word' id='word_1_300' title='bbox 2442 1277 2521 1339; x_wconf 86' lang='grc' dir='ltr'>ὼς</span> <span class='ocrx_word' id='word_1_301' title='bbox 2575 1278 2642 1329; x_wconf 83' lang='grc' dir='ltr'><strong>ἂν</strong></span> <span class='ocrx_word' id='word_1_302' title='bbox 2695 1278 3180 1346; x_wconf 83' lang='grc' dir='ltr'>ἐπισωρευθέντων</span> <span class='ocrx_word' id='word_1_303' title='bbox 3238 1276 3460 1331; x_wconf 79' lang='grc' dir='ltr'>ἄλλοθεν</span> <span class='ocrx_word' id='word_1_304' title='bbox 3516 1277 3545 1328; x_wconf 92' lang='lat'><strong>6</strong></span> 
     </span>
    </p>
   </div>
   <div class='ocr_carea' id='block_1_41' title="bbox 1954 1369 3544 1442">
    <p class='ocr_par' dir='ltr' id='par_1_41' title="bbox 1954 1369 3544 1442">
     <span class='ocr_line' id='line_1_41' title="bbox 1954 1369 3544 1442; baseline -0.001 -19"><span class='ocrx_word' id='word_1_305' title='bbox 1954 1372 2207 1441; x_wconf 81' lang='grc' dir='ltr'>τεχνίτης</span> <span class='ocrx_word' id='word_1_306' title='bbox 2242 1370 2371 1433; x_wconf 82' lang='grc' dir='ltr'>τοὺς</span> <span class='ocrx_word' id='word_1_307' title='bbox 2396 1371 2616 1442; x_wconf 18' lang='grc' dir='ltr'>’τοίχους</span> <span class='ocrx_word' id='word_1_308' title='bbox 2657 1370 2853 1440; x_wconf 77' lang='grc' dir='ltr'>ἔμελλε</span> <span class='ocrx_word' id='word_1_309' title='bbox 2884 1372 3159 1441; x_wconf 88' lang='grc' dir='ltr'>συνιστᾷν.</span> <span class='ocrx_word' id='word_1_310' title='bbox 3194 1371 3296 1425; x_wconf 86' lang='grc' dir='ltr'>Δύο</span> <span class='ocrx_word' id='word_1_311' title='bbox 3326 1370 3370 1424; x_wconf 89' lang='grc' dir='ltr'><strong>δ’</strong></span> <span class='ocrx_word' id='word_1_312' title='bbox 3403 1369 3544 1440; x_wconf 81' lang='grc' dir='ltr'>ἔργα</span> 
     </span>
    </p>
   </div>
   <div class='ocr_carea' id='block_1_42' title="bbox 1954 1460 3546 1532">
    <p class='ocr_par' dir='ltr' id='par_1_42' title="bbox 1954 1460 3546 1532">
     <span class='ocr_line' id='line_1_42' title="bbox 1954 1460 3546 1532; baseline -0.001 -17"><span class='ocrx_word' id='word_1_313' title='bbox 1954 1463 2062 1515; x_wconf 87' lang='grc' dir='ltr'><strong>τῶν</strong></span> <span class='ocrx_word' id='word_1_314' title='bbox 2104 1462 2358 1532; x_wconf 82' lang='grc' dir='ltr'>μεγάλων</span> <span class='ocrx_word' id='word_1_315' title='bbox 2405 1463 2641 1517; x_wconf 82' lang='grc' dir='ltr'>πεσόντα</span> <span class='ocrx_word' id='word_1_316' title='bbox 2674 1462 2773 1532; x_wconf 81' lang='grc' dir='ltr'>τὴν</span> <span class='ocrx_word' id='word_1_317' title='bbox 2804 1462 2928 1532; x_wconf 84' lang='grc' dir='ltr'>βίαν</span> <span class='ocrx_word' id='word_1_318' title='bbox 2958 1463 3201 1532; x_wconf 79' lang='grc' dir='ltr'>ἐσήμηνε</span> <span class='ocrx_word' id='word_1_319' title='bbox 3252 1460 3345 1515; x_wconf 86' lang='grc' dir='ltr'><strong>τοῦ</strong></span> <span class='ocrx_word' id='word_1_320' title='bbox 3386 1461 3546 1531; x_wconf 84' lang='grc' dir='ltr'>κινή-</span> 
     </span>
    </p>
   </div>
   <div class='ocr_carea' id='block_1_43' title="bbox 1958 1550 3546 1624">
    <p class='ocr_par' dir='ltr' id='par_1_43' title="bbox 1958 1550 3546 1624">
     <span class='ocr_line' id='line_1_43' title="bbox 1958 1550 3546 1624; baseline -0.002 -19"><span class='ocrx_word' id='word_1_321' title='bbox 1958 1570 2151 1622; x_wconf 86' lang='grc' dir='ltr'>ματος.</span> <span class='ocrx_word' id='word_1_322' title='bbox 2190 1552 2248 1605; x_wconf 89' lang='grc'><strong>’0</strong></span> <span class='ocrx_word' id='word_1_323' title='bbox 2288 1554 2400 1624; x_wconf 78' lang='grc' dir='ltr'><strong>γάρ</strong></span> <span class='ocrx_word' id='word_1_324' title='bbox 2448 1552 2567 1608; x_wconf 87' lang='grc' dir='ltr'><strong>τῶν</strong></span> <span class='ocrx_word' id='word_1_325' title='bbox 2605 1553 2803 1622; x_wconf 85' lang='grc' dir='ltr'>Ἀγίων</span> <span class='ocrx_word' id='word_1_326' title='bbox 2831 1552 3091 1607; x_wconf 86' lang='grc' dir='ltr'>ἁπάντων</span> <span class='ocrx_word' id='word_1_327' title='bbox 3135 1551 3263 1614; x_wconf 82' lang='grc' dir='ltr'>ναὸς</span> <span class='ocrx_word' id='word_1_328' title='bbox 3316 1554 3373 1614; x_wconf 85' lang='grc' dir='ltr'><strong>ἐς</strong></span> <span class='ocrx_word' id='word_1_329' title='bbox 3420 1550 3546 1604; x_wconf 86' lang='grc' dir='ltr'>τότε</span> 
     </span>
    </p>
   </div>
   <div class='ocr_carea' id='block_1_44' title="bbox 1954 1644 3546 1717">
    <p class='ocr_par' dir='ltr' id='par_1_44' title="bbox 1954 1644 3546 1717">
     <span class='ocr_line' id='line_1_44' title="bbox 1954 1644 3546 1717; baseline -0.001 -18"><span class='ocrx_word' id='word_1_330' title='bbox 1954 1647 2304 1716; x_wconf 82' lang='grc' dir='ltr'>συνεστηκὼς</span> <span class='ocrx_word' id='word_1_331' title='bbox 2326 1688 2340 1712; x_wconf 90' lang='grc'><em>,</em></span> <span class='ocrx_word' id='word_1_332' title='bbox 2395 1656 2490 1702; x_wconf 77' lang='grc' dir='ltr'>καὶ</span> <span class='ocrx_word' id='word_1_333' title='bbox 2519 1647 2762 1717; x_wconf 80' lang='grc' dir='ltr'>μηδενὸς</span> <span class='ocrx_word' id='word_1_334' title='bbox 2794 1647 2902 1700; x_wconf 89' lang='grc' dir='ltr'><strong>τῶν</strong></span> <span class='ocrx_word' id='word_1_335' title='bbox 2943 1646 3258 1714; x_wconf 81' lang='grc' dir='ltr'>ἀναγκαίων</span> <span class='ocrx_word' id='word_1_336' title='bbox 3285 1644 3546 1716; x_wconf 86' lang='grc' dir='ltr'>λειπόμε-</span> 
     </span>
    </p>
   </div>
   <div class='ocr_carea' id='block_1_45' title="bbox 1957 1739 3550 1811">
    <p class='ocr_par' dir='ltr' id='par_1_45' title="bbox 1957 1739 3550 1811">
     <span class='ocr_line' id='line_1_45' title="bbox 1957 1739 3550 1811; baseline 0.001 -21"><span class='ocrx_word' id='word_1_337' title='bbox 1957 1756 2071 1803; x_wconf 88' lang='grc' dir='ltr'>νος,</span> <span class='ocrx_word' id='word_1_338' title='bbox 2111 1739 2359 1811; x_wconf 76' lang='grc' dir='ltr'>ἐλεεινὴν</span> <span class='ocrx_word' id='word_1_339' title='bbox 2412 1739 2639 1810; x_wconf 84' lang='grc' dir='ltr'>θραῦσιν</span> <span class='ocrx_word' id='word_1_340' title='bbox 2671 1742 2873 1809; x_wconf 83' lang='grc' dir='ltr'>πάσχει</span> <span class='ocrx_word' id='word_1_341' title='bbox 2907 1740 3001 1792; x_wconf 75' lang='grc' dir='ltr'>καὶ</span> <span class='ocrx_word' id='word_1_342' title='bbox 3035 1739 3242 1791; x_wconf 84' lang='grc' dir='ltr'>πτῶσιν</span> <span class='ocrx_word' id='word_1_343' title='bbox 3294 1740 3395 1805; x_wconf 81' lang='grc' dir='ltr'>τῆς</span> <span class='ocrx_word' id='word_1_344' title='bbox 3424 1739 3550 1809; x_wconf 78' lang='lat' dir='ltr'><strong>6pc-</strong></span> 
     </span>
    </p>
   </div>
   <div class='ocr_carea' id='block_1_46' title="bbox 1959 1832 3547 1904">
    <p class='ocr_par' dir='ltr' id='par_1_46' title="bbox 1959 1832 3547 1904">
     <span class='ocr_line' id='line_1_46' title="bbox 1959 1832 3547 1904; baseline -0.009 -17"><span class='ocrx_word' id='word_1_345' title='bbox 1959 1832 2088 1901; x_wconf 75' lang='grc' dir='ltr'><strong>φῆς,</strong></span> <span class='ocrx_word' id='word_1_346' title='bbox 2116 1832 2219 1896; x_wconf 82' lang='grc' dir='ltr'>ὅση</span> <span class='ocrx_word' id='word_1_347' title='bbox 2246 1850 2306 1885; x_wconf 87' lang='grc' dir='ltr'><strong>τε</strong></span> <span class='ocrx_word' id='word_1_348' title='bbox 2338 1835 2467 1903; x_wconf 73' lang='grc' dir='ltr'>περὶ</span> <span class='ocrx_word' id='word_1_349' title='bbox 2509 1834 2569 1887; x_wconf 85' lang='grc' dir='ltr'><strong>τὸ</strong></span> <span class='ocrx_word' id='word_1_350' title='bbox 2597 1833 2751 1904; x_wconf 80' lang='grc' dir='ltr'>βῆμα</span> <span class='ocrx_word' id='word_1_351' title='bbox 2780 1834 2873 1885; x_wconf 70' lang='grc' dir='ltr'><strong>καὶ</strong></span> <span class='ocrx_word' id='word_1_352' title='bbox 2904 1834 3004 1902; x_wconf 80' lang='grc' dir='ltr'><strong>ὅση</strong></span> <span class='ocrx_word' id='word_1_353' title='bbox 3055 1834 3186 1901; x_wconf 77' lang='grc' dir='ltr'>περὶ</span> <span class='ocrx_word' id='word_1_354' title='bbox 3221 1832 3385 1901; x_wconf 81' lang='grc' dir='ltr'>μέσον</span> <span class='ocrx_word' id='word_1_355' title='bbox 3413 1834 3547 1903; x_wconf 77' lang='grc' dir='ltr'><strong>ἀνφ.</strong></span> 
     </span>
    </p>
   </div>
   <div class='ocr_carea' id='block_1_47' title="bbox 1961 1924 3545 1996">
    <p class='ocr_par' dir='ltr' id='par_1_47' title="bbox 1961 1924 3545 1996">
     <span class='ocr_line' id='line_1_47' title="bbox 1961 1924 3545 1996; baseline 0.001 -20"><span class='ocrx_word' id='word_1_356' title='bbox 1961 1924 2257 1995; x_wconf 88' lang='grc' dir='ltr'>κοδὸμητο.</span> <span class='ocrx_word' id='word_1_357' title='bbox 2297 1927 2403 1978; x_wconf 72' lang='grc' dir='ltr'>Καὶ</span> <span class='ocrx_word' id='word_1_358' title='bbox 2429 1929 2663 1985; x_wconf 70' lang='grc' dir='ltr'>άὲκεῖσε</span> <span class='ocrx_word' id='word_1_359' title='bbox 2717 1926 2956 1995; x_wconf 85' lang='grc' dir='ltr'>χαλκοῦς</span> <span class='ocrx_word' id='word_1_360' title='bbox 2980 1925 3208 1993; x_wconf 81' lang='grc' dir='ltr'>ἀνδριὰς</span> <span class='ocrx_word' id='word_1_361' title='bbox 3236 1925 3332 1979; x_wconf 89' lang='grc' dir='ltr'><strong>τοῦ</strong></span> <span class='ocrx_word' id='word_1_362' title='bbox 3383 1925 3545 1996; x_wconf 87' lang='grc' dir='ltr'>ἀρχι-</span> 
     </span>
    </p>
   </div>
   <div class='ocr_carea' id='block_1_48' title="bbox 1963 2018 3545 2089">
    <p class='ocr_par' dir='ltr' id='par_1_48' title="bbox 1963 2018 3545 2089">
     <span class='ocr_line' id='line_1_48' title="bbox 1963 2018 3545 2089; baseline 0.001 -20"><span class='ocrx_word' id='word_1_363' title='bbox 1963 2018 2300 2089; x_wconf 88' lang='grc' dir='ltr'>στρατήγου,</span> <span class='ocrx_word' id='word_1_364' title='bbox 2334 2022 2363 2072; x_wconf 90' lang='lat'><strong>6</strong></span> <span class='ocrx_word' id='word_1_365' title='bbox 2398 2022 2493 2072; x_wconf 75' lang='grc' dir='ltr'><strong>ἐπὶ</strong></span> <span class='ocrx_word' id='word_1_366' title='bbox 2540 2020 2833 2083; x_wconf 84' lang='grc' dir='ltr'>κιονώδους</span> <span class='ocrx_word' id='word_1_367' title='bbox 2871 2020 2969 2089; x_wconf 77' lang='grc' dir='ltr'>μὲν</span> <span class='ocrx_word' id='word_1_368' title='bbox 3021 2018 3420 2089; x_wconf 76' lang='grc' dir='ltr'>ἐρηρεισμένος</span> <span class='ocrx_word' id='word_1_369' title='bbox 3449 2019 3545 2072; x_wconf 87' lang='grc' dir='ltr'><strong>τοῦ</strong></span> 
     </span>
    </p>
   </div>
   <div class='ocr_carea' id='block_1_49' title="bbox 1959 2109 3548 2182">
    <p class='ocr_par' dir='ltr' id='par_1_49' title="bbox 1959 2109 3548 2182">
     <span class='ocr_line' id='line_1_49' title="bbox 1959 2109 3548 2182; baseline -0.006 -9"><span class='ocrx_word' id='word_1_370' title='bbox 1959 2113 2371 2182; x_wconf 80' lang='grc' dir='ltr'>ἀναστήματος,</span> <span class='ocrx_word' id='word_1_371' title='bbox 2415 2113 2472 2174; x_wconf 79' lang='grc' dir='ltr'>ἐς</span> <span class='ocrx_word' id='word_1_372' title='bbox 2502 2111 2671 2175; x_wconf 79' lang='grc' dir='ltr'>πόδας</span> <span class='ocrx_word' id='word_1_373' title='bbox 2703 2111 2747 2163; x_wconf 84' lang='grc' dir='ltr'><strong>δ’</strong></span> <span class='ocrx_word' id='word_1_374' title='bbox 2779 2111 2918 2181; x_wconf 79' lang='grc' dir='ltr'>ἔχων</span> <span class='ocrx_word' id='word_1_375' title='bbox 2950 2112 3044 2164; x_wconf 86' lang='grc' dir='ltr'><strong>τὸν</strong></span> <span class='ocrx_word' id='word_1_376' title='bbox 3074 2112 3284 2165; x_wconf 82' lang='grc' dir='ltr'>ἄνακτα</span> <span class='ocrx_word' id='word_1_377' title='bbox 3330 2109 3548 2180; x_wconf 80' lang='grc' dir='ltr'>Μιχαὴλ</span> 
     </span>
    </p>
   </div>
   <div class='ocr_carea' id='block_1_50' title="bbox 1960 2192 3547 2278">
    <p class='ocr_par' dir='ltr' id='par_1_50' title="bbox 1960 2192 3547 2278">
     <span class='ocr_line' id='line_1_50' title="bbox 1960 2192 3547 2278; baseline -0.004 -17"><span class='ocrx_word' id='word_1_378' title='bbox 1960 2208 2062 2278; x_wconf 81' lang='grc' dir='ltr'>τὴν</span> <span class='ocrx_word' id='word_1_379' title='bbox 2095 2206 2253 2258; x_wconf 75' lang='grc' dir='ltr'>πόλιν</span> <span class='ocrx_word' id='word_1_380' title='bbox 2280 2192 2520 2274; x_wconf 77' lang='grc' dir='ltr'>φέροντα</span> <span class='ocrx_word' id='word_1_381' title='bbox 2549 2203 2792 2274; x_wconf 83' lang='grc' dir='ltr'>κάκείνῳ</span> <span class='ocrx_word' id='word_1_382' title='bbox 2818 2203 3291 2272; x_wconf 69' lang='grc' dir='ltr'>προσανατιθᾶντα</span> <span class='ocrx_word' id='word_1_383' title='bbox 3319 2205 3417 2258; x_wconf 75' lang='grc' dir='ltr'>καὶ</span> <span class='ocrx_word' id='word_1_384' title='bbox 3445 2205 3547 2274; x_wconf 77' lang='grc' dir='ltr'>τὴν</span> 
     </span>
    </p>
   </div>
   <div class='ocr_carea' id='block_1_51' title="bbox 1962 2292 3548 2364">
    <p class='ocr_par' dir='ltr' id='par_1_51' title="bbox 1962 2292 3548 2364">
     <span class='ocr_line' id='line_1_51' title="bbox 1962 2292 3548 2364; baseline -0.002 -15"><span class='ocrx_word' id='word_1_385' title='bbox 1962 2295 2172 2363; x_wconf 86' lang='grc' dir='ltr'>ταύτης</span> <span class='ocrx_word' id='word_1_386' title='bbox 2200 2293 2451 2362; x_wconf 81' lang='grc' dir='ltr'>φυλακὴν</span> <span class='ocrx_word' id='word_1_387' title='bbox 2476 2294 2597 2345; x_wconf 81' lang='grc' dir='ltr'>ὲπιτ</span> <span class='ocrx_word' id='word_1_388' title='bbox 2609 2292 2863 2360; x_wconf 80' lang='grc' dir='ltr'>ρέποντα,</span> <span class='ocrx_word' id='word_1_389' title='bbox 2891 2293 2920 2344; x_wconf 90' lang='lat'><strong>6</strong></span> <span class='ocrx_word' id='word_1_390' title='bbox 2939 2295 3179 2356; x_wconf 81' lang='grc' dir='ltr'>τοιοῦτος</span> <span class='ocrx_word' id='word_1_391' title='bbox 3205 2292 3301 2347; x_wconf 79' lang='grc' dir='ltr'><strong>οὖν</strong></span> <span class='ocrx_word' id='word_1_392' title='bbox 3325 2292 3548 2364; x_wconf 77' lang='grc' dir='ltr'>ἀνδριὰς</span> 
     </span>
    </p>
   </div>
   <div class='ocr_carea' id='block_1_52' title="bbox 1962 2384 3548 2459">
    <p class='ocr_par' dir='ltr' id='par_1_52' title="bbox 1962 2384 3548 2459">
     <span class='ocr_line' id='line_1_52' title="bbox 1962 2384 3548 2459; baseline 0 -19"><span class='ocrx_word' id='word_1_393' title='bbox 1962 2388 2056 2440; x_wconf 77' lang='grc' dir='ltr'><strong>καὶ</strong></span> <span class='ocrx_word' id='word_1_394' title='bbox 2087 2387 2120 2456; x_wconf 81' lang='grc' dir='ltr'>ἡ</span> <span class='ocrx_word' id='word_1_395' title='bbox 2151 2385 2256 2438; x_wconf 77' lang='grc' dir='ltr'><strong>ἀνὰ</strong></span> <span class='ocrx_word' id='word_1_396' title='bbox 2293 2388 2484 2455; x_wconf 82' lang='grc' dir='ltr'>χεῖρας</span> <span class='ocrx_word' id='word_1_397' title='bbox 2512 2384 2591 2457; x_wconf 83' lang='grc' dir='ltr'>τῷ</span> <span class='ocrx_word' id='word_1_398' title='bbox 2621 2385 2835 2451; x_wconf 82' lang='grc' dir='ltr'>βασιλεῖ</span> <span class='ocrx_word' id='word_1_399' title='bbox 2863 2386 3040 2449; x_wconf 83' lang='grc' dir='ltr'>πόλις,</span> <span class='ocrx_word' id='word_1_400' title='bbox 3071 2388 3100 2440; x_wconf 92' lang='lat'><strong>6</strong></span> <span class='ocrx_word' id='word_1_401' title='bbox 3131 2388 3231 2456; x_wconf 81' lang='grc' dir='ltr'><strong>μὲν</strong></span> <span class='ocrx_word' id='word_1_402' title='bbox 3253 2388 3354 2459; x_wconf 78' lang='grc' dir='ltr'>τὴν</span> <span class='ocrx_word' id='word_1_403' title='bbox 3375 2403 3548 2454; x_wconf 83' lang='grc' dir='ltr'>κεφα-</span> 
     </span>
    </p>
   </div>
   <div class='ocr_carea' id='block_1_53' title="bbox 1962 2479 3548 2551">
    <p class='ocr_par' dir='ltr' id='par_1_53' title="bbox 1962 2479 3548 2551">
     <span class='ocr_line' id='line_1_53' title="bbox 1962 2479 3548 2551; baseline 0.003 -21"><span class='ocrx_word' id='word_1_404' title='bbox 1962 2479 2061 2549; x_wconf 81' lang='grc' dir='ltr'><strong>λὴν</strong></span> <span class='ocrx_word' id='word_1_405' title='bbox 2113 2481 2454 2548; x_wconf 85' lang='grc' dir='ltr'>ἀφαιρεῖται,</span> <span class='ocrx_word' id='word_1_406' title='bbox 2510 2479 2543 2548; x_wconf 79' lang='grc' dir='ltr'><strong>ἡ</strong></span> <span class='ocrx_word' id='word_1_407' title='bbox 2595 2479 2650 2531; x_wconf 78' lang='grc' dir='ltr'><strong>δὲ</strong></span> <span class='ocrx_word' id='word_1_408' title='bbox 2694 2479 2804 2532; x_wconf 90' lang='grc' dir='ltr'><strong>τῶν</strong></span> <span class='ocrx_word' id='word_1_409' title='bbox 2846 2479 3050 2549; x_wconf 85' lang='grc' dir='ltr'>χειρῶν</span> <span class='ocrx_word' id='word_1_410' title='bbox 3082 2479 3178 2533; x_wconf 90' lang='grc' dir='ltr'><strong>τοῦ</strong></span> <span class='ocrx_word' id='word_1_411' title='bbox 3214 2480 3548 2551; x_wconf 86' lang='grc' dir='ltr'>κρατοῦντος</span> 
     </span>
    </p>
   </div>
   <div class='ocr_carea' id='block_1_54' title="bbox 1964 2569 3548 2640">
    <p class='ocr_par' dir='ltr' id='par_1_54' title="bbox 1964 2569 3548 2640">
     <span class='ocr_line' id='line_1_54' title="bbox 1964 2569 3548 2640; baseline 0.001 -16"><span class='ocrx_word' id='word_1_412' title='bbox 1964 2570 2342 2633; x_wconf 79' lang='grc' dir='ltr'>ὲξολισθαίνει,</span> <span class='ocrx_word' id='word_1_413' title='bbox 2380 2574 2475 2623; x_wconf 74' lang='grc' dir='ltr'>καὶ</span> <span class='ocrx_word' id='word_1_414' title='bbox 2506 2569 2644 2639; x_wconf 79' lang='grc' dir='ltr'>πρὸς</span> <span class='ocrx_word' id='word_1_415' title='bbox 2679 2571 2786 2640; x_wconf 74' lang='grc' dir='ltr'>γῆν</span> <span class='ocrx_word' id='word_1_416' title='bbox 2815 2570 2984 2639; x_wconf 76' lang='grc' dir='ltr'>ἄμφω</span> <span class='ocrx_word' id='word_1_417' title='bbox 3014 2571 3295 2627; x_wconf 86' lang='grc' dir='ltr'>πίπτουσι.</span> <span class='ocrx_word' id='word_1_418' title='bbox 3329 2572 3548 2626; x_wconf 84' lang='grc' dir='ltr'>Τούτων</span> 
     </span>
    </p>
   </div>
   <div class='ocr_carea' id='block_1_55' title="bbox 1961 2658 3543 2738">
    <p class='ocr_par' dir='ltr' id='par_1_55' title="bbox 1961 2658 3543 2738">
     <span class='ocr_line' id='line_1_55' title="bbox 1961 2658 3543 2738; baseline 0.003 -22"><span class='ocrx_word' id='word_1_419' title='bbox 1961 2658 2058 2716; x_wconf 84' lang='grc' dir='ltr'>οὖν</span> <span class='ocrx_word' id='word_1_420' title='bbox 2084 2663 2411 2733; x_wconf 79' lang='grc' dir='ltr'>συμϐάντων</span> <span class='ocrx_word' id='word_1_421' title='bbox 2434 2663 2467 2733; x_wconf 77' lang='grc' dir='ltr'>ἡ</span> <span class='ocrx_word' id='word_1_422' title='bbox 2496 2663 2598 2733; x_wconf 81' lang='grc' dir='ltr'>μὲν</span> <span class='ocrx_word' id='word_1_423' title='bbox 2622 2664 2777 2727; x_wconf 80' lang='grc' dir='ltr'>πόλις</span> <span class='ocrx_word' id='word_1_424' title='bbox 2806 2665 2959 2716; x_wconf 80' lang='grc' dir='ltr'>πᾶσα</span> <span class='ocrx_word' id='word_1_425' title='bbox 2981 2663 3072 2716; x_wconf 82' lang='grc' dir='ltr'>ὑπ’</span> <span class='ocrx_word' id='word_1_426' title='bbox 3095 2664 3275 2733; x_wconf 81' lang='grc' dir='ltr'>αὐγάς</span> <span class='ocrx_word' id='word_1_427' title='bbox 3304 2667 3543 2738; x_wconf 79' lang='grc' dir='ltr'>ἡμέρας,</span> 
     </span>
    </p>
   </div>
   <div class='ocr_carea' id='block_1_56' title="bbox 1967 2843 3550 2913">
    <p class='ocr_par' dir='ltr' id='par_1_56' title="bbox 1967 2843 3550 2913">
     <span class='ocr_line' id='line_1_56' title="bbox 1967 2843 3550 2913; baseline -0.002 -13"><span class='ocrx_word' id='word_1_428' title='bbox 1967 2845 2186 2913; x_wconf 82' lang='lat' dir='ltr'><strong>templis</strong></span> <span class='ocrx_word' id='word_1_429' title='bbox 2224 2858 2446 2913; x_wconf 90' lang='lat' dir='ltr'><strong>quoque</strong></span> <span class='ocrx_word' id='word_1_430' title='bbox 2482 2859 2545 2898; x_wconf 85' lang='lat' dir='ltr'><strong>ac</strong></span> <span class='ocrx_word' id='word_1_431' title='bbox 2600 2843 2724 2897; x_wconf 82' lang='lat' dir='ltr'><strong>aliis</strong></span> <span class='ocrx_word' id='word_1_432' title='bbox 2751 2843 2998 2900; x_wconf 59' lang='lat' dir='ltr'><strong>adiﬁciis</strong></span> <span class='ocrx_word' id='word_1_433' title='bbox 3045 2844 3228 2913; x_wconf 78' lang='lat' dir='ltr'><strong>Specie</strong></span> <span class='ocrx_word' id='word_1_434' title='bbox 3257 2860 3322 2899; x_wconf 89' lang='lat' dir='ltr'><strong>ac</strong></span> <span class='ocrx_word' id='word_1_435' title='bbox 3352 2846 3550 2901; x_wconf 89' lang='lat' dir='ltr'><strong>solidi-</strong></span> 
     </span>
    </p>
   </div>
   <div class='ocr_carea' id='block_1_57' title="bbox 1968 2938 3545 3008">
    <p class='ocr_par' dir='ltr' id='par_1_57' title="bbox 1968 2938 3545 3008">
     <span class='ocr_line' id='line_1_57' title="bbox 1968 2938 3545 3008; baseline 0 -15"><span class='ocrx_word' id='word_1_436' title='bbox 1968 2948 2077 2993; x_wconf 86' lang='lat' dir='ltr'><strong>tate</strong></span> <span class='ocrx_word' id='word_1_437' title='bbox 2108 2938 2418 2993; x_wconf 77' lang='lat' dir='ltr'><strong>celebribus</strong></span> <span class='ocrx_word' id='word_1_438' title='bbox 2445 2939 2756 3006; x_wconf 86' lang='lat' dir='ltr'><strong>prostratis.</strong></span> <span class='ocrx_word' id='word_1_439' title='bbox 2786 2938 2974 2992; x_wconf 91' lang='lat' dir='ltr'><strong>Primo</strong></span> <span class='ocrx_word' id='word_1_440' title='bbox 3014 2954 3182 3008; x_wconf 92' lang='lat' dir='ltr'><strong>porro</strong></span> <span class='ocrx_word' id='word_1_441' title='bbox 3230 2939 3397 3008; x_wconf 85' lang='lat' dir='ltr'><strong>hujus</strong></span> <span class='ocrx_word' id='word_1_442' title='bbox 3429 2949 3545 2997; x_wconf 83' lang='lat' dir='ltr'><strong>ter-</strong></span> 
     </span>
    </p>
   </div>
   <div class='ocr_carea' id='block_1_58' title="bbox 1967 3027 3553 3099">
    <p class='ocr_par' dir='ltr' id='par_1_58' title="bbox 1967 3027 3553 3099">
     <span class='ocr_line' id='line_1_58' title="bbox 1967 3027 3553 3099; baseline 0.002 -13"><span class='ocrx_word' id='word_1_443' title='bbox 1967 3047 2041 3086; x_wconf 76' lang='lat' dir='ltr'><strong>ra:</strong></span> <span class='ocrx_word' id='word_1_444' title='bbox 2068 3037 2251 3084; x_wconf 89' lang='lat' dir='ltr'><strong>motus</strong></span> <span class='ocrx_word' id='word_1_445' title='bbox 2283 3030 2338 3084; x_wconf 91' lang='lat' dir='ltr'><strong>in</strong></span> <span class='ocrx_word' id='word_1_446' title='bbox 2373 3029 2489 3083; x_wconf 72' lang='lat' dir='ltr'><strong>haec</strong></span> <span class='ocrx_word' id='word_1_447' title='bbox 2517 3027 2635 3084; x_wconf 86' lang='lat' dir='ltr'><strong>loca</strong></span> <span class='ocrx_word' id='word_1_448' title='bbox 2664 3029 2910 3099; x_wconf 90' lang='lat' dir='ltr'><strong>impulsu</strong></span> <span class='ocrx_word' id='word_1_449' title='bbox 2940 3037 3128 3086; x_wconf 72' lang='lat' dir='ltr'><strong>multae</strong></span> <span class='ocrx_word' id='word_1_450' title='bbox 3161 3032 3336 3089; x_wconf 86' lang='lat' dir='ltr'><strong>moles</strong></span> <span class='ocrx_word' id='word_1_451' title='bbox 3365 3036 3553 3089; x_wconf 68' lang='lat' dir='ltr'><strong>excelo</strong></span> 
     </span>
    </p>
   </div>
   <div class='ocr_carea' id='block_1_59' title="bbox 282 3119 3546 3201">
    <p class='ocr_par' dir='ltr' id='par_1_59' title="bbox 282 3119 3546 3201">
     <span class='ocr_line' id='line_1_59' title="bbox 282 3119 3546 3201; baseline 0 -22"><span class='ocrx_word' id='word_1_452' title='bbox 282 3136 336 3180; x_wconf 75' lang='lat' dir='ltr'><strong>rt</strong></span> <span class='ocrx_word' id='word_1_453' title='bbox 372 3128 551 3181; x_wconf 81' lang='lat' dir='ltr'><strong>adhuc</strong></span> <span class='ocrx_word' id='word_1_454' title='bbox 585 3129 651 3181; x_wconf 86' lang='lat' dir='ltr'><strong>ad</strong></span> <span class='ocrx_word' id='word_1_455' title='bbox 694 3128 993 3197; x_wconf 86' lang='lat' dir='ltr'><strong>Damatryn</strong></span> <span class='ocrx_word' id='word_1_456' title='bbox 1035 3125 1409 3180; x_wconf 85' lang='lat' dir='ltr'><strong>tabernaculis</strong></span> <span class='ocrx_word' id='word_1_457' title='bbox 1461 3123 1583 3179; x_wconf 84' lang='lat' dir='ltr'><strong>lixis</strong></span> <span class='ocrx_word' id='word_1_458' title='bbox 1633 3140 1860 3193; x_wconf 79' lang='lat' dir='ltr'><strong>exspec-</strong></span> <span class='ocrx_word' id='word_1_459' title='bbox 1885 3144 1929 3201; x_wconf 74' lang='grc' dir='ltr'>ο</span> <span class='ocrx_word' id='word_1_460' title='bbox 1966 3135 2061 3184; x_wconf 64' lang='grc' dir='ltr'><strong>δῖε,</strong></span> <span class='ocrx_word' id='word_1_461' title='bbox 2090 3135 2213 3189; x_wconf 67' lang='lat' dir='ltr'><strong>qum</strong></span> <span class='ocrx_word' id='word_1_462' title='bbox 2241 3134 2396 3175; x_wconf 87' lang='lat' dir='ltr'><strong>suam</strong></span> <span class='ocrx_word' id='word_1_463' title='bbox 2425 3120 2741 3174; x_wconf 83' lang='lat' dir='ltr'><strong>ﬁrmitatem</strong></span> <span class='ocrx_word' id='word_1_464' title='bbox 2769 3119 2944 3189; x_wconf 35' lang='lat' dir='ltr'><strong>longo.</strong></span> <span class='ocrx_word' id='word_1_465' title='bbox 2968 3130 3113 3175; x_wconf 87' lang='lat' dir='ltr'><strong>statu</strong></span> <span class='ocrx_word' id='word_1_466' title='bbox 3161 3124 3546 3192; x_wconf 81' lang='lat' dir='ltr'><strong>probaverant,</strong></span> 
     </span>
    </p>
   </div>
   <div class='ocr_carea' id='block_1_60' title="bbox 275 3216 1856 3286">
    <p class='ocr_par' dir='ltr' id='par_1_60' title="bbox 275 3216 1856 3286">
     <span class='ocr_line' id='line_1_60' title="bbox 275 3216 1856 3286; baseline 0.001 -15"><span class='ocrx_word' id='word_1_467' title='bbox 275 3228 417 3274; x_wconf 85' lang='lat' dir='ltr'><strong>taret</strong></span> <span class='ocrx_word' id='word_1_468' title='bbox 474 3229 686 3285; x_wconf 89' lang='lat' dir='ltr'><strong>partem</strong></span> <span class='ocrx_word' id='word_1_469' title='bbox 723 3217 870 3271; x_wconf 88' lang='lat' dir='ltr'><strong>illam</strong></span> <span class='ocrx_word' id='word_1_470' title='bbox 926 3216 1182 3286; x_wconf 63' lang='lat' dir='ltr'><strong>palatina:</strong></span> <span class='ocrx_word' id='word_1_471' title='bbox 1247 3216 1471 3270; x_wconf 73' lang='lat' dir='ltr'><strong>familize</strong></span> <span class='ocrx_word' id='word_1_472' title='bbox 1501 3232 1663 3285; x_wconf 88' lang='lat' dir='ltr'><strong>quam</strong></span> <span class='ocrx_word' id='word_1_473' title='bbox 1724 3216 1856 3272; x_wconf 89' lang='lat' dir='ltr'><strong>illuc</strong></span> 
     </span>
    </p>
   </div>
   <div class='ocr_carea' id='block_1_61' title="bbox 268 3308 1854 3381">
    <p class='ocr_par' dir='ltr' id='par_1_61' title="bbox 268 3308 1854 3381">
     <span class='ocr_line' id='line_1_61' title="bbox 268 3308 1854 3381; baseline -0.001 -16"><span class='ocrx_word' id='word_1_474' title='bbox 268 3312 422 3381; x_wconf 81' lang='lat' dir='ltr'><strong>sequi</strong></span> <span class='ocrx_word' id='word_1_475' title='bbox 459 3326 586 3367; x_wconf 87' lang='lat' dir='ltr'><strong>sese</strong></span> <span class='ocrx_word' id='word_1_476' title='bbox 619 3312 940 3379; x_wconf 61' lang='lat' dir='ltr'><strong>praecedens</strong></span> <span class='ocrx_word' id='word_1_477' title='bbox 973 3308 1242 3379; x_wconf 76' lang='lat' dir='ltr'><strong>iusserat,</strong></span> <span class='ocrx_word' id='word_1_478' title='bbox 1263 3323 1490 3377; x_wconf 89' lang='lat' dir='ltr'><strong>vespera</strong></span> <span class='ocrx_word' id='word_1_479' title='bbox 1524 3310 1714 3378; x_wconf 76' lang='lat' dir='ltr'><strong>primae</strong></span> <span class='ocrx_word' id='word_1_480' title='bbox 1747 3309 1854 3364; x_wconf 90' lang='lat' dir='ltr'><strong>dtei</strong></span> 
     </span>
    </p>
   </div>
   <div class='ocr_carea' id='block_1_62' title="bbox 268 3400 1859 3466">
    <p class='ocr_par' dir='ltr' id='par_1_62' title="bbox 268 3400 1859 3466">
     <span class='ocr_line' id='line_1_62' title="bbox 268 3400 1859 3466; baseline -0.001 -11"><span class='ocrx_word' id='word_1_481' title='bbox 268 3403 501 3466; x_wconf 88' lang='lat' dir='ltr'><strong>mensis,</strong></span> <span class='ocrx_word' id='word_1_482' title='bbox 558 3403 710 3455; x_wconf 87' lang='lat' dir='ltr'><strong>circa</strong></span> <span class='ocrx_word' id='word_1_483' title='bbox 737 3409 959 3455; x_wconf 89' lang='lat' dir='ltr'><strong>noctem</strong></span> <span class='ocrx_word' id='word_1_484' title='bbox 997 3400 1256 3464; x_wconf 88' lang='lat' dir='ltr'><strong>mediam,</strong></span> <span class='ocrx_word' id='word_1_485' title='bbox 1292 3409 1454 3455; x_wconf 66' lang='lat' dir='ltr'><strong>terra:</strong></span> <span class='ocrx_word' id='word_1_486' title='bbox 1488 3409 1672 3454; x_wconf 89' lang='lat' dir='ltr'><strong>motus</strong></span> <span class='ocrx_word' id='word_1_487' title='bbox 1705 3415 1859 3455; x_wconf 87' lang='lat' dir='ltr'><strong>coor-</strong></span> 
     </span>
    </p>
   </div>
   <div class='ocr_carea' id='block_1_63' title="bbox 266 3492 1856 3563">
    <p class='ocr_par' dir='ltr' id='par_1_63' title="bbox 266 3492 1856 3563">
     <span class='ocr_line' id='line_1_63' title="bbox 266 3492 1856 3563; baseline -0.001 -14"><span class='ocrx_word' id='word_1_488' title='bbox 266 3507 357 3552; x_wconf 91' lang='lat' dir='ltr'><strong>tus</strong></span> <span class='ocrx_word' id='word_1_489' title='bbox 393 3505 481 3551; x_wconf 90' lang='lat' dir='ltr'><strong>est</strong></span> <span class='ocrx_word' id='word_1_490' title='bbox 510 3495 728 3562; x_wconf 84' lang='lat' dir='ltr'><strong>ingens,</strong></span> <span class='ocrx_word' id='word_1_491' title='bbox 752 3508 958 3563; x_wconf 85' lang='lat' dir='ltr'><strong>quassa</strong></span> <span class='ocrx_word' id='word_1_492' title='bbox 992 3493 1190 3545; x_wconf 86' lang='lat' dir='ltr'><strong>tellure</strong></span> <span class='ocrx_word' id='word_1_493' title='bbox 1222 3495 1288 3545; x_wconf 87' lang='lat' dir='ltr'><strong>ad</strong></span> <span class='ocrx_word' id='word_1_494' title='bbox 1313 3492 1551 3545; x_wconf 77' lang='lat' dir='ltr'><strong>formam</strong></span> <span class='ocrx_word' id='word_1_495' title='bbox 1595 3493 1856 3561; x_wconf 89' lang='lat' dir='ltr'><strong>pnlsuum</strong></span> 
     </span>
    </p>
   </div>
   <div class='ocr_carea' id='block_1_64' title="bbox 265 3584 1857 3655">
    <p class='ocr_par' dir='ltr' id='par_1_64' title="bbox 265 3584 1857 3655">
     <span class='ocr_line' id='line_1_64' title="bbox 265 3584 1857 3655; baseline -0.002 -12"><span class='ocrx_word' id='word_1_496' title='bbox 265 3590 639 3644; x_wconf 90' lang='lat' dir='ltr'><strong>artericorum</strong></span> <span class='ocrx_word' id='word_1_497' title='bbox 698 3586 750 3641; x_wconf 92' lang='lat' dir='ltr'><strong>in</strong></span> <span class='ocrx_word' id='word_1_498' title='bbox 801 3586 942 3640; x_wconf 83' lang='lat' dir='ltr'><strong>vivis</strong></span> <span class='ocrx_word' id='word_1_499' title='bbox 975 3584 1321 3655; x_wconf 82' lang='lat' dir='ltr'><strong>corporibus,</strong></span> <span class='ocrx_word' id='word_1_500' title='bbox 1355 3584 1568 3639; x_wconf 86' lang='lat' dir='ltr'><strong>alterna</strong></span> <span class='ocrx_word' id='word_1_501' title='bbox 1596 3593 1857 3641; x_wconf 89' lang='lat' dir='ltr'><strong>contrac-</strong></span> 
     </span>
    </p>
   </div>
   <div class='ocr_carea' id='block_1_65' title="bbox 268 3675 1858 3746">
    <p class='ocr_par' dir='ltr' id='par_1_65' title="bbox 268 3675 1858 3746">
     <span class='ocr_line' id='line_1_65' title="bbox 268 3675 1858 3746; baseline -0.001 -11"><span class='ocrx_word' id='word_1_502' title='bbox 268 3683 421 3735; x_wconf 88' lang='lat' dir='ltr'><strong>tione</strong></span> <span class='ocrx_word' id='word_1_503' title='bbox 448 3697 513 3735; x_wconf 89' lang='lat' dir='ltr'><strong>ac</strong></span> <span class='ocrx_word' id='word_1_504' title='bbox 540 3680 870 3734; x_wconf 85' lang='lat' dir='ltr'><strong>dilatatione</strong></span> <span class='ocrx_word' id='word_1_505' title='bbox 909 3678 1253 3731; x_wconf 84' lang='lat' dir='ltr'><strong>micantium.</strong></span> <span class='ocrx_word' id='word_1_506' title='bbox 1287 3675 1445 3743; x_wconf 83' lang='lat' dir='ltr'><strong>Quod</strong></span> <span class='ocrx_word' id='word_1_507' title='bbox 1476 3692 1651 3746; x_wconf 80' lang='lat' dir='ltr'><strong>genus</strong></span> <span class='ocrx_word' id='word_1_508' title='bbox 1695 3685 1858 3733; x_wconf 65' lang='lat' dir='ltr'><strong>terrae</strong></span> 
     </span>
    </p>
   </div>
   <div class='ocr_carea' id='block_1_66' title="bbox 270 3767 1852 3841">
    <p class='ocr_par' dir='ltr' id='par_1_66' title="bbox 270 3767 1852 3841">
     <span class='ocr_line' id='line_1_66' title="bbox 270 3767 1852 3841; baseline -0.001 -17"><span class='ocrx_word' id='word_1_509' title='bbox 270 3782 545 3830; x_wconf 84' lang='lat' dir='ltr'><strong>motuum,</strong></span> <span class='ocrx_word' id='word_1_510' title='bbox 581 3770 675 3841; x_wconf 88' lang='lat' dir='ltr'><strong>qui</strong></span> <span class='ocrx_word' id='word_1_511' title='bbox 710 3772 777 3825; x_wconf 89' lang='lat' dir='ltr'><strong>de</strong></span> <span class='ocrx_word' id='word_1_512' title='bbox 805 3770 916 3823; x_wconf 85' lang='lat' dir='ltr'><strong>illis</strong></span> <span class='ocrx_word' id='word_1_513' title='bbox 956 3770 1323 3836; x_wconf 88' lang='lat' dir='ltr'><strong>scripserunt,</strong></span> <span class='ocrx_word' id='word_1_514' title='bbox 1359 3767 1596 3822; x_wconf 80' lang='lat' dir='ltr'><strong>maxime</strong></span> <span class='ocrx_word' id='word_1_515' title='bbox 1628 3768 1852 3822; x_wconf 83' lang='lat' dir='ltr'><strong>noxium</strong></span> 
     </span>
    </p>
   </div>
   <div class='ocr_carea' id='block_1_67' title="bbox 272 3859 1858 3930">
    <p class='ocr_par' dir='ltr' id='par_1_67' title="bbox 272 3859 1858 3930">
     <span class='ocr_line' id='line_1_67' title="bbox 272 3859 1858 3930; baseline -0.001 -14"><span class='ocrx_word' id='word_1_516' title='bbox 272 3877 334 3916; x_wconf 75' lang='lat' dir='ltr'><strong>ac</strong></span> <span class='ocrx_word' id='word_1_517' title='bbox 368 3861 720 3916; x_wconf 74' lang='lat' dir='ltr'><strong>formidabile</strong></span> <span class='ocrx_word' id='word_1_518' title='bbox 752 3875 876 3915; x_wconf 81' lang='lat' dir='ltr'><strong>esse</strong></span> <span class='ocrx_word' id='word_1_519' title='bbox 931 3859 1300 3923; x_wconf 85' lang='lat' dir='ltr'><strong>tradiderunt,</strong></span> <span class='ocrx_word' id='word_1_520' title='bbox 1337 3867 1522 3927; x_wconf 83' lang='lat' dir='ltr'><strong>utpote</strong></span> <span class='ocrx_word' id='word_1_521' title='bbox 1576 3875 1687 3929; x_wconf 86' lang='lat' dir='ltr'><strong>quo</strong></span> <span class='ocrx_word' id='word_1_522' title='bbox 1740 3860 1858 3930; x_wconf 82' lang='lat' dir='ltr'><strong>ipsa</strong></span> 
     </span>
    </p>
   </div>
   <div class='ocr_carea' id='block_1_68' title="bbox 270 3949 1859 4021">
    <p class='ocr_par' dir='ltr' id='par_1_68' title="bbox 270 3949 1859 4021">
     <span class='ocr_line' id='line_1_68' title="bbox 270 3949 1859 4021; baseline -0.001 -15"><span class='ocrx_word' id='word_1_523' title='bbox 270 3954 428 4021; x_wconf 86' lang='lat' dir='ltr'><strong>quasi</strong></span> <span class='ocrx_word' id='word_1_524' title='bbox 457 3951 821 4006; x_wconf 79' lang='lat' dir='ltr'><strong>fundamenta</strong></span> <span class='ocrx_word' id='word_1_525' title='bbox 857 3953 1009 4006; x_wconf 83' lang='lat' dir='ltr'><strong>orbis</strong></span> <span class='ocrx_word' id='word_1_526' title='bbox 1035 3949 1250 4019; x_wconf 87' lang='lat' dir='ltr'><strong>penitus</strong></span> <span class='ocrx_word' id='word_1_527' title='bbox 1294 3950 1511 4004; x_wconf 79' lang='lat' dir='ltr'><strong>evoluta</strong></span> <span class='ocrx_word' id='word_1_528' title='bbox 1540 3950 1859 4005; x_wconf 88' lang='lat' dir='ltr'><strong>convellan-</strong></span> 
     </span>
    </p>
   </div>
   <div class='ocr_carea' id='block_1_69' title="bbox 272 4043 1858 4111">
    <p class='ocr_par' dir='ltr' id='par_1_69' title="bbox 272 4043 1858 4111">
     <span class='ocr_line' id='line_1_69' title="bbox 272 4043 1858 4111; baseline 0.001 -14"><span class='ocrx_word' id='word_1_529' title='bbox 272 4052 386 4097; x_wconf 85' lang='lat' dir='ltr'><strong>tur.</strong></span> <span class='ocrx_word' id='word_1_530' title='bbox 413 4044 625 4098; x_wconf 88' lang='lat' dir='ltr'><strong>Tantus</strong></span> <span class='ocrx_word' id='word_1_531' title='bbox 648 4054 830 4099; x_wconf 88' lang='lat' dir='ltr'><strong>autem</strong></span> <span class='ocrx_word' id='word_1_532' title='bbox 865 4045 914 4098; x_wconf 88' lang='lat' dir='ltr'><strong>is</strong></span> <span class='ocrx_word' id='word_1_533' title='bbox 944 4043 1037 4111; x_wconf 89' lang='lat' dir='ltr'><strong>qui</strong></span> <span class='ocrx_word' id='word_1_534' title='bbox 1077 4050 1212 4099; x_wconf 90' lang='lat' dir='ltr'><strong>tunc</strong></span> <span class='ocrx_word' id='word_1_535' title='bbox 1237 4043 1439 4098; x_wconf 80' lang='lat' dir='ltr'><strong>exstitit</strong></span> <span class='ocrx_word' id='word_1_536' title='bbox 1475 4043 1598 4104; x_wconf 84' lang='lat' dir='ltr'><strong>fuit,</strong></span> <span class='ocrx_word' id='word_1_537' title='bbox 1622 4055 1679 4098; x_wconf 93' lang='lat' dir='ltr'><strong>ut</strong></span> <span class='ocrx_word' id='word_1_538' title='bbox 1696 4059 1858 4100; x_wconf 85' lang='lat' dir='ltr'><strong>nemo</strong></span> 
     </span>
    </p>
   </div>
   <div class='ocr_carea' id='block_1_70' title="bbox 268 4136 1857 4206">
    <p class='ocr_par' dir='ltr' id='par_1_70' title="bbox 268 4136 1857 4206">
     <span class='ocr_line' id='line_1_70' title="bbox 268 4136 1857 4206; baseline 0.001 -17"><span class='ocrx_word' id='word_1_539' title='bbox 268 4136 493 4205; x_wconf 77' lang='lat' dir='ltr'><strong>juvenis</strong></span> <span class='ocrx_word' id='word_1_540' title='bbox 548 4145 643 4190; x_wconf 83' lang='lat' dir='ltr'><strong>aut</strong></span> <span class='ocrx_word' id='word_1_541' title='bbox 696 4151 862 4191; x_wconf 79' lang='lat' dir='ltr'><strong>senex</strong></span> <span class='ocrx_word' id='word_1_542' title='bbox 919 4137 1224 4206; x_wconf 81' lang='lat' dir='ltr'><strong>quamlibet</strong></span> <span class='ocrx_word' id='word_1_543' title='bbox 1262 4151 1395 4203; x_wconf 75' lang='lat' dir='ltr'><strong>vage</strong></span> <span class='ocrx_word' id='word_1_544' title='bbox 1453 4136 1857 4205; x_wconf 75' lang='lat' dir='ltr'><strong>peregrinatus.</strong></span> 
     </span>
    </p>
   </div>
   <div class='ocr_carea' id='block_1_71' title="bbox 274 4228 1860 4297">
    <p class='ocr_par' dir='ltr' id='par_1_71' title="bbox 274 4228 1860 4297">
     <span class='ocr_line' id='line_1_71' title="bbox 274 4228 1860 4297; baseline 0 -15"><span class='ocrx_word' id='word_1_545' title='bbox 274 4230 584 4297; x_wconf 65' lang='lat' dir='ltr'><strong>quantaevis</strong></span> <span class='ocrx_word' id='word_1_546' title='bbox 620 4229 908 4284; x_wconf 84' lang='lat' dir='ltr'><strong>vetustatis</strong></span> <span class='ocrx_word' id='word_1_547' title='bbox 944 4244 1038 4297; x_wconf 89' lang='lat' dir='ltr'><strong>per</strong></span> <span class='ocrx_word' id='word_1_548' title='bbox 1081 4239 1297 4283; x_wconf 68' lang='lat' dir='ltr'><strong>aetatem</strong></span> <span class='ocrx_word' id='word_1_549' title='bbox 1355 4228 1587 4281; x_wconf 89' lang='lat' dir='ltr'><strong>multum</strong></span> <span class='ocrx_word' id='word_1_550' title='bbox 1634 4244 1860 4297; x_wconf 86' lang='lat' dir='ltr'><strong>provec-</strong></span> 
     </span>
    </p>
   </div>
   <div class='ocr_carea' id='block_1_72' title="bbox 274 4319 1859 4392">
    <p class='ocr_par' dir='ltr' id='par_1_72' title="bbox 274 4319 1859 4392">
     <span class='ocr_line' id='line_1_72' title="bbox 274 4319 1859 4392; baseline -0.002 -17"><span class='ocrx_word' id='word_1_551' title='bbox 274 4330 386 4375; x_wconf 81' lang='lat' dir='ltr'><strong>tam</strong></span> <span class='ocrx_word' id='word_1_552' title='bbox 449 4337 684 4387; x_wconf 88' lang='lat' dir='ltr'><strong>memor,</strong></span> <span class='ocrx_word' id='word_1_553' title='bbox 738 4337 925 4392; x_wconf 88' lang='lat' dir='ltr'><strong>parem</strong></span> <span class='ocrx_word' id='word_1_554' title='bbox 976 4321 1054 4375; x_wconf 89' lang='lat' dir='ltr'><strong>illi</strong></span> <span class='ocrx_word' id='word_1_555' title='bbox 1109 4336 1170 4375; x_wconf 87' lang='lat' dir='ltr'><strong>se</strong></span> <span class='ocrx_word' id='word_1_556' title='bbox 1217 4335 1455 4388; x_wconf 87' lang='lat' dir='ltr'><strong>unquam</strong></span> <span class='ocrx_word' id='word_1_557' title='bbox 1498 4329 1592 4372; x_wconf 85' lang='lat' dir='ltr'><strong>aut</strong></span> <span class='ocrx_word' id='word_1_558' title='bbox 1646 4319 1859 4389; x_wconf 87' lang='lat' dir='ltr'><strong>uspiam</strong></span> 
     </span>
    </p>
   </div>
   <div class='ocr_carea' id='block_1_73' title="bbox 273 4409 1862 4482">
    <p class='ocr_par' dir='ltr' id='par_1_73' title="bbox 273 4409 1862 4482">
     <span class='ocr_line' id='line_1_73' title="bbox 273 4409 1862 4482; baseline -0.003 -14"><span class='ocrx_word' id='word_1_559' title='bbox 273 4413 544 4475; x_wconf 78' lang='lat' dir='ltr'><strong>sensisse,</strong></span> <span class='ocrx_word' id='word_1_560' title='bbox 580 4415 782 4468; x_wconf 90' lang='lat' dir='ltr'><strong>nedum</strong></span> <span class='ocrx_word' id='word_1_561' title='bbox 836 4414 1127 4481; x_wconf 88' lang='lat' dir='ltr'><strong>majorem,</strong></span> <span class='ocrx_word' id='word_1_562' title='bbox 1169 4422 1357 4482; x_wconf 85' lang='lat' dir='ltr'><strong>posset</strong></span> <span class='ocrx_word' id='word_1_563' title='bbox 1397 4412 1693 4466; x_wconf 70' lang='lat' dir='ltr'><strong>afﬁrmare.</strong></span> <span class='ocrx_word' id='word_1_564' title='bbox 1727 4409 1862 4478; x_wconf 87' lang='lat' dir='ltr'><strong>Qui-</strong></span> 
     </span>
    </p>
   </div>
   <div class='ocr_carea' id='block_1_74' title="bbox 1966 3212 3546 3284">
    <p class='ocr_par' dir='ltr' id='par_1_74' title="bbox 1966 3212 3546 3284">
     <span class='ocr_line' id='line_1_74' title="bbox 1966 3212 3546 3284; baseline 0.004 -19"><span class='ocrx_word' id='word_1_565' title='bbox 1966 3212 2356 3278; x_wconf 88' lang='lat' dir='ltr'><strong>conciderunt,</strong></span> <span class='ocrx_word' id='word_1_566' title='bbox 2387 3212 2570 3265; x_wconf 70' lang='lat' dir='ltr'><strong>multa:</strong></span> <span class='ocrx_word' id='word_1_567' title='bbox 2610 3226 2765 3266; x_wconf 65' lang='lat' dir='ltr'><strong>novae</strong></span> <span class='ocrx_word' id='word_1_568' title='bbox 2817 3222 3108 3269; x_wconf 68' lang='lat' dir='ltr'><strong>structurae</strong></span> <span class='ocrx_word' id='word_1_569' title='bbox 3137 3215 3360 3284; x_wconf 73' lang='lat' dir='ltr'><strong>dejecttc</strong></span> <span class='ocrx_word' id='word_1_570' title='bbox 3392 3226 3546 3272; x_wconf 89' lang='lat' dir='ltr'><strong>sunt.</strong></span> 
     </span>
    </p>
   </div>
   <div class='ocr_carea' id='block_1_75' title="bbox 1968 3303 3535 3374">
    <p class='ocr_par' dir='ltr' id='par_1_75' title="bbox 1968 3303 3535 3374">
     <span class='ocr_line' id='line_1_75' title="bbox 1968 3303 3535 3374; baseline 0.003 -16"><span class='ocrx_word' id='word_1_571' title='bbox 1968 3303 2129 3374; x_wconf 87' lang='lat' dir='ltr'><strong>Septa</strong></span> <span class='ocrx_word' id='word_1_572' title='bbox 2199 3320 2329 3358; x_wconf 87' lang='lat' dir='ltr'><strong>vero</strong></span> <span class='ocrx_word' id='word_1_573' title='bbox 2385 3303 2490 3359; x_wconf 87' lang='lat' dir='ltr'><strong>late</strong></span> <span class='ocrx_word' id='word_1_574' title='bbox 2546 3306 2845 3373; x_wconf 89' lang='lat' dir='ltr'><strong>patentium</strong></span> <span class='ocrx_word' id='word_1_575' title='bbox 2878 3320 3129 3361; x_wconf 89' lang='lat' dir='ltr'><strong>arearum</strong></span> <span class='ocrx_word' id='word_1_576' title='bbox 3159 3316 3215 3360; x_wconf 91' lang='lat' dir='ltr'><strong>et</strong></span> <span class='ocrx_word' id='word_1_577' title='bbox 3260 3309 3535 3364; x_wconf 86' lang='lat' dir='ltr'><strong>siccorum</strong></span> 
     </span>
    </p>
   </div>
   <div class='ocr_carea' id='block_1_76' title="bbox 1966 3396 3543 3465">
    <p class='ocr_par' dir='ltr' id='par_1_76' title="bbox 1966 3396 3543 3465">
     <span class='ocr_line' id='line_1_76' title="bbox 1966 3396 3543 3465; baseline 0.003 -15"><span class='ocrx_word' id='word_1_578' title='bbox 1966 3396 2087 3450; x_wconf 90' lang='lat' dir='ltr'><strong>sine</strong></span> <span class='ocrx_word' id='word_1_579' title='bbox 2115 3404 2379 3450; x_wconf 64' lang='lat' dir='ltr'><strong>ammento</strong></span> <span class='ocrx_word' id='word_1_580' title='bbox 2412 3396 2685 3465; x_wconf 85' lang='lat' dir='ltr'><strong>dispositu</strong></span> <span class='ocrx_word' id='word_1_581' title='bbox 2739 3411 2999 3451; x_wconf 79' lang='lat' dir='ltr'><strong>saxorum</strong></span> <span class='ocrx_word' id='word_1_582' title='bbox 3053 3399 3283 3454; x_wconf 72' lang='lat' dir='ltr'><strong>sublatae</strong></span> <span class='ocrx_word' id='word_1_583' title='bbox 3332 3402 3543 3455; x_wconf 87' lang='lat' dir='ltr'><strong>circum</strong></span> 
     </span>
    </p>
   </div>
   <div class='ocr_carea' id='block_1_77' title="bbox 1966 3487 3632 3561">
    <p class='ocr_par' dir='ltr' id='par_1_77' title="bbox 1966 3487 3632 3561">
     <span class='ocr_line' id='line_1_77' title="bbox 1966 3487 3632 3561; baseline 0.004 -20"><span class='ocrx_word' id='word_1_584' title='bbox 1966 3487 2221 3541; x_wconf 78' lang='lat' dir='ltr'><strong>maceria:</strong></span> <span class='ocrx_word' id='word_1_585' title='bbox 2250 3488 2574 3541; x_wconf 86' lang='lat' dir='ltr'><strong>cumulatim</strong></span> <span class='ocrx_word' id='word_1_586' title='bbox 2632 3504 2978 3559; x_wconf 68' lang='lat' dir='ltr'><strong>unaquaeque</strong></span> <span class='ocrx_word' id='word_1_587' title='bbox 3009 3491 3062 3544; x_wconf 92' lang='lat' dir='ltr'><strong>in</strong></span> <span class='ocrx_word' id='word_1_588' title='bbox 3114 3492 3254 3546; x_wconf 91' lang='lat' dir='ltr'><strong>latus</strong></span> <span class='ocrx_word' id='word_1_589' title='bbox 3286 3509 3549 3561; x_wconf 87' lang='lat' dir='ltr'><strong>procum-</strong></span> <span class='ocrx_word' id='word_1_590' title='bbox 3624 3550 3632 3561; x_wconf 64' lang='grc'><em>,</em></span> 
     </span>
    </p>
   </div>
   <div class='ocr_carea' id='block_1_78' title="bbox 1969 3579 3547 3649">
    <p class='ocr_par' dir='ltr' id='par_1_78' title="bbox 1969 3579 3547 3649">
     <span class='ocr_line' id='line_1_78' title="bbox 1969 3579 3547 3649; baseline 0.006 -17"><span class='ocrx_word' id='word_1_591' title='bbox 1969 3579 2191 3643; x_wconf 85' lang='lat' dir='ltr'><strong>hebant,</strong></span> <span class='ocrx_word' id='word_1_592' title='bbox 2231 3588 2290 3632; x_wconf 89' lang='lat' dir='ltr'><strong>nt</strong></span> <span class='ocrx_word' id='word_1_593' title='bbox 2327 3594 2421 3635; x_wconf 89' lang='lat' dir='ltr'><strong>eas</strong></span> <span class='ocrx_word' id='word_1_594' title='bbox 2456 3582 2545 3649; x_wconf 88' lang='lat' dir='ltr'><strong>qui</strong></span> <span class='ocrx_word' id='word_1_595' title='bbox 2601 3589 2787 3636; x_wconf 84' lang='lat' dir='ltr'><strong>strues</strong></span> <span class='ocrx_word' id='word_1_596' title='bbox 2810 3592 3124 3649; x_wconf 89' lang='lat' dir='ltr'><strong>cernerent,</strong></span> <span class='ocrx_word' id='word_1_597' title='bbox 3157 3584 3225 3638; x_wconf 91' lang='lat' dir='ltr'><strong>de</strong></span> <span class='ocrx_word' id='word_1_598' title='bbox 3272 3586 3547 3641; x_wconf 85' lang='lat' dir='ltr'><strong>industria</strong></span> 
     </span>
    </p>
   </div>
   <div class='ocr_carea' id='block_1_79' title="bbox 1966 3671 3550 3744">
    <p class='ocr_par' dir='ltr' id='par_1_79' title="bbox 1966 3671 3550 3744">
     <span class='ocr_line' id='line_1_79' title="bbox 1966 3671 3550 3744; baseline 0.004 -18"><span class='ocrx_word' id='word_1_599' title='bbox 1966 3671 2344 3741; x_wconf 75' lang='lat' dir='ltr'><strong>comportatbs</strong></span> <span class='ocrx_word' id='word_1_600' title='bbox 2372 3684 2607 3742; x_wconf 87' lang='lat' dir='ltr'><strong>apteque</strong></span> <span class='ocrx_word' id='word_1_601' title='bbox 2639 3674 2885 3743; x_wconf 81' lang='lat' dir='ltr'><strong>digestos</strong></span> <span class='ocrx_word' id='word_1_602' title='bbox 2918 3675 3127 3744; x_wconf 88' lang='lat' dir='ltr'><strong>lapides</strong></span> <span class='ocrx_word' id='word_1_603' title='bbox 3150 3676 3207 3730; x_wconf 93' lang='lat' dir='ltr'><strong>in</strong></span> <span class='ocrx_word' id='word_1_604' title='bbox 3231 3693 3389 3732; x_wconf 89' lang='lat' dir='ltr'><strong>usum</strong></span> <span class='ocrx_word' id='word_1_605' title='bbox 3413 3682 3550 3732; x_wconf 77' lang='lat' dir='ltr'><strong>arti-</strong></span> 
     </span>
    </p>
   </div>
   <div class='ocr_carea' id='block_1_80' title="bbox 1968 3764 3543 3839">
    <p class='ocr_par' dir='ltr' id='par_1_80' title="bbox 1968 3764 3543 3839">
     <span class='ocr_line' id='line_1_80' title="bbox 1968 3764 3543 3839; baseline 0.006 -21"><span class='ocrx_word' id='word_1_606' title='bbox 1968 3764 2087 3818; x_wconf 83' lang='lat' dir='ltr'><strong>ﬁcis</strong></span> <span class='ocrx_word' id='word_1_607' title='bbox 2146 3780 2332 3820; x_wconf 86' lang='lat' dir='ltr'><strong>muros</strong></span> <span class='ocrx_word' id='word_1_608' title='bbox 2372 3765 2485 3821; x_wconf 89' lang='lat' dir='ltr'><strong>illic</strong></span> <span class='ocrx_word' id='word_1_609' title='bbox 2537 3766 2778 3819; x_wconf 88' lang='lat' dir='ltr'><strong>molituri</strong></span> <span class='ocrx_word' id='word_1_610' title='bbox 2839 3767 3051 3836; x_wconf 82' lang='lat' dir='ltr'><strong>Opinari</strong></span> <span class='ocrx_word' id='word_1_611' title='bbox 3104 3767 3233 3836; x_wconf 83' lang='lat' dir='ltr'><strong>jure</strong></span> <span class='ocrx_word' id='word_1_612' title='bbox 3297 3782 3543 3839; x_wconf 88' lang='lat' dir='ltr'><strong>possent.</strong></span> 
     </span>
    </p>
   </div>
   <div class='ocr_carea' id='block_1_81' title="bbox 1970 3856 3552 3926">
    <p class='ocr_par' dir='ltr' id='par_1_81' title="bbox 1970 3856 3552 3926">
     <span class='ocr_line' id='line_1_81' title="bbox 1970 3856 3552 3926; baseline 0.004 -16"><span class='ocrx_word' id='word_1_613' title='bbox 1970 3857 2084 3910; x_wconf 91' lang='lat' dir='ltr'><strong>Duo</strong></span> <span class='ocrx_word' id='word_1_614' title='bbox 2115 3862 2294 3910; x_wconf 86' lang='lat' dir='ltr'><strong>tamen</strong></span> <span class='ocrx_word' id='word_1_615' title='bbox 2321 3856 2550 3911; x_wconf 67' lang='lat' dir='ltr'><strong>aedilicia</strong></span> <span class='ocrx_word' id='word_1_616' title='bbox 2586 3856 2835 3926; x_wconf 76' lang='lat' dir='ltr'><strong>ingentia</strong></span> <span class='ocrx_word' id='word_1_617' title='bbox 2894 3858 3011 3912; x_wconf 89' lang='lat' dir='ltr'><strong>suis</strong></span> <span class='ocrx_word' id='word_1_618' title='bbox 3043 3859 3220 3915; x_wconf 85' lang='lat' dir='ltr'><strong>ruinis</strong></span> <span class='ocrx_word' id='word_1_619' title='bbox 3255 3862 3552 3917; x_wconf 87' lang='lat' dir='ltr'><strong>vehemen-</strong></span> 
     </span>
    </p>
   </div>
   <div class='ocr_carea' id='block_1_82' title="bbox 1967 3947 3549 4009">
    <p class='ocr_par' dir='ltr' id='par_1_82' title="bbox 1967 3947 3549 4009">
     <span class='ocr_line' id='line_1_82' title="bbox 1967 3947 3549 4009; baseline 0.005 -8"><span class='ocrx_word' id='word_1_620' title='bbox 1967 3947 2100 4002; x_wconf 89' lang='lat' dir='ltr'><strong>tiam</strong></span> <span class='ocrx_word' id='word_1_621' title='bbox 2138 3957 2319 4002; x_wconf 90' lang='lat' dir='ltr'><strong>motus</strong></span> <span class='ocrx_word' id='word_1_622' title='bbox 2377 3947 2763 4003; x_wconf 81' lang='lat' dir='ltr'><strong>ostenderunt.</strong></span> <span class='ocrx_word' id='word_1_623' title='bbox 2799 3949 3126 4004; x_wconf 85' lang='lat' dir='ltr'><strong>Sanctorum</strong></span> <span class='ocrx_word' id='word_1_624' title='bbox 3179 3955 3385 4008; x_wconf 83' lang='lat' dir='ltr'><strong>etenim</strong></span> <span class='ocrx_word' id='word_1_625' title='bbox 3425 3969 3549 4009; x_wconf 83' lang='lat' dir='ltr'><strong>ont-</strong></span> 
     </span>
    </p>
   </div>
   <div class='ocr_carea' id='block_1_83' title="bbox 1970 4038 3551 4116">
    <p class='ocr_par' dir='ltr' id='par_1_83' title="bbox 1970 4038 3551 4116">
     <span class='ocr_line' id='line_1_83' title="bbox 1970 4038 3551 4116; baseline 0.003 -23"><span class='ocrx_word' id='word_1_626' title='bbox 1970 4042 2121 4093; x_wconf 92' lang='lat' dir='ltr'><strong>nium</strong></span> <span class='ocrx_word' id='word_1_627' title='bbox 2158 4038 2442 4106; x_wconf 89' lang='lat' dir='ltr'><strong>templum,</strong></span> <span class='ocrx_word' id='word_1_628' title='bbox 2487 4039 2634 4108; x_wconf 90' lang='lat' dir='ltr'><strong>quod</strong></span> <span class='ocrx_word' id='word_1_629' title='bbox 2689 4049 2923 4116; x_wconf 85' lang='lat' dir='ltr'><strong>eatenus</strong></span> <span class='ocrx_word' id='word_1_630' title='bbox 2953 4041 3347 4097; x_wconf 78' lang='lat' dir='ltr'><strong>inconcussum</strong></span> <span class='ocrx_word' id='word_1_631' title='bbox 3377 4053 3551 4100; x_wconf 77' lang='lat' dir='ltr'><strong>stete-</strong></span> 
     </span>
    </p>
   </div>
   <div class='ocr_carea' id='block_1_84' title="bbox 1969 4130 3547 4197">
    <p class='ocr_par' dir='ltr' id='par_1_84' title="bbox 1969 4130 3547 4197">
     <span class='ocr_line' id='line_1_84' title="bbox 1969 4130 3547 4197; baseline 0.005 -13"><span class='ocrx_word' id='word_1_632' title='bbox 1969 4140 2073 4193; x_wconf 88' lang='lat' dir='ltr'><strong>rat,</strong></span> <span class='ocrx_word' id='word_1_633' title='bbox 2105 4131 2233 4185; x_wconf 91' lang='lat' dir='ltr'><strong>licct</strong></span> <span class='ocrx_word' id='word_1_634' title='bbox 2258 4132 2312 4184; x_wconf 93' lang='lat' dir='ltr'><strong>in</strong></span> <span class='ocrx_word' id='word_1_635' title='bbox 2339 4146 2403 4186; x_wconf 86' lang='lat' dir='ltr'><strong>eo</strong></span> <span class='ocrx_word' id='word_1_636' title='bbox 2435 4130 2568 4185; x_wconf 88' lang='lat' dir='ltr'><strong>nihil</strong></span> <span class='ocrx_word' id='word_1_637' title='bbox 2600 4135 2869 4197; x_wconf 84' lang='lat' dir='ltr'><strong>omissum</strong></span> <span class='ocrx_word' id='word_1_638' title='bbox 2899 4134 2965 4187; x_wconf 93' lang='lat' dir='ltr'><strong>ad</strong></span> <span class='ocrx_word' id='word_1_639' title='bbox 3002 4134 3204 4189; x_wconf 87' lang='lat' dir='ltr'><strong>tuenda</strong></span> <span class='ocrx_word' id='word_1_640' title='bbox 3247 4144 3547 4192; x_wconf 82' lang='lat' dir='ltr'><strong>sartatecta</strong></span> 
     </span>
    </p>
   </div>
   <div class='ocr_carea' id='block_1_85' title="bbox 1970 4223 3549 4297">
    <p class='ocr_par' dir='ltr' id='par_1_85' title="bbox 1970 4223 3549 4297">
     <span class='ocr_line' id='line_1_85' title="bbox 1970 4223 3549 4297; baseline 0.004 -20"><span class='ocrx_word' id='word_1_641' title='bbox 1970 4223 2359 4278; x_wconf 84' lang='lat' dir='ltr'><strong>necessarium</strong></span> <span class='ocrx_word' id='word_1_642' title='bbox 2389 4223 2687 4283; x_wconf 84' lang='lat' dir='ltr'><strong>diceretur,</strong></span> <span class='ocrx_word' id='word_1_643' title='bbox 2722 4225 3086 4280; x_wconf 88' lang='lat' dir='ltr'><strong>miserabilem</strong></span> <span class='ocrx_word' id='word_1_644' title='bbox 3117 4242 3335 4297; x_wconf 87' lang='lat' dir='ltr'><strong>passum</strong></span> <span class='ocrx_word' id='word_1_645' title='bbox 3370 4229 3549 4284; x_wconf 87' lang='lat' dir='ltr'><strong>labem</strong></span> 
     </span>
    </p>
   </div>
   <div class='ocr_carea' id='block_1_86' title="bbox 1968 4314 3548 4385">
    <p class='ocr_par' dir='ltr' id='par_1_86' title="bbox 1968 4314 3548 4385">
     <span class='ocr_line' id='line_1_86' title="bbox 1968 4314 3548 4385; baseline 0.004 -17"><span class='ocrx_word' id='word_1_646' title='bbox 1968 4325 2074 4379; x_wconf 89' lang='lat' dir='ltr'><strong>est,</strong></span> <span class='ocrx_word' id='word_1_647' title='bbox 2109 4314 2482 4369; x_wconf 87' lang='lat' dir='ltr'><strong>eminentibus</strong></span> <span class='ocrx_word' id='word_1_648' title='bbox 2540 4315 2772 4383; x_wconf 80' lang='lat' dir='ltr'><strong>fastigiis</strong></span> <span class='ocrx_word' id='word_1_649' title='bbox 2803 4316 3043 4383; x_wconf 89' lang='lat' dir='ltr'><strong>duobus,</strong></span> <span class='ocrx_word' id='word_1_650' title='bbox 3104 4334 3341 4385; x_wconf 90' lang='lat' dir='ltr'><strong>quorum</strong></span> <span class='ocrx_word' id='word_1_651' title='bbox 3378 4336 3548 4375; x_wconf 89' lang='lat' dir='ltr'><strong>unum</strong></span> 
     </span>
    </p>
   </div>
   <div class='ocr_carea' id='block_1_87' title="bbox 1970 4408 3551 4477">
    <p class='ocr_par' dir='ltr' id='par_1_87' title="bbox 1970 4408 3551 4477">
     <span class='ocr_line' id='line_1_87' title="bbox 1970 4408 3551 4477; baseline 0.004 -16"><span class='ocrx_word' id='word_1_652' title='bbox 1970 4422 2077 4462; x_wconf 64' lang='lat' dir='ltr'><strong>arte</strong></span> <span class='ocrx_word' id='word_1_653' title='bbox 2103 4411 2351 4461; x_wconf 62' lang='lat' dir='ltr'><strong>maximae</strong></span> <span class='ocrx_word' id='word_1_654' title='bbox 2383 4414 2819 4476; x_wconf 88' lang='lat' dir='ltr'><strong>superstructum</strong></span> <span class='ocrx_word' id='word_1_655' title='bbox 2849 4408 3048 4477; x_wconf 81' lang='lat' dir='ltr'><strong>fuerat,</strong></span> <span class='ocrx_word' id='word_1_656' title='bbox 3102 4412 3333 4467; x_wconf 87' lang='lat' dir='ltr'><strong>alterum</strong></span> <span class='ocrx_word' id='word_1_657' title='bbox 3369 4414 3551 4471; x_wconf 83' lang='lat' dir='ltr'><strong>umbi-</strong></span> 
     </span>
    </p>
   </div>
   <div class='ocr_carea' id='block_1_88' title="bbox 271 4499 3547 4576">
    <p class='ocr_par' dir='ltr' id='par_1_88' title="bbox 271 4499 3547 4576">
     <span class='ocr_line' id='line_1_88' title="bbox 271 4499 3547 4576; baseline 0.001 -17"><span class='ocrx_word' id='word_1_658' title='bbox 271 4506 399 4560; x_wconf 86' lang='lat' dir='ltr'><strong>datn</strong></span> <span class='ocrx_word' id='word_1_659' title='bbox 436 4514 621 4560; x_wconf 87' lang='lat' dir='ltr'><strong>tamen</strong></span> <span class='ocrx_word' id='word_1_660' title='bbox 652 4508 746 4576; x_wconf 89' lang='lat' dir='ltr'><strong>qui</strong></span> <span class='ocrx_word' id='word_1_661' title='bbox 781 4506 923 4560; x_wconf 87' lang='lat' dir='ltr'><strong>ultra</strong></span> <span class='ocrx_word' id='word_1_662' title='bbox 959 4508 1241 4575; x_wconf 77' lang='lat' dir='ltr'><strong>vulgarem</strong></span> <span class='ocrx_word' id='word_1_663' title='bbox 1277 4504 1501 4560; x_wconf 89' lang='lat' dir='ltr'><strong>modum</strong></span> <span class='ocrx_word' id='word_1_664' title='bbox 1539 4513 1862 4568; x_wconf 86' lang='lat' dir='ltr'><strong>senuerant,</strong></span> <span class='ocrx_word' id='word_1_665' title='bbox 1896 4503 1940 4559; x_wconf 89' lang='lat' dir='ltr'><strong>D</strong></span> <span class='ocrx_word' id='word_1_666' title='bbox 1971 4499 2076 4554; x_wconf 87' lang='lat' dir='ltr'><strong>lico</strong></span> <span class='ocrx_word' id='word_1_667' title='bbox 2107 4501 2485 4563; x_wconf 85' lang='lat' dir='ltr'><strong>incumbebat,</strong></span> <span class='ocrx_word' id='word_1_668' title='bbox 2514 4501 2655 4554; x_wconf 89' lang='lat' dir='ltr'><strong>tristi</strong></span> <span class='ocrx_word' id='word_1_669' title='bbox 2681 4517 2811 4556; x_wconf 85' lang='lat' dir='ltr'><strong>casu</strong></span> <span class='ocrx_word' id='word_1_670' title='bbox 2841 4503 3173 4559; x_wconf 87' lang='lat' dir='ltr'><strong>deturbatis.</strong></span> <span class='ocrx_word' id='word_1_671' title='bbox 3202 4505 3335 4572; x_wconf 64' lang='lat' dir='ltr'><strong>Quae</strong></span> <span class='ocrx_word' id='word_1_672' title='bbox 3363 4516 3547 4562; x_wconf 87' lang='lat' dir='ltr'><strong>autem</strong></span> 
     </span>
    </p>
   </div>
   <div class='ocr_carea' id='block_1_89' title="bbox 270 4597 1860 4669">
    <p class='ocr_par' dir='ltr' id='par_1_89' title="bbox 270 4597 1860 4669">
     <span class='ocr_line' id='line_1_89' title="bbox 270 4597 1860 4669; baseline -0.001 -17"><span class='ocrx_word' id='word_1_673' title='bbox 270 4602 460 4669; x_wconf 88' lang='lat' dir='ltr'><strong>prisco</strong></span> <span class='ocrx_word' id='word_1_674' title='bbox 491 4599 569 4652; x_wconf 88' lang='lat' dir='ltr'><strong>illi</strong></span> <span class='ocrx_word' id='word_1_675' title='bbox 602 4610 762 4654; x_wconf 72' lang='lat' dir='ltr'><strong>terra:</strong></span> <span class='ocrx_word' id='word_1_676' title='bbox 824 4601 1022 4662; x_wconf 78' lang='lat' dir='ltr'><strong>uictui,</strong></span> <span class='ocrx_word' id='word_1_677' title='bbox 1066 4599 1158 4668; x_wconf 90' lang='lat' dir='ltr'><strong>qui</strong></span> <span class='ocrx_word' id='word_1_678' title='bbox 1193 4614 1291 4667; x_wconf 87' lang='lat' dir='ltr'><strong>per</strong></span> <span class='ocrx_word' id='word_1_679' title='bbox 1322 4597 1706 4653; x_wconf 80' lang='lat' dir='ltr'><strong>excellentiam</strong></span> <span class='ocrx_word' id='word_1_680' title='bbox 1744 4612 1860 4650; x_wconf 80' lang='lat' dir='ltr'><strong>ma-</strong></span> 
     </span>
    </p>
   </div>
   <div class='ocr_carea' id='block_1_90' title="bbox 272 4690 1860 4760">
    <p class='ocr_par' dir='ltr' id='par_1_90' title="bbox 272 4690 1860 4760">
     <span class='ocr_line' id='line_1_90' title="bbox 272 4690 1860 4760; baseline -0.003 -15"><span class='ocrx_word' id='word_1_681' title='bbox 272 4707 413 4760; x_wconf 75' lang='lat' dir='ltr'><strong>gnus</strong></span> <span class='ocrx_word' id='word_1_682' title='bbox 443 4691 774 4760; x_wconf 88' lang='lat' dir='ltr'><strong>appellatur,</strong></span> <span class='ocrx_word' id='word_1_683' title='bbox 808 4692 955 4745; x_wconf 85' lang='lat' dir='ltr'><strong>hunc</strong></span> <span class='ocrx_word' id='word_1_684' title='bbox 987 4690 1226 4760; x_wconf 88' lang='lat' dir='ltr'><strong>quadam</strong></span> <span class='ocrx_word' id='word_1_685' title='bbox 1262 4704 1328 4743; x_wconf 82' lang='lat' dir='ltr'><strong>ex</strong></span> <span class='ocrx_word' id='word_1_686' title='bbox 1364 4699 1520 4758; x_wconf 87' lang='lat' dir='ltr'><strong>parte</strong></span> <span class='ocrx_word' id='word_1_687' title='bbox 1571 4703 1860 4757; x_wconf 88' lang='lat' dir='ltr'><strong>compara-</strong></span> 
     </span>
    </p>
   </div>
   <div class='ocr_carea' id='block_1_91' title="bbox 277 4781 1860 4852">
    <p class='ocr_par' dir='ltr' id='par_1_91' title="bbox 277 4781 1860 4852">
     <span class='ocr_line' id='line_1_91' title="bbox 277 4781 1860 4852; baseline -0.002 -16"><span class='ocrx_word' id='word_1_688' title='bbox 277 4784 439 4837; x_wconf 88' lang='lat' dir='ltr'><strong>bilem</strong></span> <span class='ocrx_word' id='word_1_689' title='bbox 476 4784 788 4852; x_wconf 88' lang='lat' dir='ltr'><strong>putabant:</strong></span> <span class='ocrx_word' id='word_1_690' title='bbox 828 4800 952 4837; x_wconf 90' lang='lat' dir='ltr'><strong>nam</strong></span> <span class='ocrx_word' id='word_1_691' title='bbox 1004 4792 1057 4836; x_wconf 88' lang='lat' dir='ltr'><strong>et</strong></span> <span class='ocrx_word' id='word_1_692' title='bbox 1115 4783 1167 4835; x_wconf 92' lang='lat' dir='ltr'><strong>in</strong></span> <span class='ocrx_word' id='word_1_693' title='bbox 1204 4783 1329 4845; x_wconf 88' lang='lat' dir='ltr'><strong>hoc,</strong></span> <span class='ocrx_word' id='word_1_694' title='bbox 1377 4782 1636 4836; x_wconf 88' lang='lat' dir='ltr'><strong>similiter</strong></span> <span class='ocrx_word' id='word_1_695' title='bbox 1687 4788 1747 4834; x_wconf 90' lang='lat' dir='ltr'><strong>ut</strong></span> <span class='ocrx_word' id='word_1_696' title='bbox 1803 4781 1860 4834; x_wconf 86' lang='lat' dir='ltr'><strong>in</strong></span> 
     </span>
    </p>
   </div>
   <div class='ocr_carea' id='block_1_92' title="bbox 275 4875 1857 4946">
    <p class='ocr_par' dir='ltr' id='par_1_92' title="bbox 275 4875 1857 4946">
     <span class='ocr_line' id='line_1_92' title="bbox 275 4875 1857 4946; baseline -0.003 -15"><span class='ocrx_word' id='word_1_697' title='bbox 275 4878 389 4942; x_wconf 79' lang='lat' dir='ltr'><strong>illo,</strong></span> <span class='ocrx_word' id='word_1_698' title='bbox 429 4878 788 4945; x_wconf 78' lang='lat' dir='ltr'><strong>contingebat.</strong></span> <span class='ocrx_word' id='word_1_699' title='bbox 814 4878 1142 4946; x_wconf 91' lang='lat' dir='ltr'><strong>plerumque</strong></span> <span class='ocrx_word' id='word_1_700' title='bbox 1201 4891 1300 4945; x_wconf 90' lang='lat' dir='ltr'><strong>per</strong></span> <span class='ocrx_word' id='word_1_701' title='bbox 1334 4875 1478 4929; x_wconf 90' lang='lat' dir='ltr'><strong>diem</strong></span> <span class='ocrx_word' id='word_1_702' title='bbox 1532 4882 1589 4928; x_wconf 92' lang='lat' dir='ltr'><strong>et</strong></span> <span class='ocrx_word' id='word_1_703' title='bbox 1643 4883 1857 4928; x_wconf 87' lang='lat' dir='ltr'><strong>noctem</strong></span> 
     </span>
    </p>
   </div>
   <div class='ocr_carea' id='block_1_93' title="bbox 272 4965 1860 5036">
    <p class='ocr_par' dir='ltr' id='par_1_93' title="bbox 272 4965 1860 5036">
     <span class='ocr_line' id='line_1_93' title="bbox 272 4965 1860 5036; baseline -0.001 -16"><span class='ocrx_word' id='word_1_704' title='bbox 272 4969 511 5036; x_wconf 82' lang='lat' dir='ltr'><strong>proferri</strong></span> <span class='ocrx_word' id='word_1_705' title='bbox 550 4968 802 5023; x_wconf 88' lang='lat' dir='ltr'><strong>debiliori</strong></span> <span class='ocrx_word' id='word_1_706' title='bbox 843 4982 1117 5021; x_wconf 88' lang='lat' dir='ltr'><strong>succussu</strong></span> <span class='ocrx_word' id='word_1_707' title='bbox 1144 4966 1304 5034; x_wconf 85' lang='lat' dir='ltr'><strong>quasi</strong></span> <span class='ocrx_word' id='word_1_708' title='bbox 1335 4965 1542 5020; x_wconf 90' lang='lat' dir='ltr'><strong>sensim</strong></span> <span class='ocrx_word' id='word_1_709' title='bbox 1571 4966 1860 5033; x_wconf 80' lang='lat' dir='ltr'><strong>elangues-</strong></span> 
     </span>
    </p>
   </div>
   <div class='ocr_carea' id='block_1_94' title="bbox 272 5042 1860 5132">
    <p class='ocr_par' dir='ltr' id='par_1_94' title="bbox 272 5042 1860 5132">
     <span class='ocr_line' id='line_1_94' title="bbox 272 5042 1860 5132; baseline -0.001 -20"><span class='ocrx_word' id='word_1_710' title='bbox 272 5062 453 5113; x_wconf 79' lang='lat' dir='ltr'><strong>centis</strong></span> <span class='ocrx_word' id='word_1_711' title='bbox 484 5060 748 5129; x_wconf 84' lang='lat' dir='ltr'><strong>reliquias</strong></span> <span class='ocrx_word' id='word_1_712' title='bbox 781 5059 1241 5132; x_wconf 41' lang='lat' dir='ltr'><strong>spiritum-Adeo</strong></span> <span class='ocrx_word' id='word_1_713' title='bbox 1274 5067 1333 5111; x_wconf 91' lang='lat' dir='ltr'><strong>ut</strong></span> <span class='ocrx_word' id='word_1_714' title='bbox 1385 5057 1615 5128; x_wconf 85' lang='lat' dir='ltr'><strong>septima</strong></span> <span class='ocrx_word' id='word_1_715' title='bbox 1647 5042 1860 5110; x_wconf 58' lang='lat' dir='ltr'><strong>dec&#39;ima</strong></span> 
     </span>
    </p>
   </div>
   <div class='ocr_carea' id='block_1_95' title="bbox 272 5149 1862 5219">
    <p class='ocr_par' dir='ltr' id='par_1_95' title="bbox 272 5149 1862 5219">
     <span class='ocr_line' id='line_1_95' title="bbox 272 5149 1862 5219; baseline -0.004 -14"><span class='ocrx_word' id='word_1_716' title='bbox 272 5153 483 5207; x_wconf 82' lang='lat' dir='ltr'><strong>mensis</strong></span> <span class='ocrx_word' id='word_1_717' title='bbox 506 5151 640 5205; x_wconf 82' lang='lat' dir='ltr'><strong>Julii</strong></span> <span class='ocrx_word' id='word_1_718' title='bbox 668 5154 1068 5207; x_wconf 83' lang='lat' dir='ltr'><strong>concussiones</strong></span> <span class='ocrx_word' id='word_1_719' title='bbox 1125 5151 1214 5205; x_wconf 89' lang='lat' dir='ltr'><strong>hic</strong></span> <span class='ocrx_word' id='word_1_720' title='bbox 1239 5149 1462 5219; x_wconf 89' lang='lat' dir='ltr'><strong>quidem</strong></span> <span class='ocrx_word' id='word_1_721' title='bbox 1496 5156 1683 5203; x_wconf 84' lang='lat' dir='ltr'><strong>essent</strong></span> <span class='ocrx_word' id='word_1_722' title='bbox 1735 5162 1862 5216; x_wconf 89' lang='lat' dir='ltr'><strong>pro-</strong></span> 
     </span>
    </p>
   </div>
   <div class='ocr_carea' id='block_1_96' title="bbox 272 5237 1861 5311">
    <p class='ocr_par' dir='ltr' id='par_1_96' title="bbox 272 5237 1861 5311">
     <span class='ocr_line' id='line_1_96' title="bbox 272 5237 1861 5311; baseline -0.003 -15"><span class='ocrx_word' id='word_1_723' title='bbox 272 5241 556 5298; x_wconf 86' lang='lat' dir='ltr'><strong>duetiores</strong></span> <span class='ocrx_word' id='word_1_724' title='bbox 586 5252 854 5311; x_wconf 88' lang='lat' dir='ltr'><strong>tempore,</strong></span> <span class='ocrx_word' id='word_1_725' title='bbox 920 5240 1271 5296; x_wconf 85' lang='lat' dir='ltr'><strong>remissiores</strong></span> <span class='ocrx_word' id='word_1_726' title='bbox 1331 5252 1460 5293; x_wconf 82' lang='lat' dir='ltr'><strong>vero</strong></span> <span class='ocrx_word' id='word_1_727' title='bbox 1521 5238 1755 5307; x_wconf 87' lang='lat' dir='ltr'><strong>impetu,</strong></span> <span class='ocrx_word' id='word_1_728' title='bbox 1806 5237 1861 5291; x_wconf 89' lang='lat' dir='ltr'><strong>in</strong></span> 
     </span>
    </p>
   </div>
   <div class='ocr_carea' id='block_1_97' title="bbox 272 5334 1861 5406">
    <p class='ocr_par' dir='ltr' id='par_1_97' title="bbox 272 5334 1861 5406">
     <span class='ocr_line' id='line_1_97' title="bbox 272 5334 1861 5406; baseline -0.004 -13"><span class='ocrx_word' id='word_1_729' title='bbox 272 5337 500 5394; x_wconf 89' lang='lat' dir='ltr'><strong>Oriente</strong></span> <span class='ocrx_word' id='word_1_730' title='bbox 529 5352 661 5392; x_wconf 90' lang='lat' dir='ltr'><strong>vero</strong></span> <span class='ocrx_word' id='word_1_731' title='bbox 690 5337 932 5405; x_wconf 88' lang='lat' dir='ltr'><strong>majores</strong></span> <span class='ocrx_word' id='word_1_732' title='bbox 964 5344 1021 5390; x_wconf 89' lang='lat' dir='ltr'><strong>et</strong></span> <span class='ocrx_word' id='word_1_733' title='bbox 1056 5334 1221 5406; x_wconf 69' lang='grc'><strong>234</strong></span> <span class='ocrx_word' id='word_1_734' title='bbox 1250 5334 1695 5390; x_wconf 85' lang='lat' dir='ltr'><strong>vehementiores</strong></span> <span class='ocrx_word' id='word_1_735' title='bbox 1723 5348 1861 5402; x_wconf 72' lang='lat' dir='ltr'><strong>prae-</strong></span> 
     </span>
    </p>
   </div>
   <div class='ocr_carea' id='block_1_98' title="bbox 250 5427 1860 5495">
    <p class='ocr_par' dir='ltr' id='par_1_98' title="bbox 250 5427 1860 5495">
     <span class='ocr_line' id='line_1_98' title="bbox 250 5427 1860 5495; baseline -0.001 -14"><span class='ocrx_word' id='word_1_736' title='bbox 250 5430 623 5486; x_wconf 88' lang='lat' dir='ltr'><strong>.cedentibus.</strong></span> <span class='ocrx_word' id='word_1_737' title='bbox 675 5429 932 5484; x_wconf 87' lang='lat' dir='ltr'><strong>Grassari</strong></span> <span class='ocrx_word' id='word_1_738' title='bbox 993 5441 1175 5483; x_wconf 90' lang='lat' dir='ltr'><strong>autem</strong></span> <span class='ocrx_word' id='word_1_739' title='bbox 1228 5428 1282 5482; x_wconf 90' lang='lat' dir='ltr'><strong>id</strong></span> <span class='ocrx_word' id='word_1_740' title='bbox 1339 5428 1541 5481; x_wconf 88' lang='lat' dir='ltr'><strong>malum</strong></span> <span class='ocrx_word' id='word_1_741' title='bbox 1604 5427 1772 5495; x_wconf 67' lang='lat' dir='ltr'><strong>cmpit</strong></span> <span class='ocrx_word' id='word_1_742' title='bbox 1831 5440 1860 5479; x_wconf 91' lang='lat' dir='ltr'><strong>a</strong></span> 
     </span>
    </p>
   </div>
   <div class='ocr_carea' id='block_1_99' title="bbox 276 5518 1859 5595">
    <p class='ocr_par' dir='ltr' id='par_1_99' title="bbox 276 5518 1859 5595">
     <span class='ocr_line' id='line_1_99' title="bbox 276 5518 1859 5595; baseline -0.005 -17"><span class='ocrx_word' id='word_1_743' title='bbox 276 5524 543 5595; x_wconf 72' lang='lat' dir='ltr'><strong>Pergamo</strong></span> <span class='ocrx_word' id='word_1_744' title='bbox 575 5538 675 5595; x_wconf 85' lang='lat' dir='ltr'><strong>per</strong></span> <span class='ocrx_word' id='word_1_745' title='bbox 722 5521 905 5579; x_wconf 86' lang='lat' dir='ltr'><strong>media</strong></span> <span class='ocrx_word' id='word_1_746' title='bbox 931 5521 1152 5577; x_wconf 84' lang='lat' dir='ltr'><strong>Clrliara</strong></span> <span class='ocrx_word' id='word_1_747' title='bbox 1204 5520 1514 5595; x_wconf 87' lang='lat' dir='ltr'><strong>procedens</strong></span> <span class='ocrx_word' id='word_1_748' title='bbox 1573 5533 1750 5587; x_wconf 85' lang='lat' dir='ltr'><strong>usque</strong></span> <span class='ocrx_word' id='word_1_749' title='bbox 1794 5518 1859 5571; x_wconf 92' lang='lat' dir='ltr'><strong>ad</strong></span> 
     </span>
    </p>
   </div>
   <div class='ocr_carea' id='block_1_100' title="bbox 279 5610 1861 5688">
    <p class='ocr_par' dir='ltr' id='par_1_100' title="bbox 279 5610 1861 5688">
     <span class='ocr_line' id='line_1_100' title="bbox 279 5610 1861 5688; baseline -0.004 -16"><span class='ocrx_word' id='word_1_750' title='bbox 279 5620 449 5688; x_wconf 86' lang='lat' dir='ltr'><strong>ipsius</strong></span> <span class='ocrx_word' id='word_1_751' title='bbox 498 5617 749 5673; x_wconf 87' lang='lat' dir='ltr'><strong>Persidis</strong></span> <span class='ocrx_word' id='word_1_752' title='bbox 800 5624 1005 5685; x_wconf 88' lang='lat' dir='ltr'><strong>partes,</strong></span> <span class='ocrx_word' id='word_1_753' title='bbox 1059 5615 1246 5669; x_wconf 86' lang='lat' dir='ltr'><strong>hiante</strong></span> <span class='ocrx_word' id='word_1_754' title='bbox 1296 5613 1485 5669; x_wconf 88' lang='lat' dir='ltr'><strong>multis</strong></span> <span class='ocrx_word' id='word_1_755' title='bbox 1540 5612 1675 5666; x_wconf 89' lang='lat' dir='ltr'><strong>locis</strong></span> <span class='ocrx_word' id='word_1_756' title='bbox 1718 5610 1861 5675; x_wconf 85' lang='lat' dir='ltr'><strong>solo,</strong></span> 
     </span>
    </p>
   </div>
   <div class='ocr_carea' id='block_1_101' title="bbox 276 5704 1859 5778">
    <p class='ocr_par' dir='ltr' id='par_1_101' title="bbox 276 5704 1859 5778">
     <span class='ocr_line' id='line_1_101' title="bbox 276 5704 1859 5778; baseline -0.005 -15"><span class='ocrx_word' id='word_1_757' title='bbox 276 5712 470 5766; x_wconf 88' lang='lat' dir='ltr'><strong>alicubi</strong></span> <span class='ocrx_word' id='word_1_758' title='bbox 517 5711 686 5765; x_wconf 89' lang='lat' dir='ltr'><strong>etiam</strong></span> <span class='ocrx_word' id='word_1_759' title='bbox 725 5724 900 5778; x_wconf 87' lang='lat' dir='ltr'><strong>aquas</strong></span> <span class='ocrx_word' id='word_1_760' title='bbox 953 5724 1016 5761; x_wconf 77' lang='lat' dir='ltr'><strong>ex</strong></span> <span class='ocrx_word' id='word_1_761' title='bbox 1063 5707 1258 5760; x_wconf 89' lang='lat' dir='ltr'><strong>intimo</strong></span> <span class='ocrx_word' id='word_1_762' title='bbox 1302 5705 1454 5761; x_wconf 84' lang='lat' dir='ltr'><strong>l‘oras</strong></span> <span class='ocrx_word' id='word_1_763' title='bbox 1501 5704 1859 5774; x_wconf 86' lang='lat' dir='ltr'><strong>propellente,</strong></span> 
     </span>
    </p>
   </div>
   <div class='ocr_carea' id='block_1_102' title="bbox 277 5792 1859 5865">
    <p class='ocr_par' dir='ltr' id='par_1_102' title="bbox 277 5792 1859 5865">
     <span class='ocr_line' id='line_1_102' title="bbox 277 5792 1859 5865; baseline -0.004 -12"><span class='ocrx_word' id='word_1_764' title='bbox 277 5801 414 5854; x_wconf 74' lang='lat' dir='ltr'><strong>arcis</strong></span> <span class='ocrx_word' id='word_1_765' title='bbox 478 5799 548 5853; x_wconf 91' lang='lat' dir='ltr'><strong>ad</strong></span> <span class='ocrx_word' id='word_1_766' title='bbox 608 5798 835 5853; x_wconf 88' lang='lat' dir='ltr'><strong>Cbliara</strong></span> <span class='ocrx_word' id='word_1_767' title='bbox 868 5798 987 5853; x_wconf 66' lang='lat' dir='ltr'><strong>sita:</strong></span> <span class='ocrx_word' id='word_1_768' title='bbox 1018 5796 1392 5852; x_wconf 79' lang='lat' dir='ltr'><strong>fundamentis</strong></span> <span class='ocrx_word' id='word_1_769' title='bbox 1458 5796 1595 5865; x_wconf 90' lang='lat' dir='ltr'><strong>ipsis</strong></span> <span class='ocrx_word' id='word_1_770' title='bbox 1625 5792 1859 5858; x_wconf 87' lang='lat' dir='ltr'><strong>eversis,</strong></span> 
     </span>
    </p>
   </div>
   <div class='ocr_carea' id='block_1_103' title="bbox 1971 4592 3550 4654">
    <p class='ocr_par' dir='ltr' id='par_1_103' title="bbox 1971 4592 3550 4654">
     <span class='ocr_line' id='line_1_103' title="bbox 1971 4592 3550 4654; baseline 0.006 -10"><span class='ocrx_word' id='word_1_771' title='bbox 1971 4592 2083 4646; x_wconf 91' lang='lat' dir='ltr'><strong>illic</strong></span> <span class='ocrx_word' id='word_1_772' title='bbox 2114 4593 2394 4645; x_wconf 87' lang='lat' dir='ltr'><strong>visebatur</strong></span> <span class='ocrx_word' id='word_1_773' title='bbox 2426 4607 2576 4647; x_wconf 69' lang='lat' dir='ltr'><strong>aenea</strong></span> <span class='ocrx_word' id='word_1_774' title='bbox 2607 4600 2788 4647; x_wconf 88' lang='lat' dir='ltr'><strong>statua</strong></span> <span class='ocrx_word' id='word_1_775' title='bbox 2829 4596 3008 4650; x_wconf 87' lang='lat' dir='ltr'><strong>sancti</strong></span> <span class='ocrx_word' id='word_1_776' title='bbox 3048 4596 3255 4651; x_wconf 65' lang='lat' dir='ltr'><strong>militia:</strong></span> <span class='ocrx_word' id='word_1_777' title='bbox 3305 4600 3550 4654; x_wconf 81' lang='lat' dir='ltr'><strong>ccelestis</strong></span> 
     </span>
    </p>
   </div>
   <div class='ocr_carea' id='block_1_104' title="bbox 1966 4686 3575 4762">
    <p class='ocr_par' dir='ltr' id='par_1_104' title="bbox 1966 4686 3575 4762">
     <span class='ocr_line' id='line_1_104' title="bbox 1966 4686 3575 4762; baseline 0.007 -23"><span class='ocrx_word' id='word_1_778' title='bbox 1966 4686 2343 4755; x_wconf 80' lang='lat' dir='ltr'><strong>imperatoris,</strong></span> <span class='ocrx_word' id='word_1_779' title='bbox 2404 4687 2674 4743; x_wconf 90' lang='lat' dir='ltr'><strong>insistens</strong></span> <span class='ocrx_word' id='word_1_780' title='bbox 2742 4689 2861 4743; x_wconf 87' lang='lat' dir='ltr'><strong>basi</strong></span> <span class='ocrx_word' id='word_1_781' title='bbox 2928 4691 3201 4755; x_wconf 60' lang='lat' dir='ltr'><strong>rotunda,</strong></span> <span class='ocrx_word' id='word_1_782' title='bbox 3254 4692 3322 4747; x_wconf 86' lang='lat' dir='ltr'><strong>ad</strong></span> <span class='ocrx_word' id='word_1_783' title='bbox 3382 4692 3575 4762; x_wconf 82' lang='lat' dir='ltr'><strong>pedes</strong></span> 
     </span>
    </p>
   </div>
   <div class='ocr_carea' id='block_1_105' title="bbox 1958 4778 3546 4850">
    <p class='ocr_par' dir='ltr' id='par_1_105' title="bbox 1958 4778 3546 4850">
     <span class='ocr_line' id='line_1_105' title="bbox 1958 4778 3546 4850; baseline 0.005 -18"><span class='ocrx_word' id='word_1_784' title='bbox 1958 4779 2174 4839; x_wconf 84' lang='lat' dir='ltr'><strong>habens</strong></span> <span class='ocrx_word' id='word_1_785' title='bbox 2231 4778 2547 4835; x_wconf 83' lang='lat' dir='ltr'><strong>Michaelem</strong></span> <span class='ocrx_word' id='word_1_786' title='bbox 2600 4781 2907 4850; x_wconf 83' lang='lat' dir='ltr'><strong>Augustum</strong></span> <span class='ocrx_word' id='word_1_787' title='bbox 2955 4783 3109 4837; x_wconf 84' lang='lat' dir='ltr'><strong>urbis</strong></span> <span class='ocrx_word' id='word_1_788' title='bbox 3178 4785 3546 4841; x_wconf 88' lang='lat' dir='ltr'><strong>simulacrum</strong></span> 
     </span>
    </p>
   </div>
   <div class='ocr_carea' id='block_1_106' title="bbox 1965 4871 3548 4935">
    <p class='ocr_par' dir='ltr' id='par_1_106' title="bbox 1965 4871 3548 4935">
     <span class='ocr_line' id='line_1_106' title="bbox 1965 4871 3548 4935; baseline 0.004 -10"><span class='ocrx_word' id='word_1_789' title='bbox 1965 4873 2330 4927; x_wconf 81' lang='lat' dir='ltr'><strong>sustinentem</strong></span> <span class='ocrx_word' id='word_1_790' title='bbox 2400 4871 2678 4935; x_wconf 88' lang='lat' dir='ltr'><strong>manibus,</strong></span> <span class='ocrx_word' id='word_1_791' title='bbox 2755 4872 2943 4926; x_wconf 88' lang='lat' dir='ltr'><strong>habitu</strong></span> <span class='ocrx_word' id='word_1_792' title='bbox 3006 4874 3295 4930; x_wconf 74' lang='lat' dir='ltr'><strong>oﬂ‘erentis</strong></span> <span class='ocrx_word' id='word_1_793' title='bbox 3353 4889 3548 4932; x_wconf 82' lang='lat' dir='ltr'><strong>sancto</strong></span> 
     </span>
    </p>
   </div>
   <div class='ocr_carea' id='block_1_107' title="bbox 1963 4964 3549 5036">
    <p class='ocr_par' dir='ltr' id='par_1_107' title="bbox 1963 4964 3549 5036">
     <span class='ocr_line' id='line_1_107' title="bbox 1963 4964 3549 5036; baseline 0.003 -18"><span class='ocrx_word' id='word_1_794' title='bbox 1963 4965 2067 5018; x_wconf 90' lang='lat' dir='ltr'><strong>sibi</strong></span> <span class='ocrx_word' id='word_1_795' title='bbox 2116 4964 2432 5034; x_wconf 81' lang='lat' dir='ltr'><strong>cognomini</strong></span> <span class='ocrx_word' id='word_1_796' title='bbox 2464 4965 2795 5034; x_wconf 75' lang='lat' dir='ltr'><strong>arcltangelo</strong></span> <span class='ocrx_word' id='word_1_797' title='bbox 2841 4966 3070 5036; x_wconf 90' lang='lat' dir='ltr'><strong>ejusque</strong></span> <span class='ocrx_word' id='word_1_798' title='bbox 3100 4968 3364 5022; x_wconf 70' lang='lat' dir='ltr'><strong>custodite</strong></span> <span class='ocrx_word' id='word_1_799' title='bbox 3393 4983 3549 5023; x_wconf 86' lang='lat' dir='ltr'><strong>com-</strong></span> 
     </span>
    </p>
   </div>
   <div class='ocr_carea' id='block_1_108' title="bbox 1965 5057 3549 5128">
    <p class='ocr_par' dir='ltr' id='par_1_108' title="bbox 1965 5057 3549 5128">
     <span class='ocr_line' id='line_1_108' title="bbox 1965 5057 3549 5128; baseline 0.004 -17"><span class='ocrx_word' id='word_1_800' title='bbox 1965 5057 2280 5112; x_wconf 88' lang='lat' dir='ltr'><strong>mendantis</strong></span> <span class='ocrx_word' id='word_1_801' title='bbox 2307 5057 2611 5121; x_wconf 87' lang='lat' dir='ltr'><strong>civitatem,</strong></span> <span class='ocrx_word' id='word_1_802' title='bbox 2649 5058 2799 5123; x_wconf 88' lang='lat' dir='ltr'><strong>talis,</strong></span> <span class='ocrx_word' id='word_1_803' title='bbox 2857 5059 3104 5128; x_wconf 87' lang='lat' dir='ltr'><strong>inquam,</strong></span> <span class='ocrx_word' id='word_1_804' title='bbox 3141 5069 3319 5116; x_wconf 88' lang='lat' dir='ltr'><strong>statua</strong></span> <span class='ocrx_word' id='word_1_805' title='bbox 3368 5062 3549 5128; x_wconf 86' lang='lat' dir='ltr'><strong>capite</strong></span> 
     </span>
    </p>
   </div>
   <div class='ocr_carea' id='block_1_109' title="bbox 1965 5149 3549 5223">
    <p class='ocr_par' dir='ltr' id='par_1_109' title="bbox 1965 5149 3549 5223">
     <span class='ocr_line' id='line_1_109' title="bbox 1965 5149 3549 5223; baseline 0.004 -20"><span class='ocrx_word' id='word_1_806' title='bbox 1965 5149 2183 5218; x_wconf 88' lang='lat' dir='ltr'><strong>dejecto</strong></span> <span class='ocrx_word' id='word_1_807' title='bbox 2216 5149 2427 5204; x_wconf 87' lang='lat' dir='ltr'><strong>minuta</strong></span> <span class='ocrx_word' id='word_1_808' title='bbox 2489 5158 2593 5214; x_wconf 88' lang='lat' dir='ltr'><strong>est,</strong></span> <span class='ocrx_word' id='word_1_809' title='bbox 2654 5157 2709 5205; x_wconf 91' lang='lat' dir='ltr'><strong>et</strong></span> <span class='ocrx_word' id='word_1_810' title='bbox 2766 5150 2823 5204; x_wconf 89' lang='lat' dir='ltr'><strong>in</strong></span> <span class='ocrx_word' id='word_1_811' title='bbox 2875 5151 2979 5220; x_wconf 87' lang='lat' dir='ltr'><strong>ipsi</strong></span> <span class='ocrx_word' id='word_1_812' title='bbox 3027 5152 3276 5222; x_wconf 85' lang='lat' dir='ltr'><strong>subjecta</strong></span> <span class='ocrx_word' id='word_1_813' title='bbox 3334 5154 3549 5223; x_wconf 91' lang='lat' dir='ltr'><strong>species</strong></span> 
     </span>
    </p>
   </div>
   <div class='ocr_carea' id='block_1_110' title="bbox 1964 5240 3547 5313">
    <p class='ocr_par' dir='ltr' id='par_1_110' title="bbox 1964 5240 3547 5313">
     <span class='ocr_line' id='line_1_110' title="bbox 1964 5240 3547 5313; baseline 0.003 -19"><span class='ocrx_word' id='word_1_814' title='bbox 1964 5242 2208 5295; x_wconf 89' lang='lat' dir='ltr'><strong>civitatis</strong></span> <span class='ocrx_word' id='word_1_815' title='bbox 2239 5255 2268 5296; x_wconf 92' lang='lat' dir='ltr'><strong>e</strong></span> <span class='ocrx_word' id='word_1_816' title='bbox 2306 5240 2565 5296; x_wconf 88' lang='lat' dir='ltr'><strong>manibus</strong></span> <span class='ocrx_word' id='word_1_817' title='bbox 2626 5241 2863 5309; x_wconf 83' lang='lat' dir='ltr'><strong>Augusti</strong></span> <span class='ocrx_word' id='word_1_818' title='bbox 2891 5242 3161 5307; x_wconf 90' lang='lat' dir='ltr'><strong>concidit,</strong></span> <span class='ocrx_word' id='word_1_819' title='bbox 3217 5254 3452 5313; x_wconf 86' lang='lat' dir='ltr'><strong>utroque</strong></span> <span class='ocrx_word' id='word_1_820' title='bbox 3492 5245 3547 5299; x_wconf 91' lang='lat' dir='ltr'><strong>in</strong></span> 
     </span>
    </p>
   </div>
   <div class='ocr_carea' id='block_1_111' title="bbox 1967 5320 3551 5404">
    <p class='ocr_par' dir='ltr' id='par_1_111' title="bbox 1967 5320 3551 5404">
     <span class='ocr_line' id='line_1_111' title="bbox 1967 5320 3551 5404; baseline 0.003 -20"><span class='ocrx_word' id='word_1_821' title='bbox 1967 5342 2166 5387; x_wconf 86' lang='lat' dir='ltr'><strong>terram</strong></span> <span class='ocrx_word' id='word_1_822' title='bbox 2193 5330 2356 5401; x_wconf 76' lang='lat'><strong>235</strong></span> <span class='ocrx_word' id='word_1_823' title='bbox 2386 5334 2664 5386; x_wconf 89' lang='lat' dir='ltr'><strong>devoluto.</strong></span> <span class='ocrx_word' id='word_1_824' title='bbox 2720 5320 3103 5388; x_wconf 78' lang='lat' dir='ltr'><strong>Consternata</strong></span> <span class='ocrx_word' id='word_1_825' title='bbox 3143 5348 3310 5389; x_wconf 90' lang='lat' dir='ltr'><strong>sensu</strong></span> <span class='ocrx_word' id='word_1_826' title='bbox 3373 5336 3551 5404; x_wconf 89' lang='lat' dir='ltr'><strong>primo</strong></span> 
     </span>
    </p>
   </div>
   <div class='ocr_carea' id='block_1_112' title="bbox 1966 5423 3550 5479">
    <p class='ocr_par' dir='ltr' id='par_1_112' title="bbox 1966 5423 3550 5479">
     <span class='ocr_line' id='line_1_112' title="bbox 1966 5423 3550 5479; baseline 0.001 -2"><span class='ocrx_word' id='word_1_827' title='bbox 1966 5432 2075 5477; x_wconf 88' lang='lat' dir='ltr'><strong>tam</strong></span> <span class='ocrx_word' id='word_1_828' title='bbox 2118 5423 2253 5477; x_wconf 66' lang='lat' dir='ltr'><strong>dirae</strong></span> <span class='ocrx_word' id='word_1_829' title='bbox 2286 5423 2617 5478; x_wconf 86' lang='lat' dir='ltr'><strong>calamitatis</strong></span> <span class='ocrx_word' id='word_1_830' title='bbox 2670 5438 2932 5479; x_wconf 76' lang='lat' dir='ltr'><strong>universa</strong></span> <span class='ocrx_word' id='word_1_831' title='bbox 2962 5425 3096 5479; x_wconf 87' lang='lat' dir='ltr'><strong>urbs</strong></span> <span class='ocrx_word' id='word_1_832' title='bbox 3139 5424 3384 5479; x_wconf 88' lang='lat' dir='ltr'><strong>diluculo</strong></span> <span class='ocrx_word' id='word_1_833' title='bbox 3413 5441 3550 5478; x_wconf 88' lang='lat' dir='ltr'><strong>con-</strong></span> 
     </span>
    </p>
   </div>
   <div class='ocr_carea' id='block_1_113' title="bbox 1965 5515 3550 5586">
    <p class='ocr_par' dir='ltr' id='par_1_113' title="bbox 1965 5515 3550 5586">
     <span class='ocr_line' id='line_1_113' title="bbox 1965 5515 3550 5586; baseline 0.002 -18"><span class='ocrx_word' id='word_1_834' title='bbox 1965 5518 2142 5569; x_wconf 90' lang='lat' dir='ltr'><strong>currit</strong></span> <span class='ocrx_word' id='word_1_835' title='bbox 2172 5515 2238 5569; x_wconf 91' lang='lat' dir='ltr'><strong>ad</strong></span> <span class='ocrx_word' id='word_1_836' title='bbox 2272 5515 2536 5586; x_wconf 91' lang='lat' dir='ltr'><strong>templum</strong></span> <span class='ocrx_word' id='word_1_837' title='bbox 2592 5517 2914 5579; x_wconf 81' lang='lat' dir='ltr'><strong>maximum,</strong></span> <span class='ocrx_word' id='word_1_838' title='bbox 2976 5517 3068 5570; x_wconf 90' lang='lat' dir='ltr'><strong>ubi</strong></span> <span class='ocrx_word' id='word_1_839' title='bbox 3101 5518 3337 5571; x_wconf 89' lang='lat' dir='ltr'><strong>vacabat</strong></span> <span class='ocrx_word' id='word_1_840' title='bbox 3359 5516 3550 5586; x_wconf 87' lang='lat' dir='ltr'><strong>propi-</strong></span> 
     </span>
    </p>
   </div>
   <div class='ocr_carea' id='block_1_114' title="bbox 1968 5605 3547 5676">
    <p class='ocr_par' dir='ltr' id='par_1_114' title="bbox 1968 5605 3547 5676">
     <span class='ocr_line' id='line_1_114' title="bbox 1968 5605 3547 5676; baseline 0.001 -19"><span class='ocrx_word' id='word_1_841' title='bbox 1968 5606 2158 5661; x_wconf 85' lang='lat' dir='ltr'><strong>tiando</strong></span> <span class='ocrx_word' id='word_1_842' title='bbox 2216 5605 2475 5676; x_wconf 90' lang='lat' dir='ltr'><strong>precibus</strong></span> <span class='ocrx_word' id='word_1_843' title='bbox 2530 5606 2660 5659; x_wconf 87' lang='lat' dir='ltr'><strong>Deo.</strong></span> <span class='ocrx_word' id='word_1_844' title='bbox 2716 5607 2785 5659; x_wconf 81' lang='lat' dir='ltr'><strong>At</strong></span> <span class='ocrx_word' id='word_1_845' title='bbox 2818 5607 3120 5674; x_wconf 86' lang='lat' dir='ltr'><strong>imperator</strong></span> <span class='ocrx_word' id='word_1_846' title='bbox 3145 5619 3300 5662; x_wconf 79' lang='lat' dir='ltr'><strong>extra</strong></span> <span class='ocrx_word' id='word_1_847' title='bbox 3358 5609 3547 5661; x_wconf 87' lang='lat' dir='ltr'><strong>urbem</strong></span> 
     </span>
    </p>
   </div>
   <div class='ocr_carea' id='block_1_115' title="bbox 1966 5700 3550 5770">
    <p class='ocr_par' dir='ltr' id='par_1_115' title="bbox 1966 5700 3550 5770">
     <span class='ocr_line' id='line_1_115' title="bbox 1966 5700 3550 5770; baseline -0.001 -17"><span class='ocrx_word' id='word_1_848' title='bbox 1966 5709 2104 5753; x_wconf 83' lang='lat' dir='ltr'><strong>tunc</strong></span> <span class='ocrx_word' id='word_1_849' title='bbox 2160 5709 2431 5768; x_wconf 87' lang='lat' dir='ltr'><strong>repertus,</strong></span> <span class='ocrx_word' id='word_1_850' title='bbox 2484 5708 2542 5752; x_wconf 92' lang='lat' dir='ltr'><strong>ut</strong></span> <span class='ocrx_word' id='word_1_851' title='bbox 2598 5701 2865 5762; x_wconf 73' lang='lat' dir='ltr'><strong>diximus,</strong></span> <span class='ocrx_word' id='word_1_852' title='bbox 2916 5711 2968 5755; x_wconf 90' lang='lat' dir='ltr'><strong>et</strong></span> <span class='ocrx_word' id='word_1_853' title='bbox 2998 5708 3269 5770; x_wconf 87' lang='lat' dir='ltr'><strong>quantum</strong></span> <span class='ocrx_word' id='word_1_854' title='bbox 3310 5700 3363 5755; x_wconf 87' lang='lat' dir='ltr'><strong>id</strong></span> <span class='ocrx_word' id='word_1_855' title='bbox 3424 5700 3550 5752; x_wconf 83' lang='lat' dir='ltr'><strong>mali</strong></span> 
     </span>
    </p>
   </div>
   <div class='ocr_carea' id='block_1_116' title="bbox 1965 5791 3554 5865">
    <p class='ocr_par' dir='ltr' id='par_1_116' title="bbox 1965 5791 3554 5865">
     <span class='ocr_line' id='line_1_116' title="bbox 1965 5791 3554 5865; baseline -0.002 -17"><span class='ocrx_word' id='word_1_856' title='bbox 1965 5801 2114 5847; x_wconf 80' lang='lat' dir='ltr'><strong>esset</strong></span> <span class='ocrx_word' id='word_1_857' title='bbox 2169 5792 2511 5865; x_wconf 78' lang='lat' dir='ltr'><strong>intelligens,</strong></span> <span class='ocrx_word' id='word_1_858' title='bbox 2550 5792 2733 5848; x_wconf 90' lang='lat' dir='ltr'><strong>timuit</strong></span> <span class='ocrx_word' id='word_1_859' title='bbox 2787 5792 2882 5848; x_wconf 91' lang='lat' dir='ltr'><strong>ille</strong></span> <span class='ocrx_word' id='word_1_860' title='bbox 2918 5794 3141 5863; x_wconf 86' lang='lat' dir='ltr'><strong>quidem</strong></span> <span class='ocrx_word' id='word_1_861' title='bbox 3180 5791 3395 5850; x_wconf 85' lang='lat' dir='ltr'><strong>civitati</strong></span> <span class='ocrx_word' id='word_1_862' title='bbox 3432 5791 3554 5845; x_wconf 87' lang='lat' dir='ltr'><strong>uni—</strong></span> 
     </span>
    </p>
   </div>
   <div class='ocr_carea' id='block_1_117' title="bbox 2360 6040 2389 6059">
    <p class='ocr_par' dir='ltr' id='par_1_117' title="bbox 2360 6040 2389 6059">
     <span class='ocr_line' id='line_1_117' title="bbox 2360 6040 2389 6059; baseline 0 -8"><span class='ocrx_word' id='word_1_863' title='bbox 2360 6040 2389 6059; x_wconf 59' lang='grc' dir='ltr'><em>κ</em></span> 
     </span>
    </p>
   </div>
  </div>
