4018 6398
268 306 370 371 εθι

1111 305 1208 365 DE
1249 306 1693 367 ANDRONICO
1736 307 2205 370 PAL/EOLOGO
2230 310 2385 369 LIB.
2428 309 2545 369 IlI.

3438 312 3546 376 262

276 419 363 485 ιζ’.
412 421 556 491 Περὶ
606 419 711 474 τοῦ
752 417 1282 492 ,χρυσξοὸουᾳλείρυ
1333 419 1521 487 λόγου
1578 417 1673 471 διὰ
1720 419 1859 485 τοὺς
1891 431 1936 485 Α
1965 421 2073 471 τῶν
2101 419 2199 490 τῆς
2242 420 2450 483 πόλεως
2481 420 2699 490 τειχῶν,
2736 420 2854 489 μεθ’
2883 420 2965 472 δτι
3014 419 3272 490 πλείστης
3307 424 3548 492 κορύζης

756 486 964 558 κριτὰς
995 486 1093 540 καί
1114 489 1372 555 κρίσεις.

359 605 604 675 Ὀλίγαις
631 604 677 658 δ’
709 603 934 675 ’ὕστερον
966 602 1202 672 ἡμέραις
1230 602 1323 655 καὶ
1361 603 1389 655 δ
1416 602 1861 673 χρυσοδούλλειος

279 700 382 768 μὲν
416 695 770 750 συντάττεται
794 695 975 763 λόγος,
1020 695 1068 746 οἱ
1099 692 1143 745 δ’
1185 691 1499 760 ἐκλέγονται
1538 693 1857 762 πρόσφοροι,

275 791 376 843 καὶ
426 787 647 851 σύναξις
689 786 849 841 πάλιν
904 780 1061 847 αὖθις
1115 784 1256 838 κατὰ
1305 784 1373 837 τὰ
1422 784 1520 852 τῆς
1572 785 1860 851 δεσποίνης

269 880 558 951 ἀνάκτορα
604 879 836 946 γίνεται,
881 877 1005 948 τῇδε
1042 876 1165 930 τότε
1211 876 1305 928 τοῦ
1343 876 1671 946 κρατοῦντος
1721 895 1857 949 σκη-

269 970 524 1034 νοῦντος.
579 971 689 1023 Καὶ
741 969 1047 1039 δημηγορεῖ
1092 968 1343 1037 βασιλεὺς
1378 966 1462 1040 [Ρ.
1510 965 1739 1038 1611τὰ
1786 970 1864 1019 εξ-

272 1065 442 1126 κὸτα,
497 1062 591 1116 καὶ
626 1063 662 1114 ’ὁ
712 1055 1163 1130 χρυσοὸούλλειος
1196 1059 1352 1127 λόγος
1402 1058 1857 1127 ἀναγινώσκεται.

272 1155 499 1227 Προέὗη
548 1154 605 1207 δὲ
655 1153 748 1207 καί
794 1169 938 1205 τισιν
983 1153 1144 1224 ὅρκος
1188 1151 1298 1205 τῶν
1334 1152 1625 1215 δικαστῶν,
1653 1154 1768 1206 ὅσοι
1804 1154 1862 1205 δὲ

273 1247 381 1299 καὶ
430 1247 497 1299 ἐκ
546 1246 647 1314 τῆς
699 1245 1004 1314 συγκλήτου
1057 1244 1224 1315 πείρᾳ
1255 1246 1452 1314 νομικῇ
1499 1245 1593 1295 καὶ
1647 1243 1861 1295 συνέσει

271 1337 658 1408 προφέροντες
716 1336 1060 1406 ὲκλελέχατο.
1122 1337 1232 1390 Καὶ
1288 1335 1516 1404 φοϐερὸν
1572 1336 1863 1388 καθίστατο

222 1420 227 1423 ⁷
268 1427 635 1497 δικαστήριον
673 1427 896 1499 μεγάλῳ
928 1444 986 1479 τε
1022 1428 1115 1480 καὶ
1149 1427 1330 1498 μικρῷ
1361 1427 1448 1479 ἐπ’
1478 1428 1596 1497 ἴσης
1625 1428 1718 1489 τὰς
1745 1428 1865 1498 κρί-

271 1536 400 1582 σεις
432 1520 685 1589 ἔκφερον,
715 1519 765 1572 εἰ
800 1520 891 1571 καὶ
931 1519 1006 1589 μὴ
1035 1520 1091 1581 ἐς
1122 1520 1340 1589 μακρὰν
1371 1518 1692 1582 διετέλεσεν,
1726 1517 1865 1572 ἀλλὰ

270 1609 405 1662 κατ’
432 1608 639 1676 ὀλίγον,
675 1609 818 1661 κατὰ
858 1608 956 1671 τὰς
989 1609 1095 1661 τῶν
1133 1607 1406 1677 μουσικῶν
1453 1609 1659 1679 χορδῶν
1700 1610 1864 1682 κρού-

216 1702 229 1713 ‘
275 1718 420 1763 σεις,
450 1698 813 1767 ἐξησθενηκὺς
840 1697 1273 1769 διαπεφωνήκει.

1978 509 2243 579 Ἰταλικῆς
2284 512 2375 563 καὶ
2428 510 2809 580 φρυάγματος,
2852 512 2987 580 πρὸς
3020 510 3080 563 τὸ
3107 513 3330 563 τοπικδν
3366 512 3547 583 ῥεῦμα

1965 600 2334 664 ἀντωθοῦντες
2382 604 2501 664 ταῖς
2548 601 2763 662 κώπαις
2814 603 3102 671 ἀνήγοντο,
3164 602 3424 671 βασιλεὺς
3489 605 3548 656 δὲ

1965 695 2337 764 πρωῖαίτερον
2369 694 2564 757 ἐπιϐὰς
2614 694 2781 747 ἵππου
2828 695 2925 748 σὺν
2956 695 3068 756 τοῖς
3098 693 3236 762 ἀμφ’
3264 694 3446 757 αὐτὸν,
3487 697 3546 746 ὲν

1965 789 2027 855 τῇ
2072 785 2563 854 τοῦῚπτκὸγιόμου
2627 787 2890 859 σφενδόνῃ
2926 786 3251 855 ’ἱστάμενος,
3303 787 3399 857 τὴν
3432 787 3541 839 τῶν

1965 876 2105 928 νεῶν
2136 878 2427 946 ἀναγωγὴν
2474 877 2888 931 κατεπώπτευε.
2930 876 3193 931 Κάτωθεν
3238 877 3295 930 δὲ
3328 880 3376 929 οἱ
3415 882 3549 948 περὶ

1963 967 2055 1016 τὸν
2086 967 2260 1034 μέγαν
2282 966 2601 1035 δομέστικον
2646 967 2903 1035 Ἰωάννην
2936 969 3027 1020 τὸν
3072 969 3417 1038 Σεναχηρε“ιμ
3448 972 3547 1023 καὶ

1968 1057 2232 1125 ’Ἄγγελον
2261 1060 2360 1126 τῆς
2398 1059 2780 1127 στρατιώτιδος
2822 1059 3027 1125 τάξεως
3072 1060 3407 1129 ὼπὶισμένοι
3437 1061 3547 1113 διε-

1964 1149 2087 1201 θεον
2134 1149 2281 1203 ἔνδον
2329 1150 2421 1202 καὶ
2444 1152 2600 1203 αὐτοὶ
2649 1150 2742 1202 τοῦ
2776 1150 3014 1219 τείχους,
3062 1154 3196 1203 ὅπου
3230 1150 3297 1203 ἂν
3332 1152 3387 1204 al
3418 1155 3546 1220 νῆες

1965 1241 2380 1310 προσϐάλλοιεν,
2421 1242 2629 1305 ἐννοίας
2659 1241 2824 1313 οὔσης
2858 1244 2938 1311 (οὐ
2982 1243 3089 1313 γὰρ
3121 1237 3265 1314 εἶχον
3300 1243 3546 1313 ἀκριϐῶς

1964 1335 2165 1387 εἰδέναι
2213 1334 2310 1405 τὴν
2357 1335 2586 1405 ἄφιξιν),
2632 1337 2703 1406 μή
2731 1336 2781 1387 τί
2809 1352 2911 1387 που
2957 1337 3053 1389 καὶ
3096 1336 3204 1388 τῶν
3235 1336 3423 1389 δεινῶν
3452 1337 3545 1388 ἐπὶ

1965 1429 2031 1497 τῇ
2067 1428 2221 1480 πόλει
2275 1427 2946 1497 καταπανουργεύσαιντο,
2986 1426 3124 1481 ὥστε
3184 1428 3402 1490 καὶτὰς
3437 1427 3542 1481 πύ-

1963 1518 2062 1582 λας
2110 1521 2574 1588 ὲγκεκλεισμὲνας
2626 1520 2840 1582 πολλοῖς
2886 1520 3100 1573 ἔνδοθεν
3131 1522 3243 1584 τοῖς
3291 1521 3543 1582 ὁπλίταις

1954 1609 2364 1679 διατηρεῖσθαι,
2412 1613 2538 1679 μιᾶς
2583 1609 2640 1662 δὲ
2706 1612 2847 1663 κατὰ
2884 1610 2985 1678 τὴν
3039 1609 3205 1680 μονὴν
3239 1609 3333 1662 τοῦ
3384 1610 3541 1677 ἁγίου

1960 1702 2217 1772 Ἀαζὰρου
2253 1702 2476 1763 πυλίδος
2529 1702 2870 1772 ἀνοιχθείσης
2918 1702 3040 1755 κατ’
3086 1702 3257 1771 αὐτὴν
3306 1701 3545 1765 ἐξελθεῖν

277 1820 371 1885 ιη’,
411 1814 554 1882 Περὶ
592 1814 725 1885 τῆςΔ
755 1814 1136 1879 ἐπελεύσεως
1179 1814 1299 1869 τῶν
1346 1813 1675 1869 Βενετικῶν
1707 1814 1859 1869 κατὰ
1895 1816 1935 1870 Β
1964 1794 2054 1848 τὸν
2085 1796 2194 1847 ἀπὸ
2226 1794 2493 1863 βασιλέως
2527 1797 2662 1864 πρὸς
2690 1795 2933 1857 ἐκείνους
2976 1795 3239 1847 σταλέντα
3269 1798 3543 1885 περιφανῆ

652 1882 773 1936 τῶν
800 1885 868 1936 ἐν
894 1885 1067 1937 πόλει
1100 1885 1492 1941 ῖέννουῖτῶν.

348 1974 487 2027 Τότε
511 1974 564 2026 δὲ
600 1975 718 2043 μετ’
770 1974 974 2036 ὀλίντζ,
1008 1976 1228 2048 εἰκοστῇ
1257 1976 1489 2050 δευτέρᾳ
1532 1976 1625 2030 τοῦ
1669 1977 1857 2031 Ἀνθε-

278 2067 584 2137 σἠριῶνος
642 2055 829 2137 μηνῖος,
866 2066 1144 2121 Deverton
1197 2071 1436 2141 μακραῖς
1487 2070 1647 2123 ναυσὶ
1692 2070 1858 2123 πέντε

278 2159 375 2211 καὶ
402 2158 776 2227 ἐϐδομήκοντα
810 2158 907 2212 τὸν
943 2157 1333 2230 Ἑλλήσποντον
1386 2160 1684 2224 διελθόντες
1735 2161 1860 2228 ἐξα-

279 2250 515 2310 πιναίως
542 2252 610 2320 τῇ
643 2252 1053 2304 Κωνσταντίνου
1082 2252 1503 2323 προσδάλλουσι.
1541 2254 1652 2307 Καὶ
1674 2254 1861 2324 ἡμέρα

278 2341 631 2411 κυριώνυμος
658 2336 746 2412 ἦν,
786 2340 862 2393 ὅτ’
885 2344 1088 2399 ἐκεῖνοι
1117 2342 1217 2414 μὲν
1244 2344 1619 2414 προσελῶντες
1653 2348 1710 2399 ὲν
1744 2347 1859 2419 χρῷ

280 2520 366 2575 Π.
444 2520 520 2574 De
576 2523 949 2596 constitutione
1003 2540 1165 2596 aurea
1219 2523 1371 2596 bulla
1438 2526 1657 2596 ﬁrmata
1716 2528 1868 2584 circo

789 2592 999 2663 judice:
1042 2605 1091 2648 et
1126 2595 1354 2664 judicia.

349 2708 553 2763 Paucis
581 2719 703 2776 post
731 2706 927 2761 diebus
957 2708 1226 2777 promissa
1249 2710 1504 2779 superius
1538 2714 1863 2770 constitutio

281 2800 601 2868 conscripta
633 2807 688 2854 et
713 2813 876 2854 aurea
900 2801 1066 2854 'bulla
1120 2801 1332 2856 munita
1371 2812 1478 2861 est.
1519 2804 1864 2875 Idoneiquo-

284 2906 394 2954 que
425 2892 621 2946 delecti
645 2902 776 2946 sunt
796 2890 1035 2960 judices.
1072 2893 1232 2962 Tum,
1261 2910 1437 2951 novus
1478 2912 1671 2953 rursus
1691 2900 1856 2970 237

292 2978 545 3032 indicitur
572 2989 880 3035 emrventus
912 2981 981 3035 ad
1016 2982 1254 3038 dominae
1279 2985 1506 3054 regiam.
1558 2985 1692 3041 Nam
1722 2988 1863 3046 forte

297 3081 427 3124 tunc
456 3071 522 3125 ibi
545 3073 774 3139 degebat
806 3073 1106 3142 imperator
1128 3117 1143 3140 ,
1174 3076 1268 3145 qui
1298 3078 1601 3134 orationem
1640 3081 1705 3133 ad
1733 3096 1867 3135 cou-

1936 1905 2082 1940 ιτινα
2108 1887 2279 1958 ἄνδρα
2307 1886 2590 1940 Βενετικὸν
2620 1887 2763 1941 κατὰ
2791 1887 2980 1957 χρείαν
3006 1886 3301 1954 πρεσϐείας
3328 1884 3543 1938 ἐνταῦθ’

1960 1978 2389 2047 εὑρισκόμενος,
2452 1977 2581 2029 ὥστ’
2642 1977 2920 2046 ἐρωτῆσαι
2977 1977 3073 2029 καὶ
3132 1977 3323 2042 μαθεῖν
3372 1973 3459 2041 ἐφ’
3499 1970 3544 2039 ᾧ

1960 2069 2354 2139 παραγένοιντο
2383 2071 2647 2133 ἐκείνους,
2686 2070 2779 2122 καὶ
2809 2069 2900 2121 τὸν
2940 2066 3241 2121 ἀπόστολον
3291 2084 3547 2137 παρακα-

1959 2167 2202 2232 τασχεῖν,
2226 2162 2322 2215 καὶ
2349 2161 2519 2231 μηδὲν
2540 2161 2773 2226 ἀξιῶσαι
2794 2162 2904 2213 τῶν
2935 2162 3015 2222 εἰς
3041 2160 3357 2227 ἀπόκρισιν.
3402 2157 3545 2228 Παρ’

1963 2257 2029 2327 ἢν
2070 2256 2251 2309 αἰτίαν
2283 2256 2378 2308 καὶ
2426 2257 2628 2324 μᾶλλον
2667 2255 2795 2316 τοὺς
2838 2254 2980 2307 κατὰ
3012 2255 3109 2322 τὴν
3141 2252 3301 2304 πόλιν
3334 2251 3547 2307 Βενετι-

1965 2348 2096 2408 κους
2127 2347 2412 2411 ἐν’δειναῖς
2454 2345 2714 2415 ὑποψίαις
2763 2346 2991 2412 ἄγοντες
3043 2343 3315 2411 φυλακαῖς
3365 2340 3549 2408 διετή-

1966 2538 2072 2594 que
2116 2522 2409 2593 manipulis
2460 2531 2516 2578 et
2568 2523 2888 2576 relrortihus
2921 2522 3065 2576 ultro
3118 2522 3369 2591 citroque
3402 2521 3547 2576 intra

1954 2630 2155 2671 'muros
2177 2624 2233 2669 et
2264 2614 2365 2684 ipsi
2398 2615 2804 2680 discurrebant,
2833 2615 3029 2671 intenti
3061 2614 3126 2668 ad
3144 2612 3546 2668 occurrendum

1966 2723 2294 2779 quacunque
2329 2723 2495 2761 naves
2522 2708 3255 2762 ‘mdlireutur'exscensum:
3293 2718 3415 2759 uatn
3438 2720 3549 2771 quo

1966 2799 2199 2853 consilio
2235 2798 2342 2852 illae
2391 2798 2732 2868 ingruereut,
2800 2797 2945 2850 haud
3008 2797 3138 2848 dum
3199 2801 3546 2864 perspectum

1967 2888 2133 2959 238
2154 2900 2272 2943 erat
2324 2888 2498 2953 satis;
2543 2898 2597 2941 et
2657 2888 2960 2956 periculum
3016 2893 3138 2939 erat
3194 2900 3260 2938 ue
3334 2870 3549 2936 infesta:

1969 2978 2237 3038 venirent,
2272 2975 2641 3029 ealamltatem
2670 2974 2792 3028 urbi
2827 2974 3068 3042 aliquam
3096 2972 3223 3026 dolo
3256 2971 3400 3025 malo
3427 2986 3549 3022 ma-

1968 3068 2280 3122 chinantcs.
2321 3068 2507 3135 Itaque
2568 3075 2739 3135 porta:
2793 3065 2990 3118 clausre
3048 3064 3291 3118 civitatis
3352 3062 3549 3117 validis

286 3172 536 3231 gregatos
580 3167 656 3219 rei
695 3180 817 3234 quae
841 3179 1107 3234 agenatur
1137 3169 1609 3224 accommodatam
1646 3171 1858 3226 habuit.

1966 3170 2088 3213 ante
2110 3173 2385 3227 quamque
2416 3156 2709 3225 dispositis
2763 3156 3032 3224 praesidiis
3080 3164 3419 3208 armatorum
3452 3166 3551 3205 eu-

268 3255 411 3308 'Post
442 3271 562 3310 eam
587 3256 788 3325 legitur
829 3258 1155 3315 constitutio
1207 3276 1344 3314 auro
1393 3261 1618 3315 bullata.
1665 3260 1861 3317 Datum

278 3351 444 3403 etiam
483 3364 512 3402 a
561 3350 1169 3421 quibusdamjudicum
1199 3354 1379 3409 verbis
1441 3355 1723 3423 conceptis
1748 3356 1869 3424 jus-

274 3442 576 3508 jurandum
606 3452 712 3496 est.
753 3442 812 3494 In
840 3442 901 3496 ‘id
953 3459 1087 3496 sane
1134 3444 1424 3513 collegium
1489 3447 1805 3515 quicunque
1836 3461 1867 3501 e

280 3539 474 3580 senatu
507 3530 704 3596 peritia
746 3545 957 3599 usuque
991 3532 1165 3600 legum
1217 3549 1279 3587 ac
1312 3535 1604 3602 prudentia
1650 3536 1863 3591 etnine-

284 3626 598 3687 hautJunl
622 3622 1087 3680 electi.'Constilit
1119 3626 1609 3700 indeinclytuutet
1638 3648 1869 3701 peccan-

282 3719 430 3769 tahus
459 3716 707 3770 terribile
744 3718 1007 3779 tribunal,
1034 3718 1153 3772 sine
1185 3720 1297 3772 ullo
1329 3731 1578 3791 respectu
1612 3736 1711 3791 pro
1745 3725 1865 3777 solo

284 3825 464 3861 rerum
493 3808 691 3863 merito
722 3809 788 3862 de
823 3810 1041 3864 cunctis
1072 3820 1320 3867 statuens
1367 3827 1417 3867 et
1442 3814 1649 3884 judicia
1688 3814 1865 3871 ferens

284 3899 755 3969 a-quissinta.'8ed
793 3916 900 3954 non
931 3901 1022 3955 diu
1058 3900 1311 3968 duravit;
1366 3921 1491 3958 nam
1523 3906 1669 3960 velut
1707 3909 1868 3960 chor-

285 3990 577 4045 dis‘evenit
634 3992 880 4057 cithara},
942 3993 1131 4062 plectri
1182 4005 1276 4047 aut
1326 3996 1617 4064 digitorum
1672 3997 1864 4051 attritu

285 4086 491 4139 sensim
538 4085 846 4137 ertemtatis
891 4091 985 4137 aut
1032 4087 1310 4153 relaxatis,
1348 4090 1563 4142 tandem
1605 4090 1865 4144 exsurde-

285 4176 587 4237 St‘ClllllmS,
652 4178 727 4228 ita
781 4176 940 4229 istius
999 4178 1124 4232 novi
1179 4180 1445 4248 Areopagi
1498 4182 1653 4249 quasi
1707 4180 1862 4235 chori

285 4268 480 4322 musici
508 4267 871 4321 suavissimus
927 4278 1226 4325 concentus
1270 4273 1496 4325 remisso
1534 4273 1738 4327 sensim
1787 4284 1865 4328 te-

284 4374 438 4435 nore;
462 4359 694 4426 primum
727 4358 1140 4428 elanguescens,
1197 4363 1336 4416 haud
1368 4364 1526 4434 longe
1551 4363 1678 4419 inde
1736 4380 1864 4434 pro-

285 4462 445 4502 cessu
484 4449 637 4516 plane
661 4447 991 4502 dissolutum
1022 4450 1312 4505 obmutuit.

290 4561 378 4614 18.
432 4556 518 4614 De
566 4560 861 4630 irruptione
909 4560 1217 4616 Venetorum
1242 4567 1321 4633 ﬁn
1371 4564 1667 4623 Cannenses
1718 4569 1866 4625 urbis

301 4652 307 4657 '
878 4646 881 4649 '
924 4633 1232 4703 inquilinos.

363 4723 573 4791 Exiguo
602 4735 724 4791 post
754 4725 1151 4793 ista'tempore,
1214 4726 1302 4781 die
1335 4729 1595 4784 vicesima
1625 4733 1867 4787 secunda

288 4816 499 4869 mensis
540 4814 690 4878 Julii,
734 4813 930 4872 ’Veneti
988 4818 1165 4889 longis
1216 4821 1447 4876 navibus
1504 4823 1746 4893 quinque
1805 4841 1867 4881 ac

286 4909 1043 4976 septuaginta,'llellesponto
1104 4911 1328 4982 trajecto
1370 4914 1682 4983 improviso,
1720 4918 1869 4972 Cou-

289 5000 701 5066 stantinvpnlim
737 5004 1083 5071 appulerunt.
1118 5002 1242 5059 Dies
1269 5018 1386 5059 erat
1413 5006 1714 5072 Dominica,
1742 5027 1866 5065 cum

288 5092 367 5145 illi
392 5106 607 5146 summa
627 5094 953 5147 confidentia
983 5107 1033 5149 et
1059 5113 1224 5162 quam
1252 5100 1624 5154 minaeissimo
1657 5114 1869 5159 tumore

289 5182 468 5237 fastus
512 5181 779 5238 Italieimd
830 5198 982 5238 erant
1024 5188 1197 5256 ipsam
1239 5205 1523 5245 murorum
1593 5195 1744 5249 urbis
1789 5197 1872 5248 in-

288 5277 451 5337 vecti,
485 5275 771 5330 adversum
806 5292 871 5331 eo
926 5279 1027 5331 loci
1069 5280 1234 5335 maris
1288 5282 1493 5335 ﬂuxum
1528 5287 1692 5339 remis
1748 5287 1869 5342 elu-

288 5374 524 5429 ctantes,
565 5369 986 5436 prmu‘ovebaut.
1018 5370 1318 5440 Imperator
1354 5375 1531 5443 primo
1561 5391 1717 5443 mane
1740 5394 1865 5432 cum

280 5460 573 5527 suis-equo
599 5474 907 5515 conscenso
939 5471 1164 5517 exstans
1216 5464 1267 5518 in
1305 5442 1470 5520 funda
1510 5442 1865 5538 llip'podromi

285 5551 505 5603 navium
526 5551 823 5618 appulsum
858 5554 1264 5621 speculabatur.
1322 5553 1555 5612 Inferius
1609 5558 1867 5616 ductores

278 5642 609 5694 militarium
639 5641 920 5707 ordinum,
948 5640 1182 5712 magnus
1215 5644 1552 5702 domesticus
1603 5647 1863 5717 Joannes,

286 5735 750 5789 Sentiacherimus
785 5743 838 5790 et
867 5737 1126 5807 Angelus,
1162 5740 1354 5793 armati
1392 5754 1515 5795 cum
1569 5742 1685 5797 suis
1714 5745 1865 5814 quis-

1971 3249 2379 3313 stodiebantur,
2401 3263 2510 3301 uno
2534 3248 2691 3316 juxta
2716 3250 3108 3300 monasterium
3134 3245 3320 3297 Sancti
3342 3241 3549 3296 'Laxati

1953 3342 2167 3396 -ostiolo
2190 3350 2431 3411 patente.
2477 3340 2584 3395 Per
2610 3342 2660 3393 id
2694 3341 2963 3409 posticum
3008 3338 3244 3392 emissus
3275 3337 3343 3390 ab
3376 3337 3548 3404 impe-

1973 3442 2156 3486 ratore
2185 3432 2407 3501 quidam
2440 3441 2525 3485 est
2554 3447 2619 3486 ex
2656 3431 2961 3484 illustribus
3016 3425 3260 3488 Venetis,
3297 3427 3386 3493 qui
3419 3433 3551 3477 tunc

1971 3525 2112 3579 forte
2163 3524 2449 3593 legationis
2509 3540 2671 3579 causa
2733 3524 2785 3577 in
2822 3523 3083 3578 comitatu
3150 3519 3549 3590 reperiebatur,

1918 3620 1927 3625 ”
1966 3624 2155 3692 jussus
2177 3634 2466 3675 occurrere
2493 3620 2609 3675 suis
2659 3620 2767 3672 illis
2804 3620 3002 3673 classis
3048 3614 3398 3672 adventantis
3448 3613 3551 3666 du-

1972 3715 2127 3768 cibus
2174 3722 2229 3765 et
2294 3729 2360 3767 ex
2417 3712 2550 3780 ipsis
2610 3710 2911 3765 resciscere
2965 3721 3227 3777 quorsum
3279 3703 3550 3758 venirent.

1974 3806 2079 3860 Sed
2135 3805 2172 3859 il
2213 3804 2350 3857 nihil
2389 3803 2634 3872 responsi
2690 3800 2898 3872 dignati
2944 3808 3073 3854 sunt
3123 3798 3381 3859 reddere;
3415 3796 3549 3865 quin

1973 3898 2061 3951 ille
2096 3899 2210 3965 ipse
2268 3896 2474 3949 missus
2514 3894 2655 3963 apud
2692 3908 2786 3947 eos
2835 3892 3058 3951 mansit,
3115 3889 3447 3943 detentusne
3496 3888 3549 3941 vi

1971 4007 2040 4043 an
2090 3990 2228 4044 ultro
2266 3989 2345 4042 sic
2397 3989 2604 4050 volens,
2656 3988 2951 4039 incertum.
2999 3985 3265 4038 Caeterum
3320 3982 3373 4034 in
3406 3981 3550 4034 hanc

1972 4089 2183 4149 partem
2255 4081 2481 4148 pronior
2534 4078 2776 4146 stt3picio
2856 4085 3143 4144 suspectos
3201 4074 3550 4128 vehementer

1971 4174 2233 4229 red'dehat
2260 4173 2395 4227 alios
2419 4188 2656 4241 quoque,
2701 4171 2793 4239 qui
2833 4178 2965 4223 tunc
3032 4168 3353 4235 per-urbem
3402 4168 3549 4218 varie

1969 4268 2150 4334 Sparsi
2188 4268 2477 4334 degebant,
2534 4265 2793 4327 Venetos,
2834 4278 2901 4316 ne
2929 4262 3132 4333 pariter
3184 4267 3370 4313 cunett
3418 4273 3551 4311 con-

1972 4363 2278 4432 spirassent
2306 4369 2358 4413 et
2381 4375 2445 4413 ex
2479 4368 2764 4427 compacto
2794 4372 2907 4409 rem
2942 4363 3235 4429 gererent;
3266 4366 3400 4420 quos
3425 4350 3547 4404 ideo

1973 4452 2367 4523 comprehendi
2396 4452 2772 4519 custodiisque
2801 4450 2971 4503 teneri
3026 4446 3403 4501 necessarium
3463 4453 3550 4497 est

1974 4546 2175 4598 visum.
2209 4541 2416 4597 Classis
2440 4556 2606 4611 porro
2649 4540 2853 4595 Veneta
2915 4538 3042 4593 dum
3086 4536 3310 4605 remigio
3356 4549 3551 4603 prove-

1974 4638 2227 4699 hehatnr,
2262 4635 2579 4703 conspicata
2616 4633 2667 4685 in
2699 4640 2913 4685 tantum
2970 4646 3076 4682 non
3122 4628 3380 4703 contigua
3417 4626 3550 4679 vici-

1972 4729 2061 4781 nia
2093 4743 2257 4783 naves
2288 4727 2555 4795 quasdam
2592 4726 2781 4793 longas
2810 4723 3209 4782 Genttettsium,
3248 4720 3299 4772 in
3329 4734 3423 4772 eas
3460 4719 3547 4771 in-

1973 4822 2110 4875 festa
2139 4837 2197 4876 se
2230 4820 2524 4884 ceuvertit,
2574 4820 2793 4887 assequi
2822 4815 3105 4871 affectans.
3149 4818 3217 4869 At
3242 4817 3345 4868 illm
3391 4814 3548 4866 habi-

1973 4917 2139 4971 liores
2172 4925 2320 4969 tnotu
2353 4929 2629 4985 oncreque
2668 4912 2921 4973 leviores,
2984 4909 3290 4963 velocitatis
3348 4908 3549 4962 ﬁducia

1973 5008 2194 5073 majoris
2244 5006 2407 5060 remis
2442 5003 2783 5073 aliquantum
2817 5002 3082 5067 inhibitis,
3137 5001 3282 5054 velut
3346 5016 3548 5068 exspe-

1971 5109 2185 5156 ctantes
2207 5101 2506 5154 constitere
2544 5114 2556 5151 :
2594 5106 2730 5161 tum,
2767 5106 2824 5149 ut
2860 5093 3208 5161 Venetaejam
3251 5109 3417 5162 prope
3456 5110 3549 5147 ac-

1971 5205 2270 5257 cesserant,
2307 5194 2600 5248 incitantes
2624 5207 2870 5252 cursum,
2902 5189 3088 5244 latiori
3141 5206 3201 5244 se
3230 5205 3392 5256 quant
3440 5205 3549 5256 quo

1972 5287 2125 5355 prius
2151 5284 2478 5338 abstiterunt
2525 5281 2815 5337 intervallo
2874 5280 3301 5349 disjungehant;
3363 5280 3548 5347 ibique

1974 5391 2166 5429 rursus
2191 5374 2561 5429 consistentes
2588 5374 2785 5426 iterum
2816 5370 2883 5426 ad
2942 5371 3283 5439 sequendum
3350 5367 3548 5422 invita-

1971 5468 2103 5521 bant
2129 5467 2387 5522 similiter
2424 5466 2745 5530 eludcndas,
2794 5465 2885 5519 ubi
2913 5468 3171 5519 accedere
3217 5468 3543 5523 tentasscut,

1970 5556 2205 5612 Venetas
2242 5557 2511 5611 triremes.
2545 5556 2702 5622 Quod
2735 5572 2862 5611 cum
2888 5556 3079 5610 iterum
3107 5571 3172 5610 ac
3205 5554 3364 5608 tertio
3400 5561 3548 5608 esset

1971 5648 2198 5712 factum,
2237 5643 2511 5703 Venetise
2534 5647 2738 5702 frustra
2778 5649 2920 5701 ineo
2954 5645 3288 5700 contendere
3316 5659 3543 5698 cernen-

1970 5752 2051 5796 tes
2077 5741 2143 5794 iis
2168 5740 2389 5796 omissis
2445 5750 2677 5811 portum
2701 5740 2871 5795 Ceras
2906 5738 3109 5794 dictum
3137 5737 3367 5793 navibus
3398 5750 3546 5791 cont-
