4018 6418
514 355 619 418 263

1708 347 2031 411 GEORGII
2069 346 2546 408 PACHYMER/E

3664 339 3755 405 261

518 481 665 536 ρουν.
710 464 944 519 Ἐκεῖνοι
994 464 1052 518 δὲ
1081 465 1229 529 τότε,
1266 464 1341 528 ὡς
1380 463 1754 534 προσελῶντες
1803 462 2095 532 ἀνήγοντο,
2127 462 2176 519 Α
2210 458 2575 528 συγκείμενον
2614 455 2766 526 παρὰ
2802 452 3068 525 βασιλέως
3100 452 3341 525 ἀρχῆθεν
3367 451 3461 507 τοῦ
3482 452 3754 526 δεξαμένου

514 558 602 630 [Ρ.
640 556 767 629 162]
800 557 937 627 νῆας
967 557 1186 628 μακρὰς
1214 559 1478 626 φανείσας
1506 554 1834 611 Γεννουῖτῶν
1864 553 2093 622 ἐγγύθεν

512 649 781 713 πλεούσας
838 650 1174 703 ἐπέσπευδον
1223 652 1324 721 τὴν
1381 649 1517 720 πρὸς
1576 650 1813 712 ἐκείνας.
1860 649 2001 700 Ἀλλ’
2037 648 2092 701 αἱ

517 746 619 810 μὲν
652 742 888 812 ἐλαφραὶ
917 737 1097 807 οὖσαι,
1124 740 1422 812 θαρῤοὖσαι
1454 743 1519 811 τῇ
1552 740 1835 810 ταχύτητι,
1867 740 1955 792 ἐπ’
1985 739 2097 792 ὀλί-

513 847 610 900 γον
651 833 1012 902 προσέμενον,
1068 831 1166 885 καὶ
1215 828 1629 900 πλησιαζόντων
1684 830 1909 884 ἐκείνων
1943 829 2097 882 αὐτοὶ

514 921 981 992 ταχυναυτοῦντες
1034 922 1215 993 πολλῷ
1251 921 1413 974 πλέον
1458 921 1493 991 ἢ
1552 923 1818 991 πρότερον
1869 921 2096 990 ἀπεῖχον

514 1015 817 1084 διάστημα.
848 1014 1019 1068 Τοῦτο
1051 1016 1133 1076 δὶς
1165 1016 1261 1068 καὶ
1300 1016 1420 1085 τρὶς
1448 1015 1691 1082 γεγονὸς,
1734 1014 1857 1067 ἐπεὶ
1908 1013 2096 1083 ἐώρων

516 1108 806 1172 πονοῦντες
844 1108 1114 1179 ἀνήνυτα,
1146 1109 1375 1178 ἀφέντες
1402 1109 1644 1171 ἐκείνους
1666 1108 1937 1177 πληροῦσι
1961 1106 2098 1158 νεῶν

514 1203 609 1255 τὸν
633 1201 831 1269 λιμένα
861 1202 924 1256 τδ
960 1202 1164 1271 Κέρας.
1200 1201 1308 1253 Kal.
1348 1200 1670 1262 Γεννουῒτας
1710 1201 1808 1269 μὲν
1837 1200 1897 1252 οὐ
1952 1199 2095 1253 κατὰ

515 1292 614 1361 τὴν
657 1292 892 1363 περαίαν
939 1291 1453 1359 καταλαμϐάνουσι.
1506 1291 1617 1363 Τὴν
1647 1290 1758 1359 γὰρ
1797 1289 1904 1342 τῶν
1949 1288 2098 1357 νηῶν

516 1385 714 1437 ἐκεῖνοι
751 1385 1163 1453 προεγνωκότες
1216 1384 1423 1452 ἔφοδον,
1464 1379 1896 1452 προσλιπαροῦσι
1942 1379 2099 1450 βασι·

516 1474 613 1528 λέα
645 1477 842 1539 αὐτοὺς
883 1476 978 1529 καὶ
1009 1479 1272 1544 γυναῖκας
1309 1478 1403 1528 καὶ
1434 1466 1625 1537 παίδας
1669 1476 1766 1527 καὶ
1797 1473 2101 1543 πράγματα

518 1567 669 1629 ἐντὸς
694 1567 905 1631 πόλεως
935 1566 1191 1632 δέξασθαι
1218 1584 1232 1597 ’
1262 1568 1503 1638 φανερὰν
1532 1567 1641 1637 γὰρ
1665 1567 1761 1618 ἐπὶ
1795 1567 1933 1634 σφᾶς
1958 1559 2099 1617 εἴναι

517 1659 617 1729 τὴν
644 1660 858 1729 ἔφοδον..
890 1656 984 1723 Οἷς
1022 1661 1090 1713 δι’
1130 1661 1376 1730 ἀνάγκην
1425 1658 1684 1730 βασιλεὺς
1716 1658 1929 1726 γίνεται
1962 1658 2098 1711 κάτα

2197 552 2266 605 τὰ
2294 552 2427 623 γένη
2460 549 2600 604 ὥστε
2626 549 2891 619 διαφορᾶς
2924 547 3209 621 ξυμϐάσης
3260 549 3441 617 αὐτοῖς
3488 549 3655 614 ἐκτὸς,
3683 550 3738 603 εν

2197 643 2350 696 δοθεν
2381 644 2479 714 μὲν
2518 643 2628 696 τῶν
2658 642 2757 713 τῆς
2796 640 3020 696 Ἀϐύδου
3072 641 3297 706 στενῶν,
3351 639 3557 695 ἔνδοθεν
3592 641 3645 694 δὲ
3672 641 3757 696 τοῦ

2197 731 2405 799 Φάρου,
2437 732 2579 785 οὕτω
2606 730 2747 786 κατὰ
2792 730 3065 785 θάλατταν
3098 729 3391 801 μάχεσθαι,
3438 729 3498 783 τὸ
3530 730 3687 801 μέσον
3708 733 3759 786 δὲ

2199 824 2407 877 τούτων
2438 823 2640 888 πάσαις
2661 824 2863 878 ἄϐατον
2895 823 3102 894 μάχαις
3127 822 3202 887 ῶς
3235 840 3288 876 τι
3311 823 3418 877 τῶν
3451 823 3760 894 ἀφωσιωμέ-

2200 932 2308 967 νων
2336 915 2432 969 καὶ
2465 916 2625 985 ιερῶν
2673 915 2770 968 καὶ
2795 916 3145 984 ἀμφοτέρους
3192 914 3491 984 διατηρεῖν,
3532 916 3676 969 αὐτοὶ
3702 916 3759 970 ἐκ

2202 1009 2554 1077 φρονήματος
2607 1006 3049 1077 κατεπαρθέντες
3108 1006 3398 1075 μείζονος,
3460 1006 3761 1076 παριδόντες

2204 1101 2298 1153 κοιλ⁵
2322 1101 2389 1155 τὰ
2420 1100 2775 1169 συγκείμενα,
2806 1099 2958 1162 ἐντος
2989 1099 3157 1167 αὐτῆς
3181 1099 3281 1167 τῆς
3310 1098 3577 1169 βασιλέως
3599 1100 3761 1165 οικίας

2203 1193 2347 1247 κατὰ
2374 1193 2483 1245 τῶν
2536 1193 2732 1246 ἱκετῶν
2769 1196 2835 1263 τῇ
2888 1190 3135 1263 βασιλείᾳ
3180 1191 3458 1261 πολέμους
3503 1192 3759 1264 ἐξέφερον.

2202 1287 2314 1339 Καὶ
2343 1285 2436 1338 διὰ
2472 1286 2644 1339 ταῦτα
2674 1286 2928 1355 βασιλεὺς
2956 1288 3196 1356 μισήσας
3221 1285 3320 1356 τὴν
3348 1286 3500 1355 σφῶν
3529 1284 3761 1356 ἔπαρσιν,

2202 1374 2391 1444 ἐφίησι
2426 1375 2520 1429 καὶ
2560 1374 2849 1444 Ῥωμαίοις
2896 1373 3220 1437 Γεννουῖτας
3271 1373 3638 1443 προσαμύνειν
3670 1388 3762 1425 κα-

2203 1468 2468 1521 ταστᾶσιν
2501 1468 2581 1531 είς
2632 1467 2890 1536 πόλεμον.
2928 1467 3091 1521 Ὅθεν
3143 1470 3388 1521 κάκεῖνοι
3426 1465 3523 1536 μὲν
3570 1462 3764 1535 ἐξερχό-

2205 1576 2360 1624 μενοι
2390 1559 2483 1612 καὶ
2515 1558 2691 1611 ίλαδδν
2736 1558 3157 1628 συνταττόμενοι
3204 1556 3529 1627 διεμάχοντο
3560 1555 3765 1625 γαίηθεν

2203 1653 2318 1715 τοῖς
2345 1652 2409 1704 έκ
2436 1650 2546 1704 τῶν
2597 1650 2779 1720 νηῶν*
2812 1650 2872 1704 τὺ
2913 1650 2969 1704 δὲ
3014 1649 3108 1703 τοῦ
3159 1649 3429 1720 βασιλέως
3469 1658 3768 1720 στρατιωτι-

519 1767 687 1815 αινυς,
738 1754 830 1804 καὶ
861 1752 921 1805 τὸ
951 1752 1093 1805 κατὰ
1119 1752 1428 1822 Βλαχέρνας
1481 1752 1646 1821 μέρος
1680 1750 1835 1820 σφίσι
1859 1750 2097 1815 δίδωσιν,
2131 1780 2181 1839 Β
2207 1742 2327 1806 κδν,
2356 1742 2480 1795 ὅσον
2512 1736 2581 1812 ἦν
2632 1742 2690 1839 ἐν
2719 1740 2910 1839 πεζοῖς
2948 1758 3008 1794 τε
3041 1743 3133 1794 καὶ
3169 1740 3441 1811 ’ἐλαφρδν,
3476 1743 3541 1795 ἐκ
3588 1739 3765 1839 τειχῶν

516 1846 650 1898 ὅπου
683 1844 818 1914 νῆας
859 1844 994 1908 ἰδίας
1025 1844 1335 1915 βυθίζουσιν
1361 1845 1439 1909 ὡς
1479 1844 1832 1912 φυλάξοντες,
1863 1845 2019 1897 αὐτοὶ
2045 1844 2104 1898 δὲ

515 1938 617 2008 τὴν
668 1939 733 1991 ὲκ
778 1937 878 2006 τῆς
926 1937 1065 2000 ἰδίας
1110 1938 1292 2008 χειρὸς
1324 1938 1556 2000 ἕκαστος
1604 1936 1742 2006 πρὸς
1776 1937 1838 1988 τὸ
1889 1936 2115 2007 συμϐὰνκ

519 2029 877 2100 παραμυθίαν
927 2029 1108 2099 ζητῶν
1136 2033 1234 2099 τῆς
1260 2028 1339 2093 είς
1374 2030 1433 2082 τὸ
1464 2027 1691 2082 δυνατὸν
1732 2026 1832 2080 οὐκ
1861 2025 2104 2097 ἠμέλουν

522 2122 817 2192 σωτηρίας.
854 2122 955 2174 Διὰ
999 2121 1174 2175 ταῦτα
1204 2121 1492 2185 κάκείνους
1542 2119 1748 2173 κακοῦν
1781 2120 1830 2171 οί
1855 2119 2103 2181 ἐπιόντες

519 2216 620 2266 οὐκ
665 2213 907 2283 ἔχοντες,
959 2215 1506 2283 σκευαγωγησάντων
1539 2214 1774 2267 καὶτῶν
1819 2210 2106 2282 Ῥωμαίων

521 2308 585 2359 ἐκ
617 2307 713 2374 τῆς
746 2307 1004 2375 περαίας,
1038 2307 1151 2379 πῦρ
1175 2310 1298 2371 ταῖς
1339 2306 1448 2360 τῶν
1489 2305 1703 2361 Ἰταλῶν
1737 2304 1935 2367 οίκίαις
1970 2304 2106 2356 ἐνίε-

523 2417 623 2454 σαν
651 2402 744 2453 καὶ
771 2399 1414 2477 κατεπίμπρωνιτέλεον.
1446 2399 1706 2452 Κάκεῖνοι
1727 2397 1829 2466 μὲν
1857 2396 1933 2465 τῷ
1957 2412 2105 2449 κατ-

521 2491 849 2561 επαίρεσθαι
911 2492 1020 2546 τῶν
1058 2494 1211 2556 ἐντὸς
1261 2493 1665 2562 ἀπειροκαλίας
1710 2491 1890 2545 αἰτίαν
1934 2485 2101 2560 εἶχον,

522 2588 939 2657 ἑπιμαινόμενοι
982 2589 1096 2650 τοῖς
1133 2586 1387 2657 ἀψύχοις,
1423 2587 1472 2640 oi
1514 2585 1558 2640 δ’
1589 2586 1737 2649 ἐντὸς
1776 2586 1916 2648 τέως
1945 2585 2107 2637 ἀνάν-

524 2679 664 2747 δρων
695 2677 891 2748 ἔφερον
917 2679 1105 2748 σχῆμα
1136 2679 1543 2749 κατεπτηχότες
1571 2676 1676 2730 ὑπὸ
1705 2678 1815 2740 τοῖς
1840 2676 2103 2745 τείχεσιν.

524 2771 589 2822 Ui
621 2769 665 2823 δ’
720 2772 776 2833 ἐς
832 2770 1089 2825 τοσοῦτον
1127 2770 1419 2834 αὐθαδείας
1473 2770 1792 2835 ἐξώκειλαν,
1842 2768 1983 2822 ὥστε
2013 2768 2107 2820 καὶ

525 2943 769 3013 plerunt.
825 2943 905 2997 Ac
953 2957 1062 2996 non
1111 2951 1340 3013 repertis
1373 2942 1519 3013 apud
1555 2942 1799 2998 Peraeam
1854 2943 2108 2999 Genuen-

526 3037 678 3090 sibus
711 3036 787 3103 (hi
816 3037 961 3089 enim
985 3038 1216 3104 praevisa
1256 3036 1593 3091 Venetorum
1626 3037 1679 3089 in
1736 3052 1797 3092 se
1851 3037 2102 3101 incursu,

2209 1835 2547 1905 προκῦπτον,
2582 1833 2759 1899 τόξοις
2794 1833 3085 1904 βάλλοντες
3113 1835 3210 1887 καὶ
3243 1834 3557 1902 σφενδόναις
3581 1834 3695 1894 τοὺς
3716 1833 3764 1884 ἐν

2204 1910 2327 1988 ταῖς
2354 1925 2547 1978 ναυσὶν
2572 1924 2811 1977 ἐκάκουν
2841 1925 2936 1976 καὶ
2964 1926 3062 1986 τὰς
3106 1922 3346 1993 ἐμϐολὰς
3378 1922 3527 1990 σφῶν
3569 1921 3767 1975 ἐποίουν

2206 2017 2629 2086 ἀσθενεστέρας.
2667 2016 2804 2086 Ἤδη
2853 2017 2910 2069 δὲ
2958 2016 3053 2068 καὶ
3114 2015 3443 2087 πετροϐόλον
3490 2014 3766 2085 μηχάνημα

2204 2109 2492 2171 διεκίνουν,
2525 2111 2703 2162 ἐκεῖσε
2738 2107 2831 2161 τοῦ
2864 2106 3130 2179 βασιλέως
3161 2104 3266 2173 ἔξω
3292 2107 3465 2177 βελῶν
3498 2107 3766 2176 ἱσταμένου

2208 2200 2306 2254 καὶ
2320 2200 2632 2271 βλέποντος,
2649 2202 2745 2253 καὶ
2771 2201 3052 2269 μεγίστοις
3067 2204 3179 2264 τοῖς
3199 2200 3293 2253 ἀπ’
3315 2201 3523 2253 ἐκείνου
3549 2199 3631 2272 [Ρ.
3653 2197 3766 2269 163]

2204 2293 2375 2357 λίθοις
2404 2293 2474 2346 τὰ
2522 2294 2621 2363 τῆς
2648 2294 2931 2371 ῂμετέρας
2958 2294 3095 2356 νεὼς
3141 2293 3423 2364 κόρυμϐα,
3473 2295 3544 2364 ἣν
3591 2294 3767 2345 ἐκείνοι

2180 2386 2459 2456 κατεῖχον
2514 2384 2883 2454 πολεμοῦντες
2939 2384 3151 2438 ἐκεῖθεν
3211 2385 3359 2438 κατὰ
3414 2385 3509 2438 τοῦ
3555 2385 3764 2453 τείχους,

2209 2477 2491 2545 κατέφλων
2525 2476 2865 2546 πέμποντες,
2920 2477 3014 2529 καὶ
3058 2476 3160 2544 τῆς
3191 2476 3376 2546 ὁρμῆς
3434 2479 3558 2540 τοὺς
3590 2475 3766 2545 ἄνδρας

2157 2544 2183 2567 ⁶
2205 2544 2546 2625 ἀνέστελλον.
2588 2544 2743 2622 Ἐπεὶ
2781 2569 2838 2622 δὲ
2867 2569 2963 2621 καὶ
2988 2568 3154 2635 ἐσοῲὲ
3184 2544 3480 2641 ὁ-πόλεμος
3509 2544 3767 2622 διετείνετο

2206 2663 2301 2718 καὶ
2332 2662 2482 2716 ἅπαν
2509 2661 2568 2714 τὸ
2593 2660 2725 2733 παρ’
2750 2661 2976 2713 ἐκείνων
3006 2663 3310 2731 μηχάνημα
3358 2662 3533 2733 ἔργων
3571 2661 3767 2729 ὑστέρει

2207 2755 2301 2807 καὶ
2335 2754 2489 2808 οὐδὲν
2541 2752 2787 2824 ἠνύοντο,
2818 2755 2881 2806 ἐκ
2937 2753 3133 2824 μανίας
3187 2753 3601 2821 ἀπαλλάξαντες
3639 2751 3769 2805 πλεί-

2206 2946 2431 3007 possent
2463 2942 2578 2989 toto
2628 2932 2795 2987 maris
2842 2932 3019 3001 spatio
3058 2933 3201 3002 Quod
3249 2941 3401 3003 patet
3450 2932 3591 2987 inter
3617 2928 3768 3001 Abydi

2209 3026 2398 3080 fauces
2434 3036 2489 3080 et
2519 3024 2786 3089 Pharum,
2833 3025 2925 3078 sed
2964 3033 3120 3079 extra
3176 3024 3334 3079 hunc
3388 3025 3564 3080 locum
3616 3033 3769 3078 utram

527 3127 691 3181 enixe
717 3126 1102 3194 imperatorem
1134 3134 1426 3179 oraverant
1460 3137 1520 3179 nt
1545 3142 1603 3182 se
1632 3142 1754 3180 cum
1782 3127 2106 3183 mulieribus
2134 3133 2176 3191 C
2212 3117 2412 3172 Vellem
2450 3119 2505 3171 in
2573 3126 2783 3186 Panem
2837 3115 3121 3169 navalibus
3175 3114 3293 3169 ευίδ
3365 3116 3561 3185 Prien“
3610 3123 3773 3182 τίμιον

529 3232 594 3272 ac
631 3219 821 3273 liberis
853 3219 1126 3287 rebusque
1177 3221 1391 3274 caeteris
1434 3221 1677 3288 ipsorum
1719 3219 1862 3273 intra
1915 3221 2104 3273 urbem

529 3305 886 3372 adiuitteret;
934 3310 1099 3379 idque
1133 3310 1453 3379 imperator,
1481 3310 1753 3380 quodjam
1780 3309 2111 3381 esset239

532 3399 884 3452 manifestum
952 3413 1044 3452 eos
1078 3413 1108 3450 a
1175 3396 1395 3453 Venetis
1437 3398 1652 3454 infestis
1683 3398 1832 3468 ,peti.
1884 3408 2112 3455 coactus

531 3488 711 3542 fuerat
760 3489 1099 3557 permittere,
1142 3489 1533 3559 regionemque
1581 3491 1726 3544 circa
1784 3489 2112 3547 Blachernas

535 3580 645 3632 illis
683 3580 749 3633 ad
785 3581 1049 3649 eﬂ‘ugium
1082 3590 1469 3646 concesserat;
1506 3581 1690 3651 ibique
1717 3582 1830 3649 jam
1861 3582 2115 3638 Genuen-

534 3684 623 3722 scs
651 3669 842 3728 iidem,
883 3671 1117 3732 munito,
1161 3679 1218 3723 ut
1264 3678 1581 3739 potuerant,
1644 3672 1827 3726 littore
1880 3674 2112 3727 navibus

535 3758 868 3826 quibusdam
904 3759 1022 3812 suis
1044 3760 1450 3828 demergcndis,
1477 3776 1707 3831 quarum
1741 3762 1959 3832 obiectu
1984 3780 2113 3834 pro-

538 3850 794 3902 hiberent
827 3851 1069 3904 hostium
1099 3866 1450 3916 exscensum,
1501 3870 1560 3908 se
1590 3868 1798 3923 suaque
1842 3870 1941 3925 pro
1984 3857 2117 3909 viri-

537 3941 640 3994 bus
671 3941 843 4009 parati
878 3941 1097 3996 stabant
1125 3944 1524 4013 propugnare),
1567 3960 1674 3999 non
1716 3948 1971 4014 repertis,
2033 3948 2118 3999 in-

536 4051 724 4103 quam,
762 4037 935 4100 domi,
967 4053 1109 4105 quos
1153 4039 1485 4107 quaerebant,
1512 4039 1752 4095 inimicis
1782 4039 1998 4105 Veneti,
2051 4056 2117 4095 ac

539 4144 606 4180 ne
642 4128 770 4183 aliis
797 4124 1016 4200 quidem
1049 4131 1188 4199 apud
1217 4128 1453 4185 Peraeam
1484 4133 1607 4187 ullis
1640 4135 1657 4205 (
1689 4149 1815 4187 nam
1843 4144 1897 4189 et
1917 4133 2119 4187 Roma-

541 4222 591 4273 ni
624 4222 716 4288 qui
774 4222 968 4277 domos
1014 4220 1224 4277 Galatae
1288 4224 1578 4291 habebant,
1649 4237 1941 4281 convasata
2013 4229 2113 4295 ipsi

537 4328 755 4380 quoque
782 4313 1109 4381 supellectili
1144 4330 1203 4368 se
1234 4313 1377 4368 intra
1403 4316 1590 4369 urbem
1624 4326 1967 4387 receperant)
1993 4320 2116 4387 igne

539 4405 742 4472 injecto
768 4406 821 4457 in
860 4405 1004 4459 aedes
1053 4405 1315 4459 Italorum
1352 4422 1446 4461 eas
1503 4407 1720 4462 ﬂamma
1756 4424 2117 4477 consumpse-

2216 3218 2544 3280 quaererent,
2621 3208 2857 3263 medium
2922 3208 3055 3262 illud
3136 3208 3486 3262 intervallum
3557 3207 3774 3261 immune

2216 3299 2345 3355 belli
2373 3299 2649 3369 certisque
2689 3298 2935 3368 quietum
2992 3297 3233 3354 induciis
3275 3299 3568 3357 haberent.
3625 3295 3774 3366 Cujus

2219 3390 2540 3459 religionem
2576 3392 2960 3446 conventionis
2997 3407 3119 3446 cum
3178 3392 3353 3447 hodie
3410 3393 3587 3464 palam
3644 3391 3775 3444 inso-

2210 3484 2351 3538 lenti
2386 3484 2516 3537 elati
2553 3483 2885 3538 confidentia
2922 3484 3131 3540 violare
3164 3482 3366 3539 Veneti
3396 3502 3504 3541 non
3549 3496 3777 3539 vereren-

2219 3584 2329 3641 tur,
2361 3575 2505 3629 intra
2537 3578 2713 3645 ipsam
2745 3579 2885 3646 pene
2924 3576 3259 3646 imperialem
3296 3578 3524 3632 domum
3570 3570 3777 3646 Augusti

2223 3668 2499 3737 supplices
2520 3684 2769 3738 quaerere
2787 3669 2851 3722 ad
2886 3684 3102 3739 pmnam
3142 3683 3205 3723 ac
3237 3662 3449 3725 easdem
3490 3669 3625 3731 ausi,
3677 3681 3777 3721 me-

2221 3763 2329 3814 rito
2362 3762 2427 3815 iis
2457 3773 2745 3830 propterea
2776 3761 2950 3817 iratus
2982 3763 3283 3831 imperator
3320 3764 3583 3819 Romanis
3636 3758 3779 3830 2M

2222 3854 2471 3924 permisit
2533 3864 2591 3907 ut
2644 3853 2961 3909 Genuenses
3015 3854 3402 3920 defenderent,
3456 3869 3678 3923 cumque
3722 3851 3778 3903 iis

2221 3954 2413 4000 contra
2448 3944 2766 4016 foedifragos
2801 3946 3102 4000 assultores
3131 3945 3186 3999 in
3220 3947 3399 4001 armis
3429 3952 3646 4000 starent.
3684 3939 3777 3994 ita-

2222 4053 2331 4106 que
2358 4036 2433 4091 uti
2463 4036 2781 4091 Genuenses
2829 4037 3021 4090 armati
3054 4052 3119 4091 ac
3158 4037 3318 4107 longa
3374 4041 3515 4094 serie
3566 4032 3775 4092 ordinati

2222 4144 2317 4198 per
2374 4129 2552 4182 littora
2612 4129 2667 4182 in
2724 4144 2892 4182 naves
2962 4127 3195 4184 Venetas
3241 4129 3651 4199 jaculabantur,
3698 4126 3778 4180 ita

2220 4230 2485 4291 quantum
2519 4221 2573 4275 in
2607 4221 2739 4275 urbe
2786 4230 2897 4275 tum
2931 4221 3033 4275 fuit
3063 4219 3431 4291 imperialium
3493 4220 3772 4293 copiarum,

2221 4314 2498 4384 peditatus
2526 4314 2829 4382 praesertim
2857 4328 2921 4367 ac
2968 4316 3104 4369 levis
3135 4328 3447 4381 armatum,
3484 4316 3776 4386 prominen-

2223 4418 2303 4463 tes
2331 4422 2360 4461 e
2393 4405 2671 4460 moenibus
2698 4407 2936 4461 arcubus
2989 4421 3054 4461 ac
3079 4406 3263 4462 fundis
3314 4408 3546 4464 Venetos
3587 4422 3677 4476 per
3708 4403 3776 4457 fo-

539 4503 689 4549 runt.
725 4496 779 4548 In
812 4510 922 4561 quo
969 4495 1153 4550 stultae
1203 4497 1535 4567 impotentiae
1565 4500 2028 4569 vituperationem
2063 4502 2116 4556 in
2151 4495 2196 4552 Ι)
2226 4513 2317 4552 ros
2362 4512 2589 4554 Suarum
2646 4498 2868 4551 navium
2926 4506 3206 4553 exstantes
3257 4502 3475 4555 eminus
3524 4498 3774 4569 petebant.

541 4594 928 4648 setraxerunt,
984 4586 1187 4639 frustra
1245 4587 1694 4652 intumescentes,
1748 4592 1890 4658 quod
1932 4595 2112 4647 locum

545 4676 821 4746 cepissent
856 4692 887 4729 a
937 4678 1159 4732 nemine
1217 4679 1527 4745 defensmn,
1586 4693 1640 4735 et
1682 4682 1876 4751 ignavo
1927 4683 2114 4738 furore

548 4771 830 4825 saevientes
860 4771 911 4823 in
947 4786 1034 4825 res
1063 4772 1351 4827 inanimas.
1392 4771 1481 4827 Uti
1504 4784 1559 4827 et
1602 4775 1837 4827 vicissim
1866 4774 2121 4830 Genuen-

543 4872 627 4913 ses
659 4858 852 4911 inertis
877 4857 1195 4928 indignique
1227 4861 1360 4914 viris
1396 4860 1632 4912 fortibus
1683 4861 1898 4917 timoris
1952 4866 2120 4921 dede-

548 4948 926 5011 :ustulerunt,
986 4965 1093 5003 non
1133 4951 1249 5003 ausi
1284 4960 1431 5004 stare
1483 4951 1535 5003 in
1581 4952 1808 5019 vestigio
1867 4958 2119 5024 tuerique

545 5037 701 5093 focos
741 5057 804 5094 ac
853 5041 1019 5110 lares,
1081 5044 1176 5097 sed
1209 5043 1412 5098 relictis
1477 5042 1705 5112 inglorio
1760 5046 2119 5105 iatniliaribus

544 5133 706 5184 tectis
737 5133 841 5188 sub
874 5135 1121 5188 umbram
1158 5136 1494 5204 tutelamque
1536 5154 1843 5202 nnirorum,
1871 5150 1929 5193 nt
1969 5155 2117 5197 metu

543 5222 783 5286 attoniti,
826 5226 1200 5279 convolantes.
1262 5223 1439 5292 Majus
1511 5242 1673 5294 porro
1721 5229 1932 5283 crimen
2000 5241 2119 5285 erat

545 5314 874 5369 Venetorum
911 5325 1173 5370 attentata
1209 5325 1400 5371 coatra
1438 5317 1594 5373 fidem
1634 5320 1840 5374 dudum
1883 5323 2122 5391 impera-

545 5406 653 5459 tori
689 5407 869 5460 datam
904 5408 1044 5460 intra
1069 5406 1203 5461 ﬁnes
1234 5408 1430 5462 vetitos
1460 5409 1729 5475 incursio,
1753 5410 2025 5480 siquidem
2054 5415 2121 5467 ab

546 5497 704 5550 initio
737 5507 1091 5561 convenerat,
1124 5499 1344 5566 quando
1381 5507 1464 5552 est
1491 5500 1706 5570 utrique
1729 5503 1820 5557 isti
1859 5501 2120 5557 Italorum

546 5588 730 5653 generi
763 5587 1092 5658 permissum
1122 5589 1291 5643 libera
1321 5591 1373 5642 in
1403 5590 1538 5645 urbe
1566 5607 1629 5647 ac
1663 5608 1758 5663 per
1786 5596 1886 5650 bos
1917 5603 2123 5652 tractus

546 5693 799 5734 exercere
832 5682 1181 5745 commercia,
1243 5692 1302 5736 ut
1335 5685 1380 5739 si
1420 5685 1552 5755 quid
1590 5687 1727 5741 inter
1778 5703 1874 5743 eos
1902 5699 2122 5743 contra-

551 5772 774 5824 heretur
809 5773 963 5835 rixae,
1033 5774 1375 5831 committere
1435 5791 1669 5846 pugnam
1727 5781 1957 5835 invicem
2012 5796 2120 5835 non

2223 4606 2328 4645 non
2364 4591 2471 4645 levi
2500 4605 2688 4645 eorum
2720 4591 2946 4658 damno,
2975 4590 3445 4662 debilitabantque
3467 4592 3604 4645 haud
3630 4588 3778 4644 dubie

2222 4685 2461 4752 impetus
2497 4684 2758 4738 accedere
2783 4697 2847 4738 ac
2885 4693 3026 4739 terra
3058 4684 3221 4754 potiri
3260 4687 3597 4744 conantium.
3639 4680 3779 4738 Jam-

2222 4791 2327 4844 que
2354 4785 2409 4830 et
2443 4776 2751 4830 machinam
2792 4777 3083 4831 movebant
3100 4777 3474 4845 jaculatricem
3495 4786 3774 4845 petrarum,

2221 4876 2275 4921 et
2299 4867 2650 4936 despectante
2681 4868 3039 4938 imperatore,
3069 4870 3165 4939 qui
3195 4870 3303 4924 alte
3330 4870 3562 4939 quodam
3611 4869 3661 4922 in
3703 4864 3778 4917 ia-

2222 4957 2386 5028 stigio
2419 4964 2572 5011 extra
2600 4956 2810 5027 jactum
2836 4967 2954 5013 tuto
2981 4960 3182 5022 stabat,
3229 4963 3492 5030 aplustria
3523 4959 3670 5014 navis
3692 4970 3780 5011 no-

2222 5060 2369 5113 strae,
2414 5066 2519 5121 qua
2567 5051 2760 5106 Veneti
2824 5060 3089 5124 occupata
3124 5064 3316 5109 contra
3356 5071 3456 5109 nos
3507 5047 3777 5123 pugnando

2222 5144 2537 5207 utebantur,
2572 5141 2743 5198 vastis
2772 5143 2972 5198 ictibus
3003 5159 3260 5200 saxorum
3319 5161 3419 5216 per
3463 5146 3722 5199 ballistam
3749 5151 3777 5190 ϐ

2224 5248 2383 5286 muro
2421 5232 2748 5288 emissorum
2782 5236 3224 5305 contendebant;
3260 5238 3447 5308 sicque
3479 5236 3584 5291 vim
3624 5228 3777 5302 repri-

2189 5334 2192 5338 λ
2224 5322 2446 5375 mebant
2485 5322 2836 5378 irruentium.
2879 5322 3152 5392 Quoniam
3191 5343 3321 5382 vero
3354 5328 3614 5398 producto
3661 5321 3776 5375 inde

2223 5413 2289 5466 ad
2319 5427 2603 5483 vesperam
2638 5415 2938 5471 certamine
2987 5418 3166 5473 omnis
3207 5433 3397 5474 eorum
3462 5408 3774 5473 machinatio

2225 5507 2377 5561 irrita
2404 5509 2655 5575 cedebat,
2691 5525 2794 5564 nec
2825 5512 3185 5579 proficiebant
3210 5514 3512 5583 quidquam
3538 5518 3775 5563 necessa-

2227 5602 2309 5654 rio
2355 5602 2674 5657 recedentes
2703 5603 2821 5659 fera
2870 5606 2928 5660 in
2991 5603 3272 5661 Romanos
3335 5603 3572 5659 instincti
3606 5597 3775 5656 rabie.

2225 5694 2369 5762 quod
2400 5694 2470 5748 ab
2507 5695 2575 5749 iis
2601 5711 2659 5751 se
2683 5698 2936 5768 repulsos
2995 5699 3269 5764 videbant,
3302 5698 3489 5755 eadem
3521 5694 3605 5748 die
3635 5703 3775 5756 repe-

2227 5794 2430 5851 tentes,
2469 5801 2576 5856 qua
2604 5803 2776 5843 vacua
2830 5791 3033 5859 potitos
3090 5791 3358 5854 diximus,
3404 5787 3661 5847 Galatam,
3724 5783 3775 5829 ιιι
