4018 6400
316 321 434 388 265

1189 317 1289 383 DE
1331 317 1776 385 ANDRONICO
1817 319 2283 380 PALEOLOGO
2329 315 2480 382 LIB.
2527 321 2644 384 III.

3469 318 3577 384 266

317 459 456 510 στης
481 440 564 494 ὅτι
590 439 681 495 καὶ
709 438 863 492 αὐτοὶ
903 438 1163 506 Ῥωμαῖοι
1191 437 1400 499 τούτοις
1445 437 1702 506 ἐπῄεσαν,
1738 451 1894 503 στρα-
1922 441 1967 496 Α
1997 436 2130 503 πρὸς
2182 437 2408 506 βασιλέα
2469 439 2642 506 λέγων
2687 456 2744 490 τε
2776 440 2869 491 καὶ
2926 439 3362 508 ἀπολογούμενος
3421 442 3574 495 οὐδὲν

312 537 512 604 φέντες
531 531 843 602 αὐθημερὸν
866 531 978 601 πῦρ
1001 529 1331 598 ἐμϐάλλουσι
1359 529 1452 581 καὶ
1479 529 1599 590 ταῖς
1624 526 1732 578 τῶν
1764 527 1896 579 εΡω-

315 627 502 696 μαίων
527 625 749 687 οἰκίαις,
787 623 881 676 καὶ
933 622 1355 691 καταφθείρουσι
1407 619 1612 672 τέλεον.
1659 622 1736 673 Δι’
1770 619 1894 688 ὅλης

313 715 421 784 μὲν
460 715 554 767 oin
586 713 780 776 νυκτὸς
811 713 872 765 τὸ
898 712 1009 781 πῦρ
1053 711 1278 781 ἐνέμετο
1319 710 1416 771 τὰς
1459 709 1658 771 οἰκίας,
1699 710 1892 777 φλεγο·

313 808 512 878 μέναις
537 806 582 858 δ’
606 804 950 859 ἐπανέτειλεν
982 805 1014 874 ἡ
1042 805 1248 874 ἡμέρα.
1276 803 1443 855 Αὐτοὶ
1467 801 1524 854 δὲ
1553 802 1650 864 τάς
1674 818 1732 854 τε
1759 801 1893 864 ναῦς

311 897 756 969 προσελάσαντες
790 896 885 949 καὶ
923 898 1035 957 τοῖς
1075 896 1292 964 θυρεοῖς
1343 893 1680 964 φραξάμενοι
1713 893 1893 963 μάχην

310 993 553 1062 στερραν
595 991 868 1059 ἐγείρουσι
918 989 1280 1052 Γεννουΐταις.
1311 989 1376 1041 Οἱ
1407 989 1467 1040 δέ
1517 988 1613 1049 τὰς
1657 986 1891 1056 ἐμϐολὰς

307 1085 409 1136 καὶ
443 1083 606 1134 πάλιν
638 1081 916 1150 δεχόμενοι
951 1079 1326 1148 ἀπημύναντο.
1362 1079 1467 1142 ἕως
1512 1078 1605 1131 καί
1637 1094 1756 1130 τινα
1783 1077 1891 1129 τῶν

306 1180 369 1229 ἐν
431 1175 758 1242 μεγιστᾶσιν
800 1173 1023 1225 ἐκείνων
1077 1172 1331 1241 βαλόντες
1382 1171 1723 1242 φονεύουσιν.
1782 1169 1892 1221 Καὶ

304 1269 400 1322 διὰ
430 1269 604 1320 ταῦτα
658 1265 983 1333 ψυχρότεροι
1023 1266 1124 1333 τῆς
1172 1264 1389 1326 ἐλπίδος
1426 1264 1891 1332 ἀποχωρήσαντες

304 1360 607 1428 ἀνακωχήν
639 1372 698 1410 τε
747 1356 824 1426 τῷ
864 1357 1086 1428 πολέμῳ
1122 1356 1322 1409 ἐδίδουν
1368 1354 1463 1408 καὶ
1516 1353 1638 1406 κατ’
1693 1353 1892 1416 αὐτοὺς

300 1449 473 1523 ἦσαν.

303 1561 396 1616 ιΘ’.
435 1563 636 1626 Ὅπως
663 1565 696 1616 ὁ
719 1562 1018 1628 ,ϐασιλεὺς
1045 1561 1586 1632 μεταπεμψάμενος
1616 1560 1726 1613 τὸν
1755 1560 1890 1628 ἠγε-

588 1636 742 1702 μόνα
769 1633 968 1686 αὐτῶν
995 1631 1324 1700 πρεσϐείαν
1348 1631 1618 1686 στέλλει.

377 1721 514 1773 Τότε
547 1723 642 1774 καὶ
670 1722 920 1792 βασιλεὺς
955 1723 1178 1792 πέμψας
1206 1723 1296 1774 τὸν
1323 1725 1400 1784 εἰς
1430 1721 1672 1790 κεφαλὴν
1690 1728 1893 1788 ’τεταγ-

302 1814 472 1882 μένον
506 1812 733 1864 ἐκείνων
771 1813 1164 1882 μετακαλεῖται
1213 1813 1333 1882 μεθ’
1362 1814 1444 1866 ὅτι
1492 1813 1754 1882 πλείστης
1792 1813 1888 1880 τῆς

303 1905 646 1974 ἱλαρότητος,
680 1905 775 1958 καὶ¹
806 1905 912 1958 ὑπὸ
961 1909 1027 1976 τῇ
1063 1905 1419 1977 προσηκούσῃ
1468 1905 1738 1973 ἀσφαλείᾳ
1793 1905 1888 1956 σὺν

299 1999 518 2066 ἑτέροις
571 1998 934 2052 καταλαϐόντι
983 1998 1228 2062 ὠνείδιζέ
1275 2016 1334 2051 τε
1386 1999 1486 2061 τὰς
1542 1981 1887 2067 παραλόγους

297 2091 504 2160 ὁρμὰς,
544 2091 638 2142 καὶ
672 2091 768 2157 τὴν
800 2090 907 2142 τῶν
947 2092 1323 2159 συγκειμένων
1356 2092 1422 2158 τῇ
1459 2089 1705 2160 βασιλείᾳ.
1749 2091 1886 2159 μετὰ

294 2182 509 2233 τούτων
548 2181 897 2247 παραϐασίαν
928 2185 1007 2244 εἰς
1040 2184 1284 2250 φανερὰν
1312 2183 1478 2236 ἐτίθει
1511 2183 1714 2246 αἰτίαν,
1744 2184 1804 2235 τὸ
1829 2183 1886 2236 δέ

295 2272 548 2342 καὶπῦρ
600 2274 800 2326 ἐνιέναι
854 2272 1141 2344 Ῥωμαίων
1192 2276 1394 2338 οἰκίαις
1447 2275 1796 2344 ταττομένοις
1829 2276 1888 2326 ἐν

294 2365 477 2432 φίλοις
518 2364 827 2436 ὑπερϐολὴν
881 2366 1077 2436 μανίας
1104 2367 1338 2437 ἔκρινεν.
1385 2366 1448 2421 Ὀ
1489 2367 1545 2420 δέ
1575 2366 1722 2420 πόλλ’
1752 2368 1887 2421 ἄττα

295 2635 417 2690 illic
446 2636 601 2705 prius
632 2636 824 2690 domos
844 2635 1218 2691 Genuensium
1239 2639 1617 2703 incenderant,
1644 2637 1715 2693 ita
1743 2653 1886 2696 nunc

297 2730 515 2800 pariter
538 2736 594 2781 et
621 2727 996 2782 Romanorum
1029 2730 1171 2783 aedes
1195 2731 1626 2792 intlammarnnt,
1649 2731 1887 2786 durante

300 2837 398 2890 per
419 2828 639 2875 noctem
669 2828 862 2884 totam,
891 2828 944 2875 et
971 2822 1200 2876 necdum
1227 2823 1502 2877 exStincto
1541 2823 1761 2891 quando
1794 2838 1886 2878 se-

267 2915 277 2927 '
307 2929 478 2982 quens
508 2913 626 2968 dies
653 2913 853 2977 illuxit,
879 2914 1155 2969 incendio.
1192 2913 1300 2984 Ipsi
1332 2932 1460 2970 vero
1495 2917 1726 2983 remigio
1756 2931 1886 2986 pro--

316 3007 480 3059 motis
502 3007 562 3060 ad
617 3014 804 3075 partes
840 3006 1292 3069 Blachernarum,
1329 3007 1421 3062 ubi
1453 3015 1598 3061 stare
1635 3005 1887 3061 Genuen-

1926 1779 1965 1832 Β

1999 527 2159 578 πλέον
2190 529 2282 580 τοῦ
2316 530 2498 592 κακῶς
2527 530 2676 596 δόξαι
2707 531 2968 601 πράττειν
3003 533 3096 585 καὶ
3148 534 3300 601 παρὰ
3334 532 3394 585 τὸ
3425 534 3575 596 είκὺς

1999 620 2372 688 ἀπηνέγκατο.
2432 623 2623 692 "Opto;
2673 624 2719 677 δ’
2768 623 2826 688 ἐξ
2883 624 3054 694 αὐτῆς
3111 624 3410 694 πρεσϐείαν
3472 625 3572 694 μὲν

1999 709 2206 762 στέλλει
2238 711 2372 781 πρὸς
2413 713 2511 781 τὴν
2543 714 2766 768 ἐκείνων
2811 714 3160 785 συναγωγὴν,
3193 713 3278 786 [Ρ.
3326 714 3451 786 1641
3478 716 3577 768 αὑ-

1995 801 2103 852 τῶν
2135 819 2198 867 γε
2229 803 2503 857 λαϐόντων
2549 806 2640 858 ἐπὶ
2679 805 2788 860 τῶν
2826 807 2969 860 ίδίων
2999 808 3135 860 νεῶν
3168 808 3259 859 τὸν
3309 811 3389 870 εἰς
3445 824 3578 876 πρε-

1998 892 2232 960 σϐευτὴν
2281 893 2567 962 ταχθέντα.
2616 894 2673 948 Ὁ
2694 896 2738 946 δ’
2776 890 2845 966 ἦν
2903 895 2932 947 ὁ
2981 895 3202 964 Κρήτης
3238 895 3573 962 Νικηφόρος,

1994 985 2132 1055 ἀνὴρ
2158 989 2392 1055 γεραρδς
2427 990 2518 1040 καὶ
2548 987 2727 1056 τίμιος
2753 991 2847 1042 καὶ
2878 988 2967 1040 διὰ
2995 987 3166 1042 πολλὰ
3206 987 3306 1057 μὲν
3339 1004 3577 1056 ,προκοι-

1996 1078 2108 1140 θεὶς
2140 1079 2219 1141 είς
2269 1079 2450 1146 τοῦτο,
2487 1081 2647 1134 πλέον
2683 1081 2738 1132 δὲ
2792 1081 2884 1134 καὶ
2911 1081 2991 1134 ὃτι
3039 1081 3114 1144 ὡς
3166 1083 3366 1133 οἰκεῖον
3415 1080 3576 1150 δῆθεν

1995 1168 2262 1237 ἀρχιερέα
2309 1169 2534 1238 ἔμελλον
2587 1172 2806 1240 βλέπειν
2862 1173 3170 1226 Βενετικοί⁶
3222 1175 3412 1242 Κρήτη
3465 1172 3576 1240 γὰρ

1996 1259 2102 1311 ὑπὸ
2128 1257 2348 1322 τούτους
2373 1257 2462 1329 ἦν,
2495 1256 2562 1331 ἦς
2593 1262 2799 1323 ἐκεῖνος
2827 1261 3116 1332 ἀρχιερεὺς
3145 1263 3574 1333 ἐπικεκήρυκτο,

1995 1353 2044 1402 εἰ
2098 1352 2194 1404 καὶ
2227 1353 2417 1424 πὸῥρω
2465 1353 2616 1423 διῆγε
2666 1355 2867 1424 ταύτης
2907 1356 2995 1410 διὰ
3048 1357 3147 1426 τὴν
3186 1356 3296 1410 τῶν
3359 1357 3576 1410 Ἰταλῶν

1995 1443 2374 1513 ἐπικράτειαν.
2401 1446 2570 1508 Αὐτὸς
2593 1446 2648 1500 δὲ
2678 1447 2933 1518 βασιλεὺς
2965 1449 3046 1510 εἰς
3074 1449 3448 1518 ἀγανάκτησιν
3473 1449 3572 1502 si":

1997 1536 2311 1604 πρέπουσαν
2366 1539 2736 1609 προηγμένος,
2776 1542 2870 1594 καὶ
2925 1541 3163 1611 μάλιστα
3211 1542 3298 1595 διὰ
3342 1543 3438 1613 τὴν
3478 1543 3572 1596 τοῦ

1995 1628 2476 1697 καταφρονηθῆναι
2529 1630 2708 1695 δόξαν,
2763 1632 3010 1702 ἐπισχὼν
3057 1633 3182 1696 τοὺς
3213 1635 3270 1683 ἐν
3317 1636 3382 1704 τῇ
3421 1633 3575 1686 πόλει

1995 1715 2312 1778 Βενετικοὺς
2345 1717 2546 1780 ἱκανοῖς
2593 1720 2841 1789 χρήμασι
2881 1721 3042 1791 μέχρι
3075 1721 3138 1792 δὴ
3174 1722 3268 1774 καὶ
3299 1724 3376 1785 εἰς
3405 1722 3577 1792 χιλιά-

1997 1806 2092 1868 δας
2143 1807 2474 1876 ὀγδοήκοντα
2501 1810 2814 1880 ,ἐνεχὺραζε
2863 1814 2972 1864 τῶν
3013 1813 3464 1880 πυρποληθεισῶν
3496 1814 3576 1865 ol-

1997 1897 2132 1949 κιῶν
2161 1898 2345 1968 χάριν,
2377 1900 2497 1952 ὅσαι
2525 1917 2580 1954 τε
2624 1902 2840 1955 Ἰταλῶν
2871 1902 3010 1956 κατὰ
3037 1904 3139 1971 τὴν
3174 1905 3406 1972 περαίαν
3431 1900 3573 1974 ἦσαν

1997 1989 2091 2041 καὶ
2125 1990 2245 2043 ὅσαι
2295 1991 2617 2062 Ῥωμαίωνο
2667 1995 2901 2064 καὶγὰρ
2929 1995 3024 2049 καὶ
3062 1997 3160 2058 τὰς
3206 1996 3311 2048 τῶν
3356 1996 3572 2049 Ἰταλῶν

1996 2080 2174 2149 χρεὼν
2202 2078 2271 2153 ἦν
2303 2083 2642 2152 δεφενδεύειν
2676 2086 2762 2139 διὰ
2793 2088 2860 2140 τὰ
2895 2088 3228 2158 συγκείμενα
3261 2083 3471 2155 βασιλεί
3511 2106 3574 2140 τε

1965 2176 2091 2237 ,καὶ
2127 2174 2297 2240 σφίσι.
2331 2175 2557 2228 Δοκοῦσι
2585 2176 2641 2230 δέ
2670 2195 2762 2247 μοι
2807 2179 2905 2231 καὶ
2938 2179 3248 2232 Γεννουῗται
3277 2179 3376 2248 τῆς
3406 2181 3574 2248 αὐτῆς

310 3111 402 3150 ses
449 3105 654 3160 norant,
687 3098 942 3157 navibus,
977 3099 1204 3166 protecti
1261 3112 1492 3167 corpora
1541 3101 1715 3152 scutis
1780 3099 1878 3150 ob-
1914 3129 1957 3186 ο

305 3185 506 3253 longis,
541 3189 589 3242 vi
619 3204 835 3243 summa
865 3189 1116 3242 nituntur
1149 3189 1473 3257 irrumpere.
1510 3189 1612 3244 Sed
1633 3188 1885 3244 Genuen-

299 3280 457 3334 sibus
523 3291 751 3336 strenue
824 3281 1232 3346 resistentibus,
1293 3290 1346 3336 et
1409 3297 1438 3337 e
1489 3281 1887 3335 munitionibus

295 3387 439 3440 quas
462 3372 531 3426 ad
566 3372 746 3427 aditus
773 3381 1099 3442 paraverant
1132 3373 1431 3428 fortissime
1466 3374 1886 3442 prohibentibus

294 3478 650 3528 exscensum,
669 3479 796 3518 acre
827 3463 1073 3532 praelium
1099 3465 1305 3519 exarsit
1330 3465 1384 3517 in
1409 3465 1629 3533 longum
1658 3466 1884 3529 durans;

294 3555 476 3610 donec
534 3571 676 3610 unus
737 3556 1007 3624 quispiam
1066 3571 1096 3609 e
1142 3555 1478 3625 primoribus
1532 3555 1885 3620 Venetorum,

298 3648 408 3700 telo
441 3649 587 3701 ictus
613 3661 639 3697 a
666 3646 1051 3701 Genucnsibus
1103 3649 1296 3711 misso,
1333 3647 1569 3702 tnorieus
1616 3648 1882 3702 concidit.

296 3739 381 3792 En
426 3754 560 3792 casu
599 3739 780 3792 ablata
811 3754 1103 3794 successus
1151 3755 1247 3807 spe
1306 3749 1359 3794 et
1396 3739 1722 3808 refrigerato
1787 3755 1884 3808 pu-

298 3830 506 3900 gnandi
536 3832 756 3896 ardore,
787 3829 944 3901 24],
1003 3832 1260 3885 cedentes
1295 3839 1440 3884 retro
1501 3829 1689 3884 Veneti
1757 3831 1882 3884 belli

295 3921 847 3990 quasdamjnducias
876 3921 1148 3988 fecerunt,
1184 3921 1471 3976 subductis
1494 3931 1645 3976 extra
1672 3921 1882 3990 jactum

298 4013 664 4082 quiescentes
701 4013 954 4069 navibus.

297 4128 392 4183 l9.
433 4127 500 4182 Ut
524 4129 809 4197 imperator
849 4129 1017 4181 accito
1046 4129 1115 4182 ad
1157 4145 1212 4181 se
1252 4129 1386 4180 duce
1424 4127 1610 4180 classis
1676 4124 1882 4182 Veneta:

624 4200 935 4266 legationem
995 4198 1231 4252 Venetia;
1303 4199 1524 4252 miserit.

374 4289 536 4342 Tune
594 4291 897 4358 imperatur
941 4291 1228 4343 invitatmn
1267 4291 1332 4343 ad
1392 4292 1748 4360 colloquium.
1781 4292 1883 4346 fide

303 4382 624 4434 securitatis
655 4381 874 4435 abunde
912 4381 1074 4442 facta,
1104 4381 1296 4434 ducem
1330 4397 1644 4449 supremum
1687 4383 1884 4438 classis

1994 2265 2153 2334 χάριν
2203 2266 2381 2328 αἰτίας
2410 2270 2464 2331 ἐς
2517 2268 2745 2342 ὕστερον
2771 2271 2878 2326 τῶν
2909 2274 2965 2327 ἐν
3009 2275 3076 2344 τῇ
3114 2273 3266 2326 πόλει
3297 2289 3576 2343 κατεπαρ-

1996 2356 2154 2425 θῆναι
2187 2357 2252 2409 Ba
2262 2361 2508 2415 νετικῶν.

1995 2625 2270 2684 excedens
2290 2627 2507 2684 modum
2535 2638 2796 2700 proterva).
2816 2634 3056 2702 perfidia!
3078 2635 3352 2704 piaculum
3380 2635 3570 2692 fuisse.

1993 2723 2076 2777 Ad
2114 2739 2177 2778 ea
2211 2721 2500 2792 praefectus
2534 2727 2730 2780 classis
2759 2725 2977 2782 Veneta
3003 2742 3126 2783 cum
3179 2728 3349 2781 multa
3406 2743 3574 2784 excu-

1994 2828 2117 2867 sare
2143 2813 2376 2867 dicendo
2409 2823 2640 2869 conatus
2672 2825 2840 2878 esset,
2893 2818 3027 2871 nihil
3063 2833 3370 2872 memorare
3403 2819 3575 2872 valuit

1994 2918 2103 2972 quo
2138 2906 2274 2958 satis
2321 2915 2582 2974 purgaret
2640 2907 2885 2961 insolens
2940 2907 3172 2974 factum,
3222 2909 3573 2978 elliceretque

1997 3006 2055 3048 ut
2108 2996 2254 3050 aliud
2305 2997 2600 3052 audientes
2651 2998 2965 3066 judicarent
3013 3015 3176 3068 quam
3220 3015 3280 3056 se
3322 3016 3385 3057 ac
3441 3016 3574 3056 suos

1995 3087 2171 3155 egisse
2204 3087 2256 3140 in
2286 3102 2351 3140 eo
2404 3103 2691 3158 perperam
2720 3099 2776 3144 et
2808 3102 2998 3146 contra
3028 3107 3192 3160 omne
3239 3092 3323 3148 fas
3354 3109 3574 3164 grassa-

1997 3186 2106 3231 tus.
2141 3177 2345 3232 Tamen
2380 3180 2681 3250 imperator
2714 3198 2776 3237 ex
2808 3191 2941 3238 tunc
2995 3186 3210 3253 putavit
3242 3185 3568 3254 legationem

1993 3269 2060 3322 ad
2091 3285 2278 3323 eurum
2311 3278 2562 3326 senatum
2595 3273 3000 3340 destinandam,
3027 3277 3163 3345 ipsis
3197 3277 3428 3332 libenter
3471 3279 3570 3330 ad-

1993 3361 2335 3415 mittentibus
2364 3371 2417 3416 et
2447 3364 2720 3418 delectum
2777 3365 2846 3419 ad
2897 3367 2948 3420 id
2989 3367 3222 3436 legatum
3262 3368 3316 3423 in
3345 3385 3477 3424 suas
3505 3386 3571 3424 cu

1990 3451 2342 3507 deferendum
2378 3455 2778 3523 accipientibus
2812 3473 2998 3513 naves.
3050 3457 3176 3513 Fuit
3209 3460 3300 3514 ille
3335 3462 3566 3514 antistes

1989 3542 2334 3598 Cretensium
2359 3543 2720 3615 Nicephorus,
2747 3564 2912 3617 quem
2943 3549 3061 3604 fore
3099 3549 3320 3608 Venetis
3347 3559 3563 3622 gratum

1988 3651 2054 3690 eo
2087 3639 2304 3691 nomine
2336 3641 2545 3708 putavit
2573 3641 2894 3711 imperator,
2933 3643 3078 3712 quod
3113 3659 3239 3698 cum
3261 3644 3376 3711 jam
3434 3645 3572 3714 ipsis

1989 3729 2242 3784 subesset
2278 3730 2437 3785 Creta
2471 3732 2672 3798 insula,
2705 3735 3024 3806 episcopum
3065 3736 3174 3792 loci
3232 3753 3344 3792 sum
3371 3738 3568 3792 ditioni

1989 3822 2191 3876 subditi
2226 3823 2458 3879 libenter
2505 3825 2579 3880 illi
2637 3827 2779 3896 apud
2815 3843 2875 3882 se
2908 3829 3080 3884 visuri
3127 3831 3324 3886 merito
3377 3846 3570 3900 spera-

1989 3922 2197 3968 rentur.
2253 3913 2351 3969 Hie
2409 3931 2574 3984 porro
2619 3917 2967 3987 Nicephorus
3002 3919 3217 3976 electus
3251 3923 3474 3991 quidem
3512 3931 3570 3977 et

1986 4005 2091 4059 rite
2137 4007 2425 4063 ordinatus
2457 4010 2753 4080 episcopus
2799 4011 2979 4079 Cretae
3014 4011 3218 4079 fuerat,
3271 4013 3364 4069 sed
3405 4029 3434 4066 a
3465 4029 3567 4069 sua

1986 4097 2216 4152 ecclesia
2249 4101 2438 4168 procul
2468 4101 2696 4169 degebat
2727 4112 2950 4172 propter
2991 4104 3340 4159 dominantes
3391 4105 3446 4158 in
3502 4121 3568 4160 ea

1989 4187 2174 4246 Italos.
2232 4191 2329 4248 llis
2393 4195 2654 4261 profectis
2711 4196 3035 4264 imperator,
3071 4208 3233 4267 prout
3286 4213 3386 4267 par
3421 4211 3566 4262 erat,

1989 4283 2302 4353 indignatus
2353 4285 2422 4341 ob
2467 4287 2736 4342 hostiliter
2792 4287 2955 4360 242
3007 4289 3252 4344 invasam
3291 4298 3442 4343 tanto
3477 4292 3564 4343 Sui

1987 4385 2300 4445 contemptu
2346 4384 2400 4431 et
2431 4377 2660 4432 deletam
2718 4379 2973 4435 incendio
3028 4379 3299 4442 Galatam,
3333 4379 3558 4435 Venetis

301 4468 527 4525 Venetae
579 4471 730 4524 vultu
769 4473 1004 4523 maxime
1039 4471 1197 4522 hilari
1246 4485 1310 4524 ac
1373 4486 1642 4525 summam
1693 4475 1883 4542 praefe-
1914 4471 1960 4528 D
1991 4467 2278 4534 inunilinis
2309 4470 2484 4533 urbis,
2538 4485 2702 4540 quos,
2752 4481 2811 4526 ut
2845 4480 2932 4528 est
2971 4482 3100 4529 ante
3155 4475 3386 4540 dictum,
3419 4489 3569 4528 eom-

303 4569 462 4615 rente
499 4561 752 4615 tiduciam
789 4561 1003 4628 excepit
1039 4576 1162 4614 cum
1218 4576 1415 4630 magno
1443 4562 1674 4616 aliorum
1709 4564 1880 4617 comi-

301 4663 416 4708 tatu
477 4656 804 4709 venientem.
857 4652 953 4707 llis
1003 4656 1282 4723 Augustus
1310 4655 1453 4708 haud
1489 4671 1650 4723 parce
1684 4643 1892 4724 expro-l

303 4748 485 4802 bravit
515 4746 865 4802 inconsultos
902 4761 1102 4811 ausus;
1133 4755 1186 4801 et
1231 4747 1386 4814 cujus
1419 4747 1694 4800 manifesti
1735 4757 1883 4802 tene-

302 4850 499 4894 rentur
523 4838 826 4909 faadifragaa
865 4839 920 4892 in
958 4853 1112 4892 suam
1151 4839 1493 4906 maiestatem
1531 4840 1880 4902 temeritatis,

302 4941 497 4986 contra
526 4932 733 4985 dudum
793 4931 1040 4983 stabilita
1095 4930 1326 4983 invicem
1392 4939 1549 4999 pacta
1587 4929 1881 5000 perﬁdiose

303 5035 587 5092 grassataz,
642 5023 945 5092 increpavit
999 5024 1233 5085 crimen,
1285 5023 1448 5090 hujus
1484 5023 1649 5076 etiam
1683 5022 1882 5077 distin-

306 5132 480 5186 guens
514 5115 736 5186 gradus.
769 5113 906 5168 Nam
967 5122 1023 5169 et
1077 5113 1350 5167 nefarium
1393 5111 1565 5167 fuisse
1599 5115 1881 5167 incurrere

305 5210 540 5264 infestos
578 5209 729 5278 ipsos
787 5208 841 5260 in
885 5207 1006 5260 loca
1043 5203 1411 5274 imperatoria:
1441 5203 1689 5268 ditionis,
1721 5205 1884 5259 adeo-
1921 5213 1928 5219 '

303 5318 410 5372 que
441 5303 496 5357 in
527 5310 709 5370 partes
741 5300 896 5355 urbis
925 5299 1084 5369 regite
1113 5297 1205 5352 ubi
1262 5298 1661 5366 suo.permissu
1693 5312 1756 5351 ac
1779 5298 1883 5352 sub

306 5398 647 5464 protectione
673 5393 887 5462 imperii
913 5392 1230 5447 Genuenses
1253 5390 1588 5444 habitarent.
1607 5389 1874 5444 Caeterum

307 5503 472 5556 Super
507 5488 642 5540 illud
678 5501 774 5555 per
804 5501 862 5539 se
905 5486 1141 5538 immane
1183 5483 1416 5546 facinus,
1453 5496 1563 5536 non
1598 5481 1882 5536 dubitasse

309 5581 456 5649 ipsos
495 5581 872 5633 llmnanorum
922 5592 1142 5646 quoque
1195 5577 1468 5646 ipsorum,
1503 5589 1628 5628 cum
1680 5574 1881 5640 quibus

307 5686 492 5740 pacem
555 5673 844 5733 haberent,
903 5673 1039 5723 sitas
1071 5668 1215 5738 apud
1270 5667 1515 5722 Galatam
1569 5667 1762 5720 domos
1797 5670 1881 5719 in-

310 5766 563 5830 cendere,
602 5763 805 5817 furoris
837 5763 1083 5831 prof:cto
1127 5763 1406 5816 cmtmlum
1438 5769 1492 5815 et
1523 5774 1736 5815 omnem
1762 5758 1875 5828 jam

676 5860 944 5918 Pnaos.
990 5859 1104 5918 Gn.
1145 5855 1413 5917 CXLlV.

1996 4563 2261 4628 prehendi
2299 4565 2405 4631 iam
2438 4563 2705 4634 jusscrat,
2759 4565 2987 4620 multam
3044 4567 3244 4622 indi'xit
3300 4567 3564 4636 pecunia-

1995 4654 2128 4706 riam
2168 4669 2396 4707 summae
2425 4655 2710 4724 octoginta
2736 4655 2965 4709 millium
3014 4669 3364 4709 nummorum
3397 4653 3573 4708 eonfi-

1994 4748 2240 4802 ciendam
2271 4763 2338 4800 ex
2367 4749 2715 4816 oppignerari
2763 4750 2948 4805 statim
2985 4750 3157 4819 jussis
3203 4749 3447 4804 omnium
3481 4749 3568 4820 ip-

1996 4851 2180 4892 serum
2238 4839 2415 4900 bonis,
2448 4853 2556 4905 qua
2617 4839 2979 4894 resarciretur
3022 4839 3282 4894 damnum
3344 4839 3569 4894 combu-

1996 4937 2203 4983 starum
2229 4928 2644 4996 illicdomuum,
2671 4930 2752 4983 vel
2785 4929 2854 4984 ad
2885 4930 3050 4984 [talos
3082 4930 3162 4985 vel
3197 4928 3263 4984 ad
3291 4930 3567 4986 Romanos

1997 5021 2422 5090 pertinentium:
2457 5038 2581 5075 nam
2637 5033 2688 5077 et
2741 5021 3000 5076 Italorum
3038 5023 3232 5078 domos
3266 5024 3425 5093 juxta
3472 5039 3568 5093 pa-

1997 5123 2082 5167 cta
2116 5129 2239 5167 cum
2280 5113 2345 5167 iis
2379 5129 2407 5168 a
2439 5131 2498 5171 se
2524 5115 2654 5169 inita
2696 5115 2994 5171 defendere
3019 5131 3081 5172 se
3124 5117 3322 5172 debere
3347 5116 3566 5182 judica-

1997 5206 2092 5258 vit.
2124 5202 2354 5259 Videtur
2395 5219 2612 5273 qquue
2643 5206 2775 5260 mihi
2810 5221 2978 5261 causa
3011 5206 3226 5273 eadem,
3268 5209 3446 5274 dolor,
3480 5207 3569 5262 in-

1994 5312 2182 5364 quam,
2205 5309 2258 5350 et
2289 5296 2593 5368 indignatio
2623 5298 2838 5351 animos
2884 5313 3134 5367 pungens
3185 5300 3568 5356 recordatione

1996 5388 2456 5443 inﬂammatarum
2487 5403 2516 5441 a
2555 5389 2772 5445 Venetis
2818 5390 3038 5456 aedium,
3075 5392 3385 5447 concitasse
3416 5400 3569 5459 post-

1995 5483 2218 5536 modum
2242 5479 2562 5536 Genuenses
2587 5481 2655 5536 ad
2691 5483 3082 5552 insurgentium
3107 5485 3162 5538 in
3191 5498 3289 5539 eos
3319 5483 3566 5552 ipsorum

1996 5576 2089 5642 qui
2119 5581 2247 5626 tunc
2272 5583 2430 5628 erant
2457 5575 2512 5629 in
2547 5574 2706 5641 urbe,
2738 5581 2792 5629 et
2824 5575 3043 5630 eosdem
3076 5590 3219 5632 saeva
3254 5574 3574 5630 incursione

1999 5666 2407 5735 opprimendos.
