4018 6408
475 331 582 395 261

1663 314 1984 375 GEORGII
2029 312 2504 373 PACl-lYMEilrE

3625 320 3720 382 268

465 443 536 498 κ’.
575 439 717 512 [lupi
766 435 884 512 tﬁg
909 433 1045 512 stin:
1083 427 1645 512 I‘errqvt‘rtiwnatath
1695 427 1813 480 τῶν
1859 427 1928 479 ἐν
1970 426 2043 493 τῇ
2079 437 2115 487 Α
2145 425 2298 487 δέους
2345 427 2500 486 ὄντες
2543 427 2814 494 μετοικεῖν
2845 427 2926 490 ei;
2963 435 3062 497 την
3115 425 3253 480 ἰδίαν
3291 425 3472 498 χώραν
3503 428 3592 482 καί
3620 434 3710 501 τὴν

804 500 979 562 πόλει
1003 501 1334 560 Βενετικῶν
1365 500 1710 562 ἐπιθέσεως.

535 617 644 673 Τοῦ
673 618 781 689 γὰρ
803 614 962 669 αὐτού
985 615 1156 679 ἐτους,
1182 614 1345 683 μηνὸς
1367 609 1832 681 Σκιρροφοριῶνος
1853 609 2048 675 λήγον-

465 729 580 776 τος,
598 711 662 763 ἐκ
677 727 820 772 τινος
837 708 1046 769 εἰκαίας
1067 705 1241 767 αἰτίας
1268 703 1778 772 παρακροτήσαντες
1797 699 2043 765 ἑαυτοὺς,

468 806 565 858 καὶ
599 801 762 854 αὐτοῦ
795 800 888 853 τοῦ
925 798 1088 870 ρηγδς
1136 795 1428 864 Ἀρμενίας
1478 794 1731 861 τυχόντος
1763 795 1820 843 ἐν
1869 791 2043 853 πόλει,

469 897 529 960 ὃς
561 894 624 964 δὴ
655 895 750 947 καὶ
777 892 917 946 κατὰ
952 888 1212 960 φρερίους
1254 887 1487 946 Ἰταλοὺς
1517 882 1696 953 διῆγε,
1727 883 1794 934 τὰ
1820 883 2046 935 πλείστα

467 989 600 1058 γοῦν
625 985 718 1039 καὶ
753 983 918 1037 αὐτοῦ
947 979 1322 1040 δυσωποῦντος
1351 977 1446 1029 καὶ
1472 974 1869 1046 μεσιτεύοντος,
1897 974 2045 1026 πλεί-

470 1097 586 1132 στοι
635 1078 836 1143 ὀλίγοις
862 1074 956 1126 καὶ
1007 1072 1238 1142 ἡμέροις
1287 1070 1469 1138 ἄγριοι
1518 1067 1854 1134 ἐπιθέμενοι,
1888 1065 2045 1116 δυνα-

470 1171 793 1231 στεύσαντες
849 1169 943 1219 καὶ
987 1164 1156 1234 αὐτὴν
1188 1163 1284 1231 τὴν
1315 1159 1599 1231 βασιλικὴν
1635 1158 1900 1223 ἐξουσίαν,
1926 1157 2046 1209 τολ-

471 1264 614 1333 μῶσι
635 1262 705 1314 τὰ
728 1257 1072 1314 ἀνοσιώτατα
1094 1257 1376 1325 πράττειν,
1405 1249 1561 1320 θυμῷ
1582 1267 1639 1302 τε
1664 1247 2041 1317 συστρατιώτῃ

468 1353 807 1426 χρησάμενοι
853 1350 948 1401 καὶ
973 1348 1110 1418 ὀργῇ
1141 1347 1204 1397 ἐκ
1245 1345 1468 1413 μνήμης
1497 1341 1604 1393 τῶν
1656 1339 1784 1409 χθὲς
1832 1353 2044 1407 συμπε-

472 1447 673 1501 σόντων
712 1442 924 1506 σπάθας
957 1457 1014 1494 τε
1041 1437 1330 1508 γυμνοῦσι,
1362 1437 1456 1488 καὶ
1496 1431 1636 1486 συῶν
1669 1433 1854 1502 τρόπῳ
1894 1429 2040 1482 ὀδόν-

471 1558 571 1603 τας
601 1537 859 1609 θήξαντες
884 1535 1082 1604 ἄνδρας
1109 1527 1558 1599 ὑποκλινομένους
1589 1524 1740 1594 σφίσι
1773 1526 1868 1576 καί
1887 1522 2045 1576 λιπα-

473 1631 582 1702 ρῶς
617 1630 674 1696 ἐξ
709 1628 954 1696 ἀνάγκης
1013 1623 1298 1693 δεομένους
1355 1620 1616 1690 μεγίστης
1664 1615 1904 1686 ἀνηλεῶς
1943 1616 2042 1668 αύ-

470 1722 717 1793 θημερὸν
766 1718 1092 1781 κτείνουσιν,
1142 1713 1292 1775 ἐντὸς
1325 1711 1514 1764 οἰκιῶν
1567 1708 2041 1776 κατασφάττοντες

2148 515 2245 568 τοῦ
2279 518 2470 582 γένους
2508 518 2834 589 συναγωγὴν
2863 518 3126 586 ἔγνωσαν.

2146 619 2255 675 κα⁸.
2278 623 2417 690 Περί
2450 623 2561 693 τῆς
2580 627 2666 692 εις
2689 626 3042 691 Βενετικοὺς
3073 628 3395 695 πρεσϐείας
3419 627 3514 684 διὰ
3538 630 3713 686 ταῦτα

2711 696 2818 750 τοῦ
2841 697 3173 763 βασιλέως.

2225 788 2285 842 '0
2316 787 2426 858 γὰρ
2480 787 2729 857 βασιλεὺς
2761 789 2877 859 ἅμα
2911 791 3012 860 μὲν
3043 791 3119 859 τῷ
3159 791 3333 845 ταῦτα
3371 792 3620 858 γενέσθαι
3651 768 3716 848 δι’

2146 880 2357 942 ἐννοίας
2405 881 2698 948 γενόμενος
2738 879 2812 950 μὴ
2859 880 3042 932 αἰτίαν
3075 882 3230 950 σχοίη
3277 882 3354 944 ὡς
3387 883 3716 951 συμπράξειε

2149 973 2334 1042 δῆθεν,
2363 971 2623 1042 πρέσϐεις
2651 972 3012 1042 ἐκλεξάμενος
3037 975 3127 1026 τόν
3145 991 3202 1026 τε
3226 975 3460 1043 μοναχὸν
3477 975 3718 1045 Μάξιμον

2149 1065 2240 1116 τὸν
2281 1064 2592 1133 Πλανούδην
2619 1065 2714 1116 καὶ
2736 1064 2825 1117 τὸν
2848 1066 3252 1135 ὀρφανοτρόφον
3278 1066 3506 1131 Λέοντα,
3531 1066 3717 1135 ἄνδρας

2149 1155 2477 1223 ἐλλογίμους
2501 1157 2596 1208 καὶ
2626 1159 2905 1222 συνετοὺς,
2935 1158 3020 1210 ἐπ’
3056 1159 3361 1222 Ἀκουῖλίας
3382 1159 3716 1224 ἀπέστειλεν,
3764 1162 3769 1194 τ

2144 1244 2583 1316 ἀπολογούμενος
2616 1246 2694 1316 τῷ
2732 1248 2896 1317 κοινῷ
2932 1249 3192 1318 συνεδρίῳ
3217 1249 3425 1302 τούτων
3462 1249 3555 1301 καὶ
3579 1267 3716 1319 παρ·
3763 1275 3767 1304 :

2147 1338 2309 1392 ιστῶν
2339 1339 2401 1391 τό
2435 1339 2484 1391 oi
2528 1340 2620 1392 ἐπὶ
2650 1341 2757 1402 τοῖς
2787 1340 3194 1409 τετελεσμένοις
3246 1341 3512 1395 ἀναίτιον.
3543 1341 3605 1394 Οἳ
3629 1341 3719 1394 καὶ
3762 1319 3768 1348 1

2144 1432 2582 1499 παραγεγονότες
2642 1433 2700 1486 ἐν
2753 1433 2870 1502 χρῷ
2899 1432 3144 1486 κινδύνου
3197 1433 3570 1502 κατέστησαν,
3618 1433 3718 1488 τῶν

2145 1524 2462 1595 προσγενῶν
2488 1524 2593 1578 τῶν
2639 1524 3006 1594 φονευθέντων
3037 1525 3222 1593 σφίσιν
3281 1525 3715 1579 ἐπαναστάντων.

2143 1617 2312 1680 Μόλις
2345 1617 2400 1670 δὲ
2443 1617 2568 1680 τοὺς
2617 1617 2910 1687 περιόντας
2967 1617 3207 1679 οἰκείους
3257 1617 3602 1686 ζητήσαντες
3632 1619 3718 1672 καὶ

2142 1709 2420 1772 λαϐόντες,
2454 1709 2584 1778 περὶ
2638 1708 2738 1777 τῆς
2787 1709 2927 1778 μετὰ
2985 1709 3094 1762 τῶν
3158 1709 3454 1778 Ῥωμαίων
3503 1709 3716 1776 εἰρήνης

471 1771 884 1884 ίερτείῶν-νόμῳ.
931 1771 1200 1875 Ἀπδιγάρ
1226 1771 1319 1856 τοῦ
1349 1802 1433 1874 [Ρ.
1479 1801 1602 1872 165]
1633 1771 1782 1870 σφῶν
1813 1797 2044 1867 μπαῖού·
2067 1771 2116 1830 Β
2143 1799 2243 1868 τῆς
2275 1799 2369 1853 νῦν
2399 1771 2474 1863 ῶς
2527 1771 2706 1854 πάλαι-
2745 1771 2937 1869 καιρὸν
2983 1800 3196 1852 ἐτίθουν
3245 1771 3619 1868 βουλεύεσθαιξ
3643 1771 3712 1852 σὺ

467 1906 564 1959 λου
603 1903 922 1975 ἀρξάμενοι,
971 1900 1030 1952 ὃν
1085 1895 1535 1965 ἐγκεκλεισμένον
1569 1894 1677 1944 ἀπὸ
1722 1892 1916 1959 τέγους
1944 1907 2044 1960 χα-

468 1996 759 2058 λασθέντες
808 1989 1196 2062 κρεανομοῦσι,
1248 1989 1360 2050 τοῖς
1405 1985 1611 2047 λοιποῖς
1644 1984 1776 2037 ὅπου
1826 1981 2042 2051 τύχοιεν

471 2087 830 2151 ἐπιτίθενται,
855 2085 930 2147 ὡς
967 2085 1063 2136 καὶ
1103 2081 1330 2150 συχνοὺς
1379 2079 1495 2148 ἅμα
1533 2076 1798 2145 τεθάφθαι
1830 2076 1923 2128 καὶ
1953 2091 2044 2142 γε-

468 2179 660 2238 νέσθαι
686 2180 754 2236 τὰ
784 2179 1041 2252 μνήματα
1073 2171 1424 2242 πολυάνδρια.
1455 2171 1575 2224 Τῶν
1603 2168 1733 2238 γοῦν
1759 2167 2042 2235 ἐπιφανῶν

469 2276 645 2339 οὕτως
672 2274 947 2326 ὀλωλότων
975 2265 1186 2340 ἀνδρῶν
1238 2265 1286 2316 οἰ
1322 2261 1744 2331 ἐλλελειμμένοι,
1787 2258 2043 2330 βάναυσοί

469 2383 616 2429 τινες
665 2364 816 2426 ὅντες
859 2363 953 2414 καὶ
1005 2352 1326 2423 σκυτοτόμοι
1377 2353 1470 2404 καὶ
1518 2351 1764 2403 κιϐωτῶν
1794 2349 2038 2410 τέκτονες

471 2459 568 2512 καὶ
622 2457 803 2525 πάσης
849 2452 1015 2522 ἄλλης
1065 2446 1322 2518 ἐπήϐολοι
1354 2443 1571 2514 τέχνης,
1613 2443 1733 2495 τότε
1790 2441 1886 2510 μέν
1939 2439 2043 2491 ὑπὸ

477 2552 669 2606 σκότον
699 2548 884 2610 δύντες
920 2546 980 2598 τὸ
1018 2544 1169 2612 ξίφος
1199 2540 1578 2610 ἐκφεύγουσιν,
1621 2535 1845 2605 ὕστερον
1871 2533 1927 2585 δέ
1955 2533 2044 2586 διὰ

469 2724 563 2781 20.
594 2723 670 2779 De
692 2720 990 2777 incursione
1014 2717 1366 2838 Genuensiubm
1409 2717 1464 2768 in
1507 2711 1728 2768 Venetos
1767 2713 1857 2782 qui
1890 2719 2042 2765 erant

1139 2805 1192 2838 ιη
1224 2803 1290 2838 ur
1324 2801 1372 2838 8.

1139 2805 1192 2840 ιιι
1224 2801 1372 2840 urae.

544 2905 745 2961 Eodem
779 2902 982 2972 quippe
1007 2913 1173 2960 anno.
1208 2911 1392 2951 mense
1422 2893 1706 2950 Decembri
1729 2893 2040 2957 desinente,

471 2995 592 3052 rita
648 3010 712 3048 ex
771 2991 981 3058 vulgari
1037 2996 1091 3043 et
1153 2986 1310 3040 nibili
1351 2983 1756 3038 oﬂ‘ensiuneula
1804 2981 2043 3034 exarde-

477 3098 691 3152 scente,
732 3082 996 3140 concitati
1021 3081 1156 3135 adeo
1203 3086 1504 3145 mutuoque
1544 3077 1760 3129 hortatu
1796 3073 1862 3127 ad
1893 3086 2040 3126 arma

473 3177 810 3235 consternati
835 3175 1155 3229 Genuenses
1188 3177 1340 3233 sunt,
1396 3179 1454 3222 ut
1487 3164 1842 3236 quantumvis
1876 3165 2044 3218 inter-

473 3272 689 3329 cederet
718 3279 1019 3339 pacemque
1049 3262 1344 3318 conciliare
1371 3274 1469 3328 pro
1497 3257 1634 3312 virili
1667 3265 1887 3310 curaret
1916 3264 2045 3309 tunc

473 3368 616 3421 forte
662 3366 714 3417 in
753 3363 888 3416 urbe
929 3371 1172 3430 praesens
1207 3371 1301 3410 rex
1345 3352 1640 3417 Armeniae,
1689 3352 1828 3421 apud
1867 3360 2048 3406 utros-

475 3474 585 3527 que
617 3469 902 3510 sacrorum
938 3450 1331 3506 communione
1367 3446 1665 3514 gratiosus,
1692 3444 1892 3512 quippe
1921 3455 2045 3495 cum

475 3546 681 3603 Freriis
713 3543 863 3597 Italis
893 3543 1101 3604 vivens,
1132 3568 1202 3579 —-
1229 3539 1355 3600 isto,
1392 3537 1642 3604 inquam,
1676 3534 1742 3587 ad
1789 3535 1890 3587 bos
1933 3548 1963 3586 a
1995 3533 2046 3586 vi

475 3637 880 3696 diseuadendos
907 3632 1274 3702 nequidquam
1307 3630 1493 3684 omnia
1522 3635 1794 3692 tentante,
1830 3627 1882 3679 in
1910 3641 2048 3694 pau-

475 3748 573 3788 cos
625 3729 875 3801 plurimi,
929 3728 985 3781 in
1043 3727 1208 3780 mites
1245 3735 1300 3778 et
1339 3722 1607 3776 obnoxios
1663 3721 1763 3774 feri
1809 3721 2050 3789 saevique

477 3827 743 3894 impetum
795 3821 1083 3881 facientes,
1138 3817 1275 3888 ipsis
1309 3817 1472 3871 etiam
1525 3815 1747 3869 obstare
1800 3813 2047 3868 nascenti

477 3915 738 3971 tumultui
784 3911 1002 3967 conatis
1048 3908 1403 3978 imperatoris
1459 3905 1729 3960 ministris
1785 3916 1838 3960 et
1878 3905 2050 3975 magi-

477 4007 769 4069 stratibus,
799 4005 997 4060 cedere
1027 4001 1344 4070 compulsis,
1396 3999 1450 4053 in
1485 4014 1620 4054 ausa
1669 3999 1876 4054 nefaria
1917 4013 2049 4068 pro-

477 4106 781 4169 ruperunt,
817 4094 1174 4150 auxiliaribus
1211 4093 1292 4148 usi
1348 4093 1466 4147 zelo
1515 4106 1580 4146 ac
1639 4090 1849 4157 furore,
1909 4107 2050 4161 quos

475 4205 767 4247 recurrens
805 4188 1064 4244 memoria
1113 4202 1290 4258 nuper
1347 4197 1596 4241 actorum
1661 4185 2046 4241 inﬂammaret.

479 4284 699 4340 Strictis
730 4296 863 4352 ergo
896 4289 1119 4338 ruentes
1154 4281 1405 4344 ensibus,
1460 4288 1517 4334 et
1564 4293 1821 4346 aprorum
1877 4280 2051 4334 instar

475 4375 667 4430 dentes
699 4372 768 4426 ad
805 4374 1006 4428 caedem
1040 4373 1354 4426 aeuentium
1416 4370 1758 4433 frendentes,
1815 4369 2047 4424 miseros

2146 1891 2254 1961 μὴν
2305 1891 2359 1944 δὲ
2388 1891 2482 1944 καὶ
2519 1892 2779 1961 πρέσϐεις
2815 1891 3241 1944 άντιπέστελλον
3289 1891 3437 1955 τότε,
3493 1889 3626 1942 ἀλλά
3653 1889 3715 1942 δι’

2142 1983 2323 2037 αὐτῶν
2354 1984 2667 2054 περιαλγῶς
2706 1983 3104 2048 ἐξωνειδίξοντο
3138 1984 3352 2052 βασιλεί
3373 2001 3433 2036 τε
3461 1984 3554 2036 καὶ
3594 1983 3716 2036 Ῥω-

2145 2076 2348 2145 μαίοις,
2378 2078 2528 2140 ὅπως
2573 2077 2724 2140 ἐντὸς
2770 2077 2970 2147 χειρῶν
3001 2077 3225 2130 ἐκείνων
3274 2075 3556 2138 τοιαύταις
3591 2090 3717 2144 συμ-

2143 2170 2337 2237 φοραῖς
2386 2169 2461 2236 μὴ
2510 2169 2888 2238 χωρουμέναις
2933 2167 3010 2236 τῷ
3049 2169 3275 2221 ἐκείνων
3329 2166 3445 2220 ἐθει
3495 2167 3619 2226 τοὺς
3640 2167 3716 2218 οἰ·

2148 2262 2333 2322 κείους
2384 2262 2432 2312 οἰ
2482 2260 2862 2330 ἐχθραίνοντες
2915 2259 3258 2331 περιέϐαλον.
3295 2259 3379 2313 Τά
3430 2259 3611 2329 μέντοι
3655 2273 3712 2326 γε

2144 2353 2450 2421 πράγματα
2499 2352 2607 2405 τῶν
2647 2352 2948 2406 Βενετικῶν
2981 2355 3076 2406 καὶ
3123 2351 3493 2421 σφοδρότερον
3520 2351 3717 2405 ἀνταπ-

2141 2440 2303 2512 ῄτουν
2336 2442 2424 2512 (τὰ
2454 2442 2497 2493 δ’
2549 2437 2690 2512 ἦσαν
2721 2441 2756 2494 ἃ
2807 2442 3019 2510 φθάσας
3059 2443 3088 2495 ὁ
3144 2441 3402 2512 βασιλεὺς
3447 2441 3568 2494 ἀντὶ
3613 2439 3714 2492 τῶν

2143 2532 2595 2603 πυρποληθεισῶν
2643 2533 2830 2585 οἰκιῶν
2863 2533 3214 2602 ἐνεχύραςεν)
3248 2534 3328 2594 ὼς
3374 2534 3470 2602 οὐχ
3514 2531 3638 2585 οἴων
3661 2546 3714 2582 τε

2145 2724 2272 2768 tunc
2295 2711 2514 2779 quidem
2551 2709 2720 2764 abditi
2751 2710 2992 2765 tenebris
3017 2711 3256 2782 gladium
3281 2709 3560 2777 fugerunt,
3584 2712 3720 2776 post-

2142 2822 2205 2861 ea
2263 2815 2492 2875 urgente
2547 2815 2691 2858 metu
2749 2813 2997 2874 repetere
3029 2805 3259 2873 patriam
3305 2820 3478 2872 seque
3513 2802 3578 2858 ad
3611 2815 3715 2858 sua:

2144 2900 2326 2971 gentis
2371 2900 2616 2968 recipere
2648 2900 2958 2954 convictum
2991 2897 3142 2952 factu
3190 2897 3570 2951 necessarium
3617 2909 3712 2964 puv

2149 3001 2353 3046 larunt.

2287 3085 2378 3137 2|.
2415 3083 2488 3138 De
2524 3083 2782 3152 legatione
2809 3082 2878 3135 ad
2922 3082 3141 3138 Venetos
3173 3081 3236 3134 ob
3273 3083 3376 3136 hoc
3409 3082 3584 3136 missa.

2217 3175 2282 3229 21
2318 3178 2387 3228 At
2419 3177 2720 3243 imperator
2748 3173 2913 3229 simul
2947 3174 3060 3226 bare
3092 3173 3144 3225 in
3187 3173 3342 3227 hunc
3373 3175 3586 3227 modum
3608 3179 3714 3226 acta

2149 3269 2426 3338 cegnovit,
2453 3267 2722 3321 sollicitus
2757 3281 2822 3319 ne
2863 3265 3178 3334 culparetur
3207 3268 3375 3335 quasi
3410 3273 3716 3335 conparatus

2147 3362 2213 3416 ad
2231 3361 2393 3416 istam
2412 3360 2614 3415 czedem
2636 3358 3044 3420 Genuensibus.
3067 3361 3408 3414 monachum
3433 3359 3709 3414 Maximum

2147 3451 2446 3506 l’lanudem
2485 3459 2540 3504 et
2585 3447 2900 3518 pra-fectum
2953 3449 3419 3516 orplianotrophii
3468 3447 3712 3506 Leonem,

2149 3545 2296 3597 viros
2328 3542 2574 3612 insignes
2613 3556 2678 3594 ac
2701 3541 2997 3610 prudentes
3021 3553 3431 3611 proptereaque
3460 3541 3715 3612 iudicatos

2151 3636 2380 3689 idoneos
2415 3634 2546 3689 huic
2587 3644 2735 3687 recte
2780 3634 3070 3702 fungendae
3101 3635 3395 3703 legationi,
3429 3633 3714 3704 Aquileiam

2147 3723 2314 3794 jussit
2345 3740 2404 3780 se
2434 3725 2708 3786 conferre,
2742 3739 3092 3794 ,purgareqne
3123 3724 3238 3777 illic
3286 3727 3442 3794 apud
3475 3733 3710 3780 senatum

2155 3817 2482 3872 Venetorum
2523 3817 2904 3885 imperatorem
2940 3830 3100 3870 suum
3132 3817 3200 3869 ab
3231 3816 3391 3871 omni
3418 3816 3714 3885 suspicione

2150 3907 2566 3978 approbationis
2598 3918 2692 3961 aut
2745 3907 3100 3962 conscientia:
3145 3923 3326 3963 rerum
3369 3923 3399 3962 a
3427 3902 3716 3962 Genuensi-

2151 4000 2254 4053 bus
2287 4001 2556 4053 violenter
2589 4005 2853 4052 actarum.
2892 3998 2970 4051 Eo
3025 3998 3102 4051 illi
3147 4013 3272 4052 cum
3317 3997 3712 4067 pervenissmt,

2152 4094 2207 4146 in
2240 4093 2481 4147 maximo
2513 4093 2761 4162 periculo
2811 4091 3058 4155 fuerunt,
3114 4092 3375 4160 cognatis
3409 4103 3462 4146 et
3492 4101 3714 4144 consan-

2150 4185 2364 4254 guineis
2421 4201 2613 4240 eorum
2661 4185 2755 4254 qui
2812 4185 2980 4240 occisi
3016 4186 3236 4239 fuerant
3266 4185 3460 4240 ulcisci
3500 4189 3709 4238 suorum

2151 4279 2352 4334 caedem
2381 4279 2628 4345 ipsorum
2654 4291 2788 4330 nece
2813 4276 3294 4330 contendentibus.
3316 4276 3482 4346 Egre
3509 4271 3706 4326 tandem

2151 4366 2440 4435 praevaluit
2495 4367 2617 4420 vita:
2674 4365 2872 4420 horum
2937 4365 3198 4436 parcendi
3240 4367 3552 4428 consilium,
3588 4371 3708 4416 cura

475 4469 611 4537 ipsis
645 4480 704 4520 se
734 4464 1065 4520 inclinantes
1097 4470 1150 4515 et
1184 4463 1237 4514 in
1275 4469 1518 4515 extrema
1571 4460 1902 4513 necessitate
1935 4460 2034 4512 lru-
2075 4460 2118 4515 D
2150 4461 2388 4514 maxime
2407 4459 2701 4528 recipiendi
2723 4464 3126 4529 permutatione
3146 4476 3270 4515 cum
3297 4461 3448 4516 hisce
3474 4472 3607 4529 quos
3629 4451 3708 4509 sui

475 4559 701 4612 millime
743 4555 1018 4625 Supplices
1075 4551 1374 4606 crudeliter
1442 4552 1561 4620 ipsa
1619 4549 1706 4604 die
1772 4550 2042 4620 plurimos

473 4647 828 4711 obtruncant,
861 4646 1005 4698 intra
1035 4642 1228 4697 domos
1274 4639 1518 4708 ipsorum
1554 4639 1663 4693 ritu
1695 4639 2042 4694 victimarum

469 4741 808 4811 jugulantes.
835 4737 995 4792 lnitio
1025 4736 1172 4791 enim
1207 4735 1353 4789 facto
1375 4749 1405 4788 a
1428 4733 1618 4802 bajulo
1638 4748 1852 4796 eorum,
1881 4749 2042 4802 quem

474 4850 504 4886 e
538 4839 683 4886 tecto
735 4829 838 4885 sub
871 4842 980 4897 quo
1030 4825 1252 4881 clausus
1309 4825 1599 4880 tenebatur
1645 4827 2044 4895 praecipitantes

475 4919 820 4975 membratim
851 4917 1235 4984 conciderunt,
1289 4915 1450 4988 243
1478 4917 1532 4971 in
1570 4916 1708 4972 alios
1756 4917 1881 4973 inde
1920 4918 2046 4973 ubi-

473 5028 692 5082 cunque
751 5013 1004 5068 inventos
1062 5011 1180 5081 pari
1239 5021 1369 5066 sunt
1418 5011 1760 5066 immanitate
1819 5011 2042 5076 invecti,

477 5112 632 5158 tanta
676 5105 757 5160 sic
786 5105 935 5158 edita
964 5113 1019 5158 et
1045 5111 1250 5158 temere
1289 5118 1478 5174 sparsa
1532 5113 1736 5173 strage,
1771 5112 1828 5156 ut
1856 5104 2047 5173 singuo

475 5196 686 5251 laribus
738 5197 973 5251 cadaver
1011 5197 1266 5265 quodque
1321 5195 1584 5249 mandare
1631 5195 1900 5262 sepulcris
1951 5210 2048 5264 per

477 5288 700 5343 nimiam
729 5288 944 5358 copiam
979 5303 1088 5342 non
1117 5289 1325 5343 liceret.
1366 5285 1531 5341 Multa
1570 5287 1884 5341 necessario
1919 5301 2046 5340 coa-

473 5367 694 5434 cervata
727 5380 780 5433 in
819 5394 981 5433 unam
1039 5377 1252 5433 foveam
1283 5378 1562 5434 communi
1603 5378 1812 5431 tumulo
1852 5391 2046 5430 cumu-

472 5469 749 5524 labantur.
804 5470 899 5525 Sic
949 5471 1116 5539 igitur
1175 5467 1571 5524 illustrioribus
1609 5470 1922 5538 quibusque
1944 5465 2048 5522 Ve-

472 5568 730 5614 netorum
793 5561 846 5615 in
904 5565 1037 5615 urbe
1085 5560 1405 5630 degentium
1472 5559 1806 5628 absumptis,
1851 5560 2044 5629 reliqui

471 5651 695 5720 opifices
728 5651 897 5707 ferme
937 5653 1092 5716 viles,
1149 5665 1390 5718 sutores,
1425 5651 1672 5712 coriarii,
1710 5650 1849 5704 fabri
1885 5666 2046 5705 arca-

475 5755 618 5812 rum,
641 5745 1102 5816 illiberaliutnqne
1122 5747 1431 5802 istiusmodi
1456 5742 1797 5812 professores
1819 5746 2042 5812 artium,

2146 4552 2364 4622 generis
2395 4551 2571 4607 adhuc
2589 4553 2832 4620 reliquos
2863 4553 3034 4607 teneri
3053 4550 3528 4622 Constantinopoli
3563 4547 3709 4603 scie-
3740 4574 3750 4602 ε

2145 4643 2298 4698 bant.
2314 4644 2520 4710 Quibus
2535 4643 2780 4714 repetitis
2793 4645 3155 4715 receptisque,
3177 4645 3382 4714 legatos
3398 4643 3706 4700 dimiserunt

2145 4737 2297 4790 nullo
2330 4751 2593 4804 responso
2625 4736 2880 4805 dignatus
2922 4737 3067 4792 circa
3100 4739 3533 4808 propositionem
3564 4740 3706 4801 pacm

2146 4827 2292 4881 inter
2339 4829 2630 4897 imperium
2663 4838 2716 4883 et
2755 4827 2994 4884 Venetos
3041 4831 3246 4885 veteris
3292 4846 3433 4885 nova
3485 4825 3706 4881 invicem

2148 4921 2515 4976 conventione
2555 4919 2859 4976 ﬁrmandae.
2906 4920 3011 4977 ista
3061 4921 3207 4975 enim
3251 4921 3322 4975 de
3357 4935 3418 4975 re
3444 4933 3504 4974 se
3531 4922 3708 4984 postea

2146 5015 2542 5068 deliberaturos
2574 5013 2854 5078 dixerunt,
2889 5013 2980 5067 ubi
3013 5023 3161 5069 esset
3200 5014 3335 5082 ipsis
3383 5013 3452 5066 ab
3484 5011 3709 5076 impera-

2148 5115 2267 5160 tore
2298 5105 2638 5159 satisfactum
2671 5106 2819 5159 circa
2849 5105 3098 5174 quaedam
3159 5120 3284 5174 quae
3352 5105 3421 5159 ab
3454 5103 3569 5170 ipso
3617 5107 3708 5164 Ρο·

2146 5205 2385 5251 scerent.
2438 5193 2650 5260 Quibus
2687 5204 2866 5250 tamen
2920 5195 3025 5264 ipsi
3095 5197 3440 5266 exponendis
3507 5192 3704 5259 Iegdos

2146 5287 2390 5341 vicissim
2421 5285 2958 5357 Constantinopolim
2993 5287 3209 5342 mittere
3260 5304 3370 5342 non
3412 5287 3701 5340 curarunt:

2146 5381 2240 5434 Sed
2273 5393 2369 5448 per
2404 5379 2545 5435 duos
2575 5381 2775 5434 missos
2828 5381 2978 5435 illinc
3020 5383 3212 5437 eodem
3245 5388 3573 5438 revertentes
3599 5369 3704 5441 P'i‘

2146 5488 2294 5527 mum
2330 5473 2584 5527 dolenter
2618 5475 3028 5544 exprobrarunt
3080 5475 3398 5547 imperatori
3431 5483 3482 5528 et
3510 5468 3703 5521 Benia-

2147 5565 2234 5620 nis
2265 5567 2410 5635 quod
2441 5565 2787 5622 crudelitatis
2817 5567 3161 5625 immanioris
3193 5585 3356 5637 quam
3400 5576 3575 5619 mores
3619 5555 3700 5620 il)“
3751 5583 3768 5592 -

2147 5671 2333 5710 serum
2365 5656 2527 5729 244
2574 5667 2626 5713 ct
2677 5659 2856 5714 civilis
2912 5661 3188 5716 institutio
3217 5675 3410 5733 capere
3460 5669 3522 5709 ac
3567 5647 3698 5702 ferre

2147 5763 2305 5818 posse
2335 5752 2671 5816 tiderentur,
2711 5753 2960 5808 exercitae
2998 5754 3132 5823 ipsis
3168 5753 3470 5810 sinentibus
3506 5747 3556 5799 in
3581 5749 3696 5802 ευρ·
