4018 6402
349 329 458 394 2ὑ9

1200 324 1300 387 DE
1339 322 1783 386 ANDRONICO
1825 321 2286 385 PALEOLOGO
2320 323 2472 385 LIB.
2510 322 2636 386 III.

3488 327 3597 393 270

342 437 462 494 τῶν
492 435 736 493 σπονδῶν
771 432 1120 505 γενήσεσθαι,
1170 434 1250 498 είς
1280 433 1577 489 ἀνανέωσιν
1607 432 1708 505 ἤδη
1736 429 1925 501 κειμέ-
1951 432 2001 491 Α
2030 428 2179 503 παρὰ
2216 429 2324 482 τῶν
2360 430 2694 501 σχιζομένων
2723 427 2947 499 ἀφανεῖς
2990 445 3048 483 τε
3077 430 3170 483 καὶ
3205 430 3445 503 φανεράς
3479 436 3605 489 ἐπι-

344 546 482 621 νωχ,
527 525 908 621 ἔξηνυσμιξνων
943 525 1060 621 Δτῶν
1089 524 1189 621 τῆς
1227 525 1499 621 προτέρας
1533 525 1779 621 εἰρήνης’
1802 540 1926 621 καιέ-

346 614 486 692 ρῶν,
512 621 560 673 εἰ
587 619 663 689 μὴ
692 618 866 673 ταῦτα
892 618 1125 687 γένοιτο.
1150 616 1410 681 Βασιλεὺς
1440 617 1498 671 δὲ
1519 621 1611 673 καὶ
1641 616 1721 669 ἔτι
1759 614 1928 686 ἀπρὶξ

344 712 530 782 εἴχετο
559 710 787 776 τούτων,
825 710 885 763 οὐ
915 709 1055 766 κατὰ
1086 707 1276 781 χρείαν
1306 707 1512 780 μᾶλλον
1542 706 1575 778 ἢ
1603 707 1701 781 τὴν
1733 705 1827 761 τοῦ
1852 705 1931 759 δι-

341 803 509 857 καίου
549 803 733 870 δόξαν,
766 800 1130 873 ὑπερηφανῶν
1159 799 1295 864 ὅλως
1316 799 1393 863 ὡς
1419 798 1647 853 ἐκείνων
1675 798 1768 852 καὶ
1795 798 1929 868 μᾶλ-

341 895 442 949 λον
491 894 648 960 αὖθις
697 896 797 966 τῆς
849 888 988 967 πρὸς
1040 891 1350 963 Ῥωμαίους
1399 889 1816 961 δεηθησομένων
1853 890 1929 943 εἰ-

340 988 539 1058 ρήνης-

338 1097 455 1166 κβ’.
487 1095 629 1163 Περὶ
676 1093 781 1166 τοῦ
814 1094 1136 1166 ῥιφθέντος
1181 1091 1366 1166 γόμου
1408 1092 1478 1166 ἐξ·
1521 1084 1571 1160 ᾧ
1601 1091 1927 1166 ἐγέγραπτο

418 1161 1196 1234 κατηγορήματάίτιναςκαὶ
1224 1165 1360 1230 περὶ
1390 1161 1501 1233 τῆς
1536 1161 1753 1216 τούτου
1782 1163 1930 1217 ἀπο-

417 1237 634 1303 λογίας
664 1234 773 1289 τοῦ
798 1235 1128 1300 βασιλέως.

360 1386 373 1393 -
417 1348 485 1421 [Ρ
509 1346 635 1420 166]
652 1346 767 1417 Τῆς
797 1347 896 1417 μὲν
922 1346 1015 1400 τοῦ
1038 1346 1301 1417 βασιλεως
1329 1346 1454 1418 περὶ
1480 1346 1578 1417 τὴν
1601 1347 1929 1416 Ἐκκλησίαν

332 1441 677 1512 κηδεμονίας
724 1438 895 1491 πολλὰ
940 1440 1036 1491 καὶ
1064 1439 1196 1493 ἄλλα
1228 1439 1297 1491 τὰ
1324 1438 1614 1507 δείγματα,
1649 1440 1696 1491 εί
1741 1441 1835 1493 καὶ
1865 1439 1932 1492 τὰ

331 1533 469 1587 κατ’
494 1532 663 1602 αὐτὴν
693 1532 995 1602 πράγματα
1022 1530 1158 1600 ὕδρα
1194 1548 1277 1593 τις
1298 1529 1363 1600 ἦν
1391 1532 1424 1601 η
1465 1529 1808 1599 μυθευομένη
1836 1531 1931 1584 καὶ

335 1623 554 1686 πολλὰς
586 1622 896 1675 σκανδάλων
922 1623 1125 1691 ἀνέφυε
1154 1621 1415 1693 κεφαλάς.
1455 1619 1602 1673 "East
1630 1620 1690 1674 δὲ
1714 1621 1932 1685 πάντως

331 1717 424 1786 τῷ
466 1717 735 1785 Ἡρακλεῖ
754 1718 1004 1785 τέμνοντι
1034 1716 1128 1769 καὶ
1157 1715 1476 1781 ὲπικάοντος
1521 1714 1745 1768 Ἰολάου.
1788 1714 1929 1768 Ἀλλ’

337 1811 372 1862 ὁ
408 1811 510 1880 μὲν
556 1808 836 1880 Ἡρακλῆς
884 1803 951 1878 ἦν
1007 1802 1184 1871 οὗτος,
1222 1808 1420 1871 Ἰόλαος
1467 1808 1525 1860 δὲ
1559 1810 1587 1860 ὁ
1632 1808 1728 1860 καὶ
1778 1807 1928 1872 ἄξιος

337 1899 613 1970 συνεργὸς
644 1898 890 1969 ἐζητεῖτο
924 1899 1047 1969 μὲν,
1079 1900 1177 1968 οὐχ
1224 1898 1509 1969 εὑρίσκετο
1536 1898 1615 1953 δέ.
1645 1898 1743 1953 Διὰ
1766 1897 1926 1952 τοῦτο

338 1996 447 2047 καὶ
475 1996 575 2045 οὐκ
601 1988 669 2063 ἦν
695 1991 830 2054 ὅλως
860 1992 1020 2060 μόνον
1055 1991 1152 2055 τὰς
1178 1990 1352 2060 τομὰς
1380 1990 1606 2057 εὐοδεῖν,
1643 1992 1691 2044 εί
1727 1992 1820 2043 καὶ
1850 1989 1927 2064 μὴ

337 2083 407 2135 τὸ
440 2082 596 2150 ξίφος
625 2082 724 2153 τῆς
758 2080 1039 2155 φροντίδος
1072 2080 1404 2152 ⁴ιγμσλύνετο.
1439 2083 1552 2141 Καὶ
1591 2083 1793 2153 ἀφίημι
1828 2083 1926 2148 τὰς

339 2263 520 2329 plices
571 2261 838 2329 ipsorum,
893 2276 1032 2330 quos
1086 2270 1375 2331 protegere
1435 2260 1564 2331 jure
1624 2261 1848 2332 hospitii
1875 2270 1931 2318 et

346 2353 615 2423 promissi
647 2353 939 2422 patrocinii
977 2352 1082 2407 fide
1116 2351 1447 2417 debuerant,
1502 2350 1829 2408 manifestos
1874 2359 1931 2407 et

344 2445 495 2499 fac-to
531 2444 832 2512 gloriantes
869 2452 1128 2498 auctores
1172 2442 1236 2505 ,in
1286 2442 1403 2498 suis
1451 2443 1704 2497 manibus
1737 2457 1800 2497 ac
1829 2458 1931 2514 po-

346 2547 548 2593 testate
582 2537 804 2606 impune
854 2537 1036 2590 vivere
1082 2536 1486 2605 permitterent.
1537 2533 1747 2590 Deinde
1789 2535 1933 2591 bona

345 2646 615 2695 suorum,
656 2643 755 2700 pro
814 2627 985 2681 multa
1062 2627 1266 2682 indicta
1317 2627 1930 2698 incompensationem

346 2722 537 2776 damni
575 2720 985 2777 combustarum
1035 2720 1269 2785 aedium,
1297 2727 1641 2789 sequestrata
1709 2733 1937 2789 magno-

354 2828 502 2882 pere,
563 2821 622 2865 ut
652 2811 1058 2874 relaxarentur,
1090 2808 1434 2872 institerunt,
1494 2814 1776 2878 negantes,
1825 2806 1934 2861 nisi

357 2905 473 2957 haec
502 2905 719 2968 tierent,
750 2915 810 2957 se
840 2916 1003 2972 posse
1043 2901 1357 2955 consentire
1393 2901 1448 2955 in
1518 2901 1933 2956 renm'ationem

367 2998 493 3049 olim
520 2996 611 3049 icti
637 3011 763 3049 cum
790 2993 1045 3064 imperio,
1070 2992 1123 3046 in
1155 3000 1365 3049 certum
1398 2995 1743 3064 tempusjam
1776 3009 1934 3063 pror-

361 3101 455 3141 sus
489 3087 753 3155 elapsum,
802 3083 1046 3157 foederis.
1101 3081 1315 3148 Quibus
1366 3082 1568 3137 auditis
1632 3083 1934 3151 imperator

351 3175 670 3232 obfirmavit
707 3191 766 3232 se
798 3175 851 3229 in
884 3174 1122 3231 consilio
1148 3172 1383 3243 negandi
1420 3171 1568 3243 quod
1619 3171 1931 3242 petebatur,

345 3287 459 3328 non
498 3270 675 3340 magis
701 3278 1028 3340 praesentem
1073 3266 1366 3322 utilitatem
1400 3280 1559 3335 quam
1604 3264 1695 3335 jus
1727 3264 1932 3334 ipsum,

342 3380 462 3433 quo
510 3362 615 3416 niti
667 3377 728 3417 se
775 3362 829 3415 in
889 3362 974 3416 his
1025 3370 1180 3415 certo
1245 3357 1616 3420 existimabat,
1667 3372 1928 3426 sequens,

344 3462 716 3510 contemnens
773 3464 957 3508 autem
1033 3450 1263 3505 omnino
1319 3447 1654 3503 Venetorum
1710 3450 1928 3514 minas;

345 3561 487 3623 quos
519 3547 734 3615 priores
794 3559 938 3615 opus
970 3542 1259 3598 habituros
1286 3554 1482 3594 rursus
1524 3538 1762 3592 stabilita
1804 3552 1930 3590 cum

346 3637 618 3694 Ronrnnis
676 3651 832 3708 pace,
866 3646 919 3691 et
950 3637 1015 3689 ad
1054 3635 1103 3689 id
1137 3635 1316 3702 ipsum
1349 3629 1644 3692 orandum,
1698 3629 1931 3683 rationi-

346 3730 455 3789 bus
490 3732 736 3802 ipsorum
768 3728 1137 3803 adigentibus,
1189 3725 1336 3783 ultro
1387 3724 1757 3780 descensuros
1796 3735 1930 3777 con-

352 3825 580 3879 ﬁdebat.

350 3939 558 4014 22.0:
603 3938 751 4013 jacio
783 3946 949 4014 Διοιηο
988 3936 1040 3991 in
1097 3951 1199 4014 quo
1246 3937 1459 4014 scriptae
1513 3940 1933 4014 erant-accusa-

425 4006 922 4081 lioncs‘quwdam;
961 4015 1012 4061 et
1061 4016 1120 4059 ut
1155 4006 1219 4059 de
1274 4006 1337 4057 iis
1387 4018 1440 4057 se
1477 4006 1718 4071 purgarit
1770 4017 1932 4070 tmpe-

423 4090 509 4134 rat
515 4095 595 4134 Of.

424 4193 602 4259 Quam
645 4190 797 4246 cordi
822 4200 1008 4252 essent
1055 4188 1379 4259 imperatori
1419 4202 1506 4243 res
1548 4186 1825 4248 Ecclesiae,
1868 4199 1930 4239 ac

350 4300 522 4357 quam
573 4284 811 4341 sollicito
843 4283 935 4338 ille
965 4278 1151 4338 studio
1178 4296 1362 4349 pacem
1397 4282 1517 4351 ejus
1561 4280 1930 4350 tranquillita-

349 4388 573 4446 temque
608 4385 953 4446 procuraret,
994 4374 1183 4430 multis
1238 4375 1387 4427 varie
1449 4388 1545 4443 per
1579 4373 1722 4427 hanc
1757 4374 1932 4427 histo-

2031 518 2418 587 τεχνιτεύσεις,
2450 519 2676 589 ψυχρῶν
2710 519 2947 591 χαρίτων
2984 520 3135 588 παρὰ
3181 522 3392 577 πολλῶν
3436 536 3606 581 κατα-

2029 608 2327 676 τιθεμένων
2359 610 2521 681 αὺτῇ,
2552 610 2629 675 ὡς
2667 611 2970 683 εἰρηνεύειν
3007 610 3131 682 μὲν,
3183 613 3243 665 οὐ
3286 615 3392 686 μὴν
3422 614 3479 669 δὲ
3513 620 3610 671 καὶ
3668 638 3671 643 ε

2030 699 2245 766 παγίως
2295 700 2441 771 ἔχειν
2476 701 2612 772 πρὸς
2660 701 2758 775 τὴν
2805 705 3051 775 εἰρήνην,
3087 703 3201 778 ἁλλέ
3259 706 3606 776 άμφικλινῶς

2030 791 2126 842 καὶ
2159 791 2232 856 ὼς
2286 791 2500 863 ἔτυχεν.
2558 793 2700 846 Ἀλλ’
2747 791 2859 848 οἷον
2904 794 2966 848 τὸ
3015 797 3157 849 τότε.
3214 798 3453 863 Φάκελος
3499 801 3608 873 γὰρ

2028 883 2375 952 γραμμάτων
2405 886 2499 938 καὶ
2548 884 2714 954 τόμος
2733 923 2749 951 ,
2779 884 2808 937 ὃ
2834 885 2898 956 δὴ
2944 886 3160 955 λέγεται
3196 888 3498 961 φάμουσος,
3530 895 3611 956 είς

2030 974 2219 1043 χεῖρας
2263 974 2342 1045 τῷ
2376 974 2585 1045 βασιλεῖ
2633 977 2862 1046 γίνεται,
2905 979 2965 1033 τὸ
3018 980 3117 1050 μὲν
3146 980 3268 1034 ὅθεν
3319 984 3411 1037 καὶ
3461 989 3611 1057 παρὰ

2029 1066 2195 1119 τίνων
2223 1067 2324 1121 οὐκ
2374 1063 2512 1134 οἶδα,
2552 1070 2693 1133 τέως
2737 1070 2796 1125 δὲ
2855 1072 3003 1125 πόλλ’
3040 1073 3176 1127 ἄττα
3223 1074 3405 1146 φέρων
3433 1079 3612 1133 αἰτιά-

2035 1174 2200 1221 ματα.
2236 1159 2438 1213 Τοῦτον
2483 1159 2766 1232 βουληθεὶς
2812 1164 3141 1232 ἀνατρέπειν
3175 1166 3202 1216 ὁ
3236 1164 3488 1237 βασιλεὺς
3519 1170 3612 1224 καὶ

2030 1249 2225 1317 λόγους
2249 1253 2437 1322 φέρειν
2460 1253 2788 1318 παλαίοντας
2820 1256 3075 1328 (ἥπτοντο
3098 1259 3204 1329 γὰρ
3233 1262 3491 1326 ἐπιεικῶς
3521 1264 3615 1317 κά-

2031 1337 2212 1394 κείνου
2243 1341 2311 1394 τὰ
2345 1344 2668 1416 αἰτιάματα)
2701 1345 2759 1398 τὸ
2790 1348 2888 1415 μὲν
2912 1352 3152 1418 γραφαῖς
3172 1353 3270 1420 τὴν
3298 1352 3613 1414 ἀντιλογίαν

2030 1431 2350 1499 ἐπιτρέπειν
2397 1434 2663 1501 γίνεσθαι,
2718 1437 2793 1501 ὡς
2822 1437 2890 1492 ἄν
2938 1456 3001 1506 γε
3033 1442 3174 1496 κατὰ
3208 1443 3360 1513 ῥῆμα
3390 1446 3457 1496 τὰ
3509 1446 3611 1517 τῆς

2033 1524 2349 1595 ἀνασκευῆς
2404 1526 2668 1595 γίγνοιτο,
2725 1529 2826 1583 οὐκ
2876 1533 3168 1602 ἐδοκίμαζε
3215 1535 3353 1600 τέως
3403 1538 3615 1593 πολλῶν

2035 1615 2223 1668 αἰτιῶν
2265 1616 2427 1671 ἕνεκα
2456 1636 2471 1652 ο
2523 1620 2687 1683 αὐτὸς
2722 1619 2768 1673 δ’
2795 1621 2938 1689 ἔγνω
2973 1625 3333 1695 προκαθίσας,
3372 1644 3618 1698 συναγωο

2035 1706 2138 1774 γῆς
2163 1708 2353 1776 κοινῆς
2384 1711 2693 1778 γεγονυίας,
2721 1713 2845 1767 καθ’
2872 1713 2931 1767 ἓν
2957 1717 3464 1787 ἀναγινωσκόμενον
3487 1722 3618 1774 ἁνα-

2032 1799 2278 1868 τρέπειν.
2314 1802 2424 1855 Καὶ
2448 1803 2675 1871 γέγονεν
2716 1803 2879 1861 οὕτω.
2916 1808 3026 1860 Καὶ
3058 1808 3124 1878 δὴ
3165 1810 3491 1878 συνάγονται
3517 1815 3615 1882 μὲν

2030 1888 2330 1959 ἀρχιερεῖς,
2357 1892 2680 1960 συνάγονται
2712 1892 2759 1946 δ’
2805 1895 2855 1947 οἱ
2892 1894 2985 1948 τοῦ
3025 1895 3225 1968 κλήρου
3264 1900 3359 1954 καὶ
3392 1904 3618 1973 μοναχοὶ

2034 1982 2130 2034 καὶ⁵
2157 1981 2307 2048 λαὸς,
2338 1982 2435 2036 καὶ
2467 1983 2721 2054 βασιλεὺς
2751 1986 2868 2055 ἅμα
2896 1990 3008 2051 τοῖς
3037 1989 3095 2042 ἐν
3144 1990 3291 2043 τέλει
3336 1994 3615 2063 συνεδριά-

2036 2087 2136 2136 σας
2165 2072 2397 2128 ἕκαστον
2440 2077 2739 2145 κεφάλαιον
2779 2079 2889 2132 τῶν
2919 2066 3014 2132 tofi
3048 2079 3216 2151 τόμον
3259 2081 3359 2135 οὐκ
3406 2084 3619 2151 ἀγενῶς

2035 2264 2120 2311 est
2150 2255 2456 2327 indignius,
2483 2259 2691 2315 multos
2719 2259 2772 2313 in
2796 2274 2861 2315 eo
2894 2274 3096 2331 passus
3128 2263 3484 2320 adversantes
3513 2267 3619 2325 sit?

2033 2347 2193 2405 Mitto
2236 2351 2603 2408 discissorum
2657 2352 2727 2407 ab
2764 2352 3016 2410 Ecclesia
3079 2361 3276 2426 partim
3329 2360 3617 2413 machina—

2037 2444 2217 2501 tiones
2244 2444 2301 2498 in
2354 2460 2477 2499 eum
2516 2447 2800 2511 subdolas,
2852 2450 3050 2519 partim
3089 2450 3408 2520 eruptiones
3440 2454 3616 2521 palam

2036 2538 2394 2594 vehementes
2420 2554 2434 2589 :
2457 2538 2750 2595 dissimulo
2769 2542 2994 2607 frigidas
3011 2547 3215 2614 gratias
3237 2548 3476 2616 ipsorum
3496 2548 3619 2617 ejus

2037 2629 2200 2702 245
2227 2645 2329 2700 ope
2355 2633 2838 2687 reconciliatorum
2890 2636 3168 2702 Ecclesiae,
3197 2655 3431 2708 quorum
3477 2642 3619 2697 haud

2038 2736 2197 2789 pauet
2232 2722 2318 2775 vel
2349 2737 2457 2776 non
2494 2722 2634 2775 bona
2670 2724 2776 2778 fide
2809 2726 2894 2779 usi
2950 2727 3237 2786 beneficio.
3273 2732 3358 2785 vel
3392 2746 3497 2785 non
3530 2748 3622 2789 sa-

2038 2813 2111 2867 tis
2141 2824 2303 2882 grato
2334 2813 2522 2868 animo
2558 2815 2802 2869 studium
2848 2832 3001 2886 arqua
3032 2822 3389 2889 proportione
3418 2826 3620 2881 merito

2039 2902 2426 2975 rependentes,
2457 2906 2529 2959 ita
2559 2910 2736 2976 pacati
2765 2918 2925 2962 erant
2953 2920 3011 2964 ut
3037 2912 3090 2965 in
3122 2928 3254 2981 pace
3287 2916 3616 2983 titubarent,

2040 2998 2283 3069 ambigui
2310 2998 2449 3053 inter
2477 3008 2794 3069 utrumque,
2822 3010 2876 3057 et
2906 3004 2972 3058 ad
3006 3020 3222 3062 omnem
3252 3025 3397 3064 aurae
3428 3011 3620 3068 flatum

2041 3089 2423 3161 inquietudine
2468 3093 2701 3147 obnoxia
2738 3096 2990 3152 mobiles.
3019 3098 3191 3168 Hujus
3241 3104 3458 3171 generis
3501 3106 3620 3162 eui-

2041 3185 2185 3251 piam
2217 3184 2605 3253 imputaverim
2642 3189 2787 3256 quod
2823 3196 2954 3243 tunc
3013 3193 3245 3261 contigit
3280 3197 3438 3249 modo
3468 3213 3496 3251 ο
3533 3214 3620 3254 me

2040 3274 2403 3329 narrandum.
2435 3275 2757 3332 Fasciculus
2790 3278 3108 3333 chartarum
3144 3283 3259 3337 sive
3295 3295 3493 3348 tomus,
3522 3294 3620 3341 aut

2040 3368 2241 3434 potius,
2280 3375 2339 3422 ut
2366 3370 2551 3423 vocari
2582 3369 2744 3429 solet.
2781 3368 3026 3425 famosus
3059 3372 3296 3436 libellus,
3338 3373 3389 3426 in
3423 3390 3619 3432 inaltus

2037 3456 2388 3525 imperatoris
2417 3457 2588 3525 venit,
2625 3458 2771 3512 unde
2805 3469 2900 3513 aut
2946 3476 3043 3529 per
3077 3475 3219 3530 quos
3262 3462 3486 3528 allatus,
3523 3481 3618 3522 ne-

2033 3548 2171 3612 scio,
2223 3559 2480 3603 castorum
2532 3551 2700 3604 multa
2761 3551 3212 3607 criminationem
3275 3555 3616 3626 amplectens

2035 3640 2238 3710 capita.
2276 3639 2351 3693 Ea
2391 3639 2644 3695 refellere
2677 3642 2867 3698 volens
2901 3643 3229 3713 imperator,
3259 3655 3314 3701 et
3341 3648 3617 3717 oppositis

2035 3731 2455 3787 defensionibus
2488 3733 2700 3788 idoneis
2736 3735 3167 3792 iueluctabiliter
3197 3738 3450 3795 evincere
3477 3741 3618 3796 nihil

2036 3825 2091 3880 in
2134 3826 2200 3881 iis
2229 3826 2333 3880 nisi
2371 3842 2570 3880 vanum
2628 3838 2682 3882 et
2713 3829 3120 3884 calumniosum
3158 3845 3282 3886 esse
3309 3830 3482 3903 (erant
3518 3850 3616 3889 au-

2035 3924 2143 3970 tem
2180 3915 2293 3970 illic
2329 3915 2580 3983 qumdam
2618 3918 2755 3972 satis
2817 3918 3061 3972 aculeata
3101 3919 3156 3974 in
3220 3921 3398 3990 ipsum
3434 3926 3616 3995 Augu-

2033 4014 2204 4073 stum,
2222 4020 2455 4074 quisque
2477 4006 2633 4059 illum
2656 4006 2804 4060 haud
2823 4008 3019 4063 leviter
3040 4010 3366 4081 pungerent)
3406 4014 3620 4085 scripto

2035 4101 2383 4155 committere
2408 4097 2850 4155 confutationem
2894 4101 3091 4156 ordine
3122 4101 3355 4173 singulis
3383 4105 3617 4176 objectis

2034 4206 2388 4245 occursuram
2419 4206 2527 4244 non
2550 4190 2817 4259 judicavit
2847 4202 3239 4262 opportunum,
3265 4196 3515 4264 pluribus
3546 4199 3618 4253 de

2034 4283 2253 4337 causis:
2287 4297 2423 4336 voce
2469 4282 2593 4335 viva
2651 4282 2827 4338 satius
2866 4283 3055 4338 habuit
3104 4299 3217 4339 rem
3265 4288 3514 4357 exsequi,
3563 4300 3621 4347 et

2035 4373 2209 4426 habiti
2246 4387 2358 4442 pra:
2382 4372 2562 4428 oculis
2600 4372 2769 4428 libelli
2809 4384 3017 4445 partes,
3067 4385 3188 4447 post
3215 4393 3491 4452 quamque
3533 4398 3621 4439 re-

350 4470 494 4522 riam
543 4467 756 4537 sparsis
813 4467 1042 4538 intelligi
1092 4467 1271 4536 potuit
1315 4465 1601 4535 exemplis.
1657 4462 1926 4520 Caeterum
1962 4482 2011 4542 ι)
2039 4465 2286 4529 citatam,
2313 4466 2550 4520 dicendo
2577 4472 2827 4520 evertere
2849 4466 3118 4536 singulas.
3151 4466 3207 4523 Id
3229 4469 3369 4527 adeo
3394 4473 3447 4527 iu
3474 4473 3621 4530 hunc

348 4575 475 4631 quae
515 4568 647 4615 tunc
696 4559 996 4621 Ecclesiam
1052 4558 1355 4617 turbabant
1409 4556 1698 4622 scandala,
1752 4556 1937 4625 hydra:

349 4651 534 4707 instar
572 4652 720 4707 illius
760 4660 1078 4707 memorata:
1110 4650 1162 4704 in
1193 4649 1415 4714 fabulis,
1447 4647 1679 4705 fecundo
1703 4647 1936 4704 subinde

350 4744 697 4799 nascentium
744 4745 983 4813 capitum
1021 4742 1364 4812 pullulabant
1420 4741 1555 4807 fetu,
1581 4740 1782 4810 quibus
1824 4738 1934 4793 uti-

352 4850 464 4906 que
490 4835 777 4890 vincendis
806 4850 946 4903 opus
980 4833 1203 4887 omnino
1235 4839 1353 4884 erat
1396 4830 1655 4891 Hercule,
1711 4836 1935 4884 secante

356 4937 409 4982 et
437 4939 627 4981 urente
644 4924 825 4981 Jolao.
853 4924 1141 4980 Herculem
1175 4925 1229 4976 in
1263 4924 1595 4991 imperatore
1616 4918 1933 4975 Andronico

352 5034 781 5085 repereramus:
856 5016 951 5086 qui
1027 5017 1079 5071 ei
1151 5027 1459 5086 Opportune
1520 5021 1931 5082 cooperaretur,

350 5113 618 5182 quaesitus
647 5111 737 5164 diu
778 5119 883 5175 est,
910 5109 1152 5163 nondum
1187 5117 1368 5162 autem
1403 5106 1687 5169 inventus,
1716 5104 1928 5159 Jolaus.

353 5202 500 5269 Quid
545 5217 676 5272 ergo
712 5190 931 5254 'mirum
971 5201 1017 5255 si
1058 5200 1209 5254 solus
1240 5202 1381 5269 ipse,
1436 5198 1562 5252 licet
1595 5210 1774 5263 opera:
1818 5210 1928 5249 non

354 5308 626 5365 parcens,
690 5293 965 5362 negotium
1024 5306 1132 5345 non
1195 5291 1511 5345 absolveret
1562 5287 1805 5343 secando
1859 5285 1930 5339 ad

354 5384 506 5454 quod
558 5400 846 5454 nunquam
894 5384 1063 5437 hebes
1107 5382 1486 5451 deprehensus
1540 5385 1625 5433 est
1661 5377 1782 5447 ejus
1815 5377 1931 5447 gla-

352 5477 522 5543 dius;
581 5477 819 5547 gladius,
880 5477 1128 5546 inquam,
1186 5473 1433 5543 spiritus,
1473 5474 1575 5526 hoc
1629 5479 1735 5535 est,
1787 5471 1932 5527 acris

354 5584 487 5624 cura
528 5570 582 5623 in
620 5585 840 5624 ntitnem
870 5568 1082 5622 intenta
1116 5568 1466 5621 occasionem
1501 5562 1763 5617 Ecclesiae
1797 5576 1932 5631 quo—

345 5662 429 5718 vis
471 5664 634 5717 modo
676 5661 1001 5717 consulendi
1055 5659 1349 5714 laboranti.
1416 5658 1486 5712 At
1546 5655 1678 5726 quid
1729 5669 1930 5723 queror

346 5754 659 5825 adjutorem
692 5759 797 5810 hoc
834 5754 1015 5826 agenti
1042 5751 1283 5809 defuisse
1315 5751 1584 5822 Augusto,
1610 5764 1753 5813 cum,
1781 5745 1926 5816 quod

2040 4558 2260 4613 modum
2289 4565 2502 4625 gestum
2527 4567 2610 4613 est
2637 4558 3055 4614 :Convenerant
3085 4561 3139 4615 in
3168 4570 3369 4618 coetum
3402 4578 3619 4633 peram-

2040 4647 2191 4716 plum
2226 4648 2496 4719 episcopi,
2532 4649 2736 4713 clerus,
2769 4649 3051 4712 monachi.
3082 4653 3342 4722 populus.
3374 4653 3622 4725 Impera-

2040 4746 2127 4794 tor
2157 4755 2444 4807 procerum
2494 4740 2711 4797 medius
2757 4741 3055 4799 considens
3076 4742 3268 4799 Libelli
3306 4745 3497 4804 famosi
3531 4762 3621 4802 ca-

2039 4832 2151 4901 pita
2176 4832 2364 4886 omnia
2391 4831 2653 4894 retexuit,
2675 4839 2731 4887 et
2754 4835 3187 4904 unumquodque
3211 4836 3429 4893 illorum
3457 4839 3620 4896 diluit

2035 4922 2248 4977 victrici
2308 4921 2653 4985 defensione,
2712 4923 2892 4993 reipsa
2923 4926 3220 4984 ostendens
3254 4927 3615 4989 eilicaciorem

2036 5027 2161 5068 esse
2198 5014 2251 5068 in
2288 5021 2538 5083 tempore
2570 5029 2633 5068 ac
2663 5029 2771 5068 non
2802 5030 2929 5070 raro
2956 5015 3175 5073 felicius
3204 5019 3455 5077 adhiberi
3485 5039 3618 5081 διιο-

2033 5118 2157 5192 .νοιη
2213 5104 2628 5174 persuasionem
2694 5104 2846 5161 fretae
2923 5107 3236 5171 rationibus
3288 5113 3619 5184 eloquentia:

2035 5210 2201 5264 quam
2233 5194 2587 5265 imperiosam
2616 5195 2724 5250 vim
2752 5206 2975 5253 armatae
3003 5201 3328 5270 majestatis,
3380 5205 3619 5263 maxime

2034 5284 2261 5354 quando
2294 5285 2379 5354 (ut
2411 5300 2560 5340 nunc
2609 5286 2784 5343 videri
2816 5288 3027 5353 ,‘auctor
3072 5293 3260 5362 scripti
3297 5294 3617 5351 clanculaiii

2034 5376 2250 5431 volebat
2281 5377 2399 5446 ipso
2454 5377 2552 5432 illo
2607 5379 2887 5437 malitiose
2939 5383 3028 5436 sui
3086 5385 3303 5440 celandi
3351 5388 3613 5457 artiﬁcia)

2036 5477 2310 5533 metuunt,
2346 5467 2441 5538 qui
2472 5479 2788 5540 queruntur
2840 5480 2935 5526 aut
2983 5483 3268 5540 accusant,
3316 5490 3388 5544 ne
3438 5476 3532 5546 jus
3561 5492 3618 5533 et

2034 5576 2255 5630 aequum
2305 5576 2530 5616 suarum
2562 5562 2776 5619 scilicet
2815 5565 3205 5635 allegationum
3245 5570 3529 5638 tyrannica
3563 5571 3614 5624 vi

2033 5653 2270 5723 quadam
2292 5655 2635 5725 opprimatur
2657 5656 2904 5712 subnixa:
2938 5657 3081 5714 fastu
3108 5660 3396 5730 potestatis
3422 5661 3616 5724 audire

2036 5745 2333 5811 tranquille
2369 5746 2737 5818 dedignantis,
2786 5760 2838 5804 ct
2869 5751 3105 5822 superbe
3138 5751 3388 5810 obterere
3411 5765 3615 5825 parata:
