4018 6420
449 355 553 423 271

1642 355 1972 417 GEORGII
2015 348 2517 416 PACHYMER/E'

3598 360 3694 425 272

446 475 674 543 διέλυεν,
709 473 857 547 ἔργῳ
886 474 1100 537 δεικνὺς
1126 474 1202 539 ὡς
1233 474 1407 529 πειθὼ
1455 476 1717 548 κρείττων
1750 475 1891 547 βίας,
1926 475 2020 530 καὶ
2049 481 2093 538 Α
2124 471 2518 545 γειτνιότητα.ᾶ
2541 472 2811 544 Κεκίνητο
2865 473 3022 542 λόγος
3075 472 3150 545 τῷ
3201 474 3417 546 βασιλεῖ
3445 479 3569 551 περὶ
3608 481 3693 534 τοῦ

452 568 654 639 μᾶλλον
685 569 820 621 ὅπου
847 567 942 621 καὶ
969 566 1029 619 τὸ
1058 568 1157 636 τῆς
1190 565 1441 631 ἐξουσίας
1476 567 1782 638 ὑφορᾶσθαι
1818 570 2029 638 πέφυκε

450 663 588 731 πρὸς
622 660 722 728 τὴν
764 656 860 711 τοῦ
912 660 1136 728 κρατεῖν
1191 656 1345 727 ἰσχὺν
1392 656 1862 728 συμϐαλλόμενον.
1921 658 2031 712 Καὶ

451 753 541 825 [Ρ.
570 749 696 822 167]
726 751 754 804 ὁ
805 749 1022 820 γράψας
1068 748 1282 817 ἀφανὴς
1323 743 1411 821 ἦν,
1457 749 1559 818 τὴν
1598 750 1839 804 οὖδενίαν
1887 750 2031 821 τάχα

450 849 546 901 καὶ
574 845 635 899 τδ
662 843 737 916 μὴ
760 843 852 897 ἐπί
875 858 1017 896 τισιν
1048 840 1427 912 ἰσχυρίζεσθαι
1458 844 1524 914 τῇ
1565 843 1629 896 ἐκ
1654 842 1750 913 τῆς
1782 841 2030 906 ἐξουσίας

449 934 854 1008 ὓπωπτευμὲνῃ
884 932 975 1007 βίᾳ
1017 932 1319 985 καλύπτειν
1364 933 1610 1002 οἰόμενος
1634 948 1648 963 .
1698 932 1953 1002 βασιλεὺς
1982 933 2027 988 δ’

446 1029 708 1102 ἐμφανῶς
737 1027 994 1095 ἀντέλεγε
1042 1027 1322 1096 προτιθεὶς
1375 1029 1485 1091 τοῖς
1528 1027 1693 1079 πᾶσιν
1732 1027 1813 1089 si;
1850 1026 2028 1080 κοινὸν

444 1122 572 1184 τοὺς
591 1121 805 1190 λόγους,
833 1120 931 1189 τὴν
971 1121 1069 1189 μέν
1104 1120 1353 1188 ἀνάγκην
1376 1119 1475 1187 τῆς
1495 1118 1745 1184 ἐξουσίας
1773 1119 1830 1171 ὲν
1872 1118 2028 1190 μέρει

443 1214 637 1280 τιθεὶς,
673 1215 740 1283 τῇ
770 1210 825 1264 δὲ
872 1209 1053 1264 πειθοῖ
1094 1208 1471 1280 προσάγεσθαι
1505 1209 1676 1263 θέλων
1708 1209 1772 1263 ἐκ
1799 1227 2027 1282 περιου-

446 1306 566 1368 σίας
594 1304 795 1374 πολλῆς
833 1303 925 1357 τὸν
963 1301 1252 1357 ἀκούοντα.

443 1418 726 1487 κγ’.“Πε;ρὶ
758 1416 864 1471 τοῦ
902 1416 1252 1480 κινηθέντος
1279 1414 1429 1468 κατὰ
1453 1414 1559 1471 τοῦ
1586 1413 2027 1483 Φιλαδελφείας

1037 1487 1439 1555 ἐγκλήματος.

516 1581 689 1635 Τσῦτο
723 1581 815 1633 καὶ
845 1578 1114 1649 πρότερον
1140 1579 1231 1631 ἐπὶ
1268 1577 1589 1631 Ἀθανασίου
1617 1575 2025 1648 πατριαρχοῦν-

440 1691 534 1737 τος
587 1672 785 1735 ἐποίει,
836 1672 928 1724 καὶ
978 1669 1221 1739 κεφαλὴν
1276 1670 1443 1733 ἄλλην
1490 1669 1785 1722 σκανδάλου
1846 1668 2025 1736 σοφῶς

441 1766 743 1830 ἀπέκοπτε,
778 1764 871 1816 καὶ
911 1763 1088 1830 λόγοις
1136 1763 1226 1815 ἐπὶ
1259 1761 1439 1816 κοινοῦ
1480 1761 1751 1832 λεχθεῖσιν
1779 1760 1853 1824 ὥς
1882 1777 2022 1814 τισιν

400 1862 409 1883 ’
440 1857 677 1926 ἐπῳδαῖς
704 1856 763 1909 τὸ
781 1854 1027 1910 άνοιδοῦν
1056 1854 1433 1923 κατεμάλαττε
1458 1870 1472 1884 ’
1497 1853 1663 1924 σοφοῦ
1692 1853 1797 1923 γὰρ
1833 1852 2017 1924 ἰατροῦ
2057 1832 2097 1888 Β

438 1949 577 2019 πρὸς
623 1949 860 2018 τομὼντι
913 1948 1125 2018 πήματι
1173 1948 1347 2014 τομὰς
1402 1946 1656 2012 ἐπάγειν,
1712 1942 1843 2013 πρὸς
1877 1942 1921 1994 δ’
1950 1936 2017 1996 αὖ

440 2039 653 2108 ὑφιέντι
676 2039 778 2108 τῆς
801 2038 1130 2109 άνοιδὴσεως
1152 2038 1454 2109 προσηνέσι
1483 2036 1795 2107 φαρμάκοις
1822 2036 1887 2088 ὲκ
1912 2034 2020 2087 τῶν

440 2131 617 2200 λόγων
656 2129 1046 2185 καταστέλλειν
1097 2128 1417 2199 πειρᾶσθαι,
1456 2128 1553 2186 καὶ
1604 2128 1769 2198 μηδὲν
1818 2127 2019 2180 διδόναι

440 2226 506 2294 τῇ
540 2223 759 2294 ἐκτήξει
801 2221 1055 2292 πάροδον.
1089 2221 1297 2286 Καιρδς
1326 2221 1382 2275 δέ
1431 2221 1731 2273 συνάπτειν
1767 2221 1879 2283 τοῖς
1911 2236 2019 2270 πα·

441 2314 599 2389 ροῦσι
642 2313 740 2369 καὶ
766 2313 828 2367 τδ
870 2309 1033 2384 ἦττον
1076 2312 1294 2381 ἐγγίζειν
1321 2310 1410 2364 διὰ
1439 2310 1540 2382 τὴν
1578 2311 1676 2381 τῆς
1708 2309 2019 2373 ὑποθέσεως

436 2491 708 2567 quidquid
758 2490 1115 2563 quantumvis
1165 2489 1447 2561 probabile
1496 2490 1866 2561 praeiudicatis
1898 2491 2019 2561 ejus

439 2585 730 2642 erroribus
783 2582 968 2653 quivis
1014 2596 1186 2636 ausus
1221 2581 1387 2636 fuerit
1414 2597 1711 2653 oppenere.
1771 2584 2020 2653 Scriptor

436 2678 605 2734 libelli
641 2679 766 2749 quis
814 2676 1034 2738 fuisset,
1080 2675 1135 2729 in
1194 2675 1432 2731 obscuro
1481 2676 1705 2739 mansit,
1744 2690 1842 2730 seu
1904 2690 2018 2729 suae

437 2770 515 2826 illi
565 2770 793 2825 vilitatis
824 2769 1168 2824 conscientia
1219 2768 1395 2823 lucem
1437 2767 1644 2837 fugere,
1689 2783 1795 2838 qua
1832 2767 2017 2822 tradu-

434 2862 643 2919 cendus
676 2861 743 2914 ad
773 2859 1071 2913 ludibrium
1111 2858 1311 2919 fuerat.
1346 2861 1541 2924 suasit,
1579 2859 1713 2923 sive,
1760 2858 1905 2927 quod
1936 2858 2019 2931 in-

433 2952 637 3020 dicavi,
670 2950 903 3006 artiﬁcis
932 2950 1119 3005 scelus
1150 2949 1252 3003 fuit
1314 2948 1571 3003 ati‘ectare
1622 2964 1755 3002 cura
1805 2949 1905 3000 ista
1937 2948 2017 3001 la-

436 3044 584 3100 tendi
637 3043 876 3112 speciem
911 3042 1144 3104 timoris,
1181 3056 1302 3111 qua:
1333 3041 1702 3111 suspicionem
1735 3040 2019 3109 impinge-

434 3143 522 3191 ret
549 3133 962 3189 dominantibus
1010 3130 1175 3202 246
1222 3131 1588 3201 arrongantia:
1627 3130 1870 3198 injustze,
1918 3126 2019 3180 mi-

434 3226 522 3282 nis
555 3240 621 3281 ac
651 3224 955 3296 supercilio
987 3223 1317 3279 deterrentis
1345 3221 1596 3277 subditos
1623 3239 1652 3276 a
1700 3221 1870 3275 libera
1902 3234 2022 3288 pro-

435 3319 645 3375 latione
679 3318 954 3374 veritatis.
1004 3318 1284 3373 Adversus
1315 3317 1461 3386 quod
1495 3316 1775 3385 sapienter
1828 3312 2018 3382 utique

431 3412 736 3483 Augustus,
790 3412 1032 3482 seposito
1086 3411 1350 3481 tantisper
1378 3418 1590 3464 terrore
1626 3408 1926 3475 majestatis
1961 3412 2017 3461 et

433 3505 584 3559 velut
610 3504 751 3557 solio
790 3502 1153 3567 descendens,
1205 3517 1364 3572 aequo
1390 3502 1444 3556 in
1487 3517 1704 3571 campo,
1734 3516 1898 3555 mera:
1929 3517 2018 3554 ra-

433 3596 601 3651 tionis
639 3595 808 3649 armis
843 3594 1174 3648 calumniam
1206 3605 1331 3650 astu
1372 3604 1718 3664 grassantem
1770 3595 2017 3651 debella-

434 3688 540 3751 vit,
574 3686 801 3756 privatae
856 3685 1199 3759 delepsionis
1246 3686 1560 3756 eloquentia
1621 3703 1837 3741 omnem
1898 3688 2019 3758 opi-

436 3779 660 3833 nionem
715 3779 802 3833 sui
858 3778 1141 3832 sinistram
1186 3778 1527 3832 audientium
1596 3779 1846 3835 eximcns
1894 3780 2017 3834 ani-

436 3871 588 3936 mis,
640 3878 695 3925 et
737 3870 997 3924 damnum
1055 3869 1215 3938 plene
1271 3870 1581 3924 resarciens
1634 3870 2018 3939 qualecunque

436 3962 702 4019 maledica
731 3963 825 4017 illa
844 3962 1074 4035 scriptio
1105 3961 1265 4018 famae
1302 3978 1415 4018 suae
1447 3962 1697 4018 intulisse
1723 3965 2011 4031 potuisset.

508 4095 601 4153 25.
635 4096 712 4152 De
742 4104 885 4151 mota
914 4096 971 4151 in
996 4095 1507 4167 Philadelphiensem
1547 4096 1940 4153 criminatione.

506 4231 625 4287 Tali
657 4230 888 4287 consilio
926 4243 1038 4284 non
1083 4245 1228 4284 nunc
1274 4229 1511 4299 primum
1546 4229 1842 4300 imperator
1876 4244 2013 4286 usus

436 4332 540 4379 est.
587 4322 749 4377 Prius
780 4323 923 4377 enim
958 4321 1394 4391 patriarchatum
1426 4329 1650 4392 gerente
1688 4323 2015 4388 Athanasio,

439 4415 587 4469 aliud
639 4413 891 4468 similiter
930 4414 1187 4468 exoriens
1238 4420 1404 4481 caput
1453 4414 1699 4469 scandali
1743 4414 1859 4484 pari
1918 4430 2009 4469 sa-

2137 564 2279 618 κατά
2323 563 2421 634 τὴν
2462 563 2758 645 Βαξυλῶνα
2796 564 3048 631 σουλτάν,
3093 566 3524 638 διευλαϐουμένῳ
3570 571 3696 635 κως

2132 654 2281 718 ὅπως
2312 656 2390 719 είς
2441 656 2780 727 ἀδελφότητα
2828 657 3031 728 γράφοι
3058 655 3151 710 τὸν
3192 658 3386 730 ἐχθρὸν
3415 659 3505 714 τοῦ
3541 677 3698 715 σταυ-

2133 746 2254 818 ροῦ.
2291 747 2401 801 Καὶ
2424 748 2488 801 τὸ
2532 748 2766 818 πρᾶγμα
2818 747 3077 813 ἐπιεικῶς
3112 749 3219 804 τῶν
3252 751 3469 806 ἀτόπων
3511 754 3697 820 ἐδόκει,

2132 839 2181 891 εί
2210 838 2302 891 καὶ
2333 837 2561 909 σύνηθες
2594 834 2661 910 ἦν
2691 838 2751 905 ἐξ
2784 839 3014 910 ἀρχαίου
3049 842 3161 904 τοῖς
3190 841 3432 907 εὖσεόὦς
3464 842 3699 914 βασιλεὺ-

2130 947 2304 986 ουσιν.
2347 925 2471 995 Οἷος
2497 930 2589 986 οὖν
2611 926 2679 1003 ἦν
2709 933 2937 996 ἐκεῖνος,
2969 934 3108 1003 πρὸς
3138 933 3364 987 τοιαῦτα
3392 935 3697 1008 διευλαὸού-

2133 1041 2295 1096 μενος
2321 1024 2404 1094 (τὸ
2461 1024 2567 1096 γὰρ
2604 1027 2818 1097 πατέρα
2879 1027 3115 1097 γράφειν
3172 1028 3272 1083 οὐκ
3314 1030 3566 1093 ἀξιοῦντα
3616 1035 3699 1088 τὸν

2133 1116 2363 1170 πάππαν
2385 1116 2473 1170 διὰ
2498 1117 2557 1169 τὸ
2581 1117 2741 1189 δῆθεν
2771 1118 3058 1187 ἐσφάλθαι,
3084 1120 3164 1183 είς
3194 1120 3461 1190 ἀδελφοὺς
3494 1124 3698 1179 τάττειν

2134 1208 2208 1278 μὴ
2232 1209 2313 1261 ὅτι
2342 1226 2403 1277 γε
2434 1209 2617 1275 ἄθεον,
2646 1210 2783 1264 ἀλλὰ
2805 1210 2900 1263 καὶ
2929 1211 3122 1281 ἐχθρὸν
3171 1211 3266 1266 τοῦ
3300 1212 3389 1279 [Ρ.
3422 1214 3544 1287 168]
3572 1216 3698 1285 Χρι-

2131 1300 2280 1368 στοῦ,
2313 1302 2473 1366 πόνος
2488 1298 2556 1374 ἧν
2583 1303 2643 1356 οὐ
2670 1303 2865 1373 μικρὸς
2893 1305 3134 1376 ἐκείνῳ),
3167 1306 3447 1359 κοινοῦται
3476 1325 3581 1362 τισι
3602 1309 3700 1365 τῶν

2129 1394 2432 1464 ἀρχιερέων
2473 1393 2711 1465 παροῢτι
2744 1394 2805 1447 τὸ
2844 1398 3092 1465 σκέμμα,
3140 1398 3235 1450 καὶ
3284 1397 3385 1469 τὴν
3419 1400 3699 1469 θεραπείαν

2124 1485 2220 1539 τοῦ
2248 1485 2551 1549 συνειδότος
2600 1485 2773 1556 ζητεῖ.
2820 1488 2931 1542 Καὶ
2975 1490 3002 1543 ὁ
3036 1488 3135 1558 μὲν
3162 1490 3371 1557 ἔλεγεν,
3417 1492 3446 1544 ὀ
3475 1492 3529 1545 δὲ
3553 1493 3701 1556 ἄλλος

2124 1575 2254 1631 ἄλλο
2280 1595 2333 1630 τι
2370 1578 2439 1631 τά
2473 1580 2554 1642 είς
2600 1578 2900 1649 θεραπείαν
2930 1582 3023 1634 τοῦ
3056 1583 3363 1646 συνειδότος
3391 1586 3699 1657 ἀπεσχεδία-

2125 1667 2238 1732 ζεν.
2276 1668 2333 1721 '0
2365 1670 2547 1738 μέντοι
2572 1687 2634 1736 γε
2660 1670 3048 1741 Φιλαδελφείας
3078 1674 3393 1744 Θεόληπτος
3425 1676 3589 1731 θέλων
3622 1691 3701 1732 σε·

2129 1759 2389 1830 ραπεύειν
2418 1759 2630 1830 βασιλεῖ
2657 1761 2754 1831 τὴν
2788 1763 3116 1834 συνείδησιν,
3171 1766 3401 1822 ἀνεκτὸν
3429 1767 3535 1821 ἀπὸ
3573 1769 3701 1838 Γραι-

2126 1851 2242 1921 φῶν
2286 1854 2547 1922 ἐπειρᾶτο
2596 1854 2658 1906 τὸ
2705 1856 2940 1924 πρᾶγμα
3002 1857 3294 1914 δεικνύειν.
3343 1880 3362 1913 ι
3395 1862 3504 1914 Καὶ
3542 1862 3593 1914 τί
3621 1878 3698 1930 γε,

2128 1944 2280 2014 φησὶ,
2317 1945 2475 2005 τοῦτο
2503 1944 2696 2012 δεινὸν,
2736 1948 2783 2000 εί
2835 1950 2928 2001 καὶ
2974 1952 3085 2014 τοῖς
3114 1950 3389 2022 δαίμοσιν,
3436 1955 3535 2023 οὐχ
3560 1955 3697 2017 ὅπως

2126 2034 2401 2105 ἄνθρωποι
2427 2036 2646 2103 πάντες,
2670 2037 2804 2092 ἀλλὰ
2839 2041 2931 2092 καὶ
2951 2040 3269 2111 Χριστιανοὶ
3294 2043 3694 2113 ἀδελφίζουσινς

2127 2129 2237 2198 Τὴν
2274 2128 2406 2197 γοῦν
2459 2129 2711 2200 ἀνάγκην
2743 2131 2991 2200 γίνεσθαι
3022 2133 3181 2203 χάριν
3208 2135 3336 2189 νίκα
3367 2140 3434 2208 τῇ
3478 2140 3697 2194 συνέσει.

2128 2218 2305 2305 Ὄπρυ
2335 2220 2392 2273 δὲ
2437 2220 2598 2274 τοῦτο
2628 2222 2721 2274 καὶ
2754 2223 3103 2292 γέγραπται;
3137 2243 3155 2276 ι
3192 2224 3316 2280 Υίοὶ
3368 2230 3572 2299 μητρός
3604 2249 3696 2300 μου

2126 2311 2465 2382 ἐμαχέσαντό
2509 2330 2623 2382 μοι,
2662 2331 2681 2365 ι
2718 2312 2868 2383 λέγει
2922 2316 2954 2384 ἡ
3010 2315 3412 2386 ᾁσματίζουσα.
3466 2319 3622 2383 Υίοὺς
3649 2321 3700 2374 δὲ

2128 2493 2251 2540 tunc
2269 2484 2473 2540 editum
2491 2486 2735 2555 principe
2751 2487 2987 2556 providae
3003 2489 3393 2546 moderationis
3405 2491 3699 2563 exemplum

2126 2597 2155 2635 e
2179 2579 2544 2650 przetermissa
2572 2580 2830 2655 tuemoﬁa
2852 2580 3071 2636 decursi
3095 2584 3373 2639 narrando
3405 2594 3547 2639 retro
3576 2593 3702 2640 tem-

2128 2674 2280 2742 poris
2313 2683 2608 2726 retractum
2644 2673 2731 2726 hic
2764 2687 2987 2742 ponere,
3012 2674 3058 2728 si
3086 2674 3274 2731 minus
3307 2676 3502 2731 ordine
3531 2683 3702 2746 gesta-

2126 2779 2246 2816 rum
2304 2779 2480 2817 rerum
2534 2762 2600 2817 ad
2647 2763 2796 2816 ltunc
2855 2763 3102 2819 historiae
3162 2765 3345 2819 locum
3401 2770 3698 2836 pertinens,

2127 2872 2322 2926 gsuere
2353 2866 2532 2910 tamen
2567 2866 2619 2910 et
2649 2855 3013 2910 similitudine
3046 2859 3367 2927 argumenti
3401 2874 3508 2913 non
3542 2873 3698 2929 pror-

2131 2961 2227 3001 sus
2262 2946 2329 2999 ab
2374 2962 2440 3000 eo
2491 2945 2750 3000 alienum.
2798 2945 2932 3000 Cum
2971 2946 3257 3002 incidisset
3299 2948 3610 3017 imperatori
3637 2961 3697 3003 ex

2130 3053 2231 3091 usu
2272 3037 2527 3104 praesenti
2563 3036 2869 3091 necessitas
2896 3036 3060 3091 dandi
3096 3036 3313 3093 litteras
3349 3039 3416 3092 ad
3441 3038 3697 3093 sultanctn

2131 3127 2444 3197 Babylonis,
2496 3127 2603 3181 etsi
2643 3127 2898 3196 exigebat
2931 3128 3163 3196 antiquo
3215 3143 3394 3195 more,
3439 3131 3700 3201 Augusto-

2129 3235 2246 3273 rum
2275 3218 2719 3288 praecedentium,
2744 3218 2909 3272 etiam
2935 3219 3502 3288 religiosissitnorum,
3530 3236 3701 3277 exem-

2122 3310 2224 3379 plis
2266 3311 2516 3380 probato,
2545 3309 2788 3378 vulgaris
2823 3310 3181 3381 epismlarum
3231 3313 3554 3370 istiusmodi
3588 3312 3695 3368 for-

2120 3403 2263 3457 mula
2308 3412 2365 3455 ιιι
2407 3403 2593 3456 fratris
2626 3404 2816 3457 titulus
2867 3403 2921 3458 in
2964 3404 3335 3474 inscriptione
3388 3417 3692 3478 poneretur,

2123 3507 2304 3548 tamen
2341 3511 2464 3550 cum
2517 3511 2615 3551 sua
2669 3497 2967 3566 peculiaris
3002 3498 3252 3567 quaedam
3305 3501 3698 3569 clelicatiorque

2121 3587 2314 3656 religio
2341 3588 2791 3642 cunctabundum
2833 3588 2888 3643 in
2922 3588 3083 3660 247
3117 3604 3183 3645 eo
3222 3593 3470 3660 tenebat,
3496 3593 3696 3649 scilicet

2123 3688 2398 3733 verentem
2447 3694 2514 3733 ne
2573 3678 2861 3747 indignum
2904 3680 3288 3751 nefastumque
3321 3682 3451 3751 jure
3497 3686 3695 3739 videre-

2120 3780 2208 3826 tur
2243 3770 2452 3824 hostem
2508 3773 2690 3825 crucis
2742 3771 2812 3825 ab
2865 3771 3201 3842 imperatore
3244 3775 3551 3832 christiano
3592 3775 3694 3831 fra-

2119 3873 2254 3918 trem
2286 3864 2531 3918 salutari.
2564 3864 2772 3920 Urebat
2795 3865 2992 3920 acriori
3026 3865 3110 3919 sui
3140 3881 3306 3921 sensu
3341 3867 3432 3923 hic
3462 3867 3692 3922 animum

2119 3954 2431 4025 scrupulus,
2479 3956 2626 4026 quod
2663 3957 2820 4028 quasi
2876 3956 3115 4027 penitius
3152 3958 3475 4027 adigeretur
3523 3959 3694 4029 appri-

2119 4058 2300 4102 tuente
2340 4049 2558 4103 conscia
2618 4048 2883 4104 memoria
2948 4065 3124 4118 nuper
3183 4066 3214 4104 a
3259 4065 3317 4106 se
3373 4053 3609 4118 omissae,
3643 4052 3693 4107 in

2116 4140 2407 4195 occasione
2442 4156 2550 4195 non
2601 4141 2784 4195 minus
2837 4151 3090 4213 urgente,
3132 4143 3460 4214 scriptionis
3498 4146 3695 4202 littera-

2117 4247 2236 4286 rum
2271 4231 2339 4286 ad
2381 4232 2603 4302 Papam,
2634 4248 2697 4286 ea
2746 4232 2924 4287 solum
2962 4237 3030 4299 de
3057 4249 3248 4301 causa,
3295 4254 3369 4295 ne
3413 4237 3591 4293 Patris
3630 4251 3693 4292 ex

2115 4321 2518 4379 consuetudine
2546 4323 2767 4378 titulum
2794 4324 3043 4393 epistolae
3067 4328 3351 4398 prtetigere
3380 4337 3690 4401 cegerctur;

2114 4414 2259 4485 quod
2308 4412 2566 4470 inducere
2607 4415 2662 4468 in
2719 4416 2963 4470 animum
3015 4418 3291 4487 nequiret,
3341 4435 3472 4477 eum
3520 4419 3693 4475 Patris

439 4505 645 4574 pientia
687 4502 951 4557 districtze
1007 4501 1060 4554 in
1115 4510 1358 4571 tempore
1392 4502 1648 4557 dictionis
1690 4504 2008 4573 amputavit,
2044 4531 2088 4587 υ
2119 4506 2480 4576 appellatione
2512 4507 2749 4577 dignari,
2783 4522 2948 4577 quem
2997 4510 3203 4566 erroris
3239 4520 3557 4569 autumaret
3601 4526 3691 4566 cu-

437 4595 685 4651 oratione
725 4592 790 4648 ad
832 4600 1163 4648 conventum
1196 4593 1492 4663 prudenter
1527 4593 1731 4658 habita,
1766 4610 1871 4665 qua
1902 4596 2012 4650 vcl-

440 4696 499 4741 ut
529 4687 767 4756 maligne
814 4695 1127 4740 tumescens
1182 4686 1308 4755 mgri
1350 4688 1595 4757 corporis
1628 4687 1785 4741 tuber
1816 4688 2010 4742 blanda

437 4780 821 4834 excantatione
857 4778 1225 4847 priemollivit,
1261 4794 1327 4833 ne
1362 4794 1513 4832 mora
1558 4787 1610 4833 et
1655 4779 1899 4847 neglectu
1928 4781 2012 4832 in-

436 4869 776 4921 ﬂammatum
811 4868 862 4921 in
894 4865 1054 4920 ulcus
1085 4868 1454 4936 perniciosum
1482 4878 1811 4934 erumperet.
1840 4867 2009 4922 Periti

440 4958 644 5030 quippe
682 4957 877 5013 medici
913 4966 1019 5024 est,
1049 4959 1130 5012 uti
1171 4974 1200 5011 a
1224 4960 1422 5013 saevius
1463 4946 2008 5030 mstuautcﬁgidius—

435 5065 543 5120 que
576 5051 812 5105 distenta
852 5048 1066 5104 ferrum
1101 5065 1165 5104 ac
1214 5052 1515 5107 sectionem
1570 5067 1677 5106 non
1730 5052 2007 5108 abstinere

434 5144 669 5210 vomica,
704 5128 801 5206 ita,
830 5142 924 5197 ubi
958 5140 1112 5197 dolor
1137 5143 1402 5199 remissus
1425 5143 1768 5213 duritiesque
1794 5153 2005 5199 tumore

437 5237 617 5291 laxato
663 5235 1058 5291 remollescens
1103 5250 1254 5306 spem
1308 5235 1535 5292 fecerint
1593 5253 1698 5290 non
1740 5237 2007 5293 inutiliter

437 5328 711 5385 tentandae
764 5327 1068 5383 curationis
1119 5327 1441 5394 blandiaris,
1503 5328 1784 5400 indulgere
1834 5330 2008 5386 medi-

435 5424 702 5478 camentis
747 5421 1051 5475 lenioribus
1096 5430 1500 5489 unguentorum
1541 5435 1605 5476 ac
1642 5423 2008 5491 cataplasma-

436 5524 573 5577 tum,
608 5526 839 5582 quorum
875 5525 978 5580 ope
1003 5509 1236 5579 benigna
1267 5519 1624 5579 prmvertatur
1657 5512 1776 5567 dira
1807 5529 2003 5568 ncces-

436 5607 570 5659 sitas
606 5602 891 5674 rumpendi
917 5602 1122 5657 exitum
1149 5602 1365 5658 ustione
1386 5619 1449 5659 ac
1479 5614 1703 5659 cruenta
1727 5607 2005 5678 chirurgia

436 5700 585 5752 intus
613 5698 885 5764 hullienti,
918 5704 973 5752 et.
999 5698 1101 5751 nisi
1143 5695 1290 5752 foras
1315 5699 1661 5766 extrahatur,
1693 5703 2003 5757 membrum

435 5799 773 5861 corruptum
817 5790 1012 5848 saniei.
1050 5788 1233 5847 Placet
1274 5791 1420 5848 istud
1473 5805 1692 5864 quoque
1730 5808 1758 5848 a
1816 5804 2003 5854 nostro

2113 4596 2351 4667 juspiam
2402 4598 2636 4654 atIinem.
2682 4597 2760 4653 Ex
2793 4600 2949 4670 cujus
2986 4599 3112 4656 facti
3164 4603 3484 4673 praejudicio
3525 4616 3689 4675 prona

2118 4700 2237 4744 erat
2281 4689 2336 4743 in
2396 4691 2682 4759 praesentis
2728 4691 3059 4747 solutionem
3118 4694 3270 4748 dubii
3320 4696 3642 4752 consecutio
3672 4733 3688 4759 ,

2118 4782 2309 4852 utique
2340 4797 2464 4837 cum
2520 4784 2693 4838 multo
2725 4797 3017 4854 appareret
3072 4786 3555 4843 inconvenientius
3594 4786 3691 4840 bo-

2117 4874 2323 4933 minem
2364 4891 2471 4929 non
2519 4875 2693 4930 solum
2733 4876 2984 4943 atheum,
3019 4878 3115 4933 sed
3147 4885 3205 4932 et
3248 4879 3460 4935 hostem
3491 4876 3690 4934 Christi

2117 4964 2469 5020 manifestum
2532 4967 2599 5021 ab
2673 4968 3009 5038 imperatore
3066 4970 3371 5027 christiano
3428 4972 3686 5036 fratrem,

2117 5072 2281 5125 quam
2317 5059 2384 5112 ah
2410 5057 2601 5114 eodem
2633 5059 2852 5116 Patrem
2887 5061 3198 5118 Romanum
3240 5063 3557 5120 Pontiﬁcem
3590 5075 3687 5116 vo-

2116 5151 2249 5205 cari.
2294 5149 2434 5222 Ergo
2489 5152 2637 5208 haud
2675 5155 2863 5209 valens
2920 5156 3003 5211 sic
3065 5157 3342 5228 imperare
3403 5153 3685 5213 stomacho

2116 5241 2337 5297 cuidam
2376 5258 2477 5301 suo
2506 5246 2733 5315 praprio
2765 5245 3249 5305 fastidiosiusculae
3291 5249 3590 5322 religionis,
3630 5254 3687 5301 ut

2114 5340 2327 5387 tantum
2372 5336 2626 5392 absurdae
2664 5338 2988 5394 indeteutim
3019 5341 3098 5396 vel
3128 5342 3424 5400 exsorbere
3453 5342 3686 5398 sustine-

2114 5441 2199 5482 ret
2248 5430 2332 5483 vel
2387 5443 2633 5500 speraret
2688 5447 2853 5501 posse
2884 5448 3252 5504 concoquere,
3310 5447 3501 5491 astum
3541 5435 3682 5487 hunc

2116 5518 2294 5589 ipsum
2338 5521 2507 5574 animi
2546 5522 2686 5579 forte
2727 5526 3093 5594 praesentibus
3134 5530 3350 5596 aperuit
3390 5512 3679 5597 episcopis.

2116 5612 2160 5667 si
2194 5609 2323 5683 quid
2376 5612 2502 5668 huic
2535 5617 2739 5670 morstti
2789 5618 3150 5675 conscientia:
3188 5619 3435 5675 sedando
3473 5629 3681 5671 accom-

2116 5704 2394 5758 modatum
2447 5706 2500 5759 in
2555 5716 2807 5777 promptu
2850 5708 3137 5776 haberent,
3172 5711 3417 5782 proferre
3465 5724 3533 5761 ne
3562 5718 3681 5775 ετειο

2113 5808 2393 5865 varcntur,
2443 5814 2701 5856 exorans.
2761 5799 2841 5855 Ad
2891 5817 3007 5857 eam
3066 5803 3506 5874 provocationem
3556 5807 3673 5853 eum
