4018 6448
274 454 391 520 273

1134 464 1235 523 DE
1279 464 1733 524 ANDRUNICO
1775 466 2246 526 PAhEULOGO
2288 466 2431 526 LIB.
2472 467 2593 528 ΙΠ.

3449 456 3558 522 ΞΠ

277 567 487 638 μητρὸς
516 569 614 638 τῆς
652 568 981 641 Ἐκκλησίας
1009 573 1249 642 Χριστοῦ
1279 577 1307 626 ὁ
1330 574 1554 642 Νύσσης
1584 571 1860 642 ἐξηγεῖται
1888 572 1936 631 Α
1967 573 2218 643 βασιλεὺς
2249 572 2654 642 πλατυνομένου
2689 570 2784 624 τοῦ
2820 568 3001 638 λόγου,
3035 568 3130 623 καὶ
3169 567 3245 632 ὡς
3284 565 3433 631 εἰκδς
3461 580 3560 620 πε-

273 643 425 720 τοὺ(
436 657 721 730 δαίμονας,
755 661 832 724 ὼς
864 663 929 715 ἂν
957 664 1021 716 ὲκ
1050 664 1152 732 τῆς
1175 665 1348 735 αὐτῆς
1382 666 1474 717 καὶ
1522 667 1654 735 μιᾶς
1685 662 1866 725 αἰτίας

270 744 335 817 (ἡ
365 745 410 799 δ’
443 746 613 810 ἔστιν,
656 746 840 819 οἶμαι,
875 754 908 821 ἡ
936 752 1033 805 τοῦ
1071 750 1210 807 Θεοῦ
1264 754 1564 820 ἁγαθότης,
1596 754 1740 823 ἀρχή
1781 769 1865 816 τις

277 839 557 910 γενομένη
587 843 699 905 τοῖς
732 842 809 913 μὴ
839 838 991 898 οὖσιν
1023 847 1101 908 εἰς
1133 844 1380 914 ὅντωσιν)
1406 845 1629 908 τούτους
1676 861 1739 897 τε
1767 845 1864 898 κά-

267 934 492 997 κείνους
519 936 595 996 ὠς
629 940 693 991 ἐκ
727 940 820 993 τοῦ
848 941 1015 995 αὐτοῦ
1044 943 1258 1013 Πατρδς
1280 942 1551 1012 προῆχθαι
1581 944 1676 996 καὶ
1703 960 1862 1015 ποιη-

264 1024 372 1078 τοῦ
427 1044 448 1077 ι
470 1026 641 1081 Τοῦτο
682 1030 810 1104 ἴσως
836 1033 930 1086 καὶ
953 1033 1094 1087 κατά
1113 1034 1172 1087 τὸ
1207 1035 1366 1106 τυχὸν
1386 1035 1465 1104 τῷ
1486 1035 1695 1088 εἰπόντι
1724 1051 1862 1105 παρα

265 1116 556 1187 ἐρῤιπται,
584 1121 641 1186 ἐξ
679 1124 904 1177 εἰκότων
945 1125 1003 1178 δὲ
1033 1126 1225 1194 γέγονε
1273 1127 1416 1197 μέγα
1459 1127 1556 1180 καὶ
1585 1129 1664 1189 εἰς
1696 1143 1861 1180 σκαν-

262 1207 438 1261 δίλου
473 1211 747 1280 πρόφασιν
785 1216 991 1272 ἱκανόν.
1035 1215 1095 1271 Ὀ
1125 1218 1235 1288 γὰρ
1275 1219 1578 1290 Δυρραχίου
1614 1219 1863 1286 Νικήτας

263 1298 371 1351 τὸν
426 1302 588 1368 λόγον
642 1304 883 1370 ἀκούσας
914 1309 1015 1360 οὐκ
1064 1308 1293 1362 ἀνεκτὸν
1336 1309 1528 1372 ἀκοαῖς
1581 1308 1863 1361 εὐσεϐέσιν

264 1393 530 1460 ἡγήσατο
565 1393 815 1465 πάμπαν,
866 1400 916 1451 εἰ
962 1399 1235 1466 δαιμόνων
1266 1400 1663 1468 ἀντικειμένων
1715 1400 1860 1472 Θεῷ,

261 1483 562 1554 ἄνθρωποι
614 1487 847 1558 ὑπήκοοι
900 1490 978 1561 τῷ
1031 1490 1253 1563 Χριστῷ
1311 1496 1406 1548 καὶ
1456 1493 1861 1560 υἰοθετηθέντες

256 1574 394 1643 θεῷ
416 1575 507 1630 διὰ
522 1576 617 1630 τοῦ
630 1577 1033 1650 βαπτὴματος,
1068 1583 1292 1651 ἀδελφοὶ
1319 1584 1582 1652 λέγοιντο.
1612 1585 1862 1655 Γνησίοις

255 1666 408 1735 γοῦν
436 1669 531 1723 διὰ
585 1670 759 1727 ταῦτα
795 1672 887 1726 τὸν
925 1675 1148 1729 εἰπόντα
1197 1675 1414 1746 βλέπειν
1465 1677 1710 1747 ὄμμασιν
1761 1677 1862 1730 οὐκ

258 1758 558 1828 ἠνέσχετο,
598 1761 735 1814 ἀλλὰ
768 1763 989 1829 πολλοῖς
1014 1765 1249 1820 διελάλει
1280 1768 1371 1821 τὸν
1404 1768 1565 1835 λόγον
1604 1767 1700 1823 καὶ
1732 1766 1862 1838 βλα-

268 1851 526 1918 σφημίαν
568 1852 764 1906 τοῦτον
810 1856 869 1907 οὑ
903 1858 1133 1928 μετρίαν
1169 1858 1373 1930 ἔκρινε.
1423 1860 1613 1915 Ταῦτα
1643 1861 1860 1926 πολλοῖς

271 1940 381 2008 μὲν
410 1943 571 2011 ἐπῄει
615 1942 900 2012 χλευάζειν
929 1950 1023 2000 καὶ
1053 1949 1144 2000 τὸν
1182 1948 1339 2018 λόγον
1384 1951 1646 2015 ἐπιεικῶς
1677 1952 1752 2015 ὡς
1792 1952 1867 2007 ἰὸν
1895 1930 1944 1989 Β

273 2034 507 2104 πικρίας
539 2036 636 2088 καὶ
662 2035 840 2106 ὄφεων
867 2039 1313 2111 ἀποστρέφεσθαι
1340 2058 1351 2070 ’
1391 2044 1669 2099 ἐπέπυστο
1697 2044 1752 2099 δὲ
1778 2049 1871 2099 καὶ

273 2211 365 2265 alii
400 2211 508 2268 alia
537 2212 810 2281 dicerent,
835 2226 889 2272 et
916 2217 1087 2273 variis
1107 2234 1172 2275 ex
1209 2227 1455 2291 tempore
1486 2238 1584 2293 pro
1620 2238 1680 2280 se
1711 2225 1870 2295 quis-

270 2320 382 2374 que
414 2307 720 2385 allegandis
759 2312 916 2380 quasi
953 2312 1213 2369 hebetare
1266 2325 1582 2386 satagercnt
1615 2319 1865 2376 aculeum

272 2412 388 2467 quo
432 2398 544 2453 alte
583 2400 751 2456 inﬁxo
817 2404 1165 2476 pangebatur
1202 2408 1431 2463 nimium
1488 2419 1676 2466 tenera
1728 2427 1870 2483 pene

279 2491 665 2558 supersﬁtiosi
709 2496 1046 2550 conscientia
1081 2492 1364 2567 principis,
1415 2500 1869 2573 Philadelphien-

269 2583 349 2638 sis
384 2579 727 2654 Theolcptus
754 2587 1081 2656 palmarium
1120 2606 1179 2646 se
1224 2594 1434 2661 putavit
1474 2611 1504 2649 e
1535 2597 1711 2654 sacris
1741 2613 1870 2654 ora-

271 2675 419 2731 culis
448 2685 832 2746 argumentum
867 2682 1157 2751 reperissz,
1192 2700 1302 2754 quo
1352 2690 1630 2746 evinceret
1658 2692 1865 2749 licitam

280 2768 481 2834 istam,
514 2785 617 2826 nec
644 2770 739 2825 uili
766 2773 1054 2830 obnoxiam
1084 2791 1334 2851 censura:
1361 2781 1548 2837 haberi
1568 2783 1768 2843 debere
1790 2788 1870 2843 lo-

282 2860 491 2929 quendi
521 2876 587 2917 ac
621 2863 901 2920 scribendi
926 2865 1241 2924 formulam.
1276 2871 1411 2941 Ejus
1436 2874 1541 2930 hoc
1580 2891 1611 2931 e
1640 2878 1867 2934 canoni-

286 2953 368 3008 cis
408 2953 712 3025 Scriptor-is
747 2967 999 3014 astruere
1051 2963 1305 3018 conantis
1366 2965 1482 3021 haec
1540 2967 1711 3026 ferme
1766 2970 1867 3029 fuit

290 3045 471 3100 oratio
497 3062 514 3101 :
545 3064 564 3099 ι
597 3044 741 3112 Quid
780 3051 1061 3108 enimvero
1100 3064 1311 3109 tantum
1339 3057 1541 3127 piaculi
1579 3062 1651 3116 sit
1684 3062 1865 3134 Baby-

292 3135 458 3191 lonia:
485 3136 748 3195 Sullanem
789 3140 1015 3200 fratrem
1044 3147 1383 3216 nominasse,
1423 3150 1471 3208 si
1507 3164 1697 3210 sancto
1745 3156 1868 3227 Spi-

1978 666 2279 736 ριαλγήσας
2330 665 2426 719 καί⁵
2482 664 2594 719 τῶν
2641 662 2988 734 πραγμάτων
3045 658 3475 724 καταστενάξας,
3505 658 3557 711 εἰ

1976 758 2053 826 prin
2081 758 2242 827 μόνον
2270 760 2383 821 τοῖς
2419 756 2783 827 σχιζομένοις,
2817 754 2954 808 ἀλλά
3001 753 3097 807 καὶ
3126 752 3310 816 αὐτοῖς
3345 752 3410 823 δὴ
3438 753 3560 815 τοῖς

1973 849 2274 919 ἡνωμένοις
2301 849 2370 902 τὰ
2399 849 2508 902 τῶν
2555 849 2701 902 ἰδίων
2736 846 3118 917 χλευάζονται,
3166 844 3386 899 σύνοδον
3422 860 3558 912 συγ-

1972 945 2179 1012 κροτεῖ,
2211 944 2304 998 καὶ
2333 941 2578 996 διαλαλετ
2603 943 2739 995 πᾶσι
2771 940 2841 993 τὰ
2871 940 3008 1003 τέως
3038 939 3320 1010 λεχθέντα,
3356 936 3452 991 καὶ
3481 935 3559 999 ὡς

1970 1029 2040 1103 ἦν
2072 1033 2210 1087 κατά
2243 1034 2306 1087 τὸ
2352 1034 2502 1097 εἰκὸς
2548 1032 2677 1097 τοὺς
2710 1033 2904 1101 λόγους
2956 1031 3239 1092 διευθετεῖ,
3279 1028 3560 1083 ἐκϐάλλων

1973 1123 2210 1192 ὑποψίαν
2244 1124 2484 1194 ματαίαν
2518 1126 2582 1177 ὲκ
2628 1122 2868 1193 καρδιῶν
2894 1122 3203 1176 ἀκουόντων
3242 1120 3563 1190 ινσκιῤῥου-

1976 1213 2143 1284 μένην
2165 1215 2266 1285 ἤδη
2297 1214 2376 1284 τῷ
2409 1215 2730 1285 Θεολήπτὶρ.
2764 1213 2940 1277 Αὐτὸς
2969 1213 3027 1267 δὲ
3057 1210 3330 1282 πειράσας
3352 1207 3561 1264 κακοῦν

1970 1308 2060 1360 τὸν
2090 1307 2189 1378 τὴν
2228 1306 2322 1361 τοῦ
2357 1308 2659 1362 σκανδάλου
2694 1307 2971 1376 πυρκαϊὰν
3012 1303 3377 1373 ὑπανάψαντα
3422 1302 3565 1357 αἰδοῖ

1970 1397 2064 1449 τοῦ
2093 1397 2286 1468 ἀνδρὸς
2332 1399 2599 1468 εἴργεται,
2634 1399 2696 1452 τὸ
2748 1399 2848 1467 μὲν
2886 1398 2975 1451 διὰ
3002 1398 3103 1465 τὴν
3150 1395 3362 1449 ἐκείνου
3394 1393 3564 1449 κατά-

1972 1505 2166 1541 στασιν
2197 1485 2287 1559 (ἦν
2318 1491 2426 1561 γὰρ
2450 1491 2570 1553 ταῖς
2609 1488 2890 1560 ἀληθείαις
2926 1488 3163 1557 εὐλαϐὴς
3200 1488 3230 1538 ὁ
3269 1484 3429 1556 ἀνὴρ,
3464 1483 3564 1537 καί⁹

1948 1581 2029 1633 ὀὐ
2066 1584 2395 1653 κακουργίᾳ,
2443 1582 2561 1636 ἀλλ’
2609 1582 2869 1653 εὐλαϐείᾳ
2913 1579 3372 1652 παρακεκίνητο),
3407 1576 3469 1629 τὸ
3505 1575 3564 1629 δὲ

1971 1671 2067 1725 καὶ
2090 1673 2177 1727 διὰ
2204 1673 2264 1726 τὸ
2295 1673 2529 1745 ἀρθῆναι
2552 1672 2729 1728 θέλειν
2749 1675 2891 1745 μέγα
2921 1673 2984 1727 τὺ
3028 1672 3323 1728 σκάνδαλον
3372 1671 3436 1724 ὲκ
3464 1668 3563 1723 τοῦ

1969 1763 2059 1816 τὸν
2091 1765 2483 1836 ὑπομνήσαντα
2517 1766 2882 1823 κινδυνεῦσαι.

1971 1873 2071 1931 κδ’.
2104 1875 2242 1945 Περὶ
2291 1875 2411 1930 τῶν
2448 1877 2933 1947 ἀποτεθειμένων
2967 1878 3228 1947 καρύων
3261 1876 3359 1930 καί
3403 1874 3565 1940 ὅπως

2587 1947 2949 2016 εὑρέθησαν.

2045 2036 2227 2089 Δεινὸν
2258 2035 2315 2090 δὲ
2348 2036 2521 2102 πάθος
2553 2038 2806 2094 ἐντεῦθεν
2836 2038 3012 2110 εἰσῄει
3050 2037 3138 2111 [Ρ.
3175 2037 3301 2111 169]
3332 2038 3424 2093 τὸν
3456 2053 3566 2091 πα-

1973 2214 2078 2269 lem
2111 2215 2215 2287 piis
2245 2217 2472 2274 auribus
2500 2218 2803 2274 orationem
2843 2218 3082 2285 censuit,
3115 2234 3223 2289 qua
3277 2219 3564 2275 rebellium

1973 2307 2085 2363 Deo
2136 2308 2440 2363 daemonum
2488 2308 2708 2367 Christo
2757 2310 2989 2377 subjecti
3042 2310 3313 2375 homines,
3377 2326 3406 2365 a
3450 2310 3567 2367 Deo

1972 2413 2069 2467 per
2096 2399 2431 2470 baptismum
2480 2402 2535 2457 in
2575 2402 2712 2460 filios
2753 2403 3019 2474 adoptati,
3059 2404 3260 2459 fratres
3311 2403 3563 2459 diceren-

1975 2496 2084 2544 tur.
2118 2489 2315 2562 IEquis
2344 2492 2511 2564 igitur
2536 2495 2712 2552 oculis
2751 2502 3000 2566 spectare
3033 2496 3115 2552 sic
3165 2495 3408 2551 locutum
3449 2509 3562 2550 non

1972 2585 2237 2641 sustinuit
2263 2604 2277 2640 :
2309 2586 2405 2643 sed
2434 2594 2489 2642 et
2510 2588 2696 2644 verbis
2728 2589 2992 2644 continuo
3020 2588 3272 2659 plurimis
3306 2587 3559 2656 impiam,

1973 2686 2031 2731 ut
2060 2677 2306 2747 putabat,
2364 2678 2697 2733 mentionem
2753 2687 3063 2743 aversatus,
3112 2677 3162 2732 ei
3215 2693 3317 2733 suo
3350 2677 3569 2748 judicio

1969 2769 2325 2838 blasphemia:
2354 2785 2463 2826 non
2495 2770 2783 2826 mediocris
2806 2778 2989 2825 notam
3018 2771 3239 2826 inussit.
3270 2770 3424 2826 Ducti
3448 2785 3567 2826 non

1968 2862 2130 2932 pauci
2161 2863 2490 2918 auctoritate
2512 2861 2715 2919 Niceten
2744 2863 2949 2919 amaris
2988 2862 3343 2924 irrisionibus
3386 2861 3565 2917 Theo—
3592 2900 3593 2903 η

1970 2957 2173 3027 leptum
2203 2959 2586 3027 traducebant,
2613 2960 2848 3032 ejusque
2887 2961 3218 3017 sententiam
3248 2961 3424 3016 nihilo
3448 2975 3571 3017 mo-

1968 3050 2212 3109 deratius
2244 3066 2408 3122 quam
2434 3060 2642 3122 pestem
2688 3060 2741 3107 et
2772 3066 3043 3107 venenum
3071 3051 3379 3120 viperinum
3408 3065 3566 3106 aver-

1969 3145 2254 3203 sabantur.
2287 3146 2558 3201 Caeterum
2587 3146 2891 3214 Augustus,
2922 3148 3017 3215 qui
3048 3147 3328 3201 orationes
3356 3144 3569 3200 utrius-

281 3227 419 3294 ritu,
451 3229 542 3299 qui
580 3246 774 3288 sacros
809 3234 994 3293 libros
1035 3237 1284 3308 dictavit,
1332 3254 1557 3301 auctore
1597 3246 1865 3307 discimus

1978 3251 2077 3306 quc
2102 3235 2412 3292 contrarias
2469 3247 2711 3302 praesens
2765 3232 2926 3304 plene
2985 3233 3214 3288 auribus
3275 3233 3562 3299 hauserat,

279 3319 446 3374 malis
492 3319 635 3392 ipsis
665 3323 1010 3385 daemonibus
1043 3345 1153 3387 non
1201 3340 1417 3389 tantum
1462 3337 1713 3396 homines
1749 3356 1871 3396 om-

278 3427 402 3477 nes,
460 3415 559 3471 sed
604 3417 770 3473 etiam
820 3419 1171 3480 Christianos
1220 3426 1462 3485 fraterna
1490 3432 1726 3500 quadam
1769 3449 1867 3490 ne-

280 3503 627 3562 cessitudine
680 3508 981 3581 conjungi?
1018 3512 1215 3572 Vincat
1270 3532 1400 3589 ergo
1451 3522 1592 3577 ratio
1645 3523 1867 3581 inanem

281 3606 492 3649 metum
519 3613 535 3663 ;
565 3604 621 3652 et
665 3613 786 3653 cum
817 3615 907 3657 res
939 3603 1123 3674 exigat
1166 3610 1453 3664 conveniri
1479 3612 1748 3669 sultanem
1781 3615 1871 3671 lit-

282 3684 443 3750 teris,
490 3694 548 3742 et
575 3688 776 3745 barum
809 3691 1230 3765 inscriptionem
1259 3709 1510 3768 oporteat
1552 3706 1714 3761 talem
1747 3722 1871 3764 esse

284 3779 469 3850 qualis
492 3779 611 3851 jam
641 3782 771 3838 olim
801 3787 1068 3856 exemplis
1092 3789 1404 3862 principum
1429 3794 1647 3864 piorum
1681 3812 1732 3853 et
1768 3815 1873 3857 usu

287 3873 559 3930 hactenus
589 3877 856 3933 continuo
890 3878 1189 3938 informata
1238 3893 1346 3951 est,
1387 3887 1549 3943 detur
1596 3905 1765 3961 opera
1812 3901 1874 3949 ut

288 3966 433 4034 quod
464 3967 789 4023 necessario
818 3966 1132 4027 faciendum
1157 3983 1263 4042 est,
1296 3977 1413 4032 ﬁeri
1439 3978 1676 4036 libenter
1701 3996 1873 4053 appa-

288 4065 450 4112 reat:
485 4057 696 4129 alioqui
745 4060 889 4116 enim
929 4078 1039 4120 non
1097 4066 1326 4125 haberet
1379 4073 1610 4142 gratiam
1665 4078 1871 4143 meriti,

290 4150 435 4219 quod
468 4149 523 4204 vi
557 4165 880 4221 expressum
906 4155 1142 4225 quadam
1175 4167 1230 4215 et
1264 4170 1541 4218 extortum
1577 4167 1647 4223 ab
1691 4169 1878 4228 invitis

287 4243 596 4298 videretur.
631 4242 815 4302 Locus
845 4247 1147 4318 Scriptura:
1178 4266 1289 4322 quo
1312 4252 1485 4311 fretus
1508 4256 1625 4313 haec
1653 4257 1876 4330 loquor,

290 4334 383 4390 hic
426 4344 534 4391 est.
570 4334 786 4406 Sponsa
824 4338 879 4393 in
909 4339 1141 4399 Cantica
1180 4344 1262 4399 sic
1289 4343 1367 4399 ait
1403 4362 1419 4400 :
1468 4366 1487 4399 ι
1526 4348 1650 4406 Filii
1682 4353 1877 4410 matris

290 4441 427 4483 mere
487 4439 871 4498 pugnaverunt
923 4442 1115 4489 contra
1171 4451 1259 4492 me
1293 4439 1333 4493 ί.
1383 4457 1402 4492 ι
1455 4440 1534 4495 lbi
1590 4442 1876 4513 Nyssenus

1970 3328 2061 3384 ubi
2111 3329 2261 3400 quod
2293 3328 2420 3383 inde
2471 3343 2568 3398 per
2599 3326 2862 3398 populum
2918 3327 2973 3381 in
3014 3325 3564 3396 Philadelphiensem

1969 3437 2223 3478 murmur
2271 3423 2530 3493 glisceret
2558 3428 2747 3494 postea
2805 3423 3082 3492 cognovit,
3137 3434 3304 3491 aegre,
3363 3425 3422 3472 ut
3464 3430 3573 3485 par

1971 3525 2110 3582 erat,
2145 3530 2299 3570 novae
2343 3529 2509 3584 super
2540 3523 2618 3570 tot
2637 3515 2774 3572 alias
2807 3513 3131 3570 offensionis
3181 3520 3432 3569 exortum
3471 3524 3564 3569 tu-

1972 3607 2075 3675 litl;
2109 3616 2165 3662 et
2205 3606 2499 3662 miseratus
2546 3617 2748 3663 sortem
2786 3606 3086 3676 publicam,
3118 3604 3264 3676 quod
3308 3606 3422 3676 jam
3451 3619 3564 3661 non

1973 3700 2152 3756 solum
2177 3700 2478 3755 schismate
2521 3698 2744 3768 abrupti
2787 3713 2913 3754 cum
2946 3699 3320 3768 perstantibus
3354 3699 3414 3755 in
3463 3700 3568 3755 Ee-

1975 3791 2156 3847 clesiae
2179 3790 2390 3847 unitate
2421 3791 2838 3870 contenderent,
2886 3789 2986 3846 sed
3022 3791 3074 3844 hi
3116 3806 3338 3862 quoque
3364 3790 3566 3863 jurgiis

1974 3885 2292 3953 mutuisque
2330 3882 2580 3939 ludibriis
2614 3883 3111 3950 committerentur,
3144 3891 3449 3940 convocata
3464 3870 3566 3954 sy-

1975 3975 2120 4029 nodo
2165 3974 2431 4029 disseruit
2483 3972 2553 4028 de
2617 3974 2849 4028 suborto
2910 3973 3367 4044 Dyrrachiensem
3422 3975 3569 4030 inter

1974 4065 2619 4137 Philadelphiensemque
2665 4064 2993 4130 certamine,
3047 4065 3326 4136 hujusque
3392 4064 3565 4121 verba

1977 4159 2033 4215 in
2067 4159 2393 4215 sententiam
2420 4158 2676 4226 exposuit
2705 4158 3073 4219 commodam.
3121 4170 3339 4211 omnem
3390 4157 3460 4213 ab
3497 4173 3568 4214 eo

1978 4251 2162 4306 minus
2190 4265 2338 4306 sanae
2359 4250 2624 4306 doctrinae
2663 4257 2759 4302 aut
2796 4247 3259 4318 'reprebensihilis
3304 4249 3566 4305 novitatis

1980 4342 2351 4411 suspicionem
2402 4340 2624 4394 inanem
2684 4339 2976 4405 amoliens,
3042 4339 3154 4394 imo
3209 4339 3407 4395 animis
3448 4340 3567 4409 jam

1981 4434 2282 4488 multorum
2329 4430 2576 4486 inolitam
2623 4429 2876 4499 stirpitus
2912 4429 3175 4484 avellens.
3227 4429 3408 4499 Atque
3452 4427 3567 4495 ille,

293 4517 567 4586 Sponsam
619 4536 742 4589 quae
810 4522 893 4577 sic
954 4524 1202 4595 loquitur
1280 4543 1406 4586 esse
1467 4532 1628 4589 docet
1694 4534 1884 4593 Eccle-
1914 4540 2096 4598 uno
2125 4522 2402 4580 ferebatur
2433 4538 2601 4579 ruens
2644 4521 2830 4577 studio
2883 4521 2951 4575 ad
3003 4521 3430 4577 exstinctionem
3478 4520 3570 4575 in-

293 4611 431 4664 siam
466 4609 698 4668 Christi.
754 4612 880 4670 Haec
913 4630 945 4670 a
981 4620 1178 4676 matris
1231 4635 1348 4677 suae
1404 4623 1533 4680 filiis
1568 4610 1875 4698 o‘ppugnari

295 4715 356 4756 se
397 4704 672 4771 queritur,
717 4704 821 4761 hoc
870 4716 974 4775 est,
1009 4708 1203 4767 eodem
1259 4712 1428 4786 248
1473 4716 1797 4789 interprete,
1849 4735 1882 4775 a

297 4793 460 4847 malis
499 4793 868 4866 daemonibus,
904 4802 1000 4870 qui
1031 4803 1226 4858 matris
1256 4805 1433 4876 ipsius
1460 4807 1554 4864 ﬁlii
1599 4811 1880 4874 dicuntur,

297 4886 568 4953 quoniam
601 4896 712 4942 tam
763 4889 1011 4948 Ecclesia
1053 4909 1219 4964 quam
1263 4897 1542 4955 daemones
1571 4917 1638 4956 ex
1688 4903 1882 4958 eadem

296 4992 465 5033 causa
510 4988 564 5034 et
594 4980 863 5050 principio
889 4994 1019 5040 sunt
1044 4988 1175 5052 orti,
1217 4989 1403 5046 divina
1432 4992 1692 5047 nimirum
1724 4993 1886 5050 boni-

300 5078 413 5124 tate
456 5072 730 5127 creatrice
780 5074 1191 5142 universorum,
1247 5095 1347 5149 per
1375 5082 1535 5152 cujus
1584 5083 1883 5141 fecundam

304 5160 728 5218 beneficentiam
771 5174 969 5223 cuncta
997 5185 1063 5224 ex
1093 5172 1267 5227 nihilo
1299 5175 1350 5228 in
1382 5176 1711 5232 exstantiam
1758 5191 1889 5248 pro-

298 5260 474 5306 tracta
504 5262 655 5307 sunt.
693 5254 819 5310 Haec
850 5271 1042 5315 omnes
1074 5261 1252 5319 bonos
1272 5265 1428 5332 juxta
1467 5265 1754 5335 malosque
1785 5281 1885 5321 an-

300 5338 454 5408 gelos
480 5347 580 5393 aut
612 5339 863 5398 homines
895 5359 1006 5399 uno
1039 5350 1239 5415 pariter
1266 5356 1594 5405 cunctorum
1629 5350 1792 5409 Patre
1822 5367 1888 5410 ac

300 5429 600 5487 Conditore
620 5433 825 5504 genuit.
867 5453 887 5487 ι
922 5436 1076 5493 Talia
1120 5441 1304 5495 minus
1352 5441 1495 5497 forte
1541 5445 1888 5512 praemedita-

305 5527 397 5574 tus
419 5522 582 5592 quasi
643 5521 1143 5594 Philadelphiensis
1197 5529 1430 5598 projecit
1489 5530 1547 5586 in
1605 5532 1887 5599 medium;

304 5628 428 5682 quae
460 5613 642 5683 gravis
686 5615 875 5670 statim
910 5618 1156 5675 scandaii
1194 5632 1249 5677 et
1283 5622 1505 5678 invidiae
1535 5623 1588 5678 in
1643 5638 1770 5679 eum
1799 5638 1892 5680 oc-

305 5705 589 5760 casionem
639 5716 770 5763 sunt
835 5709 952 5765 visa
1006 5714 1310 5781 praebuisse
1362 5715 1727 5785 plausibilem.
1778 5715 1893 5772 Hoc

308 5797 451 5851 enim
488 5797 681 5853 audito
723 5799 1139 5871 Dyrrachiensis
1194 5807 1411 5864 Nicetas
1444 5808 1588 5865 haud
1639 5809 1894 5865 tolerabi-

420 5922 437 5951 ¹
470 5917 629 5975 Cant.
666 5935 703 5985 ι,
739 5920 794 5975 5.

1983 4612 2335 4686 vidimﬂﬁs
2359 4621 2569 4668 temere
2614 4612 2670 4667 in
2710 4610 3071 4681 Theoleptum
3105 4624 3377 4677 accensas,
3410 4609 3572 4665 facile

1981 4705 2160 4760 obiter
2208 4703 2539 4758 incitaretur
2591 4701 2649 4754 in
2686 4703 2946 4770 impetum
2998 4714 3144 4770 {egre
3204 4701 3445 4755 vicissim
3488 4698 3573 4753 fa-

1982 4795 2159 4853 ciendi
2185 4795 2304 4864 ejus
2333 4793 2715 4866 reprehensori
2746 4790 2971 4855 Nicetae,
3003 4791 3096 4860 qui
3131 4791 3251 4846 face
3278 4804 3413 4861 rogo
3437 4790 3571 4846 sub-

1980 4886 2125 4957 jecta
2147 4899 2316 4941 causa
2348 4883 2591 4940 incendii
2627 4881 2843 4946 fuisset,
2890 4882 2999 4936 nisi
3046 4880 3117 4935 ab
3151 4879 3259 4934 isto
3296 4894 3421 4935 eum
3471 4895 3569 4932 co-

1984 4986 2114 5034 natu
2135 4977 2417 5033 cohiberet
2435 4976 2671 5046 primum
2690 4974 2868 5044 pudor
2894 4972 2995 5026 viri
3018 4973 3189 5026 multa
3216 4972 3487 5042 gravitate
3507 4984 3585 5026 ao

1983 5069 2251 5140 religione
2283 5067 2631 5132 venerabilis,
2667 5078 2770 5120 nec
2797 5072 2909 5118 tam
2938 5063 2992 5117 in
3019 5063 3123 5117 hoe
3156 5063 3278 5132 ipso
3318 5061 3574 5132 maligni-

1987 5168 2099 5216 tate
2133 5161 2241 5217 ulla
2283 5174 2449 5230 quam
2481 5158 2581 5214 zeli
2606 5158 2845 5227 quadam
2889 5155 3261 5225 imprudentia
3303 5154 3571 5225 prolapsi,

1988 5254 2188 5310 deinde
2222 5260 2402 5307 metus
2436 5265 2506 5306 ne
2549 5250 2765 5321 qualem
2798 5263 2865 5304 ex
2905 5247 3250 5304 traductione
3294 5246 3575 5303 Philadel-

1987 5345 2234 5418 phiensis
2295 5342 2652 5400 offensionem
2715 5341 3034 5397 formidarat
3090 5341 3388 5412 publicam,
3447 5340 3573 5395 talis

1992 5447 2279 5509 tantaque,
2307 5450 2372 5492 ac
2399 5450 2507 5492 nec
2557 5435 2742 5490 minus
2771 5434 2859 5491 vel
2905 5433 3214 5505 periculosa
3261 5432 3345 5487 vel
3384 5431 3577 5496 noxia,

1990 5546 2022 5587 e
2049 5525 2469 5601 Dyrrachiensis
2492 5523 2904 5595 impugnatione
2936 5532 3282 5594 sequeretur.
3586 5534 3595 5539 λ

1991 5640 2084 5694 24.
2127 5636 2207 5691 De
2252 5632 2451 5689 chartis
2492 5631 2547 5687 in
2571 5629 2780 5713 occulto
2816 5631 3125 5755 reconditis,
3173 5637 3224 5684 et
3259 5637 3316 5681 ut
3346 5643 3423 5681 ere
3464 5628 3573 5681 sint

2658 5717 2809 5755 :nuen
2837 5717 2905 5755 aa.

2658 5717 2905 5758 maenae.

2067 5801 2180 5859 Sub
2212 5801 2325 5856 haec
2365 5796 2550 5869 gravis
2596 5795 2819 5868 quidam
2876 5795 3052 5852 anxiae
3100 5790 3586 5876 religionisaastut
