  <div class='ocr_page' id='page_1' title='image "/cluster/home/n/w/nwhite01/storage/ocr_20150623/144:no.2/coo.31924054870492/145.png"; bbox 0 0 4018 6458; ppageno 0'>
   <div class='ocr_carea' id='block_1_1' title="bbox 488 432 594 497">
    <p class='ocr_par' dir='ltr' id='par_1_1' title="bbox 488 432 594 497">
     <span class='ocr_line' id='line_1_1' title="bbox 488 432 594 497; baseline 0.057 -6"><span class='ocrx_word' id='word_1_1' title='bbox 488 432 594 497; x_wconf 66' lang='grc' dir='ltr'><strong>Ξ75</strong></span> 
     </span>
    </p>
   </div>
   <div class='ocr_carea' id='block_1_2' title="bbox 1676 441 2511 504">
    <p class='ocr_par' dir='ltr' id='par_1_2' title="bbox 1676 441 2511 504">
     <span class='ocr_line' id='line_1_2' title="bbox 1676 441 2511 504; baseline 0.002 -4"><span class='ocrx_word' id='word_1_2' title='bbox 1676 441 2001 501; x_wconf 71' lang='lat' dir='ltr'><strong>GEORGII</strong></span> <span class='ocrx_word' id='word_1_3' title='bbox 2034 441 2511 504; x_wconf 60' lang='lat' dir='ltr'><strong>PACHYMEILE</strong></span> 
     </span>
    </p>
   </div>
   <div class='ocr_carea' id='block_1_3' title="bbox 3606 446 3700 510">
    <p class='ocr_par' dir='ltr' id='par_1_3' title="bbox 3606 446 3700 510">
     <span class='ocr_line' id='line_1_3' title="bbox 3606 446 3700 510; baseline 0.021 -3"><span class='ocrx_word' id='word_1_4' title='bbox 3606 446 3700 510; x_wconf 70' lang='lat'><strong>276</strong></span> 
     </span>
    </p>
   </div>
   <div class='ocr_carea' id='block_1_4' title="bbox 481 544 3698 624">
    <p class='ocr_par' dir='ltr' id='par_1_4' title="bbox 481 544 3698 624">
     <span class='ocr_line' id='line_1_4' title="bbox 481 544 3698 624; baseline 0.004 -29"><span class='ocrx_word' id='word_1_5' title='bbox 481 544 751 615; x_wconf 79' lang='grc' dir='ltr'>τριάρχην</span> <span class='ocrx_word' id='word_1_6' title='bbox 774 544 1051 615; x_wconf 75' lang='grc' dir='ltr'><strong>Ἰωάννην,</strong></span> <span class='ocrx_word' id='word_1_7' title='bbox 1081 550 1174 603; x_wconf 79' lang='grc' dir='ltr'><strong>καὶ</strong></span> <span class='ocrx_word' id='word_1_8' title='bbox 1204 549 1334 619; x_wconf 78' lang='grc' dir='ltr'>ἡλυε</span> <span class='ocrx_word' id='word_1_9' title='bbox 1363 549 1551 612; x_wconf 79' lang='grc' dir='ltr'><strong>δεινῶς</strong></span> <span class='ocrx_word' id='word_1_10' title='bbox 1580 550 1649 603; x_wconf 81' lang='grc' dir='ltr'><strong>δι’</strong></span> <span class='ocrx_word' id='word_1_11' title='bbox 1672 551 1960 605; x_wconf 76' lang='grc' dir='ltr'>εὐλάϐειαν</span> <span class='ocrx_word' id='word_1_12' title='bbox 1986 547 2047 612; x_wconf 77' lang='grc' dir='ltr'><strong>ἐξ</strong></span> <span class='ocrx_word' id='word_1_13' title='bbox 2076 550 2120 607; x_wconf 68' lang='grc' dir='ltr'><strong>Α</strong></span> <span class='ocrx_word' id='word_1_14' title='bbox 2148 552 2540 621; x_wconf 72' lang='grc' dir='ltr'>παρασυρέντα</span> <span class='ocrx_word' id='word_1_15' title='bbox 2568 548 2690 605; x_wconf 77' lang='grc' dir='ltr'>καθ’</span> <span class='ocrx_word' id='word_1_16' title='bbox 2727 546 2901 621; x_wconf 74' lang='grc' dir='ltr'>οὗπερ</span> <span class='ocrx_word' id='word_1_17' title='bbox 2950 546 3093 621; x_wconf 84' lang='grc' dir='ltr'>ἦσαν</span> <span class='ocrx_word' id='word_1_18' title='bbox 3122 550 3213 604; x_wconf 82' lang='grc' dir='ltr'>καὶ</span> <span class='ocrx_word' id='word_1_19' title='bbox 3239 551 3294 605; x_wconf 77' lang='grc' dir='ltr'>αἱ</span> <span class='ocrx_word' id='word_1_20' title='bbox 3325 551 3472 622; x_wconf 68' lang='grc' dir='ltr'>ἀραί.</span> <span class='ocrx_word' id='word_1_21' title='bbox 3506 554 3610 607; x_wconf 71' lang='grc' dir='ltr'><strong>Καὶ</strong></span> <span class='ocrx_word' id='word_1_22' title='bbox 3641 554 3698 624; x_wconf 80' lang='grc' dir='ltr'><strong>δὴ</strong></span> 
     </span>
    </p>
   </div>
   <div class='ocr_carea' id='block_1_5' title="bbox 482 636 2052 711">
    <p class='ocr_par' dir='ltr' id='par_1_5' title="bbox 482 636 2052 711">
     <span class='ocr_line' id='line_1_5' title="bbox 482 636 2052 711; baseline 0.005 -25"><span class='ocrx_word' id='word_1_23' title='bbox 482 636 661 697; x_wconf 64' lang='lat' dir='ltr'><strong>«ista;</strong></span> <span class='ocrx_word' id='word_1_24' title='bbox 682 638 919 693; x_wconf 72' lang='grc' dir='ltr'><strong>⁸ιοιιῖισδε.</strong></span> <span class='ocrx_word' id='word_1_25' title='bbox 953 640 1111 704; x_wconf 69' lang='grc' dir='ltr'>Τινὲς</span> <span class='ocrx_word' id='word_1_26' title='bbox 1145 640 1250 711; x_wconf 83' lang='grc' dir='ltr'><strong>γὰρ</strong></span> <span class='ocrx_word' id='word_1_27' title='bbox 1278 642 1389 695; x_wconf 84' lang='grc' dir='ltr'>τῶν</span> <span class='ocrx_word' id='word_1_28' title='bbox 1413 643 1646 706; x_wconf 84' lang='grc' dir='ltr'>ἐκείνου,</span> <span class='ocrx_word' id='word_1_29' title='bbox 1664 636 1745 706; x_wconf 72' lang='grc' dir='ltr'>οἷς</span> <span class='ocrx_word' id='word_1_30' title='bbox 1765 645 1906 704; x_wconf 79' lang='grc' dir='ltr'>νέοις</span> <span class='ocrx_word' id='word_1_31' title='bbox 1930 640 2052 694; x_wconf 76' lang='grc' dir='ltr'>οὖσι</span> 
     </span>
    </p>
   </div>
   <div class='ocr_carea' id='block_1_6' title="bbox 482 721 2054 801">
    <p class='ocr_par' dir='ltr' id='par_1_6' title="bbox 482 721 2054 801">
     <span class='ocr_line' id='line_1_6' title="bbox 482 721 2054 801; baseline 0.004 -23"><span class='ocrx_word' id='word_1_32' title='bbox 482 721 715 797; x_wconf 76' lang='grc' dir='ltr'><strong>ςὼγρεῖν</strong></span> <span class='ocrx_word' id='word_1_33' title='bbox 746 727 904 799; x_wconf 82' lang='grc' dir='ltr'>ἐπῄει</span> <span class='ocrx_word' id='word_1_34' title='bbox 935 730 1275 799; x_wconf 72' lang='grc' dir='ltr'>περιστερῶν</span> <span class='ocrx_word' id='word_1_35' title='bbox 1304 732 1561 794; x_wconf 78' lang='grc' dir='ltr'>νεοσσοὺς</span> <span class='ocrx_word' id='word_1_36' title='bbox 1584 731 2054 801; x_wconf 81' lang='grc' dir='ltr'>νεοκομουμένους</span> 
     </span>
    </p>
   </div>
   <div class='ocr_carea' id='block_1_7' title="bbox 482 819 2052 895">
    <p class='ocr_par' dir='ltr' id='par_1_7' title="bbox 482 819 2052 895">
     <span class='ocr_line' id='line_1_7' title="bbox 482 819 2052 895; baseline 0.004 -25"><span class='ocrx_word' id='word_1_37' title='bbox 482 819 542 870; x_wconf 78' lang='grc' dir='ltr'><strong>ἐν</strong></span> <span class='ocrx_word' id='word_1_38' title='bbox 568 821 681 882; x_wconf 76' lang='grc' dir='ltr'>τοῖς</span> <span class='ocrx_word' id='word_1_39' title='bbox 740 822 1242 891; x_wconf 82' lang='grc' dir='ltr'>κατηχουμενείοις,</span> <span class='ocrx_word' id='word_1_40' title='bbox 1304 825 1620 892; x_wconf 76' lang='grc' dir='ltr'><strong>ἐφίστανται</strong></span> <span class='ocrx_word' id='word_1_41' title='bbox 1675 826 1770 879; x_wconf 76' lang='grc' dir='ltr'>καὶ</span> <span class='ocrx_word' id='word_1_42' title='bbox 1807 823 1885 895; x_wconf 81' lang='grc' dir='ltr'>τῷ</span> <span class='ocrx_word' id='word_1_43' title='bbox 1913 824 2052 877; x_wconf 87' lang='grc' dir='ltr'>κίονι</span> 
     </span>
    </p>
   </div>
   <div class='ocr_carea' id='block_1_8' title="bbox 480 908 2053 988">
    <p class='ocr_par' dir='ltr' id='par_1_8' title="bbox 480 908 2053 988">
     <span class='ocr_line' id='line_1_8' title="bbox 480 908 2053 988; baseline 0.003 -25"><span class='ocrx_word' id='word_1_44' title='bbox 480 908 609 963; x_wconf 59' lang='grc' dir='ltr'>ἔνθα</span> <span class='ocrx_word' id='word_1_45' title='bbox 640 912 708 965; x_wconf 79' lang='grc' dir='ltr'>τὰ</span> <span class='ocrx_word' id='word_1_46' title='bbox 760 911 1073 982; x_wconf 83' lang='grc' dir='ltr'>δηλωθέντα</span> <span class='ocrx_word' id='word_1_47' title='bbox 1102 915 1212 969; x_wconf 82' lang='grc' dir='ltr'><strong>τῶν</strong></span> <span class='ocrx_word' id='word_1_48' title='bbox 1248 918 1596 988; x_wconf 71' lang='grc' dir='ltr'><strong>γραμμάτων</strong></span> <span class='ocrx_word' id='word_1_49' title='bbox 1652 917 1959 987; x_wconf 83' lang='grc' dir='ltr'>ἐκπώματα</span> <span class='ocrx_word' id='word_1_50' title='bbox 1993 918 2053 968; x_wconf 85' lang='grc' dir='ltr'>ἐν</span> 
     </span>
    </p>
   </div>
   <div class='ocr_carea' id='block_1_9' title="bbox 458 1000 2052 1078">
    <p class='ocr_par' dir='ltr' id='par_1_9' title="bbox 458 1000 2052 1078">
     <span class='ocr_line' id='line_1_9' title="bbox 458 1000 2052 1078; baseline -0.001 -20"><span class='ocrx_word' id='word_1_51' title='bbox 458 1005 663 1072; x_wconf 76' lang='grc' dir='ltr'>,κρυφῇ</span> <span class='ocrx_word' id='word_1_52' title='bbox 700 1003 929 1068; x_wconf 80' lang='grc' dir='ltr'>κείμενα</span> <span class='ocrx_word' id='word_1_53' title='bbox 957 1000 1095 1074; x_wconf 84' lang='grc' dir='ltr'>ἦσαν</span> <span class='ocrx_word' id='word_1_54' title='bbox 1146 1006 1484 1078; x_wconf 83' lang='grc' dir='ltr'>(Γαμηλιὼν</span> <span class='ocrx_word' id='word_1_55' title='bbox 1532 1007 1577 1061; x_wconf 77' lang='grc' dir='ltr'><strong>δ’</strong></span> <span class='ocrx_word' id='word_1_56' title='bbox 1605 1008 1912 1078; x_wconf 77' lang='grc' dir='ltr'>ἐνειστήκει</span> <span class='ocrx_word' id='word_1_57' title='bbox 1945 1007 2052 1074; x_wconf 80' lang='grc' dir='ltr'><strong>μὴν</strong></span> 
     </span>
    </p>
   </div>
   <div class='ocr_carea' id='block_1_10' title="bbox 481 1091 2052 1171">
    <p class='ocr_par' dir='ltr' id='par_1_10' title="bbox 481 1091 2052 1171">
     <span class='ocr_line' id='line_1_10' title="bbox 481 1091 2052 1171; baseline 0.004 -26"><span class='ocrx_word' id='word_1_58' title='bbox 481 1091 600 1146; x_wconf 87' lang='grc' dir='ltr'>καθ’</span> <span class='ocrx_word' id='word_1_59' title='bbox 626 1093 686 1146; x_wconf 87' lang='grc' dir='ltr'>ὃν</span> <span class='ocrx_word' id='word_1_60' title='bbox 719 1094 875 1147; x_wconf 81' lang='grc' dir='ltr'>ταῦτ’</span> <span class='ocrx_word' id='word_1_61' title='bbox 898 1096 1233 1169; x_wconf 73' lang='grc' dir='ltr'>ἐπράττετο)</span> <span class='ocrx_word' id='word_1_62' title='bbox 1267 1100 1327 1153; x_wconf 87' lang='grc' dir='ltr'>ἐν</span> <span class='ocrx_word' id='word_1_63' title='bbox 1350 1101 1662 1171; x_wconf 77' lang='grc' dir='ltr'><strong>ἀριστεροῖς</strong></span> <span class='ocrx_word' id='word_1_64' title='bbox 1686 1102 1798 1161; x_wconf 83' lang='grc' dir='ltr'>τοῖς</span> <span class='ocrx_word' id='word_1_65' title='bbox 1820 1099 2052 1152; x_wconf 75' lang='grc' dir='ltr'><strong>εἰσιοῦσι</strong></span> 
     </span>
    </p>
   </div>
   <div class='ocr_carea' id='block_1_11' title="bbox 479 1189 2052 1262">
    <p class='ocr_par' dir='ltr' id='par_1_11' title="bbox 479 1189 2052 1262">
     <span class='ocr_line' id='line_1_11' title="bbox 479 1189 2052 1262; baseline 0.004 -24"><span class='ocrx_word' id='word_1_66' title='bbox 479 1189 956 1257; x_wconf 81' lang='grc' dir='ltr'>κατηχουμενείοις</span> <span class='ocrx_word' id='word_1_67' title='bbox 989 1191 1084 1245; x_wconf 83' lang='grc' dir='ltr'>τοῦ</span> <span class='ocrx_word' id='word_1_68' title='bbox 1108 1195 1459 1262; x_wconf 73' lang='grc' dir='ltr'><strong>περιωνύμου</strong></span> <span class='ocrx_word' id='word_1_69' title='bbox 1493 1193 1645 1248; x_wconf 82' lang='grc' dir='ltr'><strong>ναοῦ.</strong></span> <span class='ocrx_word' id='word_1_70' title='bbox 1677 1194 1785 1247; x_wconf 73' lang='grc' dir='ltr'><strong>Καὶ</strong></span> <span class='ocrx_word' id='word_1_71' title='bbox 1813 1192 1935 1249; x_wconf 73' lang='grc' dir='ltr'>ἐπεὶ</span> <span class='ocrx_word' id='word_1_72' title='bbox 1955 1209 2052 1245; x_wconf 86' lang='grc' dir='ltr'>πε-</span> 
     </span>
    </p>
   </div>
   <div class='ocr_carea' id='block_1_12' title="bbox 479 1278 2048 1354">
    <p class='ocr_par' dir='ltr' id='par_1_12' title="bbox 479 1278 2048 1354">
     <span class='ocr_line' id='line_1_12' title="bbox 479 1278 2048 1354; baseline 0.006 -24"><span class='ocrx_word' id='word_1_73' title='bbox 479 1279 773 1350; x_wconf 79' lang='grc' dir='ltr'>ριστερεὼν</span> <span class='ocrx_word' id='word_1_74' title='bbox 805 1278 872 1353; x_wconf 78' lang='grc' dir='ltr'><strong>ἦν</strong></span> <span class='ocrx_word' id='word_1_75' title='bbox 915 1284 1065 1354; x_wconf 76' lang='grc' dir='ltr'>τῇδε,</span> <span class='ocrx_word' id='word_1_76' title='bbox 1116 1286 1210 1338; x_wconf 79' lang='grc' dir='ltr'><strong>καὶ</strong></span> <span class='ocrx_word' id='word_1_77' title='bbox 1262 1285 1369 1339; x_wconf 68' lang='grc' dir='ltr'>ἔδει</span> <span class='ocrx_word' id='word_1_78' title='bbox 1417 1288 1518 1341; x_wconf 76' lang='grc' dir='ltr'><strong>οὐκ</strong></span> <span class='ocrx_word' id='word_1_79' title='bbox 1578 1285 1709 1352; x_wconf 79' lang='grc' dir='ltr'>ίξοῖς</span> <span class='ocrx_word' id='word_1_80' title='bbox 1736 1288 1829 1340; x_wconf 69' lang='grc' dir='ltr'><strong>καὶ</strong></span> <span class='ocrx_word' id='word_1_81' title='bbox 1859 1286 2048 1349; x_wconf 89' lang='grc' dir='ltr'>λίνοις,</span> 
     </span>
    </p>
   </div>
   <div class='ocr_carea' id='block_1_13' title="bbox 480 1367 2048 1448">
    <p class='ocr_par' dir='ltr' id='par_1_13' title="bbox 480 1367 2048 1448">
     <span class='ocr_line' id='line_1_13' title="bbox 480 1367 2048 1448; baseline 0.008 -29"><span class='ocrx_word' id='word_1_82' title='bbox 480 1367 611 1422; x_wconf 63' lang='grc' dir='ltr'><strong>ελλά</strong></span> <span class='ocrx_word' id='word_1_83' title='bbox 666 1372 826 1441; x_wconf 79' lang='grc' dir='ltr'>χερσὶ</span> <span class='ocrx_word' id='word_1_84' title='bbox 881 1375 977 1427; x_wconf 77' lang='grc' dir='ltr'><strong>καὶ</strong></span> <span class='ocrx_word' id='word_1_85' title='bbox 1019 1374 1212 1444; x_wconf 78' lang='grc' dir='ltr'>μόναις</span> <span class='ocrx_word' id='word_1_86' title='bbox 1248 1376 1509 1439; x_wconf 79' lang='grc' dir='ltr'>νεοσσοὺς</span> <span class='ocrx_word' id='word_1_87' title='bbox 1564 1377 1814 1447; x_wconf 78' lang='grc' dir='ltr'><strong>ἀπτῆνας</strong></span> <span class='ocrx_word' id='word_1_88' title='bbox 1849 1380 2048 1448; x_wconf 79' lang='grc' dir='ltr'>αἱρεῖν,</span> 
     </span>
    </p>
   </div>
   <div class='ocr_carea' id='block_1_14' title="bbox 478 1458 2049 1531">
    <p class='ocr_par' dir='ltr' id='par_1_14' title="bbox 478 1458 2049 1531">
     <span class='ocr_line' id='line_1_14' title="bbox 478 1458 2049 1531; baseline 0.006 -22"><span class='ocrx_word' id='word_1_89' title='bbox 478 1458 723 1526; x_wconf 77' lang='grc' dir='ltr'>κλίμακα</span> <span class='ocrx_word' id='word_1_90' title='bbox 750 1477 806 1514; x_wconf 84' lang='grc' dir='ltr'><strong>τε</strong></span> <span class='ocrx_word' id='word_1_91' title='bbox 840 1464 1151 1530; x_wconf 83' lang='grc' dir='ltr'>ὲπιτιθεῖσι,</span> <span class='ocrx_word' id='word_1_92' title='bbox 1177 1467 1271 1520; x_wconf 80' lang='grc' dir='ltr'>καὶ</span> <span class='ocrx_word' id='word_1_93' title='bbox 1295 1461 1375 1531; x_wconf 71' lang='grc' dir='ltr'>εἷς</span> <span class='ocrx_word' id='word_1_94' title='bbox 1399 1466 1609 1531; x_wconf 79' lang='grc' dir='ltr'>ἀναὸἀς</span> <span class='ocrx_word' id='word_1_95' title='bbox 1637 1468 1860 1521; x_wconf 85' lang='grc' dir='ltr'>ἐκείνων</span> <span class='ocrx_word' id='word_1_96' title='bbox 1893 1484 2049 1521; x_wconf 76' lang='grc' dir='ltr'>νεοσσ-</span> 
     </span>
    </p>
   </div>
   <div class='ocr_carea' id='block_1_15' title="bbox 478 1550 2049 1629">
    <p class='ocr_par' dir='ltr' id='par_1_15' title="bbox 478 1550 2049 1629">
     <span class='ocr_line' id='line_1_15' title="bbox 478 1550 2049 1629; baseline 0.006 -28"><span class='ocrx_word' id='word_1_97' title='bbox 478 1550 604 1612; x_wconf 63' lang='lat' dir='ltr'><strong>cei);</strong></span> <span class='ocrx_word' id='word_1_98' title='bbox 633 1552 731 1621; x_wconf 78' lang='grc' dir='ltr'><strong>μὲν</strong></span> <span class='ocrx_word' id='word_1_99' title='bbox 777 1555 1018 1618; x_wconf 81' lang='grc' dir='ltr'><strong>ἐκείνους</strong></span> <span class='ocrx_word' id='word_1_100' title='bbox 1046 1557 1149 1610; x_wconf 74' lang='grc' dir='ltr'>ὑπὸ</span> <span class='ocrx_word' id='word_1_101' title='bbox 1198 1560 1390 1628; x_wconf 74' lang='grc' dir='ltr'>χεῖρας</span> <span class='ocrx_word' id='word_1_102' title='bbox 1434 1554 1600 1629; x_wconf 78' lang='grc' dir='ltr'>εῖχεν,</span> <span class='ocrx_word' id='word_1_103' title='bbox 1639 1557 1970 1626; x_wconf 76' lang='grc' dir='ltr'>ὑπεφαίνετο</span> <span class='ocrx_word' id='word_1_104' title='bbox 2001 1558 2049 1611; x_wconf 83' lang='grc' dir='ltr'><strong>δ’</strong></span> 
     </span>
    </p>
   </div>
   <div class='ocr_carea' id='block_1_16' title="bbox 476 1640 2050 1719">
    <p class='ocr_par' dir='ltr' id='par_1_16' title="bbox 476 1640 2050 1719">
     <span class='ocr_line' id='line_1_16' title="bbox 476 1640 2050 1719; baseline 0.006 -27"><span class='ocrx_word' id='word_1_105' title='bbox 476 1640 678 1706; x_wconf 78' lang='grc' dir='ltr'>εὐθέως</span> <span class='ocrx_word' id='word_1_106' title='bbox 703 1644 798 1696; x_wconf 80' lang='grc' dir='ltr'><strong>καὶ</strong></span> <span class='ocrx_word' id='word_1_107' title='bbox 829 1646 890 1698; x_wconf 77' lang='grc' dir='ltr'>τὸ</span> <span class='ocrx_word' id='word_1_108' title='bbox 919 1649 976 1700; x_wconf 89' lang='grc' dir='ltr'>ἐν</span> <span class='ocrx_word' id='word_1_109' title='bbox 1033 1648 1189 1718; x_wconf 72' lang='grc' dir='ltr'>μυχῷ</span> <span class='ocrx_word' id='word_1_110' title='bbox 1209 1648 1309 1712; x_wconf 78' lang='grc' dir='ltr'>τῆς</span> <span class='ocrx_word' id='word_1_111' title='bbox 1336 1650 1474 1719; x_wconf 75' lang='grc' dir='ltr'>ὀπῆς</span> <span class='ocrx_word' id='word_1_112' title='bbox 1500 1648 1775 1717; x_wconf 82' lang='grc' dir='ltr'>κείμενον.</span> <span class='ocrx_word' id='word_1_113' title='bbox 1808 1645 1883 1700; x_wconf 78' lang='grc' dir='ltr'><strong>Τὸ</strong></span> <span class='ocrx_word' id='word_1_114' title='bbox 1908 1649 1953 1701; x_wconf 78' lang='grc' dir='ltr'><strong>δ’</strong></span> <span class='ocrx_word' id='word_1_115' title='bbox 1983 1643 2050 1717; x_wconf 80' lang='grc' dir='ltr'><strong>ἦν</strong></span> 
     </span>
    </p>
   </div>
   <div class='ocr_carea' id='block_1_17' title="bbox 476 1736 2051 1815">
    <p class='ocr_par' dir='ltr' id='par_1_17' title="bbox 476 1736 2051 1815">
     <span class='ocr_line' id='line_1_17' title="bbox 476 1736 2051 1815; baseline 0.004 -26"><span class='ocrx_word' id='word_1_116' title='bbox 476 1736 536 1790; x_wconf 80' lang='grc' dir='ltr'>τὸ</span> <span class='ocrx_word' id='word_1_117' title='bbox 568 1742 1009 1809; x_wconf 83' lang='grc' dir='ltr'>συνεπτυγμένον</span> <span class='ocrx_word' id='word_1_118' title='bbox 1039 1743 1147 1796; x_wconf 77' lang='grc' dir='ltr'>τῶν</span> <span class='ocrx_word' id='word_1_119' title='bbox 1181 1743 1333 1813; x_wconf 82' lang='grc' dir='ltr'><strong>ἀρῶν</strong></span> <span class='ocrx_word' id='word_1_120' title='bbox 1362 1744 1653 1815; x_wconf 76' lang='grc' dir='ltr'>ὄστρακον.</span> <span class='ocrx_word' id='word_1_121' title='bbox 1713 1742 1799 1805; x_wconf 82' lang='grc' dir='ltr'>Ὠς</span> <span class='ocrx_word' id='word_1_122' title='bbox 1827 1742 1870 1794; x_wconf 85' lang='grc' dir='ltr'>δ’</span> <span class='ocrx_word' id='word_1_123' title='bbox 1916 1743 2051 1795; x_wconf 67' lang='grc' dir='ltr'>ἀναι-</span> 
     </span>
    </p>
   </div>
   <div class='ocr_carea' id='block_1_18' title="bbox 2157 640 3699 716">
    <p class='ocr_par' dir='ltr' id='par_1_18' title="bbox 2157 640 3699 716">
     <span class='ocr_line' id='line_1_18' title="bbox 2157 640 3699 716; baseline 0.003 -23"><span class='ocrx_word' id='word_1_124' title='bbox 2157 640 2249 694; x_wconf 78' lang='grc' dir='ltr'><strong>τδν</strong></span> <span class='ocrx_word' id='word_1_125' title='bbox 2287 642 2516 712; x_wconf 75' lang='grc' dir='ltr'>ἀδελφὸν</span> <span class='ocrx_word' id='word_1_126' title='bbox 2546 642 2769 712; x_wconf 75' lang='grc' dir='ltr'>πέμψας</span> <span class='ocrx_word' id='word_1_127' title='bbox 2797 642 3079 709; x_wconf 81' lang='grc' dir='ltr'>Μεθόδιον,</span> <span class='ocrx_word' id='word_1_128' title='bbox 3105 642 3259 714; x_wconf 76' lang='grc' dir='ltr'>ἠξίου</span> <span class='ocrx_word' id='word_1_129' title='bbox 3292 643 3510 714; x_wconf 72' lang='grc' dir='ltr'>βασιλέα</span> <span class='ocrx_word' id='word_1_130' title='bbox 3540 662 3699 716; x_wconf 85' lang='grc' dir='ltr'>παρα-</span> 
     </span>
    </p>
   </div>
   <div class='ocr_carea' id='block_1_19' title="bbox 2157 734 3701 807">
    <p class='ocr_par' dir='ltr' id='par_1_19' title="bbox 2157 734 3701 807">
     <span class='ocr_line' id='line_1_19' title="bbox 2157 734 3701 807; baseline 0.004 -21"><span class='ocrx_word' id='word_1_131' title='bbox 2157 734 2409 802; x_wconf 75' lang='grc' dir='ltr'><strong>γενέσθαι</strong></span> <span class='ocrx_word' id='word_1_132' title='bbox 2436 737 2484 788; x_wconf 86' lang='grc' dir='ltr'><strong>οί</strong></span> <span class='ocrx_word' id='word_1_133' title='bbox 2505 750 2518 765; x_wconf 83' lang='grc'><em>’</em></span> <span class='ocrx_word' id='word_1_134' title='bbox 2563 736 2698 805; x_wconf 80' lang='grc' dir='ltr'><strong>μηδὲ</strong></span> <span class='ocrx_word' id='word_1_135' title='bbox 2728 736 2796 804; x_wconf 74' lang='grc' dir='ltr'><strong>γὰ</strong></span> <span class='ocrx_word' id='word_1_136' title='bbox 2806 754 2838 807; x_wconf 87' lang='grc' dir='ltr'><strong>ρ</strong></span> <span class='ocrx_word' id='word_1_137' title='bbox 2863 736 3010 807; x_wconf 73' lang='grc' dir='ltr'>ἔχειν</span> <span class='ocrx_word' id='word_1_138' title='bbox 3041 738 3291 807; x_wconf 80' lang='grc' dir='ltr'>ἁπαντᾷν</span> <span class='ocrx_word' id='word_1_139' title='bbox 3333 738 3465 807; x_wconf 80' lang='grc' dir='ltr'>παρ’</span> <span class='ocrx_word' id='word_1_140' title='bbox 3494 739 3701 792; x_wconf 78' lang='grc' dir='ltr'>ἐκεῖνον.</span> 
     </span>
    </p>
   </div>
   <div class='ocr_carea' id='block_1_20' title="bbox 2168 826 3706 897">
    <p class='ocr_par' dir='ltr' id='par_1_20' title="bbox 2168 826 3706 897">
     <span class='ocr_line' id='line_1_20' title="bbox 2168 826 3706 897; baseline 0.003 -19"><span class='ocrx_word' id='word_1_141' title='bbox 2168 826 2507 895; x_wconf 81' lang='grc' dir='ltr'>Ἀπήγγελλε</span> <span class='ocrx_word' id='word_1_142' title='bbox 2534 827 2593 880; x_wconf 75' lang='grc' dir='ltr'><strong>δέ</strong></span> <span class='ocrx_word' id='word_1_143' title='bbox 2614 827 2708 882; x_wconf 83' lang='grc' dir='ltr'>καὶ</span> <span class='ocrx_word' id='word_1_144' title='bbox 2740 829 2840 897; x_wconf 81' lang='grc' dir='ltr'><strong>τὴν</strong></span> <span class='ocrx_word' id='word_1_145' title='bbox 2869 827 3072 895; x_wconf 72' lang='grc' dir='ltr'>αἰτίαν,</span> <span class='ocrx_word' id='word_1_146' title='bbox 3094 827 3169 890; x_wconf 80' lang='grc' dir='ltr'>ὡς</span> <span class='ocrx_word' id='word_1_147' title='bbox 3200 826 3389 881; x_wconf 63' lang='grc' dir='ltr'>ἔλαθον</span> <span class='ocrx_word' id='word_1_148' title='bbox 3418 828 3507 881; x_wconf 76' lang='grc' dir='ltr'>ἐπὶ</span> <span class='ocrx_word' id='word_1_149' title='bbox 3526 827 3706 882; x_wconf 80' lang='grc' dir='ltr'>τοσοῦ-</span> 
     </span>
    </p>
   </div>
   <div class='ocr_carea' id='block_1_21' title="bbox 2152 915 3709 988">
    <p class='ocr_par' dir='ltr' id='par_1_21' title="bbox 2152 915 3709 988">
     <span class='ocr_line' id='line_1_21' title="bbox 2152 915 3709 988; baseline 0.001 -19"><span class='ocrx_word' id='word_1_150' title='bbox 2152 932 2248 969; x_wconf 84' lang='grc' dir='ltr'><strong>τον</strong></span> <span class='ocrx_word' id='word_1_151' title='bbox 2283 915 2528 987; x_wconf 82' lang='grc' dir='ltr'>φρικτῶν</span> <span class='ocrx_word' id='word_1_152' title='bbox 2553 917 2703 988; x_wconf 78' lang='grc' dir='ltr'>ἀρῶν</span> <span class='ocrx_word' id='word_1_153' title='bbox 2726 917 2983 979; x_wconf 75' lang='grc' dir='ltr'><strong>εὐθύναις</strong></span> <span class='ocrx_word' id='word_1_154' title='bbox 3009 917 3086 982; x_wconf 83' lang='grc' dir='ltr'>ὡς</span> <span class='ocrx_word' id='word_1_155' title='bbox 3115 917 3217 972; x_wconf 80' lang='grc' dir='ltr'><strong>οὐκ</strong></span> <span class='ocrx_word' id='word_1_156' title='bbox 3238 917 3442 972; x_wconf 81' lang='grc' dir='ltr'>οίδασιν</span> <span class='ocrx_word' id='word_1_157' title='bbox 3473 917 3709 988; x_wconf 62' lang='grc' dir='ltr'>ἐνεχόμεο</span> 
     </span>
    </p>
   </div>
   <div class='ocr_carea' id='block_1_22' title="bbox 2154 1008 3708 1081">
    <p class='ocr_par' dir='ltr' id='par_1_22' title="bbox 2154 1008 3708 1081">
     <span class='ocr_line' id='line_1_22' title="bbox 2154 1008 3708 1081; baseline -0.001 -20"><span class='ocrx_word' id='word_1_158' title='bbox 2154 1025 2256 1071; x_wconf 84' lang='grc' dir='ltr'>νοι,</span> <span class='ocrx_word' id='word_1_159' title='bbox 2290 1009 2384 1061; x_wconf 73' lang='grc' dir='ltr'>καὶ</span> <span class='ocrx_word' id='word_1_160' title='bbox 2412 1008 2488 1072; x_wconf 83' lang='grc' dir='ltr'>ὡς</span> <span class='ocrx_word' id='word_1_161' title='bbox 2507 1009 2843 1073; x_wconf 81' lang='grc' dir='ltr'>ἀπεναντίας</span> <span class='ocrx_word' id='word_1_162' title='bbox 2865 1010 2964 1079; x_wconf 83' lang='grc' dir='ltr'>τῆς</span> <span class='ocrx_word' id='word_1_163' title='bbox 2992 1010 3160 1065; x_wconf 80' lang='grc' dir='ltr'>πάλαι</span> <span class='ocrx_word' id='word_1_164' title='bbox 3193 1010 3540 1081; x_wconf 73' lang='grc' dir='ltr'>περιστερᾶς,</span> <span class='ocrx_word' id='word_1_165' title='bbox 3566 1008 3708 1063; x_wconf 83' lang='grc' dir='ltr'>λύσιν</span> 
     </span>
    </p>
   </div>
   <div class='ocr_carea' id='block_1_23' title="bbox 2155 1099 3708 1173">
    <p class='ocr_par' dir='ltr' id='par_1_23' title="bbox 2155 1099 3708 1173">
     <span class='ocr_line' id='line_1_23' title="bbox 2155 1099 3708 1173; baseline -0.001 -20"><span class='ocrx_word' id='word_1_166' title='bbox 2155 1099 2654 1173; x_wconf 76' lang='grc' dir='ltr'>εύαγγελιζομένης</span> <span class='ocrx_word' id='word_1_167' title='bbox 2710 1101 3127 1172; x_wconf 80' lang='grc' dir='ltr'>κατακλυσμοῦ,</span> <span class='ocrx_word' id='word_1_168' title='bbox 3188 1103 3222 1172; x_wconf 80' lang='grc' dir='ltr'><strong>ἡ</strong></span> <span class='ocrx_word' id='word_1_169' title='bbox 3255 1102 3350 1155; x_wconf 80' lang='grc' dir='ltr'>ἐπὶ</span> <span class='ocrx_word' id='word_1_170' title='bbox 3392 1099 3484 1154; x_wconf 80' lang='grc' dir='ltr'>τοῦ</span> <span class='ocrx_word' id='word_1_171' title='bbox 3544 1100 3708 1164; x_wconf 81' lang='grc' dir='ltr'>κίονος</span> 
     </span>
    </p>
   </div>
   <div class='ocr_carea' id='block_1_24' title="bbox 2152 1191 3711 1264">
    <p class='ocr_par' dir='ltr' id='par_1_24' title="bbox 2152 1191 3711 1264">
     <span class='ocr_line' id='line_1_24' title="bbox 2152 1191 3711 1264; baseline -0.001 -20"><span class='ocrx_word' id='word_1_172' title='bbox 2152 1192 2335 1262; x_wconf 80' lang='grc' dir='ltr'>ἐκείνη</span> <span class='ocrx_word' id='word_1_173' title='bbox 2366 1193 2639 1261; x_wconf 83' lang='grc' dir='ltr'>φαίνεται,</span> <span class='ocrx_word' id='word_1_174' title='bbox 2671 1194 2802 1264; x_wconf 83' lang='grc' dir='ltr'>παρ’</span> <span class='ocrx_word' id='word_1_175' title='bbox 2830 1196 2957 1249; x_wconf 82' lang='grc' dir='ltr'>ὅσον</span> <span class='ocrx_word' id='word_1_176' title='bbox 2987 1193 3089 1247; x_wconf 79' lang='grc' dir='ltr'><strong>οὐκ</strong></span> <span class='ocrx_word' id='word_1_177' title='bbox 3119 1194 3399 1263; x_wconf 77' lang='grc' dir='ltr'><strong>εὐλογίας,</strong></span> <span class='ocrx_word' id='word_1_178' title='bbox 3431 1191 3563 1245; x_wconf 79' lang='grc' dir='ltr'>ἀλλὰ</span> <span class='ocrx_word' id='word_1_179' title='bbox 3587 1208 3711 1245; x_wconf 84' lang='grc' dir='ltr'>κατ-</span> 
     </span>
    </p>
   </div>
   <div class='ocr_carea' id='block_1_25' title="bbox 2153 1283 3708 1357">
    <p class='ocr_par' dir='ltr' id='par_1_25' title="bbox 2153 1283 3708 1357">
     <span class='ocr_line' id='line_1_25' title="bbox 2153 1283 3708 1357; baseline -0.004 -18"><span class='ocrx_word' id='word_1_180' title='bbox 2153 1284 2295 1357; x_wconf 83' lang='grc' dir='ltr'>άρας</span> <span class='ocrx_word' id='word_1_181' title='bbox 2345 1287 2440 1338; x_wconf 82' lang='grc' dir='ltr'><strong>καὶ</strong></span> <span class='ocrx_word' id='word_1_182' title='bbox 2470 1285 2798 1355; x_wconf 79' lang='grc' dir='ltr'>ἀφορισμῶν</span> <span class='ocrx_word' id='word_1_183' title='bbox 2835 1285 3111 1357; x_wconf 87' lang='grc' dir='ltr'>μηνύτρια</span> <span class='ocrx_word' id='word_1_184' title='bbox 3132 1286 3347 1354; x_wconf 79' lang='grc' dir='ltr'>γέγονε.</span> <span class='ocrx_word' id='word_1_185' title='bbox 3382 1283 3493 1338; x_wconf 71' lang='grc' dir='ltr'><strong>Καὶ</strong></span> <span class='ocrx_word' id='word_1_186' title='bbox 3520 1283 3580 1335; x_wconf 86' lang='grc' dir='ltr'>τδ</span> <span class='ocrx_word' id='word_1_187' title='bbox 3602 1283 3708 1352; x_wconf 70' lang='grc' dir='ltr'>χεί-</span> 
     </span>
    </p>
   </div>
   <div class='ocr_carea' id='block_1_26' title="bbox 2154 1369 3709 1448">
    <p class='ocr_par' dir='ltr' id='par_1_26' title="bbox 2154 1369 3709 1448">
     <span class='ocr_line' id='line_1_26' title="bbox 2154 1369 3709 1448; baseline -0.004 -17"><span class='ocrx_word' id='word_1_188' title='bbox 2154 1390 2361 1448; x_wconf 88' lang='grc' dir='ltr'>ριστον,</span> <span class='ocrx_word' id='word_1_189' title='bbox 2390 1379 2467 1440; x_wconf 77' lang='grc' dir='ltr'>ὡς</span> <span class='ocrx_word' id='word_1_190' title='bbox 2493 1378 2618 1432; x_wconf 82' lang='grc' dir='ltr'>τότε</span> <span class='ocrx_word' id='word_1_191' title='bbox 2661 1377 2764 1446; x_wconf 82' lang='grc' dir='ltr'><strong>μὲν</strong></span> <span class='ocrx_word' id='word_1_192' title='bbox 2792 1378 2820 1429; x_wconf 84' lang='grc' dir='ltr'>ὁ</span> <span class='ocrx_word' id='word_1_193' title='bbox 2855 1376 2990 1430; x_wconf 69' lang='grc' dir='ltr'><strong>δέων</strong></span> <span class='ocrx_word' id='word_1_194' title='bbox 3031 1376 3380 1447; x_wconf 80' lang='grc' dir='ltr'><strong>πατριάρχης</strong></span> <span class='ocrx_word' id='word_1_195' title='bbox 3405 1369 3475 1443; x_wconf 82' lang='grc' dir='ltr'><strong>ἦν</strong></span> <span class='ocrx_word' id='word_1_196' title='bbox 3500 1373 3591 1429; x_wconf 79' lang='grc' dir='ltr'>καὶ</span> <span class='ocrx_word' id='word_1_197' title='bbox 3620 1372 3709 1442; x_wconf 81' lang='grc' dir='ltr'><strong>τὴν</strong></span> 
     </span>
    </p>
   </div>
   <div class='ocr_carea' id='block_1_27' title="bbox 2150 1465 3713 1540">
    <p class='ocr_par' dir='ltr' id='par_1_27' title="bbox 2150 1465 3713 1540">
     <span class='ocr_line' id='line_1_27' title="bbox 2150 1465 3713 1540; baseline -0.004 -16"><span class='ocrx_word' id='word_1_198' title='bbox 2150 1471 2242 1524; x_wconf 79' lang='grc' dir='ltr'>τοῦ</span> <span class='ocrx_word' id='word_1_199' title='bbox 2265 1471 2374 1522; x_wconf 85' lang='grc' dir='ltr'><strong>δεῖν</strong></span> <span class='ocrx_word' id='word_1_200' title='bbox 2403 1468 2656 1533; x_wconf 83' lang='grc' dir='ltr'>ἐξουσίαν</span> <span class='ocrx_word' id='word_1_201' title='bbox 2682 1470 2777 1522; x_wconf 78' lang='grc' dir='ltr'>τοῦ</span> <span class='ocrx_word' id='word_1_202' title='bbox 2805 1469 3122 1540; x_wconf 84' lang='grc' dir='ltr'>πνεύματος</span> <span class='ocrx_word' id='word_1_203' title='bbox 3151 1468 3338 1538; x_wconf 72' lang='grc' dir='ltr'>ἔφερε,</span> <span class='ocrx_word' id='word_1_204' title='bbox 3365 1466 3460 1521; x_wconf 79' lang='grc' dir='ltr'><strong>νῦν</strong></span> <span class='ocrx_word' id='word_1_205' title='bbox 3491 1467 3536 1519; x_wconf 76' lang='grc' dir='ltr'><strong>δ’</strong></span> <span class='ocrx_word' id='word_1_206' title='bbox 3567 1466 3595 1519; x_wconf 80' lang='grc'>6</span> <span class='ocrx_word' id='word_1_207' title='bbox 3624 1465 3713 1518; x_wconf 77' lang='grc' dir='ltr'><strong>καὶ</strong></span> 
     </span>
    </p>
   </div>
   <div class='ocr_carea' id='block_1_28' title="bbox 2152 1557 3714 1631">
    <p class='ocr_par' dir='ltr' id='par_1_28' title="bbox 2152 1557 3714 1631">
     <span class='ocr_line' id='line_1_28' title="bbox 2152 1557 3714 1631; baseline 0.003 -17"><span class='ocrx_word' id='word_1_208' title='bbox 2152 1562 2282 1623; x_wconf 78' lang='grc' dir='ltr'>ἴσως</span> <span class='ocrx_word' id='word_1_209' title='bbox 2334 1562 2483 1615; x_wconf 79' lang='grc' dir='ltr'>λύειν</span> <span class='ocrx_word' id='word_1_210' title='bbox 2536 1561 2764 1631; x_wconf 75' lang='grc' dir='ltr'>μέλλων,</span> <span class='ocrx_word' id='word_1_211' title='bbox 2815 1564 2864 1616; x_wconf 84' lang='grc' dir='ltr'><strong>εί</strong></span> <span class='ocrx_word' id='word_1_212' title='bbox 2892 1561 3029 1626; x_wconf 84' lang='grc' dir='ltr'>τέως</span> <span class='ocrx_word' id='word_1_213' title='bbox 3067 1562 3163 1615; x_wconf 68' lang='grc' dir='ltr'><strong>κα)⁵</strong></span> <span class='ocrx_word' id='word_1_214' title='bbox 3190 1560 3332 1623; x_wconf 88' lang='grc' dir='ltr'>λύοι,</span> <span class='ocrx_word' id='word_1_215' title='bbox 3364 1557 3714 1629; x_wconf 81' lang='grc' dir='ltr'><strong>ἐστερημένος</strong></span> 
     </span>
    </p>
   </div>
   <div class='ocr_carea' id='block_1_29' title="bbox 2150 1644 3715 1723">
    <p class='ocr_par' dir='ltr' id='par_1_29' title="bbox 2150 1644 3715 1723">
     <span class='ocr_line' id='line_1_29' title="bbox 2150 1644 3715 1723; baseline -0.006 -18"><span class='ocrx_word' id='word_1_216' title='bbox 2150 1654 2248 1723; x_wconf 81' lang='grc' dir='ltr'>τῆς</span> <span class='ocrx_word' id='word_1_217' title='bbox 2297 1650 2392 1706; x_wconf 75' lang='grc' dir='ltr'>τοῦ</span> <span class='ocrx_word' id='word_1_218' title='bbox 2443 1652 2593 1705; x_wconf 90' lang='grc' dir='ltr'>λύειν</span> <span class='ocrx_word' id='word_1_219' title='bbox 2642 1652 2892 1717; x_wconf 78' lang='grc' dir='ltr'>ἐξουσίας</span> <span class='ocrx_word' id='word_1_220' title='bbox 2924 1651 3264 1720; x_wconf 75' lang='grc' dir='ltr'>εὑρίσκεται.</span> <span class='ocrx_word' id='word_1_221' title='bbox 3300 1650 3415 1703; x_wconf 66' lang='grc' dir='ltr'><strong>Καὶ</strong></span> <span class='ocrx_word' id='word_1_222' title='bbox 3437 1646 3526 1700; x_wconf 82' lang='grc' dir='ltr'><strong>διὰ</strong></span> <span class='ocrx_word' id='word_1_223' title='bbox 3554 1644 3715 1699; x_wconf 71' lang='grc' dir='ltr'>ταῦτα</span> 
     </span>
    </p>
   </div>
   <div class='ocr_carea' id='block_1_30' title="bbox 2149 1737 3711 1813">
    <p class='ocr_par' dir='ltr' id='par_1_30' title="bbox 2149 1737 3711 1813">
     <span class='ocr_line' id='line_1_30' title="bbox 2149 1737 3711 1813; baseline -0.005 -18"><span class='ocrx_word' id='word_1_224' title='bbox 2149 1742 2225 1806; x_wconf 84' lang='grc' dir='ltr'>ὼς</span> <span class='ocrx_word' id='word_1_225' title='bbox 2260 1742 2459 1812; x_wconf 80' lang='grc' dir='ltr'>πολλῆς</span> <span class='ocrx_word' id='word_1_226' title='bbox 2489 1744 2588 1813; x_wconf 83' lang='grc' dir='ltr'>τῆς</span> <span class='ocrx_word' id='word_1_227' title='bbox 2623 1743 2911 1806; x_wconf 80' lang='grc' dir='ltr'>δυσκολίας</span> <span class='ocrx_word' id='word_1_228' title='bbox 2945 1741 3113 1813; x_wconf 75' lang='grc' dir='ltr'>οὔσης</span> <span class='ocrx_word' id='word_1_229' title='bbox 3152 1742 3261 1811; x_wconf 81' lang='grc' dir='ltr'><strong>χρὴ</strong></span> <span class='ocrx_word' id='word_1_230' title='bbox 3294 1741 3518 1808; x_wconf 72' lang='grc' dir='ltr'>κοπιᾷν,</span> <span class='ocrx_word' id='word_1_231' title='bbox 3548 1737 3711 1803; x_wconf 69' lang='grc' dir='ltr'>ἔλεγε,</span> 
     </span>
    </p>
   </div>
   <div class='ocr_carea' id='block_1_31' title="bbox 478 1830 3717 1907">
    <p class='ocr_par' dir='ltr' id='par_1_31' title="bbox 478 1830 3717 1907">
     <span class='ocr_line' id='line_1_31' title="bbox 478 1830 3717 1907; baseline -0.001 -25"><span class='ocrx_word' id='word_1_232' title='bbox 478 1830 808 1894; x_wconf 75' lang='grc' dir='ltr'>πτύσσοντες</span> <span class='ocrx_word' id='word_1_233' title='bbox 854 1835 1267 1903; x_wconf 80' lang='grc' dir='ltr'>κατεμάνθανον</span> <span class='ocrx_word' id='word_1_234' title='bbox 1318 1836 1346 1888; x_wconf 89' lang='grc' dir='ltr'><strong>ὃ</strong></span> <span class='ocrx_word' id='word_1_235' title='bbox 1396 1852 1449 1887; x_wconf 88' lang='grc' dir='ltr'><strong>τι</strong></span> <span class='ocrx_word' id='word_1_236' title='bbox 1504 1835 1619 1887; x_wconf 82' lang='grc' dir='ltr'>ποτ’</span> <span class='ocrx_word' id='word_1_237' title='bbox 1644 1831 1711 1907; x_wconf 79' lang='grc' dir='ltr'>ἦν</span> <span class='ocrx_word' id='word_1_238' title='bbox 1766 1836 1964 1896; x_wconf 83' lang='grc' dir='ltr'>ἐκεῖνο,</span> <span class='ocrx_word' id='word_1_239' title='bbox 1992 1835 2049 1886; x_wconf 79' lang='grc' dir='ltr'><strong>ἐν</strong></span> <span class='ocrx_word' id='word_1_240' title='bbox 2084 1893 2120 1907; x_wconf 42' lang='grc' dir='ltr'>ἢ</span> <span class='ocrx_word' id='word_1_241' title='bbox 2153 1836 2251 1889; x_wconf 79' lang='grc' dir='ltr'><strong>καὶ</strong></span> <span class='ocrx_word' id='word_1_242' title='bbox 2286 1835 2683 1906; x_wconf 76' lang='grc' dir='ltr'>συμϐουλεύειν</span> <span class='ocrx_word' id='word_1_243' title='bbox 2738 1835 2799 1888; x_wconf 75' lang='grc' dir='ltr'>τὸ</span> <span class='ocrx_word' id='word_1_244' title='bbox 2854 1834 3132 1905; x_wconf 76' lang='grc' dir='ltr'>ποιητέον,</span> <span class='ocrx_word' id='word_1_245' title='bbox 3167 1834 3241 1898; x_wconf 82' lang='grc' dir='ltr'>ὼς</span> <span class='ocrx_word' id='word_1_246' title='bbox 3296 1830 3717 1902; x_wconf 75' lang='grc' dir='ltr'>ἐμϐραδύνουσιν</span> 
     </span>
    </p>
   </div>
   <div class='ocr_carea' id='block_1_32' title="bbox 476 1893 3717 1998">
    <p class='ocr_par' dir='ltr' id='par_1_32' title="bbox 476 1893 3717 1998">
     <span class='ocr_line' id='line_1_32' title="bbox 476 1893 3717 1998; baseline -0 -24"><span class='ocrx_word' id='word_1_247' title='bbox 476 1921 716 1991; x_wconf 77' lang='grc' dir='ltr'>θαύματι</span> <span class='ocrx_word' id='word_1_248' title='bbox 746 1893 822 1985; x_wconf 81' lang='grc' dir='ltr'>ὼς</span> <span class='ocrx_word' id='word_1_249' title='bbox 857 1893 1006 1988; x_wconf 74' lang='grc' dir='ltr'>είκὸς</span> <span class='ocrx_word' id='word_1_250' title='bbox 1027 1921 1166 1996; x_wconf 76' lang='grc' dir='ltr'>ἦσαν</span> <span class='ocrx_word' id='word_1_251' title='bbox 1190 1927 1286 1980; x_wconf 73' lang='grc' dir='ltr'><strong>καὶ</strong></span> <span class='ocrx_word' id='word_1_252' title='bbox 1323 1926 1617 1996; x_wconf 72' lang='grc' dir='ltr'>διηπόρουν</span> <span class='ocrx_word' id='word_1_253' title='bbox 1653 1893 1679 1979; x_wconf 66' lang='lat' dir='ltr'><strong>Ei</strong></span> <span class='ocrx_word' id='word_1_254' title='bbox 1710 1944 1760 1978; x_wconf 87' lang='grc' dir='ltr'>τι.</span> <span class='ocrx_word' id='word_1_255' title='bbox 1798 1926 1889 1979; x_wconf 73' lang='grc' dir='ltr'><strong>καὶ</strong></span> <span class='ocrx_word' id='word_1_256' title='bbox 1920 1893 2046 1995; x_wconf 74' lang='grc' dir='ltr'><strong>δράο</strong></span> <span class='ocrx_word' id='word_1_257' title='bbox 2083 1893 2124 1947; x_wconf 69' lang='grc' dir='ltr'><strong>Β</strong></span> <span class='ocrx_word' id='word_1_258' title='bbox 2153 1928 2281 1991; x_wconf 75' lang='grc' dir='ltr'>ἴσως</span> <span class='ocrx_word' id='word_1_259' title='bbox 2314 1893 2388 1998; x_wconf 54' lang='grc' dir='ltr'>μη</span> <span class='ocrx_word' id='word_1_260' title='bbox 2423 1927 2605 1995; x_wconf 74' lang='grc' dir='ltr'>σφίσιν</span> <span class='ocrx_word' id='word_1_261' title='bbox 2637 1927 2922 1980; x_wconf 81' lang='grc' dir='ltr'>ἀκίνδυνον</span> <span class='ocrx_word' id='word_1_262' title='bbox 2944 1893 3023 1981; x_wconf 64' lang='grc' dir='ltr'>ὃν,</span> <span class='ocrx_word' id='word_1_263' title='bbox 3056 1893 3240 1978; x_wconf 73' lang='grc' dir='ltr'>Ταῦτα</span> <span class='ocrx_word' id='word_1_264' title='bbox 3282 1893 3541 1994; x_wconf 69' lang='grc' dir='ltr'>βασιλεὺς</span> <span class='ocrx_word' id='word_1_265' title='bbox 3559 1920 3717 1976; x_wconf 80' lang='grc' dir='ltr'>ἁκού-</span> 
     </span>
    </p>
   </div>
   <div class='ocr_carea' id='block_1_33' title="bbox 476 2014 2043 2088">
    <p class='ocr_par' dir='ltr' id='par_1_33' title="bbox 476 2014 2043 2088">
     <span class='ocr_line' id='line_1_33' title="bbox 476 2014 2043 2088; baseline -0.001 -21"><span class='ocrx_word' id='word_1_266' title='bbox 476 2031 652 2069; x_wconf 62' lang='grc' dir='ltr'>σνυσι.</span> <span class='ocrx_word' id='word_1_267' title='bbox 675 2016 824 2079; x_wconf 86' lang='grc' dir='ltr'>Τέως</span> <span class='ocrx_word' id='word_1_268' title='bbox 847 2017 893 2070; x_wconf 76' lang='grc' dir='ltr'><strong>δ’</strong></span> <span class='ocrx_word' id='word_1_269' title='bbox 921 2018 1290 2085; x_wconf 78' lang='grc' dir='ltr'>ἀπαγγέλλειν</span> <span class='ocrx_word' id='word_1_270' title='bbox 1319 2019 1417 2086; x_wconf 83' lang='grc' dir='ltr'><strong>μὲν</strong></span> <span class='ocrx_word' id='word_1_271' title='bbox 1448 2022 1787 2088; x_wconf 79' lang='grc' dir='ltr'>πατριάρχῃ,</span> <span class='ocrx_word' id='word_1_272' title='bbox 1810 2017 1893 2086; x_wconf 73' lang='grc' dir='ltr'><strong>[Ρ.</strong></span> <span class='ocrx_word' id='word_1_273' title='bbox 1920 2014 2043 2085; x_wconf 72' lang='lat' dir='ltr'><strong>Hii]</strong></span> 
     </span>
    </p>
   </div>
   <div class='ocr_carea' id='block_1_34' title="bbox 474 2107 2045 2180">
    <p class='ocr_par' dir='ltr' id='par_1_34' title="bbox 474 2107 2045 2180">
     <span class='ocr_line' id='line_1_34' title="bbox 474 2107 2045 2180; baseline 0.002 -23"><span class='ocrx_word' id='word_1_274' title='bbox 474 2107 801 2175; x_wconf 64' lang='grc' dir='ltr'>ἐγχειρίζειν</span> <span class='ocrx_word' id='word_1_275' title='bbox 827 2108 883 2161; x_wconf 84' lang='grc' dir='ltr'><strong>δὲ</strong></span> <span class='ocrx_word' id='word_1_276' title='bbox 913 2109 1006 2161; x_wconf 68' lang='grc' dir='ltr'><strong>καὶ</strong></span> <span class='ocrx_word' id='word_1_277' title='bbox 1028 2110 1235 2178; x_wconf 81' lang='grc' dir='ltr'>χάρτας</span> <span class='ocrx_word' id='word_1_278' title='bbox 1256 2109 1349 2162; x_wconf 74' lang='grc' dir='ltr'>καὶ</span> <span class='ocrx_word' id='word_1_279' title='bbox 1382 2109 1626 2180; x_wconf 75' lang='grc' dir='ltr'>ὄστρακα</span> <span class='ocrx_word' id='word_1_280' title='bbox 1658 2110 1927 2176; x_wconf 75' lang='grc' dir='ltr'>ἔγνωσαν.</span> <span class='ocrx_word' id='word_1_281' title='bbox 1960 2108 2045 2170; x_wconf 76' lang='grc' dir='ltr'>Ὠς</span> 
     </span>
    </p>
   </div>
   <div class='ocr_carea' id='block_1_35' title="bbox 475 2196 2049 2270">
    <p class='ocr_par' dir='ltr' id='par_1_35' title="bbox 475 2196 2049 2270">
     <span class='ocr_line' id='line_1_35' title="bbox 475 2196 2049 2270; baseline 0 -21"><span class='ocrx_word' id='word_1_282' title='bbox 475 2196 605 2266; x_wconf 79' lang='grc' dir='ltr'>γοῦν</span> <span class='ocrx_word' id='word_1_283' title='bbox 633 2199 712 2260; x_wconf 82' lang='grc' dir='ltr'><strong>εἰς</strong></span> <span class='ocrx_word' id='word_1_284' title='bbox 734 2203 922 2269; x_wconf 83' lang='grc' dir='ltr'>χεῖρας</span> <span class='ocrx_word' id='word_1_285' title='bbox 956 2201 983 2251; x_wconf 85' lang='grc' dir='ltr'>ὁ</span> <span class='ocrx_word' id='word_1_286' title='bbox 1013 2203 1362 2270; x_wconf 78' lang='grc' dir='ltr'>πατριάρχης</span> <span class='ocrx_word' id='word_1_287' title='bbox 1413 2196 1526 2269; x_wconf 73' lang='grc' dir='ltr'>εἶχε</span> <span class='ocrx_word' id='word_1_288' title='bbox 1579 2202 1671 2253; x_wconf 77' lang='grc' dir='ltr'><strong>καὶ</strong></span> <span class='ocrx_word' id='word_1_289' title='bbox 1714 2197 1958 2252; x_wconf 74' lang='grc' dir='ltr'>κατενόει</span> <span class='ocrx_word' id='word_1_290' title='bbox 1988 2198 2049 2250; x_wconf 78' lang='grc' dir='ltr'>τὸ</span> 
     </span>
    </p>
   </div>
   <div class='ocr_carea' id='block_1_36' title="bbox 416 2287 2049 2358">
    <p class='ocr_par' dir='ltr' id='par_1_36' title="bbox 416 2287 2049 2358">
     <span class='ocr_line' id='line_1_36' title="bbox 416 2287 2049 2358; baseline -0.001 -17"><span class='ocrx_word' id='word_1_291' title='bbox 416 2338 419 2341; x_wconf 71' lang='grc'><strong>,</strong></span> <span class='ocrx_word' id='word_1_292' title='bbox 475 2287 678 2355; x_wconf 74' lang='grc' dir='ltr'>δρᾶμα,</span> <span class='ocrx_word' id='word_1_293' title='bbox 722 2288 1161 2357; x_wconf 81' lang='grc' dir='ltr'>προσαναφὲρειν</span> <span class='ocrx_word' id='word_1_294' title='bbox 1222 2288 1365 2356; x_wconf 73' lang='grc' dir='ltr'><strong>ἔγνω</strong></span> <span class='ocrx_word' id='word_1_295' title='bbox 1413 2290 1480 2342; x_wconf 81' lang='grc' dir='ltr'><strong>τὰ.</strong></span> <span class='ocrx_word' id='word_1_296' title='bbox 1529 2290 1658 2358; x_wconf 72' lang='grc' dir='ltr'>περὶ</span> <span class='ocrx_word' id='word_1_297' title='bbox 1707 2288 1898 2340; x_wconf 84' lang='grc' dir='ltr'>τούτου</span> <span class='ocrx_word' id='word_1_298' title='bbox 1954 2287 2049 2340; x_wconf 73' lang='grc' dir='ltr'>καὶ</span> 
     </span>
    </p>
   </div>
   <div class='ocr_carea' id='block_1_37' title="bbox 476 2377 2048 2449">
    <p class='ocr_par' dir='ltr' id='par_1_37' title="bbox 476 2377 2048 2449">
     <span class='ocr_line' id='line_1_37' title="bbox 476 2377 2048 2449; baseline -0.001 -17"><span class='ocrx_word' id='word_1_299' title='bbox 476 2379 708 2448; x_wconf 82' lang='grc' dir='ltr'>βασιλεῖ,</span> <span class='ocrx_word' id='word_1_300' title='bbox 767 2380 850 2432; x_wconf 83' lang='grc' dir='ltr'><strong>ὅτι</strong></span> <span class='ocrx_word' id='word_1_301' title='bbox 880 2381 973 2433; x_wconf 78' lang='grc' dir='ltr'><strong>καὶ</strong></span> <span class='ocrx_word' id='word_1_302' title='bbox 1020 2380 1215 2433; x_wconf 78' lang='grc' dir='ltr'>οὐδένα</span> <span class='ocrx_word' id='word_1_303' title='bbox 1248 2379 1410 2434; x_wconf 82' lang='grc' dir='ltr'>ἄλλον</span> <span class='ocrx_word' id='word_1_304' title='bbox 1451 2379 1483 2449; x_wconf 79' lang='grc' dir='ltr'><strong>ἢ</strong></span> <span class='ocrx_word' id='word_1_305' title='bbox 1517 2378 1679 2434; x_wconf 79' lang='grc' dir='ltr'>αὑτὸν</span> <span class='ocrx_word' id='word_1_306' title='bbox 1710 2378 1926 2432; x_wconf 81' lang='grc' dir='ltr'>ὑπενόει</span> <span class='ocrx_word' id='word_1_307' title='bbox 1956 2377 2048 2431; x_wconf 79' lang='grc' dir='ltr'>τὸν</span> 
     </span>
    </p>
   </div>
   <div class='ocr_carea' id='block_1_38' title="bbox 477 2555 2050 2628">
    <p class='ocr_par' dir='ltr' id='par_1_38' title="bbox 477 2555 2050 2628">
     <span class='ocr_line' id='line_1_38' title="bbox 477 2555 2050 2628; baseline 0.006 -24"><span class='ocrx_word' id='word_1_308' title='bbox 477 2555 828 2610; x_wconf 76' lang='lat' dir='ltr'><strong>vehementer</strong></span> <span class='ocrx_word' id='word_1_309' title='bbox 866 2556 1095 2625; x_wconf 83' lang='lat' dir='ltr'><strong>agitavit</strong></span> <span class='ocrx_word' id='word_1_310' title='bbox 1143 2557 1388 2611; x_wconf 86' lang='lat' dir='ltr'><strong>animum</strong></span> <span class='ocrx_word' id='word_1_311' title='bbox 1445 2556 1674 2613; x_wconf 78' lang='lat' dir='ltr'><strong>Joannis</strong></span> <span class='ocrx_word' id='word_1_312' title='bbox 1726 2558 2050 2628; x_wconf 64' lang='lat' dir='ltr'><strong>patriarchae</strong></span> 
     </span>
    </p>
   </div>
   <div class='ocr_carea' id='block_1_39' title="bbox 473 2649 2047 2718">
    <p class='ocr_par' dir='ltr' id='par_1_39' title="bbox 473 2649 2047 2718">
     <span class='ocr_line' id='line_1_39' title="bbox 473 2649 2047 2718; baseline 0.004 -17"><span class='ocrx_word' id='word_1_313' title='bbox 473 2649 763 2703; x_wconf 81' lang='lat' dir='ltr'><strong>occasione</strong></span> <span class='ocrx_word' id='word_1_314' title='bbox 813 2663 975 2718; x_wconf 91' lang='lat' dir='ltr'><strong>quam</strong></span> <span class='ocrx_word' id='word_1_315' title='bbox 1036 2650 1124 2703; x_wconf 86' lang='lat' dir='ltr'><strong>hic</strong></span> <span class='ocrx_word' id='word_1_316' title='bbox 1178 2650 1435 2705; x_wconf 77' lang='lat' dir='ltr'><strong>referant.</strong></span> <span class='ocrx_word' id='word_1_317' title='bbox 1493 2649 1722 2716; x_wconf 84' lang='lat' dir='ltr'><strong>Quidam</strong></span> <span class='ocrx_word' id='word_1_318' title='bbox 1766 2666 1798 2706; x_wconf 94' lang='lat' dir='ltr'><strong>e</strong></span> <span class='ocrx_word' id='word_1_319' title='bbox 1841 2651 2047 2707; x_wconf 82' lang='lat' dir='ltr'><strong>familia</strong></span> 
     </span>
    </p>
   </div>
   <div class='ocr_carea' id='block_1_40' title="bbox 472 2742 2049 2813">
    <p class='ocr_par' dir='ltr' id='par_1_40' title="bbox 472 2742 2049 2813">
     <span class='ocr_line' id='line_1_40' title="bbox 472 2742 2049 2813; baseline 0.001 -16"><span class='ocrx_word' id='word_1_320' title='bbox 472 2744 624 2797; x_wconf 87' lang='lat' dir='ltr'><strong>illius</strong></span> <span class='ocrx_word' id='word_1_321' title='bbox 651 2742 1047 2810; x_wconf 85' lang='lat' dir='ltr'><strong>adolescentes,</strong></span> <span class='ocrx_word' id='word_1_322' title='bbox 1078 2742 1384 2812; x_wconf 89' lang='lat' dir='ltr'><strong>Septembri</strong></span> <span class='ocrx_word' id='word_1_323' title='bbox 1420 2758 1627 2808; x_wconf 83' lang='lat' dir='ltr'><strong>mense,</strong></span> <span class='ocrx_word' id='word_1_324' title='bbox 1656 2743 1925 2813; x_wconf 83' lang='lat' dir='ltr'><strong>pullorum</strong></span> <span class='ocrx_word' id='word_1_325' title='bbox 1956 2758 2049 2798; x_wconf 88' lang='lat' dir='ltr'><strong>co-</strong></span> 
     </span>
    </p>
   </div>
   <div class='ocr_carea' id='block_1_41' title="bbox 471 2835 2048 2905">
    <p class='ocr_par' dir='ltr' id='par_1_41' title="bbox 471 2835 2048 2905">
     <span class='ocr_line' id='line_1_41' title="bbox 471 2835 2048 2905; baseline 0.001 -17"><span class='ocrx_word' id='word_1_326' title='bbox 471 2836 843 2894; x_wconf 87' lang='lat' dir='ltr'><strong>lumbinorum</strong></span> <span class='ocrx_word' id='word_1_327' title='bbox 905 2836 958 2889; x_wconf 89' lang='lat' dir='ltr'><strong>in</strong></span> <span class='ocrx_word' id='word_1_328' title='bbox 1043 2835 1187 2890; x_wconf 89' lang='lat' dir='ltr'><strong>nidis</strong></span> <span class='ocrx_word' id='word_1_329' title='bbox 1257 2836 1651 2905; x_wconf 68' lang='lat' dir='ltr'><strong>capiendorum</strong></span> <span class='ocrx_word' id='word_1_330' title='bbox 1710 2836 2048 2905; x_wconf 83' lang='lat' dir='ltr'><strong>cupiditate,</strong></span> 
     </span>
    </p>
   </div>
   <div class='ocr_carea' id='block_1_42' title="bbox 470 2927 2049 2998">
    <p class='ocr_par' dir='ltr' id='par_1_42' title="bbox 470 2927 2049 2998">
     <span class='ocr_line' id='line_1_42' title="bbox 470 2927 2049 2998; baseline 0.001 -16"><span class='ocrx_word' id='word_1_331' title='bbox 470 2938 637 2998; x_wconf 84' lang='lat' dir='ltr'><strong>prout</strong></span> <span class='ocrx_word' id='word_1_332' title='bbox 666 2929 757 2982; x_wconf 86' lang='lat' dir='ltr'><strong>illa</strong></span> <span class='ocrx_word' id='word_1_333' title='bbox 817 2928 920 2981; x_wconf 93' lang='lat' dir='ltr'><strong>fert</strong></span> <span class='ocrx_word' id='word_1_334' title='bbox 949 2937 1104 2993; x_wconf 86' lang='lat' dir='ltr'><strong>aetas,</strong></span> <span class='ocrx_word' id='word_1_335' title='bbox 1135 2928 1379 2983; x_wconf 86' lang='lat' dir='ltr'><strong>instincti</strong></span> <span class='ocrx_word' id='word_1_336' title='bbox 1429 2927 1852 2984; x_wconf 82' lang='lat' dir='ltr'><strong>catechumenea</strong></span> <span class='ocrx_word' id='word_1_337' title='bbox 1890 2943 2049 2983; x_wconf 83' lang='lat' dir='ltr'><strong>scru-</strong></span> 
     </span>
    </p>
   </div>
   <div class='ocr_carea' id='block_1_43' title="bbox 469 3020 2051 3091">
    <p class='ocr_par' dir='ltr' id='par_1_43' title="bbox 469 3020 2051 3091">
     <span class='ocr_line' id='line_1_43' title="bbox 469 3020 2051 3091; baseline 0 -16"><span class='ocrx_word' id='word_1_338' title='bbox 469 3023 751 3087; x_wconf 85' lang='lat' dir='ltr'><strong>tabantur,</strong></span> <span class='ocrx_word' id='word_1_339' title='bbox 781 3021 961 3075; x_wconf 89' lang='lat' dir='ltr'><strong>locum</strong></span> <span class='ocrx_word' id='word_1_340' title='bbox 1016 3021 1073 3075; x_wconf 94' lang='lat' dir='ltr'><strong>in</strong></span> <span class='ocrx_word' id='word_1_341' title='bbox 1106 3021 1290 3090; x_wconf 86' lang='lat' dir='ltr'><strong>templi</strong></span> <span class='ocrx_word' id='word_1_342' title='bbox 1348 3020 1529 3088; x_wconf 80' lang='lat' dir='ltr'><strong>magni</strong></span> <span class='ocrx_word' id='word_1_343' title='bbox 1579 3028 1733 3091; x_wconf 83' lang='lat' dir='ltr'><strong>parte</strong></span> <span class='ocrx_word' id='word_1_344' title='bbox 1768 3021 2051 3090; x_wconf 87' lang='lat' dir='ltr'><strong>superiore</strong></span> 
     </span>
    </p>
   </div>
   <div class='ocr_carea' id='block_1_44' title="bbox 472 3110 2047 3180">
    <p class='ocr_par' dir='ltr' id='par_1_44' title="bbox 472 3110 2047 3180">
     <span class='ocr_line' id='line_1_44' title="bbox 472 3110 2047 3180; baseline 0 -15"><span class='ocrx_word' id='word_1_345' title='bbox 472 3112 541 3167; x_wconf 90' lang='lat' dir='ltr'><strong>ad</strong></span> <span class='ocrx_word' id='word_1_346' title='bbox 568 3114 755 3167; x_wconf 83' lang='lat' dir='ltr'><strong>laevam</strong></span> <span class='ocrx_word' id='word_1_347' title='bbox 806 3110 1255 3179; x_wconf 76' lang='lat' dir='ltr'><strong>ingredientibus,</strong></span> <span class='ocrx_word' id='word_1_348' title='bbox 1296 3112 1446 3167; x_wconf 84' lang='lat' dir='ltr'><strong>cavis</strong></span> <span class='ocrx_word' id='word_1_349' title='bbox 1476 3127 1573 3180; x_wconf 87' lang='lat' dir='ltr'><strong>per</strong></span> <span class='ocrx_word' id='word_1_350' title='bbox 1613 3127 1799 3167; x_wconf 83' lang='lat' dir='ltr'><strong>muros</strong></span> <span class='ocrx_word' id='word_1_351' title='bbox 1847 3112 2047 3180; x_wconf 86' lang='lat' dir='ltr'><strong>passim</strong></span> 
     </span>
    </p>
   </div>
   <div class='ocr_carea' id='block_1_45' title="bbox 2152 2012 3717 2089">
    <p class='ocr_par' dir='ltr' id='par_1_45' title="bbox 2152 2012 3717 2089">
     <span class='ocr_line' id='line_1_45' title="bbox 2152 2012 3717 2089; baseline -0.006 -17"><span class='ocrx_word' id='word_1_352' title='bbox 2152 2036 2249 2083; x_wconf 89' lang='grc' dir='ltr'><strong>σας</strong></span> <span class='ocrx_word' id='word_1_353' title='bbox 2278 2018 2607 2089; x_wconf 80' lang='grc' dir='ltr'>διευλαϐήθη</span> <span class='ocrx_word' id='word_1_354' title='bbox 2632 2018 2769 2081; x_wconf 86' lang='grc' dir='ltr'>τέως</span> <span class='ocrx_word' id='word_1_355' title='bbox 2800 2019 2898 2088; x_wconf 83' lang='grc' dir='ltr'>τὴν</span> <span class='ocrx_word' id='word_1_356' title='bbox 2930 2017 3130 2087; x_wconf 76' lang='grc' dir='ltr'>πρᾶξιν</span> <span class='ocrx_word' id='word_1_357' title='bbox 3164 2016 3261 2070; x_wconf 78' lang='grc' dir='ltr'>καὶ</span> <span class='ocrx_word' id='word_1_358' title='bbox 3290 2014 3431 2086; x_wconf 69' lang='grc' dir='ltr'>πρὸς</span> <span class='ocrx_word' id='word_1_359' title='bbox 3452 2015 3544 2066; x_wconf 68' lang='grc' dir='ltr'>τὸν</span> <span class='ocrx_word' id='word_1_360' title='bbox 3571 2012 3717 2078; x_wconf 84' lang='grc' dir='ltr'>λόγον</span> 
     </span>
    </p>
   </div>
   <div class='ocr_carea' id='block_1_46' title="bbox 2149 2104 3719 2183">
    <p class='ocr_par' dir='ltr' id='par_1_46' title="bbox 2149 2104 3719 2183">
     <span class='ocr_line' id='line_1_46' title="bbox 2149 2104 3719 2183; baseline -0.007 -17"><span class='ocrx_word' id='word_1_361' title='bbox 2149 2111 2477 2183; x_wconf 78' lang='grc' dir='ltr'>ἐθορυϐήθη,</span> <span class='ocrx_word' id='word_1_362' title='bbox 2509 2111 2605 2163; x_wconf 77' lang='grc' dir='ltr'>καὶ</span> <span class='ocrx_word' id='word_1_363' title='bbox 2630 2112 2706 2171; x_wconf 83' lang='grc' dir='ltr'>ὼς</span> <span class='ocrx_word' id='word_1_364' title='bbox 2734 2105 2880 2179; x_wconf 76' lang='grc' dir='ltr'>εἶχεν</span> <span class='ocrx_word' id='word_1_365' title='bbox 2912 2109 3116 2171; x_wconf 77' lang='grc' dir='ltr'>εὐθέως</span> <span class='ocrx_word' id='word_1_366' title='bbox 3151 2107 3305 2178; x_wconf 84' lang='grc' dir='ltr'>παρὰ</span> <span class='ocrx_word' id='word_1_367' title='bbox 3332 2108 3427 2160; x_wconf 75' lang='grc' dir='ltr'>τὸν</span> <span class='ocrx_word' id='word_1_368' title='bbox 3460 2104 3719 2174; x_wconf 84' lang='grc' dir='ltr'>πατριάρ-</span> 
     </span>
    </p>
   </div>
   <div class='ocr_carea' id='block_1_47' title="bbox 2150 2193 3718 2273">
    <p class='ocr_par' dir='ltr' id='par_1_47' title="bbox 2150 2193 3718 2273">
     <span class='ocr_line' id='line_1_47' title="bbox 2150 2193 3718 2273; baseline -0.008 -15"><span class='ocrx_word' id='word_1_369' title='bbox 2150 2216 2252 2273; x_wconf 83' lang='grc' dir='ltr'>χην</span> <span class='ocrx_word' id='word_1_370' title='bbox 2278 2203 2507 2270; x_wconf 79' lang='grc' dir='ltr'>γίνεται.</span> <span class='ocrx_word' id='word_1_371' title='bbox 2548 2203 2635 2265; x_wconf 84' lang='grc' dir='ltr'>Ὠς</span> <span class='ocrx_word' id='word_1_372' title='bbox 2656 2202 2713 2255; x_wconf 80' lang='grc' dir='ltr'><strong>δὲ</strong></span> <span class='ocrx_word' id='word_1_373' title='bbox 2742 2201 2812 2255; x_wconf 72' lang='grc' dir='ltr'>τὰ</span> <span class='ocrx_word' id='word_1_374' title='bbox 2835 2202 3143 2271; x_wconf 74' lang='grc' dir='ltr'>γράμματα</span> <span class='ocrx_word' id='word_1_375' title='bbox 3170 2196 3303 2264; x_wconf 68' lang='grc' dir='ltr'>εἶδε,</span> <span class='ocrx_word' id='word_1_376' title='bbox 3337 2197 3433 2252; x_wconf 78' lang='grc' dir='ltr'><strong>καὶ</strong></span> <span class='ocrx_word' id='word_1_377' title='bbox 3454 2198 3587 2250; x_wconf 78' lang='grc' dir='ltr'>ὅπου</span> <span class='ocrx_word' id='word_1_378' title='bbox 3614 2193 3718 2247; x_wconf 87' lang='grc' dir='ltr'>κεί-</span> 
     </span>
    </p>
   </div>
   <div class='ocr_carea' id='block_1_48' title="bbox 2154 2283 3720 2363">
    <p class='ocr_par' dir='ltr' id='par_1_48' title="bbox 2154 2283 3720 2363">
     <span class='ocr_line' id='line_1_48' title="bbox 2154 2283 3720 2363; baseline -0.002 -18"><span class='ocrx_word' id='word_1_379' title='bbox 2154 2308 2294 2363; x_wconf 83' lang='grc' dir='ltr'>μενα</span> <span class='ocrx_word' id='word_1_380' title='bbox 2323 2294 2418 2346; x_wconf 78' lang='grc' dir='ltr'>καὶ</span> <span class='ocrx_word' id='word_1_381' title='bbox 2451 2294 2601 2356; x_wconf 83' lang='grc' dir='ltr'>ὅπως</span> <span class='ocrx_word' id='word_1_382' title='bbox 2645 2293 2953 2363; x_wconf 79' lang='grc' dir='ltr'>εὑρέθησαν</span> <span class='ocrx_word' id='word_1_383' title='bbox 3009 2291 3267 2345; x_wconf 78' lang='grc' dir='ltr'>πέπυστο</span> <span class='ocrx_word' id='word_1_384' title='bbox 3289 2332 3305 2354; x_wconf 89' lang='grc'><strong>,</strong></span> <span class='ocrx_word' id='word_1_385' title='bbox 3349 2293 3409 2343; x_wconf 80' lang='grc' dir='ltr'>ἐν</span> <span class='ocrx_word' id='word_1_386' title='bbox 3442 2289 3628 2359; x_wconf 75' lang='grc' dir='ltr'>ἀπόρῳ</span> <span class='ocrx_word' id='word_1_387' title='bbox 3659 2283 3720 2356; x_wconf 75' lang='grc' dir='ltr'><strong>ἦν</strong></span> 
     </span>
    </p>
   </div>
   <div class='ocr_carea' id='block_1_49' title="bbox 2150 2377 3719 2453">
    <p class='ocr_par' dir='ltr' id='par_1_49' title="bbox 2150 2377 3719 2453">
     <span class='ocr_line' id='line_1_49' title="bbox 2150 2377 3719 2453; baseline -0.005 -16"><span class='ocrx_word' id='word_1_388' title='bbox 2150 2383 2244 2437; x_wconf 79' lang='grc' dir='ltr'><strong>καὶ</strong></span> <span class='ocrx_word' id='word_1_389' title='bbox 2274 2386 2333 2436; x_wconf 82' lang='grc' dir='ltr'><strong>τὸ</strong></span> <span class='ocrx_word' id='word_1_390' title='bbox 2368 2384 2868 2453; x_wconf 78' lang='grc' dir='ltr'>ποιητέονέσκόπει</span> <span class='ocrx_word' id='word_1_391' title='bbox 2890 2399 2903 2413; x_wconf 91' lang='grc'><strong>·</strong></span> <span class='ocrx_word' id='word_1_392' title='bbox 2938 2382 3000 2437; x_wconf 80' lang='grc' dir='ltr'>τὸ</span> <span class='ocrx_word' id='word_1_393' title='bbox 3032 2381 3140 2452; x_wconf 80' lang='grc' dir='ltr'><strong>γὰρ</strong></span> <span class='ocrx_word' id='word_1_394' title='bbox 3176 2381 3534 2451; x_wconf 71' lang='grc' dir='ltr'>πατριάρχην</span> <span class='ocrx_word' id='word_1_395' title='bbox 3576 2377 3719 2431; x_wconf 69' lang='grc' dir='ltr'>Ἀθαι</span> 
     </span>
    </p>
   </div>
   <div class='ocr_carea' id='block_1_50' title="bbox 2152 2558 3722 2630">
    <p class='ocr_par' dir='ltr' id='par_1_50' title="bbox 2152 2558 3722 2630">
     <span class='ocr_line' id='line_1_50' title="bbox 2152 2558 3722 2630; baseline -0.005 -14"><span class='ocrx_word' id='word_1_396' title='bbox 2152 2560 2273 2616; x_wconf 91' lang='lat' dir='ltr'><strong>dem</strong></span> <span class='ocrx_word' id='word_1_397' title='bbox 2321 2560 2676 2630; x_wconf 88' lang='lat' dir='ltr'><strong>insuperabili</strong></span> <span class='ocrx_word' id='word_1_398' title='bbox 2716 2558 3004 2614; x_wconf 88' lang='lat' dir='ltr'><strong>obstaculo</strong></span> <span class='ocrx_word' id='word_1_399' title='bbox 3045 2558 3460 2628; x_wconf 83' lang='lat' dir='ltr'><strong>prohiberetur,</strong></span> <span class='ocrx_word' id='word_1_400' title='bbox 3508 2558 3722 2611; x_wconf 80' lang='lat' dir='ltr'><strong>haberet</strong></span> 
     </span>
    </p>
   </div>
   <div class='ocr_carea' id='block_1_51' title="bbox 2151 2650 3721 2721">
    <p class='ocr_par' dir='ltr' id='par_1_51' title="bbox 2151 2650 3721 2721">
     <span class='ocr_line' id='line_1_51' title="bbox 2151 2650 3721 2721; baseline -0.004 -13"><span class='ocrx_word' id='word_1_401' title='bbox 2151 2663 2333 2709; x_wconf 90' lang='lat' dir='ltr'><strong>autem</strong></span> <span class='ocrx_word' id='word_1_402' title='bbox 2387 2669 2508 2721; x_wconf 65' lang='lat' dir='ltr'><strong>qum</strong></span> <span class='ocrx_word' id='word_1_403' title='bbox 2558 2669 2680 2708; x_wconf 90' lang='lat' dir='ltr'><strong>cum</strong></span> <span class='ocrx_word' id='word_1_404' title='bbox 2723 2652 2842 2721; x_wconf 85' lang='lat' dir='ltr'><strong>ejus</strong></span> <span class='ocrx_word' id='word_1_405' title='bbox 2878 2651 3164 2721; x_wconf 85' lang='lat' dir='ltr'><strong>majestate</strong></span> <span class='ocrx_word' id='word_1_406' title='bbox 3222 2667 3413 2707; x_wconf 86' lang='lat' dir='ltr'><strong>coram</strong></span> <span class='ocrx_word' id='word_1_407' title='bbox 3463 2660 3517 2706; x_wconf 84' lang='lat' dir='ltr'><strong>et</strong></span> <span class='ocrx_word' id='word_1_408' title='bbox 3551 2650 3721 2705; x_wconf 83' lang='lat' dir='ltr'><strong>statim</strong></span> 
     </span>
    </p>
   </div>
   <div class='ocr_carea' id='block_1_52' title="bbox 2152 2745 3725 2815">
    <p class='ocr_par' dir='ltr' id='par_1_52' title="bbox 2152 2745 3725 2815">
     <span class='ocr_line' id='line_1_52' title="bbox 2152 2745 3725 2815; baseline -0.004 -15"><span class='ocrx_word' id='word_1_409' title='bbox 2152 2748 2373 2800; x_wconf 86' lang='lat' dir='ltr'><strong>tractari</strong></span> <span class='ocrx_word' id='word_1_410' title='bbox 2401 2753 2699 2815; x_wconf 75' lang='lat' dir='ltr'><strong>oporteret,</strong></span> <span class='ocrx_word' id='word_1_411' title='bbox 2728 2759 2921 2814; x_wconf 85' lang='lat' dir='ltr'><strong>nempe</strong></span> <span class='ocrx_word' id='word_1_412' title='bbox 2952 2751 3012 2798; x_wconf 91' lang='lat' dir='ltr'><strong>ut</strong></span> <span class='ocrx_word' id='word_1_413' title='bbox 3043 2745 3459 2815; x_wconf 83' lang='lat' dir='ltr'><strong>quamprimum</strong></span> <span class='ocrx_word' id='word_1_414' title='bbox 3490 2757 3725 2798; x_wconf 40' lang='lat' dir='ltr'><strong>cominus</strong></span> 
     </span>
    </p>
   </div>
   <div class='ocr_carea' id='block_1_53' title="bbox 2152 2834 3723 2907">
    <p class='ocr_par' dir='ltr' id='par_1_53' title="bbox 2152 2834 3723 2907">
     <span class='ocr_line' id='line_1_53' title="bbox 2152 2834 3723 2907; baseline -0.005 -14"><span class='ocrx_word' id='word_1_415' title='bbox 2152 2840 2295 2893; x_wconf 89' lang='lat' dir='ltr'><strong>niter</strong></span> <span class='ocrx_word' id='word_1_416' title='bbox 2328 2840 2574 2893; x_wconf 87' lang='lat' dir='ltr'><strong>viderent</strong></span> <span class='ocrx_word' id='word_1_417' title='bbox 2608 2853 2717 2907; x_wconf 92' lang='lat' dir='ltr'><strong>quo</strong></span> <span class='ocrx_word' id='word_1_418' title='bbox 2750 2852 2808 2892; x_wconf 85' lang='lat' dir='ltr'><strong>se</strong></span> <span class='ocrx_word' id='word_1_419' title='bbox 2841 2846 3066 2907; x_wconf 85' lang='lat' dir='ltr'><strong>possent</strong></span> <span class='ocrx_word' id='word_1_420' title='bbox 3098 2845 3255 2905; x_wconf 85' lang='lat' dir='ltr'><strong>pacto</strong></span> <span class='ocrx_word' id='word_1_421' title='bbox 3285 2836 3550 2906; x_wconf 75' lang='lat' dir='ltr'><strong>expedire</strong></span> <span class='ocrx_word' id='word_1_422' title='bbox 3599 2834 3723 2888; x_wconf 79' lang='lat' dir='ltr'><strong>diris</strong></span> 
     </span>
    </p>
   </div>
   <div class='ocr_carea' id='block_1_54' title="bbox 2152 2926 3727 3000">
    <p class='ocr_par' dir='ltr' id='par_1_54' title="bbox 2152 2926 3727 3000">
     <span class='ocr_line' id='line_1_54' title="bbox 2152 2926 3727 3000; baseline -0.003 -18"><span class='ocrx_word' id='word_1_423' title='bbox 2152 2932 2392 2997; x_wconf 77' lang='lat' dir='ltr'><strong>vinculis</strong></span> <span class='ocrx_word' id='word_1_424' title='bbox 2434 2931 2838 2987; x_wconf 84' lang='lat' dir='ltr'><strong>borrendorum</strong></span> <span class='ocrx_word' id='word_1_425' title='bbox 2890 2931 3334 2998; x_wconf 84' lang='lat' dir='ltr'><strong>anathematum,</strong></span> <span class='ocrx_word' id='word_1_426' title='bbox 3392 2930 3595 3000; x_wconf 81' lang='lat' dir='ltr'><strong>quibus</strong></span> <span class='ocrx_word' id='word_1_427' title='bbox 3641 2926 3727 2979; x_wconf 79' lang='lat' dir='ltr'><strong>ha-</strong></span> 
     </span>
    </p>
   </div>
   <div class='ocr_carea' id='block_1_55' title="bbox 2154 3020 3729 3095">
    <p class='ocr_par' dir='ltr' id='par_1_55' title="bbox 2154 3020 3729 3095">
     <span class='ocr_line' id='line_1_55' title="bbox 2154 3020 3729 3095; baseline -0.006 -14"><span class='ocrx_word' id='word_1_428' title='bbox 2154 3036 2353 3082; x_wconf 79' lang='lat' dir='ltr'><strong>ctenus</strong></span> <span class='ocrx_word' id='word_1_429' title='bbox 2406 3027 2754 3095; x_wconf 83' lang='lat' dir='ltr'><strong>ignorassent</strong></span> <span class='ocrx_word' id='word_1_430' title='bbox 2789 3038 2848 3079; x_wconf 87' lang='lat' dir='ltr'><strong>se</strong></span> <span class='ocrx_word' id='word_1_431' title='bbox 2876 3026 3050 3079; x_wconf 87' lang='lat' dir='ltr'><strong>teneri</strong></span> <span class='ocrx_word' id='word_1_432' title='bbox 3081 3023 3446 3079; x_wconf 83' lang='lat' dir='ltr'><strong>constrictos.</strong></span> <span class='ocrx_word' id='word_1_433' title='bbox 3483 3020 3729 3075; x_wconf 82' lang='lat' dir='ltr'><strong>Declara-</strong></span> 
     </span>
    </p>
   </div>
   <div class='ocr_carea' id='block_1_56' title="bbox 2156 3112 3733 3185">
    <p class='ocr_par' dir='ltr' id='par_1_56' title="bbox 2156 3112 3733 3185">
     <span class='ocr_line' id='line_1_56' title="bbox 2156 3112 3733 3185; baseline -0.006 -12"><span class='ocrx_word' id='word_1_434' title='bbox 2156 3128 2268 3173; x_wconf 86' lang='lat' dir='ltr'><strong>tunt</strong></span> <span class='ocrx_word' id='word_1_435' title='bbox 2308 3127 2487 3173; x_wconf 88' lang='lat' dir='ltr'><strong>autem</strong></span> <span class='ocrx_word' id='word_1_436' title='bbox 2522 3118 2624 3170; x_wconf 91' lang='lat' dir='ltr'><strong>hoc</strong></span> <span class='ocrx_word' id='word_1_437' title='bbox 2659 3130 2807 3170; x_wconf 88' lang='lat' dir='ltr'><strong>nunc</strong></span> <span class='ocrx_word' id='word_1_438' title='bbox 2856 3112 2990 3185; x_wconf 75' lang='lat' dir='ltr'><strong>i‘psis</strong></span> <span class='ocrx_word' id='word_1_439' title='bbox 3039 3114 3242 3168; x_wconf 91' lang='lat' dir='ltr'><strong>indicio</strong></span> <span class='ocrx_word' id='word_1_440' title='bbox 3294 3115 3587 3175; x_wconf 68' lang='lat' dir='ltr'><strong>columbae,</strong></span> <span class='ocrx_word' id='word_1_441' title='bbox 3618 3121 3733 3180; x_wconf 63' lang='lat' dir='ltr'><strong>qua</strong></span> 
     </span>
    </p>
   </div>
   <div class='ocr_carea' id='block_1_57' title="bbox 470 3202 3733 3279">
    <p class='ocr_par' dir='ltr' id='par_1_57' title="bbox 470 3202 3733 3279">
     <span class='ocr_line' id='line_1_57' title="bbox 470 3202 3733 3279; baseline -0.002 -15"><span class='ocrx_word' id='word_1_442' title='bbox 470 3203 754 3259; x_wconf 72' lang='lat' dir='ltr'><strong>hiantibus</strong></span> <span class='ocrx_word' id='word_1_443' title='bbox 789 3213 1097 3273; x_wconf 71' lang='lat' dir='ltr'><strong>pertusum.</strong></span> <span class='ocrx_word' id='word_1_444' title='bbox 1126 3218 1298 3273; x_wconf 80' lang='lat' dir='ltr'><strong>eoque</strong></span> <span class='ocrx_word' id='word_1_445' title='bbox 1344 3218 1470 3258; x_wconf 82' lang='lat' dir='ltr'><strong>cum</strong></span> <span class='ocrx_word' id='word_1_446' title='bbox 1508 3203 1740 3258; x_wconf 71' lang='lat' dir='ltr'><strong>istarum</strong></span> <span class='ocrx_word' id='word_1_447' title='bbox 1793 3202 2041 3257; x_wconf 76' lang='lat' dir='ltr'><strong>nidiﬁcio</strong></span> <span class='ocrx_word' id='word_1_448' title='bbox 2070 3216 2117 3278; x_wconf 80' lang='grc' dir='ltr'>ο</span> <span class='ocrx_word' id='word_1_449' title='bbox 2149 3212 2306 3279; x_wconf 81' lang='lat' dir='ltr'><strong>longe</strong></span> <span class='ocrx_word' id='word_1_450' title='bbox 2338 3210 2555 3263; x_wconf 87' lang='lat' dir='ltr'><strong>diverso</strong></span> <span class='ocrx_word' id='word_1_451' title='bbox 2587 3223 2616 3261; x_wconf 89' lang='lat' dir='ltr'><strong>a</strong></span> <span class='ocrx_word' id='word_1_452' title='bbox 2649 3209 2818 3263; x_wconf 88' lang='lat' dir='ltr'><strong>sacris</strong></span> <span class='ocrx_word' id='word_1_453' title='bbox 2859 3206 3132 3262; x_wconf 88' lang='lat' dir='ltr'><strong>celebrata</strong></span> <span class='ocrx_word' id='word_1_454' title='bbox 3164 3205 3404 3263; x_wconf 85' lang='lat' dir='ltr'><strong>Litteris</strong></span> <span class='ocrx_word' id='word_1_455' title='bbox 3433 3205 3623 3260; x_wconf 82' lang='lat' dir='ltr'><strong>nuntia</strong></span> <span class='ocrx_word' id='word_1_456' title='bbox 3659 3203 3733 3258; x_wconf 34' lang='lat' dir='ltr'><strong>die</strong></span> 
     </span>
    </p>
   </div>
   <div class='ocr_carea' id='block_1_58' title="bbox 469 3294 2045 3364">
    <p class='ocr_par' dir='ltr' id='par_1_58' title="bbox 469 3294 2045 3364">
     <span class='ocr_line' id='line_1_58' title="bbox 469 3294 2045 3364; baseline -0.001 -14"><span class='ocrx_word' id='word_1_457' title='bbox 469 3296 756 3351; x_wconf 80' lang='lat' dir='ltr'><strong>voluerunt</strong></span> <span class='ocrx_word' id='word_1_458' title='bbox 818 3306 931 3349; x_wconf 92' lang='lat' dir='ltr'><strong>tum</strong></span> <span class='ocrx_word' id='word_1_459' title='bbox 991 3295 1201 3351; x_wconf 85' lang='lat' dir='ltr'><strong>ludicro</strong></span> <span class='ocrx_word' id='word_1_460' title='bbox 1253 3296 1489 3364; x_wconf 87' lang='lat' dir='ltr'><strong>aucupio</strong></span> <span class='ocrx_word' id='word_1_461' title='bbox 1520 3294 1830 3349; x_wconf 88' lang='lat' dir='ltr'><strong>vacantium</strong></span> <span class='ocrx_word' id='word_1_462' title='bbox 1881 3309 2045 3363; x_wconf 89' lang='lat' dir='ltr'><strong>opere</strong></span> 
     </span>
    </p>
   </div>
   <div class='ocr_carea' id='block_1_59' title="bbox 473 3388 2046 3460">
    <p class='ocr_par' dir='ltr' id='par_1_59' title="bbox 473 3388 2046 3460">
     <span class='ocr_line' id='line_1_59' title="bbox 473 3388 2046 3460; baseline -0.002 -13"><span class='ocrx_word' id='word_1_463' title='bbox 473 3390 772 3460; x_wconf 84' lang='lat' dir='ltr'><strong>urgentiori</strong></span> <span class='ocrx_word' id='word_1_464' title='bbox 807 3405 1100 3459; x_wconf 90' lang='lat' dir='ltr'><strong>ptterorum</strong></span> <span class='ocrx_word' id='word_1_465' title='bbox 1128 3398 1518 3459; x_wconf 84' lang='lat' dir='ltr'><strong>opportunum,</strong></span> <span class='ocrx_word' id='word_1_466' title='bbox 1553 3390 1754 3459; x_wconf 88' lang='lat' dir='ltr'><strong>quippe</strong></span> <span class='ocrx_word' id='word_1_467' title='bbox 1787 3388 1898 3451; x_wconf 89' lang='lat' dir='ltr'><strong>ubi,</strong></span> <span class='ocrx_word' id='word_1_468' title='bbox 1927 3389 2046 3444; x_wconf 88' lang='lat' dir='ltr'><strong>sine</strong></span> 
     </span>
    </p>
   </div>
   <div class='ocr_carea' id='block_1_60' title="bbox 472 3481 2042 3552">
    <p class='ocr_par' dir='ltr' id='par_1_60' title="bbox 472 3481 2042 3552">
     <span class='ocr_line' id='line_1_60' title="bbox 472 3481 2042 3552; baseline -0.003 -14"><span class='ocrx_word' id='word_1_469' title='bbox 472 3482 740 3539; x_wconf 76' lang='lat' dir='ltr'><strong>laciniosa</strong></span> <span class='ocrx_word' id='word_1_470' title='bbox 774 3491 1042 3552; x_wconf 89' lang='lat' dir='ltr'><strong>apparatu</strong></span> <span class='ocrx_word' id='word_1_471' title='bbox 1078 3482 1379 3536; x_wconf 86' lang='lat' dir='ltr'><strong>venatoriae</strong></span> <span class='ocrx_word' id='word_1_472' title='bbox 1430 3482 1809 3551; x_wconf 86' lang='lat' dir='ltr'><strong>supellectilis,</strong></span> <span class='ocrx_word' id='word_1_473' title='bbox 1845 3481 2042 3536; x_wconf 89' lang='lat' dir='ltr'><strong>retium</strong></span> 
     </span>
    </p>
   </div>
   <div class='ocr_carea' id='block_1_61' title="bbox 473 3574 2047 3645">
    <p class='ocr_par' dir='ltr' id='par_1_61' title="bbox 473 3574 2047 3645">
     <span class='ocr_line' id='line_1_61' title="bbox 473 3574 2047 3645; baseline 0.001 -17"><span class='ocrx_word' id='word_1_474' title='bbox 473 3584 569 3629; x_wconf 86' lang='lat' dir='ltr'><strong>aut</strong></span> <span class='ocrx_word' id='word_1_475' title='bbox 621 3576 952 3629; x_wconf 86' lang='lat' dir='ltr'><strong>calamorum</strong></span> <span class='ocrx_word' id='word_1_476' title='bbox 985 3574 1137 3631; x_wconf 85' lang='lat' dir='ltr'><strong>visco</strong></span> <span class='ocrx_word' id='word_1_477' title='bbox 1183 3575 1527 3645; x_wconf 88' lang='lat' dir='ltr'><strong>perlitorum,</strong></span> <span class='ocrx_word' id='word_1_478' title='bbox 1578 3588 1743 3629; x_wconf 87' lang='lat' dir='ltr'><strong>manu</strong></span> <span class='ocrx_word' id='word_1_479' title='bbox 1795 3575 2047 3630; x_wconf 90' lang='lat' dir='ltr'><strong>cominus</strong></span> 
     </span>
    </p>
   </div>
   <div class='ocr_carea' id='block_1_62' title="bbox 472 3667 2045 3737">
    <p class='ocr_par' dir='ltr' id='par_1_62' title="bbox 472 3667 2045 3737">
     <span class='ocr_line' id='line_1_62' title="bbox 472 3667 2045 3737; baseline -0.001 -16"><span class='ocrx_word' id='word_1_480' title='bbox 472 3668 618 3722; x_wconf 88' lang='lat' dir='ltr'><strong>nuda</strong></span> <span class='ocrx_word' id='word_1_481' title='bbox 652 3667 992 3722; x_wconf 87' lang='lat' dir='ltr'><strong>columbulos</strong></span> <span class='ocrx_word' id='word_1_482' title='bbox 1024 3667 1206 3722; x_wconf 91' lang='lat' dir='ltr'><strong>adhuc</strong></span> <span class='ocrx_word' id='word_1_483' title='bbox 1241 3669 1531 3737; x_wconf 83' lang='lat' dir='ltr'><strong>implumes</strong></span> <span class='ocrx_word' id='word_1_484' title='bbox 1564 3668 1618 3721; x_wconf 92' lang='lat' dir='ltr'><strong>in</strong></span> <span class='ocrx_word' id='word_1_485' title='bbox 1650 3667 1847 3721; x_wconf 89' lang='lat' dir='ltr'><strong>nativis</strong></span> <span class='ocrx_word' id='word_1_486' title='bbox 1896 3668 2045 3721; x_wconf 60' lang='lat' dir='ltr'><strong>cubi.</strong></span> 
     </span>
    </p>
   </div>
   <div class='ocr_carea' id='block_1_63' title="bbox 472 3758 2050 3829">
    <p class='ocr_par' dir='ltr' id='par_1_63' title="bbox 472 3758 2050 3829">
     <span class='ocr_line' id='line_1_63' title="bbox 472 3758 2050 3829; baseline -0.002 -15"><span class='ocrx_word' id='word_1_487' title='bbox 472 3759 620 3816; x_wconf 85' lang='lat' dir='ltr'><strong>libus</strong></span> <span class='ocrx_word' id='word_1_488' title='bbox 652 3758 1071 3829; x_wconf 90' lang='lat' dir='ltr'><strong>prehenderent.</strong></span> <span class='ocrx_word' id='word_1_489' title='bbox 1098 3760 1234 3815; x_wconf 90' lang='lat' dir='ltr'><strong>Dum</strong></span> <span class='ocrx_word' id='word_1_490' title='bbox 1264 3761 1394 3817; x_wconf 82' lang='lat' dir='ltr'><strong>huic</strong></span> <span class='ocrx_word' id='word_1_491' title='bbox 1426 3760 1703 3814; x_wconf 87' lang='lat' dir='ltr'><strong>inbianter</strong></span> <span class='ocrx_word' id='word_1_492' title='bbox 1739 3758 1923 3813; x_wconf 88' lang='lat' dir='ltr'><strong>studio</strong></span> <span class='ocrx_word' id='word_1_493' title='bbox 1967 3759 2050 3812; x_wconf 90' lang='lat' dir='ltr'><strong>in-</strong></span> 
     </span>
    </p>
   </div>
   <div class='ocr_carea' id='block_1_64' title="bbox 473 3849 2048 3918">
    <p class='ocr_par' dir='ltr' id='par_1_64' title="bbox 473 3849 2048 3918">
     <span class='ocr_line' id='line_1_64' title="bbox 473 3849 2048 3918; baseline -0.001 -12"><span class='ocrx_word' id='word_1_494' title='bbox 473 3855 608 3907; x_wconf 91' lang='lat' dir='ltr'><strong>tenti</strong></span> <span class='ocrx_word' id='word_1_495' title='bbox 637 3863 833 3908; x_wconf 89' lang='lat' dir='ltr'><strong>cuncta</strong></span> <span class='ocrx_word' id='word_1_496' title='bbox 864 3853 974 3906; x_wconf 87' lang='lat' dir='ltr'><strong>illic</strong></span> <span class='ocrx_word' id='word_1_497' title='bbox 1006 3853 1282 3908; x_wconf 87' lang='lat' dir='ltr'><strong>foramina</strong></span> <span class='ocrx_word' id='word_1_498' title='bbox 1317 3853 1607 3915; x_wconf 86' lang='lat' dir='ltr'><strong>rimantur,</strong></span> <span class='ocrx_word' id='word_1_499' title='bbox 1644 3865 1789 3904; x_wconf 89' lang='lat' dir='ltr'><strong>unus</strong></span> <span class='ocrx_word' id='word_1_500' title='bbox 1813 3865 1878 3903; x_wconf 78' lang='lat' dir='ltr'><strong>ex</strong></span> <span class='ocrx_word' id='word_1_501' title='bbox 1912 3849 2048 3918; x_wconf 84' lang='lat' dir='ltr'><strong>ipsis</strong></span> 
     </span>
    </p>
   </div>
   <div class='ocr_carea' id='block_1_65' title="bbox 472 3942 2049 4013">
    <p class='ocr_par' dir='ltr' id='par_1_65' title="bbox 472 3942 2049 4013">
     <span class='ocr_line' id='line_1_65' title="bbox 472 3942 2049 4013; baseline -0.001 -15"><span class='ocrx_word' id='word_1_502' title='bbox 472 3946 764 4001; x_wconf 87' lang='lat' dir='ltr'><strong>observato</strong></span> <span class='ocrx_word' id='word_1_503' title='bbox 805 3959 969 4013; x_wconf 87' lang='lat' dir='ltr'><strong>supra</strong></span> <span class='ocrx_word' id='word_1_504' title='bbox 1021 3943 1330 3997; x_wconf 88' lang='lat' dir='ltr'><strong>columnam</strong></span> <span class='ocrx_word' id='word_1_505' title='bbox 1390 3942 1641 3996; x_wconf 85' lang='lat' dir='ltr'><strong>altiorem</strong></span> <span class='ocrx_word' id='word_1_506' title='bbox 1694 3955 1850 4008; x_wconf 88' lang='lat' dir='ltr'><strong>cavo,</strong></span> <span class='ocrx_word' id='word_1_507' title='bbox 1888 3942 2049 3996; x_wconf 83' lang='lat' dir='ltr'><strong>scalis</strong></span> 
     </span>
    </p>
   </div>
   <div class='ocr_carea' id='block_1_66' title="bbox 473 4034 2046 4104">
    <p class='ocr_par' dir='ltr' id='par_1_66' title="bbox 473 4034 2046 4104">
     <span class='ocr_line' id='line_1_66' title="bbox 473 4034 2046 4104; baseline -0.003 -10"><span class='ocrx_word' id='word_1_508' title='bbox 473 4039 606 4094; x_wconf 90' lang='lat' dir='ltr'><strong>illuc</strong></span> <span class='ocrx_word' id='word_1_509' title='bbox 647 4040 881 4095; x_wconf 86' lang='lat' dir='ltr'><strong>admotis</strong></span> <span class='ocrx_word' id='word_1_510' title='bbox 934 4045 1156 4093; x_wconf 86' lang='lat' dir='ltr'><strong>evectus</strong></span> <span class='ocrx_word' id='word_1_511' title='bbox 1212 4036 1394 4104; x_wconf 89' lang='lat' dir='ltr'><strong>pullos</strong></span> <span class='ocrx_word' id='word_1_512' title='bbox 1424 4034 1668 4104; x_wconf 90' lang='lat' dir='ltr'><strong>quidem,</strong></span> <span class='ocrx_word' id='word_1_513' title='bbox 1712 4044 1768 4089; x_wconf 90' lang='lat' dir='ltr'><strong>ut</strong></span> <span class='ocrx_word' id='word_1_514' title='bbox 1805 4036 2046 4099; x_wconf 82' lang='lat' dir='ltr'><strong>volebat,</strong></span> 
     </span>
    </p>
   </div>
   <div class='ocr_carea' id='block_1_67' title="bbox 471 4128 2050 4203">
    <p class='ocr_par' dir='ltr' id='par_1_67' title="bbox 471 4128 2050 4203">
     <span class='ocr_line' id='line_1_67' title="bbox 471 4128 2050 4203; baseline -0.004 -16"><span class='ocrx_word' id='word_1_515' title='bbox 471 4133 674 4203; x_wconf 88' lang='lat' dir='ltr'><strong>reperit</strong></span> <span class='ocrx_word' id='word_1_516' title='bbox 696 4140 750 4187; x_wconf 92' lang='lat' dir='ltr'><strong>et</strong></span> <span class='ocrx_word' id='word_1_517' title='bbox 777 4132 919 4202; x_wconf 82' lang='lat' dir='ltr'><strong>cepit</strong></span> <span class='ocrx_word' id='word_1_518' title='bbox 950 4150 963 4185; x_wconf 91' lang='lat'><strong>:</strong></span> <span class='ocrx_word' id='word_1_519' title='bbox 996 4130 1092 4186; x_wconf 87' lang='lat' dir='ltr'><strong>sed</strong></span> <span class='ocrx_word' id='word_1_520' title='bbox 1137 4130 1279 4184; x_wconf 91' lang='lat' dir='ltr'><strong>idem</strong></span> <span class='ocrx_word' id='word_1_521' title='bbox 1324 4128 1553 4183; x_wconf 90' lang='lat' dir='ltr'><strong>ulterius</strong></span> <span class='ocrx_word' id='word_1_522' title='bbox 1586 4143 1804 4198; x_wconf 89' lang='lat' dir='ltr'><strong>quoque</strong></span> <span class='ocrx_word' id='word_1_523' title='bbox 1827 4129 2050 4199; x_wconf 84' lang='lat' dir='ltr'><strong>conspi-</strong></span> 
     </span>
    </p>
   </div>
   <div class='ocr_carea' id='block_1_68' title="bbox 473 4220 2047 4293">
    <p class='ocr_par' dir='ltr' id='par_1_68' title="bbox 473 4220 2047 4293">
     <span class='ocr_line' id='line_1_68' title="bbox 473 4220 2047 4293; baseline -0.004 -13"><span class='ocrx_word' id='word_1_524' title='bbox 473 4234 627 4282; x_wconf 86' lang='lat' dir='ltr'><strong>catus</strong></span> <span class='ocrx_word' id='word_1_525' title='bbox 683 4224 869 4280; x_wconf 87' lang='lat' dir='ltr'><strong>nescio</strong></span> <span class='ocrx_word' id='word_1_526' title='bbox 925 4223 1057 4293; x_wconf 90' lang='lat' dir='ltr'><strong>quid</strong></span> <span class='ocrx_word' id='word_1_527' title='bbox 1116 4220 1318 4293; x_wconf 86' lang='lat' dir='ltr'><strong>ibidem</strong></span> <span class='ocrx_word' id='word_1_528' title='bbox 1372 4220 1699 4289; x_wconf 80' lang='lat' dir='ltr'><strong>profundius</strong></span> <span class='ocrx_word' id='word_1_529' title='bbox 1746 4230 2047 4289; x_wconf 89' lang='lat' dir='ltr'><strong>repostum,</strong></span> 
     </span>
    </p>
   </div>
   <div class='ocr_carea' id='block_1_69' title="bbox 471 4299 2047 4373">
    <p class='ocr_par' dir='ltr' id='par_1_69' title="bbox 471 4299 2047 4373">
     <span class='ocr_line' id='line_1_69' title="bbox 471 4299 2047 4373; baseline -0.004 0"><span class='ocrx_word' id='word_1_530' title='bbox 471 4333 637 4373; x_wconf 83' lang='lat' dir='ltr'><strong>manu</strong></span> <span class='ocrx_word' id='word_1_531' title='bbox 668 4299 898 4373; x_wconf 28' lang='lat' dir='ltr'><strong>attraxit.</strong></span> <span class='ocrx_word' id='word_1_532' title='bbox 931 4328 1061 4369; x_wconf 80' lang='lat' dir='ltr'><strong>vasa</strong></span> <span class='ocrx_word' id='word_1_533' title='bbox 1094 4314 1205 4370; x_wconf 91' lang='lat' dir='ltr'><strong>duo</strong></span> <span class='ocrx_word' id='word_1_534' title='bbox 1249 4320 1418 4367; x_wconf 89' lang='lat' dir='ltr'><strong>testea</strong></span> <span class='ocrx_word' id='word_1_535' title='bbox 1465 4313 1759 4367; x_wconf 89' lang='lat' dir='ltr'><strong>commissa</strong></span> <span class='ocrx_word' id='word_1_536' title='bbox 1793 4312 2047 4367; x_wconf 83' lang='lat' dir='ltr'><strong>invicem.</strong></span> 
     </span>
    </p>
   </div>
   <div class='ocr_carea' id='block_1_70' title="bbox 473 4402 2045 4475">
    <p class='ocr_par' dir='ltr' id='par_1_70' title="bbox 473 4402 2045 4475">
     <span class='ocr_line' id='line_1_70' title="bbox 473 4402 2045 4475; baseline -0.003 -14"><span class='ocrx_word' id='word_1_537' title='bbox 473 4406 610 4461; x_wconf 87' lang='lat' dir='ltr'><strong>Tum</strong></span> <span class='ocrx_word' id='word_1_538' title='bbox 635 4407 957 4462; x_wconf 86' lang='lat' dir='ltr'><strong>curiositate</strong></span> <span class='ocrx_word' id='word_1_539' title='bbox 984 4404 1180 4475; x_wconf 87' lang='lat' dir='ltr'><strong>puerili</strong></span> <span class='ocrx_word' id='word_1_540' title='bbox 1211 4403 1343 4472; x_wconf 88' lang='lat' dir='ltr'><strong>quid</strong></span> <span class='ocrx_word' id='word_1_541' title='bbox 1383 4402 1493 4457; x_wconf 89' lang='lat' dir='ltr'><strong>illic</strong></span> <span class='ocrx_word' id='word_1_542' title='bbox 1528 4404 1725 4458; x_wconf 86' lang='lat' dir='ltr'><strong>lateret</strong></span> <span class='ocrx_word' id='word_1_543' title='bbox 1765 4410 2045 4468; x_wconf 88' lang='lat' dir='ltr'><strong>scrutans,</strong></span> 
     </span>
    </p>
   </div>
   <div class='ocr_carea' id='block_1_71' title="bbox 472 4492 2047 4567">
    <p class='ocr_par' dir='ltr' id='par_1_71' title="bbox 472 4492 2047 4567">
     <span class='ocr_line' id='line_1_71' title="bbox 472 4492 2047 4567; baseline -0.004 -13"><span class='ocrx_word' id='word_1_544' title='bbox 472 4500 691 4554; x_wconf 81' lang='lat' dir='ltr'><strong>chartas</strong></span> <span class='ocrx_word' id='word_1_545' title='bbox 734 4507 980 4567; x_wconf 85' lang='lat' dir='ltr'><strong>repertas</strong></span> <span class='ocrx_word' id='word_1_546' title='bbox 1008 4504 1062 4549; x_wconf 89' lang='lat' dir='ltr'><strong>et</strong></span> <span class='ocrx_word' id='word_1_547' title='bbox 1121 4496 1240 4564; x_wconf 89' lang='lat' dir='ltr'><strong>ipse</strong></span> <span class='ocrx_word' id='word_1_548' title='bbox 1290 4495 1417 4563; x_wconf 82' lang='lat' dir='ltr'><strong>legit</strong></span> <span class='ocrx_word' id='word_1_549' title='bbox 1468 4503 1524 4548; x_wconf 91' lang='lat' dir='ltr'><strong>et</strong></span> <span class='ocrx_word' id='word_1_550' title='bbox 1565 4494 1733 4546; x_wconf 84' lang='lat' dir='ltr'><strong>sociis</strong></span> <span class='ocrx_word' id='word_1_551' title='bbox 1783 4492 2047 4548; x_wconf 86' lang='lat' dir='ltr'><strong>ostendit.</strong></span> 
     </span>
    </p>
   </div>
   <div class='ocr_carea' id='block_1_72' title="bbox 471 4570 2123 4660">
    <p class='ocr_par' dir='ltr' id='par_1_72' title="bbox 471 4570 2123 4660">
     <span class='ocr_line' id='line_1_72' title="bbox 471 4570 2123 4660; baseline -0.004 -14"><span class='ocrx_word' id='word_1_552' title='bbox 471 4594 644 4646; x_wconf 81' lang='lat' dir='ltr'><strong>Erant</strong></span> <span class='ocrx_word' id='word_1_553' title='bbox 666 4606 742 4646; x_wconf 63' lang='lat' dir='ltr'><strong>ea</strong></span> <span class='ocrx_word' id='word_1_554' title='bbox 778 4604 915 4660; x_wconf 83' lang='lat' dir='ltr'><strong>quas</strong></span> <span class='ocrx_word' id='word_1_555' title='bbox 947 4586 1189 4642; x_wconf 83' lang='lat' dir='ltr'><strong>diximus</strong></span> <span class='ocrx_word' id='word_1_556' title='bbox 1221 4587 1311 4640; x_wconf 90' lang='lat' dir='ltr'><strong>tali</strong></span> <span class='ocrx_word' id='word_1_557' title='bbox 1347 4586 1470 4639; x_wconf 91' lang='lat' dir='ltr'><strong>loco</strong></span> <span class='ocrx_word' id='word_1_558' title='bbox 1515 4585 1583 4641; x_wconf 90' lang='lat' dir='ltr'><strong>ab</strong></span> <span class='ocrx_word' id='word_1_559' title='bbox 1625 4585 1925 4640; x_wconf 83' lang='lat' dir='ltr'><strong>Athanasio</strong></span> <span class='ocrx_word' id='word_1_560' title='bbox 1951 4586 2047 4640; x_wconf 89' lang='lat' dir='ltr'><strong>ab—</strong></span> <span class='ocrx_word' id='word_1_561' title='bbox 2081 4570 2123 4625; x_wconf 74' lang='grc' dir='ltr'>υ</span> 
     </span>
    </p>
   </div>
   <div class='ocr_carea' id='block_1_73' title="bbox 473 4678 2053 4749">
    <p class='ocr_par' dir='ltr' id='par_1_73' title="bbox 473 4678 2053 4749">
     <span class='ocr_line' id='line_1_73' title="bbox 473 4678 2053 4749; baseline -0.004 -11"><span class='ocrx_word' id='word_1_562' title='bbox 473 4684 802 4740; x_wconf 86' lang='lat' dir='ltr'><strong>dicationem</strong></span> <span class='ocrx_word' id='word_1_563' title='bbox 835 4680 1237 4749; x_wconf 79' lang='lat' dir='ltr'><strong>patriarcbatus</strong></span> <span class='ocrx_word' id='word_1_564' title='bbox 1261 4679 1556 4735; x_wconf 84' lang='lat' dir='ltr'><strong>meditante</strong></span> <span class='ocrx_word' id='word_1_565' title='bbox 1575 4678 1891 4744; x_wconf 86' lang='lat' dir='ltr'><strong>abstrusas;</strong></span> <span class='ocrx_word' id='word_1_566' title='bbox 1927 4678 2053 4749; x_wconf 88' lang='lat' dir='ltr'><strong>qui-</strong></span> 
     </span>
    </p>
   </div>
   <div class='ocr_carea' id='block_1_74' title="bbox 474 4771 2056 4842">
    <p class='ocr_par' dir='ltr' id='par_1_74' title="bbox 474 4771 2056 4842">
     <span class='ocr_line' id='line_1_74' title="bbox 474 4771 2056 4842; baseline -0.004 -12"><span class='ocrx_word' id='word_1_567' title='bbox 474 4777 577 4831; x_wconf 89' lang='lat' dir='ltr'><strong>bus</strong></span> <span class='ocrx_word' id='word_1_568' title='bbox 609 4775 774 4829; x_wconf 88' lang='lat' dir='ltr'><strong>simul</strong></span> <span class='ocrx_word' id='word_1_569' title='bbox 798 4784 920 4842; x_wconf 68' lang='lat' dir='ltr'><strong>quae</strong></span> <span class='ocrx_word' id='word_1_570' title='bbox 957 4771 1167 4827; x_wconf 87' lang='lat' dir='ltr'><strong>inarata</strong></span> <span class='ocrx_word' id='word_1_571' title='bbox 1199 4771 1416 4827; x_wconf 78' lang='lat' dir='ltr'><strong>fuerant</strong></span> <span class='ocrx_word' id='word_1_572' title='bbox 1452 4772 1698 4826; x_wconf 87' lang='lat' dir='ltr'><strong>dirarum</strong></span> <span class='ocrx_word' id='word_1_573' title='bbox 1734 4771 2056 4826; x_wconf 68' lang='lat' dir='ltr'><strong>anathema-</strong></span> 
     </span>
    </p>
   </div>
   <div class='ocr_carea' id='block_1_75' title="bbox 474 4861 2055 4933">
    <p class='ocr_par' dir='ltr' id='par_1_75' title="bbox 474 4861 2055 4933">
     <span class='ocr_line' id='line_1_75' title="bbox 474 4861 2055 4933; baseline -0.002 -14"><span class='ocrx_word' id='word_1_574' title='bbox 474 4876 705 4933; x_wconf 87' lang='lat' dir='ltr'><strong>tumque</strong></span> <span class='ocrx_word' id='word_1_575' title='bbox 742 4861 1002 4917; x_wconf 89' lang='lat' dir='ltr'><strong>terricula</strong></span> <span class='ocrx_word' id='word_1_576' title='bbox 1036 4877 1143 4917; x_wconf 92' lang='lat' dir='ltr'><strong>non</strong></span> <span class='ocrx_word' id='word_1_577' title='bbox 1186 4863 1305 4917; x_wconf 90' lang='lat' dir='ltr'><strong>sine</strong></span> <span class='ocrx_word' id='word_1_578' title='bbox 1350 4862 1583 4918; x_wconf 86' lang='lat' dir='ltr'><strong>horrore</strong></span> <span class='ocrx_word' id='word_1_579' title='bbox 1621 4861 1859 4933; x_wconf 88' lang='lat' dir='ltr'><strong>quodam</strong></span> <span class='ocrx_word' id='word_1_580' title='bbox 1899 4862 2055 4931; x_wconf 86' lang='lat' dir='ltr'><strong>pueri</strong></span> 
     </span>
    </p>
   </div>
   <div class='ocr_carea' id='block_1_76' title="bbox 475 4954 2056 5026">
    <p class='ocr_par' dir='ltr' id='par_1_76' title="bbox 475 4954 2056 5026">
     <span class='ocr_line' id='line_1_76' title="bbox 475 4954 2056 5026; baseline 0.001 -17"><span class='ocrx_word' id='word_1_581' title='bbox 475 4957 754 5020; x_wconf 87' lang='lat' dir='ltr'><strong>viderunt,</strong></span> <span class='ocrx_word' id='word_1_582' title='bbox 797 4954 1117 5011; x_wconf 87' lang='lat' dir='ltr'><strong>dubitantes</strong></span> <span class='ocrx_word' id='word_1_583' title='bbox 1167 4955 1301 5025; x_wconf 87' lang='lat' dir='ltr'><strong>quid</strong></span> <span class='ocrx_word' id='word_1_584' title='bbox 1343 4955 1410 5011; x_wconf 91' lang='lat' dir='ltr'><strong>iis</strong></span> <span class='ocrx_word' id='word_1_585' title='bbox 1441 4955 1707 5018; x_wconf 88' lang='lat' dir='ltr'><strong>facerent,</strong></span> <span class='ocrx_word' id='word_1_586' title='bbox 1735 4955 1899 5026; x_wconf 68' lang='lat' dir='ltr'><strong>25o</strong></span> <span class='ocrx_word' id='word_1_587' title='bbox 1929 4964 2056 5025; x_wconf 87' lang='lat' dir='ltr'><strong>post</strong></span> 
     </span>
    </p>
   </div>
   <div class='ocr_carea' id='block_1_77' title="bbox 475 5045 2055 5116">
    <p class='ocr_par' dir='ltr' id='par_1_77' title="bbox 475 5045 2055 5116">
     <span class='ocr_line' id='line_1_77' title="bbox 475 5045 2055 5116; baseline -0.001 -14"><span class='ocrx_word' id='word_1_588' title='bbox 475 5047 715 5116; x_wconf 82' lang='lat' dir='ltr'><strong>aliquam</strong></span> <span class='ocrx_word' id='word_1_589' title='bbox 745 5045 1197 5100; x_wconf 82' lang='lat' dir='ltr'><strong>deliberationem</strong></span> <span class='ocrx_word' id='word_1_590' title='bbox 1233 5058 1636 5102; x_wconf 87' lang='lat' dir='ltr'><strong>consenserunt</strong></span> <span class='ocrx_word' id='word_1_591' title='bbox 1669 5047 1967 5101; x_wconf 84' lang='lat' dir='ltr'><strong>deferenda</strong></span> <span class='ocrx_word' id='word_1_592' title='bbox 1997 5055 2055 5100; x_wconf 86' lang='lat' dir='ltr'><strong>ut</strong></span> 
     </span>
    </p>
   </div>
   <div class='ocr_carea' id='block_1_78' title="bbox 475 5138 2056 5210">
    <p class='ocr_par' dir='ltr' id='par_1_78' title="bbox 475 5138 2056 5210">
     <span class='ocr_line' id='line_1_78' title="bbox 475 5138 2056 5210; baseline -0.002 -14"><span class='ocrx_word' id='word_1_593' title='bbox 475 5145 634 5196; x_wconf 87' lang='lat' dir='ltr'><strong>erant</strong></span> <span class='ocrx_word' id='word_1_594' title='bbox 659 5139 725 5194; x_wconf 88' lang='lat' dir='ltr'><strong>ad</strong></span> <span class='ocrx_word' id='word_1_595' title='bbox 762 5139 1383 5210; x_wconf 69' lang='lat' dir='ltr'><strong>patriarebamcuncta.</strong></span> <span class='ocrx_word' id='word_1_596' title='bbox 1414 5138 1646 5207; x_wconf 76' lang='lat' dir='ltr'><strong>Moxque</strong></span> <span class='ocrx_word' id='word_1_597' title='bbox 1678 5154 1734 5195; x_wconf 89' lang='lat' dir='ltr'><strong>re</strong></span> <span class='ocrx_word' id='word_1_598' title='bbox 1760 5139 1856 5200; x_wconf 82' lang='lat' dir='ltr'><strong>illi.</strong></span> <span class='ocrx_word' id='word_1_599' title='bbox 1891 5147 2056 5208; x_wconf 85' lang='lat' dir='ltr'><strong>prout</strong></span> 
     </span>
    </p>
   </div>
   <div class='ocr_carea' id='block_1_79' title="bbox 476 5229 2059 5303">
    <p class='ocr_par' dir='ltr' id='par_1_79' title="bbox 476 5229 2059 5303">
     <span class='ocr_line' id='line_1_79' title="bbox 476 5229 2059 5303; baseline -0.003 -15"><span class='ocrx_word' id='word_1_600' title='bbox 476 5232 807 5303; x_wconf 75' lang='lat' dir='ltr'><strong>contigerat,</strong></span> <span class='ocrx_word' id='word_1_601' title='bbox 868 5240 1109 5297; x_wconf 85' lang='lat' dir='ltr'><strong>narrata,</strong></span> <span class='ocrx_word' id='word_1_602' title='bbox 1160 5231 1349 5285; x_wconf 82' lang='lat' dir='ltr'><strong>fictilia</strong></span> <span class='ocrx_word' id='word_1_603' title='bbox 1388 5246 1514 5285; x_wconf 89' lang='lat' dir='ltr'><strong>cum</strong></span> <span class='ocrx_word' id='word_1_604' title='bbox 1565 5229 1795 5284; x_wconf 85' lang='lat' dir='ltr'><strong>inclusis</strong></span> <span class='ocrx_word' id='word_1_605' title='bbox 1848 5229 2059 5284; x_wconf 80' lang='lat' dir='ltr'><strong>chartis</strong></span> 
     </span>
    </p>
   </div>
   <div class='ocr_carea' id='block_1_80' title="bbox 476 5321 2059 5395">
    <p class='ocr_par' dir='ltr' id='par_1_80' title="bbox 476 5321 2059 5395">
     <span class='ocr_line' id='line_1_80' title="bbox 476 5321 2059 5395; baseline -0.005 -13"><span class='ocrx_word' id='word_1_606' title='bbox 476 5326 818 5382; x_wconf 89' lang='lat' dir='ltr'><strong>obtulerunt.</strong></span> <span class='ocrx_word' id='word_1_607' title='bbox 854 5322 951 5380; x_wconf 77' lang='lat' dir='ltr'><strong>llis</strong></span> <span class='ocrx_word' id='word_1_608' title='bbox 996 5325 1311 5395; x_wconf 76' lang='lat' dir='ltr'><strong>patriarcha</strong></span> <span class='ocrx_word' id='word_1_609' title='bbox 1368 5323 1423 5378; x_wconf 89' lang='lat' dir='ltr'><strong>in</strong></span> <span class='ocrx_word' id='word_1_610' title='bbox 1468 5336 1661 5377; x_wconf 85' lang='lat' dir='ltr'><strong>manus</strong></span> <span class='ocrx_word' id='word_1_611' title='bbox 1705 5321 1942 5390; x_wconf 87' lang='lat' dir='ltr'><strong>sumptis</strong></span> <span class='ocrx_word' id='word_1_612' title='bbox 1977 5332 2059 5375; x_wconf 79' lang='lat' dir='ltr'><strong>at-</strong></span> 
     </span>
    </p>
   </div>
   <div class='ocr_carea' id='block_1_81' title="bbox 479 5411 2054 5486">
    <p class='ocr_par' dir='ltr' id='par_1_81' title="bbox 479 5411 2054 5486">
     <span class='ocr_line' id='line_1_81' title="bbox 479 5411 2054 5486; baseline -0.005 -14"><span class='ocrx_word' id='word_1_613' title='bbox 479 5424 736 5486; x_wconf 78' lang='lat' dir='ltr'><strong>tenteque</strong></span> <span class='ocrx_word' id='word_1_614' title='bbox 785 5416 1063 5484; x_wconf 76' lang='lat' dir='ltr'><strong>perlectis,</strong></span> <span class='ocrx_word' id='word_1_615' title='bbox 1117 5414 1278 5483; x_wconf 87' lang='lat' dir='ltr'><strong>plane</strong></span> <span class='ocrx_word' id='word_1_616' title='bbox 1322 5411 1655 5466; x_wconf 86' lang='lat' dir='ltr'><strong>intellectam</strong></span> <span class='ocrx_word' id='word_1_617' title='bbox 1713 5425 1826 5465; x_wconf 87' lang='lat' dir='ltr'><strong>rem</strong></span> <span class='ocrx_word' id='word_1_618' title='bbox 1886 5417 2054 5464; x_wconf 89' lang='lat' dir='ltr'><strong>totam</strong></span> 
     </span>
    </p>
   </div>
   <div class='ocr_carea' id='block_1_82' title="bbox 473 5501 2057 5577">
    <p class='ocr_par' dir='ltr' id='par_1_82' title="bbox 473 5501 2057 5577">
     <span class='ocr_line' id='line_1_82' title="bbox 473 5501 2057 5577; baseline -0.006 -13"><span class='ocrx_word' id='word_1_619' title='bbox 473 5509 680 5564; x_wconf 85' lang='lat' dir='ltr'><strong>referre</strong></span> <span class='ocrx_word' id='word_1_620' title='bbox 728 5507 795 5563; x_wconf 91' lang='lat' dir='ltr'><strong>ad</strong></span> <span class='ocrx_word' id='word_1_621' title='bbox 847 5509 1233 5577; x_wconf 87' lang='lat' dir='ltr'><strong>imperatorem</strong></span> <span class='ocrx_word' id='word_1_622' title='bbox 1294 5504 1589 5569; x_wconf 85' lang='lat' dir='ltr'><strong>statuit,in</strong></span> <span class='ocrx_word' id='word_1_623' title='bbox 1621 5517 1782 5571; x_wconf 88' lang='lat' dir='ltr'><strong>quem</strong></span> <span class='ocrx_word' id='word_1_624' title='bbox 1835 5501 2057 5572; x_wconf 74' lang='lat' dir='ltr'><strong>[ctissi-</strong></span> 
     </span>
    </p>
   </div>
   <div class='ocr_carea' id='block_1_83' title="bbox 475 5593 2051 5676">
    <p class='ocr_par' dir='ltr' id='par_1_83' title="bbox 475 5593 2051 5676">
     <span class='ocr_line' id='line_1_83' title="bbox 475 5593 2051 5676; baseline -0.003 -24"><span class='ocrx_word' id='word_1_625' title='bbox 475 5615 625 5653; x_wconf 85' lang='lat' dir='ltr'><strong>mum</strong></span> <span class='ocrx_word' id='word_1_626' title='bbox 650 5599 858 5653; x_wconf 86' lang='lat' dir='ltr'><strong>intenta</strong></span> <span class='ocrx_word' id='word_1_627' title='bbox 908 5596 1223 5665; x_wconf 89' lang='lat' dir='ltr'><strong>intortaque</strong></span> <span class='ocrx_word' id='word_1_628' title='bbox 1255 5595 1343 5648; x_wconf 83' lang='lat' dir='ltr'><strong>illa</strong></span> <span class='ocrx_word' id='word_1_629' title='bbox 1379 5593 1839 5676; x_wconf 80' lang='lat' dir='ltr'><strong>imprecationum</strong></span> <span class='ocrx_word' id='word_1_630' title='bbox 1873 5594 2051 5648; x_wconf 90' lang='lat' dir='ltr'><strong>borri-</strong></span> 
     </span>
    </p>
   </div>
   <div class='ocr_carea' id='block_1_84' title="bbox 480 5686 2053 5756">
    <p class='ocr_par' dir='ltr' id='par_1_84' title="bbox 480 5686 2053 5756">
     <span class='ocr_line' id='line_1_84' title="bbox 480 5686 2053 5756; baseline -0.003 -11"><span class='ocrx_word' id='word_1_631' title='bbox 480 5692 671 5746; x_wconf 89' lang='lat' dir='ltr'><strong>bilium</strong></span> <span class='ocrx_word' id='word_1_632' title='bbox 717 5689 946 5744; x_wconf 85' lang='lat' dir='ltr'><strong>fulmina</strong></span> <span class='ocrx_word' id='word_1_633' title='bbox 983 5688 1355 5742; x_wconf 79' lang='lat' dir='ltr'><strong>existimabat.</strong></span> <span class='ocrx_word' id='word_1_634' title='bbox 1414 5686 1580 5742; x_wconf 83' lang='lat' dir='ltr'><strong>Misso</strong></span> <span class='ocrx_word' id='word_1_635' title='bbox 1612 5687 1778 5756; x_wconf 87' lang='lat' dir='ltr'><strong>igitur</strong></span> <span class='ocrx_word' id='word_1_636' title='bbox 1826 5686 1892 5740; x_wconf 86' lang='lat' dir='ltr'><strong>ad</strong></span> <span class='ocrx_word' id='word_1_637' title='bbox 1926 5701 2053 5740; x_wconf 91' lang='lat' dir='ltr'><strong>eum</strong></span> 
     </span>
    </p>
   </div>
   <div class='ocr_carea' id='block_1_85' title="bbox 481 5779 2054 5849">
    <p class='ocr_par' dir='ltr' id='par_1_85' title="bbox 481 5779 2054 5849">
     <span class='ocr_line' id='line_1_85' title="bbox 481 5779 2054 5849; baseline -0.001 -13"><span class='ocrx_word' id='word_1_638' title='bbox 481 5796 584 5837; x_wconf 86' lang='lat' dir='ltr'><strong>suo</strong></span> <span class='ocrx_word' id='word_1_639' title='bbox 606 5782 779 5837; x_wconf 86' lang='lat' dir='ltr'><strong>fratre</strong></span> <span class='ocrx_word' id='word_1_640' title='bbox 805 5780 1102 5845; x_wconf 78' lang='lat' dir='ltr'><strong>Methodio,</strong></span> <span class='ocrx_word' id='word_1_641' title='bbox 1148 5779 1359 5847; x_wconf 80' lang='lat' dir='ltr'><strong>rogavit</strong></span> <span class='ocrx_word' id='word_1_642' title='bbox 1408 5794 1477 5833; x_wconf 92' lang='lat' dir='ltr'><strong>ne</strong></span> <span class='ocrx_word' id='word_1_643' title='bbox 1520 5790 1842 5849; x_wconf 75' lang='lat' dir='ltr'><strong>gravaretur</strong></span> <span class='ocrx_word' id='word_1_644' title='bbox 1869 5780 2054 5834; x_wconf 89' lang='lat' dir='ltr'><strong>venire</strong></span> 
     </span>
    </p>
   </div>
   <div class='ocr_carea' id='block_1_86' title="bbox 486 5874 2056 5948">
    <p class='ocr_par' dir='ltr' id='par_1_86' title="bbox 486 5874 2056 5948">
     <span class='ocr_line' id='line_1_86' title="bbox 486 5874 2056 5948; baseline -0.001 -18"><span class='ocrx_word' id='word_1_645' title='bbox 486 5877 551 5930; x_wconf 83' lang='lat' dir='ltr'><strong>ad</strong></span> <span class='ocrx_word' id='word_1_646' title='bbox 581 5893 660 5941; x_wconf 84' lang='lat' dir='ltr'><strong>se,</strong></span> <span class='ocrx_word' id='word_1_647' title='bbox 699 5876 960 5948; x_wconf 80' lang='lat' dir='ltr'><strong>quoniam</strong></span> <span class='ocrx_word' id='word_1_648' title='bbox 992 5875 1107 5945; x_wconf 85' lang='lat' dir='ltr'><strong>ipse</strong></span> <span class='ocrx_word' id='word_1_649' title='bbox 1134 5875 1198 5927; x_wconf 88' lang='lat' dir='ltr'><strong>ad</strong></span> <span class='ocrx_word' id='word_1_650' title='bbox 1234 5874 1492 5944; x_wconf 74' lang='lat' dir='ltr'><strong>palatium</strong></span> <span class='ocrx_word' id='word_1_651' title='bbox 1518 5874 1738 5930; x_wconf 84' lang='lat' dir='ltr'><strong>tendere</strong></span> <span class='ocrx_word' id='word_1_652' title='bbox 1773 5884 1903 5929; x_wconf 87' lang='lat' dir='ltr'><strong>tunc</strong></span> <span class='ocrx_word' id='word_1_653' title='bbox 1936 5875 2056 5944; x_wconf 86' lang='lat' dir='ltr'><strong>qui-</strong></span> 
     </span>
    </p>
   </div>
   <div class='ocr_carea' id='block_1_87' title="bbox 2152 3295 3736 3371">
    <p class='ocr_par' dir='ltr' id='par_1_87' title="bbox 2152 3295 3736 3371">
     <span class='ocr_line' id='line_1_87' title="bbox 2152 3295 3736 3371; baseline -0.006 -14"><span class='ocrx_word' id='word_1_654' title='bbox 2152 3303 2281 3357; x_wconf 72' lang='lat' dir='ltr'><strong>lurii</strong></span> <span class='ocrx_word' id='word_1_655' title='bbox 2310 3300 2586 3357; x_wconf 83' lang='lat' dir='ltr'><strong>cessantis</strong></span> <span class='ocrx_word' id='word_1_656' title='bbox 2615 3299 2868 3368; x_wconf 87' lang='lat' dir='ltr'><strong>augurio,</strong></span> <span class='ocrx_word' id='word_1_657' title='bbox 2903 3314 3011 3351; x_wconf 90' lang='lat' dir='ltr'><strong>non</strong></span> <span class='ocrx_word' id='word_1_658' title='bbox 3063 3312 3247 3368; x_wconf 86' lang='lat' dir='ltr'><strong>pacem</strong></span> <span class='ocrx_word' id='word_1_659' title='bbox 3309 3312 3377 3354; x_wconf 89' lang='lat' dir='ltr'><strong>ae</strong></span> <span class='ocrx_word' id='word_1_660' title='bbox 3409 3295 3736 3371; x_wconf 80' lang='lat' dir='ltr'><strong>benedictio-</strong></span> 
     </span>
    </p>
   </div>
   <div class='ocr_carea' id='block_1_88' title="bbox 2150 3388 3739 3461">
    <p class='ocr_par' dir='ltr' id='par_1_88' title="bbox 2150 3388 3739 3461">
     <span class='ocr_line' id='line_1_88' title="bbox 2150 3388 3739 3461; baseline -0.005 -11"><span class='ocrx_word' id='word_1_661' title='bbox 2150 3409 2274 3450; x_wconf 88' lang='lat' dir='ltr'><strong>nem</strong></span> <span class='ocrx_word' id='word_1_662' title='bbox 2326 3403 2385 3447; x_wconf 91' lang='lat' dir='ltr'><strong>ut</strong></span> <span class='ocrx_word' id='word_1_663' title='bbox 2415 3392 2531 3456; x_wconf 90' lang='lat' dir='ltr'><strong>illa,</strong></span> <span class='ocrx_word' id='word_1_664' title='bbox 2564 3391 2658 3447; x_wconf 90' lang='lat' dir='ltr'><strong>sed</strong></span> <span class='ocrx_word' id='word_1_665' title='bbox 2708 3390 3016 3461; x_wconf 88' lang='lat' dir='ltr'><strong>piaculares</strong></span> <span class='ocrx_word' id='word_1_666' title='bbox 3050 3388 3229 3445; x_wconf 84' lang='lat' dir='ltr'><strong>nodos</strong></span> <span class='ocrx_word' id='word_1_667' title='bbox 3292 3390 3625 3447; x_wconf 70' lang='lat' dir='ltr'><strong>terribilium</strong></span> <span class='ocrx_word' id='word_1_668' title='bbox 3652 3403 3739 3443; x_wconf 78' lang='lat' dir='ltr'><strong>ex-</strong></span> 
     </span>
    </p>
   </div>
   <div class='ocr_carea' id='block_1_89' title="bbox 2149 3482 3740 3551">
    <p class='ocr_par' dir='ltr' id='par_1_89' title="bbox 2149 3482 3740 3551">
     <span class='ocr_line' id='line_1_89' title="bbox 2149 3482 3740 3551; baseline -0.003 -11"><span class='ocrx_word' id='word_1_669' title='bbox 2149 3484 2722 3540; x_wconf 84' lang='lat' dir='ltr'><strong>emnmunicationum</strong></span> <span class='ocrx_word' id='word_1_670' title='bbox 2757 3498 2789 3539; x_wconf 90' lang='lat' dir='ltr'><strong>e</strong></span> <span class='ocrx_word' id='word_1_671' title='bbox 2821 3482 3093 3538; x_wconf 72' lang='lat' dir='ltr'><strong>columna:</strong></span> <span class='ocrx_word' id='word_1_672' title='bbox 3118 3482 3359 3551; x_wconf 66' lang='lat' dir='ltr'><strong>fastigio</strong></span> <span class='ocrx_word' id='word_1_673' title='bbox 3385 3485 3636 3539; x_wconf 86' lang='lat' dir='ltr'><strong>eminens</strong></span> <span class='ocrx_word' id='word_1_674' title='bbox 3654 3482 3740 3536; x_wconf 89' lang='lat' dir='ltr'><strong>de-</strong></span> 
     </span>
    </p>
   </div>
   <div class='ocr_carea' id='block_1_90' title="bbox 2148 3573 3741 3646">
    <p class='ocr_par' dir='ltr' id='par_1_90' title="bbox 2148 3573 3741 3646">
     <span class='ocr_line' id='line_1_90' title="bbox 2148 3573 3741 3646; baseline -0.004 -14"><span class='ocrx_word' id='word_1_675' title='bbox 2148 3577 2449 3640; x_wconf 78' lang='lat' dir='ltr'><strong>nuntiaret.</strong></span> <span class='ocrx_word' id='word_1_676' title='bbox 2484 3587 2648 3646; x_wconf 87' lang='lat' dir='ltr'><strong>atque</strong></span> <span class='ocrx_word' id='word_1_677' title='bbox 2698 3574 2772 3629; x_wconf 90' lang='lat' dir='ltr'><strong>ita</strong></span> <span class='ocrx_word' id='word_1_678' title='bbox 2800 3573 3020 3644; x_wconf 87' lang='lat' dir='ltr'><strong>quidem</strong></span> <span class='ocrx_word' id='word_1_679' title='bbox 3049 3574 3216 3643; x_wconf 88' lang='lat' dir='ltr'><strong>(quod</strong></span> <span class='ocrx_word' id='word_1_680' title='bbox 3247 3586 3384 3629; x_wconf 83' lang='lat' dir='ltr'><strong>erat</strong></span> <span class='ocrx_word' id='word_1_681' title='bbox 3436 3573 3741 3645; x_wconf 75' lang='lat' dir='ltr'><strong>pessimum)</strong></span> 
     </span>
    </p>
   </div>
   <div class='ocr_carea' id='block_1_91' title="bbox 2151 3665 3742 3735">
    <p class='ocr_par' dir='ltr' id='par_1_91' title="bbox 2151 3665 3742 3735">
     <span class='ocr_line' id='line_1_91' title="bbox 2151 3665 3742 3735; baseline -0.004 -11"><span class='ocrx_word' id='word_1_682' title='bbox 2151 3677 2213 3724; x_wconf 92' lang='lat' dir='ltr'><strong>ut</strong></span> <span class='ocrx_word' id='word_1_683' title='bbox 2254 3668 2416 3724; x_wconf 86' lang='lat' dir='ltr'><strong>simul</strong></span> <span class='ocrx_word' id='word_1_684' title='bbox 2457 3669 2684 3723; x_wconf 88' lang='lat' dir='ltr'><strong>doceret</strong></span> <span class='ocrx_word' id='word_1_685' title='bbox 2740 3682 2865 3720; x_wconf 87' lang='lat' dir='ltr'><strong>eum</strong></span> <span class='ocrx_word' id='word_1_686' title='bbox 2912 3666 3006 3733; x_wconf 89' lang='lat' dir='ltr'><strong>qui</strong></span> <span class='ocrx_word' id='word_1_687' title='bbox 3054 3665 3295 3735; x_wconf 73' lang='lat' dir='ltr'><strong>laqueos</strong></span> <span class='ocrx_word' id='word_1_688' title='bbox 3348 3667 3490 3723; x_wconf 86' lang='lat' dir='ltr'><strong>istos</strong></span> <span class='ocrx_word' id='word_1_689' title='bbox 3542 3675 3742 3719; x_wconf 79' lang='lat' dir='ltr'><strong>atroces</strong></span> 
     </span>
    </p>
   </div>
   <div class='ocr_carea' id='block_1_92' title="bbox 2151 3756 3746 3829">
    <p class='ocr_par' dir='ltr' id='par_1_92' title="bbox 2151 3756 3746 3829">
     <span class='ocr_line' id='line_1_92' title="bbox 2151 3756 3746 3829; baseline -0.003 -14"><span class='ocrx_word' id='word_1_690' title='bbox 2151 3768 2416 3815; x_wconf 79' lang='lat' dir='ltr'><strong>nexuerat</strong></span> <span class='ocrx_word' id='word_1_691' title='bbox 2452 3768 2508 3815; x_wconf 92' lang='lat' dir='ltr'><strong>et</strong></span> <span class='ocrx_word' id='word_1_692' title='bbox 2568 3758 2901 3824; x_wconf 77' lang='lat' dir='ltr'><strong>intenderat,</strong></span> <span class='ocrx_word' id='word_1_693' title='bbox 2938 3765 3073 3812; x_wconf 91' lang='lat' dir='ltr'><strong>tunc</strong></span> <span class='ocrx_word' id='word_1_694' title='bbox 3129 3770 3253 3810; x_wconf 82' lang='lat' dir='ltr'><strong>curn</strong></span> <span class='ocrx_word' id='word_1_695' title='bbox 3326 3759 3384 3815; x_wconf 88' lang='lat' dir='ltr'><strong>id</strong></span> <span class='ocrx_word' id='word_1_696' title='bbox 3434 3760 3547 3829; x_wconf 77' lang='lat' dir='ltr'><strong>egit</strong></span> <span class='ocrx_word' id='word_1_697' title='bbox 3586 3756 3746 3812; x_wconf 85' lang='lat' dir='ltr'><strong>fuisse</strong></span> 
     </span>
    </p>
   </div>
   <div class='ocr_carea' id='block_1_93' title="bbox 2154 3847 3744 3920">
    <p class='ocr_par' dir='ltr' id='par_1_93' title="bbox 2154 3847 3744 3920">
     <span class='ocr_line' id='line_1_93' title="bbox 2154 3847 3744 3920; baseline -0.004 -16"><span class='ocrx_word' id='word_1_698' title='bbox 2154 3849 2552 3920; x_wconf 88' lang='lat' dir='ltr'><strong>patriarchatn,</strong></span> <span class='ocrx_word' id='word_1_699' title='bbox 2596 3849 2701 3904; x_wconf 92' lang='lat' dir='ltr'><strong>hoc</strong></span> <span class='ocrx_word' id='word_1_700' title='bbox 2731 3857 2815 3904; x_wconf 86' lang='lat' dir='ltr'><strong>est</strong></span> <span class='ocrx_word' id='word_1_701' title='bbox 2855 3848 3080 3902; x_wconf 89' lang='lat' dir='ltr'><strong>minime</strong></span> <span class='ocrx_word' id='word_1_702' title='bbox 3122 3847 3358 3903; x_wconf 79' lang='lat' dir='ltr'><strong>dubiam</strong></span> <span class='ocrx_word' id='word_1_703' title='bbox 3400 3849 3605 3919; x_wconf 75' lang='lat' dir='ltr'><strong>ligandi</strong></span> <span class='ocrx_word' id='word_1_704' title='bbox 3654 3848 3744 3902; x_wconf 79' lang='lat' dir='ltr'><strong>ba-</strong></span> 
     </span>
    </p>
   </div>
   <div class='ocr_carea' id='block_1_94' title="bbox 2153 3942 3739 4011">
    <p class='ocr_par' dir='ltr' id='par_1_94' title="bbox 2153 3942 3739 4011">
     <span class='ocr_line' id='line_1_94' title="bbox 2153 3942 3739 4011; baseline -0.003 -15"><span class='ocrx_word' id='word_1_705' title='bbox 2153 3943 2341 3997; x_wconf 89' lang='lat' dir='ltr'><strong>buisse</strong></span> <span class='ocrx_word' id='word_1_706' title='bbox 2374 3951 2695 4011; x_wconf 83' lang='lat' dir='ltr'><strong>petestatem</strong></span> <span class='ocrx_word' id='word_1_707' title='bbox 2731 3958 2744 3995; x_wconf 90' lang='lat'><strong>:</strong></span> <span class='ocrx_word' id='word_1_708' title='bbox 2779 3956 2929 3996; x_wconf 89' lang='lat' dir='ltr'><strong>nunc</strong></span> <span class='ocrx_word' id='word_1_709' title='bbox 2970 3949 3155 3994; x_wconf 85' lang='lat' dir='ltr'><strong>autem</strong></span> <span class='ocrx_word' id='word_1_710' title='bbox 3208 3942 3492 4009; x_wconf 78' lang='lat' dir='ltr'><strong>privatum</strong></span> <span class='ocrx_word' id='word_1_711' title='bbox 3529 3943 3739 4009; x_wconf 84' lang='lat' dir='ltr'><strong>degere.</strong></span> 
     </span>
    </p>
   </div>
   <div class='ocr_carea' id='block_1_95' title="bbox 2151 4032 3739 4103">
    <p class='ocr_par' dir='ltr' id='par_1_95' title="bbox 2151 4032 3739 4103">
     <span class='ocr_line' id='line_1_95' title="bbox 2151 4032 3739 4103; baseline -0.006 -14"><span class='ocrx_word' id='word_1_712' title='bbox 2151 4048 2255 4089; x_wconf 87' lang='lat' dir='ltr'><strong>nec</strong></span> <span class='ocrx_word' id='word_1_713' title='bbox 2307 4032 2514 4087; x_wconf 87' lang='lat' dir='ltr'><strong>clavem</strong></span> <span class='ocrx_word' id='word_1_714' title='bbox 2547 4032 2782 4101; x_wconf 87' lang='lat' dir='ltr'><strong>amplius</strong></span> <span class='ocrx_word' id='word_1_715' title='bbox 2816 4044 3001 4087; x_wconf 88' lang='lat' dir='ltr'><strong>tenere</strong></span> <span class='ocrx_word' id='word_1_716' title='bbox 3052 4046 3158 4101; x_wconf 88' lang='lat' dir='ltr'><strong>qua</strong></span> <span class='ocrx_word' id='word_1_717' title='bbox 3220 4034 3406 4103; x_wconf 88' lang='lat' dir='ltr'><strong>possit</strong></span> <span class='ocrx_word' id='word_1_718' title='bbox 3462 4044 3739 4088; x_wconf 85' lang='lat' dir='ltr'><strong>carcerem</strong></span> 
     </span>
    </p>
   </div>
   <div class='ocr_carea' id='block_1_96' title="bbox 2154 4123 3743 4195">
    <p class='ocr_par' dir='ltr' id='par_1_96' title="bbox 2154 4123 3743 4195">
     <span class='ocr_line' id='line_1_96' title="bbox 2154 4123 3743 4195; baseline -0.002 -16"><span class='ocrx_word' id='word_1_719' title='bbox 2154 4126 2391 4195; x_wconf 87' lang='lat' dir='ltr'><strong>pandere</strong></span> <span class='ocrx_word' id='word_1_720' title='bbox 2428 4125 2483 4180; x_wconf 88' lang='lat' dir='ltr'><strong>in</strong></span> <span class='ocrx_word' id='word_1_721' title='bbox 2515 4141 2675 4195; x_wconf 88' lang='lat' dir='ltr'><strong>quem</strong></span> <span class='ocrx_word' id='word_1_722' title='bbox 2714 4126 2866 4195; x_wconf 91' lang='lat' dir='ltr'><strong>ipsos</strong></span> <span class='ocrx_word' id='word_1_723' title='bbox 2916 4135 3075 4180; x_wconf 81' lang='lat' dir='ltr'><strong>antea</strong></span> <span class='ocrx_word' id='word_1_724' title='bbox 3107 4125 3403 4195; x_wconf 85' lang='lat' dir='ltr'><strong>conjectos</strong></span> <span class='ocrx_word' id='word_1_725' title='bbox 3438 4123 3743 4182; x_wconf 81' lang='lat' dir='ltr'><strong>incluserit.</strong></span> 
     </span>
    </p>
   </div>
   <div class='ocr_carea' id='block_1_97' title="bbox 2151 4217 3743 4288">
    <p class='ocr_par' dir='ltr' id='par_1_97' title="bbox 2151 4217 3743 4288">
     <span class='ocr_line' id='line_1_97' title="bbox 2151 4217 3743 4288; baseline -0.002 -16"><span class='ocrx_word' id='word_1_726' title='bbox 2151 4218 2283 4285; x_wconf 83' lang='lat' dir='ltr'><strong>Quae</strong></span> <span class='ocrx_word' id='word_1_727' title='bbox 2332 4234 2455 4275; x_wconf 87' lang='lat' dir='ltr'><strong>cum</strong></span> <span class='ocrx_word' id='word_1_728' title='bbox 2508 4218 2584 4272; x_wconf 91' lang='lat' dir='ltr'><strong>ita</strong></span> <span class='ocrx_word' id='word_1_729' title='bbox 2624 4217 2757 4282; x_wconf 86' lang='lat' dir='ltr'><strong>sint,</strong></span> <span class='ocrx_word' id='word_1_730' title='bbox 2791 4217 2905 4271; x_wconf 89' lang='lat' dir='ltr'><strong>acri</strong></span> <span class='ocrx_word' id='word_1_731' title='bbox 2957 4232 3098 4288; x_wconf 89' lang='lat' dir='ltr'><strong>opus</strong></span> <span class='ocrx_word' id='word_1_732' title='bbox 3146 4233 3274 4273; x_wconf 79' lang='lat' dir='ltr'><strong>esse</strong></span> <span class='ocrx_word' id='word_1_733' title='bbox 3323 4218 3743 4280; x_wconf 79' lang='lat' dir='ltr'><strong>deliberatione,</strong></span> 
     </span>
    </p>
   </div>
   <div class='ocr_carea' id='block_1_98' title="bbox 2153 4308 3745 4380">
    <p class='ocr_par' dir='ltr' id='par_1_98' title="bbox 2153 4308 3745 4380">
     <span class='ocr_line' id='line_1_98' title="bbox 2153 4308 3745 4380; baseline -0.002 -16"><span class='ocrx_word' id='word_1_734' title='bbox 2153 4327 2274 4379; x_wconf 82' lang='lat' dir='ltr'><strong>quae</strong></span> <span class='ocrx_word' id='word_1_735' title='bbox 2303 4311 2418 4365; x_wconf 89' lang='lat' dir='ltr'><strong>vias</strong></span> <span class='ocrx_word' id='word_1_736' title='bbox 2458 4319 2673 4364; x_wconf 89' lang='lat' dir='ltr'><strong>mature</strong></span> <span class='ocrx_word' id='word_1_737' title='bbox 2714 4309 3010 4379; x_wconf 76' lang='lat' dir='ltr'><strong>investiget</strong></span> <span class='ocrx_word' id='word_1_738' title='bbox 3078 4310 3431 4365; x_wconf 68' lang='lat' dir='ltr'><strong>extrieanriae</strong></span> <span class='ocrx_word' id='word_1_739' title='bbox 3471 4308 3745 4380; x_wconf 72' lang='lat' dir='ltr'><strong>perplexi-</strong></span> 
     </span>
    </p>
   </div>
   <div class='ocr_carea' id='block_1_99' title="bbox 2154 4400 3745 4469">
    <p class='ocr_par' dir='ltr' id='par_1_99' title="bbox 2154 4400 3745 4469">
     <span class='ocr_line' id='line_1_99' title="bbox 2154 4400 3745 4469; baseline -0.002 -12"><span class='ocrx_word' id='word_1_740' title='bbox 2154 4405 2250 4458; x_wconf 89' lang='lat' dir='ltr'><strong>tati</strong></span> <span class='ocrx_word' id='word_1_741' title='bbox 2297 4403 2578 4460; x_wconf 83' lang='lat' dir='ltr'><strong>lethalium</strong></span> <span class='ocrx_word' id='word_1_742' title='bbox 2629 4409 2684 4457; x_wconf 90' lang='lat' dir='ltr'><strong>et</strong></span> <span class='ocrx_word' id='word_1_743' title='bbox 2729 4400 2921 4456; x_wconf 84' lang='lat' dir='ltr'><strong>fauces</strong></span> <span class='ocrx_word' id='word_1_744' title='bbox 2979 4400 3383 4469; x_wconf 80' lang='lat' dir='ltr'><strong>stringentium</strong></span> <span class='ocrx_word' id='word_1_745' title='bbox 3451 4404 3745 4462; x_wconf 87' lang='lat' dir='ltr'><strong>nodorum,</strong></span> 
     </span>
    </p>
   </div>
   <div class='ocr_carea' id='block_1_100' title="bbox 2154 4492 3749 4566">
    <p class='ocr_par' dir='ltr' id='par_1_100' title="bbox 2154 4492 3749 4566">
     <span class='ocr_line' id='line_1_100' title="bbox 2154 4492 3749 4566; baseline -0.003 -16"><span class='ocrx_word' id='word_1_746' title='bbox 2154 4511 2387 4566; x_wconf 88' lang='lat' dir='ltr'><strong>quorum</strong></span> <span class='ocrx_word' id='word_1_747' title='bbox 2425 4494 2675 4549; x_wconf 83' lang='lat' dir='ltr'><strong>cassibus</strong></span> <span class='ocrx_word' id='word_1_748' title='bbox 2714 4493 2919 4548; x_wconf 70' lang='lat' dir='ltr'><strong>haerere</strong></span> <span class='ocrx_word' id='word_1_749' title='bbox 2955 4492 3256 4560; x_wconf 87' lang='lat' dir='ltr'><strong>implicitus</strong></span> <span class='ocrx_word' id='word_1_750' title='bbox 3290 4511 3361 4550; x_wconf 89' lang='lat' dir='ltr'><strong>ne</strong></span> <span class='ocrx_word' id='word_1_751' title='bbox 3391 4494 3465 4550; x_wconf 89' lang='lat' dir='ltr'><strong>ad</strong></span> <span class='ocrx_word' id='word_1_752' title='bbox 3506 4508 3749 4550; x_wconf 84' lang='lat' dir='ltr'><strong>momen-</strong></span> 
     </span>
    </p>
   </div>
   <div class='ocr_carea' id='block_1_101' title="bbox 2154 4583 3753 4656">
    <p class='ocr_par' dir='ltr' id='par_1_101' title="bbox 2154 4583 3753 4656">
     <span class='ocr_line' id='line_1_101' title="bbox 2154 4583 3753 4656; baseline -0.002 -14"><span class='ocrx_word' id='word_1_753' title='bbox 2154 4599 2265 4642; x_wconf 87' lang='lat' dir='ltr'><strong>tum</strong></span> <span class='ocrx_word' id='word_1_754' title='bbox 2301 4587 2522 4656; x_wconf 84' lang='lat' dir='ltr'><strong>quidem</strong></span> <span class='ocrx_word' id='word_1_755' title='bbox 2558 4585 2832 4640; x_wconf 89' lang='lat' dir='ltr'><strong>sustineat</strong></span> <span class='ocrx_word' id='word_1_756' title='bbox 2871 4583 2965 4653; x_wconf 90' lang='lat' dir='ltr'><strong>qui</strong></span> <span class='ocrx_word' id='word_1_757' title='bbox 2999 4584 3328 4653; x_wconf 80' lang='lat' dir='ltr'><strong>gravitatem</strong></span> <span class='ocrx_word' id='word_1_758' title='bbox 3376 4585 3619 4654; x_wconf 85' lang='lat' dir='ltr'><strong>periculi</strong></span> <span class='ocrx_word' id='word_1_759' title='bbox 3669 4597 3753 4637; x_wconf 77' lang='lat' dir='ltr'><strong>ur-</strong></span> 
     </span>
    </p>
   </div>
   <div class='ocr_carea' id='block_1_102' title="bbox 2156 4675 3756 4749">
    <p class='ocr_par' dir='ltr' id='par_1_102' title="bbox 2156 4675 3756 4749">
     <span class='ocr_line' id='line_1_102' title="bbox 2156 4675 3756 4749; baseline -0.001 -17"><span class='ocrx_word' id='word_1_760' title='bbox 2156 4680 2335 4749; x_wconf 78' lang='lat' dir='ltr'><strong>gentis</strong></span> <span class='ocrx_word' id='word_1_761' title='bbox 2367 4687 2459 4731; x_wconf 87' lang='lat' dir='ltr'><strong>aut</strong></span> <span class='ocrx_word' id='word_1_762' title='bbox 2491 4677 2674 4745; x_wconf 87' lang='lat' dir='ltr'><strong>petius</strong></span> <span class='ocrx_word' id='word_1_763' title='bbox 2717 4675 3005 4746; x_wconf 84' lang='lat' dir='ltr'><strong>praesentis</strong></span> <span class='ocrx_word' id='word_1_764' title='bbox 3030 4676 3183 4730; x_wconf 81' lang='lat' dir='ltr'><strong>exitii</strong></span> <span class='ocrx_word' id='word_1_765' title='bbox 3217 4678 3535 4745; x_wconf 86' lang='lat' dir='ltr'><strong>perniciem</strong></span> <span class='ocrx_word' id='word_1_766' title='bbox 3564 4693 3631 4733; x_wconf 88' lang='lat' dir='ltr'><strong>ea</strong></span> <span class='ocrx_word' id='word_1_767' title='bbox 3661 4690 3756 4731; x_wconf 74' lang='lat' dir='ltr'><strong>ex-</strong></span> 
     </span>
    </p>
   </div>
   <div class='ocr_carea' id='block_1_103' title="bbox 2156 4768 3759 4848">
    <p class='ocr_par' dir='ltr' id='par_1_103' title="bbox 2156 4768 3759 4848">
     <span class='ocr_line' id='line_1_103' title="bbox 2156 4768 3759 4848; baseline -0.002 -23"><span class='ocrx_word' id='word_1_768' title='bbox 2156 4772 2355 4848; x_wconf 75' lang='lat' dir='ltr'><strong>pendat</strong></span> <span class='ocrx_word' id='word_1_769' title='bbox 2390 4769 2710 4825; x_wconf 65' lang='lat' dir='ltr'><strong>christiana:</strong></span> <span class='ocrx_word' id='word_1_770' title='bbox 2737 4768 3044 4838; x_wconf 78' lang='lat' dir='ltr'><strong>prudentiae</strong></span> <span class='ocrx_word' id='word_1_771' title='bbox 3075 4770 3305 4835; x_wconf 87' lang='lat' dir='ltr'><strong>trutina,</strong></span> <span class='ocrx_word' id='word_1_772' title='bbox 3342 4786 3459 4841; x_wconf 85' lang='lat' dir='ltr'><strong>qua</strong></span> <span class='ocrx_word' id='word_1_773' title='bbox 3518 4772 3759 4841; x_wconf 80' lang='lat' dir='ltr'><strong>quisque</strong></span> 
     </span>
    </p>
   </div>
   <div class='ocr_carea' id='block_1_104' title="bbox 2156 4861 3760 4934">
    <p class='ocr_par' dir='ltr' id='par_1_104' title="bbox 2156 4861 3760 4934">
     <span class='ocr_line' id='line_1_104' title="bbox 2156 4861 3760 4934; baseline -0.002 -16"><span class='ocrx_word' id='word_1_774' title='bbox 2156 4864 2472 4934; x_wconf 66' lang='lat' dir='ltr'><strong>prmbabere</strong></span> <span class='ocrx_word' id='word_1_775' title='bbox 2497 4861 2830 4930; x_wconf 81' lang='lat' dir='ltr'><strong>quibuslibet</strong></span> <span class='ocrx_word' id='word_1_776' title='bbox 2862 4862 3026 4916; x_wconf 89' lang='lat' dir='ltr'><strong>rebus</strong></span> <span class='ocrx_word' id='word_1_777' title='bbox 3075 4861 3267 4916; x_wconf 83' lang='lat' dir='ltr'><strong>debeat</strong></span> <span class='ocrx_word' id='word_1_778' title='bbox 3291 4871 3521 4918; x_wconf 80' lang='lat' dir='ltr'><strong>statum</strong></span> <span class='ocrx_word' id='word_1_779' title='bbox 3558 4862 3760 4917; x_wconf 62' lang='lat' dir='ltr'><strong>anima</strong></span> 
     </span>
    </p>
   </div>
   <div class='ocr_carea' id='block_1_105' title="bbox 2157 4950 3760 5022">
    <p class='ocr_par' dir='ltr' id='par_1_105' title="bbox 2157 4950 3760 5022">
     <span class='ocr_line' id='line_1_105' title="bbox 2157 4950 3760 5022; baseline -0.004 -13"><span class='ocrx_word' id='word_1_780' title='bbox 2157 4969 2220 5009; x_wconf 88' lang='lat' dir='ltr'><strong>ae</strong></span> <span class='ocrx_word' id='word_1_781' title='bbox 2246 4953 2440 5008; x_wconf 85' lang='lat' dir='ltr'><strong>salutis</strong></span> <span class='ocrx_word' id='word_1_782' title='bbox 2473 4962 2693 5007; x_wconf 66' lang='lat' dir='ltr'><strong>aeternae</strong></span> <span class='ocrx_word' id='word_1_783' title='bbox 2740 4953 3003 5007; x_wconf 86' lang='lat' dir='ltr'><strong>rationes.</strong></span> <span class='ocrx_word' id='word_1_784' title='bbox 3040 4950 3137 5006; x_wconf 82' lang='lat' dir='ltr'><strong>His</strong></span> <span class='ocrx_word' id='word_1_785' title='bbox 3183 4952 3504 5022; x_wconf 85' lang='lat' dir='ltr'><strong>imperator</strong></span> <span class='ocrx_word' id='word_1_786' title='bbox 3554 4950 3760 5007; x_wconf 83' lang='lat' dir='ltr'><strong>auditis</strong></span> 
     </span>
    </p>
   </div>
   <div class='ocr_carea' id='block_1_106' title="bbox 2156 5043 3759 5115">
    <p class='ocr_par' dir='ltr' id='par_1_106' title="bbox 2156 5043 3759 5115">
     <span class='ocr_line' id='line_1_106' title="bbox 2156 5043 3759 5115; baseline -0.004 -14"><span class='ocrx_word' id='word_1_787' title='bbox 2156 5046 2299 5101; x_wconf 91' lang='lat' dir='ltr'><strong>baud</strong></span> <span class='ocrx_word' id='word_1_788' title='bbox 2324 5061 2513 5115; x_wconf 87' lang='lat' dir='ltr'><strong>parum</strong></span> <span class='ocrx_word' id='word_1_789' title='bbox 2548 5046 2909 5100; x_wconf 88' lang='lat' dir='ltr'><strong>conturbatus</strong></span> <span class='ocrx_word' id='word_1_790' title='bbox 2950 5043 3020 5098; x_wconf 85' lang='lat' dir='ltr'><strong>ad</strong></span> <span class='ocrx_word' id='word_1_791' title='bbox 3051 5044 3440 5113; x_wconf 82' lang='lat' dir='ltr'><strong>patriarcbam</strong></span> <span class='ocrx_word' id='word_1_792' title='bbox 3490 5043 3759 5109; x_wconf 85' lang='lat' dir='ltr'><strong>accurrit,</strong></span> 
     </span>
    </p>
   </div>
   <div class='ocr_carea' id='block_1_107' title="bbox 2157 5132 3760 5210">
    <p class='ocr_par' dir='ltr' id='par_1_107' title="bbox 2157 5132 3760 5210">
     <span class='ocr_line' id='line_1_107' title="bbox 2157 5132 3760 5210; baseline -0.004 -16"><span class='ocrx_word' id='word_1_793' title='bbox 2157 5139 2317 5210; x_wconf 69' lang='lat'><strong>251</strong></span> <span class='ocrx_word' id='word_1_794' title='bbox 2358 5138 2623 5208; x_wconf 87' lang='lat' dir='ltr'><strong>lectisque</strong></span> <span class='ocrx_word' id='word_1_795' title='bbox 2657 5139 2876 5204; x_wconf 88' lang='lat' dir='ltr'><strong>libellis,</strong></span> <span class='ocrx_word' id='word_1_796' title='bbox 2907 5146 2962 5192; x_wconf 87' lang='lat' dir='ltr'><strong>et</strong></span> <span class='ocrx_word' id='word_1_797' title='bbox 3008 5137 3103 5191; x_wconf 90' lang='lat' dir='ltr'><strong>ubi</strong></span> <span class='ocrx_word' id='word_1_798' title='bbox 3135 5150 3320 5205; x_wconf 88' lang='lat' dir='ltr'><strong>quove</strong></span> <span class='ocrx_word' id='word_1_799' title='bbox 3370 5152 3514 5192; x_wconf 86' lang='lat' dir='ltr'><strong>casu</strong></span> <span class='ocrx_word' id='word_1_800' title='bbox 3553 5132 3760 5205; x_wconf 86' lang='lat' dir='ltr'><strong>reperti</strong></span> 
     </span>
    </p>
   </div>
   <div class='ocr_carea' id='block_1_108' title="bbox 2160 5227 3763 5302">
    <p class='ocr_par' dir='ltr' id='par_1_108' title="bbox 2160 5227 3763 5302">
     <span class='ocr_line' id='line_1_108' title="bbox 2160 5227 3763 5302; baseline -0.004 -16"><span class='ocrx_word' id='word_1_801' title='bbox 2160 5233 2395 5289; x_wconf 79' lang='lat' dir='ltr'><strong>fuissent</strong></span> <span class='ocrx_word' id='word_1_802' title='bbox 2420 5232 2666 5302; x_wconf 82' lang='lat' dir='ltr'><strong>cognito,</strong></span> <span class='ocrx_word' id='word_1_803' title='bbox 2695 5230 3224 5300; x_wconf 80' lang='lat' dir='ltr'><strong>disquirebatanxio</strong></span> <span class='ocrx_word' id='word_1_804' title='bbox 3251 5227 3600 5298; x_wconf 88' lang='lat' dir='ltr'><strong>incertoque</strong></span> <span class='ocrx_word' id='word_1_805' title='bbox 3626 5242 3763 5282; x_wconf 54' lang='lat' dir='ltr'><strong>cond</strong></span> 
     </span>
    </p>
   </div>
   <div class='ocr_carea' id='block_1_109' title="bbox 2158 5318 3762 5392">
    <p class='ocr_par' dir='ltr' id='par_1_109' title="bbox 2158 5318 3762 5392">
     <span class='ocr_line' id='line_1_109' title="bbox 2158 5318 3762 5392; baseline -0.002 -15"><span class='ocrx_word' id='word_1_806' title='bbox 2158 5321 2264 5377; x_wconf 81' lang='lat' dir='ltr'><strong>silii</strong></span> <span class='ocrx_word' id='word_1_807' title='bbox 2301 5326 2486 5377; x_wconf 88' lang='lat' dir='ltr'><strong>animo</strong></span> <span class='ocrx_word' id='word_1_808' title='bbox 2519 5338 2684 5392; x_wconf 89' lang='lat' dir='ltr'><strong>quem</strong></span> <span class='ocrx_word' id='word_1_809' title='bbox 2725 5322 2891 5377; x_wconf 85' lang='lat' dir='ltr'><strong>iniret</strong></span> <span class='ocrx_word' id='word_1_810' title='bbox 2931 5323 3155 5377; x_wconf 89' lang='lat' dir='ltr'><strong>modum</strong></span> <span class='ocrx_word' id='word_1_811' title='bbox 3181 5321 3270 5376; x_wconf 83' lang='lat' dir='ltr'><strong>bis</strong></span> <span class='ocrx_word' id='word_1_812' title='bbox 3304 5335 3442 5377; x_wconf 84' lang='lat' dir='ltr'><strong>sese</strong></span> <span class='ocrx_word' id='word_1_813' title='bbox 3480 5318 3762 5390; x_wconf 74' lang='lat' dir='ltr'><strong>angustiis</strong></span> 
     </span>
    </p>
   </div>
   <div class='ocr_carea' id='block_1_110' title="bbox 2158 5402 3764 5487">
    <p class='ocr_par' dir='ltr' id='par_1_110' title="bbox 2158 5402 3764 5487">
     <span class='ocr_line' id='line_1_110' title="bbox 2158 5402 3764 5487; baseline -0.006 -15"><span class='ocrx_word' id='word_1_814' title='bbox 2158 5402 2493 5487; x_wconf 74' lang='lat' dir='ltr'><strong>explicandi.</strong></span> <span class='ocrx_word' id='word_1_815' title='bbox 2542 5414 2678 5471; x_wconf 83' lang='lat' dir='ltr'><strong>Nam</strong></span> <span class='ocrx_word' id='word_1_816' title='bbox 2738 5430 3025 5471; x_wconf 87' lang='lat' dir='ltr'><strong>recurrere</strong></span> <span class='ocrx_word' id='word_1_817' title='bbox 3067 5415 3135 5470; x_wconf 82' lang='lat' dir='ltr'><strong>ad</strong></span> <span class='ocrx_word' id='word_1_818' title='bbox 3191 5414 3657 5484; x_wconf 75' lang='lat' dir='ltr'><strong>erpatriarcbam</strong></span> <span class='ocrx_word' id='word_1_819' title='bbox 3710 5416 3764 5464; x_wconf 85' lang='lat' dir='ltr'><strong>et</strong></span> 
     </span>
    </p>
   </div>
   <div class='ocr_carea' id='block_1_111' title="bbox 2160 5505 3762 5568">
    <p class='ocr_par' dir='ltr' id='par_1_111' title="bbox 2160 5505 3762 5568">
     <span class='ocr_line' id='line_1_111' title="bbox 2160 5505 3762 5568; baseline -0.006 -5"><span class='ocrx_word' id='word_1_820' title='bbox 2160 5523 2374 5563; x_wconf 86' lang='lat' dir='ltr'><strong>merum</strong></span> <span class='ocrx_word' id='word_1_821' title='bbox 2410 5522 2557 5563; x_wconf 86' lang='lat' dir='ltr'><strong>nunc</strong></span> <span class='ocrx_word' id='word_1_822' title='bbox 2594 5507 2925 5562; x_wconf 84' lang='lat' dir='ltr'><strong>monachum</strong></span> <span class='ocrx_word' id='word_1_823' title='bbox 2962 5506 3359 5568; x_wconf 75' lang='lat' dir='ltr'><strong>Athanasium,</strong></span> <span class='ocrx_word' id='word_1_824' title='bbox 3402 5515 3469 5560; x_wconf 88' lang='lat' dir='ltr'><strong>ut</strong></span> <span class='ocrx_word' id='word_1_825' title='bbox 3518 5505 3762 5561; x_wconf 85' lang='lat' dir='ltr'><strong>solveret</strong></span> 
     </span>
    </p>
   </div>
   <div class='ocr_carea' id='block_1_112' title="bbox 2160 5598 3763 5671">
    <p class='ocr_par' dir='ltr' id='par_1_112' title="bbox 2160 5598 3763 5671">
     <span class='ocr_line' id='line_1_112' title="bbox 2160 5598 3763 5671; baseline -0.003 -18"><span class='ocrx_word' id='word_1_826' title='bbox 2160 5600 2306 5670; x_wconf 88' lang='lat' dir='ltr'><strong>quod</strong></span> <span class='ocrx_word' id='word_1_827' title='bbox 2338 5600 2453 5671; x_wconf 87' lang='lat' dir='ltr'><strong>ipse</strong></span> <span class='ocrx_word' id='word_1_828' title='bbox 2485 5600 2616 5655; x_wconf 87' lang='lat' dir='ltr'><strong>dum</strong></span> <span class='ocrx_word' id='word_1_829' title='bbox 2652 5611 2798 5657; x_wconf 86' lang='lat' dir='ltr'><strong>esset</strong></span> <span class='ocrx_word' id='word_1_830' title='bbox 2844 5601 2899 5654; x_wconf 89' lang='lat' dir='ltr'><strong>in</strong></span> <span class='ocrx_word' id='word_1_831' title='bbox 2931 5600 3200 5671; x_wconf 75' lang='lat' dir='ltr'><strong>dignitate</strong></span> <span class='ocrx_word' id='word_1_832' title='bbox 3233 5598 3587 5659; x_wconf 83' lang='lat' dir='ltr'><strong>nodaverat,</strong></span> <span class='ocrx_word' id='word_1_833' title='bbox 3623 5609 3763 5667; x_wconf 69' lang='lat' dir='ltr'><strong>pra:-</strong></span> 
     </span>
    </p>
   </div>
   <div class='ocr_carea' id='block_1_113' title="bbox 2161 5690 3765 5761">
    <p class='ocr_par' dir='ltr' id='par_1_113' title="bbox 2161 5690 3765 5761">
     <span class='ocr_line' id='line_1_113' title="bbox 2161 5690 3765 5761; baseline -0.006 -15"><span class='ocrx_word' id='word_1_834' title='bbox 2161 5699 2244 5746; x_wconf 89' lang='lat' dir='ltr'><strong>ter</strong></span> <span class='ocrx_word' id='word_1_835' title='bbox 2283 5702 2536 5747; x_wconf 70' lang='lat' dir='ltr'><strong>caeteram</strong></span> <span class='ocrx_word' id='word_1_836' title='bbox 2575 5692 3157 5761; x_wconf 84' lang='lat' dir='ltr'><strong>intempestivitatem,</strong></span> <span class='ocrx_word' id='word_1_837' title='bbox 3200 5691 3379 5747; x_wconf 84' lang='lat' dir='ltr'><strong>etiam</strong></span> <span class='ocrx_word' id='word_1_838' title='bbox 3429 5690 3639 5746; x_wconf 88' lang='lat' dir='ltr'><strong>inutile</strong></span> <span class='ocrx_word' id='word_1_839' title='bbox 3670 5701 3765 5738; x_wconf 76' lang='lat' dir='ltr'><strong>va-</strong></span> 
     </span>
    </p>
   </div>
   <div class='ocr_carea' id='block_1_114' title="bbox 2162 5773 3760 5851">
    <p class='ocr_par' dir='ltr' id='par_1_114' title="bbox 2162 5773 3760 5851">
     <span class='ocr_line' id='line_1_114' title="bbox 2162 5773 3760 5851; baseline -0.004 -15"><span class='ocrx_word' id='word_1_840' title='bbox 2162 5797 2404 5850; x_wconf 86' lang='lat' dir='ltr'><strong>numque</strong></span> <span class='ocrx_word' id='word_1_841' title='bbox 2435 5780 2747 5845; x_wconf 85' lang='lat' dir='ltr'><strong>videbatur,</strong></span> <span class='ocrx_word' id='word_1_842' title='bbox 2779 5781 3071 5838; x_wconf 88' lang='lat' dir='ltr'><strong>deficiente</strong></span> <span class='ocrx_word' id='word_1_843' title='bbox 3107 5782 3220 5851; x_wconf 90' lang='lat' dir='ltr'><strong>jam</strong></span> <span class='ocrx_word' id='word_1_844' title='bbox 3258 5781 3317 5834; x_wconf 90' lang='lat' dir='ltr'><strong>in</strong></span> <span class='ocrx_word' id='word_1_845' title='bbox 3358 5781 3487 5849; x_wconf 86' lang='lat' dir='ltr'><strong>ipso</strong></span> <span class='ocrx_word' id='word_1_846' title='bbox 3516 5779 3584 5835; x_wconf 87' lang='lat' dir='ltr'><strong>ad</strong></span> <span class='ocrx_word' id='word_1_847' title='bbox 3612 5773 3760 5831; x_wconf 88' lang='lat' dir='ltr'><strong>istud</strong></span> 
     </span>
    </p>
   </div>
   <div class='ocr_carea' id='block_1_115' title="bbox 2163 5867 3761 5943">
    <p class='ocr_par' dir='ltr' id='par_1_115' title="bbox 2163 5867 3761 5943">
     <span class='ocr_line' id='line_1_115' title="bbox 2163 5867 3761 5943; baseline -0.005 -16"><span class='ocrx_word' id='word_1_848' title='bbox 2163 5879 2452 5941; x_wconf 78' lang='lat' dir='ltr'><strong>potestate.</strong></span> <span class='ocrx_word' id='word_1_849' title='bbox 2496 5871 2815 5927; x_wconf 83' lang='lat' dir='ltr'><strong>Accersitus</strong></span> <span class='ocrx_word' id='word_1_850' title='bbox 2854 5887 2987 5943; x_wconf 87' lang='lat' dir='ltr'><strong>ergo</strong></span> <span class='ocrx_word' id='word_1_851' title='bbox 3034 5872 3195 5943; x_wconf 86' lang='lat' dir='ltr'><strong>jussu</strong></span> <span class='ocrx_word' id='word_1_852' title='bbox 3240 5871 3495 5942; x_wconf 78' lang='lat' dir='ltr'><strong>Augusti</strong></span> <span class='ocrx_word' id='word_1_853' title='bbox 3560 5867 3761 5939; x_wconf 85' lang='lat' dir='ltr'><strong>raptim</strong></span> 
     </span>
    </p>
   </div>
  </div>
