4018 6440
276 389 378 455 277

1126 399 1228 459 DE
1269 399 1712 472 ANDRONICO
1747 408 2217 477 PALEOLOGO
2237 412 2383 476 LIB.
2424 413 2545 476 III‘.

3402 404 3517 468 278’
3529 416 3544 425 "

276 507 456 560 νάσιον
493 507 679 563 δέοντα
710 510 898 580 ἀξιοῦν
952 512 1344 570 ίδιωτεύσαντα
1374 518 1524 572 λύειν
1553 518 1652 591 οὐχ
1690 521 1840 592 εύρι-
1868 525 1916 582 Α
1938 525 2032 579 τὸν
2065 528 2274 583 ἐκεῖνον
2325 529 2764 598 καταγινώσκειν
2826 527 2927 598 τῆς
2993 521 3269 595 πράξεως.
3323 511 3434 582 Ἧς
3467 519 3532 586 δὴ

275 608 400 651 σκον
437 598 728 673 αὔταρκες.
766 602 929 657 Ὅθεν
959 605 1053 659 καὶ
1079 606 1398 679 συνέρχεται
1435 608 1534 680 μὲν
1566 609 1750 679 σφίσιν
1779 614 1846 666 ὲκ

275 689 591 761 ηοσταγῆς
644 691 674 745 ὁ
746 693 1176 766 Ἀλεξανδρείας,
1221 699 1546 770 συνέρχεται
1576 700 1634 755 δὲ
1665 700 1695 754 ὁ
1746 702 1848 773 τῆς

284 775 507 847 Ἐφέσου
557 782 832 857 Ἰωάννης,
897 785 1075 853 οὕτως
1108 789 1294 862 ἀργῶς
1347 792 1446 863 τῆς
1482 793 1649 865 τιμῆς
1680 793 1845 864 ἔχων,

272 876 509 944 συνῆσαν
546 875 603 929 δὲ
637 876 873 934 καὶτῶν
926 879 1232 951 ἀρχιερέων
1283 883 1333 935 οί
1384 883 1845 954 παρευρεθέντες,

268 969 364 1020 καὶ
399 970 553 1037 κοινῇ
610 968 800 1039 σκέψει
835 971 896 1023 τὸ
932 972 1168 1043 πρᾶγμα
1214 973 1482 1028 ἐδίδοσαν.
1509 975 1723 1036 Κοινῶς
1753 975 1848 1029 οὖν

268 1059 640 1128 κατεστύγουν
660 1061 922 1126 ἅπαντες,
941 1062 1039 1116 καὶ
1061 1064 1159 1135 τῆς
1177 1062 1431 1134 πράξεως
1451 1065 1544 1119 τὸν
1564 1065 1848 1136 πράξαντα

268 1147 328 1200 ἐν
352 1150 414 1203 οὖ
450 1151 646 1215 καλαῖς
687 1153 969 1218 ὑπονοίαις
999 1150 1134 1225 ἦγον
1158 1170 1172 1188 ⁸
1221 1156 1282 1208 ού
1315 1157 1425 1225 γὰρ
1458 1157 1588 1211 ἀλλο
1620 1175 1698 1222 τι,
1731 1156 1847 1212 ἀλλ’

269 1240 451 1312 ἑαυτῷ
503 1245 596 1296 καὶ
652 1244 816 1300 πάλιν
869 1248 1173 1315 περιποιεῖν
1219 1247 1320 1319 τὴν
1369 1247 1554 1320 τιμὴν,
1586 1248 1846 1316 ἀφύκτως

246 1332 412 1401 ,οὕτω
446 1337 540 1389 καὶ
568 1335 743 1401 ταῦτα
788 1334 847 1391 ὃν
897 1338 998 1391 οὐκ
1030 1338 1197 1409 ἐχρῆν
1246 1338 1575 1409 δεσμοῦντα.
1606 1341 1756 1402 Τέως
1785 1357 1847 1409 γε

268 1425 456 1494 μέντοι
488 1428 597 1490 τοῖς
627 1427 728 1497 μὲν
776 1429 953 1483 ἐδόκει
1000 1430 1162 1485 αὑτὸν
1217 1429 1404 1495 ἀξιοῦν
1432 1430 1604 1497 λύειν,
1638 1433 1754 1495 τοῖς
1790 1431 1848 1487 δὲ

265 1515 386 1569 ἀλλ’
412 1517 648 1573 ἀδύνατα
679 1521 864 1587 ἀξιοῦν
893 1524 986 1575 καὶ
1025 1523 1203 1587 ἄλλως
1255 1524 1532 1595 ἀπᾴδοντα
1576 1526 1848 1594 κατεφαί-

265 1626 415 1676 νετο,
445 1611 607 1681 εἴπερ
635 1611 854 1683 ἰδιώτης
877 1613 952 1667 ῶν
976 1614 1068 1668 καὶ
1094 1614 1198 1684 τῆς
1241 1615 1518 1686 ίερατείας
1551 1633 1847 1688 γεγυμνω-

270 1700 435 1768 μένος
460 1702 632 1756 ἀλυτα
665 1703 784 1756 λύοι
806 1722 821 1735 ·
853 1704 948 1758 τοῦ
984 1705 1095 1776 γὰρ
1128 1699 1273 1759 εἶναι
1299 1709 1393 1760 καὶ
1421 1707 1481 1760 τὸ
1517 1706 1741 1777 σκέμμα
1769 1706 1846 1779 τῷ

266 1795 609 1862 πεπραγότι.
665 1795 767 1849 Διά
815 1796 986 1851 ταῦτα
1016 1798 1230 1868 ἑτέροις
1263 1798 1464 1862 ἐδόκει,
1518 1801 1613 1852 καὶ
1646 1800 1847 1871 μᾶλλον

264 1882 377 1944 τοῖς
408 1881 691 1952 ἀκριϐέσι,
724 1885 870 1955 ’μηδ’
924 1863 1272 1951 ἀξιοῦννόλως
1325 1887 1468 1940 κατά
1502 1863 1678 1955 λύσιν,
1711 1889 1847 1943 ἀλλὰ
1881 1863 1922 1917 Β

265 1974 483 2045 κρίνειν
517 1976 668 2039 ὅπως
702 1977 760 2028 ὲν
791 1976 974 2049 ἀδήλῳ
1006 1978 1075 2032 τὰ
1108 1978 1313 2050 φρικτὰ
1348 1980 1600 2050 πράξειε,
1632 1983 1728 2036 καὶ
1767 1984 1847 2046 είς

265 2062 573 2131 ἀπολογίαν
599 2064 860 2134 καθιστᾷν
897 2066 1003 2117 ύπδ
1049 2064 1349 2136 Ῥωμαίοις
1378 2068 1545 2120 πᾶσιν
1567 2068 1717 2130 ὅπως
1755 2067 1849 2120 καὶ

265 2155 449 2219 ποίοις
496 2156 722 2211 κανόσιν
780 2157 1045 2226 ἑπόμενος
1097 2157 1423 2230 ἀνθρώπους
1486 2160 1849 2230 Χριστιανοὺς

267 2248 556 2320 ἀφορίσειε
588 2249 757 2320 μηδὲν
779 2250 1170 2319 γινώσκοντας,
1199 2238 1294 2305 καὶ
1322 2251 1468 2307 οὕτω
1502 2252 1732 2324 συνελᾷν
1755 2253 1852 2307 αύ-

271 2425 789 2482 estAlexandrinus
814 2428 1123 2494 patriarcha
1147 2444 1163 2495 ;
1197 2437 1426 2485 vocatus
1449 2430 1656 2500 pariter
1678 2431 1856 2502 Ephe-

268 2519 427 2572 sinus
458 2516 726 2582 Joannes,
757 2519 885 2573 licet
913 2519 1050 2573 citra
1081 2535 1241 2575 usum
1274 2520 1607 2590 pontiﬁcalis
1644 2523 1699 2576 in
1732 2538 1851 2577 eam

270 2607 579 2664 Ecclesiam
611 2611 990 2675 auCtoritatis,
1020 2610 1179 2666 titulo
1212 2610 1480 2667 duntaxat
1512 2624 1672 2669 tenus
1705 2623 1853 2670 esset

277 2703 603 2770 episcopus.
639 2700 837 2756 Caeteri
872 2717 1113 2772 quoque,
1148 2711 1420 2774 quotquot
1454 2704 1598 2760 forte
1632 2715 1764 2761 tunc
1799 2708 1854 2761 in

277 2795 416 2848 urbe
447 2794 868 2862 reperiebantur
897 2794 1201 2861 antistites,
1232 2796 1406 2866 rogati
1438 2798 1695 2851 similiter
1719 2813 1856 2852 con-

282 2892 605 2939 currerunt.
635 2883 696 2937 lii
723 2884 1121 2939 deliberatione
1148 2887 1514 2940 communiter
1540 2886 1672 2942 inita
1695 2902 1858 2957 super

288 2979 503 3046 negotio
534 2978 825 3048 proposito
866 2978 1104 3049 primum
1139 2992 1337 3047 magno
1369 2993 1643 3034 consensu
1704 2981 1857 3035 dete-

290 3069 567 3123 stabantur
595 3067 828 3131 factum,
867 3076 922 3123 et
960 3068 1088 3124 facti
1121 3078 1405 3124 auctorem
1437 3069 1676 3141 graviter
1702 3072 1859 3125 iucu-

1950 620 2430 693 καταγνωσθείσης
2465 621 2554 694 [Ρ.
2584 619 2707 693 171]
2740 618 2834 673 καὶ
2863 616 2992 688 παρ’
3024 615 3515 681 ὲκείνου,προκατ-

1948 711 2294 780 εγνωσμένον
2342 712 2562 776 πάντως
2585 712 2806 783 καὶτοῖς
2823 709 2923 780 τῆς
2939 705 3269 777 Ἐκκλησίας
3289 699 3505 766 κανόσι,

1951 800 2027 872 μὴ
2051 801 2208 855 λύσιν
2235 804 2402 876 ἀλλην
2427 805 2642 875 ζητεῖν·
2671 803 2740 859 τὰ
2764 801 2875 873 γὰρ
2903 799 3132 862 δικαίως
3160 796 3256 852 καὶ
3278 794 3384 851 ύπδ
3415 810 3514 848 κα·-

1949 892 2066 946 νόσι
2101 893 2386 964 δεδεμένα,
2438 896 2624 950 ἐκεῖνα
2671 896 2766 950 καὶ
2817 891 3042 948 λύεσθαι
3080 887 3218 944 εἶναι
3252 884 3523 956 ἀνάγκην,

1946 983 2017 1039 τά
2046 984 2093 1038 δ’
2118 984 2178 1050 ἐξ
2204 986 2383 1058 ἀρχῆς
2415 988 2770 1042 ἀνυπόστατα
2824 984 3025 1056 μόχθον
3060 979 3319 1051 περιττὸν
3353 978 3532 1041 ἄλλως

1947 1070 2086 1128 εἶναι
2112 1077 2206 1128 καὶ
2237 1077 2422 1147 ζητεῖν
2455 1077 2704 1132 λύεσθαι.
2736 1078 2802 1132 El
2835 1076 2881 1130 δ’
2907 1074 3023 1142 οὖν,
3055 1073 3170 1126 ἀλλ’
3200 1071 3403 1126 αὐτίκα
3434 1071 3535 1123 καὶ

1950 1167 2299 1238 πατριάρχην
2330 1162 2473 1222 εἶναι
2502 1169 2597 1222 καὶ
2629 1168 2846 1222 σύνοδον
2870 1168 2950 1229 είς
2972 1165 3128 1217 λύσιν
3157 1165 3256 1235 τὴν
3282 1162 3391 1216 ἀπὸ
3417 1158 3529 1214 τῶν

1948 1258 2193 1311 κανόνων
2222 1260 2442 1314 δικαίαν
2480 1259 2855 1326 ἀξιοπίστους.
2911 1258 3089 1313 Αύτδν
3118 1256 3175 1310 δὲ
3202 1256 3298 1309 καὶ
3329 1253 3534 1324 μᾶλλον

1949 1347 2043 1400 ὑπ’
2081 1348 2266 1415 αἰτίας
2313 1350 2529 1415 δικαίας
2561 1350 2800 1421 ἀχθέντα
2845 1348 3151 1408 κανονικῶς
3179 1343 3551 1400 εὐθύνεσθαιν

1948 1437 2020 1491 Τὸ
2042 1440 2149 1508 γὰρ
2183 1440 2377 1493 ἑαυτὸν
2402 1442 2656 1511 συνιστᾷν
2688 1437 3063 1509 ὑπονοηθέντα
3096 1437 3163 1490 τὰ
3189 1435 3443 1505 χείριστα
3474 1433 3552 1485 ὲνν

1947 1527 2130 1599 ὅρκοις
2153 1546 2211 1581 τε
2239 1528 2333 1582 καλ⁵
2364 1531 2523 1600 ἀραῖς
2548 1533 2667 1594 ταῖς
2686 1528 2807 1583 καθ’
2827 1526 3021 1594 αὐτοῦ,
3037 1527 3158 1580 τίνα
3184 1526 3341 1593 λόγον
3366 1523 3536 1593 ἔχειν,

1947 1618 2106 1690 εἴπερ
2151 1621 2245 1673 καὶ
2266 1621 2413 1674 τοῦθ’
2440 1620 2625 1674 ίκανδν
2645 1622 2724 1684 εἰς
2751 1619 2967 1673 τελείαν
2992 1620 3101 1672 τῶν
3144 1616 3310 1685 ὲγκλη
3346 1615 3536 1684 μάτων

1949 1709 2270 1780 ἀποφυγήνς
2308 1712 2421 1764 υύκ
2447 1711 2669 1781 ὀμνύειν
2700 1711 2829 1781 γὰρ,
2855 1710 2970 1763 ἀλλ’
3003 1707 3402 1780 ἀποτρίϐεσθαι
3435 1706 3537 1776 τὴν

1952 1801 2288 1870 κατηγορίαν
2326 1802 2415 1857 διὰ
2448 1802 2658 1856 πιστῶν
2685 1803 3087 1873 παραστάσεων
3109 1800 3350 1869 εὖ).ογον.
3389 1799 3462 1851 Τὸ
3479 1798 3537 1850 δὲ

1946 1891 2073 1953 τοὺς
2098 1892 2456 1957 κατειπόντας
2484 1894 2516 1964 ἢ
2541 1894 2666 1955 τοὺς
2696 1891 3182 1963 συναρπασθέντας
3208 1892 3369 1960 ἀραῖς
3400 1890 3537 1942 ὑπο-

1948 1980 2162 2034 ϐάλλειν
2186 1981 2290 2036 ποῦ
2315 1983 2523 2038 δίκαιον
2540 1984 2632 2036 καὶ
2654 1984 2788 2046 ὅλως
2807 1982 3089 2036 κανονικὸν
3112 1982 3206 2034 καὶ
3226 1980 3334 2034 τῶν
3356 1981 3540 2049 νόμων

1948 2075 2046 2145 τῆς
2084 2073 2445 2146 Ἐκκλησίας;
2482 2076 2741 2139 Βασιλεὺς
2782 2075 2838 2129 δὲ
2889 2073 3197 2144 σοφώτερόν
3242 2091 3296 2126 τι
3342 2071 3538 2133 ποιῶν,

1950 2165 2026 2229 ὡς
2080 2164 2260 2219 ἐδόκει
2326 2167 2420 2220 καὶ
2474 2167 2562 2220 ἀεὶ
2618 2170 2717 2230 τὰς
2777 2169 2836 2231 ἐς
2898 2167 3125 2237 εἰρήνην
3192 2163 3537 2235 αἱρούμενος,

1953 2255 2304 2310 συνεϐούλευε
2350 2259 2594 2327 πέμπειν
2646 2259 2743 2312 καὶ
2781 2258 2994 2330 ἐρωτᾷν
3040 2255 3386 2324 Ἀθανάτων,
3434 2257 3536 2309 καὶ¹

1953 2439 2593 2497 excommunicationum
2667 2439 2828 2504 diris,
2908 2438 3249 2493 clanculario
3316 2437 3542 2506 scripto-

1956 2531 2295 2588 tentaverit?
2318 2531 2538 2587 Auditis
2568 2529 2765 2585 deinde
2792 2545 2913 2600 quae
2944 2530 3033 2584 ille
3078 2529 3450 2599 respondebit,
3483 2535 3551 2582 et:

1958 2624 2100 2695 quod
2129 2623 2363 2689 allegare
2388 2622 2523 2676 nihil
2550 2622 2653 2676 nisi
2683 2619 2937 2675 frivolum
2965 2622 3185 2690 poterit,
3216 2619 3378 2675 facile
3412 2635 3537 2674 mox

1959 2715 2270 2783 redargutis
2300 2728 2365 2768 ac
2389 2714 2684 2779 convictis,
2717 2714 2823 2766 rite
2851 2712 3031 2782 ipsum
3053 2711 3535 2766 condemnandum

1959 2803 2029 2857 ad
2067 2802 2352 2858 latendum
2392 2803 2445 2857 in
2484 2801 2704 2870 publico
2743 2810 3014 2856 conventu
3054 2800 3424 2855 Romanorum
3470 2814 3538 2858 se

1960 2910 2245 2966 perperam
2292 2900 2347 2948 et
2393 2894 2535 2948 ultra
2571 2908 2734 2964 quam
2799 2892 3074 2948 debuerat
3117 2900 3212 2947 aut
3262 2902 3538 2962 potuerat,

1961 2986 2092 3040 dum
2125 2986 2217 3040 illa
2263 2985 2550 3051 scriberet,
2606 2984 2812 3055 egisse.
2847 2982 2989 3037 Hinc
3029 2998 3222 3038 omnes
3246 2998 3344 3052 pro
3378 2983 3542 3053 plane

1961 3077 2271 3133 l‘rustraneo
2299 3086 2353 3133 et
2375 3077 2580 3132 nullius
2613 3076 2831 3132 roboris
2861 3075 3141 3132 habebunt
3173 3074 3225 3130 id
3247 3075 3390 3146 quod
3425 3076 3544 3147 ipse

284 3161 503 3223 sabant,
553 3160 713 3215 malae
763 3161 963 3217 mentis
1009 3161 1284 3216 exstantia
1339 3160 1410 3215 iis
1459 3161 1774 3218 scribendis
1804 3170 1929 3257 etC
1963 3170 2055 3241 qui
2107 3170 2258 3235 fecit,
2311 3184 2371 3225 se
2419 3179 2612 3224 contra
2662 3169 2771 3235 las,
2814 3169 2934 3226 sine
2975 3167 3216 3238 legitima
3270 3177 3542 3237 potestate

277 3251 692 3308 abscondendis
724 3251 933 3306 chartis
956 3250 1163 3307 indicia
1192 3252 1479 3307 trahentes
1510 3254 1574 3307 ad
1607 3255 1767 3307 laevas
1790 3253 1858 3308 de

275 3344 401 3415 ipso
447 3344 825 3414 suspiciones,
858 3342 1015 3413 quasi
1052 3343 1291 3398 artiﬁcio
1326 3343 1434 3399 isto
1480 3343 1684 3414 ligandi
1737 3360 1861 3416 quae

272 3451 443 3493 nemo
474 3447 679 3508 prater
706 3438 885 3506 ipsum
920 3445 1106 3505 posset
1137 3437 1372 3500 solvere,
1401 3436 1686 3491 ambitioni
1728 3438 1863 3492 veli-

273 3529 477 3586 ﬁcatus
506 3530 767 3601 propriae,
807 3528 1195 3583 necessitatem
1242 3527 1523 3596 imponere
1554 3528 1862 3584 Studuissct

275 3625 363 3681 sui
414 3625 743 3681 restituendi
780 3624 834 3678 in
878 3638 1002 3678 eum
1044 3622 1190 3678 unde
1227 3622 1437 3677 invitus
1485 3624 1863 3680 descendisset

278 3719 564 3772 thronum.
602 3716 762 3773 Circa
790 3716 1168 3771 deﬁnitionem
1206 3715 1329 3785 ejus
1364 3717 1507 3784 quod
1540 3714 1683 3772 facto
1715 3725 1863 3773 esset

276 3812 549 3881 Optimum
574 3808 668 3864 illo
687 3809 922 3865 articulo
949 3821 1153 3873 rerum,
1174 3808 1396 3878 quidam
1423 3808 1861 3891 del‘quebautur

279 3903 626 3957 consulendo
689 3911 750 3958 ut
815 3903 1154 3957 Athanasius
1246 3901 1556 3957 libellorum
1626 3904 1864 3972 scriptor

285 3995 556 4059 adiretur,
590 3994 660 4049 ab
689 4008 865 4064 eoque
884 4001 1166 4065 peteretur
1199 3993 1472 4049 absciutio
1503 4008 1862 4048 censurarum

284 4084 341 4138 in
400 4084 470 4140 iis
529 4081 885 4138 indictarum.
932 4081 1029 4137 His
1081 4082 1172 4136 alii
1214 4084 1592 4154 repugnabant
1634 4090 1862 4137 conten-

279 4177 498 4243 dentes,
540 4186 909 4246 praeterquam
948 4176 1240 4241 absonum,
1299 4175 1466 4229 etiam
1528 4174 1743 4228 irritum
1807 4173 1861 4230 id

277 4269 403 4327 fore
434 4288 451 4325 :
482 4284 608 4323 nam
643 4276 699 4323 et
722 4284 849 4324 esse
880 4266 1277 4322 inconveniens
1304 4266 1614 4322 insidiatori
1653 4276 1858 4334 astuto,

277 4371 579 4433 postquam
623 4362 745 4431 ejus
801 4360 959 4417 dolos
1006 4360 1456 4429 deprehenderis,
1490 4360 1684 4415 fraude
1716 4375 1866 4430 quae-

277 4457 451 4510 situm
482 4455 627 4508 ultro
663 4455 908 4508 tribuere
950 4466 1268 4508 successum
1296 4468 1310 4519 ;
1349 4451 1493 4522 quod
1527 4452 1677 4508 ﬁeret
1711 4467 1859 4508 nunc

1965 3271 2266 3317 attentasse
2303 3261 2594 3317 confessus
2642 3262 2819 3331 palam
2872 3259 3062 3315 fuerit.
3114 3257 3273 3316 Unde
3324 3259 3543 3314 cunctis

1963 3355 2248 3424 apparebit
2269 3368 2378 3408 non
2405 3368 2526 3408 esse
2554 3369 2694 3424 opus
2722 3352 3069 3408 absolutione
3094 3352 3225 3419 ulla,
3262 3353 3537 3422 siquidem

1963 3462 2027 3502 ea
2071 3455 2283 3500 tantum
2334 3446 2603 3500 canonica
2635 3444 2908 3499 solutione
2957 3442 3226 3514 indigent,
3283 3459 3403 3513 quae
3437 3443 3543 3500 rite

1962 3549 2028 3590 ac
2052 3535 2318 3590 canonica
2375 3536 2702 3590 auctoritate
2739 3542 2866 3590 sunt
2905 3534 3088 3603 ligata.
3149 3533 3205 3590 Si
3245 3549 3353 3603 qua
3401 3550 3543 3605 prae-

1963 3624 2220 3680 damnata
2272 3625 2578 3680 canonihus
2629 3634 2682 3679 et
2731 3624 2799 3679 ab
2853 3624 3013 3680 initio
3066 3639 3226 3681 cassa
3273 3624 3545 3696 irritaque

1961 3715 2138 3771 fuisse
2170 3723 2410 3782 constat,
2444 3729 2508 3769 ea
2537 3730 2782 3786 quaerere
2806 3714 3274 3786 quemadmodum
3315 3716 3542 3771 solvan-

1963 3816 2076 3872 tur,
2106 3822 2551 3877 supcrvacaneus
2583 3808 2656 3862 sit
2695 3809 2867 3862 labor.
2906 3806 3052 3872 Quin
3084 3808 3166 3862 vel
3208 3809 3252 3862 si
3304 3807 3547 3879 tingatur,

1964 3901 2266 3970 periculum
2302 3899 2533 3955 subesse
2567 3898 2862 3970 quodpiam
2904 3915 2973 3955 ne
3003 3900 3186 3955 valida
3225 3900 3298 3955 sit
3329 3907 3385 3955 et
3415 3915 3544 3956 vere

1964 3992 2095 4061 liget
2127 3991 2631 4046 excommunicatio
2663 3992 2745 4046 sic
2780 3992 2911 4056 lata,
2948 4005 3050 4046 nec
3082 3991 3160 4047 sic
3191 3998 3374 4046 tamen
3400 4006 3540 4062 Opus

1965 4082 2129 4138 fuerit
2146 4083 2213 4138 ad
2233 4100 2355 4138 eum
2377 4098 2662 4139 recurrere
2680 4084 2774 4153 qui
2797 4084 3004 4150 tulerit,
3032 4087 3291 4154 quoniam
3317 4087 3543 4155 quando

1965 4177 2276 4244 patriarcha
2316 4187 2509 4232 contra
2563 4191 2803 4232 canones
2854 4183 3068 4246 peccat,
3115 4178 3541 4247 patriarchalem

1965 4268 2231 4321 adversus
2293 4281 2415 4321 eum
2471 4274 2796 4337 potestatem
2857 4267 3101 4338 synodus
3152 4268 3386 4335 obtinet,
3446 4271 3541 4326 cui

1962 4367 2249 4429 propterea
2281 4358 2374 4428 jus
2424 4358 2648 4429 plenum
2682 4359 2946 4429 competit
2987 4368 3101 4413 tum
3140 4361 3459 4418 absolvendi
3507 4377 3541 4418 a

1965 4451 2214 4506 censuris
2234 4461 2439 4506 temere
2471 4450 2537 4505 ab
2555 4466 2621 4506 eo
2657 4451 2801 4516 latis,
2837 4461 2952 4505 tum
2990 4452 3152 4506 etiam
3180 4453 3332 4507 illum
3360 4454 3432 4509 ob
3481 4455 3543 4511 id

278 4544 668 4601 conveniendo
696 4544 1021 4610 Athanasio,
1056 4558 1214 4612 quem
1250 4543 1371 4596 ideo
1404 4542 1541 4596 clam
1571 4544 1863 4613 scripsisse
1895 4541 1938 4597 D
1967 4542 2145 4612 ipsum
2193 4543 2457 4596 canonice
2509 4542 2792 4611 iudicandi
2852 4551 2905 4598 et
2967 4543 3144 4612 pmnis
3205 4545 3547 4615 subjiciendi‘

277 4632 385 4693 hos
434 4638 648 4692 libellos
694 4637 1082 4707 intelligimus,
1144 4646 1207 4688 ut
1239 4635 1415 4690 redire
1467 4646 1567 4691 nos
1615 4637 1680 4690 ad
1741 4652 1865 4693 sese

278 4737 532 4799 cogeret.
584 4738 638 4784 et
697 4729 782 4782 vel
835 4728 883 4782 si
932 4733 1201 4781 attriueret
1255 4726 1303 4780 is
1349 4727 1497 4795 quod
1550 4734 1861 4796 rogaretur,

278 4819 495 4877 frustra
527 4821 620 4875 ille
657 4827 916 4882 tentaret,
954 4833 1054 4873 nos
1090 4832 1228 4873 vane
1254 4819 1642 4888 jsperaremus,
1675 4818 1865 4888 utique

275 4932 409 4974 cum
465 4917 545 4972 sit
598 4915 965 4970 indubitatum
1020 4892 1234 4969 homini
1295 4913 1599 4984 pontiﬁcali
1658 4922 1864 4968 nudato

273 5015 587 5079 potesmte,
616 5009 843 5078 jamque
875 5022 1039 5078 supra
1072 5006 1346 5077 privatum
1379 5005 1684 5075 quemlibet
1723 5004 1862 5059 nihil

276 5100 541 5163 habenti,
586 5098 908 5154 facultatem
948 5114 1057 5153 non
1107 5098 1290 5154 inesse
1319 5098 1704 5153 solvendorum
1731 5111 1867 5151 ana.

277 5192 551 5247 thematis
577 5207 844 5246 nexuum.
876 5189 1105 5261 Propter
1130 5189 1245 5245 haec
1265 5190 1524 5253 aliorum,
1557 5198 1612 5244 et
1641 5189 1864 5261 quidem

278 5298 478 5339 eorum
517 5281 632 5338 fere
685 5285 777 5354 qui
805 5283 948 5353 juris
981 5285 1236 5339 canonici
1277 5284 1648 5339 consultiores
1711 5289 1872 5351 puta-

276 5377 509 5441 bantur,
558 5374 679 5429 lucc
706 5382 825 5429 erat
883 5373 1183 5439 sententia,
1236 5373 1369 5428 nihil
1421 5375 1476 5427 in
1524 5386 1767 5441 praesens
1801 5373 1866 5427 de

280 5464 565 5520 solutione
600 5462 967 5519 anathematis
992 5464 1323 5528 curandum,
1361 5463 1457 5516 sed
1484 5462 1764 5517 citandum
1799 5460 1867 5515 ad

280 5556 534 5613 tribunal
607 5556 866 5611 Ecclesiae
936 5555 1318 5618 Athanasium,
1382 5552 1566 5622 ibique
1634 5552 1701 5607 ab
1772 5552 1866 5607 illo

278 5649 687 5721 exquirendum
714 5646 893 5718 252
930 5662 1066 5717 quas
1097 5646 1166 5701 ob
1201 5658 1421 5709 causas,
1456 5643 1688 5715 etjuxta
1725 5658 1866 5713 quos

282 5759 553 5811 canones,
594 5742 934 5800 christianos
981 5739 1236 5795 homines
1268 5737 1430 5793 nullis
1467 5736 1630 5793 minis
1650 5739 1868 5807 praeviis

283 5832 597 5891 admonitos
631 5841 687 5888 et
729 5829 975 5885 funditus
1019 5829 1241 5901 ignaros
1283 5826 1494 5897 illigare
1528 5827 1867 5883 horribiliter

1967 4632 2198 4688 meritis.
2233 4634 2417 4704 Neque
2450 4636 2504 4688 in
2543 4635 2793 4704 subjecto
2827 4651 2954 4689 casu
2999 4635 3294 4707 quidquam
3345 4638 3546 4694 suifra-

1967 4723 2081 4791 gari
2116 4723 2420 4777 Athanasio
2453 4738 2615 4793 posse
2645 4724 2710 4777 ad
2743 4724 3085 4779 amoliendas
3112 4740 3142 4779 a
3188 4740 3273 4791 se,
3302 4741 3541 4795 quarum

1968 4827 2188 4867 causam
2214 4815 2416 4884 praebet
2437 4815 2669 4884 justam,
2692 4815 3037 4884 suspiciones
3072 4815 3363 4885 pessimas,
3393 4819 3541 4887 quod

1967 4902 2072 4959 sibi
2107 4905 2398 4971 horrenda,
2443 4906 2488 4961 si
2529 4906 2702 4970 fallat,
2740 4909 3050 4978 imprecans
3086 4910 3322 4964 alienum
3369 4926 3446 4967 se-
3473 4911 3569 4968 ab.

1967 4998 2115 5051 omni
2156 4997 2388 5053 crimine
2431 4997 2638 5068 dejerat
2690 5016 2705 5053 :
2756 5014 2867 5054 non
2917 5002 3062 5054 enim
3104 5001 3436 5070 juramentis
3488 5010 3545 5059 et

1967 5090 2446 5144 exsecrationibus
2475 5089 2811 5163 istipsmodi,
2842 5091 2936 5146 sed
2961 5091 3173 5148 idoneis
3197 5095 3542 5166 argumentis

1968 5193 2033 5233 ac
2072 5179 2407 5236 testimoniis
2458 5182 2879 5238 criminationes
2926 5183 3178 5254 impacta:
3233 5195 3360 5242 sunt
3407 5202 3542 5257 pur-

1966 5270 2156 5340 gandae
2182 5272 2336 5341 juxta
2365 5282 2641 5342 receptum
2668 5283 2722 5330 et
2747 5277 2942 5331 rationi
2973 5292 3274 5334 consonum
3305 5296 3539 5337 morem.

1967 5360 2138 5417 Multo
2168 5373 2348 5417 autem
2383 5379 2509 5419 esse
2542 5366 2745 5436 pejoris
2788 5370 3044 5438 exempli,
3078 5372 3277 5442 quippe
3304 5386 3333 5426 a
3365 5372 3542 5427 sacris

1969 5455 2173 5525 regulis
2221 5467 2275 5511 et
2324 5454 2533 5525 legibus
2569 5458 2828 5515 Ecclesia:
2859 5462 3280 5519 intolerabiliter
3310 5464 3536 5519 exorbi-

1968 5557 2110 5613 tans,
2139 5547 2287 5616 quod
2312 5547 2399 5602 hic
2425 5548 2550 5604 fecit
2578 5551 2930 5620 Athanasius,
2957 5553 3092 5608 diris
3127 5554 3547 5610 anathematum

1970 5639 2024 5694 in
2052 5640 2197 5693 solos
2234 5640 2338 5693 rite
2386 5643 2706 5710 torquendis
2745 5645 2986 5699 scienter
3011 5654 3303 5714 peccantes
3327 5653 3380 5698 et
3412 5659 3540 5715 pro-

1969 5739 2119 5788 terve
2152 5742 2527 5799 contumaces,
2563 5735 2835 5805 subjicere
2864 5751 2923 5790 se
2953 5739 3104 5792 aiens
3128 5736 3290 5792 etiam
3317 5752 3411 5793 eos
3441 5738 3538 5808 qui

1968 5824 2182 5895 abrepti
2219 5823 2397 5879 aliena
2437 5826 2759 5884 seductione
2794 5829 3143 5900 prolapsique
3189 5844 3285 5901 per
3328 5829 3567 5902 imum-~-
