  <div class='ocr_page' id='page_1' title='image "/cluster/home/n/w/nwhite01/storage/ocr_20150623/144:no.2/coo.31924054870492/147.png"; bbox 0 0 4018 6450; ppageno 0'>
   <div class='ocr_carea' id='block_1_1' title="bbox 485 422 594 485">
    <p class='ocr_par' dir='ltr' id='par_1_1' title="bbox 485 422 594 485">
     <span class='ocr_line' id='line_1_1' title="bbox 485 422 594 485; baseline 0.009 -1"><span class='ocrx_word' id='word_1_1' title='bbox 485 422 594 485; x_wconf 76' lang='lat'><strong>279</strong></span> 
     </span>
    </p>
   </div>
   <div class='ocr_carea' id='block_1_2' title="bbox 1686 420 3720 509">
    <p class='ocr_par' dir='ltr' id='par_1_2' title="bbox 1686 420 3720 509">
     <span class='ocr_line' id='line_1_2' title="bbox 1686 420 3720 509; baseline 0.005 -13"><span class='ocrx_word' id='word_1_2' title='bbox 1686 435 2012 499; x_wconf 76' lang='lat' dir='ltr'><strong>GEORGII</strong></span> <span class='ocrx_word' id='word_1_3' title='bbox 2053 437 2547 502; x_wconf 66' lang='lat' dir='ltr'><strong>PACHYMERA!</strong></span> <span class='ocrx_word' id='word_1_4' title='bbox 3268 420 3276 432; x_wconf 89' lang='grc'><em>’</em></span> <span class='ocrx_word' id='word_1_5' title='bbox 3628 443 3720 509; x_wconf 72' lang='lat'><strong>280</strong></span> 
     </span>
    </p>
   </div>
   <div class='ocr_carea' id='block_1_3' title="bbox 481 545 3717 630">
    <p class='ocr_par' dir='ltr' id='par_1_3' title="bbox 481 545 3717 630">
     <span class='ocr_line' id='line_1_3' title="bbox 481 545 3717 630; baseline 0.006 -31"><span class='ocrx_word' id='word_1_6' title='bbox 481 551 608 609; x_wconf 74' lang='grc' dir='ltr'><strong>τοὺς</strong></span> <span class='ocrx_word' id='word_1_7' title='bbox 638 545 846 617; x_wconf 84' lang='grc' dir='ltr'><strong>χάρτας</strong></span> <span class='ocrx_word' id='word_1_8' title='bbox 874 546 1190 611; x_wconf 78' lang='grc' dir='ltr'><strong>δεικνύντας</strong></span> <span class='ocrx_word' id='word_1_9' title='bbox 1230 548 1600 606; x_wconf 87' lang='grc' dir='ltr'><strong>πυνθάνεσθαι</strong></span> <span class='ocrx_word' id='word_1_10' title='bbox 1626 554 1675 606; x_wconf 79' lang='grc' dir='ltr'><strong>εἰ</strong></span> <span class='ocrx_word' id='word_1_11' title='bbox 1723 555 1888 620; x_wconf 77' lang='grc' dir='ltr'><strong>αὐτὸς</strong></span> <span class='ocrx_word' id='word_1_12' title='bbox 1920 557 2060 629; x_wconf 85' lang='grc' dir='ltr'><strong>πρά-</strong></span> <span class='ocrx_word' id='word_1_13' title='bbox 2087 564 2134 620; x_wconf 74' lang='grc' dir='ltr'>Α</span> <span class='ocrx_word' id='word_1_14' title='bbox 2162 556 2276 629; x_wconf 78' lang='grc' dir='ltr'><strong>εἶχε</strong></span> <span class='ocrx_word' id='word_1_15' title='bbox 2310 559 2534 629; x_wconf 80' lang='grc' dir='ltr'>δεσμεῖν</span> <span class='ocrx_word' id='word_1_16' title='bbox 2559 559 2635 624; x_wconf 84' lang='grc' dir='ltr'><strong>ὡς</strong></span> <span class='ocrx_word' id='word_1_17' title='bbox 2655 558 2815 630; x_wconf 78' lang='grc' dir='ltr'><strong>δῆθεν</strong></span> <span class='ocrx_word' id='word_1_18' title='bbox 2846 558 3258 630; x_wconf 79' lang='grc' dir='ltr'><strong>παρασυρέντα.</strong></span> <span class='ocrx_word' id='word_1_19' title='bbox 3297 579 3315 611; x_wconf 76' lang='grc' dir='ltr'><strong>ι</strong></span> <span class='ocrx_word' id='word_1_20' title='bbox 3365 561 3494 615; x_wconf 86' lang='grc' dir='ltr'><strong>Τότε</strong></span> <span class='ocrx_word' id='word_1_21' title='bbox 3529 564 3581 618; x_wconf 79' lang='grc' dir='ltr'><strong>δὲ</strong></span> <span class='ocrx_word' id='word_1_22' title='bbox 3609 566 3717 618; x_wconf 77' lang='grc' dir='ltr'><strong>ἐπεὶ</strong></span> 
     </span>
    </p>
   </div>
   <div class='ocr_carea' id='block_1_4' title="bbox 480 638 2064 719">
    <p class='ocr_par' dir='ltr' id='par_1_4' title="bbox 480 638 2064 719">
     <span class='ocr_line' id='line_1_4' title="bbox 480 638 2064 719; baseline 0.008 -29"><span class='ocrx_word' id='word_1_23' title='bbox 480 640 590 704; x_wconf 79' lang='grc' dir='ltr'><strong>ξειε</strong></span> <span class='ocrx_word' id='word_1_24' title='bbox 618 639 714 692; x_wconf 75' lang='grc' dir='ltr'><strong>καὶ</strong></span> <span class='ocrx_word' id='word_1_25' title='bbox 743 638 894 703; x_wconf 85' lang='grc' dir='ltr'><strong>ὅπως</strong></span> <span class='ocrx_word' id='word_1_26' title='bbox 920 638 1147 710; x_wconf 78' lang='grc' dir='ltr'><strong>πράξειε</strong></span> <span class='ocrx_word' id='word_1_27' title='bbox 1171 641 1263 695; x_wconf 71' lang='grc' dir='ltr'><strong>καὶ</strong></span> <span class='ocrx_word' id='word_1_28' title='bbox 1291 643 1341 696; x_wconf 83' lang='grc' dir='ltr'><strong>εἰ</strong></span> <span class='ocrx_word' id='word_1_29' title='bbox 1374 642 1588 707; x_wconf 78' lang='grc' dir='ltr'><strong>τούτοις</strong></span> <span class='ocrx_word' id='word_1_30' title='bbox 1623 640 1780 711; x_wconf 75' lang='grc' dir='ltr'><strong>αὖθις</strong></span> <span class='ocrx_word' id='word_1_31' title='bbox 1811 649 2064 719; x_wconf 72' lang='grc' dir='ltr'><strong>ἐμμένοι.</strong></span> 
     </span>
    </p>
   </div>
   <div class='ocr_carea' id='block_1_5' title="bbox 495 731 2067 811">
    <p class='ocr_par' dir='ltr' id='par_1_5' title="bbox 495 731 2067 811">
     <span class='ocr_line' id='line_1_5' title="bbox 495 731 2067 811; baseline 0.008 -28"><span class='ocrx_word' id='word_1_32' title='bbox 495 732 845 801; x_wconf 78' lang='grc' dir='ltr'><strong>Ἐκλέγονται</strong></span> <span class='ocrx_word' id='word_1_33' title='bbox 876 731 1059 787; x_wconf 79' lang='grc' dir='ltr'><strong>τοίνυν</strong></span> <span class='ocrx_word' id='word_1_34' title='bbox 1096 737 1233 805; x_wconf 80' lang='grc' dir='ltr'><strong>πρὸς</strong></span> <span class='ocrx_word' id='word_1_35' title='bbox 1257 735 1358 807; x_wconf 75' lang='grc' dir='ltr'><strong>τὴν</strong></span> <span class='ocrx_word' id='word_1_36' title='bbox 1383 737 1689 802; x_wconf 80' lang='grc' dir='ltr'><strong>ἀποστολὴν</strong></span> <span class='ocrx_word' id='word_1_37' title='bbox 1712 740 1945 811; x_wconf 79' lang='grc' dir='ltr'><strong>δοξάσης</strong></span> <span class='ocrx_word' id='word_1_38' title='bbox 1967 741 2067 810; x_wconf 84' lang='grc' dir='ltr'><strong>τῆς</strong></span> 
     </span>
    </p>
   </div>
   <div class='ocr_carea' id='block_1_6' title="bbox 486 823 2068 901">
    <p class='ocr_par' dir='ltr' id='par_1_6' title="bbox 486 823 2068 901">
     <span class='ocr_line' id='line_1_6' title="bbox 486 823 2068 901; baseline 0.007 -26"><span class='ocrx_word' id='word_1_39' title='bbox 486 823 682 894; x_wconf 80' lang='grc' dir='ltr'><strong>βουλῆς</strong></span> <span class='ocrx_word' id='word_1_40' title='bbox 717 827 745 878; x_wconf 92' lang='grc' dir='ltr'><strong>ό</strong></span> <span class='ocrx_word' id='word_1_41' title='bbox 771 825 865 878; x_wconf 75' lang='grc' dir='ltr'><strong>ἐπὶ</strong></span> <span class='ocrx_word' id='word_1_42' title='bbox 891 825 986 879; x_wconf 85' lang='grc' dir='ltr'><strong>τοῦ</strong></span> <span class='ocrx_word' id='word_1_43' title='bbox 1032 826 1344 881; x_wconf 88' lang='grc' dir='ltr'><strong>κανικλείου</strong></span> <span class='ocrx_word' id='word_1_44' title='bbox 1369 845 1430 881; x_wconf 87' lang='grc' dir='ltr'><strong>τε</strong></span> <span class='ocrx_word' id='word_1_45' title='bbox 1463 829 1715 901; x_wconf 85' lang='grc' dir='ltr'><strong>Χοῦμνος</strong></span> <span class='ocrx_word' id='word_1_46' title='bbox 1751 832 1841 885; x_wconf 71' lang='grc' dir='ltr'><strong>καὶ</strong></span> <span class='ocrx_word' id='word_1_47' title='bbox 1893 833 1922 885; x_wconf 84' lang='grc' dir='ltr'><strong>ό</strong></span> <span class='ocrx_word' id='word_1_48' title='bbox 1956 834 2068 885; x_wconf 88' lang='grc' dir='ltr'><strong>Κυ-</strong></span> 
     </span>
    </p>
   </div>
   <div class='ocr_carea' id='block_1_7' title="bbox 482 915 2066 994">
    <p class='ocr_par' dir='ltr' id='par_1_7' title="bbox 482 915 2066 994">
     <span class='ocr_line' id='line_1_7' title="bbox 482 915 2066 994; baseline 0.008 -28"><span class='ocrx_word' id='word_1_49' title='bbox 482 915 711 985; x_wconf 81' lang='grc' dir='ltr'><strong>πριανὸς</strong></span> <span class='ocrx_word' id='word_1_50' title='bbox 736 916 1103 987; x_wconf 81' lang='grc' dir='ltr'><strong>χαρτοφύλαξ,</strong></span> <span class='ocrx_word' id='word_1_51' title='bbox 1128 918 1179 971; x_wconf 75' lang='grc' dir='ltr'><strong>οἳ</strong></span> <span class='ocrx_word' id='word_1_52' title='bbox 1202 918 1298 972; x_wconf 60' lang='grc' dir='ltr'><strong>καὶ⁵</strong></span> <span class='ocrx_word' id='word_1_53' title='bbox 1330 923 1723 991; x_wconf 85' lang='grc' dir='ltr'><strong>συγγεγονότες</strong></span> <span class='ocrx_word' id='word_1_54' title='bbox 1745 924 1940 994; x_wconf 80' lang='grc' dir='ltr'><strong>ἐκείνῳ</strong></span> <span class='ocrx_word' id='word_1_55' title='bbox 1964 923 2066 993; x_wconf 79' lang='grc' dir='ltr'><strong>τὴν</strong></span> 
     </span>
    </p>
   </div>
   <div class='ocr_carea' id='block_1_8' title="bbox 481 1006 2065 1086">
    <p class='ocr_par' dir='ltr' id='par_1_8' title="bbox 481 1006 2065 1086">
     <span class='ocr_line' id='line_1_8' title="bbox 481 1006 2065 1086; baseline 0.007 -27"><span class='ocrx_word' id='word_1_56' title='bbox 481 1007 591 1061; x_wconf 70' lang='grc' dir='ltr'><strong>ἀπὸ</strong></span> <span class='ocrx_word' id='word_1_57' title='bbox 616 1006 712 1060; x_wconf 81' lang='grc' dir='ltr'><strong>τοῦ</strong></span> <span class='ocrx_word' id='word_1_58' title='bbox 743 1007 1010 1079; x_wconf 81' lang='grc' dir='ltr'><strong>βασιλέως</strong></span> <span class='ocrx_word' id='word_1_59' title='bbox 1030 1010 1123 1063; x_wconf 74' lang='grc' dir='ltr'><strong>καὶ</strong></span> <span class='ocrx_word' id='word_1_60' title='bbox 1146 1012 1246 1082; x_wconf 87' lang='grc' dir='ltr'><strong>τῆς</strong></span> <span class='ocrx_word' id='word_1_61' title='bbox 1273 1012 1521 1078; x_wconf 79' lang='grc' dir='ltr'><strong>συνόδου,</strong></span> <span class='ocrx_word' id='word_1_62' title='bbox 1551 1015 1626 1077; x_wconf 88' lang='grc' dir='ltr'><strong>ὡς</strong></span> <span class='ocrx_word' id='word_1_63' title='bbox 1654 1015 1843 1086; x_wconf 66' lang='grc' dir='ltr'><strong>ἐχρῆν,</strong></span> <span class='ocrx_word' id='word_1_64' title='bbox 1862 1015 2065 1086; x_wconf 72' lang='grc' dir='ltr'><strong>διαμη-</strong></span> 
     </span>
    </p>
   </div>
   <div class='ocr_carea' id='block_1_9' title="bbox 482 1102 2069 1179">
    <p class='ocr_par' dir='ltr' id='par_1_9' title="bbox 482 1102 2069 1179">
     <span class='ocr_line' id='line_1_9' title="bbox 482 1102 2069 1179; baseline 0.007 -28"><span class='ocrx_word' id='word_1_65' title='bbox 482 1117 635 1153; x_wconf 86' lang='grc' dir='ltr'><strong>νυσιν</strong></span> <span class='ocrx_word' id='word_1_66' title='bbox 689 1102 1040 1174; x_wconf 75' lang='grc' dir='ltr'><strong>ἐποιήσαντο.</strong></span> <span class='ocrx_word' id='word_1_67' title='bbox 1082 1102 1142 1157; x_wconf 88' lang='lat'>&#39;0</span> <span class='ocrx_word' id='word_1_68' title='bbox 1175 1104 1220 1157; x_wconf 80' lang='grc' dir='ltr'><strong>δ’</strong></span> <span class='ocrx_word' id='word_1_69' title='bbox 1251 1104 1453 1159; x_wconf 81' lang='grc' dir='ltr'><strong>αὐτίκα</strong></span> <span class='ocrx_word' id='word_1_70' title='bbox 1486 1106 1580 1159; x_wconf 70' lang='grc' dir='ltr'><strong>καὶ</strong></span> <span class='ocrx_word' id='word_1_71' title='bbox 1616 1107 1694 1170; x_wconf 85' lang='grc' dir='ltr'><strong>ὡς</strong></span> <span class='ocrx_word' id='word_1_72' title='bbox 1739 1108 1903 1171; x_wconf 70' lang='grc' dir='ltr'><strong>αὐτὸς</strong></span> <span class='ocrx_word' id='word_1_73' title='bbox 1933 1110 2069 1179; x_wconf 76' lang='grc' dir='ltr'><strong>γρά-</strong></span> 
     </span>
    </p>
   </div>
   <div class='ocr_carea' id='block_1_10' title="bbox 479 1193 2066 1270">
    <p class='ocr_par' dir='ltr' id='par_1_10' title="bbox 479 1193 2066 1270">
     <span class='ocr_line' id='line_1_10' title="bbox 479 1193 2066 1270; baseline 0.004 -25"><span class='ocrx_word' id='word_1_74' title='bbox 479 1194 636 1260; x_wconf 71' lang='grc' dir='ltr'><strong>ψειεν</strong></span> <span class='ocrx_word' id='word_1_75' title='bbox 665 1193 938 1265; x_wconf 78' lang='grc' dir='ltr'><strong>ὡμολόγει</strong></span> <span class='ocrx_word' id='word_1_76' title='bbox 980 1195 1076 1248; x_wconf 76' lang='grc' dir='ltr'><strong>καὶ</strong></span> <span class='ocrx_word' id='word_1_77' title='bbox 1104 1195 1181 1260; x_wconf 86' lang='grc' dir='ltr'><strong>ὡς</strong></span> <span class='ocrx_word' id='word_1_78' title='bbox 1210 1197 1277 1250; x_wconf 76' lang='grc' dir='ltr'><strong>ὲκ</strong></span> <span class='ocrx_word' id='word_1_79' title='bbox 1335 1198 1706 1270; x_wconf 73' lang='grc' dir='ltr'><strong>μικροψυχίας</strong></span> <span class='ocrx_word' id='word_1_80' title='bbox 1739 1199 1863 1252; x_wconf 86' lang='grc' dir='ltr'><strong>τότε</strong></span> <span class='ocrx_word' id='word_1_81' title='bbox 1907 1200 2066 1270; x_wconf 70' lang='grc' dir='ltr'><strong>ποιή-</strong></span> 
     </span>
    </p>
   </div>
   <div class='ocr_carea' id='block_1_11' title="bbox 483 1282 2065 1359">
    <p class='ocr_par' dir='ltr' id='par_1_11' title="bbox 483 1282 2065 1359">
     <span class='ocr_line' id='line_1_11' title="bbox 483 1282 2065 1359; baseline 0.006 -25"><span class='ocrx_word' id='word_1_82' title='bbox 483 1299 618 1348; x_wconf 73' lang='grc' dir='ltr'><strong>σειε,</strong></span> <span class='ocrx_word' id='word_1_83' title='bbox 657 1282 734 1355; x_wconf 81' lang='grc' dir='ltr'><strong>μὴ</strong></span> <span class='ocrx_word' id='word_1_84' title='bbox 789 1284 898 1355; x_wconf 83' lang='grc' dir='ltr'><strong>μὴν</strong></span> <span class='ocrx_word' id='word_1_85' title='bbox 950 1284 1133 1340; x_wconf 76' lang='grc' dir='ltr'><strong>δὲκαὶ</strong></span> <span class='ocrx_word' id='word_1_86' title='bbox 1185 1287 1360 1342; x_wconf 76' lang='grc' dir='ltr'><strong>ἄλυτα</strong></span> <span class='ocrx_word' id='word_1_87' title='bbox 1386 1288 1553 1359; x_wconf 80' lang='grc' dir='ltr'><strong>ἔχειν,</strong></span> <span class='ocrx_word' id='word_1_88' title='bbox 1611 1290 1747 1344; x_wconf 84' lang='grc' dir='ltr'><strong>ἀλλά</strong></span> <span class='ocrx_word' id='word_1_89' title='bbox 1780 1292 1873 1347; x_wconf 75' lang='grc' dir='ltr'><strong>καὶ</strong></span> <span class='ocrx_word' id='word_1_90' title='bbox 1902 1289 2065 1356; x_wconf 84' lang='grc' dir='ltr'><strong>αὖθις</strong></span> 
     </span>
    </p>
   </div>
   <div class='ocr_carea' id='block_1_12' title="bbox 484 1375 2066 1454">
    <p class='ocr_par' dir='ltr' id='par_1_12' title="bbox 484 1375 2066 1454">
     <span class='ocr_line' id='line_1_12' title="bbox 484 1375 2066 1454; baseline 0.006 -27"><span class='ocrx_word' id='word_1_91' title='bbox 484 1375 684 1428; x_wconf 68' lang='grc' dir='ltr'><strong>αὒτίκα</strong></span> <span class='ocrx_word' id='word_1_92' title='bbox 703 1375 874 1443; x_wconf 80' lang='grc' dir='ltr'><strong>λύειν,</strong></span> <span class='ocrx_word' id='word_1_93' title='bbox 914 1395 934 1430; x_wconf 81' lang='grc' dir='ltr'><strong>ι</strong></span> <span class='ocrx_word' id='word_1_94' title='bbox 968 1376 1031 1431; x_wconf 79' lang='lat' dir='ltr'><strong>Et</strong></span> <span class='ocrx_word' id='word_1_95' title='bbox 1064 1380 1159 1433; x_wconf 71' lang='lat' dir='ltr'><strong>xui.</strong></span> <span class='ocrx_word' id='word_1_96' title='bbox 1196 1381 1296 1433; x_wconf 87' lang='grc' dir='ltr'><strong>ούκ</strong></span> <span class='ocrx_word' id='word_1_97' title='bbox 1320 1380 1623 1450; x_wconf 80' lang='grc' dir='ltr'><strong>ἐξεγένετο,</strong></span> <span class='ocrx_word' id='word_1_98' title='bbox 1646 1384 1802 1454; x_wconf 76' lang='grc' dir='ltr'><strong>φησὶ,</strong></span> <span class='ocrx_word' id='word_1_99' title='bbox 1823 1385 2066 1448; x_wconf 79' lang='grc' dir='ltr'><strong>καὶτοὺς</strong></span> 
     </span>
    </p>
   </div>
   <div class='ocr_carea' id='block_1_13' title="bbox 484 1468 2069 1547">
    <p class='ocr_par' dir='ltr' id='par_1_13' title="bbox 484 1468 2069 1547">
     <span class='ocr_line' id='line_1_13' title="bbox 484 1468 2069 1547; baseline 0.006 -27"><span class='ocrx_word' id='word_1_100' title='bbox 484 1469 694 1538; x_wconf 69' lang='grc' dir='ltr'><strong>χάριτας</strong></span> <span class='ocrx_word' id='word_1_101' title='bbox 726 1468 937 1524; x_wconf 75' lang='grc' dir='ltr'><strong>ἐκεῖθεν</strong></span> <span class='ocrx_word' id='word_1_102' title='bbox 976 1470 1340 1526; x_wconf 71' lang='grc' dir='ltr'><strong>ἐπανελέσθαι</strong></span> <span class='ocrx_word' id='word_1_103' title='bbox 1372 1475 1810 1546; x_wconf 83' lang='grc' dir='ltr'><strong>ὲπεισπεσούσης</strong></span> <span class='ocrx_word' id='word_1_104' title='bbox 1845 1477 1945 1547; x_wconf 82' lang='grc' dir='ltr'><strong>τῆς</strong></span> <span class='ocrx_word' id='word_1_105' title='bbox 1974 1494 2069 1530; x_wconf 82' lang='grc' dir='ltr'><strong>τα·-</strong></span> 
     </span>
    </p>
   </div>
   <div class='ocr_carea' id='block_1_14' title="bbox 486 1558 2066 1640">
    <p class='ocr_par' dir='ltr' id='par_1_14' title="bbox 486 1558 2066 1640">
     <span class='ocr_line' id='line_1_14' title="bbox 486 1558 2066 1640; baseline 0.008 -30"><span class='ocrx_word' id='word_1_106' title='bbox 486 1558 677 1628; x_wconf 84' lang='grc' dir='ltr'><strong>ραχῆς.</strong></span> <span class='ocrx_word' id='word_1_107' title='bbox 707 1578 728 1612; x_wconf 76' lang='grc' dir='ltr'><strong>ι</strong></span> <span class='ocrx_word' id='word_1_108' title='bbox 759 1560 925 1614; x_wconf 78' lang='grc' dir='ltr'><strong>Ταῦτ’</strong></span> <span class='ocrx_word' id='word_1_109' title='bbox 946 1560 1101 1631; x_wconf 73' lang='grc' dir='ltr'><strong>ἔλεγε</strong></span> <span class='ocrx_word' id='word_1_110' title='bbox 1128 1565 1228 1635; x_wconf 84' lang='grc' dir='ltr'><strong>μὲν</strong></span> <span class='ocrx_word' id='word_1_111' title='bbox 1256 1568 1487 1631; x_wconf 81' lang='grc' dir='ltr'><strong>ἐκεῖνος,</strong></span> <span class='ocrx_word' id='word_1_112' title='bbox 1512 1569 1793 1623; x_wconf 79' lang='grc' dir='ltr'><strong>ὑπενοεῖτο</strong></span> <span class='ocrx_word' id='word_1_113' title='bbox 1817 1569 1873 1622; x_wconf 81' lang='grc' dir='ltr'><strong>δὲ</strong></span> <span class='ocrx_word' id='word_1_114' title='bbox 1891 1569 1959 1623; x_wconf 81' lang='grc' dir='ltr'><strong>τά</strong></span> <span class='ocrx_word' id='word_1_115' title='bbox 1989 1574 2066 1640; x_wconf 79' lang='grc' dir='ltr'><strong>μὴ</strong></span> 
     </span>
    </p>
   </div>
   <div class='ocr_carea' id='block_1_15' title="bbox 481 1652 2066 1735">
    <p class='ocr_par' dir='ltr' id='par_1_15' title="bbox 481 1652 2066 1735">
     <span class='ocr_line' id='line_1_15' title="bbox 481 1652 2066 1735; baseline 0.009 -32"><span class='ocrx_word' id='word_1_116' title='bbox 481 1652 612 1705; x_wconf 72' lang='grc' dir='ltr'><strong>ὄντα</strong></span> <span class='ocrx_word' id='word_1_117' title='bbox 646 1652 841 1722; x_wconf 85' lang='grc' dir='ltr'><strong>λέγων.</strong></span> <span class='ocrx_word' id='word_1_118' title='bbox 883 1655 1033 1729; x_wconf 80' lang='grc' dir='ltr'><strong>Ἔδει</strong></span> <span class='ocrx_word' id='word_1_119' title='bbox 1065 1659 1175 1726; x_wconf 87' lang='grc' dir='ltr'><strong>γὰρ</strong></span> <span class='ocrx_word' id='word_1_120' title='bbox 1205 1661 1550 1728; x_wconf 75' lang='grc' dir='ltr'><strong>ἐμφανίζειν,</strong></span> <span class='ocrx_word' id='word_1_121' title='bbox 1583 1664 1633 1716; x_wconf 86' lang='grc' dir='ltr'><strong>οί</strong></span> <span class='ocrx_word' id='word_1_122' title='bbox 1679 1663 2066 1735; x_wconf 79' lang='grc' dir='ltr'><strong>δοκιμάζοντες</strong></span> 
     </span>
    </p>
   </div>
   <div class='ocr_carea' id='block_1_16' title="bbox 482 1743 2067 1828">
    <p class='ocr_par' dir='ltr' id='par_1_16' title="bbox 482 1743 2067 1828">
     <span class='ocr_line' id='line_1_16' title="bbox 482 1743 2067 1828; baseline 0.009 -33"><span class='ocrx_word' id='word_1_123' title='bbox 482 1743 689 1812; x_wconf 76' lang='grc' dir='ltr'><strong>ἔλεγον,</strong></span> <span class='ocrx_word' id='word_1_124' title='bbox 722 1748 815 1799; x_wconf 75' lang='grc' dir='ltr'><strong>καὶ</strong></span> <span class='ocrx_word' id='word_1_125' title='bbox 843 1747 1032 1816; x_wconf 80' lang='grc' dir='ltr'><strong>ζητεῖν</strong></span> <span class='ocrx_word' id='word_1_126' title='bbox 1055 1750 1425 1821; x_wconf 74' lang='grc' dir='ltr'><strong>συγγνώμην,</strong></span> <span class='ocrx_word' id='word_1_127' title='bbox 1458 1755 1621 1824; x_wconf 75' lang='grc' dir='ltr'><strong>εἴπερ</strong></span> <span class='ocrx_word' id='word_1_128' title='bbox 1658 1754 1895 1825; x_wconf 79' lang='grc' dir='ltr'><strong>εὐθύτης</strong></span> <span class='ocrx_word' id='word_1_129' title='bbox 1937 1759 2067 1828; x_wconf 77' lang='grc' dir='ltr'><strong>ἡκο-</strong></span> 
     </span>
    </p>
   </div>
   <div class='ocr_carea' id='block_1_17' title="bbox 481 1836 2065 1920">
    <p class='ocr_par' dir='ltr' id='par_1_17' title="bbox 481 1836 2065 1920">
     <span class='ocr_line' id='line_1_17' title="bbox 481 1836 2065 1920; baseline 0.01 -32"><span class='ocrx_word' id='word_1_130' title='bbox 481 1836 663 1891; x_wconf 78' lang='grc' dir='ltr'><strong>λούθει</strong></span> <span class='ocrx_word' id='word_1_131' title='bbox 692 1841 805 1903; x_wconf 89' lang='grc' dir='ltr'><strong>τοῖς</strong></span> <span class='ocrx_word' id='word_1_132' title='bbox 853 1841 1200 1912; x_wconf 77' lang='grc' dir='ltr'><strong>πράγμασιν,</strong></span> <span class='ocrx_word' id='word_1_133' title='bbox 1234 1844 1370 1899; x_wconf 87' lang='grc' dir='ltr'><strong>ἀλλά</strong></span> <span class='ocrx_word' id='word_1_134' title='bbox 1409 1849 1486 1918; x_wconf 80' lang='grc' dir='ltr'><strong>μὴ</strong></span> <span class='ocrx_word' id='word_1_135' title='bbox 1528 1850 1939 1920; x_wconf 67' lang='grc' dir='ltr'><strong>ὲμπερισκεψία</strong></span> <span class='ocrx_word' id='word_1_136' title='bbox 1969 1852 2065 1904; x_wconf 75' lang='grc' dir='ltr'><strong>καὶ</strong></span> 
     </span>
    </p>
   </div>
   <div class='ocr_carea' id='block_1_18' title="bbox 485 1930 2063 2012">
    <p class='ocr_par' dir='ltr' id='par_1_18' title="bbox 485 1930 2063 2012">
     <span class='ocr_line' id='line_1_18' title="bbox 485 1930 2063 2012; baseline 0.006 -29"><span class='ocrx_word' id='word_1_137' title='bbox 485 1930 725 2001; x_wconf 75' lang='grc' dir='ltr'><strong>βαθύτης</strong></span> <span class='ocrx_word' id='word_1_138' title='bbox 777 1932 1035 2001; x_wconf 74' lang='grc' dir='ltr'><strong>ὕπουλος,</strong></span> <span class='ocrx_word' id='word_1_139' title='bbox 1061 1935 1137 1999; x_wconf 84' lang='grc' dir='ltr'><strong>ὡς</strong></span> <span class='ocrx_word' id='word_1_140' title='bbox 1169 1935 1237 1989; x_wconf 83' lang='grc' dir='ltr'><strong>ἀν</strong></span> <span class='ocrx_word' id='word_1_141' title='bbox 1269 1938 1350 1999; x_wconf 82' lang='grc' dir='ltr'><strong>εἰς</strong></span> <span class='ocrx_word' id='word_1_142' title='bbox 1394 1940 1589 2009; x_wconf 83' lang='grc' dir='ltr'><strong>καιρὸν</strong></span> <span class='ocrx_word' id='word_1_143' title='bbox 1623 1942 1691 1994; x_wconf 86' lang='grc' dir='ltr'><strong>τὰ</strong></span> <span class='ocrx_word' id='word_1_144' title='bbox 1725 1943 1933 2012; x_wconf 77' lang='grc' dir='ltr'><strong>φοϐερά</strong></span> <span class='ocrx_word' id='word_1_145' title='bbox 1972 1944 2063 1994; x_wconf 72' lang='grc' dir='ltr'><strong>καὶ</strong></span> 
     </span>
    </p>
   </div>
   <div class='ocr_carea' id='block_1_19' title="bbox 481 2023 2068 2096">
    <p class='ocr_par' dir='ltr' id='par_1_19' title="bbox 481 2023 2068 2096">
     <span class='ocr_line' id='line_1_19' title="bbox 481 2023 2068 2096; baseline 0.008 -21"><span class='ocrx_word' id='word_1_146' title='bbox 481 2023 732 2096; x_wconf 78' lang='grc' dir='ltr'><strong>φρικώδη</strong></span> <span class='ocrx_word' id='word_1_147' title='bbox 781 2026 1249 2096; x_wconf 85' lang='grc' dir='ltr'><strong>προανατετακὼς</strong></span> <span class='ocrx_word' id='word_1_148' title='bbox 1287 2029 1495 2094; x_wconf 78' lang='grc' dir='ltr'><strong>ἀξιοῖτο</strong></span> <span class='ocrx_word' id='word_1_149' title='bbox 1550 2031 1722 2096; x_wconf 88' lang='grc' dir='ltr'><strong>λύειν,</strong></span> <span class='ocrx_word' id='word_1_150' title='bbox 1779 2032 2068 2087; x_wconf 83' lang='grc' dir='ltr'><strong>ἀναλαϐὼν</strong></span> 
     </span>
    </p>
   </div>
   <div class='ocr_carea' id='block_1_20' title="bbox 481 2115 2070 2192">
    <p class='ocr_par' dir='ltr' id='par_1_20' title="bbox 481 2115 2070 2192">
     <span class='ocr_line' id='line_1_20' title="bbox 481 2115 2070 2192; baseline 0.007 -25"><span class='ocrx_word' id='word_1_151' title='bbox 481 2115 581 2187; x_wconf 82' lang='grc' dir='ltr'><strong>τὴν</strong></span> <span class='ocrx_word' id='word_1_152' title='bbox 608 2118 777 2187; x_wconf 82' lang='grc' dir='ltr'><strong>τιμὴν</strong></span> <span class='ocrx_word' id='word_1_153' title='bbox 820 2118 886 2189; x_wconf 82' lang='grc' dir='ltr'><strong>ἢν</strong></span> <span class='ocrx_word' id='word_1_154' title='bbox 921 2121 1245 2190; x_wconf 82' lang='grc' dir='ltr'><strong>παρῃτεῖτο,</strong></span> <span class='ocrx_word' id='word_1_155' title='bbox 1271 2121 1461 2191; x_wconf 87' lang='grc' dir='ltr'><strong>σκοπῷ</strong></span> <span class='ocrx_word' id='word_1_156' title='bbox 1485 2122 1542 2175; x_wconf 81' lang='grc' dir='ltr'><strong>δὲ</strong></span> <span class='ocrx_word' id='word_1_157' title='bbox 1588 2126 1637 2175; x_wconf 82' lang='grc' dir='ltr'><strong>εἰ</strong></span> <span class='ocrx_word' id='word_1_158' title='bbox 1672 2124 1747 2192; x_wconf 80' lang='grc' dir='ltr'><strong>μὴ</strong></span> <span class='ocrx_word' id='word_1_159' title='bbox 1773 2123 1863 2178; x_wconf 85' lang='grc' dir='ltr'><strong>διὰ</strong></span> <span class='ocrx_word' id='word_1_160' title='bbox 1894 2124 2070 2179; x_wconf 69' lang='grc' dir='ltr'><strong>ταῦτα</strong></span> 
     </span>
    </p>
   </div>
   <div class='ocr_carea' id='block_1_21' title="bbox 480 2210 2066 2286">
    <p class='ocr_par' dir='ltr' id='par_1_21' title="bbox 480 2210 2066 2286">
     <span class='ocr_line' id='line_1_21' title="bbox 480 2210 2066 2286; baseline 0.004 -26"><span class='ocrx_word' id='word_1_161' title='bbox 480 2213 548 2280; x_wconf 79' lang='grc' dir='ltr'><strong>τῇ</strong></span> <span class='ocrx_word' id='word_1_162' title='bbox 569 2210 871 2282; x_wconf 71' lang='grc' dir='ltr'><strong>Ἐκκλησία</strong></span> <span class='ocrx_word' id='word_1_163' title='bbox 888 2213 983 2265; x_wconf 76' lang='grc' dir='ltr'><strong>καὶ</strong></span> <span class='ocrx_word' id='word_1_164' title='bbox 1003 2211 1159 2277; x_wconf 80' lang='grc' dir='ltr'><strong>αὖθις</strong></span> <span class='ocrx_word' id='word_1_165' title='bbox 1181 2214 1532 2284; x_wconf 81' lang='grc' dir='ltr'><strong>παρεισήχθη</strong></span> <span class='ocrx_word' id='word_1_166' title='bbox 1560 2214 1649 2268; x_wconf 76' lang='grc' dir='ltr'><strong>διὰ</strong></span> <span class='ocrx_word' id='word_1_167' title='bbox 1673 2217 1772 2286; x_wconf 77' lang='grc' dir='ltr'><strong>τὴν</strong></span> <span class='ocrx_word' id='word_1_168' title='bbox 1799 2216 2066 2285; x_wconf 76' lang='grc' dir='ltr'><strong>πλείστην</strong></span> 
     </span>
    </p>
   </div>
   <div class='ocr_carea' id='block_1_22' title="bbox 484 2301 2070 2376">
    <p class='ocr_par' dir='ltr' id='par_1_22' title="bbox 484 2301 2070 2376">
     <span class='ocr_line' id='line_1_22' title="bbox 484 2301 2070 2376; baseline 0.003 -22"><span class='ocrx_word' id='word_1_169' title='bbox 484 2302 617 2373; x_wconf 71' lang='grc' dir='ltr'><strong>περὶ</strong></span> <span class='ocrx_word' id='word_1_170' title='bbox 641 2301 712 2357; x_wconf 83' lang='grc' dir='ltr'><strong>τά</strong></span> <span class='ocrx_word' id='word_1_171' title='bbox 743 2301 864 2359; x_wconf 86' lang='grc' dir='ltr'><strong>θεῖα</strong></span> <span class='ocrx_word' id='word_1_172' title='bbox 879 2303 974 2356; x_wconf 74' lang='grc' dir='ltr'><strong>τοῦ</strong></span> <span class='ocrx_word' id='word_1_173' title='bbox 999 2304 1264 2375; x_wconf 79' lang='grc' dir='ltr'><strong>βασιλέως</strong></span> <span class='ocrx_word' id='word_1_174' title='bbox 1295 2306 1602 2374; x_wconf 82' lang='grc' dir='ltr'><strong>εὐλάϐειαν,</strong></span> <span class='ocrx_word' id='word_1_175' title='bbox 1620 2307 1679 2361; x_wconf 82' lang='grc' dir='ltr'><strong>ὃν</strong></span> <span class='ocrx_word' id='word_1_176' title='bbox 1702 2308 1798 2360; x_wconf 70' lang='grc' dir='ltr'><strong>καὶ</strong></span> <span class='ocrx_word' id='word_1_177' title='bbox 1828 2307 2070 2376; x_wconf 69' lang='grc' dir='ltr'><strong>ἄφυκτον</strong></span> 
     </span>
    </p>
   </div>
   <div class='ocr_carea' id='block_1_23' title="bbox 485 2483 2069 2556">
    <p class='ocr_par' dir='ltr' id='par_1_23' title="bbox 485 2483 2069 2556">
     <span class='ocr_line' id='line_1_23' title="bbox 485 2483 2069 2556; baseline 0.003 -18"><span class='ocrx_word' id='word_1_178' title='bbox 485 2483 729 2538; x_wconf 77' lang='lat' dir='ltr'><strong>dentiam</strong></span> <span class='ocrx_word' id='word_1_179' title='bbox 755 2483 1102 2554; x_wconf 67' lang='lat' dir='ltr'><strong>impegerint.</strong></span> <span class='ocrx_word' id='word_1_180' title='bbox 1134 2483 1260 2541; x_wconf 72' lang='lat' dir='ltr'><strong>&quot;me</strong></span> <span class='ocrx_word' id='word_1_181' title='bbox 1286 2494 1563 2556; x_wconf 85' lang='lat' dir='ltr'><strong>utcunque</strong></span> <span class='ocrx_word' id='word_1_182' title='bbox 1609 2489 1980 2545; x_wconf 87' lang='lat' dir='ltr'><strong>verisimiliter</strong></span> <span class='ocrx_word' id='word_1_183' title='bbox 2006 2506 2069 2543; x_wconf 90' lang='lat' dir='ltr'><strong>ac</strong></span> 
     </span>
    </p>
   </div>
   <div class='ocr_carea' id='block_1_24' title="bbox 485 2573 2072 2652">
    <p class='ocr_par' dir='ltr' id='par_1_24' title="bbox 485 2573 2072 2652">
     <span class='ocr_line' id='line_1_24' title="bbox 485 2573 2072 2652; baseline 0.005 -25"><span class='ocrx_word' id='word_1_184' title='bbox 485 2573 765 2641; x_wconf 74' lang='lat' dir='ltr'><strong>sapienter</strong></span> <span class='ocrx_word' id='word_1_185' title='bbox 786 2576 860 2632; x_wconf 89' lang='lat' dir='ltr'><strong>ita</strong></span> <span class='ocrx_word' id='word_1_186' title='bbox 883 2577 971 2631; x_wconf 92' lang='lat' dir='ltr'><strong>isti</strong></span> <span class='ocrx_word' id='word_1_187' title='bbox 1004 2577 1369 2646; x_wconf 88' lang='lat' dir='ltr'><strong>disserebant,</strong></span> <span class='ocrx_word' id='word_1_188' title='bbox 1388 2580 1551 2651; x_wconf 71' lang='lat'><strong>253</strong></span> <span class='ocrx_word' id='word_1_189' title='bbox 1571 2591 1752 2637; x_wconf 87' lang='lat' dir='ltr'><strong>tamen</strong></span> <span class='ocrx_word' id='word_1_190' title='bbox 1773 2582 2072 2652; x_wconf 73' lang='lat' dir='ltr'><strong>imperator</strong></span> 
     </span>
    </p>
   </div>
   <div class='ocr_carea' id='block_1_25' title="bbox 484 2665 2071 2744">
    <p class='ocr_par' dir='ltr' id='par_1_25' title="bbox 484 2665 2071 2744">
     <span class='ocr_line' id='line_1_25' title="bbox 484 2665 2071 2744; baseline 0.005 -24"><span class='ocrx_word' id='word_1_191' title='bbox 484 2668 540 2723; x_wconf 89' lang='lat' dir='ltr'><strong>in</strong></span> <span class='ocrx_word' id='word_1_192' title='bbox 570 2665 903 2721; x_wconf 84' lang='lat' dir='ltr'><strong>securiorem</strong></span> <span class='ocrx_word' id='word_1_193' title='bbox 932 2684 1152 2738; x_wconf 89' lang='lat' dir='ltr'><strong>semper</strong></span> <span class='ocrx_word' id='word_1_194' title='bbox 1183 2680 1389 2740; x_wconf 86' lang='lat' dir='ltr'><strong>partem</strong></span> <span class='ocrx_word' id='word_1_195' title='bbox 1418 2673 1910 2738; x_wconf 88' lang='lat' dir='ltr'><strong>incumbere,dum</strong></span> <span class='ocrx_word' id='word_1_196' title='bbox 1931 2691 2071 2744; x_wconf 87' lang='lat' dir='ltr'><strong>quo-</strong></span> 
     </span>
    </p>
   </div>
   <div class='ocr_carea' id='block_1_26' title="bbox 488 2759 2073 2834">
    <p class='ocr_par' dir='ltr' id='par_1_26' title="bbox 488 2759 2073 2834">
     <span class='ocr_line' id='line_1_26' title="bbox 488 2759 2073 2834; baseline 0.006 -25"><span class='ocrx_word' id='word_1_197' title='bbox 488 2760 877 2828; x_wconf 77' lang='lat' dir='ltr'><strong>modOCunqne</strong></span> <span class='ocrx_word' id='word_1_198' title='bbox 925 2759 1231 2822; x_wconf 85' lang='lat' dir='ltr'><strong>dubitatur.</strong></span> <span class='ocrx_word' id='word_1_199' title='bbox 1270 2762 1490 2827; x_wconf 88' lang='lat' dir='ltr'><strong>solitus,</strong></span> <span class='ocrx_word' id='word_1_200' title='bbox 1527 2765 1992 2834; x_wconf 76' lang='lat' dir='ltr'><strong>circumspectius</strong></span> <span class='ocrx_word' id='word_1_201' title='bbox 2019 2776 2073 2819; x_wconf 87' lang='lat' dir='ltr'><strong>et</strong></span> 
     </span>
    </p>
   </div>
   <div class='ocr_carea' id='block_1_27' title="bbox 488 2847 2072 2919">
    <p class='ocr_par' dir='ltr' id='par_1_27' title="bbox 488 2847 2072 2919">
     <span class='ocr_line' id='line_1_27' title="bbox 488 2847 2072 2919; baseline 0.005 -17"><span class='ocrx_word' id='word_1_202' title='bbox 488 2849 554 2902; x_wconf 77' lang='lat' dir='ltr'><strong>ad</strong></span> <span class='ocrx_word' id='word_1_203' title='bbox 584 2864 775 2919; x_wconf 81' lang='lat' dir='ltr'><strong>pacem</strong></span> <span class='ocrx_word' id='word_1_204' title='bbox 806 2847 1070 2906; x_wconf 69' lang='lat' dir='ltr'><strong>Ecclesia:</strong></span> <span class='ocrx_word' id='word_1_205' title='bbox 1092 2850 1567 2908; x_wconf 88' lang='lat' dir='ltr'><strong>accommodatius</strong></span> <span class='ocrx_word' id='word_1_206' title='bbox 1597 2856 1986 2908; x_wconf 73' lang='lat' dir='ltr'><strong>consulturum</strong></span> <span class='ocrx_word' id='word_1_207' title='bbox 2011 2869 2072 2910; x_wconf 90' lang='lat' dir='ltr'><strong>se</strong></span> 
     </span>
    </p>
   </div>
   <div class='ocr_carea' id='block_1_28' title="bbox 489 2940 2068 3009">
    <p class='ocr_par' dir='ltr' id='par_1_28' title="bbox 489 2940 2068 3009">
     <span class='ocr_line' id='line_1_28' title="bbox 489 2940 2068 3009; baseline 0.006 -20"><span class='ocrx_word' id='word_1_208' title='bbox 489 2942 719 3008; x_wconf 69' lang='lat' dir='ltr'><strong>putavit,</strong></span> <span class='ocrx_word' id='word_1_209' title='bbox 753 2940 798 2994; x_wconf 93' lang='lat' dir='ltr'><strong>si</strong></span> <span class='ocrx_word' id='word_1_210' title='bbox 828 2941 1174 3009; x_wconf 86' lang='lat' dir='ltr'><strong>decerneret,</strong></span> <span class='ocrx_word' id='word_1_211' title='bbox 1203 2949 1264 2995; x_wconf 90' lang='lat' dir='ltr'><strong>ut</strong></span> <span class='ocrx_word' id='word_1_212' title='bbox 1293 2941 1444 3008; x_wconf 85' lang='lat' dir='ltr'><strong>fecit,</strong></span> <span class='ocrx_word' id='word_1_213' title='bbox 1476 2944 1774 2999; x_wconf 87' lang='lat' dir='ltr'><strong>mittendos</strong></span> <span class='ocrx_word' id='word_1_214' title='bbox 1802 2946 1868 2999; x_wconf 84' lang='lat' dir='ltr'><strong>ad</strong></span> <span class='ocrx_word' id='word_1_215' title='bbox 1894 2946 2068 2999; x_wconf 82' lang='lat' dir='ltr'><strong>Atha-</strong></span> 
     </span>
    </p>
   </div>
   <div class='ocr_carea' id='block_1_29' title="bbox 489 3031 2066 3107">
    <p class='ocr_par' dir='ltr' id='par_1_29' title="bbox 489 3031 2066 3107">
     <span class='ocr_line' id='line_1_29' title="bbox 489 3031 2066 3107; baseline 0.003 -22"><span class='ocrx_word' id='word_1_216' title='bbox 489 3031 706 3086; x_wconf 87' lang='lat' dir='ltr'><strong>nasium</strong></span> <span class='ocrx_word' id='word_1_217' title='bbox 768 3039 951 3087; x_wconf 80' lang='lat' dir='ltr'><strong>certos</strong></span> <span class='ocrx_word' id='word_1_218' title='bbox 1012 3033 1285 3096; x_wconf 86' lang='lat' dir='ltr'><strong>homines.</strong></span> <span class='ocrx_word' id='word_1_219' title='bbox 1342 3035 1435 3103; x_wconf 89' lang='lat' dir='ltr'><strong>qui</strong></span> <span class='ocrx_word' id='word_1_220' title='bbox 1492 3034 1563 3089; x_wconf 88' lang='lat' dir='ltr'><strong>ab</strong></span> <span class='ocrx_word' id='word_1_221' title='bbox 1619 3050 1684 3090; x_wconf 91' lang='lat' dir='ltr'><strong>eo</strong></span> <span class='ocrx_word' id='word_1_222' title='bbox 1734 3047 2066 3107; x_wconf 68' lang='lat' dir='ltr'><strong>quaererent,</strong></span> 
     </span>
    </p>
   </div>
   <div class='ocr_carea' id='block_1_30' title="bbox 486 3122 2070 3195">
    <p class='ocr_par' dir='ltr' id='par_1_30' title="bbox 486 3122 2070 3195">
     <span class='ocr_line' id='line_1_30' title="bbox 486 3122 2070 3195; baseline 0.004 -20"><span class='ocrx_word' id='word_1_223' title='bbox 486 3123 730 3180; x_wconf 82' lang='lat' dir='ltr'><strong>ostensis</strong></span> <span class='ocrx_word' id='word_1_224' title='bbox 765 3123 843 3178; x_wconf 88' lang='lat' dir='ltr'><strong>illi</strong></span> <span class='ocrx_word' id='word_1_225' title='bbox 878 3138 1016 3193; x_wconf 86' lang='lat' dir='ltr'><strong>quos</strong></span> <span class='ocrx_word' id='word_1_226' title='bbox 1054 3124 1175 3193; x_wconf 88' lang='lat' dir='ltr'><strong>ipse</strong></span> <span class='ocrx_word' id='word_1_227' title='bbox 1215 3122 1509 3195; x_wconf 78' lang='lat' dir='ltr'><strong>scripsisse</strong></span> <span class='ocrx_word' id='word_1_228' title='bbox 1540 3126 1817 3181; x_wconf 81' lang='lat' dir='ltr'><strong>diceretur</strong></span> <span class='ocrx_word' id='word_1_229' title='bbox 1848 3128 2070 3193; x_wconf 77' lang='lat' dir='ltr'><strong>libellis,</strong></span> 
     </span>
    </p>
   </div>
   <div class='ocr_carea' id='block_1_31' title="bbox 485 3217 2068 3288">
    <p class='ocr_par' dir='ltr' id='par_1_31' title="bbox 485 3217 2068 3288">
     <span class='ocr_line' id='line_1_31' title="bbox 485 3217 2068 3288; baseline 0.002 -15"><span class='ocrx_word' id='word_1_230' title='bbox 485 3235 556 3273; x_wconf 85' lang='lat' dir='ltr'><strong>an</strong></span> <span class='ocrx_word' id='word_1_231' title='bbox 584 3232 775 3274; x_wconf 81' lang='lat' dir='ltr'><strong>revera</strong></span> <span class='ocrx_word' id='word_1_232' title='bbox 800 3231 896 3272; x_wconf 88' lang='lat' dir='ltr'><strong>eos</strong></span> <span class='ocrx_word' id='word_1_233' title='bbox 920 3226 977 3272; x_wconf 88' lang='lat' dir='ltr'><strong>et</strong></span> <span class='ocrx_word' id='word_1_234' title='bbox 1021 3231 1123 3270; x_wconf 90' lang='lat' dir='ltr'><strong>cur</strong></span> <span class='ocrx_word' id='word_1_235' title='bbox 1148 3232 1330 3286; x_wconf 89' lang='lat' dir='ltr'><strong>quove</strong></span> <span class='ocrx_word' id='word_1_236' title='bbox 1362 3217 1596 3272; x_wconf 57' lang='lat' dir='ltr'><strong>consilio</strong></span> <span class='ocrx_word' id='word_1_237' title='bbox 1632 3220 1973 3288; x_wconf 86' lang='lat' dir='ltr'><strong>scripsisset,</strong></span> <span class='ocrx_word' id='word_1_238' title='bbox 2012 3230 2068 3276; x_wconf 90' lang='lat' dir='ltr'><strong>ct</strong></span> 
     </span>
    </p>
   </div>
   <div class='ocr_carea' id='block_1_32' title="bbox 485 3306 2065 3376">
    <p class='ocr_par' dir='ltr' id='par_1_32' title="bbox 485 3306 2065 3376">
     <span class='ocr_line' id='line_1_32' title="bbox 485 3306 2065 3376; baseline 0.003 -15"><span class='ocrx_word' id='word_1_239' title='bbox 485 3323 619 3361; x_wconf 88' lang='lat' dir='ltr'><strong>num</strong></span> <span class='ocrx_word' id='word_1_240' title='bbox 648 3306 705 3360; x_wconf 89' lang='lat' dir='ltr'><strong>in</strong></span> <span class='ocrx_word' id='word_1_241' title='bbox 737 3307 929 3361; x_wconf 85' lang='lat' dir='ltr'><strong>eadem</strong></span> <span class='ocrx_word' id='word_1_242' title='bbox 958 3321 1127 3369; x_wconf 89' lang='lat' dir='ltr'><strong>nunc,</strong></span> <span class='ocrx_word' id='word_1_243' title='bbox 1158 3323 1266 3376; x_wconf 90' lang='lat' dir='ltr'><strong>qua</strong></span> <span class='ocrx_word' id='word_1_244' title='bbox 1310 3308 1443 3362; x_wconf 90' lang='lat' dir='ltr'><strong>olim</strong></span> <span class='ocrx_word' id='word_1_245' title='bbox 1479 3307 1676 3364; x_wconf 91' lang='lat' dir='ltr'><strong>fuisset</strong></span> <span class='ocrx_word' id='word_1_246' title='bbox 1709 3311 1775 3365; x_wconf 87' lang='lat' dir='ltr'><strong>ad</strong></span> <span class='ocrx_word' id='word_1_247' title='bbox 1813 3312 2065 3366; x_wconf 70' lang='lat' dir='ltr'><strong>scriben-</strong></span> 
     </span>
    </p>
   </div>
   <div class='ocr_carea' id='block_1_33' title="bbox 484 3398 2061 3471">
    <p class='ocr_par' dir='ltr' id='par_1_33' title="bbox 484 3398 2061 3471">
     <span class='ocr_line' id='line_1_33' title="bbox 484 3398 2061 3471; baseline 0.006 -22"><span class='ocrx_word' id='word_1_248' title='bbox 484 3398 614 3450; x_wconf 91' lang='lat' dir='ltr'><strong>dum</strong></span> <span class='ocrx_word' id='word_1_249' title='bbox 662 3398 955 3466; x_wconf 87' lang='lat' dir='ltr'><strong>impulsus,</strong></span> <span class='ocrx_word' id='word_1_250' title='bbox 1014 3400 1289 3454; x_wconf 89' lang='lat' dir='ltr'><strong>sententia</strong></span> <span class='ocrx_word' id='word_1_251' title='bbox 1330 3408 1385 3453; x_wconf 87' lang='lat' dir='ltr'><strong>et</strong></span> <span class='ocrx_word' id='word_1_252' title='bbox 1436 3400 1714 3456; x_wconf 76' lang='lat' dir='ltr'><strong>voluntate</strong></span> <span class='ocrx_word' id='word_1_253' title='bbox 1766 3411 2061 3471; x_wconf 79' lang='lat' dir='ltr'><strong>perstaret.</strong></span> 
     </span>
    </p>
   </div>
   <div class='ocr_carea' id='block_1_34' title="bbox 483 3488 2066 3559">
    <p class='ocr_par' dir='ltr' id='par_1_34' title="bbox 483 3488 2066 3559">
     <span class='ocr_line' id='line_1_34' title="bbox 483 3488 2066 3559; baseline 0.005 -19"><span class='ocrx_word' id='word_1_254' title='bbox 483 3488 565 3540; x_wconf 77' lang='lat' dir='ltr'><strong>Ad</strong></span> <span class='ocrx_word' id='word_1_255' title='bbox 613 3489 716 3542; x_wconf 88' lang='lat' dir='ltr'><strong>hoc</strong></span> <span class='ocrx_word' id='word_1_256' title='bbox 747 3489 903 3543; x_wconf 88' lang='lat' dir='ltr'><strong>electi</strong></span> <span class='ocrx_word' id='word_1_257' title='bbox 945 3496 1075 3543; x_wconf 86' lang='lat' dir='ltr'><strong>sunt</strong></span> <span class='ocrx_word' id='word_1_258' title='bbox 1102 3489 1394 3559; x_wconf 71' lang='lat' dir='ltr'><strong>praefectus</strong></span> <span class='ocrx_word' id='word_1_259' title='bbox 1423 3491 1664 3547; x_wconf 84' lang='lat' dir='ltr'><strong>Caniclei</strong></span> <span class='ocrx_word' id='word_1_260' title='bbox 1695 3494 1977 3548; x_wconf 72' lang='lat' dir='ltr'><strong>Cinnamus</strong></span> <span class='ocrx_word' id='word_1_261' title='bbox 2013 3503 2066 3548; x_wconf 84' lang='lat' dir='ltr'><strong>et</strong></span> 
     </span>
    </p>
   </div>
   <div class='ocr_carea' id='block_1_35' title="bbox 484 3581 2064 3654">
    <p class='ocr_par' dir='ltr' id='par_1_35' title="bbox 484 3581 2064 3654">
     <span class='ocr_line' id='line_1_35' title="bbox 484 3581 2064 3654; baseline 0.004 -21"><span class='ocrx_word' id='word_1_262' title='bbox 484 3581 796 3650; x_wconf 74' lang='lat' dir='ltr'><strong>Cyprianus</strong></span> <span class='ocrx_word' id='word_1_263' title='bbox 833 3581 1252 3652; x_wconf 81' lang='lat' dir='ltr'><strong>chartOphylax.</strong></span> <span class='ocrx_word' id='word_1_264' title='bbox 1291 3582 1395 3648; x_wconf 85' lang='lat' dir='ltr'><strong>Qui</strong></span> <span class='ocrx_word' id='word_1_265' title='bbox 1440 3593 1731 3654; x_wconf 86' lang='lat' dir='ltr'><strong>postquam</strong></span> <span class='ocrx_word' id='word_1_266' title='bbox 1763 3586 2064 3640; x_wconf 78' lang='lat' dir='ltr'><strong>Athanasio</strong></span> 
     </span>
    </p>
   </div>
   <div class='ocr_carea' id='block_1_36' title="bbox 487 3672 2065 3746">
    <p class='ocr_par' dir='ltr' id='par_1_36' title="bbox 487 3672 2065 3746">
     <span class='ocr_line' id='line_1_36' title="bbox 487 3672 2065 3746; baseline 0.003 -21"><span class='ocrx_word' id='word_1_267' title='bbox 487 3681 761 3726; x_wconf 81' lang='lat' dir='ltr'><strong>convento</strong></span> <span class='ocrx_word' id='word_1_268' title='bbox 793 3672 1149 3741; x_wconf 85' lang='lat' dir='ltr'><strong>imperatoris</strong></span> <span class='ocrx_word' id='word_1_269' title='bbox 1175 3682 1229 3727; x_wconf 92' lang='lat' dir='ltr'><strong>et</strong></span> <span class='ocrx_word' id='word_1_270' title='bbox 1252 3673 1449 3744; x_wconf 83' lang='lat' dir='ltr'><strong>synodi</strong></span> <span class='ocrx_word' id='word_1_271' title='bbox 1481 3675 1740 3728; x_wconf 86' lang='lat' dir='ltr'><strong>mandata</strong></span> <span class='ocrx_word' id='word_1_272' title='bbox 1775 3674 1877 3729; x_wconf 90' lang='lat' dir='ltr'><strong>rite</strong></span> <span class='ocrx_word' id='word_1_273' title='bbox 1900 3690 2065 3746; x_wconf 79' lang='lat' dir='ltr'><strong>expo-</strong></span> 
     </span>
    </p>
   </div>
   <div class='ocr_carea' id='block_1_37' title="bbox 486 3763 2066 3845">
    <p class='ocr_par' dir='ltr' id='par_1_37' title="bbox 486 3763 2066 3845">
     <span class='ocr_line' id='line_1_37' title="bbox 486 3763 2066 3845; baseline -0.001 -27"><span class='ocrx_word' id='word_1_274' title='bbox 486 3772 738 3831; x_wconf 79' lang='lat' dir='ltr'><strong>suerunt,</strong></span> <span class='ocrx_word' id='word_1_275' title='bbox 785 3764 875 3820; x_wconf 88' lang='lat' dir='ltr'><strong>ille</strong></span> <span class='ocrx_word' id='word_1_276' title='bbox 900 3763 1194 3820; x_wconf 77' lang='lat' dir='ltr'><strong>confestim</strong></span> <span class='ocrx_word' id='word_1_277' title='bbox 1234 3774 1331 3845; x_wconf 79' lang='lat' dir='ltr'><strong>est</strong></span> <span class='ocrx_word' id='word_1_278' title='bbox 1360 3765 1545 3821; x_wconf 82' lang='lat' dir='ltr'><strong>fassus</strong></span> <span class='ocrx_word' id='word_1_279' title='bbox 1586 3774 1641 3820; x_wconf 90' lang='lat' dir='ltr'><strong>et</strong></span> <span class='ocrx_word' id='word_1_280' title='bbox 1673 3781 1735 3822; x_wconf 90' lang='lat' dir='ltr'><strong>se</strong></span> <span class='ocrx_word' id='word_1_281' title='bbox 1782 3767 1870 3821; x_wconf 87' lang='lat' dir='ltr'><strong>illa</strong></span> <span class='ocrx_word' id='word_1_282' title='bbox 1924 3770 2066 3823; x_wconf 83' lang='lat' dir='ltr'><strong>seri-</strong></span> 
     </span>
    </p>
   </div>
   <div class='ocr_carea' id='block_1_38' title="bbox 484 3856 2060 3928">
    <p class='ocr_par' dir='ltr' id='par_1_38' title="bbox 484 3856 2060 3928">
     <span class='ocr_line' id='line_1_38' title="bbox 484 3856 2060 3928; baseline -0.001 -14"><span class='ocrx_word' id='word_1_283' title='bbox 484 3858 690 3928; x_wconf 78' lang='lat' dir='ltr'><strong>psisse,</strong></span> <span class='ocrx_word' id='word_1_284' title='bbox 717 3867 769 3912; x_wconf 84' lang='lat' dir='ltr'><strong>et</strong></span> <span class='ocrx_word' id='word_1_285' title='bbox 812 3856 1270 3926; x_wconf 87' lang='lat' dir='ltr'><strong>pusillanimitate</strong></span> <span class='ocrx_word' id='word_1_286' title='bbox 1303 3870 1367 3911; x_wconf 87' lang='lat' dir='ltr'><strong>ac</strong></span> <span class='ocrx_word' id='word_1_287' title='bbox 1398 3872 1635 3912; x_wconf 59' lang='lat' dir='ltr'><strong>maerore</strong></span> <span class='ocrx_word' id='word_1_288' title='bbox 1671 3857 1827 3914; x_wconf 80' lang='lat' dir='ltr'><strong>fracti</strong></span> <span class='ocrx_word' id='word_1_289' title='bbox 1869 3860 2060 3924; x_wconf 81' lang='lat' dir='ltr'><strong>animi,</strong></span> 
     </span>
    </p>
   </div>
   <div class='ocr_carea' id='block_1_39' title="bbox 485 3951 2059 4023">
    <p class='ocr_par' dir='ltr' id='par_1_39' title="bbox 485 3951 2059 4023">
     <span class='ocr_line' id='line_1_39' title="bbox 485 3951 2059 4023; baseline 0.002 -17"><span class='ocrx_word' id='word_1_290' title='bbox 485 3953 689 4022; x_wconf 88' lang='lat' dir='ltr'><strong>quibus</strong></span> <span class='ocrx_word' id='word_1_291' title='bbox 710 3951 1182 4022; x_wconf 68' lang='lat' dir='ltr'><strong>tunc’agitaretur,</strong></span> <span class='ocrx_word' id='word_1_292' title='bbox 1206 3952 1345 4005; x_wconf 87' lang='lat' dir='ltr'><strong>male</strong></span> <span class='ocrx_word' id='word_1_293' title='bbox 1363 3953 1742 4022; x_wconf 85' lang='lat' dir='ltr'><strong>perturbatum</strong></span> <span class='ocrx_word' id='word_1_294' title='bbox 1765 3954 1815 4006; x_wconf 85' lang='lat' dir='ltr'><strong>id</strong></span> <span class='ocrx_word' id='word_1_295' title='bbox 1839 3955 2018 4023; x_wconf 67' lang='lat' dir='ltr'><strong>egisse</strong></span> <span class='ocrx_word' id='word_1_296' title='bbox 2044 3973 2059 4009; x_wconf 87' lang='lat'><strong>:</strong></span> 
     </span>
    </p>
   </div>
   <div class='ocr_carea' id='block_1_40' title="bbox 486 4044 2063 4117">
    <p class='ocr_par' dir='ltr' id='par_1_40' title="bbox 486 4044 2063 4117">
     <span class='ocr_line' id='line_1_40' title="bbox 486 4044 2063 4117; baseline -0.002 -15"><span class='ocrx_word' id='word_1_297' title='bbox 486 4061 612 4102; x_wconf 76' lang='lat' dir='ltr'><strong>Sese</strong></span> <span class='ocrx_word' id='word_1_298' title='bbox 634 4044 758 4101; x_wconf 87' lang='lat' dir='ltr'><strong>ideo</strong></span> <span class='ocrx_word' id='word_1_299' title='bbox 789 4044 877 4099; x_wconf 89' lang='lat' dir='ltr'><strong>illa</strong></span> <span class='ocrx_word' id='word_1_300' title='bbox 912 4053 964 4099; x_wconf 89' lang='lat' dir='ltr'><strong>et</strong></span> <span class='ocrx_word' id='word_1_301' title='bbox 991 4044 1164 4099; x_wconf 88' lang='lat' dir='ltr'><strong>fuisse</strong></span> <span class='ocrx_word' id='word_1_302' title='bbox 1199 4057 1228 4097; x_wconf 89' lang='lat' dir='ltr'><strong>a</strong></span> <span class='ocrx_word' id='word_1_303' title='bbox 1264 4045 1539 4115; x_wconf 85' lang='lat' dir='ltr'><strong>principio</strong></span> <span class='ocrx_word' id='word_1_304' title='bbox 1575 4046 1729 4100; x_wconf 78' lang='lat' dir='ltr'><strong>irrita</strong></span> <span class='ocrx_word' id='word_1_305' title='bbox 1763 4059 1976 4117; x_wconf 81' lang='lat' dir='ltr'><strong>putare,</strong></span> <span class='ocrx_word' id='word_1_306' title='bbox 2011 4057 2063 4100; x_wconf 87' lang='lat' dir='ltr'><strong>et</strong></span> 
     </span>
    </p>
   </div>
   <div class='ocr_carea' id='block_1_41' title="bbox 484 4141 2058 4209">
    <p class='ocr_par' dir='ltr' id='par_1_41' title="bbox 484 4141 2058 4209">
     <span class='ocr_line' id='line_1_41' title="bbox 484 4141 2058 4209; baseline -0.001 -16"><span class='ocrx_word' id='word_1_307' title='bbox 484 4154 663 4204; x_wconf 88' lang='lat' dir='ltr'><strong>nunc,</strong></span> <span class='ocrx_word' id='word_1_308' title='bbox 691 4146 960 4209; x_wconf 88' lang='lat' dir='ltr'><strong>quantum</strong></span> <span class='ocrx_word' id='word_1_309' title='bbox 983 4147 1169 4207; x_wconf 82' lang='lat' dir='ltr'><strong>posset</strong></span> <span class='ocrx_word' id='word_1_310' title='bbox 1192 4148 1288 4192; x_wconf 91' lang='lat' dir='ltr'><strong>aut</strong></span> <span class='ocrx_word' id='word_1_311' title='bbox 1320 4152 1460 4207; x_wconf 82' lang='lat' dir='ltr'><strong>opus</strong></span> <span class='ocrx_word' id='word_1_312' title='bbox 1492 4147 1661 4205; x_wconf 82' lang='lat' dir='ltr'><strong>esset,</strong></span> <span class='ocrx_word' id='word_1_313' title='bbox 1694 4154 1848 4194; x_wconf 86' lang='lat' dir='ltr'><strong>cassa</strong></span> <span class='ocrx_word' id='word_1_314' title='bbox 1884 4141 2058 4195; x_wconf 81' lang='lat' dir='ltr'><strong>velle:</strong></span> 
     </span>
    </p>
   </div>
   <div class='ocr_carea' id='block_1_42' title="bbox 493 4230 2063 4298">
    <p class='ocr_par' dir='ltr' id='par_1_42' title="bbox 493 4230 2063 4298">
     <span class='ocr_line' id='line_1_42' title="bbox 493 4230 2063 4298; baseline 0.001 -15"><span class='ocrx_word' id='word_1_315' title='bbox 493 4251 512 4283; x_wconf 77' lang='grc' dir='ltr'><strong>ι</strong></span> <span class='ocrx_word' id='word_1_316' title='bbox 539 4231 603 4285; x_wconf 86' lang='grc' dir='ltr'><strong>Ει</strong></span> <span class='ocrx_word' id='word_1_317' title='bbox 626 4231 859 4295; x_wconf 87' lang='lat' dir='ltr'><strong>utinam,</strong></span> <span class='ocrx_word' id='word_1_318' title='bbox 884 4230 1119 4295; x_wconf 88' lang='lat' dir='ltr'><strong>addidit,</strong></span> <span class='ocrx_word' id='word_1_319' title='bbox 1139 4230 1341 4286; x_wconf 66' lang='lat' dir='ltr'><strong>chartae</strong></span> <span class='ocrx_word' id='word_1_320' title='bbox 1365 4230 1506 4295; x_wconf 70' lang='lat' dir='ltr'><strong>istm,</strong></span> <span class='ocrx_word' id='word_1_321' title='bbox 1528 4247 1651 4298; x_wconf 62' lang='lat' dir='ltr'><strong>quae</strong></span> <span class='ocrx_word' id='word_1_322' title='bbox 1677 4230 1826 4285; x_wconf 88' lang='lat' dir='ltr'><strong>hunc</strong></span> <span class='ocrx_word' id='word_1_323' title='bbox 1857 4232 2063 4285; x_wconf 87' lang='lat' dir='ltr'><strong>tumul-</strong></span> 
     </span>
    </p>
   </div>
   <div class='ocr_carea' id='block_1_43' title="bbox 484 4321 2065 4393">
    <p class='ocr_par' dir='ltr' id='par_1_43' title="bbox 484 4321 2065 4393">
     <span class='ocr_line' id='line_1_43' title="bbox 484 4321 2065 4393; baseline 0.002 -17"><span class='ocrx_word' id='word_1_324' title='bbox 484 4334 604 4377; x_wconf 87' lang='lat' dir='ltr'><strong>tum</strong></span> <span class='ocrx_word' id='word_1_325' title='bbox 637 4325 1012 4387; x_wconf 88' lang='lat' dir='ltr'><strong>concitarunt,</strong></span> <span class='ocrx_word' id='word_1_326' title='bbox 1037 4337 1322 4393; x_wconf 87' lang='lat' dir='ltr'><strong>nunquam</strong></span> <span class='ocrx_word' id='word_1_327' title='bbox 1360 4323 1414 4377; x_wconf 91' lang='lat' dir='ltr'><strong>in</strong></span> <span class='ocrx_word' id='word_1_328' title='bbox 1443 4338 1509 4378; x_wconf 91' lang='lat' dir='ltr'><strong>eo</strong></span> <span class='ocrx_word' id='word_1_329' title='bbox 1540 4323 1630 4377; x_wconf 87' lang='lat' dir='ltr'><strong>ubi</strong></span> <span class='ocrx_word' id='word_1_330' title='bbox 1668 4321 2065 4379; x_wconf 86' lang='lat' dir='ltr'><strong>delitescebant</strong></span> 
     </span>
    </p>
   </div>
   <div class='ocr_carea' id='block_1_44' title="bbox 485 4414 2055 4487">
    <p class='ocr_par' dir='ltr' id='par_1_44' title="bbox 485 4414 2055 4487">
     <span class='ocr_line' id='line_1_44' title="bbox 485 4414 2055 4487; baseline -0.001 -18"><span class='ocrx_word' id='word_1_331' title='bbox 485 4416 609 4471; x_wconf 82' lang='lat' dir='ltr'><strong>loco</strong></span> <span class='ocrx_word' id='word_1_332' title='bbox 658 4424 911 4487; x_wconf 68' lang='lat' dir='ltr'><strong>repertae,</strong></span> <span class='ocrx_word' id='word_1_333' title='bbox 962 4429 1245 4484; x_wconf 86' lang='lat' dir='ltr'><strong>nunquam</strong></span> <span class='ocrx_word' id='word_1_334' title='bbox 1278 4422 1543 4470; x_wconf 69' lang='lat' dir='ltr'><strong>extracta:</strong></span> <span class='ocrx_word' id='word_1_335' title='bbox 1583 4414 1735 4468; x_wconf 87' lang='lat' dir='ltr'><strong>illinc</strong></span> <span class='ocrx_word' id='word_1_336' title='bbox 1775 4425 1982 4472; x_wconf 89' lang='lat' dir='ltr'><strong>essent.</strong></span> <span class='ocrx_word' id='word_1_337' title='bbox 2036 4434 2055 4467; x_wconf 74' lang='grc' dir='ltr'><strong>ι</strong></span> 
     </span>
    </p>
   </div>
   <div class='ocr_carea' id='block_1_45' title="bbox 483 4507 2059 4577">
    <p class='ocr_par' dir='ltr' id='par_1_45' title="bbox 483 4507 2059 4577">
     <span class='ocr_line' id='line_1_45' title="bbox 483 4507 2059 4577; baseline -0.001 -15"><span class='ocrx_word' id='word_1_338' title='bbox 483 4508 563 4563; x_wconf 87' lang='lat' dir='ltr'><strong>lta</strong></span> <span class='ocrx_word' id='word_1_339' title='bbox 604 4516 735 4563; x_wconf 81' lang='lat' dir='ltr'><strong>tunc</strong></span> <span class='ocrx_word' id='word_1_340' title='bbox 774 4508 888 4570; x_wconf 88' lang='lat' dir='ltr'><strong>illc,</strong></span> <span class='ocrx_word' id='word_1_341' title='bbox 911 4522 981 4561; x_wconf 90' lang='lat' dir='ltr'><strong>ne</strong></span> <span class='ocrx_word' id='word_1_342' title='bbox 1019 4508 1101 4562; x_wconf 87' lang='lat' dir='ltr'><strong>sic</strong></span> <span class='ocrx_word' id='word_1_343' title='bbox 1120 4508 1341 4577; x_wconf 88' lang='lat' dir='ltr'><strong>quidem</strong></span> <span class='ocrx_word' id='word_1_344' title='bbox 1374 4507 1869 4575; x_wconf 88' lang='lat' dir='ltr'><strong>perspicacioribus</strong></span> <span class='ocrx_word' id='word_1_345' title='bbox 1898 4508 2059 4563; x_wconf 85' lang='lat' dir='ltr'><strong>tidem</strong></span> 
     </span>
    </p>
   </div>
   <div class='ocr_carea' id='block_1_46' title="bbox 2171 647 3723 725">
    <p class='ocr_par' dir='ltr' id='par_1_46' title="bbox 2171 647 3723 725">
     <span class='ocr_line' id='line_1_46' title="bbox 2171 647 3723 725; baseline 0.003 -21"><span class='ocrx_word' id='word_1_346' title='bbox 2171 651 2266 704; x_wconf 74' lang='grc' dir='ltr'><strong>καὶ</strong></span> <span class='ocrx_word' id='word_1_347' title='bbox 2288 651 2507 720; x_wconf 75' lang='grc' dir='ltr'><strong>ἕτοιμος</strong></span> <span class='ocrx_word' id='word_1_348' title='bbox 2538 647 2607 722; x_wconf 80' lang='grc' dir='ltr'><strong>ἦν</strong></span> <span class='ocrx_word' id='word_1_349' title='bbox 2634 653 2931 723; x_wconf 82' lang='grc' dir='ltr'><strong>γράμμασι</strong></span> <span class='ocrx_word' id='word_1_350' title='bbox 2964 653 3177 715; x_wconf 84' lang='grc' dir='ltr'><strong>πιστοῖς</strong></span> <span class='ocrx_word' id='word_1_351' title='bbox 3228 652 3524 723; x_wconf 72' lang='grc' dir='ltr'><strong>ὶγχαράξαι</strong></span> <span class='ocrx_word' id='word_1_352' title='bbox 3551 656 3612 707; x_wconf 76' lang='grc' dir='ltr'><strong>τὰ</strong></span> <span class='ocrx_word' id='word_1_353' title='bbox 3635 656 3723 725; x_wconf 78' lang='grc' dir='ltr'><strong>τῆς</strong></span> 
     </span>
    </p>
   </div>
   <div class='ocr_carea' id='block_1_47' title="bbox 2167 739 3721 815">
    <p class='ocr_par' dir='ltr' id='par_1_47' title="bbox 2167 739 3721 815">
     <span class='ocr_line' id='line_1_47' title="bbox 2167 739 3721 815; baseline 0.003 -20"><span class='ocrx_word' id='word_1_354' title='bbox 2167 739 2492 810; x_wconf 81' lang='grc' dir='ltr'><strong>ἀπολογίας,</strong></span> <span class='ocrx_word' id='word_1_355' title='bbox 2551 743 2625 804; x_wconf 81' lang='grc' dir='ltr'><strong>ὡς</strong></span> <span class='ocrx_word' id='word_1_356' title='bbox 2656 742 2751 796; x_wconf 73' lang='grc' dir='ltr'><strong>καὶ</strong></span> <span class='ocrx_word' id='word_1_357' title='bbox 2780 743 3052 814; x_wconf 82' lang='grc' dir='ltr'><strong>ἀπῄτητό,</strong></span> <span class='ocrx_word' id='word_1_358' title='bbox 3086 741 3274 795; x_wconf 79' lang='grc' dir='ltr'><strong>λαϐὼν</strong></span> <span class='ocrx_word' id='word_1_359' title='bbox 3312 743 3516 815; x_wconf 77' lang='grc' dir='ltr'><strong>χάρτην</strong></span> <span class='ocrx_word' id='word_1_360' title='bbox 3551 747 3721 799; x_wconf 79' lang='grc' dir='ltr'><strong>οἰκειο-</strong></span> 
     </span>
    </p>
   </div>
   <div class='ocr_carea' id='block_1_48' title="bbox 2168 833 3721 907">
    <p class='ocr_par' dir='ltr' id='par_1_48' title="bbox 2168 833 3721 907">
     <span class='ocr_line' id='line_1_48' title="bbox 2168 833 3721 907; baseline 0.002 -22"><span class='ocrx_word' id='word_1_361' title='bbox 2168 833 2366 903; x_wconf 82' lang='grc' dir='ltr'><strong>χείρως</strong></span> <span class='ocrx_word' id='word_1_362' title='bbox 2421 834 2491 887; x_wconf 83' lang='grc' dir='ltr'><strong>τὰ</strong></span> <span class='ocrx_word' id='word_1_363' title='bbox 2539 833 2773 887; x_wconf 74' lang='grc' dir='ltr'><strong>πλεῖστα</strong></span> <span class='ocrx_word' id='word_1_364' title='bbox 2817 833 2932 887; x_wconf 81' lang='grc' dir='ltr'><strong>τάδ’</strong></span> <span class='ocrx_word' id='word_1_365' title='bbox 2967 833 3241 904; x_wconf 75' lang='grc' dir='ltr'><strong>ἔγραψεν·</strong></span> <span class='ocrx_word' id='word_1_366' title='bbox 3289 853 3308 887; x_wconf 83' lang='grc' dir='ltr'><strong>ι</strong></span> <span class='ocrx_word' id='word_1_367' title='bbox 3357 836 3508 904; x_wconf 80' lang='grc' dir='ltr'><strong>Ἐμοὶ</strong></span> <span class='ocrx_word' id='word_1_368' title='bbox 3541 838 3721 907; x_wconf 78' lang='grc' dir='ltr'><strong>συνέϐη</strong></span> 
     </span>
    </p>
   </div>
   <div class='ocr_carea' id='block_1_49' title="bbox 2168 924 3723 997">
    <p class='ocr_par' dir='ltr' id='par_1_49' title="bbox 2168 924 3723 997">
     <span class='ocr_line' id='line_1_49' title="bbox 2168 924 3723 997; baseline 0.001 -20"><span class='ocrx_word' id='word_1_369' title='bbox 2168 924 2630 995; x_wconf 83' lang='grc' dir='ltr'><strong>πατριαρχεύοντι</strong></span> <span class='ocrx_word' id='word_1_370' title='bbox 2658 925 2877 989; x_wconf 87' lang='grc' dir='ltr'><strong>πολλοῖς</strong></span> <span class='ocrx_word' id='word_1_371' title='bbox 2928 928 3023 979; x_wconf 78' lang='grc' dir='ltr'><strong>καὶ</strong></span> <span class='ocrx_word' id='word_1_372' title='bbox 3081 929 3410 997; x_wconf 82' lang='grc' dir='ltr'><strong>πειρασμοῖς</strong></span> <span class='ocrx_word' id='word_1_373' title='bbox 3464 929 3723 997; x_wconf 71' lang='grc' dir='ltr'><strong>ὲμπεεεῖν,</strong></span> 
     </span>
    </p>
   </div>
   <div class='ocr_carea' id='block_1_50' title="bbox 2168 1015 3727 1087">
    <p class='ocr_par' dir='ltr' id='par_1_50' title="bbox 2168 1015 3727 1087">
     <span class='ocr_line' id='line_1_50' title="bbox 2168 1015 3727 1087; baseline 0.001 -20"><span class='ocrx_word' id='word_1_374' title='bbox 2168 1018 2263 1068; x_wconf 73' lang='grc' dir='ltr'><strong>καὶ</strong></span> <span class='ocrx_word' id='word_1_375' title='bbox 2293 1016 2381 1069; x_wconf 74' lang='grc' dir='ltr'><strong>διὰ</strong></span> <span class='ocrx_word' id='word_1_376' title='bbox 2412 1015 2572 1069; x_wconf 84' lang='grc' dir='ltr'><strong>τοῦτο</strong></span> <span class='ocrx_word' id='word_1_377' title='bbox 2603 1016 2663 1081; x_wconf 78' lang='grc' dir='ltr'>ἐξ</span> <span class='ocrx_word' id='word_1_378' title='bbox 2694 1016 2868 1084; x_wconf 84' lang='grc' dir='ltr'><strong>αὐτῆς</strong></span> <span class='ocrx_word' id='word_1_379' title='bbox 2898 1017 2997 1086; x_wconf 84' lang='grc' dir='ltr'><strong>τῆς</strong></span> <span class='ocrx_word' id='word_1_380' title='bbox 3038 1016 3421 1087; x_wconf 80' lang='grc' dir='ltr'><strong>κατασχούσης</strong></span> <span class='ocrx_word' id='word_1_381' title='bbox 3470 1035 3530 1085; x_wconf 89' lang='grc' dir='ltr'><strong>με</strong></span> <span class='ocrx_word' id='word_1_382' title='bbox 3553 1016 3727 1087; x_wconf 77' lang='grc' dir='ltr'><strong>ὀδύνης</strong></span> 
     </span>
    </p>
   </div>
   <div class='ocr_carea' id='block_1_51' title="bbox 2168 1106 3730 1180">
    <p class='ocr_par' dir='ltr' id='par_1_51' title="bbox 2168 1106 3730 1180">
     <span class='ocr_line' id='line_1_51' title="bbox 2168 1106 3730 1180; baseline -0.001 -19"><span class='ocrx_word' id='word_1_383' title='bbox 2168 1109 2263 1161; x_wconf 80' lang='grc' dir='ltr'><strong>καὶ</strong></span> <span class='ocrx_word' id='word_1_384' title='bbox 2301 1108 2532 1177; x_wconf 78' lang='grc' dir='ltr'><strong>πικρίας</strong></span> <span class='ocrx_word' id='word_1_385' title='bbox 2570 1109 2972 1179; x_wconf 71' lang='grc' dir='ltr'><strong>παρακινηθεὶς</strong></span> <span class='ocrx_word' id='word_1_386' title='bbox 3025 1109 3332 1178; x_wconf 86' lang='grc' dir='ltr'><strong>γράμματα</strong></span> <span class='ocrx_word' id='word_1_387' title='bbox 3360 1108 3444 1179; x_wconf 81' lang='lat' dir='ltr'><strong>lP.</strong></span> <span class='ocrx_word' id='word_1_388' title='bbox 3476 1106 3730 1180; x_wconf 42' lang='lat'><strong>1721:513-</strong></span> 
     </span>
    </p>
   </div>
   <div class='ocr_carea' id='block_1_52' title="bbox 2167 1200 3727 1270">
    <p class='ocr_par' dir='ltr' id='par_1_52' title="bbox 2167 1200 3727 1270">
     <span class='ocr_line' id='line_1_52' title="bbox 2167 1200 3727 1270; baseline -0.001 -18"><span class='ocrx_word' id='word_1_389' title='bbox 2167 1216 2338 1266; x_wconf 81' lang='grc' dir='ltr'><strong>νεγκα</strong></span> <span class='ocrx_word' id='word_1_390' title='bbox 2369 1200 2531 1269; x_wconf 80' lang='grc' dir='ltr'><strong>βάρος</strong></span> <span class='ocrx_word' id='word_1_391' title='bbox 2562 1201 2877 1270; x_wconf 80' lang='grc' dir='ltr'><strong>ἁφορισμοῦ</strong></span> <span class='ocrx_word' id='word_1_392' title='bbox 2908 1206 3002 1254; x_wconf 69' lang='grc' dir='ltr'><strong>καὶ</strong></span> <span class='ocrx_word' id='word_1_393' title='bbox 3058 1200 3260 1253; x_wconf 81' lang='grc' dir='ltr'><strong>λοιπῶν</strong></span> <span class='ocrx_word' id='word_1_394' title='bbox 3312 1202 3595 1268; x_wconf 74' lang='grc' dir='ltr'><strong>ἐπιτιμίων</strong></span> <span class='ocrx_word' id='word_1_395' title='bbox 3621 1200 3727 1252; x_wconf 82' lang='grc' dir='ltr'><strong>κατ’</strong></span> 
     </span>
    </p>
   </div>
   <div class='ocr_carea' id='block_1_53' title="bbox 2167 1290 3727 1364">
    <p class='ocr_par' dir='ltr' id='par_1_53' title="bbox 2167 1290 3727 1364">
     <span class='ocr_line' id='line_1_53' title="bbox 2167 1290 3727 1364; baseline -0.001 -19"><span class='ocrx_word' id='word_1_396' title='bbox 2167 1292 2346 1345; x_wconf 75' lang='grc' dir='ltr'><strong>αὐτῶν</strong></span> <span class='ocrx_word' id='word_1_397' title='bbox 2383 1293 2579 1361; x_wconf 77' lang='grc' dir='ltr'><strong>ἔχοντα</strong></span> <span class='ocrx_word' id='word_1_398' title='bbox 2606 1293 2715 1346; x_wconf 85' lang='grc' dir='ltr'><strong>τῶν</strong></span> <span class='ocrx_word' id='word_1_399' title='bbox 2743 1293 3053 1364; x_wconf 67' lang='grc' dir='ltr'><strong>θλιψάντω)</strong></span> <span class='ocrx_word' id='word_1_400' title='bbox 3090 1311 3157 1361; x_wconf 86' lang='grc' dir='ltr'><strong>με</strong></span> <span class='ocrx_word' id='word_1_401' title='bbox 3208 1295 3302 1346; x_wconf 71' lang='grc' dir='ltr'><strong>καὶ</strong></span> <span class='ocrx_word' id='word_1_402' title='bbox 3339 1290 3727 1360; x_wconf 81' lang='grc' dir='ltr'><strong>λελυπηκότων.</strong></span> 
     </span>
    </p>
   </div>
   <div class='ocr_carea' id='block_1_54' title="bbox 2180 1382 3733 1454">
    <p class='ocr_par' dir='ltr' id='par_1_54' title="bbox 2180 1382 3733 1454">
     <span class='ocr_line' id='line_1_54' title="bbox 2180 1382 3733 1454; baseline -0.004 -17"><span class='ocrx_word' id='word_1_403' title='bbox 2180 1382 2478 1454; x_wconf 75' lang='grc' dir='ltr'><strong>Ἐγνὼρισε</strong></span> <span class='ocrx_word' id='word_1_404' title='bbox 2513 1384 2558 1436; x_wconf 91' lang='grc' dir='ltr'><strong>δ’</strong></span> <span class='ocrx_word' id='word_1_405' title='bbox 2612 1384 2671 1451; x_wconf 77' lang='grc' dir='ltr'>ἐξ</span> <span class='ocrx_word' id='word_1_406' title='bbox 2713 1384 2893 1438; x_wconf 78' lang='grc' dir='ltr'><strong>αὐτῶν</strong></span> <span class='ocrx_word' id='word_1_407' title='bbox 2929 1384 3038 1438; x_wconf 84' lang='grc' dir='ltr'><strong>τῶν</strong></span> <span class='ocrx_word' id='word_1_408' title='bbox 3091 1382 3531 1453; x_wconf 76' lang='grc' dir='ltr'><strong>ἐπιτιμηθέντων</strong></span> <span class='ocrx_word' id='word_1_409' title='bbox 3576 1382 3733 1445; x_wconf 67' lang='grc' dir='ltr'><strong>οὐδεὶς</strong></span> 
     </span>
    </p>
   </div>
   <div class='ocr_carea' id='block_1_55' title="bbox 2166 1471 3732 1545">
    <p class='ocr_par' dir='ltr' id='par_1_55' title="bbox 2166 1471 3732 1545">
     <span class='ocr_line' id='line_1_55' title="bbox 2166 1471 3732 1545; baseline -0.001 -19"><span class='ocrx_word' id='word_1_410' title='bbox 2166 1474 2289 1526; x_wconf 76' lang='grc' dir='ltr'><strong>οὕτε</strong></span> <span class='ocrx_word' id='word_1_411' title='bbox 2326 1474 2454 1544; x_wconf 78' lang='grc' dir='ltr'><strong>περὶ</strong></span> <span class='ocrx_word' id='word_1_412' title='bbox 2482 1473 2593 1527; x_wconf 85' lang='grc' dir='ltr'><strong>τῶν</strong></span> <span class='ocrx_word' id='word_1_413' title='bbox 2623 1474 2935 1545; x_wconf 75' lang='grc' dir='ltr'><strong>εἰρημένων</strong></span> <span class='ocrx_word' id='word_1_414' title='bbox 2974 1475 3320 1545; x_wconf 78' lang='grc' dir='ltr'><strong>γραμμάτων</strong></span> <span class='ocrx_word' id='word_1_415' title='bbox 3349 1471 3472 1525; x_wconf 73' lang='grc' dir='ltr'><strong>οὔτε</strong></span> <span class='ocrx_word' id='word_1_416' title='bbox 3497 1472 3732 1541; x_wconf 72' lang='grc' dir='ltr'><strong>περὶτῶν</strong></span> 
     </span>
    </p>
   </div>
   <div class='ocr_carea' id='block_1_56' title="bbox 2167 1563 3734 1636">
    <p class='ocr_par' dir='ltr' id='par_1_56' title="bbox 2167 1563 3734 1636">
     <span class='ocr_line' id='line_1_56' title="bbox 2167 1563 3734 1636; baseline -0.001 -19"><span class='ocrx_word' id='word_1_417' title='bbox 2167 1566 2226 1617; x_wconf 87' lang='grc' dir='ltr'><strong>ὲν</strong></span> <span class='ocrx_word' id='word_1_418' title='bbox 2255 1566 2440 1628; x_wconf 78' lang='grc' dir='ltr'><strong>αὐτοῖς</strong></span> <span class='ocrx_word' id='word_1_419' title='bbox 2468 1565 2788 1636; x_wconf 71' lang='grc' dir='ltr'><strong>ἐπιτιμίων.</strong></span> <span class='ocrx_word' id='word_1_420' title='bbox 2856 1563 2990 1620; x_wconf 74' lang='grc' dir='ltr'><strong>Εἶτα</strong></span> <span class='ocrx_word' id='word_1_421' title='bbox 3043 1566 3183 1619; x_wconf 82' lang='grc' dir='ltr'><strong>αὐτὰ</strong></span> <span class='ocrx_word' id='word_1_422' title='bbox 3217 1566 3317 1635; x_wconf 86' lang='grc' dir='ltr'><strong>μὲν</strong></span> <span class='ocrx_word' id='word_1_423' title='bbox 3349 1564 3418 1619; x_wconf 82' lang='grc' dir='ltr'><strong>τά</strong></span> <span class='ocrx_word' id='word_1_424' title='bbox 3454 1564 3734 1636; x_wconf 83' lang='grc' dir='ltr'><strong>γράμματα</strong></span> 
     </span>
    </p>
   </div>
   <div class='ocr_carea' id='block_1_57' title="bbox 2168 1655 3733 1728">
    <p class='ocr_par' dir='ltr' id='par_1_57' title="bbox 2168 1655 3733 1728">
     <span class='ocr_line' id='line_1_57' title="bbox 2168 1655 3733 1728; baseline -0.001 -19"><span class='ocrx_word' id='word_1_425' title='bbox 2168 1659 2226 1710; x_wconf 83' lang='grc' dir='ltr'><strong>ἑν</strong></span> <span class='ocrx_word' id='word_1_426' title='bbox 2267 1657 2574 1727; x_wconf 83' lang='grc' dir='ltr'><strong>ἀποκρύφῳ</strong></span> <span class='ocrx_word' id='word_1_427' title='bbox 2631 1659 2738 1711; x_wconf 74' lang='grc' dir='ltr'><strong>τινι</strong></span> <span class='ocrx_word' id='word_1_428' title='bbox 2770 1659 2869 1713; x_wconf 76' lang='grc' dir='ltr'><strong>καὶ</strong></span> <span class='ocrx_word' id='word_1_429' title='bbox 2927 1659 3213 1720; x_wconf 80' lang='grc' dir='ltr'><strong>παντελῶς</strong></span> <span class='ocrx_word' id='word_1_430' title='bbox 3251 1658 3434 1728; x_wconf 85' lang='grc' dir='ltr'><strong>ἀδήλῳ</strong></span> <span class='ocrx_word' id='word_1_431' title='bbox 3483 1657 3628 1726; x_wconf 82' lang='grc' dir='ltr'><strong>τόπῳ</strong></span> <span class='ocrx_word' id='word_1_432' title='bbox 3651 1655 3733 1708; x_wconf 75' lang='grc' dir='ltr'><strong>τοῦ</strong></span> 
     </span>
    </p>
   </div>
   <div class='ocr_carea' id='block_1_58' title="bbox 2171 1749 3736 1822">
    <p class='ocr_par' dir='ltr' id='par_1_58' title="bbox 2171 1749 3736 1822">
     <span class='ocr_line' id='line_1_58' title="bbox 2171 1749 3736 1822; baseline -0.001 -21"><span class='ocrx_word' id='word_1_433' title='bbox 2171 1751 2411 1819; x_wconf 81' lang='grc' dir='ltr'><strong>μεγάλου</strong></span> <span class='ocrx_word' id='word_1_434' title='bbox 2439 1752 2567 1805; x_wconf 80' lang='grc' dir='ltr'><strong>ναοῦ</strong></span> <span class='ocrx_word' id='word_1_435' title='bbox 2593 1752 2695 1822; x_wconf 83' lang='grc' dir='ltr'><strong>τῆς</strong></span> <span class='ocrx_word' id='word_1_436' title='bbox 2720 1752 2814 1805; x_wconf 77' lang='grc' dir='ltr'><strong>τοῦ</strong></span> <span class='ocrx_word' id='word_1_437' title='bbox 2843 1751 2978 1805; x_wconf 80' lang='grc' dir='ltr'><strong>Θεοῦ</strong></span> <span class='ocrx_word' id='word_1_438' title='bbox 3011 1751 3173 1820; x_wconf 73' lang='grc' dir='ltr'><strong>ἁγίας</strong></span> <span class='ocrx_word' id='word_1_439' title='bbox 3199 1751 3396 1821; x_wconf 80' lang='grc' dir='ltr'><strong>σοφίας</strong></span> <span class='ocrx_word' id='word_1_440' title='bbox 3423 1749 3736 1802; x_wconf 79' lang='grc' dir='ltr'><strong>ἀποτεθέντα</strong></span> 
     </span>
    </p>
   </div>
   <div class='ocr_carea' id='block_1_59' title="bbox 2170 1838 3738 1914">
    <p class='ocr_par' dir='ltr' id='par_1_59' title="bbox 2170 1838 3738 1914">
     <span class='ocr_line' id='line_1_59' title="bbox 2170 1838 3738 1914; baseline -0.003 -20"><span class='ocrx_word' id='word_1_441' title='bbox 2170 1846 2228 1894; x_wconf 81' lang='grc' dir='ltr'><strong>ἐν</strong></span> <span class='ocrx_word' id='word_1_442' title='bbox 2270 1842 2418 1914; x_wconf 79' lang='grc' dir='ltr'><strong>αύτῷ</strong></span> <span class='ocrx_word' id='word_1_443' title='bbox 2446 1845 2527 1911; x_wconf 83' lang='grc' dir='ltr'><strong>τῷ</strong></span> <span class='ocrx_word' id='word_1_444' title='bbox 2556 1844 2705 1914; x_wconf 83' lang='grc' dir='ltr'><strong>τόπῳ</strong></span> <span class='ocrx_word' id='word_1_445' title='bbox 2742 1844 2837 1897; x_wconf 71' lang='grc' dir='ltr'><strong>καὶ</strong></span> <span class='ocrx_word' id='word_1_446' title='bbox 2883 1844 3123 1911; x_wconf 76' lang='grc' dir='ltr'><strong>διέμεινε</strong></span> <span class='ocrx_word' id='word_1_447' title='bbox 3168 1841 3569 1913; x_wconf 79' lang='grc' dir='ltr'><strong>φυλαττόμενα.</strong></span> <span class='ocrx_word' id='word_1_448' title='bbox 3612 1838 3738 1907; x_wconf 81' lang='grc' dir='ltr'><strong>Ἐγὼ</strong></span> 
     </span>
    </p>
   </div>
   <div class='ocr_carea' id='block_1_60' title="bbox 2169 1934 3739 2006">
    <p class='ocr_par' dir='ltr' id='par_1_60' title="bbox 2169 1934 3739 2006">
     <span class='ocr_line' id='line_1_60' title="bbox 2169 1934 3739 2006; baseline -0.002 -19"><span class='ocrx_word' id='word_1_449' title='bbox 2169 1934 2226 1987; x_wconf 81' lang='grc' dir='ltr'><strong>δὲ</strong></span> <span class='ocrx_word' id='word_1_450' title='bbox 2258 1935 2381 1988; x_wconf 74' lang='grc' dir='ltr'><strong>ἐπεὶ</strong></span> <span class='ocrx_word' id='word_1_451' title='bbox 2414 1935 2508 1989; x_wconf 80' lang='grc' dir='ltr'><strong>τοῦ</strong></span> <span class='ocrx_word' id='word_1_452' title='bbox 2549 1937 2741 2005; x_wconf 85' lang='grc' dir='ltr'><strong>θρόνου</strong></span> <span class='ocrx_word' id='word_1_453' title='bbox 2775 1936 3135 2006; x_wconf 77' lang='grc' dir='ltr'><strong>ἀναχωρῆσαι</strong></span> <span class='ocrx_word' id='word_1_454' title='bbox 3167 1937 3260 1988; x_wconf 69' lang='grc' dir='ltr'><strong>καὶ</strong></span> <span class='ocrx_word' id='word_1_455' title='bbox 3293 1935 3394 2001; x_wconf 83' lang='grc' dir='ltr'><strong>τῆς</strong></span> <span class='ocrx_word' id='word_1_456' title='bbox 3431 1950 3739 2004; x_wconf 79' lang='grc' dir='ltr'><strong>πατριαρχι-</strong></span> 
     </span>
    </p>
   </div>
   <div class='ocr_carea' id='block_1_61' title="bbox 2174 2022 3741 2095">
    <p class='ocr_par' dir='ltr' id='par_1_61' title="bbox 2174 2022 3741 2095">
     <span class='ocr_line' id='line_1_61' title="bbox 2174 2022 3741 2095; baseline -0.004 -17"><span class='ocrx_word' id='word_1_457' title='bbox 2174 2028 2275 2093; x_wconf 61' lang='lat' dir='ltr'><strong>xii;</strong></span> <span class='ocrx_word' id='word_1_458' title='bbox 2315 2025 2496 2095; x_wconf 83' lang='grc' dir='ltr'><strong>πάσης</strong></span> <span class='ocrx_word' id='word_1_459' title='bbox 2522 2025 2862 2094; x_wconf 87' lang='grc' dir='ltr'><strong>προστασίας</strong></span> <span class='ocrx_word' id='word_1_460' title='bbox 2893 2024 3231 2093; x_wconf 76' lang='grc' dir='ltr'><strong>παραίτησιν</strong></span> <span class='ocrx_word' id='word_1_461' title='bbox 3260 2022 3571 2093; x_wconf 70' lang='grc' dir='ltr'><strong>ἠϐουλήθην</strong></span> <span class='ocrx_word' id='word_1_462' title='bbox 3601 2022 3741 2090; x_wconf 73' lang='grc' dir='ltr'><strong>ποιή-</strong></span> 
     </span>
    </p>
   </div>
   <div class='ocr_carea' id='block_1_62' title="bbox 2174 2112 3740 2186">
    <p class='ocr_par' dir='ltr' id='par_1_62' title="bbox 2174 2112 3740 2186">
     <span class='ocr_line' id='line_1_62' title="bbox 2174 2112 3740 2186; baseline -0.002 -18"><span class='ocrx_word' id='word_1_463' title='bbox 2174 2116 2372 2170; x_wconf 73' lang='grc' dir='ltr'><strong>σασθαι</strong></span> <span class='ocrx_word' id='word_1_464' title='bbox 2403 2117 2501 2169; x_wconf 64' lang='grc' dir='ltr'><strong>καὶ⁵</strong></span> <span class='ocrx_word' id='word_1_465' title='bbox 2525 2116 2823 2186; x_wconf 77' lang='grc' dir='ltr'><strong>ἡσυχάζειν</strong></span> <span class='ocrx_word' id='word_1_466' title='bbox 2854 2117 3017 2171; x_wconf 84' lang='grc' dir='ltr'><strong>πάλιν</strong></span> <span class='ocrx_word' id='word_1_467' title='bbox 3054 2114 3176 2168; x_wconf 83' lang='grc' dir='ltr'><strong>κατ’</strong></span> <span class='ocrx_word' id='word_1_468' title='bbox 3233 2114 3478 2183; x_wconf 74' lang='grc' dir='ltr'><strong>ἐμαυτὸν</strong></span> <span class='ocrx_word' id='word_1_469' title='bbox 3533 2113 3606 2176; x_wconf 88' lang='grc' dir='ltr'><strong>ὼς</strong></span> <span class='ocrx_word' id='word_1_470' title='bbox 3656 2112 3740 2165; x_wconf 76' lang='grc' dir='ltr'><strong>καὶ</strong></span> 
     </span>
    </p>
   </div>
   <div class='ocr_carea' id='block_1_63' title="bbox 2174 2207 3739 2279">
    <p class='ocr_par' dir='ltr' id='par_1_63' title="bbox 2174 2207 3739 2279">
     <span class='ocr_line' id='line_1_63' title="bbox 2174 2207 3739 2279; baseline -0.004 -18"><span class='ocrx_word' id='word_1_471' title='bbox 2174 2209 2466 2277; x_wconf 69' lang='grc' dir='ltr'><strong>πςότερον,</strong></span> <span class='ocrx_word' id='word_1_472' title='bbox 2506 2208 2669 2269; x_wconf 77' lang='grc' dir='ltr'><strong>εὐθὺς</strong></span> <span class='ocrx_word' id='word_1_473' title='bbox 2699 2208 2884 2261; x_wconf 77' lang='grc' dir='ltr'><strong>καὶτὸ</strong></span> <span class='ocrx_word' id='word_1_474' title='bbox 2925 2207 3150 2279; x_wconf 85' lang='grc' dir='ltr'><strong>σύμπαν</strong></span> <span class='ocrx_word' id='word_1_475' title='bbox 3201 2209 3317 2265; x_wconf 69' lang='grc' dir='ltr'><strong>τῶν</strong></span> <span class='ocrx_word' id='word_1_476' title='bbox 3350 2207 3739 2279; x_wconf 76' lang='grc' dir='ltr'><strong>γεγραμμένων</strong></span> 
     </span>
    </p>
   </div>
   <div class='ocr_carea' id='block_1_64' title="bbox 2177 2299 3741 2371">
    <p class='ocr_par' dir='ltr' id='par_1_64' title="bbox 2177 2299 3741 2371">
     <span class='ocr_line' id='line_1_64' title="bbox 2177 2299 3741 2371; baseline -0.003 -17"><span class='ocrx_word' id='word_1_477' title='bbox 2177 2304 2352 2354; x_wconf 55' lang='grc' dir='ltr'><strong>ἐκεῖνο</strong></span> <span class='ocrx_word' id='word_1_478' title='bbox 2383 2300 2547 2371; x_wconf 83' lang='grc' dir='ltr'><strong>βάρος</strong></span> <span class='ocrx_word' id='word_1_479' title='bbox 2570 2299 2629 2365; x_wconf 77' lang='grc' dir='ltr'>ἐξ</span> <span class='ocrx_word' id='word_1_480' title='bbox 2657 2300 2827 2371; x_wconf 80' lang='grc' dir='ltr'><strong>αὐτῆς</strong></span> <span class='ocrx_word' id='word_1_481' title='bbox 2845 2300 3026 2371; x_wconf 74' lang='grc' dir='ltr'><strong>ψυχῆς</strong></span> <span class='ocrx_word' id='word_1_482' title='bbox 3051 2299 3315 2364; x_wconf 85' lang='grc' dir='ltr'><strong>διαλύσας</strong></span> <span class='ocrx_word' id='word_1_483' title='bbox 3338 2301 3602 2371; x_wconf 78' lang='grc' dir='ltr'><strong>ὴθέτησα.</strong></span> <span class='ocrx_word' id='word_1_484' title='bbox 3626 2313 3741 2365; x_wconf 77' lang='grc' dir='ltr'><strong>συγ-</strong></span> 
     </span>
    </p>
   </div>
   <div class='ocr_carea' id='block_1_65' title="bbox 2182 2478 3744 2552">
    <p class='ocr_par' dir='ltr' id='par_1_65' title="bbox 2182 2478 3744 2552">
     <span class='ocr_line' id='line_1_65' title="bbox 2182 2478 3744 2552; baseline -0.007 -12"><span class='ocrx_word' id='word_1_485' title='bbox 2182 2487 2420 2540; x_wconf 80' lang='lat' dir='ltr'><strong>animum</strong></span> <span class='ocrx_word' id='word_1_486' title='bbox 2456 2480 2826 2552; x_wconf 84' lang='lat' dir='ltr'><strong>imperatoris,</strong></span> <span class='ocrx_word' id='word_1_487' title='bbox 2866 2495 3102 2550; x_wconf 87' lang='lat' dir='ltr'><strong>eumque</strong></span> <span class='ocrx_word' id='word_1_488' title='bbox 3138 2490 3287 2536; x_wconf 89' lang='lat' dir='ltr'><strong>metu</strong></span> <span class='ocrx_word' id='word_1_489' title='bbox 3330 2481 3437 2537; x_wconf 89' lang='lat' dir='ltr'><strong>isto</strong></span> <span class='ocrx_word' id='word_1_490' title='bbox 3471 2478 3744 2534; x_wconf 79' lang='lat' dir='ltr'><strong>induceret</strong></span> 
     </span>
    </p>
   </div>
   <div class='ocr_carea' id='block_1_66' title="bbox 2176 2568 3739 2642">
    <p class='ocr_par' dir='ltr' id='par_1_66' title="bbox 2176 2568 3739 2642">
     <span class='ocr_line' id='line_1_66' title="bbox 2176 2568 3739 2642; baseline -0.006 -12"><span class='ocrx_word' id='word_1_491' title='bbox 2176 2578 2240 2630; x_wconf 89' lang='lat' dir='ltr'><strong>ad</strong></span> <span class='ocrx_word' id='word_1_492' title='bbox 2276 2592 2334 2630; x_wconf 87' lang='lat' dir='ltr'><strong>se</strong></span> <span class='ocrx_word' id='word_1_493' title='bbox 2368 2575 2420 2628; x_wconf 91' lang='lat' dir='ltr'><strong>in</strong></span> <span class='ocrx_word' id='word_1_494' title='bbox 2458 2574 2656 2628; x_wconf 88' lang='lat' dir='ltr'><strong>throno</strong></span> <span class='ocrx_word' id='word_1_495' title='bbox 2690 2572 3089 2641; x_wconf 90' lang='lat' dir='ltr'><strong>reponendum,</strong></span> <span class='ocrx_word' id='word_1_496' title='bbox 3142 2574 3288 2628; x_wconf 89' lang='lat' dir='ltr'><strong>unde</strong></span> <span class='ocrx_word' id='word_1_497' title='bbox 3328 2573 3573 2642; x_wconf 80' lang='lat' dir='ltr'><strong>ingratus</strong></span> <span class='ocrx_word' id='word_1_498' title='bbox 3615 2584 3673 2624; x_wconf 90' lang='lat' dir='ltr'><strong>ac</strong></span> <span class='ocrx_word' id='word_1_499' title='bbox 3696 2568 3739 2621; x_wconf 83' lang='lat' dir='ltr'><strong>vi</strong></span> 
     </span>
    </p>
   </div>
   <div class='ocr_carea' id='block_1_67' title="bbox 2175 2660 3740 2731">
    <p class='ocr_par' dir='ltr' id='par_1_67' title="bbox 2175 2660 3740 2731">
     <span class='ocr_line' id='line_1_67' title="bbox 2175 2660 3740 2731; baseline -0.004 -10"><span class='ocrx_word' id='word_1_500' title='bbox 2175 2674 2402 2721; x_wconf 90' lang='lat' dir='ltr'><strong>coactus</strong></span> <span class='ocrx_word' id='word_1_501' title='bbox 2425 2663 2825 2728; x_wconf 82' lang='lat' dir='ltr'><strong>descendisset,</strong></span> <span class='ocrx_word' id='word_1_502' title='bbox 2862 2663 3022 2718; x_wconf 81' lang='lat' dir='ltr'><strong>facile</strong></span> <span class='ocrx_word' id='word_1_503' title='bbox 3050 2673 3355 2719; x_wconf 85' lang='lat' dir='ltr'><strong>autumans</strong></span> <span class='ocrx_word' id='word_1_504' title='bbox 3386 2662 3524 2717; x_wconf 86' lang='lat' dir='ltr'><strong>nihil</strong></span> <span class='ocrx_word' id='word_1_505' title='bbox 3551 2660 3740 2731; x_wconf 89' lang='lat' dir='ltr'><strong>pacisci</strong></span> 
     </span>
    </p>
   </div>
   <div class='ocr_carea' id='block_1_68' title="bbox 2176 2754 3741 2825">
    <p class='ocr_par' dir='ltr' id='par_1_68' title="bbox 2176 2754 3741 2825">
     <span class='ocr_line' id='line_1_68' title="bbox 2176 2754 3741 2825; baseline -0.005 -14"><span class='ocrx_word' id='word_1_506' title='bbox 2176 2770 2558 2812; x_wconf 88' lang='lat' dir='ltr'><strong>recusaturum</strong></span> <span class='ocrx_word' id='word_1_507' title='bbox 2609 2754 2917 2824; x_wconf 79' lang='lat' dir='ltr'><strong>Augustum</strong></span> <span class='ocrx_word' id='word_1_508' title='bbox 2961 2770 3060 2825; x_wconf 91' lang='lat' dir='ltr'><strong>pro</strong></span> <span class='ocrx_word' id='word_1_509' title='bbox 3096 2769 3192 2824; x_wconf 89' lang='lat' dir='ltr'><strong>spe</strong></span> <span class='ocrx_word' id='word_1_510' title='bbox 3228 2754 3465 2809; x_wconf 83' lang='lat' dir='ltr'><strong>infirmae</strong></span> <span class='ocrx_word' id='word_1_511' title='bbox 3488 2769 3552 2809; x_wconf 90' lang='lat' dir='ltr'><strong>ac</strong></span> <span class='ocrx_word' id='word_1_512' title='bbox 3589 2765 3741 2821; x_wconf 79' lang='lat' dir='ltr'><strong>supra</strong></span> 
     </span>
    </p>
   </div>
   <div class='ocr_carea' id='block_1_69' title="bbox 2174 2834 3742 2916">
    <p class='ocr_par' dir='ltr' id='par_1_69' title="bbox 2174 2834 3742 2916">
     <span class='ocr_line' id='line_1_69' title="bbox 2174 2834 3742 2916; baseline -0.003 -12"><span class='ocrx_word' id='word_1_513' title='bbox 2174 2849 2399 2905; x_wconf 87' lang='lat' dir='ltr'><strong>modum</strong></span> <span class='ocrx_word' id='word_1_514' title='bbox 2433 2847 2683 2903; x_wconf 76' lang='lat' dir='ltr'><strong>delicatae</strong></span> <span class='ocrx_word' id='word_1_515' title='bbox 2713 2834 3357 2916; x_wconf 14' lang='lat' dir='ltr'><strong>conscientim’pacandze</strong></span> <span class='ocrx_word' id='word_1_516' title='bbox 3381 2887 3397 2903; x_wconf 94' lang='lat'><strong>.</strong></span> <span class='ocrx_word' id='word_1_517' title='bbox 3429 2847 3597 2915; x_wconf 87' lang='lat' dir='ltr'><strong>Quem</strong></span> <span class='ocrx_word' id='word_1_518' title='bbox 3630 2847 3742 2900; x_wconf 89' lang='lat' dir='ltr'><strong>ideo</strong></span> 
     </span>
    </p>
   </div>
   <div class='ocr_carea' id='block_1_70' title="bbox 2176 2933 3741 3009">
    <p class='ocr_par' dir='ltr' id='par_1_70' title="bbox 2176 2933 3741 3009">
     <span class='ocr_line' id='line_1_70' title="bbox 2176 2933 3741 3009; baseline -0.003 -12"><span class='ocrx_word' id='word_1_519' title='bbox 2176 2951 2386 2997; x_wconf 87' lang='lat' dir='ltr'><strong>terrere</strong></span> <span class='ocrx_word' id='word_1_520' title='bbox 2424 2933 2749 2995; x_wconf 77' lang='lat' dir='ltr'><strong>nominatim</strong></span> <span class='ocrx_word' id='word_1_521' title='bbox 2796 2948 2850 2993; x_wconf 90' lang='lat' dir='ltr'><strong>et</strong></span> <span class='ocrx_word' id='word_1_522' title='bbox 2893 2937 3060 3009; x_wconf 59' lang='lat'><strong>255.</strong></span> <span class='ocrx_word' id='word_1_523' title='bbox 3097 2940 3448 2996; x_wconf 83' lang='lat' dir='ltr'><strong>damnationi</strong></span> <span class='ocrx_word' id='word_1_524' title='bbox 3503 2955 3531 2993; x_wconf 92' lang='lat' dir='ltr'><strong>a</strong></span> <span class='ocrx_word' id='word_1_525' title='bbox 3587 2954 3642 2995; x_wconf 88' lang='lat' dir='ltr'><strong>se</strong></span> <span class='ocrx_word' id='word_1_526' title='bbox 3691 2939 3741 2992; x_wconf 92' lang='lat' dir='ltr'><strong>in</strong></span> 
     </span>
    </p>
   </div>
   <div class='ocr_carea' id='block_1_71' title="bbox 2176 3033 3746 3091">
    <p class='ocr_par' dir='ltr' id='par_1_71' title="bbox 2176 3033 3746 3091">
     <span class='ocr_line' id='line_1_71' title="bbox 2176 3033 3746 3091; baseline -0.001 -2"><span class='ocrx_word' id='word_1_527' title='bbox 2176 3050 2370 3090; x_wconf 90' lang='lat' dir='ltr'><strong>omnes</strong></span> <span class='ocrx_word' id='word_1_528' title='bbox 2402 3034 2684 3091; x_wconf 73' lang='lat' dir='ltr'><strong>intentata:</strong></span> <span class='ocrx_word' id='word_1_529' title='bbox 2722 3033 2926 3088; x_wconf 85' lang='lat' dir='ltr'><strong>diserte</strong></span> <span class='ocrx_word' id='word_1_530' title='bbox 2960 3033 3240 3088; x_wconf 86' lang='lat' dir='ltr'><strong>involvere</strong></span> <span class='ocrx_word' id='word_1_531' title='bbox 3284 3034 3569 3090; x_wconf 84' lang='lat' dir='ltr'><strong>studuisse</strong></span> <span class='ocrx_word' id='word_1_532' title='bbox 3610 3033 3746 3087; x_wconf 86' lang='lat' dir='ltr'><strong>vide-</strong></span> 
     </span>
    </p>
   </div>
   <div class='ocr_carea' id='block_1_72' title="bbox 2177 3116 3742 3195">
    <p class='ocr_par' dir='ltr' id='par_1_72' title="bbox 2177 3116 3742 3195">
     <span class='ocr_line' id='line_1_72' title="bbox 2177 3116 3742 3195; baseline -0.003 -14"><span class='ocrx_word' id='word_1_533' title='bbox 2177 3134 2353 3187; x_wconf 84' lang='lat' dir='ltr'><strong>retur.</strong></span> <span class='ocrx_word' id='word_1_534' title='bbox 2402 3127 2526 3180; x_wconf 76' lang='lat' dir='ltr'><strong>tlum</strong></span> <span class='ocrx_word' id='word_1_535' title='bbox 2572 3125 2717 3179; x_wconf 90' lang='lat' dir='ltr'><strong>inter</strong></span> <span class='ocrx_word' id='word_1_536' title='bbox 2752 3116 2857 3178; x_wconf 83' lang='lat' dir='ltr'><strong>alia</strong></span> <span class='ocrx_word' id='word_1_537' title='bbox 2893 3124 3044 3180; x_wconf 86' lang='lat' dir='ltr'><strong>clare</strong></span> <span class='ocrx_word' id='word_1_538' title='bbox 3078 3125 3373 3195; x_wconf 85' lang='lat' dir='ltr'><strong>professus</strong></span> <span class='ocrx_word' id='word_1_539' title='bbox 3423 3135 3510 3181; x_wconf 90' lang='lat' dir='ltr'><strong>est</strong></span> <span class='ocrx_word' id='word_1_540' title='bbox 3552 3140 3609 3181; x_wconf 89' lang='lat' dir='ltr'><strong>se</strong></span> <span class='ocrx_word' id='word_1_541' title='bbox 3642 3138 3742 3178; x_wconf 89' lang='lat' dir='ltr'><strong>non</strong></span> 
     </span>
    </p>
   </div>
   <div class='ocr_carea' id='block_1_73' title="bbox 2177 3216 3745 3291">
    <p class='ocr_par' dir='ltr' id='par_1_73' title="bbox 2177 3216 3745 3291">
     <span class='ocr_line' id='line_1_73' title="bbox 2177 3216 3745 3291; baseline -0.002 -18"><span class='ocrx_word' id='word_1_542' title='bbox 2177 3219 2331 3273; x_wconf 88' lang='lat' dir='ltr'><strong>solos</strong></span> <span class='ocrx_word' id='word_1_543' title='bbox 2360 3233 2456 3272; x_wconf 89' lang='lat' dir='ltr'><strong>eos</strong></span> <span class='ocrx_word' id='word_1_544' title='bbox 2487 3216 2967 3271; x_wconf 82' lang='lat' dir='ltr'><strong>excommunicare</strong></span> <span class='ocrx_word' id='word_1_545' title='bbox 3011 3217 3107 3286; x_wconf 87' lang='lat' dir='ltr'><strong>qui</strong></span> <span class='ocrx_word' id='word_1_546' title='bbox 3140 3217 3392 3274; x_wconf 82' lang='lat' dir='ltr'><strong>scientes</strong></span> <span class='ocrx_word' id='word_1_547' title='bbox 3416 3226 3745 3291; x_wconf 89' lang='lat' dir='ltr'><strong>peccassent,</strong></span> 
     </span>
    </p>
   </div>
   <div class='ocr_carea' id='block_1_74' title="bbox 2173 3307 3746 3379">
    <p class='ocr_par' dir='ltr' id='par_1_74' title="bbox 2173 3307 3746 3379">
     <span class='ocr_line' id='line_1_74' title="bbox 2173 3307 3746 3379; baseline -0.002 -15"><span class='ocrx_word' id='word_1_548' title='bbox 2173 3326 2363 3365; x_wconf 88' lang='lat' dir='ltr'><strong>verum</strong></span> <span class='ocrx_word' id='word_1_549' title='bbox 2396 3309 2520 3364; x_wconf 90' lang='lat' dir='ltr'><strong>illos</strong></span> <span class='ocrx_word' id='word_1_550' title='bbox 2542 3309 2710 3363; x_wconf 89' lang='lat' dir='ltr'><strong>etiam</strong></span> <span class='ocrx_word' id='word_1_551' title='bbox 2738 3307 2832 3373; x_wconf 78' lang='lat' dir='ltr'><strong>qui</strong></span> <span class='ocrx_word' id='word_1_552' title='bbox 2857 3308 3033 3363; x_wconf 85' lang='lat' dir='ltr'><strong>aliena</strong></span> <span class='ocrx_word' id='word_1_553' title='bbox 3064 3308 3281 3365; x_wconf 88' lang='lat' dir='ltr'><strong>seducti</strong></span> <span class='ocrx_word' id='word_1_554' title='bbox 3312 3310 3514 3366; x_wconf 83' lang='lat' dir='ltr'><strong>fraude</strong></span> <span class='ocrx_word' id='word_1_555' title='bbox 3548 3311 3746 3379; x_wconf 88' lang='lat' dir='ltr'><strong>impru-</strong></span> 
     </span>
    </p>
   </div>
   <div class='ocr_carea' id='block_1_75' title="bbox 2171 3397 3748 3471">
    <p class='ocr_par' dir='ltr' id='par_1_75' title="bbox 2171 3397 3748 3471">
     <span class='ocr_line' id='line_1_75' title="bbox 2171 3397 3748 3471; baseline -0.004 -15"><span class='ocrx_word' id='word_1_556' title='bbox 2171 3401 2364 3456; x_wconf 83' lang='lat' dir='ltr'><strong>denter</strong></span> <span class='ocrx_word' id='word_1_557' title='bbox 2414 3399 2678 3468; x_wconf 87' lang='lat' dir='ltr'><strong>pertracti</strong></span> <span class='ocrx_word' id='word_1_558' title='bbox 2721 3398 2954 3454; x_wconf 85' lang='lat' dir='ltr'><strong>fuissent</strong></span> <span class='ocrx_word' id='word_1_559' title='bbox 2998 3398 3053 3452; x_wconf 92' lang='lat' dir='ltr'><strong>in</strong></span> <span class='ocrx_word' id='word_1_560' title='bbox 3107 3400 3558 3471; x_wconf 84' lang='lat' dir='ltr'><strong>qualemcunque</strong></span> <span class='ocrx_word' id='word_1_561' title='bbox 3587 3397 3748 3469; x_wconf 85' lang='lat' dir='ltr'><strong>parti-</strong></span> 
     </span>
    </p>
   </div>
   <div class='ocr_carea' id='block_1_76' title="bbox 2174 3488 3747 3563">
    <p class='ocr_par' dir='ltr' id='par_1_76' title="bbox 2174 3488 3747 3563">
     <span class='ocr_line' id='line_1_76' title="bbox 2174 3488 3747 3563; baseline -0.004 -16"><span class='ocrx_word' id='word_1_562' title='bbox 2174 3494 2506 3563; x_wconf 85' lang='lat' dir='ltr'><strong>cipationem</strong></span> <span class='ocrx_word' id='word_1_563' title='bbox 2544 3492 2807 3546; x_wconf 88' lang='lat' dir='ltr'><strong>initorum</strong></span> <span class='ocrx_word' id='word_1_564' title='bbox 2836 3500 3025 3545; x_wconf 89' lang='lat' dir='ltr'><strong>contra</strong></span> <span class='ocrx_word' id='word_1_565' title='bbox 3062 3506 3124 3545; x_wconf 88' lang='lat' dir='ltr'><strong>se</strong></span> <span class='ocrx_word' id='word_1_566' title='bbox 3155 3492 3550 3547; x_wconf 85' lang='lat' dir='ltr'><strong>consiliorum.</strong></span> <span class='ocrx_word' id='word_1_567' title='bbox 3590 3509 3607 3542; x_wconf 82' lang='grc' dir='ltr'><strong>ι</strong></span> <span class='ocrx_word' id='word_1_568' title='bbox 3644 3488 3747 3544; x_wconf 85' lang='lat' dir='ltr'><strong>Hoc</strong></span> 
     </span>
    </p>
   </div>
   <div class='ocr_carea' id='block_1_77' title="bbox 2174 3584 3747 3656">
    <p class='ocr_par' dir='ltr' id='par_1_77' title="bbox 2174 3584 3747 3656">
     <span class='ocr_line' id='line_1_77' title="bbox 2174 3584 3747 3656; baseline -0.003 -14"><span class='ocrx_word' id='word_1_569' title='bbox 2174 3589 2275 3642; x_wconf 82' lang='lat' dir='ltr'><strong>fuit</strong></span> <span class='ocrx_word' id='word_1_570' title='bbox 2303 3586 2598 3643; x_wconf 90' lang='lat' dir='ltr'><strong>multorum</strong></span> <span class='ocrx_word' id='word_1_571' title='bbox 2623 3585 2690 3640; x_wconf 85' lang='lat' dir='ltr'><strong>de</strong></span> <span class='ocrx_word' id='word_1_572' title='bbox 2709 3586 2816 3640; x_wconf 90' lang='lat' dir='ltr'><strong>isto</strong></span> <span class='ocrx_word' id='word_1_573' title='bbox 2839 3584 3124 3640; x_wconf 79' lang='lat' dir='ltr'><strong>Athanasii</strong></span> <span class='ocrx_word' id='word_1_574' title='bbox 3157 3584 3747 3656; x_wconf 83' lang='lat' dir='ltr'><strong>responsojudicium:</strong></span> 
     </span>
    </p>
   </div>
   <div class='ocr_carea' id='block_1_78' title="bbox 2174 3677 3753 3750">
    <p class='ocr_par' dir='ltr' id='par_1_78' title="bbox 2174 3677 3753 3750">
     <span class='ocr_line' id='line_1_78' title="bbox 2174 3677 3753 3750; baseline -0.004 -14"><span class='ocrx_word' id='word_1_575' title='bbox 2174 3696 2320 3736; x_wconf 90' lang='lat' dir='ltr'><strong>nunc</strong></span> <span class='ocrx_word' id='word_1_576' title='bbox 2350 3688 2547 3735; x_wconf 83' lang='lat' dir='ltr'><strong>caetera</strong></span> <span class='ocrx_word' id='word_1_577' title='bbox 2580 3677 2895 3734; x_wconf 87' lang='lat' dir='ltr'><strong>reddamus.</strong></span> <span class='ocrx_word' id='word_1_578' title='bbox 2941 3678 3026 3733; x_wconf 82' lang='lat' dir='ltr'><strong>Ab</strong></span> <span class='ocrx_word' id='word_1_579' title='bbox 3067 3694 3132 3734; x_wconf 86' lang='lat' dir='ltr'><strong>eo</strong></span> <span class='ocrx_word' id='word_1_580' title='bbox 3173 3679 3253 3735; x_wconf 91' lang='lat' dir='ltr'><strong>sic</strong></span> <span class='ocrx_word' id='word_1_581' title='bbox 3283 3682 3477 3736; x_wconf 89' lang='lat' dir='ltr'><strong>locuto</strong></span> <span class='ocrx_word' id='word_1_582' title='bbox 3515 3692 3753 3750; x_wconf 77' lang='lat' dir='ltr'><strong>perrexe-</strong></span> 
     </span>
    </p>
   </div>
   <div class='ocr_carea' id='block_1_79' title="bbox 2174 3771 3749 3844">
    <p class='ocr_par' dir='ltr' id='par_1_79' title="bbox 2174 3771 3749 3844">
     <span class='ocr_line' id='line_1_79' title="bbox 2174 3771 3749 3844; baseline -0.006 -15"><span class='ocrx_word' id='word_1_583' title='bbox 2174 3786 2303 3829; x_wconf 88' lang='lat' dir='ltr'><strong>runt</strong></span> <span class='ocrx_word' id='word_1_584' title='bbox 2354 3776 2649 3842; x_wconf 81' lang='lat' dir='ltr'><strong>exquirere</strong></span> <span class='ocrx_word' id='word_1_585' title='bbox 2703 3772 2891 3843; x_wconf 70' lang='lat' dir='ltr'><strong>legati,</strong></span> <span class='ocrx_word' id='word_1_586' title='bbox 2952 3788 3081 3827; x_wconf 87' lang='lat' dir='ltr'><strong>num</strong></span> <span class='ocrx_word' id='word_1_587' title='bbox 3131 3771 3280 3826; x_wconf 87' lang='lat' dir='ltr'><strong>hanc</strong></span> <span class='ocrx_word' id='word_1_588' title='bbox 3344 3774 3548 3844; x_wconf 88' lang='lat' dir='ltr'><strong>ipsam,</strong></span> <span class='ocrx_word' id='word_1_589' title='bbox 3596 3783 3749 3841; x_wconf 88' lang='lat' dir='ltr'><strong>quam</strong></span> 
     </span>
    </p>
   </div>
   <div class='ocr_carea' id='block_1_80' title="bbox 2173 3857 3750 3935">
    <p class='ocr_par' dir='ltr' id='par_1_80' title="bbox 2173 3857 3750 3935">
     <span class='ocr_line' id='line_1_80' title="bbox 2173 3857 3750 3935; baseline -0.007 -14"><span class='ocrx_word' id='word_1_590' title='bbox 2173 3868 2340 3921; x_wconf 84' lang='lat' dir='ltr'><strong>verbo</strong></span> <span class='ocrx_word' id='word_1_591' title='bbox 2380 3866 2516 3935; x_wconf 84' lang='lat' dir='ltr'><strong>ipsis</strong></span> <span class='ocrx_word' id='word_1_592' title='bbox 2564 3865 2955 3935; x_wconf 85' lang='lat' dir='ltr'><strong>expressisset,</strong></span> <span class='ocrx_word' id='word_1_593' title='bbox 2990 3864 3420 3921; x_wconf 79' lang='lat' dir='ltr'><strong>excusationem</strong></span> <span class='ocrx_word' id='word_1_594' title='bbox 3480 3865 3643 3918; x_wconf 89' lang='lat' dir='ltr'><strong>istius</strong></span> <span class='ocrx_word' id='word_1_595' title='bbox 3675 3857 3750 3913; x_wconf 91' lang='lat' dir='ltr'><strong>sui</strong></span> 
     </span>
    </p>
   </div>
   <div class='ocr_carea' id='block_1_81' title="bbox 2173 3950 3752 4027">
    <p class='ocr_par' dir='ltr' id='par_1_81' title="bbox 2173 3950 3752 4027">
     <span class='ocr_line' id='line_1_81' title="bbox 2173 3950 3752 4027; baseline -0.008 -12"><span class='ocrx_word' id='word_1_596' title='bbox 2173 3959 2323 4020; x_wconf 67' lang='lat' dir='ltr'><strong>facti,</strong></span> <span class='ocrx_word' id='word_1_597' title='bbox 2372 3966 2599 4027; x_wconf 82' lang='lat' dir='ltr'><strong>paratus</strong></span> <span class='ocrx_word' id='word_1_598' title='bbox 2627 3964 2793 4022; x_wconf 87' lang='lat' dir='ltr'><strong>esset,</strong></span> <span class='ocrx_word' id='word_1_599' title='bbox 2828 3955 2873 4010; x_wconf 89' lang='lat' dir='ltr'><strong>si</strong></span> <span class='ocrx_word' id='word_1_600' title='bbox 2915 3964 3224 4025; x_wconf 77' lang='lat' dir='ltr'><strong>rogaretur,</strong></span> <span class='ocrx_word' id='word_1_601' title='bbox 3262 3957 3337 4011; x_wconf 87' lang='lat' dir='ltr'><strong>ad</strong></span> <span class='ocrx_word' id='word_1_602' title='bbox 3389 3970 3585 4012; x_wconf 83' lang='lat' dir='ltr'><strong>eorum</strong></span> <span class='ocrx_word' id='word_1_603' title='bbox 3639 3950 3752 4020; x_wconf 82' lang='lat' dir='ltr'><strong>cuja</strong></span> 
     </span>
    </p>
   </div>
   <div class='ocr_carea' id='block_1_82' title="bbox 2173 4047 3756 4118">
    <p class='ocr_par' dir='ltr' id='par_1_82' title="bbox 2173 4047 3756 4118">
     <span class='ocr_line' id='line_1_82' title="bbox 2173 4047 3756 4118; baseline -0.006 -12"><span class='ocrx_word' id='word_1_604' title='bbox 2173 4053 2441 4106; x_wconf 87' lang='lat' dir='ltr'><strong>intererat</strong></span> <span class='ocrx_word' id='word_1_605' title='bbox 2481 4049 2735 4104; x_wconf 89' lang='lat' dir='ltr'><strong>notitiam</strong></span> <span class='ocrx_word' id='word_1_606' title='bbox 2767 4059 2822 4103; x_wconf 88' lang='lat' dir='ltr'><strong>et</strong></span> <span class='ocrx_word' id='word_1_607' title='bbox 2865 4047 3303 4103; x_wconf 86' lang='lat' dir='ltr'><strong>satisfactionem</strong></span> <span class='ocrx_word' id='word_1_608' title='bbox 3345 4049 3565 4118; x_wconf 89' lang='lat' dir='ltr'><strong>scripto</strong></span> <span class='ocrx_word' id='word_1_609' title='bbox 3617 4057 3756 4099; x_wconf 89' lang='lat' dir='ltr'><strong>com-</strong></span> 
     </span>
    </p>
   </div>
   <div class='ocr_carea' id='block_1_83' title="bbox 2173 4136 3756 4215">
    <p class='ocr_par' dir='ltr' id='par_1_83' title="bbox 2173 4136 3756 4215">
     <span class='ocr_line' id='line_1_83' title="bbox 2173 4136 3756 4215; baseline -0.006 -17"><span class='ocrx_word' id='word_1_610' title='bbox 2173 4144 2357 4215; x_wconf 82' lang='lat' dir='ltr'><strong>plecti.</strong></span> <span class='ocrx_word' id='word_1_611' title='bbox 2397 4140 2479 4197; x_wconf 85' lang='lat' dir='ltr'><strong>Ad</strong></span> <span class='ocrx_word' id='word_1_612' title='bbox 2521 4157 2585 4196; x_wconf 83' lang='lat' dir='ltr'><strong>ea</strong></span> <span class='ocrx_word' id='word_1_613' title='bbox 2643 4141 2733 4195; x_wconf 92' lang='lat' dir='ltr'><strong>ille</strong></span> <span class='ocrx_word' id='word_1_614' title='bbox 2769 4139 2976 4194; x_wconf 69' lang='lat' dir='ltr'><strong>chartae</strong></span> <span class='ocrx_word' id='word_1_615' title='bbox 3004 4136 3296 4194; x_wconf 83' lang='lat' dir='ltr'><strong>confestim</strong></span> <span class='ocrx_word' id='word_1_616' title='bbox 3351 4150 3594 4209; x_wconf 82' lang='lat' dir='ltr'><strong>arreptae</strong></span> <span class='ocrx_word' id='word_1_617' title='bbox 3626 4138 3756 4198; x_wconf 67' lang='lat' dir='ltr'><strong>hinc,</strong></span> 
     </span>
    </p>
   </div>
   <div class='ocr_carea' id='block_1_84' title="bbox 2172 4228 3757 4306">
    <p class='ocr_par' dir='ltr' id='par_1_84' title="bbox 2172 4228 3757 4306">
     <span class='ocr_line' id='line_1_84' title="bbox 2172 4228 3757 4306; baseline -0.008 -16"><span class='ocrx_word' id='word_1_618' title='bbox 2172 4253 2290 4306; x_wconf 69' lang='lat' dir='ltr'><strong>qua:</strong></span> <span class='ocrx_word' id='word_1_619' title='bbox 2317 4236 2444 4290; x_wconf 87' lang='lat' dir='ltr'><strong>licet</strong></span> <span class='ocrx_word' id='word_1_620' title='bbox 2467 4233 2716 4304; x_wconf 87' lang='lat' dir='ltr'><strong>pluscula</strong></span> <span class='ocrx_word' id='word_1_621' title='bbox 2742 4230 2831 4285; x_wconf 86' lang='lat' dir='ltr'><strong>bic</strong></span> <span class='ocrx_word' id='word_1_622' title='bbox 2858 4228 3116 4297; x_wconf 83' lang='lat' dir='ltr'><strong>referam,</strong></span> <span class='ocrx_word' id='word_1_623' title='bbox 3140 4229 3317 4284; x_wconf 87' lang='lat' dir='ltr'><strong>illevit</strong></span> <span class='ocrx_word' id='word_1_624' title='bbox 3354 4247 3370 4285; x_wconf 89' lang='lat'><strong>:</strong></span> <span class='ocrx_word' id='word_1_625' title='bbox 3412 4249 3433 4283; x_wconf 81' lang='grc' dir='ltr'><strong>ι</strong></span> <span class='ocrx_word' id='word_1_626' title='bbox 3474 4229 3607 4284; x_wconf 82' lang='lat' dir='ltr'><strong>Mihi</strong></span> <span class='ocrx_word' id='word_1_627' title='bbox 3636 4242 3757 4280; x_wconf 82' lang='lat' dir='ltr'><strong>eon-</strong></span> 
     </span>
    </p>
   </div>
   <div class='ocr_carea' id='block_1_85' title="bbox 2174 4323 3757 4397">
    <p class='ocr_par' dir='ltr' id='par_1_85' title="bbox 2174 4323 3757 4397">
     <span class='ocr_line' id='line_1_85' title="bbox 2174 4323 3757 4397; baseline -0.004 -16"><span class='ocrx_word' id='word_1_628' title='bbox 2174 4330 2294 4397; x_wconf 75' lang='lat' dir='ltr'><strong>tigit</strong></span> <span class='ocrx_word' id='word_1_629' title='bbox 2325 4325 2704 4397; x_wconf 87' lang='lat' dir='ltr'><strong>patriarchatu</strong></span> <span class='ocrx_word' id='word_1_630' title='bbox 2740 4323 2987 4391; x_wconf 76' lang='lat' dir='ltr'><strong>iungenti</strong></span> <span class='ocrx_word' id='word_1_631' title='bbox 3019 4323 3071 4375; x_wconf 92' lang='lat' dir='ltr'><strong>in</strong></span> <span class='ocrx_word' id='word_1_632' title='bbox 3108 4325 3315 4378; x_wconf 88' lang='lat' dir='ltr'><strong>multas</strong></span> <span class='ocrx_word' id='word_1_633' title='bbox 3346 4323 3757 4382; x_wconf 81' lang='lat' dir='ltr'><strong>tribulationes,</strong></span> 
     </span>
    </p>
   </div>
   <div class='ocr_carea' id='block_1_86' title="bbox 2174 4412 3757 4474">
    <p class='ocr_par' dir='ltr' id='par_1_86' title="bbox 2174 4412 3757 4474">
     <span class='ocr_line' id='line_1_86' title="bbox 2174 4412 3757 4474; baseline -0.006 -2"><span class='ocrx_word' id='word_1_634' title='bbox 2174 4420 2377 4474; x_wconf 86' lang='lat' dir='ltr'><strong>multas</strong></span> <span class='ocrx_word' id='word_1_635' title='bbox 2404 4416 2738 4471; x_wconf 87' lang='lat' dir='ltr'><strong>tentationes</strong></span> <span class='ocrx_word' id='word_1_636' title='bbox 2764 4414 3026 4471; x_wconf 89' lang='lat' dir='ltr'><strong>incidere.</strong></span> <span class='ocrx_word' id='word_1_637' title='bbox 3054 4412 3255 4467; x_wconf 85' lang='lat' dir='ltr'><strong>Harum</strong></span> <span class='ocrx_word' id='word_1_638' title='bbox 3285 4414 3486 4469; x_wconf 91' lang='lat' dir='ltr'><strong>subito</strong></span> <span class='ocrx_word' id='word_1_639' title='bbox 3517 4424 3571 4469; x_wconf 89' lang='lat' dir='ltr'><strong>et</strong></span> <span class='ocrx_word' id='word_1_640' title='bbox 3605 4412 3757 4466; x_wconf 86' lang='lat' dir='ltr'><strong>vehe-</strong></span> 
     </span>
    </p>
   </div>
   <div class='ocr_carea' id='block_1_87' title="bbox 2174 4504 3753 4578">
    <p class='ocr_par' dir='ltr' id='par_1_87' title="bbox 2174 4504 3753 4578">
     <span class='ocr_line' id='line_1_87' title="bbox 2174 4504 3753 4578; baseline -0.007 -13"><span class='ocrx_word' id='word_1_641' title='bbox 2174 4511 2340 4566; x_wconf 90' lang='lat' dir='ltr'><strong>menti</strong></span> <span class='ocrx_word' id='word_1_642' title='bbox 2394 4517 2705 4578; x_wconf 84' lang='lat' dir='ltr'><strong>pertractus</strong></span> <span class='ocrx_word' id='word_1_643' title='bbox 2757 4522 2922 4561; x_wconf 87' lang='lat' dir='ltr'><strong>sensu</strong></span> <span class='ocrx_word' id='word_1_644' title='bbox 2981 4507 3034 4560; x_wconf 94' lang='lat' dir='ltr'><strong>in</strong></span> <span class='ocrx_word' id='word_1_645' title='bbox 3078 4521 3326 4560; x_wconf 84' lang='lat' dir='ltr'><strong>amaram</strong></span> <span class='ocrx_word' id='word_1_646' title='bbox 3377 4504 3753 4561; x_wconf 86' lang='lat' dir='ltr'><strong>habitudinem</strong></span> 
     </span>
    </p>
   </div>
   <div class='ocr_carea' id='block_1_88' title="bbox 486 4596 3758 4670">
    <p class='ocr_par' dir='ltr' id='par_1_88' title="bbox 486 4596 3758 4670">
     <span class='ocr_line' id='line_1_88' title="bbox 486 4596 3758 4670; baseline -0.001 -18"><span class='ocrx_word' id='word_1_647' title='bbox 486 4598 695 4654; x_wconf 69' lang='lat' dir='ltr'><strong>fat-iens</strong></span> <span class='ocrx_word' id='word_1_648' title='bbox 735 4599 967 4654; x_wconf 71' lang='lat' dir='ltr'><strong>sincera:</strong></span> <span class='ocrx_word' id='word_1_649' title='bbox 1008 4611 1073 4652; x_wconf 88' lang='lat' dir='ltr'><strong>ac</strong></span> <span class='ocrx_word' id='word_1_650' title='bbox 1133 4599 1348 4655; x_wconf 81' lang='lat' dir='ltr'><strong>veracis</strong></span> <span class='ocrx_word' id='word_1_651' title='bbox 1384 4598 1765 4668; x_wconf 85' lang='lat' dir='ltr'><strong>professionis.</strong></span> <span class='ocrx_word' id='word_1_652' title='bbox 1823 4618 1843 4651; x_wconf 77' lang='grc' dir='ltr'><strong>ι</strong></span> <span class='ocrx_word' id='word_1_653' title='bbox 1889 4597 2061 4670; x_wconf 79' lang='lat' dir='ltr'><strong>Opor-</strong></span> <span class='ocrx_word' id='word_1_654' title='bbox 2091 4607 2138 4665; x_wconf 88' lang='lat' dir='ltr'><strong>D</strong></span> <span class='ocrx_word' id='word_1_655' title='bbox 2165 4601 2506 4658; x_wconf 62' lang='lat' dir='ltr'><strong>exacerbata;</strong></span> <span class='ocrx_word' id='word_1_656' title='bbox 2536 4599 2754 4662; x_wconf 85' lang='lat' dir='ltr'><strong>mentis,</strong></span> <span class='ocrx_word' id='word_1_657' title='bbox 2789 4599 2985 4665; x_wconf 87' lang='lat' dir='ltr'><strong>scripsi</strong></span> <span class='ocrx_word' id='word_1_658' title='bbox 3010 4596 3224 4651; x_wconf 85' lang='lat' dir='ltr'><strong>litteras</strong></span> <span class='ocrx_word' id='word_1_659' title='bbox 3256 4598 3623 4652; x_wconf 87' lang='lat' dir='ltr'><strong>anathemata</strong></span> <span class='ocrx_word' id='word_1_660' title='bbox 3643 4609 3758 4664; x_wconf 83' lang='lat' dir='ltr'><strong>gra-</strong></span> 
     </span>
    </p>
   </div>
   <div class='ocr_carea' id='block_1_89' title="bbox 486 4689 2066 4760">
    <p class='ocr_par' dir='ltr' id='par_1_89' title="bbox 486 4689 2066 4760">
     <span class='ocr_line' id='line_1_89' title="bbox 486 4689 2066 4760; baseline 0 -14"><span class='ocrx_word' id='word_1_661' title='bbox 486 4693 864 4755; x_wconf 88' lang='lat' dir='ltr'><strong>tueratenim,</strong></span> <span class='ocrx_word' id='word_1_662' title='bbox 908 4708 928 4742; x_wconf 74' lang='grc' dir='ltr'><strong>ι</strong></span> <span class='ocrx_word' id='word_1_663' title='bbox 964 4689 1192 4745; x_wconf 89' lang='lat' dir='ltr'><strong>aiebant</strong></span> <span class='ocrx_word' id='word_1_664' title='bbox 1219 4689 1499 4758; x_wconf 78' lang='lat' dir='ltr'><strong>rigidioris</strong></span> <span class='ocrx_word' id='word_1_665' title='bbox 1541 4691 1818 4760; x_wconf 85' lang='lat' dir='ltr'><strong>supercilii</strong></span> <span class='ocrx_word' id='word_1_666' title='bbox 1867 4707 2066 4746; x_wconf 85' lang='lat' dir='ltr'><strong>censo-</strong></span> 
     </span>
    </p>
   </div>
   <div class='ocr_carea' id='block_1_90' title="bbox 484 4782 2063 4854">
    <p class='ocr_par' dir='ltr' id='par_1_90' title="bbox 484 4782 2063 4854">
     <span class='ocr_line' id='line_1_90' title="bbox 484 4782 2063 4854; baseline 0 -17"><span class='ocrx_word' id='word_1_667' title='bbox 484 4800 597 4846; x_wconf 89' lang='lat' dir='ltr'><strong>rcs,</strong></span> <span class='ocrx_word' id='word_1_668' title='bbox 646 4803 664 4834; x_wconf 83' lang='grc' dir='ltr'><strong>ι</strong></span> <span class='ocrx_word' id='word_1_669' title='bbox 715 4782 1006 4854; x_wconf 75' lang='lat' dir='ltr'><strong>agnovisse</strong></span> <span class='ocrx_word' id='word_1_670' title='bbox 1038 4782 1203 4836; x_wconf 88' lang='lat' dir='ltr'><strong>simul</strong></span> <span class='ocrx_word' id='word_1_671' title='bbox 1256 4791 1310 4837; x_wconf 89' lang='lat' dir='ltr'><strong>et</strong></span> <span class='ocrx_word' id='word_1_672' title='bbox 1370 4783 1685 4840; x_wconf 84' lang='lat' dir='ltr'><strong>declarasse</strong></span> <span class='ocrx_word' id='word_1_673' title='bbox 1733 4783 2063 4838; x_wconf 82' lang='lat' dir='ltr'><strong>submissius</strong></span> 
     </span>
    </p>
   </div>
   <div class='ocr_carea' id='block_1_91' title="bbox 488 4872 2067 4945">
    <p class='ocr_par' dir='ltr' id='par_1_91' title="bbox 488 4872 2067 4945">
     <span class='ocr_line' id='line_1_91' title="bbox 488 4872 2067 4945; baseline 0.001 -19"><span class='ocrx_word' id='word_1_674' title='bbox 488 4874 766 4945; x_wconf 86' lang='lat' dir='ltr'><strong>propriam</strong></span> <span class='ocrx_word' id='word_1_675' title='bbox 835 4874 890 4928; x_wconf 87' lang='lat' dir='ltr'><strong>in</strong></span> <span class='ocrx_word' id='word_1_676' title='bbox 939 4888 1006 4928; x_wconf 89' lang='lat' dir='ltr'><strong>co</strong></span> <span class='ocrx_word' id='word_1_677' title='bbox 1056 4872 1203 4929; x_wconf 84' lang='lat' dir='ltr'><strong>facto</strong></span> <span class='ocrx_word' id='word_1_678' title='bbox 1247 4875 1465 4945; x_wconf 90' lang='lat' dir='ltr'><strong>culpam</strong></span> <span class='ocrx_word' id='word_1_679' title='bbox 1522 4875 1848 4943; x_wconf 83' lang='lat' dir='ltr'><strong>veniamque</strong></span> <span class='ocrx_word' id='word_1_680' title='bbox 1897 4888 2067 4943; x_wconf 83' lang='lat' dir='ltr'><strong>pepo-</strong></span> 
     </span>
    </p>
   </div>
   <div class='ocr_carea' id='block_1_92' title="bbox 489 4965 2064 5037">
    <p class='ocr_par' dir='ltr' id='par_1_92' title="bbox 489 4965 2064 5037">
     <span class='ocr_line' id='line_1_92' title="bbox 489 4965 2064 5037; baseline 0.001 -18"><span class='ocrx_word' id='word_1_681' title='bbox 489 4966 691 5030; x_wconf 87' lang='lat' dir='ltr'><strong>scisse,</strong></span> <span class='ocrx_word' id='word_1_682' title='bbox 739 4965 782 5019; x_wconf 90' lang='lat' dir='ltr'><strong>si</strong></span> <span class='ocrx_word' id='word_1_683' title='bbox 823 4975 1007 5023; x_wconf 87' lang='lat' dir='ltr'><strong>rectus</strong></span> <span class='ocrx_word' id='word_1_684' title='bbox 1047 4973 1103 5021; x_wconf 91' lang='lat' dir='ltr'><strong>et</strong></span> <span class='ocrx_word' id='word_1_685' title='bbox 1150 4966 1379 5036; x_wconf 83' lang='lat' dir='ltr'><strong>simplex</strong></span> <span class='ocrx_word' id='word_1_686' title='bbox 1405 4968 1485 5023; x_wconf 90' lang='lat' dir='ltr'><strong>sic</strong></span> <span class='ocrx_word' id='word_1_687' title='bbox 1540 4968 1784 5037; x_wconf 89' lang='lat' dir='ltr'><strong>loquenti</strong></span> <span class='ocrx_word' id='word_1_688' title='bbox 1837 4971 2064 5022; x_wconf 86' lang='lat' dir='ltr'><strong>suberat</strong></span> 
     </span>
    </p>
   </div>
   <div class='ocr_carea' id='block_1_93' title="bbox 490 5057 2062 5127">
    <p class='ocr_par' dir='ltr' id='par_1_93' title="bbox 490 5057 2062 5127">
     <span class='ocr_line' id='line_1_93' title="bbox 490 5057 2062 5127; baseline 0 -17"><span class='ocrx_word' id='word_1_689' title='bbox 490 5057 712 5111; x_wconf 84' lang='lat' dir='ltr'><strong>animus</strong></span> <span class='ocrx_word' id='word_1_690' title='bbox 750 5058 1074 5127; x_wconf 85' lang='lat' dir='ltr'><strong>Athanasio,</strong></span> <span class='ocrx_word' id='word_1_691' title='bbox 1123 5067 1177 5115; x_wconf 90' lang='lat' dir='ltr'><strong>et</strong></span> <span class='ocrx_word' id='word_1_692' title='bbox 1220 5075 1438 5126; x_wconf 89' lang='lat' dir='ltr'><strong>revera,</strong></span> <span class='ocrx_word' id='word_1_693' title='bbox 1493 5070 1553 5115; x_wconf 92' lang='lat' dir='ltr'><strong>ut</strong></span> <span class='ocrx_word' id='word_1_694' title='bbox 1602 5060 1775 5114; x_wconf 88' lang='lat' dir='ltr'><strong>videri</strong></span> <span class='ocrx_word' id='word_1_695' title='bbox 1829 5061 2062 5122; x_wconf 85' lang='lat' dir='ltr'><strong>volebat,</strong></span> 
     </span>
    </p>
   </div>
   <div class='ocr_carea' id='block_1_94' title="bbox 490 5150 2066 5219">
    <p class='ocr_par' dir='ltr' id='par_1_94' title="bbox 490 5150 2066 5219">
     <span class='ocr_line' id='line_1_94' title="bbox 490 5150 2066 5219; baseline -0.001 -16"><span class='ocrx_word' id='word_1_696' title='bbox 490 5164 835 5219; x_wconf 87' lang='lat' dir='ltr'><strong>per.meram</strong></span> <span class='ocrx_word' id='word_1_697' title='bbox 870 5151 998 5218; x_wconf 65' lang='lat' dir='ltr'><strong>aegri</strong></span> <span class='ocrx_word' id='word_1_698' title='bbox 1043 5152 1210 5206; x_wconf 89' lang='lat' dir='ltr'><strong>animi</strong></span> <span class='ocrx_word' id='word_1_699' title='bbox 1260 5153 1643 5207; x_wconf 82' lang='lat' dir='ltr'><strong>delirationem</strong></span> <span class='ocrx_word' id='word_1_700' title='bbox 1697 5153 1763 5205; x_wconf 86' lang='lat' dir='ltr'><strong>ad</strong></span> <span class='ocrx_word' id='word_1_701' title='bbox 1819 5165 1882 5204; x_wconf 89' lang='lat' dir='ltr'><strong>ea</strong></span> <span class='ocrx_word' id='word_1_702' title='bbox 1930 5150 2066 5203; x_wconf 82' lang='lat' dir='ltr'><strong>seri-</strong></span> 
     </span>
    </p>
   </div>
   <div class='ocr_carea' id='block_1_95' title="bbox 496 5240 2064 5315">
    <p class='ocr_par' dir='ltr' id='par_1_95' title="bbox 496 5240 2064 5315">
     <span class='ocr_line' id='line_1_95' title="bbox 496 5240 2064 5315; baseline -0.003 -17"><span class='ocrx_word' id='word_1_703' title='bbox 496 5243 671 5299; x_wconf 87' lang='lat' dir='ltr'><strong>henda</strong></span> <span class='ocrx_word' id='word_1_704' title='bbox 693 5245 867 5300; x_wconf 87' lang='lat' dir='ltr'><strong>fuerat</strong></span> <span class='ocrx_word' id='word_1_705' title='bbox 893 5244 1180 5315; x_wconf 90' lang='lat' dir='ltr'><strong>impulsus.</strong></span> <span class='ocrx_word' id='word_1_706' title='bbox 1220 5245 1300 5299; x_wconf 83' lang='lat' dir='ltr'><strong>Ex</strong></span> <span class='ocrx_word' id='word_1_707' title='bbox 1342 5246 1444 5298; x_wconf 89' lang='lat' dir='ltr'><strong>hac</strong></span> <span class='ocrx_word' id='word_1_708' title='bbox 1471 5243 1615 5297; x_wconf 86' lang='lat' dir='ltr'><strong>enim</strong></span> <span class='ocrx_word' id='word_1_709' title='bbox 1646 5241 1892 5311; x_wconf 85' lang='lat' dir='ltr'><strong>profecto</strong></span> <span class='ocrx_word' id='word_1_710' title='bbox 1938 5240 2064 5295; x_wconf 88' lang='lat' dir='ltr'><strong>facti</strong></span> 
     </span>
    </p>
   </div>
   <div class='ocr_carea' id='block_1_96' title="bbox 492 5334 2054 5400">
    <p class='ocr_par' dir='ltr' id='par_1_96' title="bbox 492 5334 2054 5400">
     <span class='ocr_line' id='line_1_96' title="bbox 492 5334 2054 5400; baseline -0.007 -7"><span class='ocrx_word' id='word_1_711' title='bbox 492 5338 577 5393; x_wconf 69' lang='lat' dir='ltr'><strong>sui</strong></span> <span class='ocrx_word' id='word_1_712' title='bbox 610 5346 717 5389; x_wconf 83' lang='lat' dir='ltr'><strong>tant</strong></span> <span class='ocrx_word' id='word_1_713' title='bbox 755 5337 960 5390; x_wconf 87' lang='lat' dir='ltr'><strong>atrocis</strong></span> <span class='ocrx_word' id='word_1_714' title='bbox 1006 5350 1126 5391; x_wconf 86' lang='lat' dir='ltr'><strong>sera</strong></span> <span class='ocrx_word' id='word_1_715' title='bbox 1170 5336 1274 5390; x_wconf 86' lang='lat' dir='ltr'><strong>ista</strong></span> <span class='ocrx_word' id='word_1_716' title='bbox 1305 5349 1452 5388; x_wconf 92' lang='lat' dir='ltr'><strong>nunc</strong></span> <span class='ocrx_word' id='word_1_717' title='bbox 1494 5334 1710 5386; x_wconf 79' lang='lat' dir='ltr'><strong>demunt</strong></span> <span class='ocrx_word' id='word_1_718' title='bbox 1742 5346 1914 5400; x_wconf 88' lang='lat' dir='ltr'><strong>eaque</strong></span> <span class='ocrx_word' id='word_1_719' title='bbox 1945 5341 2054 5383; x_wconf 90' lang='lat' dir='ltr'><strong>tam</strong></span> 
     </span>
    </p>
   </div>
   <div class='ocr_carea' id='block_1_97' title="bbox 494 5423 2063 5498">
    <p class='ocr_par' dir='ltr' id='par_1_97' title="bbox 494 5423 2063 5498">
     <span class='ocr_line' id='line_1_97' title="bbox 494 5423 2063 5498; baseline -0.007 -13"><span class='ocrx_word' id='word_1_720' title='bbox 494 5428 693 5498; x_wconf 71' lang='lat' dir='ltr'><strong>frigida</strong></span> <span class='ocrx_word' id='word_1_721' title='bbox 730 5427 1135 5498; x_wconf 88' lang='lat' dir='ltr'><strong>improbatione</strong></span> <span class='ocrx_word' id='word_1_722' title='bbox 1156 5426 1293 5481; x_wconf 87' lang='lat' dir='ltr'><strong>satis</strong></span> <span class='ocrx_word' id='word_1_723' title='bbox 1325 5424 1579 5495; x_wconf 83' lang='lat' dir='ltr'><strong>intelligi,</strong></span> <span class='ocrx_word' id='word_1_724' title='bbox 1603 5430 1882 5492; x_wconf 85' lang='lat' dir='ltr'><strong>spectasse</strong></span> <span class='ocrx_word' id='word_1_725' title='bbox 1910 5423 2063 5475; x_wconf 90' lang='lat' dir='ltr'><strong>illum</strong></span> 
     </span>
    </p>
   </div>
   <div class='ocr_carea' id='block_1_98' title="bbox 494 5518 2069 5591">
    <p class='ocr_par' dir='ltr' id='par_1_98' title="bbox 494 5518 2069 5591">
     <span class='ocr_line' id='line_1_98' title="bbox 494 5518 2069 5591; baseline -0.004 -15"><span class='ocrx_word' id='word_1_726' title='bbox 494 5526 548 5576; x_wconf 83' lang='lat' dir='ltr'><strong>in</strong></span> <span class='ocrx_word' id='word_1_727' title='bbox 588 5538 655 5577; x_wconf 90' lang='lat' dir='ltr'><strong>eo</strong></span> <span class='ocrx_word' id='word_1_728' title='bbox 704 5522 862 5590; x_wconf 81' lang='lat' dir='ltr'><strong>longe</strong></span> <span class='ocrx_word' id='word_1_729' title='bbox 897 5523 1021 5590; x_wconf 86' lang='lat' dir='ltr'><strong>plus</strong></span> <span class='ocrx_word' id='word_1_730' title='bbox 1050 5536 1215 5591; x_wconf 86' lang='lat' dir='ltr'><strong>quam</strong></span> <span class='ocrx_word' id='word_1_731' title='bbox 1258 5518 1422 5572; x_wconf 85' lang='lat' dir='ltr'><strong>modo</strong></span> <span class='ocrx_word' id='word_1_732' title='bbox 1469 5534 1578 5587; x_wconf 69' lang='lat' dir='ltr'><strong>prae</strong></span> <span class='ocrx_word' id='word_1_733' title='bbox 1607 5534 1667 5573; x_wconf 91' lang='lat' dir='ltr'><strong>se</strong></span> <span class='ocrx_word' id='word_1_734' title='bbox 1715 5518 1857 5573; x_wconf 82' lang='lat' dir='ltr'><strong>ferat</strong></span> <span class='ocrx_word' id='word_1_735' title='bbox 1904 5527 2069 5586; x_wconf 87' lang='lat' dir='ltr'><strong>atque</strong></span> 
     </span>
    </p>
   </div>
   <div class='ocr_carea' id='block_1_99' title="bbox 494 5612 2070 5685">
    <p class='ocr_par' dir='ltr' id='par_1_99' title="bbox 494 5612 2070 5685">
     <span class='ocr_line' id='line_1_99' title="bbox 494 5612 2070 5685; baseline -0.003 -18"><span class='ocrx_word' id='word_1_736' title='bbox 494 5616 630 5670; x_wconf 81' lang='lat' dir='ltr'><strong>ach</strong></span> <span class='ocrx_word' id='word_1_737' title='bbox 666 5625 786 5670; x_wconf 89' lang='lat' dir='ltr'><strong>astu</strong></span> <span class='ocrx_word' id='word_1_738' title='bbox 823 5612 1098 5685; x_wconf 81' lang='lat' dir='ltr'><strong>profundo</strong></span> <span class='ocrx_word' id='word_1_739' title='bbox 1150 5613 1349 5667; x_wconf 88' lang='lat' dir='ltr'><strong>mentis</strong></span> <span class='ocrx_word' id='word_1_740' title='bbox 1383 5612 1644 5681; x_wconf 60' lang='lat' dir='ltr'><strong>improbae</strong></span> <span class='ocrx_word' id='word_1_741' title='bbox 1685 5628 1743 5666; x_wconf 89' lang='lat' dir='ltr'><strong>re</strong></span> <span class='ocrx_word' id='word_1_742' title='bbox 1788 5615 1905 5681; x_wconf 87' lang='lat' dir='ltr'><strong>ipsa</strong></span> <span class='ocrx_word' id='word_1_743' title='bbox 1957 5626 2070 5664; x_wconf 77' lang='lat' dir='ltr'><strong>ma-</strong></span> 
     </span>
    </p>
   </div>
   <div class='ocr_carea' id='block_1_100' title="bbox 492 5704 2067 5775">
    <p class='ocr_par' dir='ltr' id='par_1_100' title="bbox 492 5704 2067 5775">
     <span class='ocr_line' id='line_1_100' title="bbox 492 5704 2067 5775; baseline -0.001 -17"><span class='ocrx_word' id='word_1_744' title='bbox 492 5707 713 5759; x_wconf 84' lang='lat' dir='ltr'><strong>chinam</strong></span> <span class='ocrx_word' id='word_1_745' title='bbox 746 5707 803 5760; x_wconf 90' lang='lat' dir='ltr'><strong>in</strong></span> <span class='ocrx_word' id='word_1_746' title='bbox 838 5706 944 5759; x_wconf 91' lang='lat' dir='ltr'><strong>illis</strong></span> <span class='ocrx_word' id='word_1_747' title='bbox 974 5704 1202 5759; x_wconf 88' lang='lat' dir='ltr'><strong>latebris</strong></span> <span class='ocrx_word' id='word_1_748' title='bbox 1236 5706 1526 5767; x_wconf 79' lang='lat' dir='ltr'><strong>struxisse,</strong></span> <span class='ocrx_word' id='word_1_749' title='bbox 1568 5720 1692 5775; x_wconf 55' lang='lat' dir='ltr'><strong>qua</strong></span> <span class='ocrx_word' id='word_1_750' title='bbox 1729 5704 1783 5758; x_wconf 91' lang='lat' dir='ltr'><strong>in</strong></span> <span class='ocrx_word' id='word_1_751' title='bbox 1824 5715 2067 5772; x_wconf 88' lang='lat' dir='ltr'><strong>tempore</strong></span> 
     </span>
    </p>
   </div>
   <div class='ocr_carea' id='block_1_101' title="bbox 495 5797 2064 5867">
    <p class='ocr_par' dir='ltr' id='par_1_101' title="bbox 495 5797 2064 5867">
     <span class='ocr_line' id='line_1_101' title="bbox 495 5797 2064 5867; baseline -0.003 -15"><span class='ocrx_word' id='word_1_752' title='bbox 495 5800 707 5867; x_wconf 86' lang='lat' dir='ltr'><strong>prolata</strong></span> <span class='ocrx_word' id='word_1_753' title='bbox 737 5807 947 5854; x_wconf 87' lang='lat' dir='ltr'><strong>terrore</strong></span> <span class='ocrx_word' id='word_1_754' title='bbox 969 5798 1089 5852; x_wconf 89' lang='lat' dir='ltr'><strong>diro</strong></span> <span class='ocrx_word' id='word_1_755' title='bbox 1105 5799 1688 5853; x_wconf 88' lang='lat' dir='ltr'><strong>auathcmatismorum</strong></span> <span class='ocrx_word' id='word_1_756' title='bbox 1724 5797 2064 5851; x_wconf 87' lang='lat' dir='ltr'><strong>horribilium</strong></span> 
     </span>
    </p>
   </div>
   <div class='ocr_carea' id='block_1_102' title="bbox 499 5891 2062 5961">
    <p class='ocr_par' dir='ltr' id='par_1_102' title="bbox 499 5891 2062 5961">
     <span class='ocr_line' id='line_1_102' title="bbox 499 5891 2062 5961; baseline -0.003 -14"><span class='ocrx_word' id='word_1_757' title='bbox 499 5901 842 5957; x_wconf 72' lang='lat' dir='ltr'><strong>concuteret,</strong></span> <span class='ocrx_word' id='word_1_758' title='bbox 865 5906 1026 5961; x_wconf 86' lang='lat' dir='ltr'><strong>quem</strong></span> <span class='ocrx_word' id='word_1_759' title='bbox 1052 5891 1135 5949; x_wconf 86' lang='lat' dir='ltr'><strong>his</strong></span> <span class='ocrx_word' id='word_1_760' title='bbox 1156 5893 1453 5948; x_wconf 56' lang='lat' dir='ltr'><strong>olnoxiwm</strong></span> <span class='ocrx_word' id='word_1_761' title='bbox 1473 5891 1861 5949; x_wconf 81' lang='lat' dir='ltr'><strong>formidinibus</strong></span> <span class='ocrx_word' id='word_1_762' title='bbox 1889 5898 2062 5955; x_wconf 77' lang='lat' dir='ltr'><strong>norat,</strong></span> 
     </span>
    </p>
   </div>
   <div class='ocr_carea' id='block_1_103' title="bbox 2172 4688 3758 4762">
    <p class='ocr_par' dir='ltr' id='par_1_103' title="bbox 2172 4688 3758 4762">
     <span class='ocr_line' id='line_1_103' title="bbox 2172 4688 3758 4762; baseline -0.008 -13"><span class='ocrx_word' id='word_1_763' title='bbox 2172 4697 2258 4750; x_wconf 84' lang='lat' dir='ltr'><strong>via</strong></span> <span class='ocrx_word' id='word_1_764' title='bbox 2295 4707 2675 4762; x_wconf 88' lang='lat' dir='ltr'><strong>censurasque</strong></span> <span class='ocrx_word' id='word_1_765' title='bbox 2703 4691 2757 4746; x_wconf 89' lang='lat' dir='ltr'><strong>id</strong></span> <span class='ocrx_word' id='word_1_766' title='bbox 2803 4706 2978 4761; x_wconf 83' lang='lat' dir='ltr'><strong>genus</strong></span> <span class='ocrx_word' id='word_1_767' title='bbox 3021 4698 3237 4744; x_wconf 89' lang='lat' dir='ltr'><strong>atroces</strong></span> <span class='ocrx_word' id='word_1_768' title='bbox 3295 4689 3354 4743; x_wconf 92' lang='lat' dir='ltr'><strong>in</strong></span> <span class='ocrx_word' id='word_1_769' title='bbox 3400 4705 3500 4744; x_wconf 89' lang='lat' dir='ltr'><strong>eos</strong></span> <span class='ocrx_word' id='word_1_770' title='bbox 3549 4688 3647 4758; x_wconf 91' lang='lat' dir='ltr'><strong>qui</strong></span> <span class='ocrx_word' id='word_1_771' title='bbox 3678 4698 3758 4739; x_wconf 91' lang='lat' dir='ltr'><strong>me</strong></span> 
     </span>
    </p>
   </div>
   <div class='ocr_carea' id='block_1_104' title="bbox 2167 4776 3757 4850">
    <p class='ocr_par' dir='ltr' id='par_1_104' title="bbox 2167 4776 3757 4850">
     <span class='ocr_line' id='line_1_104' title="bbox 2167 4776 3757 4850; baseline -0.008 -10"><span class='ocrx_word' id='word_1_772' title='bbox 2167 4794 2497 4841; x_wconf 77' lang='lat' dir='ltr'><strong>vexaverant</strong></span> <span class='ocrx_word' id='word_1_773' title='bbox 2535 4794 2588 4839; x_wconf 89' lang='lat' dir='ltr'><strong>et</strong></span> <span class='ocrx_word' id='word_1_774' title='bbox 2625 4784 2879 4838; x_wconf 64' lang='lat' dir='ltr'><strong>laeserant</strong></span> <span class='ocrx_word' id='word_1_775' title='bbox 2935 4781 3236 4847; x_wconf 89' lang='lat' dir='ltr'><strong>habentes;</strong></span> <span class='ocrx_word' id='word_1_776' title='bbox 3271 4796 3517 4850; x_wconf 87' lang='lat' dir='ltr'><strong>quarum</strong></span> <span class='ocrx_word' id='word_1_777' title='bbox 3568 4776 3757 4833; x_wconf 74' lang='lat' dir='ltr'><strong>notitia</strong></span> 
     </span>
    </p>
   </div>
   <div class='ocr_carea' id='block_1_105' title="bbox 2168 4872 3762 4941">
    <p class='ocr_par' dir='ltr' id='par_1_105' title="bbox 2168 4872 3762 4941">
     <span class='ocr_line' id='line_1_105' title="bbox 2168 4872 3762 4941; baseline -0.007 -7"><span class='ocrx_word' id='word_1_778' title='bbox 2168 4891 2530 4934; x_wconf 85' lang='lat' dir='ltr'><strong>censurarum</strong></span> <span class='ocrx_word' id='word_1_779' title='bbox 2569 4873 2769 4929; x_wconf 88' lang='lat' dir='ltr'><strong>nemini</strong></span> <span class='ocrx_word' id='word_1_780' title='bbox 2809 4889 3001 4929; x_wconf 88' lang='lat' dir='ltr'><strong>eorum</strong></span> <span class='ocrx_word' id='word_1_781' title='bbox 3051 4872 3107 4926; x_wconf 90' lang='lat' dir='ltr'><strong>in</strong></span> <span class='ocrx_word' id='word_1_782' title='bbox 3139 4887 3279 4941; x_wconf 88' lang='lat' dir='ltr'><strong>quos</strong></span> <span class='ocrx_word' id='word_1_783' title='bbox 3327 4872 3441 4927; x_wconf 82' lang='lat' dir='ltr'><strong>illae</strong></span> <span class='ocrx_word' id='word_1_784' title='bbox 3475 4872 3762 4939; x_wconf 86' lang='lat' dir='ltr'><strong>intorque-</strong></span> 
     </span>
    </p>
   </div>
   <div class='ocr_carea' id='block_1_106' title="bbox 2170 4954 3760 5033">
    <p class='ocr_par' dir='ltr' id='par_1_106' title="bbox 2170 4954 3760 5033">
     <span class='ocr_line' id='line_1_106' title="bbox 2170 4954 3760 5033; baseline -0.009 -7"><span class='ocrx_word' id='word_1_785' title='bbox 2170 4971 2371 5026; x_wconf 83' lang='lat' dir='ltr'><strong>bantur</strong></span> <span class='ocrx_word' id='word_1_786' title='bbox 2395 4954 2572 5023; x_wconf 73' lang='lat' dir='ltr'><strong>oblata</strong></span> <span class='ocrx_word' id='word_1_787' title='bbox 2598 4968 2707 5020; x_wconf 87' lang='lat' dir='ltr'><strong>ulla</strong></span> <span class='ocrx_word' id='word_1_788' title='bbox 2741 4975 2853 5032; x_wconf 82' lang='lat' dir='ltr'><strong>est;</strong></span> <span class='ocrx_word' id='word_1_789' title='bbox 2887 4981 2953 5021; x_wconf 87' lang='lat' dir='ltr'><strong>ac</strong></span> <span class='ocrx_word' id='word_1_790' title='bbox 2982 4981 3049 5020; x_wconf 85' lang='lat' dir='ltr'><strong>ne</strong></span> <span class='ocrx_word' id='word_1_791' title='bbox 3082 4963 3352 5019; x_wconf 88' lang='lat' dir='ltr'><strong>indicium</strong></span> <span class='ocrx_word' id='word_1_792' title='bbox 3385 4964 3618 5033; x_wconf 83' lang='lat' dir='ltr'><strong>quidem</strong></span> <span class='ocrx_word' id='word_1_793' title='bbox 3642 4958 3760 5016; x_wconf 59' lang='lat' dir='ltr'><strong>cui.</strong></span> 
     </span>
    </p>
   </div>
   <div class='ocr_carea' id='block_1_107' title="bbox 2167 5053 3761 5127">
    <p class='ocr_par' dir='ltr' id='par_1_107' title="bbox 2167 5053 3761 5127">
     <span class='ocr_line' id='line_1_107' title="bbox 2167 5053 3761 5127; baseline -0.005 -15"><span class='ocrx_word' id='word_1_794' title='bbox 2167 5064 2250 5115; x_wconf 79' lang='lat' dir='ltr'><strong>vis</strong></span> <span class='ocrx_word' id='word_1_795' title='bbox 2277 5059 2478 5113; x_wconf 69' lang='lat' dir='ltr'><strong>factum</strong></span> <span class='ocrx_word' id='word_1_796' title='bbox 2511 5059 2596 5111; x_wconf 79' lang='lat' dir='ltr'><strong>Vel</strong></span> <span class='ocrx_word' id='word_1_797' title='bbox 2642 5060 2866 5112; x_wconf 80' lang='lat' dir='ltr'><strong>istarum</strong></span> <span class='ocrx_word' id='word_1_798' title='bbox 2897 5057 3139 5127; x_wconf 89' lang='lat' dir='ltr'><strong>ipsarum</strong></span> <span class='ocrx_word' id='word_1_799' title='bbox 3172 5056 3488 5109; x_wconf 84' lang='lat' dir='ltr'><strong>litterarum</strong></span> <span class='ocrx_word' id='word_1_800' title='bbox 3532 5054 3617 5109; x_wconf 90' lang='lat' dir='ltr'><strong>vel</strong></span> <span class='ocrx_word' id='word_1_801' title='bbox 3647 5053 3761 5122; x_wconf 90' lang='lat' dir='ltr'><strong>pia-</strong></span> 
     </span>
    </p>
   </div>
   <div class='ocr_carea' id='block_1_108' title="bbox 2169 5141 3756 5218">
    <p class='ocr_par' dir='ltr' id='par_1_108' title="bbox 2169 5141 3756 5218">
     <span class='ocr_line' id='line_1_108' title="bbox 2169 5141 3756 5218; baseline -0.008 -11"><span class='ocrx_word' id='word_1_802' title='bbox 2169 5152 2435 5207; x_wconf 88' lang='lat' dir='ltr'><strong>cularium</strong></span> <span class='ocrx_word' id='word_1_803' title='bbox 2479 5164 2744 5205; x_wconf 76' lang='lat' dir='ltr'><strong>noxarum</strong></span> <span class='ocrx_word' id='word_1_804' title='bbox 2795 5163 2930 5218; x_wconf 87' lang='lat' dir='ltr'><strong>quas</strong></span> <span class='ocrx_word' id='word_1_805' title='bbox 2978 5146 3361 5202; x_wconf 89' lang='lat' dir='ltr'><strong>continebant.</strong></span> <span class='ocrx_word' id='word_1_806' title='bbox 3426 5144 3525 5198; x_wconf 73' lang='lat' dir='ltr'><strong>Hae</strong></span> <span class='ocrx_word' id='word_1_807' title='bbox 3555 5141 3756 5198; x_wconf 80' lang='lat' dir='ltr'><strong>deinde</strong></span> 
     </span>
    </p>
   </div>
   <div class='ocr_carea' id='block_1_109' title="bbox 2167 5233 3756 5309">
    <p class='ocr_par' dir='ltr' id='par_1_109' title="bbox 2167 5233 3756 5309">
     <span class='ocr_line' id='line_1_109' title="bbox 2167 5233 3756 5309; baseline -0.008 -13"><span class='ocrx_word' id='word_1_808' title='bbox 2167 5243 2361 5296; x_wconf 59' lang='grc' dir='ltr'><strong>[μοι-ιιι</strong></span> <span class='ocrx_word' id='word_1_809' title='bbox 2394 5242 2447 5293; x_wconf 90' lang='lat' dir='ltr'><strong>in</strong></span> <span class='ocrx_word' id='word_1_810' title='bbox 2479 5241 2713 5309; x_wconf 87' lang='lat' dir='ltr'><strong>quodam</strong></span> <span class='ocrx_word' id='word_1_811' title='bbox 2749 5239 3005 5293; x_wconf 84' lang='lat' dir='ltr'><strong>abstruso</strong></span> <span class='ocrx_word' id='word_1_812' title='bbox 3032 5245 3087 5290; x_wconf 91' lang='lat' dir='ltr'><strong>et</strong></span> <span class='ocrx_word' id='word_1_813' title='bbox 3122 5251 3351 5306; x_wconf 89' lang='lat' dir='ltr'><strong>prorsus</strong></span> <span class='ocrx_word' id='word_1_814' title='bbox 3402 5234 3603 5305; x_wconf 85' lang='lat' dir='ltr'><strong>ignoto</strong></span> <span class='ocrx_word' id='word_1_815' title='bbox 3635 5233 3756 5287; x_wconf 89' lang='lat' dir='ltr'><strong>loco</strong></span> 
     </span>
    </p>
   </div>
   <div class='ocr_carea' id='block_1_110' title="bbox 2170 5326 3760 5405">
    <p class='ocr_par' dir='ltr' id='par_1_110' title="bbox 2170 5326 3760 5405">
     <span class='ocr_line' id='line_1_110' title="bbox 2170 5326 3760 5405; baseline -0.008 -16"><span class='ocrx_word' id='word_1_816' title='bbox 2170 5333 2350 5405; x_wconf 79' lang='lat' dir='ltr'><strong>magni</strong></span> <span class='ocrx_word' id='word_1_817' title='bbox 2377 5328 2561 5401; x_wconf 79' lang='lat' dir='ltr'><strong>templi</strong></span> <span class='ocrx_word' id='word_1_818' title='bbox 2595 5341 2798 5386; x_wconf 52' lang='lat' dir='ltr'><strong>sanetae</strong></span> <span class='ocrx_word' id='word_1_819' title='bbox 2848 5330 2939 5384; x_wconf 89' lang='lat' dir='ltr'><strong>Dei</strong></span> <span class='ocrx_word' id='word_1_820' title='bbox 2990 5328 3288 5400; x_wconf 64' lang='lat' dir='ltr'><strong>Sapientiae</strong></span> <span class='ocrx_word' id='word_1_821' title='bbox 3323 5327 3627 5398; x_wconf 65' lang='lat' dir='ltr'><strong>depositae,</strong></span> <span class='ocrx_word' id='word_1_822' title='bbox 3657 5326 3760 5380; x_wconf 82' lang='lat' dir='ltr'><strong>ibi-</strong></span> 
     </span>
    </p>
   </div>
   <div class='ocr_carea' id='block_1_111' title="bbox 2168 5420 3759 5493">
    <p class='ocr_par' dir='ltr' id='par_1_111' title="bbox 2168 5420 3759 5493">
     <span class='ocr_line' id='line_1_111' title="bbox 2168 5420 3759 5493; baseline -0.007 -14"><span class='ocrx_word' id='word_1_823' title='bbox 2168 5433 2291 5481; x_wconf 81' lang='lat' dir='ltr'><strong>dem</strong></span> <span class='ocrx_word' id='word_1_824' title='bbox 2325 5424 2617 5479; x_wconf 66' lang='lat' dir='ltr'><strong>custodita:</strong></span> <span class='ocrx_word' id='word_1_825' title='bbox 2648 5433 3095 5493; x_wconf 85' lang='lat' dir='ltr'><strong>permanserunt.</strong></span> <span class='ocrx_word' id='word_1_826' title='bbox 3132 5420 3248 5493; x_wconf 68' lang='lat' dir='ltr'><strong>Ego</strong></span> <span class='ocrx_word' id='word_1_827' title='bbox 3278 5434 3415 5475; x_wconf 77' lang='lat' dir='ltr'><strong>vero</strong></span> <span class='ocrx_word' id='word_1_828' title='bbox 3459 5428 3759 5488; x_wconf 86' lang='lat' dir='ltr'><strong>postquam</strong></span> 
     </span>
    </p>
   </div>
   <div class='ocr_carea' id='block_1_112' title="bbox 2171 5509 3760 5583">
    <p class='ocr_par' dir='ltr' id='par_1_112' title="bbox 2171 5509 3760 5583">
     <span class='ocr_line' id='line_1_112' title="bbox 2171 5509 3760 5583; baseline -0.008 -10"><span class='ocrx_word' id='word_1_829' title='bbox 2171 5520 2369 5573; x_wconf 83' lang='lat' dir='ltr'><strong>throno</strong></span> <span class='ocrx_word' id='word_1_830' title='bbox 2409 5517 2607 5571; x_wconf 84' lang='lat' dir='ltr'><strong>cedere</strong></span> <span class='ocrx_word' id='word_1_831' title='bbox 2640 5528 2698 5570; x_wconf 90' lang='lat' dir='ltr'><strong>ct</strong></span> <span class='ocrx_word' id='word_1_832' title='bbox 2743 5513 2926 5568; x_wconf 85' lang='lat' dir='ltr'><strong>omnis</strong></span> <span class='ocrx_word' id='word_1_833' title='bbox 2970 5509 3357 5583; x_wconf 86' lang='lat' dir='ltr'><strong>patriarchalis</strong></span> <span class='ocrx_word' id='word_1_834' title='bbox 3406 5511 3760 5578; x_wconf 72' lang='lat' dir='ltr'><strong>praefecturae</strong></span> 
     </span>
    </p>
   </div>
   <div class='ocr_carea' id='block_1_113' title="bbox 2170 5605 3760 5675">
    <p class='ocr_par' dir='ltr' id='par_1_113' title="bbox 2170 5605 3760 5675">
     <span class='ocr_line' id='line_1_113' title="bbox 2170 5605 3760 5675; baseline -0.006 -12"><span class='ocrx_word' id='word_1_835' title='bbox 2170 5610 2573 5664; x_wconf 79' lang='lat' dir='ltr'><strong>abdicationem</strong></span> <span class='ocrx_word' id='word_1_836' title='bbox 2626 5610 2771 5662; x_wconf 88' lang='lat' dir='ltr'><strong>volui</strong></span> <span class='ocrx_word' id='word_1_837' title='bbox 2838 5605 3042 5672; x_wconf 81' lang='lat' dir='ltr'><strong>facere,</strong></span> <span class='ocrx_word' id='word_1_838' title='bbox 3098 5605 3514 5675; x_wconf 82' lang='lat' dir='ltr'><strong>quiescereque</strong></span> <span class='ocrx_word' id='word_1_839' title='bbox 3564 5613 3760 5655; x_wconf 82' lang='lat' dir='ltr'><strong>rursus</strong></span> 
     </span>
    </p>
   </div>
   <div class='ocr_carea' id='block_1_114' title="bbox 2173 5693 3757 5771">
    <p class='ocr_par' dir='ltr' id='par_1_114' title="bbox 2173 5693 3757 5771">
     <span class='ocr_line' id='line_1_114' title="bbox 2173 5693 3757 5771; baseline -0.009 -14"><span class='ocrx_word' id='word_1_840' title='bbox 2173 5701 2420 5771; x_wconf 88' lang='lat' dir='ltr'><strong>apudme</strong></span> <span class='ocrx_word' id='word_1_841' title='bbox 2454 5703 2597 5755; x_wconf 87' lang='lat' dir='ltr'><strong>sicut</strong></span> <span class='ocrx_word' id='word_1_842' title='bbox 2623 5702 2793 5770; x_wconf 87' lang='lat' dir='ltr'><strong>prius,</strong></span> <span class='ocrx_word' id='word_1_843' title='bbox 2816 5699 3001 5753; x_wconf 89' lang='lat' dir='ltr'><strong>statim</strong></span> <span class='ocrx_word' id='word_1_844' title='bbox 3036 5708 3207 5753; x_wconf 82' lang='lat' dir='ltr'><strong>towtn</strong></span> <span class='ocrx_word' id='word_1_845' title='bbox 3242 5693 3377 5750; x_wconf 89' lang='lat' dir='ltr'><strong>illud</strong></span> <span class='ocrx_word' id='word_1_846' title='bbox 3411 5694 3757 5764; x_wconf 85' lang='lat' dir='ltr'><strong>scriptorum</strong></span> 
     </span>
    </p>
   </div>
   <div class='ocr_carea' id='block_1_115' title="bbox 2171 5780 3754 5859">
    <p class='ocr_par' dir='ltr' id='par_1_115' title="bbox 2171 5780 3754 5859">
     <span class='ocr_line' id='line_1_115' title="bbox 2171 5780 3754 5859; baseline -0.012 -11"><span class='ocrx_word' id='word_1_847' title='bbox 2171 5809 2314 5848; x_wconf 85' lang='lat' dir='ltr'><strong>onus</strong></span> <span class='ocrx_word' id='word_1_848' title='bbox 2355 5808 2419 5847; x_wconf 79' lang='lat' dir='ltr'><strong>ex</strong></span> <span class='ocrx_word' id='word_1_849' title='bbox 2482 5792 2599 5859; x_wconf 84' lang='lat' dir='ltr'><strong>ipsa</strong></span> <span class='ocrx_word' id='word_1_850' title='bbox 2661 5790 2840 5843; x_wconf 85' lang='lat' dir='ltr'><strong>anima</strong></span> <span class='ocrx_word' id='word_1_851' title='bbox 2894 5788 3113 5844; x_wconf 84' lang='lat' dir='ltr'><strong>diluens</strong></span> <span class='ocrx_word' id='word_1_852' title='bbox 3178 5785 3473 5851; x_wconf 83' lang='lat' dir='ltr'><strong>abrogavi,</strong></span> <span class='ocrx_word' id='word_1_853' title='bbox 3538 5780 3754 5835; x_wconf 86' lang='lat' dir='ltr'><strong>veniam</strong></span> 
     </span>
    </p>
   </div>
   <div class='ocr_carea' id='block_1_116' title="bbox 2174 5872 3756 5953">
    <p class='ocr_par' dir='ltr' id='par_1_116' title="bbox 2174 5872 3756 5953">
     <span class='ocr_line' id='line_1_116' title="bbox 2174 5872 3756 5953; baseline -0.01 -8"><span class='ocrx_word' id='word_1_854' title='bbox 2174 5904 2388 5945; x_wconf 81' lang='lat' dir='ltr'><strong>onmem</strong></span> <span class='ocrx_word' id='word_1_855' title='bbox 2420 5901 2688 5947; x_wconf 66' lang='lat' dir='ltr'><strong>universa:</strong></span> <span class='ocrx_word' id='word_1_856' title='bbox 2723 5885 2813 5939; x_wconf 87' lang='lat' dir='ltr'><strong>Dei</strong></span> <span class='ocrx_word' id='word_1_857' title='bbox 2849 5884 3166 5953; x_wconf 82' lang='lat' dir='ltr'><strong>impertiens</strong></span> <span class='ocrx_word' id='word_1_858' title='bbox 3217 5878 3486 5936; x_wconf 73' lang='lat' dir='ltr'><strong>Ecclesiae</strong></span> <span class='ocrx_word' id='word_1_859' title='bbox 3529 5886 3582 5933; x_wconf 89' lang='lat' dir='ltr'><strong>et</strong></span> <span class='ocrx_word' id='word_1_860' title='bbox 3618 5872 3756 5945; x_wconf 85' lang='lat' dir='ltr'><strong>ipsis</strong></span> 
     </span>
    </p>
   </div>
  </div>
