4018 6402
381 407 480 473 281

1318 406 1419 468 DE
1461 405 1909 469 ANDRONICO
1946 407 2419 472 PAL/EOLOGO
2451 414 2602 473 LIB.
2646 413 2762 475 ΙΠ.

3549 412 3662 475 282

377 528 675 597 χωρήσεως
707 524 888 595 πάσης
939 527 1006 594 τῇ
1055 523 1149 577 τοῦ
1175 522 1311 575 Θεοῦ
1364 524 1512 593 πάσῃ
1547 521 1812 591 μεταδοὺς
1836 520 1965 574 Ἐκ·-
1992 524 2036 583 A
2068 527 2161 578 καὶ
2193 527 2292 597 τὴν
2324 528 2651 597 ἐπιτίμησιν
2708 528 2931 589 λύοντες
2979 525 3116 580 πᾶσι
3152 525 3412 595 καθαρῶς
3446 543 3662 596 συγχω-

381 619 606 689 κλησῐᾳ,
638 618 736 671 καὶ
755 618 939 679 αὐτοῖς
959 617 1072 677 τοῖς
1093 614 1372 683 ἀνωτέρω,
1406 614 1481 676 ὡς
1507 612 1745 683 εἴρηται,
1778 611 1964 679 θλίψαι

378 710 532 776 ἡμᾶς
589 711 686 763 καὶ
742 709 1137 777 παραλυπῆσαι
1173 705 1563 759 σπουδάσασιν.
1624 705 1701 756 Οὐ
1757 704 1866 772 γὰρ
1897 700 1964 772 ἧν

377 801 501 855 οὔτε
530 804 630 869 τῆς
658 802 749 854 τοῦ
800 801 935 854 Θεοῦ
967 800 1188 865 ὲντολῆς
1240 798 1363 850 οὔτε
1403 797 1513 850 τῶν
1538 796 1748 848 ἐκείνου
1785 797 1967 863 νόμων

380 897 479 947 καὶ
500 894 1005 963 παραγγελμάτων,
1025 890 1152 945 οὔτε
1183 891 1364 960 ψυχῆς
1387 888 1552 957 φόϐον
1575 888 1710 949 ὅλως
1737 887 1969 956 ἐχούσης

379 984 546 1036 αὑτοῦ
575 983 669 1036 τοῦ
697 983 831 1035 Θεοῦ
865 985 956 1034 καὶ
988 982 1203 1036 ἔννοιαν
1258 982 1356 1049 τῆς
1394 978 1689 1047 μελλούσης
1733 978 1968 1047 κρίσεως

378 1074 521 1144 ὁμοῦ
552 1075 648 1127 καὶ
684 1074 1118 1137 ἁνταποδόσεως,
1175 1071 1586 1125 ἁκατάλλακτον
1634 1070 1735 1140 τὴν
1765 1068 1968 1138 ἔχθραν

377 1170 572 1234 τιῖρείν
598 1170 694 1219 καὶ
723 1170 844 1220 ἀντὶ
876 1167 1066 1220 κακῶν
1109 1165 1438 1219 ἀντιδιδόναι
1493 1166 1667 1226 κακὰ,
1703 1160 1825 1214 οὔτε
1862 1162 1969 1229 μὴν

378 1258 696 1325 ἐπαρᾶσθαι
718 1258 860 1310 κατὰ
895 1258 1004 1310 τῶν
1030 1258 1450 1326 ἐπηρεαζόντων
1475 1297 1488 1317 ,
1525 1256 1779 1325 εὔχεσθαι
1825 1254 1967 1320 ὑπὲρ

380 1351 565 1403 αὐτῶν
590 1350 724 1403 Θεοῦ
757 1349 943 1417 σαφῶς
978 1351 1072 1403 καὶ¹
1097 1350 1354 1417 λέγοντος
1376 1349 1471 1403 καὶ
1504 1348 1964 1417 προστάσσοντος.

378 1443 481 1494 Διὰ
510 1441 681 1494 ταῦτα
714 1444 806 1494 καὶ
840 1444 1145 1511 γράμματα
1206 1442 1305 1511 μὲν
1334 1446 1519 1496 ἐκεῖνα.
1559 1444 1737 1494 πάντα
1767 1441 1837 1491 τὰ
1869 1441 1968 1507 τῆς

384 1535 780 1605 μικροψυχίας.
820 1535 1021 1603 μᾶλλον
1044 1535 1102 1587 δὲ
1128 1536 1311 1588 πᾶσαν
1339 1535 1440 1603 τὴν
1465 1534 1646 1594 αὑτοῖς
1676 1534 1971 1599 ἐγκατατε-

376 1628 569 1680 οεῖσαν
607 1627 890 1697 βαρύτητα
922 1626 1017 1679 τοῦ
1049 1626 1363 1697 ἀφορισμοῦ
1414 1642 1475 1678 τε
1526 1626 1623 1678 καὶ
1656 1624 1766 1674 τῶν
1797 1624 1970 1674 ὲπιτι-

381 1721 547 1789 μίων,
580 1720 644 1771 ὲκ
676 1719 859 1787 ψυχῆς
890 1718 1070 1784 πάσης
1096 1718 1511 1785 ἀπεϐαλλόμην,
1543 1718 1678 1769 πᾶσι
1700 1717 1811 1773 τοῖς
1846 1716 1967 1765 ὲπι-

372 1808 664 1879 τιμηθεϊσι
696 1807 949 1878 καθαρὰν
969 1807 1148 1869 διδοὺς
1178 1806 1276 1876 τὴν
1310 1804 1663 1874 συγχώρησιν
1689 1818 1701 1832 ·
1732 1801 1875 1853 ὥστε
1908 1798 1966 1850 δὲ

2074 619 2275 688 ροῦμεν
2293 622 2413 673 καθ’
2432 615 2504 672 ὧν
2529 621 2670 689 αὕτη
2694 622 2940 689 γέγονεν,
2962 621 3097 674 ἀλλά
3121 639 3202 672 τοι
3228 620 3325 672 καὶ
3366 619 3660 688 πρότερον,

2068 712 2129 775 ἐξ
2161 712 2284 763 ὅτου
2314 713 2557 780 δηλονότι
2585 712 2693 765 τῶν
2749 730 2948 780 πάτρια
2962 712 3170 782 ρχικῶν
3205 711 3416 780 Θρόνων
3448 711 3663 779 ἀναχω-

2073 805 2238 872 ρῆσαι
2280 805 2686 875 ἠϐουλήθημεν,
2740 806 2906 866 εὐθὺς
2961 804 3062 856 καὶ
3108 804 3206 872 τῆς
3255 803 3393 872 πρὸς
3451 804 3663 865 πάντας

2070 895 2269 966 ἔχθρας
2316 898 2655 967 ἀπέστημεν,
2697 897 2969 967 μηδεμέαν
3004 897 3143 965 πρὸς
3191 896 3384 948 οὐδένα
3410 896 3657 965 φανερὰν

2070 988 2103 1056 ἥ
2140 990 2536 1058 κεκρυμμένην
2569 989 2791 1059 ἔχοντες
2845 989 3080 1059 ἄμυναν,
3141 990 3237 1041 καὶ
3269 987 3395 1048 τοὺς
3435 986 3660 1055 εἰρημέ-⁸

2070 1097 2195 1141 νους
2229 1082 2570 1151 ἅφορισμοὺς
2609 1084 2702 1134 καὶ¹
2752 1083 2949 1144 λοιπὰς
3007 1081 3360 1150 ἐπιτιμήσεις
3395 1081 3505 1133 ἀπδ
3534 1080 3656 1131 τότε

2071 1172 2231 1233 εὐθὺς
2287 1173 2700 1237 καταλύσαντες
2757 1174 3133 1243 ὴθετήσαμεν.
3186 1175 3296 1226 Καὶ
3328 1169 3441 1240 εἷχε
3484 1170 3662 1223 ταῦτα

2070 1263 2160 1313 ἐπ’
2198 1263 2460 1332 ἀληθείας
2482 1264 2679 1327 οὕτως.
2722 1267 2842 1318 Ἵνα
2868 1267 2925 1318 δὲ
2979 1266 3053 1335 μή
3091 1282 3198 1318 τινι
3234 1264 3344 1315 τῶν
3380 1264 3523 1315 κατὰ
3562 1263 3662 1327 τῆς

2070 1353 2166 1406 τοῦ
2196 1354 2334 1407 Θεοῦ
2362 1357 2528 1422 ἁγίας
2575 1358 2904 1427 Ἐκκλησίας
2938 1355 3368 1426 ἐπιχειρούντων
3402 1356 3495 1407 καὶ
3529 1351 3665 1405 ταῦ-

2069 1464 2172 1514 την
2230 1446 2317 1518 [Ρ.
2358 1448 2483 1519 175]
2534 1448 2880 1519 βουλομένων
2931 1449 3322 1514 διαταρὰττειν
3385 1444 3663 1513 πρόφασίς

2071 1552 2206 1587 ποτε
2266 1537 2503 1602 γέ,νοιτο,
2559 1531 2773 1602 κακῶς
2805 1539 2905 1607 μὲν
2930 1538 3255 1590 παντάπασι
3306 1534 3404 1586 καὶ
3436 1532 3660 1593 ἀδίκως,

2072 1625 2290 1691 γένοιτο
2317 1626 2452 1693 γοῦν
2508 1629 2648 1696 μετά
2682 1628 2779 1681 τοῦ
2813 1628 3053 1697 πονηροῦ
3086 1625 3342 1695 ζητοῦντι
3388 1626 3456 1677 τὰ
3490 1622 3659 1676 σκάν-

2069 1718 2231 1780 δαλα,
2264 1720 2460 1774 τούτου
2514 1720 2578 1789 δὴ
2628 1721 2792 1790 χάριν
2818 1722 2913 1773 καὶ
2952 1721 3019 1773 τὰ
3051 1720 3300 1787 παρόντα
3330 1718 3659 1786 γράμματα,

2069 1809 2207 1863 Θεοῦ
2239 1811 2407 1864 αὑτοῦ
2445 1815 2786 1866 κατενώπιον
2844 1813 2988 1865 κατὰ
3037 1813 3146 1863 τῶν
3184 1810 3379 1880 πρώην
3410 1811 3662 1870 ἐκείνων,

374 1870 477 1956 κᾴι
507 1870 880 1955 αναλαῦἐσθαι
913 1899 982 1952 τὰ
1022 1870 1250 1952 τοιαῦτα
1278 1870 1589 1967 γράμματα
1619 1896 1717 1947 καὶ
1765 1889 1964 1959 ἀφανί-
2003 1870 2041 1923 Β
2068 1902 2143 1965 ὡς
2193 1904 2430 1971 ἐφημεν,
2503 1904 2916 1973 γεγραμμένων
2968 1870 3291 1970 ἐξεθέμεθξι,
3335 1870 3421 1953 ’Δι’
3463 1896 3540 1953 ὧν
3568 1900 3665 1952 καὶ

375 2010 469 2045 σαι
522 1990 775 2060 ἠμελήθη
838 1990 969 2057 παρ’
1007 1988 1185 2058 ἡμῶν,
1246 1990 1339 2040 καὶ
1366 1985 1492 2040 οὔτε
1523 1985 1795 2053 ὲλὰῦομεν
1842 1981 1966 2034 οὒτε

373 2084 753 2155 ἠφανίσαμεν.
808 2082 1172 2152 Εὑρεσκονται
1205 2074 1298 2132 οὖν
1332 2079 1558 2145 ἀρτίως,
1608 2079 1704 2133 καὶ
1735 2074 1967 2129 δίδονται

376 2182 457 2241 ei;
498 2180 691 2247 χεῖρας
734 2177 810 2244 τῷ
849 2178 1131 2247 κρατίστῳ
1166 2177 1260 2229 καὶ
1298 2175 1511 2246 βασιλεῖ
1560 2189 1660 2242 μου
1685 2171 1776 2223 καὶ
1810 2170 1971 2222 αὐτοέ

374 2273 636 2341 κράτορι.
664 2269 801 2338 Παρ’
834 2262 894 2321 οὗ
926 2270 1021 2321 καὶ
1052 2269 1188 2339 πρὸς
1210 2269 1357 2337 ἡμᾶς
1380 2256 1709 2336 ἐρωτήσεως
1739 2260 1971 2330 γενομέ-

372 2383 477 2433 νης
506 2364 688 2416 αὐτῶν
723 2363 788 2431 δὴ
817 2362 1028 2414 τούτων
1051 2362 1162 2414 τῶν
1198 2361 1554 2429 γραμμάτων
1581 2358 1789 2419 ἕνεκεν,
1813 2356 1968 2409 οὐδὲν

372 2456 568 2524 ἕτερος
591 2453 624 2521 ἥ
656 2454 788 2505 αὐτὸ
814 2454 875 2505 τὺ
922 2450 1124 2521 ἀληθὲς
1142 2452 1403 2511 εἰπόντες
1427 2448 1964 2518 ὲπληροφορήσαμεν

371 2543 493 2600 οἷον
525 2546 609 2599 ὅτι
644 2546 706 2597 οὐ
732 2543 830 2596 νῦν
861 2544 1129 2614 πρότερον
1178 2541 1276 2612 τὴν
1304 2539 1532 2610 γνώμην
1567 2537 1965 2607 μεταϐαλόντες

378 2731 474 2802 qui
510 2728 790 2799 superius,
822 2733 883 2781 ut
917 2725 1127 2780 dictum
1173 2732 1278 2791 est,
1324 2737 1526 2778 vexare
1557 2737 1658 2779 nos
1690 2729 1738 2775 et
1768 2720 1969 2776 laedere

380 2825 737 2881 studuerant.
768 2820 887 2874 Non
936 2819 1080 2872 enim
1125 2817 1228 2872 iuit
1277 2817 1537 2871 memoris
1580 2816 1965 2868 mamlatorum

384 2917 565 2988 legum
613 2930 679 2968 ac
720 2911 1263 2967 commendationum
1303 2909 1617 2963 divinarum
1659 2906 1849 2971 animi,
1905 2919 1967 2958 ac

391 3011 607 3065 omnino
653 3017 859 3062 metum
920 3005 1180 3060 habentis
1225 3003 1399 3073 ipsius
1441 3003 1560 3066 Dei,
1615 3007 1672 3053 et
1725 2999 1967 3053 futurum

380 3099 650 3170 judicium
696 3096 858 3168 255
906 3096 1069 3150 simul
1124 3110 1187 3150 ac
1220 3092 1636 3148 retributionem
1675 3100 1823 3145 certa
1853 3103 1972 3157 per-

2069 1994 2235 2047 πᾶλιν
2264 1997 2333 2047 οὑ
2360 1994 2714 2065 συγχώρησιν
2757 1995 2918 2064 μόνον
2956 1995 3142 2051 πᾶσαν
3183 1993 3349 2046 πᾶσιν
3377 1992 3548 2043 ἁπονέ
3562 2007 3664 2059 μο-

2072 2103 2171 2155 μεν
2204 2089 2340 2148 τοῖς,
2396 2087 2472 2149 ὡς
2502 2086 2746 2157 εἴρηται,
2793 2085 2954 2157 ἡμῶν
2985 2085 3067 2138 ἔτι
3132 2081 3663 2154 πατριαρχευόντων

2068 2179 2452 2249 ὲπιτιμηθεῖσι
2504 2178 2690 2246 λόγοις
2743 2178 2775 2247 ἢ
2817 2178 3151 2246 γράμμασιν
3191 2175 3495 2244 ἡμετέροις
3548 2173 3665 2225 τισὶ

2070 2273 2330 2342 φανεροῖς
2371 2274 2431 2323 ἐν
2478 2256 2561 2339 τῷ
2592 2272 2848 2339 ,παρόντι
2888 2268 3282 2337 γεγενημένοις
3346 2266 3379 2335 ἢ
3440 2268 3498 2317 ὲν
3551 2267 3665 2326 τοῖς

2069 2362 2296 2432 ὕστερον
2317 2361 2425 2415 τῶν
2456 2363 2667 2433 χρόνων
2689 2362 2873 2431 δήλοις
2903 2359 3206 2430 ἐσομένοις,
3231 2357 3369 2412 ἀλλὰ
3394 2356 3486 2409 καὶ
3509 2357 3663 2425 εἰρή-

2069 2471 2168 2522 νην
2201 2455 2296 2507 καὶ
2327 2454 2425 2524 τὴν
2449 2453 2589 2506 κατὰ
2616 2453 2751 2506 Θεὸν
2783 2453 3008 2521 ἀγάπην
3035 2451 3173 2520 μετὰ
3208 2450 3424 2503 πάντων
3452 2448 3663 2500 τούτων

2068 2546 2369 2617 κυροῦμεν,
2422 2544 2599 2598 οὐδενί
2658 2562 2712 2598 τι
2767 2545 2876 2597 τῶν
2933 2544 3194 2597 ἁπάντων
3244 2540 3322 2596 ὡς
3357 2539 3451 2593 ὑπ’
3492 2538 3662 2591 αὑτοῦ

2070 2733 2226 2781 runt.
2261 2725 2340 2780 Ne
2375 2731 2554 2778 autem
2599 2722 2765 2794 256
2796 2725 2905 2777 ulla
2932 2720 3059 2776 inde
3082 2720 3223 2775 male
3258 2717 3472 2773 allectis
3529 2731 3660 2785 erga

2068 2827 2314 2873 sanctam
2337 2816 2427 2871 Dei
2461 2814 2784 2879 Ecclesiam,
2806 2824 2859 2867 et
2883 2814 3103 2867 turbare
3134 2813 3278 2865 illam
3305 2807 3663 2865 studentibus

2067 2910 2290 2965 occasio
2319 2916 2412 2960 aut
2438 2916 2737 2976 pratextus
2785 2919 3029 2974 unquam
3062 2904 3295 2956 exsistat
3325 2899 3380 2955 id
3420 2897 3664 2953 conandi

2071 2999 2241 3069 (quod
2270 2997 2493 3068 quidem
2526 3010 2810 3065 perperam
2841 3006 2894 3049 et
2927 2994 3130 3063 injuste
3153 2992 3421 3054 facerent,
3455 3003 3663 3057 ccupe-

2070 3099 2266 3146 rantes
2327 3090 2571 3157 maligno
2605 3087 2886 3158 quaesituri
2931 3082 3346 3152 scandalorutn)
3387 3081 3554 3148 hujus
3583 3078 3663 3131 rei

381 3169 650 3246 sitasione
692 3187 1022 3258 reputantis,
1055 3186 1405 3256 implacabile
1443 3184 1628 3238 odium
1657 3195 1877 3237 servare
1916 3185 1971 3232 et
1999 3221 2045 3283 Ο
2075 3181 2249 3252 gratia
2295 3189 2593 3250 praesentes
2649 3179 2881 3243 litteras,
2938 3177 3142 3230 intuitu
3196 3175 3286 3228 Dei
3344 3169 3661 3241 praesentis,

376 3297 483 3352 pro
528 3282 695 3336 malis
727 3280 867 3333 mala
913 3278 1231 3346 rependere,
1283 3291 1462 3345 neque
1490 3275 1641 3329 diras
1683 3274 1973 3342 imprecari

379 3377 453 3431 iis
497 3374 595 3441 qui
641 3372 1142 3433 mihi.nocueraut,
1173 3384 1297 3423 cum
1335 3382 1434 3437 pro
1466 3368 1668 3421 talibus
1701 3364 1973 3419 orandum

381 3470 537 3521 lleus
579 3465 730 3518 clare
775 3462 926 3517 dicat
965 3469 1018 3515 et
1058 3460 1269 3530 jubeat.
1326 3458 1561 3527 Propter
1608 3459 1724 3511 haec
1762 3457 1975 3509 litteras

376 3559 509 3614 illas
547 3571 610 3610 ex
643 3552 1102 3625 pusillanimitate
1126 3561 1180 3606 et
1211 3550 1539 3621 aegritudine
1566 3548 1771 3603 turbati
1804 3546 1974 3600 animi

380 3650 699 3721 prolectas,
754 3647 1064 3718 praesertim
1119 3659 1254 3700 vero
1285 3654 1540 3698 cunctam
1571 3641 1706 3710 ipsis
1750 3640 1977 3694 inditam

381 3742 752 3798 acerbitatem
804 3737 1171 3792 anatlretnatis
1216 3745 1271 3791 et
1309 3734 1671 3805 piacularium
1708 3745 1976 3786 noxarum

380 3849 452 3888 ex
479 3841 598 3885 toto
622 3832 841 3898 penitus
869 3829 1053 3881 animo
1082 3826 1266 3896 rejeci,
1303 3825 1518 3879 cunctis
1548 3840 1684 3893 quos
1708 3822 1981 3891 subjicere

380 3921 570 3991 poenis
615 3916 926 3973 istiusmodi
981 3916 1290 3978 volueram,
1333 3914 1550 3983 plenam
1596 3913 1980 3976 sinceramque

383 4010 678 4079 indulgens
733 4009 951 4061 veniam
1010 4020 1076 4060 ac
1127 4021 1337 4075 pacem.
1394 4005 1586 4073 itaque
1639 4018 1822 4058 merus
1876 4002 1980 4056 fuit

381 4118 555 4157 casus
592 4100 917 4163 oblivionis,
950 4098 1100 4167 quod
1133 4097 1295 4152 nobis
1329 4097 1382 4151 in
1420 4106 1656 4151 mentem
1685 4111 1795 4149 non
1823 4110 1981 4149 vene-

384 4197 462 4251 rit
514 4209 794 4249 resumere
852 4192 976 4246 inde
1015 4191 1227 4246 litteras
1259 4190 1382 4246 illas
1433 4199 1487 4245 et
1534 4191 1778 4254 abolere,
1821 4195 1980 4256 prout

388 4286 885 4341 constittteramus.
954 4282 1061 4338 Sed
1130 4282 1258 4351 quia
1323 4281 1657 4351 negligentia
1728 4280 1979 4348 quaedam

384 4388 579 4435 nostra
601 4393 669 4430 ne
689 4390 1098 4430 resumeremus
1121 4382 1175 4429 et
1201 4374 1547 4429 abolerenms
1568 4373 1800 4437 obstitit,
1824 4386 1981 4427 secu-

387 4483 505 4527 tum
535 4470 663 4525 inde
684 4479 770 4524 est
799 4478 860 4522 ut
891 4469 1054 4522 modo
1077 4468 1182 4522 ille
1205 4468 1581 4535 reperirentur
1605 4468 1979 4531 darenturque

2082 3273 2347 3327 adversus
2377 3271 2522 3334 illas,
2567 3278 2623 3322 ut
2654 3268 2914 3330 diximus,
2946 3283 2974 3319 a
3002 3266 3161 3321 nobis
3210 3264 3361 3332 prius
3407 3260 3661 3329 scriptas,

2080 3365 2146 3419 ed
2172 3364 2378 3425 dimus,
2411 3377 2508 3430 per
2536 3374 2673 3431 quas
2697 3361 2861 3414 etiam
2894 3373 3087 3411 rursus
3119 3369 3225 3409 nou
3249 3353 3458 3407 veniam
3481 3350 3660 3406 solum

2080 3465 2134 3509 et
2178 3453 2579 3510 absolutionem
2633 3467 2850 3504 omnem
2917 3451 3266 3517 impertinnts
3312 3447 3380 3499 iis
3427 3444 3542 3512 qui,
3604 3450 3666 3497 ut

2080 3548 2286 3611 dictum
2320 3554 2427 3606 est,
2462 3560 2492 3598 a
2530 3544 2687 3598 nobis
2725 3540 3156 3611 patr’archntum
3190 3535 3502 3606 gerentibus
3533 3534 3665 3589 sub-

2075 3639 2212 3707 ,ξιξειὶ
2271 3636 2528 3691 censuris
2599 3634 2942 3703 quibuslibet
3005 3634 3241 3695 fuerant,
3317 3630 3498 3685 verbis
3568 3640 3665 3683 aut

2082 3729 2280 3784 litteris
2317 3730 2522 3783 nostris
2546 3726 2872 3794 quibusdam
2909 3740 3056 3779 nunc
3087 3723 3400 3793 publicatis,
3435 3736 3500 3774 ac
3531 3722 3664 3789 qui-

2080 3821 2576 3889 buscunque-aliis
2631 3827 2914 3879 secuturo,
2946 3818 2991 3870 si
3038 3815 3193 3879 forte,
3231 3823 3476 3883 letttpure
3522 3829 3662 3881 quu-

2086 3912 2387 3968 modulibet
2423 3912 2789 3980 publicandis.
2819 3910 3021 3963 Contra
3051 3924 3187 3975 qttas
3212 3922 3398 3975 pacem
3423 3908 3509 3959 hic
3536 3912 3591 3958 et
3611 3905 3663 3958 5n

2084 4009 2195 4063 lien
2232 4007 2559 4060 cbaritatem
2591 4020 2748 4074 {erute
2794 4002 3046 4056 omnibus
3078 4001 3358 4053 lirmamus
3384 4006 3439 4053 et
3485 3998 3669 4052 sanci-

2084 4119 2205 4158 nms
2258 4111 2523 4162 nostram.
2565 4100 2769 4155 nemini
2826 4098 3088 4161 omnium,
3153 4102 3414 4165 tanquam
3469 4095 3538 4149 ab
3595 4108 3662 4148 eo

2081 4197 2133 4251 vi
2160 4197 2339 4250 ‘elicet
2364 4193 2561 4262 injuria
2590 4192 2788 4255 all‘ecti,
2822 4189 3032 4252 odium,
3072 4188 3208 4241 iram
3241 4194 3338 4239 aut
3371 4199 3658 4239 rancorem

2084 4291 2291 4351 ullum,
2354 4286 2708 4340 acerbitatem
2780 4283 3222 4352 qualemcunque
3283 4293 3506 4348 gravem
3552 4288 3662 4331 aut

2085 4381 2258 4433 levem
2283 4378 2623 4445 designautis
2658 4385 2750 4428 aut
2780 4373 3074 4443 indigentis
3111 4372 3390 4435 vindictae,
3416 4369 3660 4440 reposita

2085 4473 2229 4525 velut
2254 4471 2308 4524 in
2346 4471 2486 4524 besae
2528 4468 2725 4521 mentis
2750 4468 2872 4521 sinu
2907 4474 3214 4520 servantes.
3247 4464 3402 4531 Quod
3432 4465 3478 4519 si
3508 4463 3657 4533 quis,

387 4564 771 4635 potentissimo
793 4562 1019 4615 domino
1043 4575 1163 4615 meo
1186 4559 1528 4628 imperatori,
1551 4560 1643 4627 qui
1673 4573 1798 4610 cum
1827 4560 1974 4612 circa
2008 4553 2052 4606 Ι)
2081 4566 2393 4633 quicunque
2451 4560 2667 4615 tandem
2720 4558 2907 4622 fuerit,
2960 4560 3045 4613 vel
3100 4557 3388 4628 prandimus
3442 4564 3662 4610 nostras

386 4654 524 4709 istas
598 4667 628 4704 ο
692 4651 850 4705 nobis
912 4650 1149 4718 scriptas
1214 4637 1427 4702 litteras
1487 4647 1818 4717 interrogari
1878 4662 1980 4701 nos

386 4753 662 4804 curasset,
697 4742 834 4796 nihil
871 4741 1020 4795 aliud
1054 4741 1157 4794 nisi
1182 4741 1330 4809 quod
1365 4754 1553 4794 revera
1594 4751 1712 4794 erat
1752 4755 1978 4809 respon-

386 4839 581 4892 dentes
599 4836 1015 4897 aliirmavimus,
1037 4832 1297 4886 nimirum
1319 4846 1426 4885 nou
1449 4848 1548 4886 uos
1569 4846 1714 4885 nunc
1740 4832 1973 4899 primum

388 4936 574 4983 mente
629 4934 836 4980 mutata
900 4924 1112 4979 solvere
1168 4938 1554 4992 quamcunque
1618 4930 1972 4975 memoratam

388 5023 506 5077 illic
565 5034 881 5082 censuram,
951 5031 1016 5071 ac
1072 5016 1233 5085 plane
1293 5015 1617 5084 sincereque
1659 5013 1975 5068 condonare

392 5114 668 5167 universis
700 5113 752 5164 in
782 5125 926 5180 quos
964 5109 1349 5163 intendebatur
1395 5102 1611 5177 pinnam
1661 5123 1974 5177 noxamque

391 5217 612 5258 onmem
638 5201 931 5270 ejusmodi,
958 5201 1052 5255 sed
1086 5201 1258 5255 multo
1288 5212 1470 5261 antea,
1494 5202 1602 5267 jam
1623 5208 1735 5253 tum
1762 5199 1974 5253 scilicet

389 5295 618 5365 quando
684 5292 1028 5348 decrevimus
1089 5292 1437 5361 patriarchali
1498 5294 1696 5347 throno
1756 5293 1976 5358 cedere,

390 5386 687 5441 confestim
718 5400 937 5440 onmem
989 5384 1041 5438 in
1073 5399 1265 5439 omnes
1301 5384 1663 5440 otiensiunem
1712 5387 1971 5456 deposui-

390 5494 543 5540 mus,
615 5477 821 5531 nullain
882 5477 1148 5530 adversus
1218 5475 1387 5531 ullum
1455 5476 1804 5531 manifestam
1875 5488 1972 5533 aut

389 5569 666 5622 occultam
709 5569 976 5622 habentes
1007 5567 1444 5623 malevolentiam
1476 5577 1573 5621 aut
1617 5568 1969 5637 cupiditatem

393 5661 648 5721 ultionis,
719 5671 1163 5730 memoratasque
1238 5660 1845 5717 excommunicatiunes
1917 5671 1972 5717 et

390 5759 622 5806 caeteras
681 5750 1055 5821 irrogationes
1117 5767 1403 5823 poenarum
1466 5768 1531 5807 ex
1596 5763 1728 5808 tunc
1785 5755 1968 5808 stazim

392 5840 676 5898 abolentes
704 5842 1111 5913 abrogarimus.
1155 5842 1242 5899 Sic
1282 5843 1373 5898 illa
1408 5859 1471 5898 ex
1508 5860 1633 5899 vero
1671 5859 1729 5897 se
1766 5842 1968 5898 babae-

2087 4658 2324 4720 litteras,
2350 4655 2521 4721 omni,
2555 4666 2616 4708 ut
2645 4652 2984 4707 declaratum
3023 4661 3126 4715 est,
3158 4651 3500 4706 auctoritatis
3528 4665 3664 4720 pon-

2081 4752 2211 4805 dere
2236 4758 2512 4811 carentes,
2563 4747 2647 4801 vel
2703 4747 2842 4802 alias
2893 4745 3166 4814 quaslibet
3200 4744 3403 4813 pariter
3445 4751 3663 4799 nostras

2084 4841 2137 4894 in
2173 4849 2495 4909 prastextum
2522 4838 2809 4892 turbarum
2838 4847 3033 4892 contra
3056 4835 3331 4904 quoslibet
3354 4850 3385 4889 e
3406 4850 3661 4890 commu-

2080 4934 2396 4986 nicantihus
2462 4930 2716 4984 Ecclesiae
2771 4929 3014 4999 proferre
3078 4928 3310 4983 voluerit
3371 4937 3425 4982 et
3483 4928 3662 4995 reipsa

2081 5025 2311 5078 turbans
2343 5026 2654 5093 protulerit,
2688 5024 2836 5077 hunc
2881 5020 3232 5077 maledictum
3263 5030 3318 5076 et
3356 5021 3659 5077 obnoxium

2079 5115 2371 5169 reddenda:
2399 5114 2522 5167 facti
2551 5113 2710 5183 hujus
2734 5112 2937 5166 rationi
2954 5128 3077 5166 esse
3099 5113 3377 5177 volumus,
3400 5120 3659 5181 tanquam

2080 5209 2172 5276 qui
2226 5208 2463 5276 preprite
2491 5207 2806 5275 obsequens
2840 5205 3168 5273 malignitati
3202 5221 3315 5260 non
3340 5220 3521 5259 verant
3558 5218 3659 5257 nu—

2077 5301 2184 5365 bis,
2205 5299 2299 5354 sed
2319 5299 2544 5352 omnino
2565 5296 2756 5351 falsam
2784 5298 3139 5354 intentionem
3158 5299 3445 5367 impingat.
3470 5296 3659 5350 Mense

2079 5388 2404 5458 Septembri,
2456 5388 2758 5443 indictione
2786 5404 2863 5443 XI.
2922 5408 2941 5439 ι
3002 5388 3239 5443 Suberat
3278 5396 3457 5442 autem
3506 5384 3660 5439 hisce

2075 5482 2273 5536 litteris
2300 5480 2411 5535 haec
2443 5481 2816 5550 subscriptio:
2843 5501 2864 5533 ‹
2900 5480 3234 5535 Athanasius
3255 5486 3527 5548 peccator,
3560 5478 3654 5547 qui

2074 5574 2149 5626 iui
2180 5572 2492 5641 patriarcha
2528 5570 3043 5641 Constantinopolis
3080 5585 3235 5625 novas
3267 5570 3471 5623 Romae.
3514 5587 3532 5619 ι
3571 5567 3655 5622 Ex

2073 5664 2177 5719 hoc
2235 5651 2429 5718 ultimo
2476 5663 2687 5733 scripto
2739 5663 3053 5728 Athanasii,
3079 5661 3174 5732 qui
3198 5676 3284 5716 res
3309 5660 3430 5729 ejus
3454 5675 3656 5715 censo-

2071 5752 2169 5807 riis
2200 5752 2377 5806 oculis
2408 5750 2795 5815 observabant,
2818 5750 3174 5804 nihilominus
3223 5748 3455 5803 validum
3488 5746 3653 5818 257

2070 5862 2235 5918 quam
2269 5862 2333 5902 ex
2380 5844 2487 5898 ullu
2527 5845 2779 5915 superius
2815 5842 3324 5899 animadversurum
3358 5841 3641 5913 pravitatis
