4018 6416
419 379 528 443 283

1629 384 1674 442 G
1687 385 1779 443 ΕΟ
1790 386 1884 444 BG
1903 389 1916 443 l
1934 388 1956 445 Ι
1988 389 2178 449 l‘ACIl
2193 389 2291 449 YM
2304 384 2470 445 ERE

3610 382 3704 442 281

418 495 582 564 δῆθεν
609 493 933 565 ἠδικημένοι
965 493 1168 566 ἔχθραν
1201 496 1432 568 ἢόργὴν
1467 500 1498 570 ἢ
1526 500 1693 570 βάρος
1739 505 1801 556 τὸ
1843 505 2009 573 τυχὸν
2040 513 2082 566 Α
2115 507 2403 575 γράμμασι
2442 503 2538 578 καὶ
2567 502 2715 556 λύειν
2751 501 2922 556 ἐθέλοι
2971 503 3063 558 καὶ
3112 500 3398 571 ἀφανίζειν
3443 501 3642 570 αίροῖτο
3675 501 3706 556 ἅ

418 585 906 654 ὰποταμιεύοντες.
960 587 1070 640 Καὶ
1124 589 1177 641 εῐ
1227 606 1312 652 τις
1363 591 1594 660 δήποτε
1655 595 1723 647 τὰ
1753 596 2015 664 λεχθέντα

421 679 729 748 γράμματα
751 681 845 732 καὶ
876 681 937 732 οὐ
963 680 1166 750 βάρους
1190 683 1512 753 μετέχοντα,
1535 685 1565 756 ἢ
1595 687 1760 758 ἔτερα
1786 691 2016 742 κάκεῖνα

420 771 689 840 ἡμέτερα,
745 772 828 833 είς
877 777 1127 842 ταραχῆς
1183 777 1463 843 πρόφασιν
1526 781 1668 832 κατά
1715 799 1877 832 τινων
1907 783 2016 835 τῶν

420 861 830 915 κοινωνούντων
883 867 948 932 τῇ
985 865 1292 936 Ἐκκλησία
1351 868 1733 936 προϐαλέσθαι
1794 871 2016 940 θελήσοι

420 958 516 1008 καὶ
543 958 835 1027 ταράσσων
869 960 1249 1027 προϐάλλοιτο,
1275 960 1467 1014 τοῦτον
1499 964 1776 1032 ἐπάρατον
1807 965 1901 1015 καὶ
1939 965 2013 1034 μὴ

418 1049 715 1102 ἀνεύθυνον
748 1048 885 1102 εἶναι
923 1050 1255 1118 βουλόμεθα,
1280 1054 1355 1115 ὡς
1395 1054 1533 1104 ίδίαν
1565 1055 1664 1124 μὲν
1694 1056 2013 1123 πληροῦντα

418 1141 639 1202 κακίαν,
674 1144 929 1212 ἀφορμὴν
964 1144 1007 1194 δ’
1043 1146 1190 1213 ἡμᾶς
1218 1147 1319 1198 οὐκ
1351 1147 1550 1216 ἀληθῆ.
1576 1147 1746 1216 ψευδῆ
1781 1149 1838 1200 δὲ
1874 1165 2013 1200 παν-

415 1235 588 1296 τελῶς
611 1234 1073 1303 προϐαλλόμενον.
1105 1237 1252 1304 Μηνὶ
1292 1239 1678 1309 Σεπτεμϐρίῳ,
1715 1240 1814 1294 ινδ.
1853 1241 1939 1294 ια’.
1987 1261 2006 1294 ι

447 1327 525 1380 Ην
588 1326 643 1378 δὲ
700 1329 796 1380 καὶ
855 1331 965 1390 τοῖς
1025 1331 1355 1400 γράμμασιν
1404 1333 1785 1402 ὑποσήμανσις
1833 1333 2009 1403 αὕτη·

432 1437 452 1469 ς
490 1418 814 1496 ’ᾼΟανάσιος
856 1421 1183 1492 ἁμαρτωλὸς
1224 1425 1250 1476 ὁ
1280 1425 1631 1494 χρηματίσας
1665 1428 2014 1497 πατριάρχης

417 1507 1045 1571 Κωνσταντινουπόλεως
1074 1512 1200 1574 νέας
1237 1513 1482 1582 Ῥώμης.
1519 1534 1535 1565 ι
1570 1515 1882 1586 Ἀθανασίῳ
1911 1517 2012 1586 μὲν

415 1595 511 1650 οὖν
541 1599 696 1652 οὐδὲν
727 1601 967 1654 ἐλάττων
999 1603 1108 1654 τῶν
1134 1604 1312 1657 ἄλλων
1340 1607 1492 1659 αἰτία
1526 1607 1620 1660 καὶ
1657 1607 1797 1676 αὕτη
1838 1628 2012 1680 προσ-

415 1690 686 1751 πεσοῦσα,
720 1692 812 1744 τοῦ
845 1693 996 1756 δόξαι
1029 1694 1126 1762 οὐχ
1163 1691 1328 1766 ἦττον
1375 1695 1584 1766 βαθέως
1614 1699 1646 1768 ἦ
1683 1700 1883 1768 ῥᾳδίως
1918 1704 2014 1770 ἐρ-

414 1781 708 1848 γάζεσθαι,
744 1784 948 1852 μείζων
981 1786 1133 1855 παρὰ
1169 1790 1283 1850 τοῖς
1315 1788 1438 1841 κατ’
1469 1791 1680 1843 ἐκείνου
1708 1792 2008 1862 ἐπιτηροῦ-

2117 599 2254 660 τέως
2291 597 2408 650 ἔδεέ
2436 614 2494 649 τε
2528 595 2622 649 καὶ
2650 594 3000 666 ήσφαλίζετο.

2121 713 2218 760 κε’.
2256 707 2400 774 Περὶ
2439 706 2548 759 τοῦ
2581 705 3026 774 Ταρχανειώτου
3055 704 3361 766 Ἰωάννου.
3396 705 3554 772 ὅπως
3583 706 3703 760 κατ’

2395 777 2712 843 ἀνατολὴν
2740 777 3079 845 στρατηγός
3107 775 3449 846 ἀπεστάλη.
3655 797 3660 803 ·

2193 870 2414 923 Βασιλεῖ
2439 870 2495 922 δὲ
2526 870 2612 942 [Ρ.
2651 869 2778 941 174]
2807 870 2902 922 καὶ
2923 869 3080 932 αὖθις
3105 869 3328 938 φροντὶς
3360 865 3428 940 ἦν
3458 869 3516 922 οὐ
3542 869 3704 937 μικρὰ

2117 964 2658 1032 παρακεκινημένων
2694 962 2846 1018 ἔνθεν
2885 963 2984 1033 μέν
3006 963 3116 1017 τῶν
3169 964 3453 1033 Τοχάρων,
3493 963 3603 1016 ὅσοι
3643 963 3702 1034 δὴ

2116 1056 2214 1108 καὶ
2249 1057 2344 1108 ἐπὶ
2383 1055 2617 1124 βορείοις
2641 1058 2754 1118 τοῖς
2781 1057 3008 1124 μέρεσιν
3039 1055 3270 1120 ἔκειντο,
3315 1055 3526 1109 ἐκεῖθεν
3560 1054 3616 1107 δέ
3644 1073 3702 1122 γε

2115 1147 2222 1199 τῶν
2256 1146 2578 1216 Τριϐαλλῶν
2605 1147 2912 1218 χρωμένων
2946 1147 3022 1217 τῷ
3057 1146 3395 1220 Κοτανίτζῃ,
3441 1147 3500 1208 ὃς
3526 1147 3588 1217 δὴ
3617 1147 3702 1199 καὶ

2117 1240 2362 1310 ἀποδρὰς
2424 1241 2702 1305 ἐντεῦθεν,
2769 1241 3072 1312 προσρυεὶς
3127 1241 3209 1308 τῷ
3253 1241 3436 1312 κράλῃ
3481 1238 3702 1310 Σερϐίας

2114 1329 2407 1401 ληΐστορος
2439 1333 2640 1403 τρόπον
2676 1333 2962 1386 καταθέων
2999 1331 3087 1402 [Ρ.
3133 1329 3259 1402 175]
3309 1331 3381 1384 τὰ
3416 1330 3700 1400 πρόσχωρα

2113 1422 2386 1490 ὲληῖζετο,
2433 1425 2495 1476 οὑ
2535 1425 2644 1492 μὴν
2673 1425 2729 1477 δὲ
2778 1423 2919 1478 ἀλλὰ
2949 1425 3046 1477 καὶ
3078 1423 3188 1476 τῶν
3221 1423 3323 1493 τῆς
3356 1423 3620 1490 ἀνατολῆς
3643 1422 3697 1474 οὑ

2114 1517 2300 1582 καλῶς
2329 1516 2564 1588 ἐχόντων
2595 1519 2660 1570 ἐκ
2687 1518 2784 1586 τῆς
2816 1517 3090 1586 προτέρας
3117 1517 3336 1583 ἐκείνης
3371 1515 3696 1584 συγχύσεως.

2114 1607 2304 1662 Ταῦτά
2336 1625 2418 1662 τοι
2458 1611 2553 1662 καὶ
2588 1607 2845 1677 βασιλεὺς
2870 1608 3066 1678 ἀνδρὸς
3095 1606 3393 1660 σπουδαίου
3417 1607 3559 1676 ὁρῶν
3594 1605 3701 1658 δεό-

2115 1719 2278 1770 μενον
2307 1701 2398 1754 τὸν
2432 1701 2626 1770 καιρδν
2655 1699 2754 1754 καὶ
2780 1699 3114 1770 στρατηγοῦ,
3165 1699 3283 1768 ἅμα.
3336 1699 3436 1767 μὲν
3491 1695 3698 1761 ξυνετηῦ

2114 1792 2227 1843 τῶν
2253 1790 2537 1851 τοιούτων,
2573 1792 2690 1860 ἅμα
2712 1791 2769 1843 δὲ
2795 1792 2890 1845 καὶ
2909 1791 3016 1842 τῶν
3041 1790 3374 1858 ἐγγιζόντων
3405 1787 3553 1858 αὑτῷ
3576 1785 3700 1856 πρὸς

415 1891 502 1926 σιν
535 1873 715 1936 ἔδοξεν
748 1875 954 1943 ἐαυτῆς
989 1876 1052 1929 ἐκ
1085 1894 1142 1930 τε
1175 1877 1267 1931 τοῦ
1299 1881 1392 1931 καὶ
1424 1881 1590 1933 αὑτὸν
1632 1883 1915 1951 ὁμολογεῖν
1950 1884 2011 1937 τὸ
2047 1852 2086 1908 Β
2116 1881 2330 1950 αἵματι,
2372 1879 2615 1950 παριδὼν
2647 1880 2745 1950 τὴν
2779 1880 2872 1932 ἐπὶ
2925 1879 3002 1950 τῷ
3053 1880 3318 1949 σχίσματι
3359 1877 3701 1946 μικρολογίαν

414 1966 692 2033 προσῆκον
723 1967 1091 2037 Χριστιανοῖς,
1113 1972 1188 2032 ὡς
1213 1969 1336 2023 οὔτε
1367 1971 1464 2040 τῆς
1499 1971 1594 2024 τοῦ
1624 1973 1758 2025 Θεοῦ
1792 1975 2014 2045 ἐντολῆς

411 2057 538 2109 οὔτε
563 2060 670 2110 τῶν
699 2061 907 2113 ἐκείνου
959 2061 1142 2130 νόμων
1197 2066 1288 2115 καὶ
1331 2066 1842 2135 παραγγελμάτων,
1885 2068 2011 2121 οὔτε

417 2152 524 2218 μὴν
558 2150 735 2221 ψυχῆς
761 2153 925 2221 φόϐον
958 2154 1094 2217 ὅλως
1147 2157 1386 2226 ἐχούσης
1421 2159 1588 2212 αὑτοῦ
1621 2160 1715 2212 τοῦ
1743 2161 1877 2213 Θεοῦ
1917 2163 2012 2215 καὶ

411 2244 622 2295 ἔννοιαν
649 2245 749 2312 τῆς
779 2247 1217 2313 ἁνταποδόσεως,
1241 2251 1388 2302 κακὰ
1419 2251 1540 2304 ἀντὶ
1572 2253 1755 2304 κακῶν
1780 2254 2010 2306 ἀποδοῦ-

413 2353 520 2388 ναι.
557 2336 616 2388 El
641 2337 695 2388 δέ
724 2353 774 2388 τι
805 2338 935 2390 ἄλλο
983 2340 1092 2392 ἀπὸ
1132 2340 1371 2410 Χριστοῦ
1435 2345 1761 2414 ἁφορισμῶν
1827 2347 2011 2415 μεῖζον

414 2428 586 2482 κακὸν
617 2429 792 2483 ταῦτα
813 2431 898 2483 ἐπ’
916 2432 1122 2495 αἰτίαις
1141 2435 1307 2495 τισὶν,
1333 2438 1358 2489 6
1385 2436 1556 2516 θέλων
1579 2439 1836 2508 κρινέτω.
1860 2440 2010 2504 Τέως

413 2535 479 2585 γε
514 2524 620 2589 μὴν
649 2523 752 2576 κάν
777 2521 854 2591 τῷ
883 2523 1195 2590 ὁμολογεῖν,
1223 2527 1347 2580 ὅσον
1386 2530 1445 2579 τὸ
1471 2528 1672 2593 δακεῖν,
1708 2530 1782 2591 ὡς
1811 2530 1913 2584 οὑκ
1953 2533 2009 2584 ἐν

414 2611 595 2683 χρόνῳ
625 2615 755 2678 τινί,
783 2615 922 2668 ἀλλὰ
958 2617 1052 2669 καὶ
1083 2617 1284 2671 αὐτίκα
1345 2620 1433 2672 ἐπ’
1486 2621 1671 2685 αὐτοῖς
1705 2625 2006 2696 μεταγνοίη

415 2791 593 2860 ipsius
636 2792 988 2857 indiciorum,
1022 2808 1408 2867 argumentum
1445 2801 1720 2858 duxerunt
1761 2807 1826 2858 ad
1863 2807 2008 2874 judi-

411 2889 650 2941 caudum
684 2887 898 2943 Vafrum
934 2906 1059 2945 esse
1099 2892 1254 2946 illum
1295 2911 1357 2949 ac
1392 2895 1712 2963 subdolum,
1755 2901 2008 2956 minime-

413 2995 522 3050 que
554 2981 713 3035 bona:
766 2982 888 3036 lidei
939 2997 1003 3036 ac
1045 2984 1274 3039 sincera:
1301 2988 1354 3041 in
1389 2991 1600 3058 agendo
1633 2992 2006 3060 simplicitatis

417 3076 720 3129 hominem.
765 3075 901 3130 Nam
953 3094 1022 3134 ne
1059 3092 1179 3132 acta
1222 3081 1342 3146 ejus
1376 3083 1504 3148 ista,
1535 3101 1658 3153 quae
1688 3103 1832 3140 nunc
1879 3103 2007 3156 pur-

416 3179 602 3235 gutum
647 3169 778 3235 ibat,
816 3171 1145 3240 ignorantiae
1176 3185 1270 3228 aut
1303 3177 1571 3232 caecitatis
1609 3195 1673 3232 ex
1714 3181 2002 3248 perturba-
2030 3197 2072 3253 ο

416 3263 570 3316 tione
615 3266 892 3330 prmscnti,
935 3265 1253 3321 cadentium
1304 3270 1357 3322 in
1414 3270 1565 3325 Viros
1622 3271 1786 3324 etiam
1829 3273 2003 3329 bonos

413 3370 692 3420 errorum,
721 3359 1175 3414 excusationibus
1206 3377 1232 3413 a
1272 3361 1632 3431 malignitatis
1664 3377 1792 3420 nota
1826 3367 2006 3422 vindi-

415 3457 694 3507 carentur,
717 3448 994 3512 obstabat,
1037 3452 1184 3521 quod
1220 3456 1337 3525 ipse
1372 3471 1516 3511 nunc
1556 3458 1702 3511 ultro
1731 3458 2004 3512 fatebatur

413 3539 562 3591 scire
590 3553 714 3592 sese
757 3554 821 3592 ac
875 3557 985 3607 pra:
1033 3545 1210 3598 oculis
1267 3548 1472 3602 mentis
1531 3549 1814 3614 habuisse,
1871 3551 2004 3618 quid

412 3631 704 3685 christiani
733 3632 967 3686 ollicium
1022 3647 1298 3704 posceret,
1343 3639 1477 3707 quid
1517 3640 1610 3695 Dei
1652 3644 2000 3711 mandatum,

415 3723 550 3792 quid
584 3723 704 3792 ejus
751 3725 898 3795 leges
953 3735 1007 3779 et
1049 3729 1502 3788 denuntiationes
1545 3737 2000 3805 praescriberent;

415 3824 618 3881 praesto
645 3815 811 3869 ctiam
851 3818 954 3871 sibi
991 3819 1240 3875 adfuisse
1273 3821 1365 3877 Dei
1413 3825 1662 3880 timorem
1707 3843 1768 3882 ac
1793 3831 2006 3899 cogita-

417 3908 623 3961 tionem
675 3920 1006 3978 exspectata:
1045 3914 1450 3982 retributionis,
1489 3920 1693 3988 quibus
1745 3924 2003 3980 omnibus

415 4000 583 4054 rebus
633 4001 1019 4069 prohiberetur
1075 4009 1214 4060 mala
1267 4025 1365 4078 pro
1425 4013 1582 4066 malis
1624 4013 1871 4069 reddere.
1908 4015 2004 4072 His

415 4093 612 4158 plenus
654 4093 911 4149 sensibus
949 4096 1042 4166 qui
1097 4107 1280 4153 tamen
1315 4117 1680 4174 quoscunque
1729 4107 1832 4161 sibi
1886 4110 2008 4178 qui-

418 4184 657 4240 buslibet
694 4187 765 4242 de
794 4191 980 4245 causis
1013 4192 1334 4250 adversatos
1365 4199 1535 4250 exitio
1565 4201 1724 4269 longe
1756 4204 2002 4256 omnium

416 4278 676 4344 maximo,
723 4283 1062 4350 separationi
1113 4286 1327 4340 scilicet
1379 4303 1408 4341 a
1456 4290 1697 4354 Christo,
1736 4303 2004 4363 quantum

418 4367 521 4421 fuit
549 4369 602 4421 in
643 4371 784 4439 ipso,
834 4373 1154 4444 subiecerit,
1195 4377 1408 4444 judicet
1456 4383 1546 4448 qui
1585 4385 1730 4438 volet
1767 4401 1896 4438 num
1940 4400 2008 4439 ex

417 4475 570 4514 mera
603 4461 969 4529 imprudentia
995 4467 1462 4536 subreplioneqtte
1496 4475 1728 4528 turbata:
1765 4475 2003 4529 tumultu
2040 4502 2082 4556 ι)

418 4551 619 4606 utentis
671 4553 962 4624 prolapsus
995 4557 1048 4611 in
1084 4560 1259 4627 prima
1307 4563 1396 4616 illa
1449 4567 1753 4636 scriptione
1814 4570 2001 4636 fuerit,

419 4664 487 4701 an
523 4665 628 4701 non
661 4651 842 4718 potius
888 4655 1060 4707 atroci
1102 4656 1356 4713 vindicta:
1397 4663 1658 4730 cupidine
1707 4664 2005 4734 furoreque

419 4737 708 4807 impotenti
758 4739 973 4794 chartis
1040 4758 1336 4811 expressas
1388 4748 1508 4800 istis
1560 4753 2003 4804 exsccrationum

418 4831 823 4885 horrendarutn
853 4838 1173 4904 conceperit
1209 4837 1403 4894 furias.
1438 4839 1568 4894 Utut
1597 4842 1664 4895 de
1697 4842 1781 4897 his
1811 4843 2002 4908 fuerit,

414 4937 564 4977 nunc
615 4923 835 4992 quidem
905 4927 997 4982 ille
1079 4939 1362 5000 utcunque
1423 4934 1714 4989 satisfecit.
1786 4937 2001 4991 Etenim

416 5017 756 5081 confitendo,
808 5029 1075 5088 quantum
1109 5025 1162 5077 itt
1213 5027 1456 5094 spectent
1501 5027 1638 5080 satis
1684 5027 1844 5091 foret,
1884 5044 2008 5084 sese

417 5123 528 5162 non
569 5118 760 5178 postea
814 5113 1036 5168 demum
1089 5132 1253 5185 quam
1309 5118 1725 5173 renuntiaverat
1778 5121 2011 5189 patriar-

419 5200 634 5263 chatui,
694 5203 785 5257 sed
835 5203 948 5273 jam
1004 5215 1120 5259 tum
1170 5218 1464 5274 antequam
1511 5208 1714 5262 throno
1765 5213 2006 5278 cederet,

418 5290 724 5347 damnasse
770 5311 833 5348 ac
881 5307 1097 5352 matura
1153 5300 1479 5366 pcenitentia
1515 5316 1811 5357 revocasse
1847 5305 2010 5372 quid-

421 5386 557 5454 quid
604 5403 894 5458 perperam
944 5392 1152 5461 egisset
1191 5374 1531 5448 clancularia
1595 5398 1904 5465 scriptione
1953 5407 2010 5452 et

426 5494 623 5534 arcana
672 5479 1020 5548 depositione
1067 5486 1388 5539 chartarum
1441 5491 1601 5542 modo
1638 5491 2006 5555 iuventarum,

420 5573 571 5626 omni
629 5574 788 5639 plane
854 5584 1002 5628 metu
1055 5577 1221 5632 solvit
1267 5581 1568 5646 quamlibet
1619 5583 1865 5654 timidos,
1911 5599 2012 5638 nec

424 5666 803 5734 suspicionem
851 5669 944 5722 ttlli
980 5673 1336 5738 quantumvis
1376 5677 1764 5743 superstitioso
1793 5677 2014 5746 reliquit

431 5759 597 5813 ullam
633 5769 932 5815 contractae
981 5778 1010 5816 a
1057 5779 1118 5819 se
1150 5775 1241 5818 aut
1287 5767 1390 5822 sibi
1426 5767 1605 5822 adhuc
1639 5768 1898 5824 haerentis
1943 5785 2011 5824 ex

434 5848 539 5906 ista
582 5851 835 5909 horribili
869 5853 1142 5922 scriptura
1197 5859 1396 5923 piaculi
1428 5861 1828 5926 cuiuscunque.
1861 5861 2013 5919 Unde

2115 1972 2210 2025 τοῦ
2252 1972 2530 2036 Ἰωάννου,
2585 1973 2680 2025 καὶ
2731 1973 2806 2034 ὠς
2839 1972 3000 2035 αὐτὸς
3044 1972 3144 2041 μὲν
3195 1972 3385 2041 ἥκιστ’
3442 1971 3508 2023 ἂν
3538 1969 3701 2022 διὰτὸ

2119 2064 2404 2134 σχίζεσθαι
2461 2064 2742 2134 βλάψειεν,
2776 2064 2994 2133 ὀνήσειε
3023 2063 3078 2116 δὲ
3133 2064 3194 2117 τὸ
3249 2062 3444 2116 κοινὸν
3477 2061 3562 2114 διὰ
3609 2061 3701 2129 τὴν

2117 2157 2409 2209 εὐϐουλίαν
2443 2158 2535 2210 καὶ
2570 2159 2631 2208 τὸ
2673 2157 2762 2211 ἐπ’
2795 2155 2982 2226 ἔργοις
3038 2156 3357 2220 σπουδαῖον,
3386 2158 3434 2208 εἰ
3473 2157 3701 2225 προσλη-

2116 2248 2300 2318 φθείη,
2334 2248 2740 2317 διανοούμενος,
2775 2249 2975 2302 αὐτίκα
3011 2250 3173 2317 ἀφεὶς
3217 2248 3480 2316 ἐγκαλεῖν
3520 2246 3700 2315 ἐκείνῳ

2113 2341 2213 2410 τὴν
2240 2341 2377 2411 πρὸς
2404 2341 2739 2410 Ἐκκλησίαν
2761 2341 3051 2411 διαφορὰν.
3082 2339 3158 2402 ὡς
3189 2337 3303 2409 εἶχε
3341 2339 3400 2392 δὲ
3441 2339 3538 2408 τῆς
3571 2335 3703 2406 γνῶ--

2117 2453 2224 2504 μης
2257 2435 2351 2488 καὶ
2377 2435 2544 2488 πάλιν
2567 2432 2734 2496 ἐάσας
2755 2435 2921 2503 ἔχειν,
2951 2432 3302 2503 προσλαϐὼν,
3345 2431 3546 2500 ὀλίγοις
3568 2432 3701 2482 τισὶν

2113 2525 2405 2593 ἐφοδιάσας
2437 2527 2530 2576 καὶ
2565 2527 2813 2595 χρήμασι
2855 2525 2951 2576 καὶ
3002 2523 3424 2594 στρατεύμασιν
3458 2521 3545 2574 ἐπ’
3577 2523 3700 2572 ἁνα-

2111 2615 2272 2685 τολῆς
2303 2617 2603 2686 ἐκπέμπει.
2647 2617 2707 2668 '0
2737 2615 2794 2668 δὲ
2838 2617 2936 2684 τὴν
2969 2615 3270 2686 ἠγεμονίαν
3304 2615 3700 2682 ἀναδεξάμενος

2112 2797 2164 2850 ln
2199 2811 2440 2863 presens
2468 2797 2770 2851 securitate
2818 2796 3036 2849 cunctis
3081 2795 3293 2848 reddita
3351 2795 3548 2859 omnis,
3583 2807 3696 2864 quas

2109 2905 2174 2944 ex
2202 2891 2303 2943 hoc
2332 2903 2464 2944 casu
2489 2889 2805 2951 exstizerat,
2827 2897 2911 2943 est
2940 2887 3242 2941 commodo
3275 2889 3493 2942 sedata.

2108 3001 2196 3057 25.
2245 3003 2318 3058 οι
2374 3004 2732 3058 Tarcltianota
2777 3005 3023 3071 Joanne,
3070 3016 3126 3059 ut
3185 3008 3235 3060 in
3289 3009 3557 3062 Orientem
3596 3004 3696 3058 dua:

2533 3078 2796 3130 exercitus
2830 3079 3020 3145 missus
3053 3078 3238 3146 fuerit.

2181 3166 2449 3222 Cancrum
2487 3169 2804 3238 imperatori
2823 3185 3002 3224 acrem
3028 3171 3400 3227 admovebant
3435 3171 3692 3228 sollicitu-

2115 3260 2300 3315 dinem
2350 3272 2766 3318 commoventes
2814 3278 2942 3318 scse
2990 3264 3122 3318 hinc
3175 3265 3404 3334 quidem
3451 3265 3692 3326 Tochari.

2113 3365 2382 3421 quotquot
2431 3355 2678 3409 boreales
2716 3366 2929 3411 tractus
2964 3357 3329 3426 insederant;
3369 3360 3492 3414 inde
3523 3369 3692 3412 autem

2114 3443 2366 3511 Triballi,
2412 3448 2476 3501 ad
2509 3448 2557 3501 id
2605 3459 2820 3503 utentes
2852 3450 3160 3516 Colanitza,
3196 3452 3288 3520 qui
3344 3459 3626 3521 postquam
3665 3460 3692 3498 a

2114 3539 2273 3592 nobis
2330 3538 2742 3609 transfugisset,
2801 3541 3110 3608 adjungens
3169 3555 3230 3595 se
3280 3541 3417 3594 crali
3475 3539 3691 3600 Serbian,

2115 3631 2346 3685 latronis
2407 3639 2516 3684 I'llll
2582 3632 2876 3687 incttrsans
2935 3632 3173 3686 confinia
3246 3631 3690 3702 depraedabantur.

2111 3720 2424 3776 Accedebat
2472 3722 2537 3777 ad
2581 3722 2697 3776 haec
2729 3723 3094 3777 Orientalium
3146 3739 3373 3794 quoque
3420 3724 3688 3792 regionum

2114 3814 2282 3866 miser
2338 3821 2537 3878 status,
2585 3813 2809 3884 258e
2861 3815 3089 3884 nuperis
3144 3815 3250 3870 illis
3298 3816 3482 3870 turbis
3526 3812 3693 3866 adhuc

2115 3905 2360 3972 graviter
2403 3905 2800 3960 laborantitun.
2850 3907 2972 3973 llis,
3023 3915 3188 3977 prout
3244 3924 3336 3964 res
3383 3907 3690 3980 poscebant,

2115 3997 2482 4066 procurandis
2517 4015 2640 4052 cum
2676 4000 2885 4055 videret
2915 4001 3218 4070 imperator
3245 4017 3388 4071 opus
3419 4016 3538 4058 esse
3563 3999 3692 4053 duce

2116 4099 2346 4144 strenuo
2369 4100 2423 4146 et
2449 4093 2729 4161 prudenti,
2760 4108 2922 4162 quem
2949 4101 3003 4147 et
3026 4093 3093 4148 ad
3121 4094 3507 4150 auctoritatem
3535 4104 3692 4159 expe-

2115 4183 2257 4238 diret
2301 4200 2367 4239 ex
2405 4185 2508 4240 sibi
2557 4186 3044 4254 consanguinitate
3084 4186 3295 4241 intimis
3348 4188 3544 4256 legere,
3592 4197 3690 4236 non

2116 4277 2330 4346 putavit
2364 4277 2670 4331 habendam
2712 4279 2978 4332 rationem
3009 4279 3381 4333 contumacia:
3404 4294 3507 4346 qua
3538 4277 3694 4331 Joan-

2117 4386 2216 4425 nes
2243 4369 2636 4433 Tarchaniota,
2666 4371 3066 4439 superstitione
3092 4371 3366 4428 hactenus
3391 4365 3688 4429 inﬂexibili,

2117 4464 2356 4517 haerebat
2389 4463 2582 4517 aﬂixus
2613 4465 2921 4530 scltismati,
2955 4466 3020 4519 ad
3063 4481 3190 4520 eum
3233 4467 3452 4520 caeteris
3480 4464 3689 4520 dotibus

2115 4554 2204 4607 tali
2233 4553 2571 4622 praefecturae
2592 4563 2778 4622 aptum
2810 4556 2934 4610 inde
2954 4563 3242 4625 propterea
3270 4554 3686 4612 excludendum,

2110 4647 2352 4700 maxime
2379 4662 2505 4700 cum
2541 4636 2820 4715 reputaret
2847 4663 2944 4716 per
2978 4650 3134 4703 istam
3172 4651 3316 4703 hunc
3351 4647 3686 4703 occasionem

2109 4738 2177 4790 ab
2203 4737 2340 4790 urbe
2370 4745 2612 4790 amotum
2647 4737 2831 4790 minus
2863 4755 3029 4808 quam
3065 4741 3196 4794 dum
3236 4741 3309 4795 ibi
3349 4743 3488 4795 foret
3518 4735 3689 4794 schis-

2109 4829 2330 4884 maticis
2384 4830 2762 4898 profuturum,
2801 4831 3023 4885 interim
3075 4842 3286 4898 autem,
3329 4849 3437 4904 qua
3485 4829 3690 4886 valebat

2110 4920 2470 4974 consiliorum
2527 4923 2800 4989 sapientia
2856 4924 3300 4994 dexteritateque
3359 4941 3425 4980 ac
3483 4923 3586 4977 ﬁde
3637 4919 3688 4971 in

2111 5014 2343 5082 agendo,
2374 5014 2417 5066 si
2451 5014 2498 5068 ei
2531 5015 2840 5070 ministerio
2886 5017 3267 5084 adhiberetur,
3301 5019 3509 5073 utiliter
3527 5011 3689 5069 servi-

2112 5115 2298 5159 turunt
2337 5107 2672 5176 reipublicae.
2717 5108 2890 5178 Igitur
2927 5110 3151 5166 omissis
3185 5111 3238 5165 in
3288 5123 3532 5180 praesens
3569 5102 3689 5176 qui-

2112 5199 2218 5254 bus
2246 5214 2371 5254 eutn
2422 5202 2633 5255 solebat
2665 5203 2948 5257 incessere
2979 5203 3491 5267 criminationibus,
3538 5192 3686 5266 quasi

2115 5307 2220 5344 non
2261 5303 2506 5347 cessaret
2537 5293 2840 5347 Ecclesiam
2875 5294 3101 5350 turbare
3151 5312 3253 5350 suo
3301 5299 3353 5349 in
3404 5301 3684 5362 segregum

2115 5384 2412 5440 factionem
2447 5387 2714 5456 pertinaci
2751 5389 2956 5453 studio,
3005 5392 3139 5460 quin
3177 5399 3232 5443 et
3265 5393 3484 5444 liberam
3531 5386 3578 5438 ei
3609 5382 3683 5434 fa-

2115 5482 2373 5534 cultatem
2403 5482 2653 5535 tribuens
2694 5482 2747 5535 in
2785 5497 2882 5538 sua
2916 5482 2984 5536 de
3027 5485 3294 5554 religione
3327 5482 3686 5554 qualicunqne

2115 5575 2392 5628 sententia
2436 5589 2534 5642 pro
2569 5575 2724 5629 libito
2767 5575 3031 5646 deinceps
3080 5576 3432 5648 persistendi,
3475 5582 3683 5626 assum-

2115 5675 2267 5737 ptum
2301 5684 2424 5722 eum
2462 5679 2514 5722 et
2566 5670 2758 5736 paucis
2802 5685 2908 5739 qua
2942 5673 3197 5736 pecuniis
3239 5688 3345 5740 qua
3381 5666 3552 5736 copiis
3599 5661 3681 5713 in-

2116 5769 2387 5816 structum
2421 5761 2474 5813 in
2507 5760 2818 5816 Orientales
2855 5771 3067 5817 tractus
3099 5763 3269 5817 misit.
3317 5763 3380 5817 At
3413 5759 3502 5814 ille
3535 5765 3682 5808 acce-

2119 5864 2205 5922 pta
2269 5853 2594 5923 praefectura
2650 5867 2812 5910 omne
2863 5853 3110 5909 studium
3163 5855 3409 5910 ostendit
3466 5857 3571 5902 tuto
3627 5842 3681 5894 in
