4018 6440
413 411 523 474 £785

409 615 579 687 μέρη,
639 616 968 687 θεραπεύειν
1016 619 1074 675 δὲ
1105 621 1199 676 καὶ
1233 622 1461 693 βασιλέα
1489 629 1611 691 ταῖς
1657 629 1783 683 καθ’
1821 632 1983 685 αὑτὸν

406 708 503 759 ἐπὶ
556 711 669 773 τοῖς
719 712 1043 782 πράγμασιν
1097 716 1437 786 οἰκονομίαις
1485 721 1579 772 καὶ
1626 721 1979 792 διοικήσεσιν.

419 795 638 866 Ἐπειδὴ
673 798 783 869 γὰρ
809 802 856 852 οἱ
890 800 986 870 μὲν
1021 802 1211 856 πολλοὶ
1248 804 1356 858 τῶν
1396 811 1743 878 στρατιωτῶν
1774 814 1983 882 καιρῶν

403 889 676 954 πολλάκις
701 891 992 962 λαϐόμενοι
1020 897 1116 949 καὶ⁹
1143 899 1458 969 προσηῦξον
1481 900 1580 966 τὰς
1609 905 1815 966 οἰκείας
1845 925 1984 977 προ-

400 985 559 1048 νοίας
591 986 686 1039 καὶ
709 988 894 1057 ἀργῶς
925 984 1071 1059 εἶχον
1108 994 1176 1045 ὲκ
1203 993 1295 1045 τοῦ
1330 994 1522 1063 δώροις
1552 998 1644 1049 καὶ
1670 996 1984 1062 δεξιώσεσιν

404 1073 743 1143 ὑπέρχεσθαι
793 1080 919 1142 τοὺς
951 1084 1403 1150 ἡγεμονεύοντας,
1459 1087 1608 1142 ἄλλοι
1636 1089 1692 1142 δὲ
1722 1091 1984 1153 πολλάκις

402 1166 505 1218 καὶ
536 1170 689 1234 σφῶν
735 1171 1019 1242 ἀξιώτεροι
1084 1175 1472 1231 ὲκλελοιπυιῶν
1524 1183 1633 1232 τῶν
1668 1182 1809 1235 κατὰ
1843 1183 1984 1249 σφᾶς

401 1260 730 1328 οἰκονομιῶν
760 1264 859 1332 τὴν
883 1266 1119 1335 ἀπορίαν
1146 1263 1292 1336 εἶχον
1323 1270 1418 1322 καὶ
1438 1272 1860 1342 προαιρούμενοι
1886 1274 1981 1327 τοῦ

403 1354 799 1422 στρατεύεσθαι
818 1356 1068 1426 κώλυμα,
1100 1363 1191 1413 καὶ
1219 1357 1289 1433 ἦν
1317 1365 1707 1434 ἀμφοτέρωθεν
1726 1364 1800 1435 τῷ
1819 1364 1983 1433 κοινῷ

403 1440 603 1512 ζημία,
632 1449 782 1518 καὶή
817 1450 1069 1522 ἀνισότης
1099 1453 1237 1523 αὕτη
1267 1456 1441 1508 ἐδέετο
1463 1455 1789 1521 ἐξισώσεως,
1823 1459 1984 1521 αὐτὸς

397 1538 475 1590 τὰ
531 1540 743 1606 μεγάλα
781 1542 1021 1613 θαρρῶν,
1059 1544 1131 1608 ὡς
1193 1550 1358 1618 πιστῇ
1388 1547 1580 1619 γνώμη
1645 1551 1736 1603 καὶ
1767 1551 1985 1622 καθαρᾷ

401 1630 545 1697 πρὸς
579 1630 805 1700 βασιλέα
830 1636 1122 1705 πράττοντι
1151 1638 1303 1691 οὐδὲν
1331 1630 1396 1693 a'v
1429 1642 1732 1711 προσσταίη
1757 1643 1862 1694 τῶν
1884 1642 1985 1695 ὅσα

394 1724 501 1774 καὶ
560 1723 639 1786 εἰς
675 1726 929 1794 ἐμπόδιον
987 1728 1096 1797 εἴη,
1162 1730 1515 1799 μεταγγίζειν
1576 1733 1716 1800 ἔγνω
1753 1734 1887 1805 πρὸς
1915 1735 1984 1788 τὰ

396 1817 561 1869 κοινὰ
581 1815 651 1869 τὰ
678 1818 780 1886 πλη
793 1821 1027 1888 ρέστατα
1059 1821 1156 1874 καὶ
1187 1821 1356 1886 οὕτως
1390 1824 1605 1887 ἑξισοῦν
1633 1825 1982 1895 τοίςὰνδρὰσι

1371 425 1473 485 DE
1506 427 1956 492 ANDRONICO
1998 434 2460 496 m1..eor.oeo
2483 438 2629 500 LIB.
2671 402 2785 498 tu.

408 526 595 580 πᾶσαν
642 525 880 597 σπουδὴν
912 527 1250 583 ἐνδείκνυται
1301 534 1573 605 καθιστᾷν
1614 538 1713 607 μὲν
1757 540 1828 591 τὰ
1858 543 1985 612 τῇδε
2012 548 2067 607 Α

3560 437 3668 501 ἓΒῦ

2093 560 2224 613 στης
2247 546 2676 614 ἀγανακτήσεως
2696 542 2789 617 ἦν,
2820 547 2913 601 καὶ
2941 546 3204 612 πολλάκις
3236 551 3665 619 προσαναφέρων

2087 637 2301 707 βασιλεί
2328 637 2798 709 προσωνειδίζετο,
2830 638 2885 691 εί
2914 656 2978 707 γε
3030 641 3169 710 ἀνὴρ
3205 642 3535 711 στρατηγοίη
3566 644 3668 713 οὐχ

2083 729 2230 792 ὅπως
2255 730 2422 799 μηδὲν
2441 730 2597 793 εἰδὼς
2619 732 2784 801 τιμᾷν
2801 732 3156 802 Ἐκκλησίαν,
3178 732 3315 785 ἀλλὰ
3336 733 3433 786 καὶ
3453 732 3668 795 πολλαῖς
3748 790 3751 793 _

2083 820 2211 882 τοὺς
2225 820 2396 890 αὐτῆς
2414 820 2625 874 πλύνων
2644 821 2856 891 ὕϐρεσι.
2876 823 3136 887 Βασιλεὺς
3148 820 3204 876 δὲ
3225 827 3287 894 τῇ
3310 823 3440 892 παρ’
3457 823 3665 877 ἐκείνου

2084 906 2353 980 θεραπείᾳ
2376 910 2788 980 ὲνειλημμένος,
2812 911 2887 975 ὡς
2932 914 2988 965 αἱ
3041 915 3230 982 συχναὶ
3261 913 3473 973 πίστεις
3497 907 3664 981 εἶχον,

2081 999 2326 1070 λογισμῷ
2344 1002 2520 1064 διδοὺς
2546 1003 2710 1055 πλέον
2733 1003 2763 1071 ἦ
2794 1004 2932 1073 ὀργῇ
2954 1003 3043 1055 διὰ
3067 1005 3165 1072 τὴν
3187 1007 3249 1055 ὲκ
3275 1004 3369 1057 τοῦ
3397 1003 3669 1073 πατιράρο

2084 1108 2180 1161 χον
2208 1093 2507 1163 ἀναφορὰν,
2539 1095 2691 1148 οὐδὲν
2720 1099 3001 1165 περαίνειν
3033 1098 3154 1149 κατ’
3201 1096 3408 1149 ἐκείνου
3436 1100 3665 1165 παρεῖχε

2082 1183 2208 1244 τοὺς
2225 1183 2348 1235 κατ’
2378 1183 2591 1237 ἐκείνου
2606 1185 2883 1253 λέγοντας,
2915 1185 3053 1239 ἀλλὰ
3075 1189 3169 1240 καὶ
3192 1187 3509 1256 προσάντως
3531 1187 3669 1253 μᾶλ-

2083 1273 2174 1327 λον
2195 1276 2408 1347 ἐδέχετο
2426 1276 2522 1339 τὰς
2542 1278 2879 1347 ὑπομνήσεις
2900 1278 2996 1349 τὴν
3025 1280 3117 1331 ἐπὶ
3134 1280 3245 1341 τοῖς
3271 1279 3665 1347 πραττομένοις

2087 1367 2465 1438 σταθηρότητα
2490 1368 2577 1439 [Ρ.
2612 1369 2742 1442 176]
2771 1370 3207 1440 βασιλικωτέραν
3232 1370 3436 1438 κρίνων
3466 1369 3668 1439 παλιμ-

2086 1456 2268 1521 ϐολίας
2284 1461 2378 1513 καὶ
2394 1461 2657 1524 ἀστασίας
2684 1462 2776 1514 ἐπὶ
2805 1464 2917 1524 τοῖς
2946 1461 3150 1525 δόξασι.
3186 1462 3333 1532 Πλὴν
3373 1461 3510 1531 μετὰ
3537 1478 3665 1513 και-

2087 1550 2201 1620 ρὸν,
2220 1551 2294 1614 ὡς
2318 1552 2580 1622 ἁρμόζειν
2613 1553 2813 1607 αὐτίκα
2838 1553 3040 1621 λέγειν,
3071 1554 3407 1607 ἐπιτίθενται
3435 1554 3485 1606 οἱ
3517 1555 3665 1615 τινὲς

2084 1639 2193 1694 τῶν
2207 1640 2322 1696 ὅσοι
2352 1644 2447 1698 καὶ
2471 1644 2580 1697 τῶν
2609 1646 2933 1713 οἰκονομιῶν
2949 1647 3010 1699 τὸ
3039 1647 3289 1698 πλεῖστον
3311 1647 3667 1715 προσαφηρέ-

2087 1734 2284 1805 θησαν,
2309 1736 2580 1805 προφάσει
2603 1737 2700 1806 μὲν
2728 1739 2794 1806 τῇ
2818 1737 2894 1798 είς
2918 1736 3140 1806 βασιλέα
3167 1736 3351 1789 πίστει
3379 1738 3666 1807 χρησάμε-

2087 1844 2201 1879 νοι’
2239 1827 2389 1881 οὐδὲν
2414 1828 2470 1907 δὲ
2499 1823 2663 1898 ἦττον
2704 1830 2919 1890 ἑαυτοῖς
2965 1829 3197 1897 ἀμύνειν
3227 1827 3440 1899 ἠθελον,
3481 1845 3665 1898 παρα-

398 1909 498 1960 xxi.
539 1909 633 1970 τὰς
666 1912 863 1979 ὁρμὰς,
911 1911 1107 1975 ἐξισῶν
1162 1915 1274 1977 τοῖς
1308 1917 1650 1985 πράγμασιν.
1699 1889 1982 1972 Ἐντεύθεν
2013 1889 2055 1943 Β
2082 1903 2459 1986 λελυπημένοι
2488 1889 2568 1980 eis;
2600 1889 3048 1987 προσαφῄρηντο.
3109 1918 3219 1969 Καὶ
3251 1889 3334 1985 ’τῷ
3368 1889 3664 1985 Θεολήπτῳ

397 2001 498 2051 κιὶ
536 2000 764 2069 στρατὸν
813 2003 912 2070 μὲν
957 2004 1185 2057 συνίστα
1236 2006 1420 2072 πλέον,
1452 2011 1586 2078 νῆας
1623 2008 1980 2079 δ’ὲξητοιμά-

397 2087 553 2153 ζετο,
579 2093 673 2143 καὶ
698 2091 850 2146 διττὰ
880 2095 1129 2165 στρέφων
1158 2095 1311 2150 ἔνθεν
1340 2099 1438 2168 μὲν
1466 2100 1608 2153 κατὰ
1629 2100 1754 2171 γῆν,
1774 2101 1982 2155 ἐκεῖθεν

396 2181 457 2234 δὲ
485 2184 630 2234 κατὰ
665 2183 935 2237 θὲλατταν
985 2187 1335 2258 διηυμᾶιριζε,
1394 2191 1488 2243 καὶ
1522 2192 1700 2255 καλῶς
1750 2194 1983 2264 ἠκούετο

400 2272 689 2342 πράττων.
726 2277 819 2328 καὶ
855 2277 1069 2345 βασιλεί
1097 2281 1398 2344 ἀπόδεκτος
1435 2278 1525 2354 ἦν,
1559 2284 1608 2335 εἰ
1644 2282 1734 2337 καὶ
1767 2282 1842 2353 τῷ
1878 2303 1979 2338 παι

395 2367 760 2435 τριαρχοῦντι
791 2366 1017 2457 Ἰωάννῃ
1059 2372 1107 2440 ἡ.
1140 2373 1353 2427 ἐκείνου
1383 2375 1687 2444 στρατηγία
1717 2374 1802 2430 διὰ
1832 2378 1985 2446 μεγῖ-

395 2548 761 2605 restituendis
813 2551 922 2606 illis
958 2553 1159 2607 misere
1204 2552 1402 2610 aﬁictis
1449 2555 1721 2625 partibus,
1761 2567 1873 2612 tum
1925 2557 1980 2613 in

398 2643 740 2698 demerendo
773 2644 1128 2715 iniperatOre,
1174 2650 1369 2717 suique
1402 2649 1545 2717 apud
1579 2665 1702 2704 eum
1744 2651 1982 2720 antiquis
2038 2716 2041 2719 η

398 2737 819 2806 suspicionibus
862 2740 1165 2810 purgandis
1205 2741 1380 2796 solida
1426 2742 1759 2797 exhibitione
1796 2753 1983 2813 grato~

401 2841 527 2880 rum
556 2826 662 2896 ipsi
707 2827 1123 2895 obsequiorum,
1175 2830 1278 2884 ﬁda
1323 2831 1693 2900 prudentique
1746 2832 1983 2887 admini-

404 2916 674 2972 stratione
719 2919 1001 2973 commissi
1050 2921 1151 2975 sibi
1186 2923 1451 2995 muneris,
1510 2938 1615 2992 qua
1663 2939 1722 2979 se
1758 2925 1981 2996 dignum

410 3009 667 3083 probaret
709 3011 919 3065 honore
945 3004 1006 3066 ac
1043 3006 1327 3069 beneﬁciis
1375 3014 1615 3070 collatis.
1659 3015 1799 3071 Hinc
1842 3031 1985 3086 quo-

407 3099 550 3152 niam
594 3099 831 3154 militum
879 3101 1146 3170 plurimos
1183 3102 1402 3157 videbat
1447 3103 1704 3169 corrasis,
1755 3120 1852 3175 per
1882 3121 1982 3175 op-

2083 2006 2465 2075 Φιλαδελφειας
2487 2005 2879 2077 προσελθόντες
2903 2006 3002 2069 τὰς
3031 2005 3167 2073 πρὸς
3198 2004 3422 2075 βασιλέα
3450 2005 3665 2066 πίστεις

2083 2101 2411 2169 ὴθετηκέναι
2444 2100 2537 2152 τδν
2575 2099 2830 2169 Ἰωάννην
2854 2098 3065 2167 ἔλεγον,
3092 2099 3188 2152 καὶ
3215 2098 3375 2166 δῆλον
3405 2093 3573 2156 εἶναι.
3602 2097 3664 2162 ἐξ

2082 2182 2156 2244 ὧν
2187 2209 2249 2258 γε
2285 2191 2380 2243 καὶ
2439 2191 2691 2260 πράττοι,
2742 2190 2834 2243 τδν
2878 2192 2977 2259 τῆς
3035 2190 3459 2259 ἀποστατήσεως
3496 2188 3663 2243 κύϐον

2082 2280 2442 2351 ἀναρρίπτειν
2502 2278 2829 2351 ἀρξάμενον.
2887 2280 3076 2334 Ταῦτα
3124 2281 3376 2345 λέγοντες
3418 2280 3661 2346 ἔπειθον,

2085 2373 2181 2425 καὶ
2218 2362 2419 2442 μᾶλλον
2454 2375 2538 2436 είς
2567 2374 2665 2443 τὴν
2698 2372 2820 2427 κατ’
2876 2373 3086 2426 ἐκείνου
3134 2372 3434 2443 ἀπέχθειαν
3469 2372 3665 2442 ὡρμη-

2082 2553 2351 2625 marique,
2379 2567 2491 2610 rem
2524 2534 2631 2608 non
2660 2552 2892 2621 impigre
2913 2552 3091 2606 solum
3122 2567 3186 2607 ac
3230 2551 3526 2622 prudenter
3562 2554 3657 2607 sed

2084 2646 2315 2702 feliciter
2343 2646 2507 2700 etiam
2541 2659 2730 2716 gerere
2760 2646 2869 2699 cito
2893 2643 3113 2699 auditus
3148 2650 3252 2711 est,
3279 2647 3657 2709 successibus,

2083 2736 2541 2808 quemadmodum
2584 2735 2695 2789 fere
2727 2734 2807 2799 ﬁt,
2861 2734 3096 2788 fortunas
3150 2735 3429 2803 sapientiae
3473 2737 3659 2791 consi-

2083 2828 2278 2883 liorum
2315 2825 2795 2895 respondentibus.
2827 2823 2965 2878 Hinc
2991 2823 3190 2879 faustis
3228 2826 3296 2880 de
3351 2825 3453 2879 illo
3482 2827 3665 2881 incre-

2080 2916 2434 2975 bescentibus
2466 2918 2676 2973 nuntiis
2705 2917 2881 2987 magis
2914 2917 3198 2986 magisque
3225 2917 3663 2973 conﬁrmabatur

2083 3012 2138 3069 in
2171 3027 2273 3069 suo
2294 3012 2360 3068 de
2384 3027 2448 3067 eo
2487 3010 2697 3081 judicio
2749 3011 3071 3077 imperator,
3129 3009 3546 3080 impensiusque
3583 3010 3664 3066 fa-

2080 3121 2209 3161 vere
2241 3104 2492 3159 ministro
2523 3114 2630 3157 tam
2664 3098 2782 3156 utili
2825 3102 3121 3171 pergebat;
3170 3117 3345 3166 eoque
3405 3103 3666 3159 obﬁrma-

398 3190 775 3258 portunitates
816 3191 871 3244 in
933 3205 1073 3261 quas
1117 3193 1274 3248 avide
1338 3193 1720 3259 imminebant,
1775 3196 2051 3292 divitiisc
2086 3198 2196 3253 tius
2231 3196 2520 3265 rejiciebat
2577 3195 2865 3249 continuas
2918 3193 3185 3251 adversus
3231 3194 3656 3250 Tarchaniotam

390 3283 660 3336 maximis
691 3283 817 3336 inde
842 3285 1123 3354 segniores
1147 3286 1213 3340 ad
1247 3287 1488 3363 laborem
1529 3287 1667 3353 ﬁeri,
1694 3298 1980 3358 propterea

391 3372 574 3442 quod,
610 3373 910 3443 quamlibet
952 3385 1238 3431 cessarent
1273 3387 1321 3431 et
1355 3376 1531 3432 ofﬁcio
1577 3377 1851 3444 deessent,
1878 3379 1981 3432 im-

390 3480 550 3535 pune
574 3480 632 3520 se
659 3467 868 3519 laturos
897 3468 1230 3523 conﬁderent
1253 3469 1321 3524 ob
1352 3469 1456 3524 sibi
1496 3477 1739 3539 paratam
1771 3470 1980 3528 crebris

392 3559 751 3623 muneribus,
788 3550 957 3627 prOut'
986 3559 1091 3613 illis
1135 3572 1254 3614 erat
1290 3558 1342 3612 in
1371 3568 1479 3613 tam
1530 3561 1712 3630 pingui
1760 3559 1979 3614 fortuna

389 3648 586 3714 facile,
609 3651 807 3703 ducum
833 3666 1057 3705 suorum
1082 3651 1338 3720 gratiam,
1364 3652 1583 3706 aliunde
1605 3661 1787 3706 autem
1809 3650 1982 3708 fortes

387 3740 720 3806 bellatores,
767 3741 914 3810 quod
957 3745 1141 3799 minus
1181 3745 1372 3798 attenti
1412 3745 1476 3798 ad
1520 3745 1732 3799 lucrum
1778 3744 1980 3809 forent,

387 3850 511 3890 non
556 3834 846 3903 super-ﬁnis
893 3837 1077 3903 modo,
1128 3853 1248 3904 qua:
1287 3838 1670 3906 impenderent
1713 3840 1766 3894 in
1814 3838 1980 3906 dona,

387 3926 494 3982 sed
552 3927 717 3981 etiam
791 3929 1165 3994 necessariis,
1224 3929 1365 3982 unde
1419 3929 1523 3983 sibi
1583 3929 1978 3994 consulerent,

391 4025 661 4071 carentes
725 4032 792 4072 eo
842 4018 961 4087 ipso
1026 4018 1299 4072 tardiores
1345 4018 1412 4073 ad
1458 4020 1800 4073 militandum
1856 4022 1982 4073 red-

386 4110 699 4179 debantur,
747 4112 929 4181 inepia
983 4111 1353 4182 insuperabile
1405 4113 1718 4166 strenititati
1787 4128 1984 4182 quam-

384 4203 529 4257 libet
550 4202 698 4258 bene
730 4205 991 4259 animata:
1019 4204 1363 4260 obstaculum
1395 4205 1724 4274 obiectante,
1773 4207 1983 4261 incom-

385 4296 561 4350 modo
608 4297 887 4366 utrimque
933 4296 989 4352 in
1042 4297 1304 4353 damnum
1362 4301 1591 4367 pnblicze
1643 4300 1722 4354 rei
1777 4301 1978 4353 redun-

383 4387 559 4440 dante
577 4385 742 4456 259
766 4387 1026 4452 maximo,
1060 4388 1456 4457 inaequalitates
1492 4389 1626 4443 istas
1655 4389 1784 4451 sibi,
1822 4399 1980 4458 proot

382 4485 518 4532 erat
572 4487 700 4531 ante
753 4480 936 4531 omnia
983 4488 1247 4541 necesse,
1293 4489 1478 4533 mutua
1529 4481 1981 4548 compensatione

2083 3288 2548 3359 expostulationes
2567 3286 2895 3357 patriarchae
2920 3285 3169 3354 Joannis,
3197 3286 3291 3358 qui
3316 3302 3662 3356 concoquere

2085 3379 2227 3434 haud
2259 3394 2498 3450 unquam
2549 3379 2735 3434 valens
2765 3379 3026 3433 honorari
3057 3377 3376 3448 praefectura
3430 3380 3525 3433 tali
3557 3381 3662 3434 ho-

2086 3469 2287 3524 minem
2348 3471 2484 3525 adeo
2542 3484 2649 3524 non
2674 3469 2835 3526 tbene
2865 3467 3115 3523 affectum
3167 3476 3295 3539 erga
3331 3466 3657 3536 Ecclesiam,

2085 3573 2144 3617 ut
2177 3563 2465 3634 plerosque
2501 3561 2999 3618 ecclesiasticorum
3049 3562 3268 3631 probris
3300 3562 3663 3617 conscindere

2084 3667 2193 3707 non
2219 3651 2528 3715 desisteret,
2562 3652 2800 3721 querelis
2831 3655 2894 3706 ea
2927 3651 2993 3706 de
3040 3667 3096 3706 re
3125 3651 3366 3706 assiduis
3413 3666 3514 3707 nec
3544 3653 3665 3707 sine

2087 3743 2372 3798 stomacho
2402 3744 2704 3813 Augustum
2764 3743 3132 3812 inquietabat;
3168 3742 3259 3812 qui
3286 3751 3467 3796 tamen
3516 3742 3655 3797 nihil

2084 3835 2172 3890 his
2194 3844 2396 3898 motus,
2425 3835 2570 3910 quod
2619 3836 2978 3904 prasentibus
3014 3834 3192 3904 iisque
3242 3835 3409 3889 certis
3446 3835 3666 3903 experi-

2084 3928 2284 3982 mentis
2316 3926 2489 3982 ﬁdelis
2516 3925 2777 3993 utilisque
2824 3927 2927 3981 sibi
2982 3925 3364 3981 Tarchaniota:
3413 3925 3663 3995 obsequii

2084 4019 2208 4089 plus
2231 4017 2481 4087 quotidie
2524 4020 2757 4087 plusque
2792 4017 3022 4088 obligari
3051 4032 3108 4095 se
3142 4016 3370 4073 sentiret
3401 4018 3468 4074 ad
3502 4018 3667 4074 bene-

2084 4112 2263 4164 volam
2290 4110 2347 4163 in
2374 4125 2501 4164 eum
2531 4119 2855 4181 gratamque
2887 4111 3240 4173 voluntatem,
3275 4110 3355 4165 sic
3385 4124 3544 4164 aures
3568 4125 3664 4164 ne-

2084 4200 2378 4270 quidquam
2421 4201 2702 4255 accusanti
2739 4200 3064 4268 patriarchae
3091 4200 3274 4262 dabat,
3305 4208 3365 4253 ut
3416 4199 3659 4252 animum

2028 4302 2033 4311 ‘
2083 4308 2176 4347 reo
2212 4301 2473 4356 servaret,
2539 4291 2844 4361 rationique
2913 4290 3147 4358 amplius
3202 4304 3368 4360 quam
3425 4289 3520 4345 irae
3566 4292 3664 4344 tri-

2083 4384 2259 4440 buens
2291 4383 2481 4438 irritos
2525 4380 2788 4436 reddebat
2824 4395 3016 4436 omnes
3045 4381 3147 4450 ipsi
3183 4396 3383 4435 nocere
3410 4391 3664 4452 satagen-

2088 4476 2220 4527 tium
2251 4479 2504 4534 conatus,
2529 4472 2764 4526 libenter
2789 4479 2979 4525 contra
3006 4470 3349 4539 benigneque
3377 4471 3662 4540 excipiens

384 4565 640 4621 decrevit
666 4566 1050 4634 exatquandas,
1084 4567 1153 4619 ita
1192 4575 1247 4618 ut
1286 4582 1348 4628 ex
1398 4567 1732 4621 abundantia
1780 4580 1973 4634 super-
2004 4570 2050 4626 ι)
2081 4561 2344 4631 quidquid
2390 4562 2459 4615 ab
2498 4561 2546 4617 ei
2601 4561 2913 4615 faventibus
2959 4570 3368 4630 suggereretur,
3420 4562 3664 4631 denique

380 4656 500 4711 ﬂue
527 4656 908 4726 opulentorum
964 4657 1368 4717 transferendo.
1423 4659 1564 4726 quod
1625 4658 1760 4712 satis
1806 4666 1973 4722 esset,

384 4751 446 4806 in
474 4761 743 4820 egestates
775 4752 1021 4819 inopum,
1061 4765 1161 4804 nec
1214 4750 1288 4804 illi
1324 4750 1649 4804 redumlanti
1674 4750 1826 4817 copia
1865 4761 1973 4802 tor-

384 4854 607 4911 perent,
644 4858 743 4896 nec
774 4842 825 4895 bi
861 4842 1187 4897 necessariis
1210 4840 1452 4897 destituti
1478 4842 1738 4912 languere
1764 4855 1828 4896 ac
1872 4841 1976 4895 mi-

384 4936 564 4991 litiam
607 4935 860 5005 refugere
925 4943 1270 5005 cogerentur.
1335 4933 1524 4988 Tanta:
1578 4934 1708 4989 huic
1735 4949 1799 4989 ac
1858 4943 1967 4988 tam

387 5025 608 5082 cunctis
648 5027 1039 5097 praevertenda:
1078 5026 1155 5078 rei
1177 5035 1290 5080 tum
1321 5025 1682 5094 suscipienda:
1715 5025 1970 5080 ﬁduciam

385 5128 506 5174 tum
559 5117 922 5187 exsequendas
974 5117 1282 5171 facultatem
1340 5116 1570 5187 prmbuit
1629 5117 1970 5172 conscientia

384 5214 665 5284 praecipue
700 5212 877 5267 ﬁdelis
906 5229 1031 5282 erga
1069 5213 1455 5281 imperatorem
1504 5212 1668 5265 studii
1704 5220 1760 5266 et
1810 5212 1972 5282 hujus

384 5317 552 5361 certa:
580 5304 683 5359 sibi
714 5304 1104 5358 benevolentia
1145 5303 1343 5358 ﬁducia
1372 5316 1586 5357 secura.
1621 5301 1750 5358 lude
1781 5316 1967 5372 porro,

384 5394 529 5464 quod
562 5390 889 5465 palmarium
913 5391 1017 5446 fuit
1041 5392 1110 5447 ad
1163 5401 1485 5462 praesentem
1544 5408 1723 5458 usum,
1781 5392 1833 5446 id
1883 5403 1969 5447 est

382 5478 535 5542 brevi
567 5498 929 5547 consecutus.
965 5494 1023 5540 ut
1047 5487 1352 5540 exercitum
1395 5484 1661 5540 conﬁaret
1691 5485 1826 5540 satis
1860 5499 1966 5539 nu-

382 5595 658 5634 merosum
695 5578 761 5634 ad
795 5582 1024 5635 classem
1067 5579 1228 5633 simul
1264 5578 1536 5634 maritima
1593 5580 1783 5635 militia
1812 5588 1968 5635 com-

380 5666 636 5739 plendum
665 5680 958 5738 castraque
989 5667 1341 5722 terrestribus
1389 5668 1605 5724 abunde
1645 5669 1967 5725 instruenda

382 5759 586 5825 copiis;
619 5774 726 5829 qua
760 5770 991 5829 utraque
1042 5758 1214 5815 fretus
1259 5760 1520 5831 potentia,
1582 5759 1813 5817 navibus
1856 5777 1966 5818 uno

384 5859 627 5921 tempore
663 5848 849 5908 multis
880 5851 1096 5923 egregie
1123 5851 1369 5916 armatis,
1405 5860 1550 5910 terra
1588 5868 1698 5911 uno
1729 5852 1962 5911 consilio

2075 4655 2333 4723 judicans
2358 4652 2407 4706 id
2447 4652 2716 4719 ejusmodi
2738 4667 2859 4706 esse
2894 4654 3200 4722 negotium,
3229 4653 3282 4706 in
3326 4664 3436 4722 quo
3489 4654 3662 4722 magis

2080 4747 2465 4815 imperatorem
2503 4742 2647 4813 regia
2699 4743 2953 4798 insistere
3004 4744 3315 4797 constantia
3348 4745 3515 4798 semel
3546 4756 3659 4799 cte-

2078 4841 2206 4908 ptis,
2242 4846 2402 4906 quam
2440 4835 2680 4890 instabili
2712 4835 3124 4904 desultoriaque
3175 4836 3336 4889 modo
3392 4837 3659 4891 aientium

2079 4945 2205 4984 mox
2237 4929 2552 4998 negantium
2580 4927 2935 4981 consiliorum
2964 4926 3184 4981 levitate
3203 4927 3368 4998 260
3386 4926 3659 4983 ﬂuctuare

2075 5038 2174 5092 par
2204 5021 2362 5095 foret.
2415 5020 2681 5075 Caeterum
2740 5020 3080 5090 periclitatus
3139 5021 3229 5075 hic
3281 5022 3578 5091 aliquando
3620 5036 3655 5076 a

2076 5115 2193 5171 suis
2229 5112 2700 5184 oppugnatoribus
2766 5111 2901 5179 fuit;
2957 5112 3103 5182 quod
3152 5112 3256 5168 etsi
3312 5113 3496 5168 evenit
3551 5113 3656 5166 a‘li-

2074 5218 2341 5279 quantum
2381 5213 2503 5276 post
2529 5204 2633 5261 hoc
2662 5216 2878 5275 tempus
2932 5205 2987 5260 in
3022 5221 3130 5277 quo
3161 5207 3438 5261 narrando
3467 5220 3659 5287 versa:

2075 5316 2219 5362 llllll',
2251 5307 2430 5352 tamen
2466 5298 2553 5352 hic
2584 5307 2805 5369 propter
2834 5299 3076 5354 materiae
3123 5300 3527 5355 connexionem
3562 5314 3657 5356 re-

2074 5389 2218 5445 ferre
2250 5388 2549 5457 occupabo.
2582 5387 2826 5442 Conflata
2863 5389 2916 5442 in
2944 5402 3067 5443 eum
3094 5399 3178 5445 est
3209 5389 3376 5444 factio
3410 5388 3648 5444 militum

2073 5496 2263 5538 eorum
2288 5496 2454 5551 quos,
2487 5488 2547 5535 ut
2571 5480 2777 5536 dictum
2818 5489 2925 5546 est,
2955 5480 3465 5551 superﬁueldivltes
3496 5492 3654 5552 parte

2071 5589 2233 5645 opum
2259 5573 2601 5630 redundante
2633 5575 2979 5638 multaverat,
3033 5588 3138 5643 qua
3183 5574 3487 5644 indigentes
3540 5588 3651 5630 cae-

2069 5672 2215 5718 teros
2265 5663 2503 5733 iuvaret.
2541 5662 2603 5717 ili
2653 5663 2838 5719 stu‘dio
2893 5665 3124 5719 sincerae
3154 5665 3228 5718 iu'
3261 5663 3647 5734 imperatorem

2069 5756 2195 5811 ﬁdei
2224 5757 2429 5812 moveri
2457 5771 2519 5812 se
2550 5757 2895 5821 simulantes,
2955 5770 3080 5812 cum
3144 5770 3335 5810 revera
3389 5755 3643 5813 concita-

2071 5856 2258 5906 rentur
2282 5849 2469 5906 dolore
2494 5849 2793 5905 imminutae
2849 5848 2984 5919 ipsis
3014 5849 3277 5916 pecuniae,
3342 5848 3405 5905 ad
3464 5848 3641 5919 impo-
