4018 6438
443 392 548 456 287
596 420 603 427 -

1648 393 1973 454 GEORGII
2017 391 2496 453 ΡΑΕΠΥΜΕΗᾸΞ

3579 391 3676 456 ass

444 510 603 578 μένον
631 506 800 559 πάλαι
857 504 953 559 ἅτε
1000 507 1091 559 καὶ
1152 507 1315 562 αὐτὸν
1352 507 1471 561 κατ’
1507 511 1717 564 ἐκείνου
1748 511 1817 563 τά
1847 509 2017 563 πολλά
2046 518 2087 572 Α
2120 508 2395 579 λοιδοριῶν
2445 508 2519 570 ὠς
2550 506 2774 571 δικαίως
2827 505 3156 572 ὲπεςιοῦςιν.
3213 506 3272 560 '0
3298 506 3340 559 δ’
3364 506 3565 562 ἔνδοθεν
3592 507 3678 577 ἀφ’

444 597 636 667 μωμού
644 613 828 660 μενον.
854 596 966 650 Καὶ
990 598 1089 652 σὺν
1122 599 1274 666 σφίσι
1312 599 1410 665 τὴν
1436 602 1572 669 πρὸς
1608 602 1818 654 ἐκεῖνον
1843 597 1942 671 (ἦν
1968 601 2017 653 δ’

442 685 654 740 ὲπὶτοῢ
682 686 918 756 πυργίου
957 687 1117 758 τότε)
1175 688 1491 756 ἠπείγοντο.
1561 691 1618 743 '0
1644 690 1700 743 δὲ
1748 692 2016 761 προγνοὺς

443 779 541 848 τὴν
572 778 679 831 τῶν
708 779 969 832 ἐπιόντων
993 777 1204 847 ἔφοδον,
1230 781 1325 833 καὶ
1341 780 1415 844 ὡς
1440 780 1533 835 ἐπὶ
1555 785 1697 853 κακῇ
1731 787 2018 853 προϋπηρ-

442 870 615 939 γμένῃ
674 871 853 939 φήμῃ,
913 870 962 922 εἰ
1014 872 1107 923 καὶ
1154 871 1355 941 ψευδὴς
1387 867 1476 943 ἦν,
1530 872 1844 927 ἀπαντῶσιν
1890 874 2012 943 ἢδη,

444 960 705 1028 θραύεται
731 963 832 1029 τὴν
858 962 1057 1031 ὁρμὴν,
1093 964 1184 1015 καὶ
1212 963 1469 1015 εἰσελθὼν
1507 964 1604 1035 τὴν
1641 966 1821 1018 ἐκεῖσε
1846 965 2014 1035 μονὴν

443 1056 537 1108 τοῦ
570 1056 626 1107 ὲν
660 1056 900 1126 μάρτυσι
945 1058 1204 1126 μεγίστου
1276 1058 1567 1128 Γεωργίου,
1614 1060 1713 1123 τὴν
1769 1059 1862 1110 τοῦ
1893 1058 2015 1119 Διὸς

447 1146 592 1215 ίεροῦ
617 1147 808 1212 πάλαι,
844 1149 937 1200 τοῦ
970 1148 1246 1215 ἀσφαλοῦς
1282 1148 1458 1219 ἑαυτῷ
1515 1150 1785 1218 προὺνόει.
1832 1149 1940 1201 Καὶ
1965 1150 2015 1223 oi

447 1240 548 1308 μὲν
572 1240 890 1302 ἐπιστάντες
920 1239 1118 1303 ἔξωθεν
1169 1241 1614 1307 ὲπιξυγωθεισῶν
1671 1240 1779 1293 τῶν
1827 1238 2013 1293 πυλῶν

443 1332 542 1400 τῆς
573 1330 743 1400 μονῆς
797 1332 1251 1400 ἐσπουδασμένως
1312 1334 1381 1385 τὰ
1434 1335 1528 1401 τῆς
1556 1334 1744 1400 κωρῆς
1799 1333 2017 1404 ἐκείνης

443 1422 776 1491 κατηγορίας
805 1422 1154 1486 συνέπλεκον,
1179 1423 1273 1475 καὶ
1306 1424 1406 1475 οὐκ
1451 1422 1517 1477 ἂν
1546 1424 1732 1491 ἔλεγον
1758 1424 2013 1495 Ἰωάννην

444 1515 756 1583 περαιτέρω
781 1515 889 1565 τῶν
919 1515 1147 1566 ἐντολῶν
1177 1515 1282 1567 τῶν
1313 1516 1460 1584 παρὰ
1493 1514 1753 1584 βασιλέως
1783 1515 2017 1585 προελη-
2044 1580 2051 1601 Ι

444 1604 663 1658 λυθέναι
695 1604 790 1672 (τὸ
823 1605 867 1659 δ’
917 1601 985 1674 ἦν
1011 1605 1071 1658 τὸ
1097 1607 1194 1677 τὴν
1234 1606 1415 1659 αὐτῶν
1446 1608 1811 1661 ὑπαλλάττειν
1846 1624 2015 1678 στρα-

444 1696 641 1763 τείαν),
663 1698 710 1749 εί
745 1698 818 1767 μή
855 1713 917 1765 γε
940 1697 1037 1759 καὶ
1062 1698 1162 1765 τῆς
1189 1699 1269 1759 είς
1298 1698 1525 1767 βασιλέα
1556 1700 2015 1769 καταφρονήσεως

444 1787 636 1857 ἄρχειν
667 1788 922 1855 ἐγνώκει.
944 1789 1018 1841 Τὸ
1048 1791 1092 1842 δ’
1122 1784 1188 1859 ἦν
1214 1789 1474 1858 ἄντικρυς
1515 1791 2015 1859 καταδημαγωγία,

443 1880 475 1931 ti
497 1897 520 1942 ;
549 1879 798 1932 ἐντεῦθεν
829 1879 927 1950 τὴν
955 1883 1075 1933 κατ’
1124 1882 1288 1935 αὐτοῦ
1324 1884 1475 1952 σφῶν
1522 1882 1729 1953 ἰσχύειν
1752 1884 2017 1947 ἐπίθεσιν,

446 1971 539 2024 xxi
568 1970 861 2042 πρόϐλημα
892 1968 960 2044 ἦν
991 1973 1173 2038 αὐτοῖς
1206 1974 1430 2045 ίσχυρδν
1482 1975 1592 2028 τῶν
1645 1975 1768 2029 κατ’
1806 1974 2018 2029 ἐκείνου

445 2142 647 2207 tentem
675 2152 1025 2222 cupiditatem
1060 2152 1360 2209 ulciscendi
1396 2155 1634 2210 molesta:
1661 2155 1817 2223 ipsis,
1846 2170 2020 2226 quan-

448 2247 651 2302 tumvis
684 2261 853 2315 aequm
904 2261 967 2300 ac
1002 2246 1219 2313 publice
1298 2249 1559 2304 salutaris
1615 2249 2018 2307 distributionis

446 2346 765 2399 auctorem,
812 2336 1173 2408 Theoleptum
1224 2337 1753 2410 Pbiladelpbiensem
1813 2359 2015 2398 conve-

450 2423 612 2478 niunt
641 2426 987 2495 episcopum.
1040 2428 1200 2497 eique
1231 2428 1493 2484 deferunt
1533 2432 1884 2486 manifestum
1935 2432 2018 2486 vi-

448 2516 565 2569 deri
597 2531 666 2571 ex
694 2517 764 2571 iis
796 2532 919 2586 quae
949 2516 1310 2573 Tarehaniota
1346 2532 1555 2591 ageret,
1592 2522 1843 2577 meditari
1891 2538 2015 2579 eum

442 2608 807 2665 defectionem
840 2610 909 2664 ab
936 2611 1285 2680 imperatore,
1311 2613 1607 2682 omniaque
1636 2613 1828 2668 sedulo
1864 2629 2017 2668 com-

444 2716 639 2770 parare
674 2709 731 2754 ut
760 2716 884 2755 mox
919 2711 1108 2756 contra
1144 2702 1296 2755 illum
1333 2703 1508 2771 palam
1557 2703 1883 2774 insurgeret.
1919 2705 2020 2759 Fa-

442 2793 547 2847 cile
572 2793 620 2846 id
658 2793 736 2846 illi
769 2802 1167 2862 persuaserunt
1210 2794 1469 2854 antistiti.
1530 2796 1807 2865 malejam
1859 2807 2015 2851 antea

444 2881 500 2935 in
540 2879 974 2936 Tarchaniolam
1009 2882 1223 2947 allecto,
1278 2884 1481 2953 quippe
1519 2901 1549 2938 a
1589 2900 1699 2954 quo
1732 2897 2018 2943 contume-

445 2974 583 3028 liose
626 2989 685 3028 se
730 2989 951 3043 quoque
1006 2976 1319 3030 traductum
1352 2987 1403 3031 et
1458 2980 1677 3032 irrisum
1718 2980 2018 3049 reprehen-

443 3079 679 3132 sumque
713 3066 1077 3120 meminisset.
1108 3066 1251 3137 Ergo
1285 3074 1339 3121 et
1387 3066 1477 3122 hic
1517 3067 1749 3125 ducibus
1786 3071 2014 3126 seditio-

2126 601 2297 671 ὕψους
2326 600 2421 653 τοῦ
2445 599 2661 669 τείχους
2698 599 3010 669 ἑωραμένος
3043 599 3176 668 πρὸς
3216 599 3315 665 τὴν
3363 603 3680 670 κατηγορίαν

2123 688 2381 757 ἀσφαλῶς
2435 689 2644 752 ἵστατο,
2698 689 2794 740 καὶ⁹
2852 687 2928 756 τῷ
2958 688 3209 759 ἀρχιερεῖ
3252 690 3679 757 προσωνείδιζεν,

2125 779 2311 841 ἀνοίας
2336 778 2562 848 κρίνων,
2594 779 2643 831 εί
2677 780 3158 850 συμπεπεισμένος
3181 781 3441 844 τοιούτοις
3470 784 3682 853 ἀνδράσι

2128 870 2301 922 ποιεῖν
2341 868 2409 922 τὰ
2442 870 2605 937 ὃμοια
2653 869 2794 939 ἔγνω
2829 872 3221 941 παραγεγονὼς
3243 873 3333 928 τὸν
3365 875 3497 945 μηδὲ
3537 879 3683 930 σκιὰν

2124 960 2381 1022 ἀπιστίας
2418 960 2619 1014 εἰδότα.
2648 962 2872 1015 Βασιλεῖ
2893 962 3000 1033 γὰρ
3032 966 3126 1018 καὶ
3178 964 3381 1032 μᾶλλον
3410 966 3683 1034 φυλάττειν

2126 1047 2310 1099 πίστιν
2364 1048 2459 1100 καὶ
2498 1047 2723 1117 βεϐαίαν
2751 1049 2938 1120 φέρειν
2986 1052 3084 1120 τὴν
3133 1052 3371 1119 εὔνοιαν,
3437 1054 3581 1124 αὐτῷ
3631 1055 3684 1108 δὲ

2122 1138 2440 1192 τούντεῦθεν
2466 1139 2558 1192 καὶ
2589 1140 2791 1208 μᾶλλον
2819 1144 2947 1212 μηδ’
2989 1142 3063 1205 ὡς
3097 1144 3350 1214 ἀρχιερεῖ
3381 1145 3682 1215 προσέχειν,

2121 1229 2170 1280 εἰ
2200 1230 2299 1297 τὴν
2333 1229 2467 1299 πρὸς
2516 1231 2677 1284 αὑτὸν
2712 1232 2822 1291 ,διὰ
2882 1232 2978 1303 τὴν
3011 1234 3106 1286 τοῦ
3169 1233 3465 1305 σχίσματος
3514 1237 3685 1290 αἰτίαν

2123 1320 2448 1390 ἀπέχθειαν,
2482 1321 2509 1373 ὃ
2532 1321 2596 1393 δὴ
2620 1326 2715 1375 καὶ
2754 1323 3010 1393 βασιλεὺς
3037 1321 3145 1378 οἶδε
3176 1327 3268 1378 καὶ
3302 1330 3571 1397 συγχωρεῖ
3598 1330 3658 1381 αὑ

2121 1413 2235 1475 τὸς,
2271 1416 2384 1476 τοῖς
2411 1415 2595 1468 οὐκέτ’
2624 1413 2744 1470 οὖσι
2768 1418 2909 1470 κατά
2938 1419 3201 1488 βασιλέως
3235 1421 3525 1490 αίτιάμασι
3557 1439 3675 1492 συμ-

2126 1504 2347 1557 πλέκειν
2392 1507 2563 1559 ὲθέλοι
2596 1510 2691 1561 καὶ
2738 1513 2852 1573 τοῖς
2883 1511 3097 1564 ἐπιοῦσι
3130 1514 3512 1583 συμπράττειν
3538 1514 3681 1581 φόνοι

2127 1595 2296 1665 μηδὲν
2349 1597 2630 1667 προσῆκον
2678 1600 2766 1654 διιά
2795 1600 2893 1670 τὴν
2923 1604 3021 1671 τῆς
3074 1603 3432 1675 συνειδήσεως
3463 1604 3682 1674 καθαρό-

2120 1703 2278 1753 τητα.
2335 1688 2526 1744 Ταῦτα
2571 1689 2746 1758 λέγων
2770 1693 3130 1763 ἀντετεχνᾶτο
3173 1697 3446 1761 κάκεῖνος,
3476 1698 3571 1747 καὶ
3597 1696 3689 1766 τὴν

2120 1779 2307 1831 εἰκόνα
2337 1780 2432 1832 τοῦ
2490 1784 2771 1853 μάρτυρος
2819 1784 3001 1851 φέρων
3039 1786 3354 1856 ἐπευφήμει
3384 1788 3510 1851 τοὺς
3551 1786 3691 1849 βασι-

2122 1870 2254 1931 λεῖς.
2285 1872 2397 1924 Κιὶ
2427 1872 2616 1924 λοιπὸν
2652 1874 2934 1944 ἄπρακτον
2972 1859 3073 1942 μὲν
3123 1874 3192 1948 ἦν
3226 1879 3415 1942 αὐτοῖς
3443 1880 3501 1930 τὸ
3526 1880 3691 1947 ἐγχεί-

2122 1982 2293 2036 ρημα,
2332 1964 2419 2039 [Ρ.
2445 1965 2568 2039 177]
2596 1971 2837 2023 συνεῖναι
2885 1968 2930 2022 δ’
2959 1971 3192 2035 ἐκείνοις
3227 1972 3432 2041 ἥκιστα
3461 1970 3689 2039 ἀσφαλὲς

2119 2145 2375 2215 pessimis
2427 2146 2674 2211 armatis,
2740 2147 2966 2203 haberet
3020 2150 3317 2220 perduellis
3354 2151 3422 2206 ad
3482 2165 3687 2205 manum

2120 2252 2352 2306 quorum
2387 2238 2611 2292 lacertis
2661 2253 2725 2293 ac
2774 2242 3132 2297 mucronibus
3178 2244 3486 2312 Augustum
3522 2258 3689 2311 Oppu-

2119 2336 2338 2397 guaret,
2370 2330 2640 2399 Augusto,
2676 2331 2767 2399 qui
2798 2332 2977 2401 ipsum
3009 2333 3386 2399 defenderent,
3421 2336 3685 2389 deessent.

2118 2417 2247 2474 lude
2275 2419 2412 2473 adeo
2444 2436 2601 2474 suam
2644 2422 2804 2484 hanc,
2858 2438 3022 2491 quam
3093 2426 3432 2499 intentarent
3491 2423 3685 2487 rebelli,

2120 2510 2266 2564 haud
2294 2525 2415 2564 esse
2456 2511 2711 2579 injustam
2749 2515 2879 2568 vim.
2915 2514 3010 2570 Pia
3044 2528 3349 2587 sanctaque
3380 2519 3433 2573 in
3486 2515 3687 2571 hostem

2119 2602 2306 2669 patriae
2344 2616 2461 2655 sese
2488 2616 2639 2654 arma
2677 2603 2920 2659 induisse
2948 2622 2962 2670 ;
2994 2621 3095 2659 nec
3118 2607 3226 2675 jam
3260 2609 3499 2676 privatas
3529 2605 3686 2658 ultum

2121 2692 2198 2747 ire
2224 2694 2606 2758 contumelias,
2644 2711 2783 2763 quas
2811 2697 2921 2750 sint
2976 2698 3045 2751 ab
3102 2698 3218 2765 ipso
3269 2697 3540 2769 perpessi,
3601 2692 3687 2748 sed

2120 2792 2412 2854 tyrannum
2448 2776 2837 2842 exsecrabilem
2860 2787 3011 2855 justo
3044 2787 3186 2842 bello
3231 2788 3513 2860 persequi.
3545 2783 3689 2838 Talia

2119 2876 2413 2933 seditiosos
2450 2879 2827 2934 vociferantes
2859 2881 3191 2950 despectans
3217 2897 3247 2937 e
3287 2881 3522 2938 summis
3556 2875 3687 2931 muri

2119 2967 2305 3036 pinnis
2337 2968 2726 3037 Tarchaniota,
2763 2987 2876 3027 suae
2934 2973 3309 3030 defensionem
3374 2968 3689 3028 innocentiae

2119 3076 2243 3115 cum
2280 3062 2523 3130 ipsorum
2575 3064 2925 3120 accusatione
2973 3064 3281 3121 insolentiae
3349 3065 3687 3133 canjunclam

445 3156 535 3209 nis
593 3154 870 3209 immistus
893 3154 1094 3210 infesto
1128 3172 1251 3210 cum
1306 3158 1413 3211 illis
1449 3158 1652 3228 impetu
1684 3160 1751 3215 ad
1779 3159 2015 3217 Tarcha-
2044 3160 2088 3221 (ζ
2121 3166 2187 3207 ει
2219 3160 2335 3207 ιυιο
2365 3153 2608 3209 disertus
2649 3156 2960 3226 perorabat,
3006 3157 3168 3210 etiam
3220 3157 3370 3213 ultro
3426 3148 3690 3209 Philadel-

444 3248 673 3313 niOtam,
707 3248 784 3302 uti
825 3248 968 3303 haud
1004 3248 1166 3304 dubie
1201 3249 1551 3305 rebellionem
1590 3254 2014 3320 machinantem,

442 3341 810 3396 coercendum
866 3351 961 3396 aut
1023 3344 1594 3414 comprehendendum
1654 3347 1823 3403 vadit.
1888 3347 2017 3403 Erat

443 3443 579 3487 tunc
611 3434 658 3489 is
686 3433 742 3488 in
776 3434 911 3489 turri
938 3435 1196 3504 quadam,
1250 3437 1340 3490 ubi
1375 3437 1444 3491 de
1492 3438 1730 3493 coitione
1783 3455 2015 3509 praemo-

445 3528 596 3582 nitus
622 3535 678 3581 et
703 3526 967 3594 imparem
1003 3543 1082 3592 se,
1119 3528 1238 3583 loco
1268 3528 1385 3592 tali,
1454 3537 1621 3584 tanta:
1679 3533 2018 3587 sustinendae

444 3619 792 3686 impressioui
824 3627 1001 3683 ratus,
1035 3620 1188 3674 illinc
1231 3636 1289 3676 se
1319 3622 1632 3688 proripiens
1687 3625 1742 3677 in
1780 3625 2015 3679 vicinum

442 3711 669 3766 maximi
743 3712 1001 3782 martyris
1077 3712 1294 3782 Georgii
1366 3716 1758 3770 monasterium
1832 3717 2015 3788 fugit,

442 3803 673 3874 ejusque
704 3803 913 3858 foribus
945 3804 1186 3859 occlusis
1216 3804 1326 3859 vim
1364 3821 1551 3860 eorum
1584 3807 1726 3863 fama
1763 3826 2017 3878 praenun-

443 3894 632 3947 tiatam
668 3896 973 3964 opperitur.
1001 3893 1203 3949 Fuerat
1240 3896 1348 3950 illic
1374 3898 1504 3951 olim
1540 3897 1693 3955 Jovis
1725 3902 2015 3970 templum,

441 3984 752 4039 christiano
824 3985 1020 4040 deinde
1074 3987 1180 4040 ritu
1234 3987 1507 4056 expiatum
1561 4000 1615 4044 et
1662 3990 1715 4044 in
1754 3991 2015 4046 honorem

444 4077 619 4131 sancti
670 4078 928 4154 martyris
974 4077 1189 4150 Georgii
1222 4079 1560 4135 dedicatum.
1599 4082 1676 4137 Eo
1708 4082 2016 4154 ingressum

444 4166 629 4237 ibique
650 4152 903 4225 obductis
934 4185 1125 4225 secure
1158 4171 1367 4227 foribus
1393 4181 1571 4227 totum
1605 4152 1855 4229 seditiosi
1887 4176 2020 4229 Tar—

448 4258 764 4315 chaniotam
798 4262 1087 4316 audientes
1116 4264 1287 4317 nihilo
1314 4264 1496 4320 secius
1525 4265 1665 4318 facta
1705 4281 1869 4321 manu
1904 4283 2021 4323 mo-

443 4352 687 4406 nasterio
713 4366 774 4405 se
806 4351 1118 4416 admovent,
1135 4363 1188 4406 et
1215 4360 1388 4419 extra,
1416 4363 1475 4407 ut
1496 4362 1672 4419 erant,
1696 4354 1909 4422 magnis
1930 4370 2025 4410 vo-

441 4442 597 4497 cibus
617 4440 799 4495 fictam
826 4443 973 4496 illam
1007 4443 1251 4513 eogilatae
1275 4444 1665 4512 perduellionis
1686 4445 2017 4500 calumniam

2121 3244 2400 3312 phiensem
2445 3246 2758 3316 increpans,
2798 3247 2941 3316 quod
2973 3262 3096 3303 eum
3155 3265 3262 3304 non
3326 3248 3556 3320 puderet
3604 3254 3688 3296 sa-

2120 3346 2412 3393 crosancta
2452 3338 2718 3407 insignem
2752 3339 3021 3410 dignitate
3050 3342 3422 3411 sanguinariis
3448 3354 3507 3394 se
3530 3338 3690 3417 latro-

2120 3430 2285 3484 nibus
2315 3430 2508 3487 ducem
2541 3430 2608 3485 ad
2633 3432 2815 3487 scelus
2847 3432 2989 3488 ferre
3018 3449 3032 3487 :
3068 3452 3087 3484 ‹
3125 3433 3396 3501 Omittite,
3426 3434 3559 3488 heus
3581 3440 3686 3487 vos.

2120 3523 2419 3594 inquiebat,
2452 3525 2497 3579 si
2525 3524 2650 3595 quis
2693 3523 2868 3594 pudor
2903 3535 3010 3588 est,
3066 3528 3393 3583 mendacem
3444 3519 3690 3594 jactatio-

2122 3629 2245 3668 nem
2276 3625 2471 3669 vestrze
2499 3616 2551 3668 in
2584 3617 2888 3686 Augustum
2918 3617 3061 3683 fidei,
3097 3621 3188 3688 qui
3217 3636 3326 3674 non
3360 3616 3542 3675 studio
3572 3620 3689 3678 erga

2120 3704 2422 3773 principem
2473 3706 2712 3768 sincero,
2739 3707 2833 3761 sed
2885 3708 3012 3762 odio
3061 3711 3322 3764 adversus
3381 3697 3686 3764 fidissimum

2123 3795 2227 3864 ipsi
2256 3796 2590 3859 ministrmn,
2626 3798 2818 3853 ducem
2849 3808 3114 3864 vestrum,
3172 3816 3318 3856 saevo
3378 3799 3689 3861 nefarieque

2121 3887 2496 3941 cuncitamini.
2544 3888 2885 3944 Rebellionis
2933 3906 3096 3961 quam
3150 3891 3353 3960 ﬁngitis
3387 3907 3452 3946 ne
3509 3884 3687 3941 umbra

2122 3981 2339 4049 quidem
2378 3990 2471 4034 aut
2497 3982 2673 4050 prima
2698 3983 2957 4053 cogitatio
2984 3982 3379 4039 conscientiam
3405 3971 3689 4036 maculavit

2123 4088 2322 4127 meam.
2384 4072 2569 4128 Fidem
2621 4075 2933 4145 imperatori
2986 4090 3145 4130 servo
3213 4075 3485 4146 integram
3552 4076 3691 4123 nunc

2124 4165 2395 4229 maxime;
2429 4164 2483 4219 in
2510 4165 2668 4235 cujus
2713 4166 3035 4237 obsequium
3095 4166 3292 4223 all'ectu
3340 4160 3690 4245 devotissimo

2123 4251 2326 4304 nemini
2375 4252 2634 4305 concedo.
2672 4251 2748 4308 Te
2790 4270 2943 4321 vero,
2983 4273 3000 4306 ι
3041 4254 3400 4327 Theolcptum
3458 4254 3687 4309 intuens.

2130 4360 2148 4393 ι
2183 4359 2461 4412 nunquam
2497 4345 2761 4414 episcopi,
2792 4346 2936 4413 quod
2971 4345 3112 4403 falso
3155 4350 3319 4420 geris,
3354 4337 3690 4413 compellabo

2126 4434 2365 4500 nomine,
2412 4446 2505 4490 aut
2544 4437 2728 4491 debita
2764 4437 2854 4491 isti
2898 4439 3087 4508 gradui
3117 4442 3474 4495 veneratione
3508 4442 3689 4504 prose-

442 4540 735 4601 oggerunt,
770 4532 904 4585 falso
928 4533 1075 4587 illum
1101 4532 1341 4601 jactasse
1369 4534 1730 4590 vociferantes
1766 4551 1845 4600 se,
1886 4537 2015 4591 dum
2046 4503 2101 4562 Β
2126 4544 2282 4598 (luat.
2310 4529 2419 4583 Ῑεια
2467 4531 2671 4584 dudum
2730 4534 3060 4586 CommerCia
3118 4534 3262 4588 inter
3326 4549 3428 4590 nos
3480 4519 3690 4593 abrupit

444 4623 598 4692 ipsos
621 4623 904 4692 spoliaret,
942 4624 1170 4694 Augusti
1234 4627 1505 4682 mandatis
1537 4627 1791 4698 obsequi.
1828 4628 2017 4699 Longe

352 4733 357 4743 ι
442 4715 648 4785 quippe
677 4716 816 4769 ultra
845 4716 1177 4772 voluntatem
1224 4733 1289 4773 ac
1321 4719 1743 4774 destinationem
1799 4736 2016 4774 omnem

445 4807 859 4863 clementissimi
896 4807 1155 4879 principis
1182 4810 1339 4864 istam
1371 4810 1490 4879 ejus
1519 4811 1794 4879 perﬁdiosi
1819 4827 1883 4866 ac
1922 4827 2017 4866 ra-

444 4901 745 4970 pacissimi
791 4902 1025 4956 ministri
1077 4902 1373 4957 violentam
1405 4903 1459 4956 in
1491 4903 1649 4973 26],
1695 4918 1753 4958 se
1797 4920 2018 4973 grassa-

390 5058 404 5079 ι
447 4993 651 5046 tionem
694 4995 1047 5061 processisse.
1080 4992 1191 5048 Nec
1233 4993 1459 5049 dubium
1488 4995 1677 5062 [videri
1723 4994 1855 5064 quin
1917 4996 2019 5051 hoc

445 5081 565 5150 ipse
590 5080 643 5134 id
675 5081 884 5153 agendo
920 5092 1240 5150 spectasset,
1272 5093 1330 5137 ut
1358 5099 1416 5139 se
1442 5099 1471 5138 a
1502 5084 1695 5137 militia
1728 5099 1822 5153 per
1855 5084 2015 5139 istam

446 5172 844 5227 intolerabilem
872 5173 1222 5243 spoliationis
1256 5176 1512 5239 injuriam
1546 5175 1809 5245 depulsis,
1836 5175 2015 5245 praeda

385 5259 396 5269 ’
444 5265 581 5334 ipsis
612 5274 823 5319 extorta
851 5265 1144 5321 seditiosos
1178 5276 1514 5331 auctoraret,
1548 5283 1779 5337 quorum
1811 5267 1911 5322 sibi
1936 5267 2017 5320 sic

443 5355 808 5410 obioxiorum
840 5356 945 5411 fida
989 5372 1156 5426 opera
1212 5365 1460 5412 uteretur
1505 5359 1572 5412 ad
1636 5358 2013 5421 rebellionem,

444 5465 607 5519 quam
642 5451 948 5515 moliretur,
978 5450 1033 5504 in
1067 5454 1450 5520 imperatorem
1477 5453 1905 5522 exsequendam.
1936 5452 2018 5507 Ad

446 5541 556 5596 hoc
576 5542 734 5612 plane
764 5541 1093 5612 pertinuisse
1125 5542 1271 5596 illam
1326 5541 1588 5598 affectata:
1636 5545 2017 5614 popularitatis

445 5633 710 5699 speciem,
747 5633 869 5688 illas
901 5647 967 5687 ex
999 5631 1177 5686 alieno
1212 5632 1550 5699 largitiones,
1612 5633 1734 5688 illas
1796 5632 2018 5687 effusio-

445 5738 548 5781 nes
580 5723 631 5778 in
665 5724 992 5780 vilissimum
1024 5740 1296 5794 quemque
1354 5728 1601 5793 pecuniae
1633 5725 1850 5793 injuriis
1884 5742 2016 5779 con—

438 5810 605 5879 ﬂatm,
659 5815 867 5884 rapinis
893 5821 1158 5882 extortae,
1200 5830 1257 5868 ut
1318 5812 1634 5870 melioribus
1699 5812 2016 5881 debilitatis,

2123 4626 2282 4672 vetus
2314 4618 2380 4673 de
2407 4618 2670 4688 religione
2722 4618 3033 4673 discidium.
3076 4619 3288 4675 Dudum
3318 4632 3405 4677 est
3462 4627 3583 4672 cum
3635 4616 3686 4661 ιιι

2120 4727 2207 4766 tne
2238 4714 2669 4780 schismaticum,
2722 4729 2823 4782 ego
2870 4723 2921 4768 te
2964 4714 3253 4785 profanum
3304 4729 3525 4773 censeo.
3570 4703 3688 4758 Ηὶεο

2122 4811 2227 4858 tute
2251 4819 2278 4857 a
2312 4819 2419 4867 me,
2448 4820 2610 4872 quam
2647 4805 2780 4859 nihil
2807 4820 3010 4869 moror,
3039 4807 3346 4863 aversionis
3382 4818 3508 4860 vera
3531 4803 3687 4854 causa

2119 4904 2221 4949 est.
2268 4912 2366 4950 nec
2396 4896 2493 4949 ista
2542 4895 2727 4964 ignota
2782 4898 3035 4967 principi,
3070 4899 3226 4965 cujus
3259 4907 3313 4953 te
3343 4899 3462 4953 zelo
3514 4882 3689 4956 digni’

2122 4988 2251 5041 tatis
2281 4997 2337 5042 et
2370 4988 2662 5043 formidine
2693 4989 2921 5057 periculi
2960 4991 3165 5045 moveri
3210 4990 3482 5045 mentiris.
3540 4973 3687 5033 Τοηθ

2122 5078 2364 5147 fraudes,
2397 5095 2588 5133 amove
2621 5080 3007 5136 confictionem
3074 5083 3356 5136 vanissimi
3408 5068 3684 5134 criminis:

2122 5172 2292 5227 fatere
2330 5180 2381 5227 te
2414 5181 2603 5226 contra
2636 5173 2870 5227 cilicium
2909 5174 3299 5228 ecclesiasticae
3324 5164 3587 5229 lenitatis,
3620 5154 3688 5210 Si-

2123 5265 2343 5318 tit-utrm
2376 5264 2479 5317 mei
2511 5265 2815 5334 sanguinis,
2846 5264 2915 5318 ab
2948 5264 3299 5333 iniquissima
3360 5257 3688 5320 minimeque

2121 5355 2404 5409 verisimili
2460 5355 2774 5423 suspicione
2830 5364 2937 5410 tuae
2971 5355 3197 5410 immani
3247 5347 3557 5412 crudelitati
3596 5336 3687 5395 ob-

2123 5456 2333 5502 tentum
2371 5462 2641 5516 quaerere,
2698 5446 2917 5500 interim
2969 5445 3121 5513 dum,
3182 5448 3328 5517 quod
3385 5439 3683 5500 monstrum

2121 5537 2177 5593 in
2205 5538 2489 5593 sacerdote
2535 5538 2628 5605 sit,
2690 5539 2932 5593 cruentis
2996 5547 3046 5593 te
3087 5538 3303 5593 sicariis
3352 5530 3683 5592 immiscensv

2120 5642 2382 5703 quantum
2431 5641 2627 5702 potes,
2684 5630 2996 5699 coeperaris
3053 5630 3119 5685 ad
3171 5630 3373 5686 caedem
3432 5612 3682 5714 hominis.

2121 5738 2269 5791 pura:
2297 5725 2441 5779 omni
2475 5724 2593 5779 labe
2610 5724 2771 5801 262
2798 5723 3144 5778 conscientia:
3170 5723 3345 5778 veraci
3379 5712 3684 5803 testimonio

2124 5814 2585 5872 innocentissimi.
2629 5833 2643 5866 ι
2673 5794 2831 5868 "l‘alia
2863 5812 3104 5881 loculu's,
3141 5821 3198 5868 ut
3221 5813 3435 5869 infestis
3481 5794 3680 5860 machi-
