4018 6398
244 343 356 407 2ἰ9

1211 346 1310 407 DE
1353 344 1800 407 ANDRONICO
1839 345 2313 406 PALIEOLOGO
2344 348 2495 411 LIB.
2540 346 2655 407 III.

3403 349 3515 411 290

243 456 443 509 ἐδόκει.
474 454 638 509 Ὅθεν
667 456 763 510 καὶ
792 456 973 510 πᾶσαν
991 456 1150 526 ἀφεὶς
1179 459 1372 529 ὲνοχην
1395 458 1725 529 προστρέχει
1748 458 1826 528 τῷ
1855 462 1901 516 Δ
1942 458 2002 511 'O
2047 459 2230 513 τοίνυν
2284 459 2490 527 Νογᾶς,
2556 462 2683 529 περὶ
2735 455 2795 514 οὗ
2847 461 2940 514 καὶ
2986 461 3248 532 πρότερον
3297 426 3520 534 ἐρρέθη,

243 546 461 618 βασιλεῖ
486 549 553 617 τῇ
590 548 999 620 πολυανδρούσῃ
1032 549 1188 603 πόλει
1239 549 1614 622 Θεσσαλονίκῃ
1643 551 1826 605 ἐνδια-

239 638 511 710 τρίϐοντι.
541 639 708 693 Ἀλλὰ
740 640 913 695 ταῦτα
949 642 1049 712 μὲν
1099 641 1349 713 ὕστερον,
1382 642 1506 696 καθ’
1539 644 1597 697 ὃν
1630 645 1828 714 καιρὸν

240 729 312 783 τά
345 731 394 782 οἱ
434 730 831 800 στρατηγοῦντι
862 731 1215 803 πεπονημένα
1243 733 1701 804 ἐσπουδασμένως
1727 736 1829 800 τῆς

238 821 354 875 τῶν
376 823 496 874 ἐκεῖ
515 824 859 892 πραγμάτων
892 828 1289 896 κατορθώσεως
1307 825 1468 896 χάριν
1493 825 1829 895 ἁθετηθέντα

237 912 341 967 καὶ
369 915 454 977 εἰς
480 914 636 967 οὐδὲν
669 914 990 983 λογισθέντα
1026 916 1178 986 παρὰ
1209 916 1316 970 τῶν
1366 915 1591 980 ἐσαῦθις
1615 933 1829 986 πεμπο-

238 1005 429 1074 μένων
480 1006 682 1077 πολλὴν
710 1005 809 1077 τὴν
856 1006 1039 1079 λύμην
1070 1008 1324 1062 ἐνέδοσαν
1351 1006 1623 1078 γίνεσθαι,
1651 1008 1825 1079 ὑπερ-

234 1095 473 1167 ημέρων
505 1097 609 1166 μὲν
658 1097 756 1150 καὶ
785 1097 893 1151 τῶν
925 1098 1297 1170 μισθοφοριῶν
1329 1101 1633 1170 γινομένων
1666 1116 1830 1169 στρα-

232 1184 470 1249 τιώταις
497 1186 650 1256 παρὰ
679 1187 790 1240 τῶν
814 1189 1234 1261 κατ’ξὰνατολὴν
1274 1188 1646 1257 συλλεγόντων
1688 1189 1826 1260 χρή-

232 1291 414 1344 ματα,
460 1275 898 1348 ὲ).λε).ειμμένων
947 1279 1130 1333 δὲκαὶ
1176 1280 1286 1334 τῶν
1328 1279 1602 1333 πλείστων
1630 1281 1694 1333 ὲκ
1726 1282 1828 1351 τῆς

229 1366 354 1419 τῶν
406 1367 758 1438 προύχόντων
818 1374 947 1441 περὶ
988 1372 1132 1435 αὐτὰ
1163 1372 1552 1442 σφετερίσεως,
1587 1373 1680 1426 καὶ¹
1718 1373 1827 1426 τῶν

228 1457 566 1527 πολεμικῶν
633 1462 884 1517 ιντεῦθεν
934 1463 1328 1536 ἀμελουμένων
1375 1463 1516 1518 κατὰ
1565 1463 1624 1517 τὸ
1676 1464 1828 1530 εἰκὸς

228 1552 528 1621 πράξεων.

228 1662 363 1728 κοτ’.
397 1665 540 1732 Περὶ
570 1682 689 1719 των
718 1667 870 1743 κατὰ
908 1670 982 1723 τὰ
1012 1670 1228 1743 ,βόρεια
1276 1672 1552 1743 Τοχάρων
1581 1673 1683 1729 καὶ
1721 1673 1829 1728 τοῦ

779 1741 1291 1808 Σφεντισθλάόου.

1935 552 2211 621 πεμφθεὶς
2252 552 2495 623 ἀρχῆθεν
2552 555 2704 625 παρὰ
2732 553 2840 606 τῶν
2869 555 2934 606 ὲκ
2982 554 3174 621 γένους
3212 555 3514 624 ἀρχόντων,

1931 644 2032 697 οὐκ
2060 644 2246 714 ἄρχων
2283 643 2382 709 ὢν,
2411 644 2527 700 ἀλλ’
2562 646 2978 716 ὑποστράτηγος
3011 647 3183 715 σφῶν,
3244 647 3522 715 πεμφθεὶς

1931 729 2024 789 οὖν
2059 736 2178 805 μεθ’
2204 737 2286 791 ὅτι
2340 735 2599 806 πλείστης
2644 736 2928 805 δυνάμεως
2958 737 3051 790 ἐπὶ
3076 737 3177 806 τῆς
3208 739 3350 790 κατὰ
3384 737 3519 809 βορο

1934 828 2036 898 ῥᾶν
2072 826 2329 898 περαίας,
2382 826 2471 880 ἵνα
2502 829 2596 880 καὶ
2626 827 2860 896 διάφορα
2889 826 3018 894 ἔθνη
3048 827 3218 880 πάλαι
3255 828 3352 896 μὲν
3385 827 3524 880 Ῥω-

1935 917 2117 985 μαῖοις
2154 917 2371 986 ὑπήκοα
2399 955 2412 978 ,
2473 917 2702 987 ὕστερον
2735 917 2780 970 δ’
2815 916 3049 987 ἁλούσης
3102 916 3198 985 τῆς
3236 919 3524 971 Κωνστανο

1930 1006 2076 1060 τίνου
2102 1007 2222 1061 καθ’
2250 1008 2391 1061 αὐτὰ
2421 1008 2550 1061 ὄντα
2582 1008 2674 1061 καὶ
2710 1008 3038 1078 τοπαρχίαις
3074 1011 3185 1060 τισὶ
3228 1009 3524 1077 μεριζόμε-

1932 1118 2019 1166 να,
2047 1100 2120 1164 ὡς
2145 1102 2368 1171 ἐρήμων
2409 1102 2959 1172 καταδραμούμενος,
2997 1104 3230 1165 ἐπιστὰς
3271 1103 3348 1172 τῷ
3381 1103 3524 1157 κατὰ

1934 1192 2080 1260 σφᾶς
2108 1192 2215 1246 δέει
2270 1192 2415 1261 μόνῳ
2456 1191 2738 1262 χειροῦται
2789 1192 2885 1245 καὶ
2918 1193 3201 1247 ύποκλίνει
3256 1195 3524 1263 Τοχάροις

1932 1284 2378 1353 αὐτονομούμενα
2397 1284 2682 1354 πρότερον.
2720 1285 2788 1343 ".A
2799 1302 2874 1354 μα
2894 1285 3024 1354 γοῦν
3052 1285 3327 1340 τοσούτων
3352 1285 3523 1339 ἐθνῶν

1929 1371 2124 1444 ἦρξαν,
2160 1375 2257 1426 καὶ
2314 1375 2430 1444 ἃμα
2483 1375 2930 1446 πολυανδροῦντα
2971 1377 3136 1431 τόπον
3187 1378 3389 1442 ἰδόντες
3422 1381 3520 1431 καὶ

1931 1463 2218 1533 ἁρετῶσαν
2268 1465 2371 1534 γῆν
2430 1465 2567 1537 πρὸς
2622 1465 2801 1520 πάντα
2845 1466 2914 1520 τὰ
2964 1468 3260 1535 ἀναγκαῖα,
3303 1470 3523 1532 ἑαυτοῖς

1933 1556 2322 1611 ύποποιοῦνται
2371 1560 2468 1621 τὰς
2497 1559 2685 1631 χώρας
2713 1562 2808 1614 καὶ
2840 1562 2963 1616 καθ’
2992 1564 3192 1627 αὐτοὺς
3222 1560 3381 1635 ἦσαν.
3430 1566 3518 1626 Ὠς

1931 1648 1989 1702 δὲ
2021 1649 2120 1703 καὶ
2150 1650 2258 1703 τῶν
2286 1652 2399 1704 ἄνω
2430 1652 2715 1722 Τοχάρων,
2748 1650 2829 1715 οἷς
2859 1654 2956 1707 καὶ
2992 1650 3062 1724 ἦν
3097 1655 3308 1725 ἄρχειν,
3342 1657 3523 1709 ἐπιόν-

1931 1759 2041 1795 των
2068 1742 2164 1795 xei.
2192 1744 2253 1795 τὸ
2280 1743 2482 1813 κράτος
2517 1744 2826 1812 ζητούντων
2857 1747 3066 1809 ἐκεῖνος
3090 1750 3304 1801 συνέσει
3344 1766 3401 1801 τε
3424 1748 3521 1803 καὶ

303 1824 385 1898 [Ρ
417 1826 544 1899 178]
579 1830 710 1899 Περὶ
740 1830 798 1884 δέ
842 1848 905 1899 γε
937 1831 1047 1884 τῶν
1081 1831 1309 1902 βορείων
1334 1833 1591 1904 Τοχάρων
1617 1835 1686 1900 (οἱ
1717 1835 1826 1904 γὰρ
1856 1835 1899 1891 B
1928 1833 2005 1903 τῷ
2037 1834 2159 1887 καθ’
2182 1834 2346 1887 αὑτὸν
2376 1836 2569 1904 πλήθει
2594 1837 2967 1907 περιεγένετο,
2988 1838 3083 1891 τοῦ
3099 1839 3289 1892 λοιποῦ
3319 1840 3515 1908 ἀνέδην

229 1918 373 1973 κατ’
394 1919 664 1990 ἀνατολὴν
687 1921 778 1975 τὸν
805 1921 1064 1992 Καζάνην
1084 1920 1249 1993 εἶχον,
1280 1923 1355 1986 ὡς
1385 1924 1535 1977 αὐτοὶ
1568 1927 1726 1994 φαῖεν
1742 1926 1828 1993 ἂν,

232 2011 447 2078 Κάνιν,
477 2011 537 2076 ὃς
554 2013 623 2086 δη
648 2014 743 2067 καὶ
781 2016 846 2068 ἐκ
871 2014 1092 2071 Χαλαοῦ
1120 2033 1181 2069 τε
1215 2017 1310 2070 καὶ
1336 2018 1557 2085 Ἀπαγᾶ
1583 2018 1641 2070 τὸ
1676 2019 1832 2087 γένος

232 2104 483 2177 κατῆγε)
513 2104 648 2175 περὶ
697 2104 830 2173 γοῦν
857 2106 1083 2160 ἐκείνων
1127 2105 1278 2173 ἄξιον
1325 2107 1533 2162 ἄνωθεν
1581 2108 1830 2164 διελθεῖν.

241 2377 567 2435 nationibus
594 2377 816 2433 invidiae
865 2392 996 2433 suas
1025 2386 1213 2435 contra
1272 2377 1390 2448 ipse
1440 2391 1661 2449 quoque
1689 2386 1834 2434 artes

242 2479 578 2542 apponeret,
610 2470 826 2525 sublata
862 2470 918 2525 in
952 2484 1150 2526 manus
1176 2470 1396 2539 alteque
1439 2479 1658 2525 ostensa
1693 2470 1834 2524 ima-

245 2566 375 2634 gine
415 2563 697 2634 martyris,
752 2562 1059 2618 acelamare
1123 2562 1358 2618 salutem
1412 2561 1835 2631 imperatoribus

248 2654 392 2724 patri
437 2662 500 2709 et
557 2654 669 2708 tilio
721 2653 1017 2724 faustaque
1065 2653 1333 2709 ambobus
1378 2654 1592 2725 precari
1650 2653 1837 2708 omnia

254 2745 400 2801 clara
437 2759 577 2800 voce
605 2745 808 2816 saepius
844 2744 1190 2815 ingeminans
1221 2745 1444 2799 institit.
1481 2742 1573 2799 Sic
1624 2744 1720 2798 illo
1751 2758 1840 2798 se-

259 2836 478 2892 ditionis
506 2836 711 2905 impetu
743 2836 992 2906 repulso,
1010 2834 1172 2891 facile
1204 2835 1517 2905 intelligens
1549 2835 1692 2890 haud
1724 2844 1839 2889 tuto

266 2930 354 2981 diu
387 2944 444 2983 se
478 2942 638 2997 posse
666 2928 976 2983 consistere
1004 2927 1059 2982 in
1092 2935 1200 2982 tam
1236 2925 1579 2982 infensorum
1609 2927 1714 2982 sibi
1736 2928 1838 2982 lio-

270 3012 472 3072 minum
492 3018 878 3082 centubernio,
898 3017 966 3073 ad
986 3018 1293 3088 Augustum
1312 3017 1366 3070 in
1391 3011 1838 3087 frequentissima

264 3110 838 3166 Thessalonicensium
873 3111 1008 3165 urbe
1033 3119 1163 3165 tunc
1187 3109 1472 3178 degentem
1512 3110 1657 3179 (nam
1698 3110 1834 3174 haec,

1932 1924 2333 1995 ηὑτονομοῦντο
2358 1927 2450 1979 καὶ
2474 1927 2563 1981 τὸν
2586 1927 2698 1981 ἄνω
2720 1928 2972 1992 Εὐξείνου
2995 1929 3159 1982 τόπον
3183 1931 3521 2001 ἀρχοντικῶς

1935 2014 2314 2085 ὲκαρπίζοντο.
2343 2011 2454 2070 Ἦν
2483 2018 2613 2086 γοῦν
2654 2018 2830 2072 ταῦτα
2860 2010 2970 2072 ’ἐπὶ
3016 2023 3255 2088 καιροῖς,
3309 2021 3407 2073 καὶ
3441 2020 3522 2090 τῷ

1934 2107 2028 2162 τοῦ
2090 2108 2358 2178 βασιλέως
2412 2110 2566 2180 κήδει
2613 2110 2642 2163 ὁ
2672 2110 2857 2180 Νογᾶς
2910 2111 3223 2182 ὴγλαῖζετο,
3282 2108 3437 2166 Ἐπεὶ
3465 2112 3549 2166 δὲ·

2404 2318 2459 2330 <—

1935 2370 2139 2449 nebant
2161 2380 2390 2438 tractus,
2421 2382 2506 2430 est
2535 2376 2678 2446 quod
2701 2377 2865 2432 modo
2898 2376 3136 2447 repetito
3163 2377 3327 2448 paulo
3357 2378 3525 2435 altius

1935 2462 2203 2532 principio
2227 2480 2542 2520 narremus.
2573 2466 2753 2540 Negas
2787 2468 2979 2540 igitur,
3010 2470 3081 2525 de
3106 2471 3268 2542 263
3304 2486 3416 2542 quo
3438 2484 3525 2526 est

1936 2556 2190 2623 superius
2222 2570 2251 2609 a
2282 2558 2437 2613 nobis
2467 2558 2695 2625 dictum,
2766 2562 2971 2617 missus
3033 2562 3164 2617 olim
3200 2577 3230 2616 a
3264 2563 3525 2633 principi-

1937 2645 2041 2699 bus
2073 2647 2252 2716 gentis
2275 2663 2382 2703 non
2409 2648 2520 2703 dux
2545 2650 2663 2720 ipse
2711 2667 3026 2720 supremus,
3083 2654 3175 2706 sed
3232 2653 3525 2722 praefectus

1940 2737 2114 2805 copiis
2154 2740 2477 2796 auctoritate
2518 2741 2744 2806 vicaria,
2802 2756 2928 2797 cum
2978 2744 3221 2799 exercitu
3266 2760 3525 2799 numero-

1939 2824 2161 2882 sissime
2189 2828 2241 2880 in
2272 2828 2515 2885 obversa
2549 2832 2691 2887 Asiae
2725 2834 3058 2889 continentis
3118 2834 3374 2890 Boreales
3403 2851 3525 2904 par-

1939 2922 2020 2970 tes
2051 2916 2414 2988 irruptionem
2443 2919 2592 2979 fecit.
2628 2922 2795 2980 Sedes
2842 2925 2955 2981 illic
2997 2927 3269 2981 habebant
3326 2936 3523 2997 gentes

1938 3004 2101 3059 varia:
2127 3007 2255 3062 olim
2285 3008 2546 3065 Romanis
2602 3014 2888 3082 subjectae,
2919 3018 3011 3071 sed
3070 3028 3191 3087 post
3240 3028 3452 3088 captam
3489 3035 3521 3075 a

1938 3094 2151 3153 Latinis
2171 3102 2707 3175 Constantinopolim
2732 3109 2816 3162 sui
2845 3109 2985 3178 juris
3016 3107 3189 3173 facta,
3222 3110 3525 3181 divisaque

253 3217 310 3260 ut
329 3203 620 3270 admonui,
640 3203 912 3272 posterius
930 3209 1058 3258 sunt
1081 3200 1843 3272 gesta)Tliessalnnicam,in-
1870 3192 1913 3252 Ω
1946 3191 2000 3246 ὶιι
2037 3194 2223 3262 plures
2254 3197 2567 3265 toparchias
2604 3199 2883 3267 sigillatim
2910 3200 3142 3265 debiles,
3184 3218 3286 3256 nec
3322 3217 3433 3257 uno
3467 3206 3521 3257 in

248 3312 437 3367 quam,
465 3296 535 3351 ad
548 3294 927 3351 Andronicum
945 3309 1004 3348 se
1022 3293 1148 3348 inde
1171 3294 1461 3363 proripuit.
1480 3292 1598 3359 Quo
1616 3293 1836 3362 (pridem

249 3403 530 3459 tempore,
560 3388 775 3443 intento
808 3387 969 3443 unice
993 3386 1326 3456 imperatore
1350 3385 1710 3454 praesentibus
1737 3398 1803 3438 cu
1822 3412 1838 3424 -

245 3482 458 3545 randis,
500 3488 556 3536 et
593 3478 811 3549 imperii
841 3477 990 3534 vires
1032 3476 1145 3533 fere
1176 3476 1467 3532 universas
1492 3474 1837 3545 impendente

244 3569 663 3628 constituendis
697 3569 806 3623 illis
850 3570 903 3622 in
931 3567 1136 3638 quibus
1168 3574 1303 3622 tunc
1328 3566 1650 3623 versabatur
1680 3564 1838 3621 Occi-

244 3662 372 3717 duis
412 3660 709 3722 tractibus,
750 3657 982 3727 contigit
1016 3656 1168 3711 brevi
1211 3657 1390 3726 perire
1424 3656 1662 3710 fructum
1717 3670 1838 3709 om-

245 3769 371 3809 nem
415 3767 599 3822 operae
654 3747 1101 3805 a‘Tarcbaniota
1152 3748 1410 3819 prudenti
1466 3763 1581 3802 suae
1641 3747 1836 3817 pracfe-

246 3854 421 3900 cturae
445 3841 732 3898 iunctione
781 3840 1088 3911 reipublicae
1116 3848 1349 3895 navatae.
1398 3837 1533 3893 Nam
1574 3840 1670 3910 qui
1712 3838 1842 3893 huic

246 3939 646 3990 successerunt
717 3930 789 3985 ab
847 3930 1095 4001 Augusto
1151 3928 1412 3985 submissi
1436 3928 1502 3985 ad
1570 3929 1842 3999 regendas

246 4025 565 4083 Orientales
627 4023 988 4095 provincias,
1056 4037 1180 4093 quae
1235 4021 1327 4075 ille
1389 4020 1550 4076 malis
1605 4019 1842 4090 publicis

245 4115 620 4175 emendandis
674 4123 982 4185 opportuna
1047 4114 1333 4184 sapienter
1384 4113 1795 4184 excogitaverat
1825 4153 1841 4178 ,

247 4211 508 4277 funditus
538 4208 940 4277 neglexerunt;
980 4222 1209 4276 quorum
1239 4204 1532 4261 salubritas
1560 4205 1843 4259 instituto-

247 4276 385 4360 ωιῐῖ
406 4319 475 4357 es
508 4300 662 4373 gravi
687 4299 954 4370 pernicie,
986 4314 1152 4369 quam
1184 4299 1390 4353 sensim
1423 4297 1476 4351 in
1529 4296 1848 4352 desuetudi-

249 4413 380 4453 nem
414 4395 679 4450 abeuntia
711 4406 950 4462 moxque
983 4391 1135 4445 nihili
1182 4392 1368 4445 habita
1404 4389 1490 4445 sui
1547 4390 1845 4444 abolitione

250 4496 693 4556 contemptuque
723 4484 780 4539 in
842 4484 1236 4553 rempublicam
1288 4491 1657 4547 attraxerunt,
1718 4498 1843 4537 sero

257 4580 438 4652 p:tnit
467 4574 1042 4649 perspici.Namcum
1105 4575 1380 4646 stipendia
1444 4591 1550 4630 non
1606 4575 1843 4644 amplius

260 4673 326 4728 ad
353 4672 502 4727 diem
539 4669 806 4724 militibus
837 4668 1183 4722 solverentur
1212 4667 1282 4721 ab
1328 4668 1395 4721 iis
1438 4668 1529 4736 qui
1571 4669 1847 4736 Vectigali-

261 4764 359 4818 bus
387 4778 488 4833 per
537 4760 663 4816 illos
710 4766 918 4815 tractus
977 4757 1262 4828 exigendis
1327 4767 1486 4811 erant
1544 4756 1842 4826 praepositi,

259 4852 404 4924 quod
439 4850 672 4922 pecunia
710 4847 929 4919 publica
957 4847 1165 4915 rapinis
1200 4846 1446 4915 ipsorum
1478 4854 1533 4899 et
1560 4845 1692 4914 ipsis
1715 4860 1847 4898 con-

258 4947 502 5001 sciorum
538 4941 834 4996 imminuta
869 4953 1217 5009 nequaquam
1246 4937 1313 4991 ad
1360 4937 1415 4991 id
1446 4935 1736 4997 sulliceret,
1766 4937 1849 4990 di-

258 5036 428 5107 lapsis
460 5041 687 5106 prOpter
729 5031 968 5101 inopiam
1000 5029 1354 5101 praesidiariis
1384 5028 1694 5084 functiones
1733 5029 1846 5083 illic

259 5146 452 5186 Omnes
498 5128 769 5182 militares
829 5132 1208 5187 cessaverunt,
1263 5131 1523 5193 totusque
1574 5126 1690 5178 sine
1736 5122 1846 5177 ulla

260 5222 512 5278 custodia
544 5217 844 5275 Orientalis
878 5216 1040 5271 limes
1095 5215 1337 5270 hostium
1371 5215 1731 5270 barbarorum
1782 5215 1847 5269 li-

263 5314 412 5369 beris
442 5309 854 5367 incursionibus
878 5308 1225 5363 condonatus
1252 5306 1307 5360 in
1340 5310 1577 5376 praadam
1633 5318 1736 5363 est.

262 5408 352 5462 26.
383 5406 463 5461 De
489 5400 749 5458 Tocharis
777 5398 1286 5470 septentrionalibus
1308 5410 1357 5451 ct
1391 5398 1840 5469 Splteiitistlilabo.

333 5500 407 5555 De
440 5497 766 5553 Borealibus
800 5508 965 5564 porro
1018 5489 1286 5546 Tocharis
1317 5494 1337 5562 (
1366 5509 1489 5546 nam
1533 5492 1845 5547 Orientales

263 5592 566 5663 principem
595 5589 735 5650 sive,
766 5596 825 5639 ut
858 5584 962 5653 ipsi
996 5583 1319 5651 loquuntur,
1353 5582 1551 5647 Kanin,
1583 5598 1847 5653 agnosce-

268 5686 394 5739 bant
423 5684 727 5742 Cazanem,
764 5677 858 5746 qui
889 5691 958 5730 ex
989 5676 1198 5731 Chalau
1231 5685 1283 5730 et
1307 5677 1491 5746 Apaga
1542 5676 1846 5731 deducebat

268 5777 475 5851 genus),
514 5776 585 5831 de
616 5773 753 5838 illis,
789 5772 1033 5840 inquam,
1056 5771 1148 5841 qui
1184 5770 1650 5840 Septentrionales
1708 5772 1848 5827 obti-

1941 3298 2235 3341 commune
2293 3290 2527 3344 consilio
2581 3301 2819 3357 utentes,
2878 3293 3084 3345 nullam
3136 3293 3388 3347 idoneam
3442 3293 3522 3348 ir-

1943 3376 2230 3431 ruentibus
2270 3377 2523 3434 barbaris
2568 3396 2845 3449 opponere
2882 3381 3277 3447 defensionem
3327 3393 3523 3453 potue-

1942 3473 2107 3530 runt;
2150 3481 2321 3535 quare
2376 3467 2445 3521 ad
2508 3470 2742 3537 primum
2798 3474 2981 3527 statim
3038 3474 3325 3529 incursum
3376 3483 3523 3528 metu

1943 3555 2063 3625 ipso
2096 3556 2376 3623 debellati,
2440 3558 2622 3615 facilis
2654 3562 2793 3617 citra
2851 3574 3129 3618 certamen
3180 3564 3526 3620 vincentibus

1942 3646 2122 3714 praeda
2148 3663 2383 3704 cessere.
2414 3650 2473 3705 In
2504 3652 2594 3707 illa
2640 3654 2900 3710 felicitate
2932 3656 3293 3728 insperatisu
3329 3671 3526 3713 cessus

1942 3738 2385 3795 animadvertens
2422 3742 2598 3813 Negas
2622 3759 2745 3799 cum
2780 3748 2897 3801 suis
2937 3746 3142 3803 habere
3173 3764 3233 3803 se
3263 3749 3369 3804 sub
3409 3764 3526 3804 ma-

1944 3844 2075 3882 num
2107 3831 2581 3903 frequentissimas
2610 3844 2663 3891 et
2702 3836 2976 3895 confertas
3019 3840 3220 3910 populo
3250 3840 3524 3911 regiones,

1943 3922 2278 3992 easdemque
2311 3925 2411 3981 soli
2446 3927 2634 3982 uberis
2663 3937 2719 3983 et
2746 3932 2989 3984 omnium
3024 3932 3152 3986 vitae
3183 3935 3397 3988 tuendae
3419 3933 3528 3988 uti-

1945 4015 2074 4068 liom
2106 4015 2329 4082 feracis,
2381 4034 2488 4074 non
2546 4024 2783 4091 amplius
2851 4026 3101 4094 precaria
3156 4035 3423 4094 potestate
3455 4027 3528 4084 iis

1948 4124 2184 4171 praeesse
2215 4119 2346 4165 sunt
2385 4112 2738 4182 dignati,aut
2776 4115 2980 4171 ducum
3030 4128 3302 4185 veterum,
3339 4134 3369 4173 a
3406 4122 3527 4187 qui-

1947 4200 2049 4255 bus
2075 4210 2233 4255 erant
2252 4202 2320 4257 ad
2355 4203 2517 4259 istam
2553 4207 2961 4275 expeditionem
3012 4208 3297 4272 destinati,
3332 4219 3528 4270 nutuq-

1946 4294 2221 4362 respiccre
2245 4309 2529 4352 curarunt.
2560 4299 2788 4369 Proprie
2831 4300 2951 4354 illas
2983 4301 3244 4371 nullaque
3279 4300 3522 4356 obnoxio

1948 4388 2224 4454 subjectus
2255 4388 2481 4459 imperio
2524 4388 2705 4460 Negas
2757 4392 2985 4456 habuit;
3045 4407 3111 4447 ac
3166 4394 3527 4462 repetentium

1943 4480 2035 4550 jus
2056 4498 2216 4537 suum
2249 4482 2601 4552 antiquorum
2638 4485 2949 4555 principum
2978 4487 3160 4555 gentis
3208 4485 3530 4542 Tocliarica:

1949 4573 2200 4640 querelas
2230 4583 2569 4647 conatusque
2600 4574 2797 4642 partim
2826 4575 2994 4630 elusit
3028 4575 3390 4645 ambiguitate
3443 4593 3530 4631 re-

1948 4678 2274 4732 sponsorum
2302 4671 2357 4718 et
2396 4664 2648 4719 iictarum
2710 4666 2776 4719 ad
2825 4677 3039 4736 tempus
3098 4668 3531 4736 promissionum

1950 4755 2219 4810 industria
2244 4756 2454 4819 solerti,
2481 4757 2680 4825 partim
2708 4758 2798 4811 ubi
2818 4770 3003 4827 aperta
3032 4761 3112 4813 vis
3130 4758 3394 4813 intentata
3420 4769 3529 4825 est,

1948 4848 2202 4918 oppositu
2239 4850 2821 4904 numerosissimarmn
2856 4850 3141 4919 Copiarum
3166 4850 3386 4919 repulit.
3419 4850 3532 4906 Nec

1951 4940 2022 4994 ita
2052 4940 2223 4993 niulto
2250 4950 2373 5008 post
2398 4942 2554 5011 quasi
2582 4941 2798 4995 firmato
2822 4942 2946 5011 jure
2980 4943 3350 5010 possessionis
3381 4944 3529 5008 longi

1949 5034 2363 5103 praescriptione
2395 5036 2679 5104 temporis,
2706 5034 2825 5089 sine
2842 5034 3223 5089 controversia
3260 5037 3530 5103 regnavit,

1952 5126 2111 5194 pleno
2140 5125 2251 5194 jam
2288 5142 2391 5182 nec
2424 5138 2677 5181 revocato
2706 5142 2735 5181 a
2761 5142 3040 5196 quoquam
3079 5125 3134 5181 in
3164 5126 3396 5182 dubium
3427 5127 3531 5181 du-

1950 5218 2121 5272 minio
2156 5221 2470 5288 superiores
2528 5219 2741 5272 Euxino
2769 5217 2943 5272 Ponto
2977 5220 3228 5286 regiones
3254 5217 3532 5273 obtinens.

1948 5310 1999 5365 ls
2028 5319 2203 5364 status
2239 5310 2350 5364 illic
2382 5309 2646 5363 diuturno
2707 5310 2887 5378 spatio
2931 5325 3110 5363 rerum
3151 5306 3276 5370 fuit,
3307 5306 3532 5374 quando

1950 5402 2018 5456 ad
2052 5411 2300 5455 ca'teram
2332 5398 2493 5469 Nogze
2530 5400 2836 5454 claritatem
2870 5401 3106 5455 accessit
3136 5398 3278 5453 haud
3335 5412 3530 5466 parum

1948 5508 2072 5546 cum
2103 5492 2385 5546 illustrans
2415 5491 2649 5545 affinitas
2672 5508 2795 5548 cum
2822 5491 3083 5547 Michaeie
3119 5493 3366 5558 Augusro
3396 5502 3532 5543 con-

1950 5593 2147 5646 tracta,
2180 5586 2267 5638 cui
2305 5599 2469 5652 gener
2503 5585 2684 5638 factus
2728 5594 2811 5638 est
2868 5583 3073 5653 nuptiis
3125 5580 3245 5634 lilia:
3280 5577 3532 5648 Euphro-

1950 5691 2132 5746 synes.
2170 5675 2392 5729 interim
2434 5676 2624 5729 multis
2667 5678 2898 5729 mortuis
2932 5688 3121 5729 eorum
3150 5669 3350 5740 quibus
3382 5678 3533 5723 sorte

1952 5770 2214 5826 uatalinn
2250 5770 2528 5825 successio
2558 5784 2621 5824 ex
2653 5783 2848 5838 genere
2882 5765 3229 5834 competebat
3259 5761 3470 5828 imperii
3499 5774 3533 5817 δ
