4018 6418
481 355 583 422 291

1675 362 1997 423 GEORGII
2043 357 2400 422 PACHYME
2413 357 2459 416 R
2473 356 2537 415 ZE

3632 354 3728 416 292

477 469 688 534 πόλλῶν
715 477 958 531 ἐκποδὼν
1001 478 1304 548 γεγονότων
1333 472 1412 541 οἷς
1438 477 1503 546 δὴ
1536 479 1629 531 καὶ⁴
1675 478 1737 531 τὸ
1773 479 1962 548 ἄρχειν
1991 477 2054 528 ὲκ
2085 486 2129 540 Α
2162 476 2617 544 περιποιούμενος
2651 471 2748 534 τὰς
2778 471 2870 524 τοῦ
2927 471 3080 537 Νογᾶ
3112 469 3281 538 ὀργὰς
3319 467 3632 539 ἐρεθίσειεν.
3670 469 3726 520 '0

477 570 670 638 γένους
707 570 938 637 προσῆν,
977 570 1004 621 ό
1027 570 1293 633 Τουκτάῖς
1326 569 1789 636 ὲγκαταλέλειπτο
1820 572 1916 620 καὶ
1951 566 2054 637 ήδη

477 661 814 728 γεγηρακότι
837 657 913 726 τῷ
949 658 1101 728 Νογᾷ
1135 661 1448 728 ἐφειστήκει
1489 658 1585 712 καὶ
1617 657 1876 727 εἰσϐολῆς.
1901 657 2059 726 στερ-

479 751 580 822 ρᾶς
613 749 900 817 γεγονυίας
932 749 1126 818 περιῆν
1157 750 1298 803 κατὰ
1329 749 1530 816 κράτος
1555 751 1649 802 καὶ
1673 751 1700 802 ό
1723 749 1906 816 Νογᾶς
1940 747 2058 800 ἐπι-

481 857 606 902 πτε,
633 840 700 892 τὰ
751 839 847 906 μὲν
880 841 1022 892 κατὰ
1047 841 1136 892 τὸν
1175 840 1338 894 τόπον
1387 841 1656 909 γεγονότα
1711 841 1773 892 ἐκ
1800 839 1911 891 τῶν
1942 841 2060 890 ἐνε-

479 923 700 983 στώτων
751 928 1006 1000 πολέμων
1037 930 1131 983 καὶ
1159 932 1256 1001 τῆς
1310 931 1648 1001 συγχύσεως,
1693 933 1785 984 καὶ
1815 931 1890 994 ώς
1921 930 2060 1000 ἠρή-

485 1040 632 1091 μωτο
675 1023 774 1092 μὲν
818 1022 970 1093 χώρα
1006 1025 1157 1076 πᾶσα
1207 1027 1300 1077 καὶ
1353 1025 1630 1094 ἄνθρωποι
1664 1025 2056 1094 διεφθείροντο,

479 1115 692 1168 ἐκεῖθεν
720 1115 764 1167 δ’
799 1117 849 1168 οι
895 1115 1239 1186 λελειμμένοι
1269 1119 1406 1186 πρὸς
1437 1119 1505 1171 τὰ
1534 1113 1637 1170 ὧδε
1669 1117 2059 1188 μετῳκίζοντο,

482 1207 576 1259 καὶ
609 1207 705 1260 ὅλα
729 1206 874 1277 νηῶν
905 1207 1247 1276 πληρώματα
1275 1211 1370 1263 καὶ
1400 1210 1594 1282 φορτία
1629 1210 1904 1278 ἄνθρωποι
1933 1212 2061 1276 ἐγει

481 1299 754 1364 γόνεισαν,
786 1298 917 1361 ίδίας
951 1300 1192 1371 ἱστορίας
1219 1301 1410 1372 χρῄζει
1436 1305 1530 1354 καὶ
1570 1304 1628 1355 οὺ
1659 1303 1760 1371 τῆς
1791 1302 2062 1372 τυχούσης

483 1387 621 1456 πρδς
646 1389 904 1456 ἀγγελίαν
934 1390 1198 1461 γλώττης.
1220 1394 1368 1455 Τέως
1391 1391 1446 1444 δὲ
1475 1393 1848 1463 περιγεγονὼς
1878 1396 1905 1446 ὁ
1928 1394 2063 1445 Του-

485 1478 642 1541 ιιτάῖς
665 1478 851 1548 κύριος
882 1479 991 1532 τῶν
1017 1483 1200 1535 τόπων
1241 1483 1500 1553 κατέστη,
1533 1485 1627 1536 καὶ
1658 1485 1718 1537 τὸ
1758 1487 2063 1554 Τοχαρικδν

485 1567 579 1620 ὑπ’
613 1569 805 1639 ἐκείνῳ
832 1571 1062 1637 γίνεται,
1095 1572 1181 1644 [Ρ.
1220 1573 1344 1645 179]
1379 1575 1578 1642 ὀλίγων
1601 1576 1762 1629 τινῶν
1793 1593 2061 1647 προσμει-

483 1660 693 1713 νάντων
719 1661 796 1732 τῷ
830 1664 892 1714 ὲκ
917 1663 1015 1732 τῆς
1062 1662 1334 1733 Ἀλάκκης
1384 1667 1476 1718 τοῦ
1524 1667 1680 1735 Nova
1731 1670 1841 1722 υἱεῖ
1877 1668 2064 1737 Τζακᾷ

484 1750 740 1822 τοῦνομα,
766 1747 846 1816 οἷς
866 1754 932 1824 δὴ
965 1755 1060 1808 καὶ
1091 1755 1311 1826 ἐθάρρει
1343 1759 1550 1821 ἐκεῖνος
1579 1759 1750 1810 ὲπιὼν
1775 1762 1872 1827 τὴν
1901 1759 2062 1812 Βουλ-

2161 568 2290 635 γοῦν
2321 568 2530 620 ἐκείνου
2561 567 2675 629 υίὸς
2701 567 2944 630 Τζακᾶς,
2997 565 3093 618 τοῦ
3124 565 3276 628 Νογᾶ
3318 562 3560 617 ἐκποδὼν
3585 579 3729 629 γεγο-

2161 660 2332 721 νότος,
2377 658 2597 730 eapse»:
2627 661 2741 722 τοῖς
2772 660 2902 729 περ)⁵
2954 657 3116 710 αὑτὸν
3145 657 3474 724 Βουλγάροις
3511 655 3726 724 ὲπέχρα,
3770 683 3772 685 -

2161 752 2299 822 πλὴν
2326 753 2385 804 οὐ
2409 753 2529 820 δίχα
2558 753 2904 822 προφάσεως,
2942 751 3055 805 ἀλλ’
3077 751 3215 821 ἔχων
3241 751 3338 819 τὴν
3369 748 3461 800 τοῦ
3491 746 3723 815 Τερτερῆ

2161 847 2436 915 θυγατέρα
2489 847 2567 908 είς
2618 844 2850 911 σύζυγον
2879 843 3077 912 ἐαυτῷ.
3114 840 3526 910 Προσλαμόὰνει
3559 856 3612 890 τε
3643 838 3729 890 καὶ

2159 937 2252 990 τὸν
2285 937 2486 1006 ταύτης
2515 936 2743 1005 ἀδελφὸν
2775 933 3289 1002 Ὀσφεντίσθλαὸον,
3338 933 3431 984 καὶ
3472 933 3566 982 σὺν
3595 927 3731 997 αὐτῷ

2164 1026 2504 1094 Βουλγάρους
2535 1026 2902 1092 δουλαγωγεῖν
2937 1024 3148 1093 ἢθελεν.
3171 1022 3315 1074 Ἀλλ’
3342 1021 3548 1081 ἐκεῖνος
3579 1019 3730 1086 πένης

2162 1119 2237 1171 ὢν
2267 1119 2472 1189 ἀφνειῷ
2505 1136 2611 1170 τινι
2641 1119 2748 1170 ἀπὸ
2770 1116 3165 1186 πραγματειῶν
3199 1115 3352 1183 ἀνδρὶ
3390 1110 3728 1164 Παντολέοντι

2165 1211 2486 1281 προστυχὼν
2505 1249 2520 1272 ,
2558 1210 2782 1279 εὐγενὴς
2813 1209 2886 1261 ὢν
2916 1209 3010 1261 καὶ
3038 1209 3101 1259 ὲκ
3129 1207 3395 1276 βασιλέως
3423 1204 3627 1271 τυχόντι
3647 1201 3732 1253 καὶ

2167 1304 2351 1374 ἰδιώτῃ
2387 1303 2473 1354 ἐπ’
2503 1303 2732 1371 Ἐγκόνῃ
2751 1301 3076 1368 Μαγκούσου
3105 1299 3247 1360 τινὸς
3279 1298 3532 1365 θυγατρὶ,
3561 1312 3732 1347 τεκνο-

2167 1397 2452 1465 ποιηοεὶσῃ
2507 1396 2674 1448 πάλαι
2733 1396 2798 1462 τῇ
2856 1393 2950 1444 τοῦ
3008 1391 3159 1458 Νογᾶ
3195 1389 3517 1459 Εὑφροσύνῃ
3547 1389 3606 1439 ὲκ
3644 1385 3728 1439 τοῦ

2167 1487 2310 1538 Θείου
2339 1486 2733 1555 βαπτίσματος,
2768 1486 2856 1538 διὰ
2885 1486 2974 1537 τὸν
3003 1483 3230 1536 πλοῦτον
3251 1481 3728 1549 ἐπιγαμϐρεύεται.

2170 1580 2274 1630 Καὶ
2309 1581 2420 1640 τοῖς
2463 1579 2560 1647 μὲν
2595 1578 2925 1645 Βουλγὰροις
2958 1577 3154 1643 δόμασι
3195 1576 3293 1636 τὰς
3323 1573 3550 1640 γνώμας
3581 1587 3732 1623 κατα-

2164 1668 2458 1731 δουλώσας,
2508 1667 2585 1736 τῷ
2617 1667 2805 1737 Τζακᾷ
2856 1666 3012 1728 δὲὼς
3075 1665 3249 1733 κυρίῳ
3299 1662 3601 1732 χρώμενος,
3643 1661 3731 1727 τῆς

2167 1761 2434 1828 Τερνόὸου
2473 1761 2570 1811 σὺν
2606 1760 2798 1827 ἐκείνῳ
2831 1759 3281 1825 ἐπιλαμϐάνεται.
3317 1756 3530 1821 Ὀλίγον
3558 1756 3616 1804 τὸ
3647 1769 3732 1822 με·

486 1845 691 1913 γάρων.
740 1843 799 1897 Ὀ
832 1845 941 1915 γὰρ
973 1845 1254 1917 Τερτερῆς
1289 1851 1385 1901 καὶ
1425 1849 1588 1911 αὐτὸς
1619 1851 1682 1900 ἐκ
1714 1850 1810 1919 τῆς
1831 1826 2064 1919 γάπειλῆς
2099 1826 2138 1878 Β
2168 1826 2324 1914 ταξὺ,
2379 1853 2474 1904 καὶ
2504 1826 2905 1920 ὲνευκαιρήσας
2945 1848 3456 1916 Ὀσφεντίσολαὸος,
3508 1845 3734 1912 Βούλγαο

482 1936 577 1990 τοῦ
606 1938 760 2005 Νογᾶ
791 1938 978 2006 φυγὼν
1020 1939 1364 2009 προσεχώρει
1418 1940 1498 2010 τῷ
1528 1940 1770 2009 βασιλεῖ,
1818 1943 1910 1994 καὶ
1940 1942 2066 2012 περί

485 2045 587 2080 που
612 2027 711 2097 τὴν
755 2027 1069 2097 Ἀνδριανοῦ
1117 2028 1269 2096 διῆγε
1291 2068 1306 2090 ,
1362 2031 1454 2082 τοῦ
1489 2030 1752 2099 βασιλέως
1785 2032 2067 2099 ἀποπροσ-

485 2121 813 2186 ποιουμένου
878 2122 979 2189 τὴν
1017 2121 1278 2185 ἱκετείαν,
1307 2121 1379 2184 ὡς
1405 2123 1471 2174 ἂν
1503 2123 1577 2192 μὴ
1618 2123 1936 2192 πέμψαντος
1971 2123 2065 2176 τοῦ

486 2212 640 2278 Νογᾶ
669 2212 832 2274 αὐτὸς
865 2213 1072 2264 ἐκεῖνον
1101 2211 1243 2264 κατὰ
1274 2213 1335 2264 τὸ
1378 2213 1523 2276 εικδς
1551 2213 1628 2276 ώς
1681 2215 2068 2283 προσφυγόντα

487 2407 598 2460 quo
638 2389 818 2460 Nugas
847 2390 1145 2454 defecerat.
1176 2392 1419 2461 reliquus
1449 2408 1513 2448 ex
1545 2410 1606 2449 ea
1637 2395 1804 2463 stirpe
1840 2395 2066 2450 Tuctais

486 2487 578 2555 jus
613 2487 815 2538 avitum
885 2499 1214 2553 recuperare
1262 2485 1491 2538 tentavit
1550 2497 1802 2555 suscepta
1833 2487 1884 2539 in
1941 2501 2064 2540 eum

489 2576 834 2644 expeditione
863 2592 928 2629 eo
958 2591 1240 2637 successu.
1277 2585 1334 2630 ut
1363 2577 1474 2644 jam
1512 2592 1680 2631 senex
1715 2576 1894 2646 Nogas
1925 2593 2065 2646 prae-

491 2668 564 2721 lio
590 2670 766 2721 vietus
797 2667 959 2738 264
992 2667 1194 2737 ingenti
1229 2667 1370 2721 inter
1428 2670 1880 2724 cruentissimam
1933 2685 2064 2723 suo-

491 2775 611 2812 rum
647 2769 882 2826 stragem
944 2760 1140 2828 ipsein
1195 2760 1313 2813 acie
1364 2760 1656 2814 confossus
1725 2759 2065 2813 occubuerit.

490 2847 612 2914 Quo
646 2850 785 2902 bello
833 2865 956 2914 quae
1018 2863 1215 2918 magna
1264 2848 1542 2918 multaque
1605 2864 1670 2903 ac
1716 2851 1972 2904 memoria
2010 2848 2066 2902 in

491 2941 682 3009 primis
713 2941 871 3009 digna
900 2940 1203 3009 contigere,
1233 2939 1496 2996 desolatis
1554 2941 1715 2995 terris
1774 2941 1882 2994 illis
1940 2942 2063 2994 uni-

490 3033 690 3094 versis,
723 3031 1160 3101 mortalibusque
1205 3035 1383 3086 omnis
1436 3033 1612 3087 :rtatis
1651 3033 2065 3086 innumerabili-

491 3125 594 3179 bus
620 3126 766 3178 varie
789 3121 956 3188 ferro,
979 3123 1144 3188 fame,
1167 3123 1288 3194 fuga
1313 3125 1676 3192 consumptis,
1703 3126 1773 3178 ita
1800 3135 2062 3178 uteorum
2098 3157 2141 3214 ο

492 3216 706 3283 exiguae
737 3214 983 3282 reliquiae
1013 3215 1206 3282 paucis
1228 3219 1334 3269 ltuc
1366 3217 1597 3271 navibus
1621 3217 2060 3284 deportarentur.

495 3308 631 3371 haec,
651 3307 894 3375 inquam,
919 3317 1303 3377 argumentum
1329 3324 1452 3362 esse
1477 3317 1695 3374 possent
1718 3311 1877 3377 justw
1898 3309 2064 3362 histo-

496 3397 610 3460 riae,
649 3413 746 3451 nec
778 3398 1100 3452 indisertum
1140 3398 1205 3451 ad
1235 3398 1484 3452 idoneam
1531 3400 1614 3452 sui
1651 3401 2063 3468 expressionem

495 3491 828 3554 requirentis
859 3489 1208 3559 scriptorem.
1236 3487 1486 3544 Perslitit
1535 3489 1760 3545 Tuctais
1811 3491 1863 3544 in
1904 3494 2066 3546 terris

492 3594 628 3648 quas
652 3581 881 3634 victoria
916 3596 1044 3635 suas
1081 3581 1308 3647 fecerat,
1346 3597 1467 3633 cum
1501 3583 1565 3634 iis
1599 3597 1737 3652 quos
1769 3599 1835 3637 eo
1891 3584 2066 3638 duxe-

491 3680 596 3734 rat,
632 3685 880 3742 quosque
914 3672 1027 3725 illic
1061 3682 1346 3740 repererat
1374 3674 1638 3728 Tocharis
1679 3674 1883 3742 Nogam
1931 3679 2066 3732 alias

492 3763 733 3816 scentis:
764 3777 888 3814 nam
926 3772 980 3815 et
1007 3762 1059 3814 lii
1089 3763 1323 3815 maxima
1357 3781 1419 3816 ex
1459 3776 1610 3832 parte
1639 3766 1829 3818 victori
1857 3783 1915 3820 se
1939 3768 2072 3821 sub-

487 3854 759 3924 jecerunt,
788 3854 977 3921 paucis
1014 3855 1279 3908 duntaxat
1319 3853 1480 3908 ﬁdem
1535 3857 1666 3908 olim
1719 3855 1884 3925 Nogae
1942 3875 2066 3926 pro-

495 3948 719 4000 missam
754 3947 1106 4000 servantibus
1141 3947 1307 4016 hujus
1334 3948 1464 4010 lilio,
1512 3965 1671 4016 quem
1714 3965 1781 4002 ex
1840 3951 2068 4006 muliere

492 4037 686 4092 Alaeca
740 4051 929 4093 vocata
965 4050 1304 4110 susceperat,
1365 4039 1559 4094 Tzacae
1609 4048 1911 4114 nominato.
1970 4043 2066 4098 llis

491 4128 667 4184 Tzaca
710 4129 878 4184 fretus
920 4131 1129 4187 viribus
1183 4134 1237 4185 in
1291 4133 1602 4201 Balgariam
1631 4134 1846 4202 irrupit,
1881 4151 1910 4188 a
1943 4151 2068 4205 rege

493 4231 621 4275 tunc
654 4224 965 4278 destitutam
998 4239 1097 4279 suo
1125 4242 1138 4277 :
1172 4241 1296 4278 nam
1340 4227 1432 4294 qni
1463 4237 1712 4294 regnarat
1770 4228 1885 4281 illic
1932 4228 2064 4282 Ter-

493 4321 659 4377 teres,
689 4314 802 4384 jam
835 4325 993 4369 antea
1031 4317 1196 4370 minis
1249 4318 1426 4371 adhuc
1471 4318 1706 4373 viventis
1738 4317 1903 4389 Noga:
1954 4330 2066 4374 ter-

493 4402 632 4456 ritus
655 4404 979 4473 confugerat
1009 4405 1077 4458 ad
1121 4406 1550 4476 imperatorem;
1606 4425 1714 4476 quo
1769 4427 1874 4463 non
1931 4426 2066 4465 auso

2174 1960 2260 2011 ρος
2288 1940 2364 1993 ὢν
2395 1944 2458 1994 ὲκ
2489 1942 2696 2012 μητρὸς
2725 1944 2772 2008 (ό
2800 1942 2906 2008 γὰρ
2933 1943 3118 2008 πατὴρ
3154 1941 3432 2008 Τερτερῆς
3465 1939 3529 1990 ἐκ
3564 1935 3734 2003 Κομα-

2169 2051 2275 2086 νων
2305 2029 2413 2100 ἦν),
2449 2033 2586 2093 τέως
2615 2032 2671 2084 δέ
2699 2049 2757 2095 γε
2791 2032 2857 2083 τὰ
2889 2033 3115 2082 πλεῖστα
3145 2031 3362 2092 οἰκείως
3414 2028 3545 2094 πρὸς
3581 2027 3731 2078 Βουλ-

2170 2127 2371 2193 γάρους
2403 2124 2542 2192 ὑπὲρ
2565 2123 2653 2175 τὸν
2677 2124 2897 2185 Τζακᾶν
2921 2123 3092 2174 δοκῶν
3140 2123 3306 2190 ἔχειν,
3339 2119 3637 2173 ἐπιτίθεται
3664 2116 3732 2185 τῷ

2169 2214 2406 2284 γαμϐρῷ
2432 2211 2671 2283 ὲπισχὼν
2699 2214 2856 2282 δόλῳ,
2877 2215 2970 2266 καὶ
3007 2213 3272 2281 φυλακαῖς
3298 2211 3571 2281 ἀσφαλέσι
3600 2209 3732 2271 δοὺς,

2173 2393 2246 2446 tia
2282 2393 2590 2446 nobilitatis
2621 2393 2816 2463 inopia:
2839 2394 3149 2447 subsidium
3181 2393 3415 2447 invenit.
3440 2393 3480 2447 C
3508 2409 3570 2446 1n
3601 2392 3729 2445 enim

2172 2486 2310 2539 forte
2335 2486 2616 2540 incidisset
2650 2487 2703 2538 in
2736 2487 3146 2540 Pantoleontem
3177 2486 3469 2555 quemdam
3499 2483 3564 2538 de
3594 2484 3733 2552 plebe

2172 2573 2468 2637 hominem,
2511 2574 2606 2627 sed
2649 2574 2791 2628 felici
2849 2575 3218 2646 negotiatione
3279 2575 3427 2644 longi
3489 2573 3731 2641 temporis

2171 2663 2330 2734 265
2379 2679 2511 2732 opes
2557 2673 2775 2718 nat-tum
2820 2666 3089 2734 ingentes,
3135 2663 3299 2719 facile
3343 2665 3610 2733 persuasit
3650 2663 3735 2716 ob-

2171 2770 2336 2809 scuro
2374 2767 2428 2810 et
2460 2756 2672 2824 privato
2707 2757 2873 2824 regiis
2911 2757 3190 2811 natalibus
3236 2757 3562 2825 praefulgens
3596 2756 3736 2824 juve-

2173 2849 2258 2902 nis
2309 2857 2368 2901 ιιι
2409 2847 2649 2900 oblatam
2698 2863 2884 2902 secum
2929 2848 3245 2902 aliinitatem
3303 2850 3460 2918 longe
3499 2847 3733 2902 omnibus

2174 2939 2592 3006 prazlrabendam
2621 2939 3029 2994 conditionibus
3057 2940 3305 2994 duceret.
3333 2938 3538 2994 Carens
3568 2937 3734 2990 liberis

2170 3027 2466 3081 Pantoleon
2499 3029 2732 3097 puellam
2787 3030 2894 3084 sibi
2949 3031 3449 3100 consanguineam,
3498 3029 3730 3082 Encouen

2177 3121 2417 3182 nomine,
2444 3135 2472 3172 e
2501 3118 2762 3174 Mancuso
2791 3122 3028 3188 quodam
3065 3130 3248 3175 natam
3284 3133 3340 3176 et
3367 3125 3497 3177 olim
3526 3139 3554 3176 e
3591 3136 3732 3176 sacro

2179 3210 2437 3278 baptismi
2485 3210 2633 3263 fonte
2683 3219 2995 3280 susceptam
3053 3213 3122 3267 ab
3176 3213 3536 3284 Euphrosyne
3590 3211 3734 3279 Nega

2177 3304 2428 3372 conjuge,
2461 3318 2525 3356 ac
2568 3304 2691 3356 inde
2721 3306 2789 3357 ab
2817 3305 2906 3358 illa
2960 3320 3110 3360 more
3148 3307 3421 3373 majorum
3477 3307 3595 3359 ﬁliae
3628 3306 3735 3357 loco

2180 3391 2454 3455 habitam,
2501 3392 2870 3446 destinaverat
2926 3394 3221 3448 ltasredem.
3280 3395 3431 3450 lianc
3473 3396 3572 3451 sibi
3620 3394 3736 3446 ado-

2178 3494 2403 3550 ptatam,
2441 3495 2554 3536 toto
2590 3486 2641 3536 in
2676 3485 2856 3538 dotem
2896 3487 3158 3553 imputate
3197 3490 3552 3555 patrimonio,
3582 3488 3737 3540 liben-

2179 3577 2387 3629 tissime
2433 3576 2724 3646 conjugetn
2776 3577 2924 3629 dedit
2972 3578 3174 3645 petenti
3221 3577 3732 3648 Ospbentistlrlabo;

2176 3667 2266 3732 qui
2304 3675 2524 3734 repente
2555 3667 2706 3720 dives
2735 3667 2903 3721 dotali
2950 3671 3202 3736 pecunia,
3250 3683 3574 3726 numeratus
3605 3669 3732 3723 haud

2180 3772 2340 3824 pztl‘t'e
2387 3759 2678 3826 plerosque
2723 3757 3236 3826 Bulgaroststudia
3287 3764 3395 3817 sibi
3453 3779 3633 3818 eorum
3677 3759 3735 3814 ad

2177 3848 2620 3910 suﬂragationem
2646 3853 2989 3920 principatus
3017 3867 3081 3906 eo
3113 3857 3471 3922 propensiora
3499 3856 3736 3910 concilia-

2179 3943 2274 4004 vit,
2304 3941 2453 4017 qnotl
2485 3940 2602 4010 ipse
2649 3955 2899 3998 materno
2940 3961 3139 4012 genere
3174 3945 3446 4019 Bulgarus
3480 3952 3618 4022 (nam
3649 3963 3733 4018 pa-

2179 4040 2260 4083 ter
2289 4031 2410 4099 ejus
2442 4030 2535 4086 Ter
2554 4041 2699 4087 teres
2747 4050 2776 4088 e
2805 4035 3068 4091 Cumanis
3097 4039 3240 4106 erat)
3277 4050 3491 4096 natura:
3521 4059 3581 4095 ac
3621 4056 3734 4095 saa-

2175 4123 2355 4193 guinis
2396 4127 2802 4188 communione,
2832 4142 2954 4196 quae
2987 4131 3053 4182 ad
3088 4131 3420 4188 cbaritatem
3458 4136 3592 4189 valet
3621 4135 3726 4204 plu-

2176 4217 2396 4282 rimum,
2449 4218 2627 4285 gentis
2698 4220 2847 4273 illius
2895 4220 3180 4278 affectibus
3244 4230 3722 4284 commendaretur.

2177 4307 2525 4378 Sequebatur
2571 4312 2660 4365 ille
2697 4313 2914 4367 interim
2953 4315 3145 4371 Tzacae
3194 4318 3495 4386 fortunam,
3533 4339 3647 4378 eum
3679 4328 3729 4373 ut

2176 4401 2458 4453 dominum
2495 4418 2786 4464 venerans,
2819 4419 2882 4456 ae
2909 4404 3158 4460 videlicet
3184 4423 3282 4477 pro
3314 4413 3504 4466 intima
3537 4428 3651 4466 eum
3674 4426 3730 4463 eo

493 4506 618 4544 eum
645 4493 954 4557 admittere,
993 4510 1059 4548 ne
1087 4495 1388 4563 repetituro
1425 4511 1548 4548 mox
1571 4495 1734 4566 Noga».
1768 4499 2065 4566 supplicem
2097 4508 2147 4568 ι)
2178 4499 2233 4542 ιιι
2270 4509 2382 4545 aut!)
2406 4495 2616 4547 sororis
2651 4495 2769 4547 viro
2806 4499 3214 4554 necessitudine
3243 4505 3575 4574 praecipuum
3601 4502 3726 4572 apud

491 4583 729 4652 prodere
763 4593 1048 4652 cogeretur
1078 4597 1222 4640 metu
1257 4588 1396 4639 iram
1439 4587 1558 4654 ejus
1589 4597 1642 4640 et
1675 4603 1824 4642 arma
1859 4590 1912 4642 in
1943 4607 2066 4645 sese

491 4675 1028 4731 concitandi.miser
1076 4677 1295 4731 interim
1353 4676 1610 4734 Tt-rteres
1665 4679 1861 4734 alicubi
1919 4681 2066 4735 circa

491 4766 904 4834 Adrianopolim
988 4767 1209 4820 latitans
1274 4767 1528 4836 degebat.
1579 4770 1647 4821 At
1716 4768 1890 4824 Tzaca
1944 4786 2066 4825 cum

435 4904 438 4905 ,
495 4858 582 4912 bis
607 4873 744 4927 quas
781 4857 893 4911 dixi
923 4856 1098 4925 copiis
1132 4848 1186 4910 in
1214 4857 1475 4927 Bulgaros
1525 4861 1746 4914 irruens
1797 4863 2070 4932 subjicere

498 4950 600 5003 bos
625 4949 728 5003 sibi
763 4949 1032 5010 Ientabal,
1055 4948 1149 5017 jus
1173 4950 1446 5018 quoddam
1480 4951 1544 5004 ad
1599 4954 1750 5023 regni
1792 4955 1907 5022 ejus
1940 4969 2070 5009 suc-

496 5041 800 5096 cessionem
825 5040 892 5094 ab
917 5041 1348 5106 uxoretralrens,
1388 5043 1616 5098 habebat
1635 5045 1778 5098 enim
1803 5046 1856 5099 in
1881 5047 2074 5100 matri-

497 5129 940 5185 moninTerteris
969 5131 1354 5197 filiam.Quare
1385 5143 1440 5187 ut
1463 5149 1581 5188 eam
1609 5152 1758 5204 spem
1777 5139 1948 5207 magis
1973 5139 2070 5192 fir-

498 5231 693 5283 maret,
730 5233 993 5291 tantoque
1043 5225 1108 5277 ad
1139 5241 1196 5278 se
1227 5227 1474 5280 alliceret
1533 5228 1810 5285 efﬁcacius
1853 5240 2068 5299 gentem

502 5312 866 5382 Bulgaricam,
892 5314 1436 5383 Osplrentisthlabum
1465 5319 1567 5374 sibi
1593 5321 1862 5388 adjunxit,
1881 5322 2070 5377 uxoris

499 5422 612 5460 sua:
667 5404 913 5469 fratrem,
952 5409 1072 5474 ejus
1103 5409 1246 5476 apud
1303 5411 1594 5480 populares
1634 5413 1704 5466 ob
1729 5414 1956 5482 stirpem
1985 5430 2073 5468 re-

501 5498 642 5566 giam
666 5497 803 5566 grati
827 5498 1134 5565 profecturo
1148 5502 1250 5554 sibi
1277 5503 1460 5556 favore
1483 5505 1764 5562 conlidens
1787 5515 2072 5558 assecdtu-

503 5605 621 5643 rum
653 5607 775 5644 esse
806 5602 862 5642 ut
907 5606 1133 5660 regnum
1178 5605 1373 5662 sponte
1427 5596 1574 5649 istud
1607 5597 1925 5650 universum
1961 5611 2073 5651 suae

499 5682 674 5744 ipsius
697 5681 892 5736 ditioni
944 5685 1186 5740 cederet.
1244 5687 1372 5740 Erat
1421 5689 1507 5743 liic
1551 5689 2072 5759 Osphentistlrlabus

499 5785 664 5840 egens
691 5773 910 5842 quidem
940 5790 1036 5842 per
1057 5792 1179 5832 sese
1202 5777 1464 5844 pecunias,
1493 5788 1747 5832 eteterum
1781 5779 2069 5832 abundan-

2176 4584 2324 4635 illum
2350 4585 2538 4653 gratiae
2564 4586 2743 4639 locum
2770 4588 3046 4644 obtinens.
3071 4589 3224 4647 Unde
3248 4594 3391 4649 intra
3415 4595 3728 4656 Tcrnobum,

2174 4677 2361 4730 urbem
2413 4678 2616 4746 regiam
2670 4679 2960 4750 Bulgaria,
3016 4683 3166 4736 illmn
3213 4699 3464 4754 secutus,
3519 4697 3568 4741 et
3618 4687 3729 4754 ejus

2172 4767 2410 4834 regimen
2459 4767 2691 4834 primum
2734 4772 2894 4839 quasi
2933 4772 3125 4828 alienis
3165 4791 3427 4833 exercens
3463 4777 3726 4844 auspiciis.

2172 4863 2378 4912 sensim
2414 4861 2480 4912 ad
2523 4874 2582 4913 se
2611 4861 2722 4913 vim
2765 4863 2978 4932 imperii
3013 4868 3261 4932 attraxit,
3293 4870 3464 4924 donec
3509 4870 3730 4923 fat-tione

2166 4950 2276 5019 jam
2324 4952 2459 5004 satis
2507 4951 2740 5015 ﬁrmata,
2777 4952 3008 5010 Tzacatn
3043 4961 3385 5027 cognationis
3429 4962 3616 5015 fiducia
3647 4974 3728 5012 se-

2172 5057 2365 5096 turum
2406 5044 2701 5108 improviso
2747 5047 2974 5104 adortus
3019 5054 3454 5120 comprehendit,
3519 5063 3728 5120 tutaque

2173 5138 2350 5189 tenuit
2377 5135 2693 5203 aliquandiu
2735 5141 3007 5206 custodia,
3040 5145 3256 5198 tandem
3293 5145 3493 5200 Jttdteis
3537 5146 3598 5198 ad
3629 5157 3724 5196 cte-

2173 5226 2293 5280 dem
2324 5226 2592 5279 ministris
2624 5241 2779 5292 usus,
2811 5231 3000 5286 clauso
3034 5233 3089 5286 in
3114 5249 3334 5290 carcere
3363 5235 3546 5290 fauces
3566 5231 3720 5294 elisit;

2171 5317 2510 5371 Joacbimum
2562 5333 2781 5387 quoque
2829 5322 2938 5376 illic
2987 5325 3378 5392 patriarclram,
3425 5332 3720 5394 suspectum

2173 5409 2327 5477 quasi
2359 5410 2586 5477 prodere
2615 5408 2921 5478 Bulgariam
2955 5413 3221 5471 Tocltaris
3248 5426 3502 5483 tentaret,
3537 5414 3720 5485 prteci-

2175 5500 2310 5567 pitio
2359 5500 2615 5564 necavit;
2671 5508 2835 5569 atque
2889 5504 3082 5559 horum
3137 5509 3404 5562 scelerum
3461 5517 3718 5563 tantorum

2176 5591 2456 5660 praemium
2509 5602 2732 5658 repente
2780 5595 3024 5662 opimum
3068 5597 3333 5670 Bulgaria:
3365 5601 3527 5654 totius
3555 5594 3719 5652 domi-

2179 5695 2363 5736 natum
2417 5685 2563 5740 tulit.
2617 5688 2786 5754 Cujus
2829 5694 3092 5760 paulatim
3141 5712 3200 5751 se
3255 5693 3718 5751 corroborantibus

2177 5779 2560 5848 progressibus
2603 5781 2874 5838 obsistere
2899 5795 3130 5851 mature,
3177 5787 3230 5841 id
3258 5804 3286 5844 e
3333 5804 3389 5842 re
3419 5804 3512 5842 sua
3558 5793 3714 5842 ratus.
