4018 6430
292 354 400 419 993

1256 353 1353 413 DE
1395 351 1838 412 ANDRONICU
1877 349 2340 411 PALEOLOGO
2381 350 2527 413 LIB.
2578 349 2692 409 ΙΙΙ.

3472 348 3582 419 294

289 467 518 535 ὕστερον
554 462 832 526 Ἰουδαίοις
872 462 1175 534 ὑπηρέταις
1210 466 1304 517 καὶ
1329 459 1412 529 οἷς
1456 463 1536 526 εἰς
1564 462 1635 516 τὰ
1660 461 1883 516 τοιαῦτα
1913 482 1956 536 Α
1986 463 2052 531 τῇ
2080 460 2174 514 τοῦ
2204 459 2468 530 Σμίλτζου
2499 458 2718 529 συζύγῳ
2766 457 3119 528 προσϐάλλει.
3173 458 3441 529 Σμίλτζου
3478 461 3579 515 τιῦ

287 553 517 624 eaepse:
566 553 947 624 χρησάμενος,
1001 554 1293 621 ἀποπνίγει
1329 552 1741 624 κεκλεισμένον,
1782 554 1878 606 καὶ

282 645 380 698 τὸν
415 644 547 715 τῇδε
575 644 1019 715 πατριαρχοῦντα
1046 645 1305 713 Ὶωακεὶμ
1335 644 1778 713 κατεκρήμνισεν
1799 640 1876 704 ὡς

283 736 433 804 σφᾶς
468 734 764 803 προδοῦναι
802 733 1068 804 Τοχάροις
1127 734 1193 786 τὸ
1237 733 1405 787 πάλαι
1437 730 1873 796 ὑποπτευθέντα,

281 829 378 880 καὶ
405 826 581 891 οὕτως
608 827 667 894 ἐξ
691 827 1020 895 ἀλαστορίας
1045 824 1213 896 τόσης
1230 824 1338 878 τῶν
1365 824 1504 878 ὅλων
1528 822 1719 893 κύριος
1737 821 1877 891 γίνε.

278 937 397 973 ται.
436 920 545 972 Καὶ
576 919 698 976 κατ’
728 917 910 986 ὀλίγον
938 917 1249 988 προϐαίνων
1279 911 1659 985 κραταιοῢται,
1696 915 1745 966 εἰ
1772 913 1870 967 καὶ

279 1011 500 1079 φθάσας
529 1011 559 1063 6
583 1009 837 1079 βασιλεὺς
864 1009 971 1079 πρὸ
995 1007 1090 1061 τοῦ
1118 1008 1324 1060 ἐκεῖνον
1357 1005 1495 1069 ὅλως
1529 1003 1878 1076 κραταιωθῆ-

275 1120 395 1166 ναι,
420 1100 541 1153 λτῶν
571 1100 897 1170 Βουλγάρων
928 1097 1259 1168 πεμψάντων
1286 1097 1379 1149 καὶ
1404 1097 1497 1148 τὸν
1519 1097 1582 1148 ἐκ
1598 1095 1694 1147 τοῦ
1723 1096 1881 1149 Κων-

279 1193 572 1247 σταντίνου
610 1191 727 1245 υἱὸν
756 1191 856 1261 τῆς
900 1189 1122 1260 Μαρίας
1173 1187 1484 1258 ζητούντων
1518 1189 1600 1249 είς
1652 1185 1879 1257 βασιλέα

274 1285 376 1337 διὰ
410 1284 471 1336 τὸ
510 1284 754 1350 ἐξάντεις
794 1280 894 1352 ἤδη
951 1280 1215 1350 φανείσης
1267 1271 1579 1349 Τοχαρικῆς
1628 1276 1875 1342 ἐξουσίας

272 1375 536 1444 γίνεσθαι
570 1373 879 1446 βούλεσθαι,
922 1371 1242 1425 ἀποστέλλει
1271 1370 1363 1423 τὸν
1401 1369 1642 1438 Μιχαὴλ,
1688 1368 1748 1431 ὃς
1782 1367 1878 1419 καὶ

273 1468 443 1522 οὐδὲν
465 1466 626 1520 πλέον
649 1466 775 1535 ἔσχε
796 1463 1128 1535 Βουλγάροις
1179 1462 1406 1523 ἐπιστὰς
1437 1462 1469 1532 ἦ
1509 1462 1570 1514 τὸ
1603 1460 1707 1527 ἔξω
1732 1461 1875 1527 Τερ-

272 1559 448 1613 νόόου
473 1554 908 1629 περιπλανᾶσθαι
938 1556 1031 1608 καὶ
1086 1553 1199 1624 βίον
1227 1552 1436 1625 τρίὸειν
1472 1551 1742 1607 ιδιωτικοῦ
1778 1549 1877 1620 μὲν

273 1651 351 1712 οὐ
384 1650 594 1722 πόρρω,
624 1648 761 1708 τέως
790 1646 848 1700 δὲ
882 1645 1131 1717 βασιλείᾳ
1156 1645 1364 1715 ἣκιστα
1392 1644 1698 1713 πρέποντα.
1730 1641 1875 1696 Ἀλλ’

274 1744 435 1798 οὕτω
470 1741 570 1813 μὲν
593 1736 1108 1807 Ὀσφεντίσθλαὸος,
1137 1737 1195 1801 ὃς
1225 1738 1323 1789 καὶ
1353 1736 1492 1807 μετά
1519 1736 1750 1805 χρόνους
1779 1732 1874 1786 τοῦ

1982 553 2088 623 πρὸ
2114 553 2297 621 ὀλίγου
2329 555 2420 605 καὶ
2464 551 2631 604 αὐτοῦ
2667 551 3000 621 Βουλγάρων
3032 550 3294 625 ἄρξαντος
3326 552 3578 625 βουλήσει

1982 645 2139 714 Νογᾶ
2169 644 2506 713 ἀποδράντος
2536 642 2628 697 τοῦ
2681 644 2948 715 Τερτερῆ,
2977 646 3027 698 εἰ
3059 646 3153 698 καὶ
3191 645 3329 715 μετά
3381 648 3580 717 μικρδν

1979 738 2069 793 διά
2116 737 2176 791 τὸ
2231 738 2395 807 κῆδος
2451 739 2546 790 καὶ
2594 736 2685 789 τὸν
2741 737 2964 800 Τζακᾶν
3020 736 3451 807 προτιμηθέντος
3483 738 3578 792 τοῦ

1998 828 2487 898 Ὀσςοεντισυλάὁου
2523 828 2661 898 μετά
2696 829 2786 881 τὸν
2832 829 3052 890 Τζακᾶν
3090 828 3319 898 φροῦδος
3350 832 3378 883 6
3413 828 3579 906 Σμίλα

1985 919 2116 984 τζος
2169 920 2400 988 γίνεται.
2447 918 2581 972 Τότε
2638 921 2819 971 τοίνυν
2858 920 2923 973 ἐκ
2973 920 3377 990 Θεσσαλονίκης
3425 920 3580 996 παρὰ

1982 1011 2248 1081 βασιλέως
2300 1012 2701 1073 ἀποσταλέντες
2753 1012 2801 1063 οἱ
2837 1011 2968 1081 περὶ
3025 1012 3116 1065 τὸν
3159 1012 3557 1072 Ῥαδοσολάὃον

1960 1107 2083 1159 ’σὺν
2111 1107 2225 1168 τοῖς
2274 1107 2571 1175 μεγιστᾶσι
2616 1105 2707 1158 τοῦ
2756 1105 3048 1174 βασιλέως,
3097 1106 3430 1178 Βουλγάροις
3465 1110 3580 1171 τοῖς

1980 1198 2111 1268 περὶ
2135 1199 2226 1249 τὸν
2260 1196 2565 1267 Ἐλτιμηρῆ
2598 1196 3002 1272 προσὸἀλλουσι
3032 1199 3174 1251 κατά
3201 1199 3293 1251 τὸν
3331 1200 3595 1268 Κρουνὸν·

1984 1288 2127 1350 ἰδίως
2160 1287 2434 1358 ἄρχον-ια’
2472 1287 2592 1339 καθ’
2639 1282 2714 1341 ὧν
2746 1289 2908 1351 αὐτὸς
2952 1288 3308 1358 ἀριστεύσας,
3348 1289 3440 1343 τὸν
3477 1290 3577 1357 μὲν

1981 1379 2466 1450 σεδαστοκρὰτορα
2517 1377 2880 1446 ὲκτυφλώσας
2911 1378 3124 1431 στέλλει
3159 1380 3310 1448 παρὰ
3346 1380 3603 1449 βασιλέα·

1982 1469 2117 1540 πρὸς
2146 1469 2245 1537 τὴν
2266 1469 2474 1523 οἰκείαν
2502 1468 2667 1523 αὐτοῦ
2703 1470 2955 1539 σύζυγον,
2982 1472 3107 1534 τοὺς
3135 1471 3190 1524 δέ
3220 1488 3280 1540 γε
3319 1473 3582 1540 μεγιστᾶ-

1982 1576 2082 1622 νας
2122 1559 2410 1629 Ῥωμαίων
2434 1561 2915 1638 Ὀσφεντισθλάϐιρ
2954 1563 3189 1631 πέμπει,
3250 1561 3343 1626 οὒς
3374 1563 3438 1632 δὴ
3481 1562 3579 1615 καὶ

1983 1652 2230 1720 κατέχων
2276 1653 2483 1715 ἐκεῖνος
2536 1652 2596 1706 οὐ
2644 1654 2910 1723 πρῦτερον
2939 1655 3175 1725 διαφῆκε
3207 1657 3336 1724 πρὶν
3388 1653 3454 1707 ἂν
3482 1655 3575 1709 τοῦ

1981 1740 2186 1811 πατρὸς
2201 1741 2446 1812 Τερτερῆ
2477 1743 2628 1815 παρὰ
2652 1742 2917 1813 βασιλέως
2942 1746 2975 1814 ὴ
2985 1762 3049 1814 με
3060 1744 3236 1813 ίψατο.
3265 1745 3375 1797 Καὶ
3399 1743 3576 1811 οὕτως

280 1835 428 1888 ἰδίου
456 1830 662 1902 πατρὸς
686 1826 931 1900 Τερτερῆ
964 1827 1190 1890 πολλοὺς
1214 1827 1324 1881 τῶν
1343 1825 1437 1879 τοῦ
1455 1825 1718 1880 παλατίου
1751 1825 1877 1879 ἀντι
1908 1835 1951 1887 Β
1982 1833 2099 1903 ἅμα
2135 1835 2233 1904 μὲν
2258 1833 2508 1887 ἐντεῦθεν
2530 1835 2558 1888 6
2593 1835 2890 1906 Τερτερῆς,
2917 1835 3035 1904 ἅμα
3073 1836 3115 1889 δ’
3151 1838 3361 1890 ἐκεῖθεν
3393 1838 3442 1890 οι
3473 1854 3572 1906 με-

278 1921 544 1996 ἤλλαξεν.
596 1919 686 1992 [Ρ.
719 1916 848 1990 180]
891 1916 950 1972 '0
979 1917 1091 1988 γὰρ
1120 1918 1228 1970 τῶν
1257 1915 1588 1985 Βουλγάρων
1618 1914 1877 1968 σεϐαστο-

278 2017 519 2088 κράτωρ
584 2009 971 2075 Ῥαδοσθλάὅος
1022 2009 1234 2081 βασιλεῖ
1291 2008 1727 2080 προσχωρήσας,
1784 2005 1879 2060 καὶ

280 2109 423 2180 παρ’
448 2104 617 2160 αὐτοῦ
641 2104 707 2175 δὴ
733 2103 810 2170 είς
830 2102 892 2157 τὸ
918 2103 1016 2173 τῆς
1047 2102 1613 2174 σεϐαστοκρατορείας
1639 2099 1877 2171 βεϐαιω-

283 2203 408 2263 οεὶς
433 2198 680 2267 ἀξίωμα,
709 2196 899 2265 γένους
939 2194 1017 2247 ὢν
1048 2193 1143 2247 τοῦ
1180 2195 1490 2264 πρωτίστου
1524 2192 1679 2264 παρά
1708 2191 1879 2244 Βουλ-

282 2292 484 2362 γάροις
527 2289 630 2361 (τῷ
674 2288 782 2358 γὰρ
830 2285 1079 2357 Σμίλτζῳ
1125 2285 1221 2339 καὶ
1257 2281 1612 2354 ὼμαιμόνει),
1660 2279 1882 2350 σύναμα

284 2383 570 2443 πλείστοις
593 2378 890 2449 Ἐλτιμηρῇ
921 2377 1063 2430 κατὰ
1090 2377 1181 2428 τὸν
1206 2375 1446 2446 Κρουνὸν
1472 2373 1762 2442 δεσποτεία
1783 2388 1876 2424 τε·

285 2474 604 2554 τιμημένῳ,
638 2469 853 2545 ἀδελφῷ
882 2486 945 2538 γε
967 2468 1081 2521 liv-rt
1108 2467 1203 2521 τοῦ
1231 2467 1501 2540 Τερτερῆ,
1529 2467 1623 2520 atati.
1650 2465 1789 2537 αὐτῇ
1814 2461 1880 2534 δὴ

293 2658 598 2728 imperator
620 2650 871 2714 studens,
896 2656 1118 2718 arrepta
1146 2649 1379 2703 libenter
1402 2647 1698 2702 occasione
1730 2646 1879 2715 lega-

296 2747 465 2803 tionis
506 2744 574 2799 ad
601 2758 661 2800 se
692 2742 879 2796 missa:
909 2739 1272 2810 quorumdam
1313 2741 1693 2812 Bulgarorum,
1729 2739 1878 2793 Con-

297 2838 527 2902 stantini
574 2834 856 2907 quondam
912 2832 1159 2903 ipsorum
1214 2833 1358 2903 regis
1377 2849 1445 2888 ex
1494 2831 1662 2886 Maria
1709 2830 1877 2884 ﬁlium

297 2932 353 2985 in
375 2943 554 2998 regem
581 2924 952 2996 poscentium,
975 2932 1029 2977 et
1047 2923 1213 2997 266
1233 2932 1449 2993 tempus
1468 2932 1655 2992 aptum
1690 2920 1881 2977 existi-

305 3021 565 3083 mantium
607 3014 951 3075 restituendo
999 3014 1129 3069 huic
1182 3016 1239 3069 in
1285 3022 1577 3085 paternum
1623 3027 1877 3082 regnum,

307 3113 524 3183 quando
542 3127 635 3169 res
657 3111 1041 3167 Tocharorum
1067 3108 1412 3164 infensorum
1447 3106 1553 3177 ipsi
1584 3105 1880 3160 confirma-

311 3163 633 3183 τ--η--ν-ν-
667 3163 1018 3167 -ν---ν--νρ
1095 3163 1099 3164 ν
1471 3163 1486 3177 .

299 3215 368 3259 ta:
387 3203 629 3259 nondum
652 3211 813 3260 erant
835 3203 891 3258 in
917 3202 1134 3274 plenum
1155 3200 1329 3255 robur
1354 3215 1417 3254 ex
1455 3214 1728 3254 concussu
1749 3196 1879 3252 belli
1906 3163 1948 3221 ο

291 3295 633 3351 atrocissimi
671 3294 873 3360 civilis,
925 3295 1087 3363 cujus
1132 3301 1410 3360 utcunque
1436 3290 1616 3345 victor
1654 3286 1882 3343 Tuctais

289 3398 347 3445 et
370 3388 582 3444 multos
613 3388 875 3443 amiserat
897 3399 1147 3453 suorum,
1174 3389 1230 3440 et
1247 3383 1400 3452 regio
1418 3395 1583 3452 quam
1607 3377 1883 3435 vincendo

291 3479 639 3555 acquisierat
688 3484 905 3533 vastata
955 3475 1311 3542 desolataque
1338 3473 1393 3527 in
1440 3472 1665 3542 longum
1703 3469 1883 3524 adhuc

294 3582 518 3644 tempus
558 3578 799 3633 erat,—
826 3567 1007 3636 hujus,
1062 3567 1313 3636 inquam,
1362 3564 1689 3619 invitatione
1734 3562 1883 3632 lcga-

296 3666 468 3720 tionis
519 3662 844 3719 Michaelem
897 3658 967 3715 ad
1009 3658 1305 3728 Bulgaros,
1351 3665 1512 3724 prout
1556 3653 1880 3725 poscebant,

292 3756 471 3812 misit.
507 3754 576 3808 Et
619 3752 871 3824 pervenit
896 3751 990 3806 ille
1037 3750 1261 3820 quidem
1310 3749 1366 3802 in
1401 3745 1750 3817 Bulgariam:
1781 3760 1885 3799 ca:—

296 3859 480 3904 ternm
524 3847 668 3903 haud
711 3855 934 3915 paratas
969 3843 1082 3898 illic
1115 3857 1216 3914 pro
1247 3849 1376 3896 voto
1399 3855 1487 3894 res
1532 3838 1757 3909 reperit,
1796 3838 1883 3893 fa-

296 3942 483 3996 ctione
506 3953 632 4010 quaz
657 3938 813 3992 illum
853 3936 1187 3992 accersierat
1219 3947 1332 3989 non
1359 3931 1573 3987 valente
1603 3932 1659 3987 in
1691 3931 1880 3984 urbem

297 4034 509 4103 regiam
538 4046 666 4087 eum
716 4027 1098 4085 introducere.
1151 4025 1333 4092 Quare
1372 4022 1598 4078 Michael
1640 4032 1884 4077 tantum-

298 4127 467 4182 modo
522 4138 728 4193 vagans
772 4130 929 4177 extra
963 4120 1274 4176 Ternobum
1317 4119 1483 4175 vitam
1532 4118 1723 4189 agebat
1770 4132 1881 4171 non

300 4219 538 4272 multum
565 4216 778 4288 privata
808 4214 1122 4277 clariorem,
1154 4220 1304 4268 certe
1332 4225 1362 4266 a
1389 4208 1704 4281 principalis
1735 4205 1885 4260 fasti-

299 4311 378 4381 gii
423 4308 722 4379 splendore
769 4306 1067 4375 plurimum
1118 4303 1463 4360 deiicientem
1512 4318 1577 4358 ac
1608 4298 1882 4370 maiestati

302 4403 467 4471 regia:
502 4400 728 4485 minime
776 4397 1060 4460 decoram,
1105 4412 1295 4451 rerum
1348 4396 1456 4451 illic
1492 4394 1665 4448 nihilo
1703 4392 1883 4450 secius

1979 1925 2235 1992 γιστᾶνες
2278 1924 2570 1995 Ῥωμαίων
2603 1926 2685 1988 είς
2728 1925 2859 1979 δέκα
2895 1927 2990 1980 καὶ
3033 1929 3184 1995 τρεῖς
3239 1925 3571 1997 ποσούμενοι

1978 2014 2298 2069 ἀπελύοντο.
2326 2016 2401 2069 Οὐ
2448 2017 2555 2086 μὴν
2573 2015 2630 2068 δὲ
2655 2017 2749 2070 καὶ
2782 2016 3073 2071 ἀπολαϐὼν
3103 2017 3195 2070 τὸν
3220 2019 3436 2087 πατέρα
3459 2019 3486 2070 6
3512 2018 3572 2084 ἐξ

1978 2106 2146 2163 αὐτοῦ
2175 2106 2455 2178 βασιλικῆς
2487 2107 2648 2172 ἀξίας
2679 2108 2971 2178 ὲπέὀησεν,
3004 2108 3138 2162 ἀλλά
3177 2110 3278 2180 μιᾷ
3306 2109 3416 2161 τῶν
3445 2109 3570 2162 καθ’

1978 2199 2141 2253 αὑτὸν
2166 2199 2375 2253 πόλεων
2403 2198 2784 2275 περικλείσας,
2820 2198 2895 2262 ὡς
2940 2195 3076 2271 ἧκεν
3126 2201 3259 2269 ἡμῖν
3298 2201 3331 2271 ἠ
3363 2203 3571 2265 πίστις,

1979 2291 2351 2360 ἀπραγμόνως
2402 2289 2503 2361 ζῇν
2548 2290 2607 2344 ὲν
2657 2292 2890 2361 τρυφαῖς
2927 2289 2990 2360 δὴ
3027 2292 3123 2343 καλ⁸
3157 2290 3347 2359 μόναις
3392 2307 3570 2362 παρεο

1982 2386 2269 2437 σκευάκει.
2321 2382 2433 2437 Καὶ
2479 2383 2508 2436 6
2557 2381 2656 2453 μὲν
2700 2382 3190 2451 Ὀσφεντίσθλαϐος
3222 2384 3418 2446 ταῦτα,
3474 2386 3571 2440 ἐπὶ

1980 2472 2153 2544 νηπία
2182 2475 2249 2543 τῇ
2280 2471 2468 2543 ἡλικία
2499 2472 2597 2525 καὶ
2631 2471 2966 2542 συνειρχθεὶς
2997 2474 3063 2544 τῇ
3096 2475 3272 2544 μητρὶ
3303 2472 3450 2527 κατὰ
3475 2470 3577 2527 Νί-

1981 2653 2313 2707 substitutus
2370 2665 2400 2704 a
2451 2650 2601 2721 Noga
2673 2651 2979 2721 transfugae
3035 2653 3103 2708 ad
3178 2654 3572 2723 imperatorem

1980 2741 2226 2797 Ter-teri:
2268 2741 2365 2796 sed
2396 2742 2535 2795 solio
2586 2751 2834 2797 cesserat
2863 2742 3036 2795 Tzaca
3075 2744 3313 2812 primum
3362 2760 3572 2815 praeva-

1982 2835 2168 2900 lente;
2204 2849 2330 2888 mox
2376 2848 2404 2887 a
2440 2833 2865 2889 subinsinuanie
2909 2849 3031 2890 sese
3079 2835 3574 2904 Osphentisthlabo

1982 2924 2150 2987 initio
2179 2924 2399 2994 quidem
2452 2922 2664 2988 Tzacaa,
2710 2924 2799 2979 cui
2834 2925 3084 2994 parebat,
3132 2927 3333 2997 gratia,
3378 2927 3575 2983 deinde

1980 3015 2186 3084 Opibus
2218 3014 2496 3070 dotalibus
2524 3014 2759 3069 conﬂata
2804 3016 3044 3071 factione
3080 3016 3314 3072 Tzacam
3353 3034 3576 3089 quoque

1984 3105 2163 3175 ipsum
2220 3106 2540 3177 dejiciente.
2593 3106 2841 3162 funditus
2891 3123 3122 3165 eversus
3166 3119 3492 3181 amotusque
3540 3127 3573 3166 e

1985 3198 2165 3252 medio
2207 3197 2410 3252 fuerat.
2445 3197 2602 3252 Hunc
2628 3214 2757 3268 ergo
2789 3197 3231 3255 Radostblabum
3274 3203 3575 3272 imperator

1983 3300 2275 3361 postquam
2301 3291 2369 3345 ad
2400 3306 2523 3346 sese
2555 3292 2967 3360 confugientem
2999 3295 3309 3364 excepisset
3352 3297 3576 3352 honori-

1985 3383 2107 3447 fice,
2156 3398 2222 3439 ac
2270 3384 2320 3439 ei
2368 3384 2924 3441 sebastocratoricam
2982 3387 3365 3442 conﬁrmasset
3423 3397 3575 3458 pote-

1987 3483 2209 3539 statem,
2243 3475 2501 3529 idoneum
2536 3482 2687 3530 ratus
2722 3476 3110 3546 promovendis
3142 3477 3422 3533 Michaelis
3445 3495 3572 3548 spe-

1983 3567 2110 3634 bus,
2138 3567 2350 3623 remisit
2380 3566 2791 3633 i‘hcssalonica,
2814 3568 2906 3623 ubi
2930 3577 3063 3624 tunc
3088 3579 3225 3637 erat,
3253 3572 3305 3625 in
3337 3575 3568 3642 patriam

1985 3660 2144 3733 267
2189 3675 2316 3714 cum
2358 3662 2629 3725 exercitu,
2674 3661 2761 3715 cui
2799 3660 2968 3715 duces
3006 3662 3325 3730 praefecerat
3361 3664 3576 3734 aliquot

1984 3767 2016 3804 e
2047 3766 2150 3807 suo
2198 3751 2463 3807 comitatu
2505 3751 2844 3809 clarissimos
2891 3756 3064 3810 viros.
3126 3754 3224 3811 llis
3258 3755 3570 3825 Bulgariam
3634 3814 3642 3819 _

1986 3841 2301 3909 petentibus
2334 3842 2547 3911 primus
2594 3842 2647 3896 in
2683 3832 2857 3901 armis
2904 3847 3157 3911 occurrit
3191 3848 3481 3906 Eltimeres
3506 3851 3572 3906 ad

1986 3933 2254 3996 Crunum,
2287 3910 2553 4003 peculiari
2581 3935 2701 4006 ejus
2739 3936 2938 3993 ditioni
2971 3910 3300 4007 subj/cetum,
3337 3951 3397 3998 ut
3430 3943 3573 4015 dixi,

1984 4022 2201 4090 locum;
2234 4025 2327 4080 ubi
2361 4025 2547 4095 pradio
2576 4029 2876 4085 commisso
2921 4031 3057 4087 fusae
3108 4031 3371 4090 Romanae
3401 4038 3574 4105 copia:

1986 4123 2039 4170 et
2063 4117 2202 4185 capti
2228 4115 2400 4171 duces
2423 4125 2572 4177 sunt.
2592 4117 3116 4178 Atﬂadosthlabum
3143 4125 3368 4194 quidem
3396 4128 3572 4183 victor

1986 4204 2278 4265 Eltimeres
2305 4217 2636 4262 excaecatum
2672 4210 2739 4265 ad
2781 4210 2960 4280 ipsius
3003 4227 3232 4271 uxorem
3277 4215 3574 4275 Thessalo-

1989 4299 2126 4352 nica:
2157 4299 2211 4353 in
2260 4298 2512 4369 digressu
2558 4299 2629 4355 ab
2662 4301 2994 4371 imperatore
3036 4305 3282 4361 relictam
3320 4309 3570 4366 remisit:

1989 4405 2245 4460 proceres
2281 4404 2411 4445 vero
2461 4389 2743 4449 Romanos
2771 4404 2889 4449 tuto
2929 4398 3151 4451 curavit
3189 4399 3576 4467 perducendos

301 4494 547 4564 potiente
576 4477 1106 4560 Osphentisthlabo;
1154 4485 1242 4541 cui
1283 4495 1336 4539 et
1366 4496 1493 4554 post
1517 4496 1733 4552 tempus
1759 4481 1883 4536 inde
1913 4483 2055 4561 ι)οά
2092 4477 2657 4549 Ospbentisthlabum,
2707 4484 2799 4553 qui
2854 4485 2957 4542 hos
2997 4503 3104 4542 nou
3159 4489 3314 4557 prius
3369 4491 3576 4547 dimisit

304 4582 527 4654 aliquod
563 4579 796 4651 contigit
841 4578 1114 4634 redimere
1148 4575 1431 4632 Terterem
1465 4583 1676 4645 patrem
1709 4573 1885 4642 capti-

302 4691 436 4731 vum
481 4674 549 4729 ab
583 4673 920 4743 imperatore
954 4669 1262 4732 detentum,
1315 4665 1718 4739 permutatione
1747 4664 1888 4720 niul-
1927 4680 1935 4688 '

307 4777 492 4824 torum
540 4783 572 4823 e
620 4764 884 4838 palatinis
930 4761 1185 4832 Augusti,
1236 4760 1331 4828 qui
1382 4763 1435 4814 in
1485 4758 1606 4829 ejus
1652 4765 1890 4827 potesta-

305 4868 419 4916 tem
448 4870 716 4916 venenat
743 4871 874 4912 casu
906 4855 1143 4924 quodam
1175 4853 1265 4906 hic
1300 4850 1544 4906 breviter
1577 4847 1885 4904 referendo.

302 4950 716 5007 Radosthlabus
747 4956 869 5004 erat
894 4946 1122 5018 quidam
1157 4944 1493 5015 perillustris
1526 4943 1671 4996 inter
1691 4940 1890 5011 Bulga-

304 5061 401 5101 ros
442 5052 559 5099 tum
593 5041 860 5112 dignitate
905 5035 1372 5094 sebastocratoris
1404 5049 1512 5104 qua
1545 5035 1600 5087 in
1630 5031 1889 5103 Bulgaria

188 5135 199 5143 ’
305 5133 710 5193 honorabatur,
763 5139 881 5185 tum
929 5130 1221 5185 nobilitate
1273 5125 1498 5182 familia:
1564 5124 1725 5178 facile
1777 5122 1892 5178 illic

304 5229 500 5300 prima:
531 5226 798 5281 omnium.
830 5221 966 5277 Nam
1025 5221 1280 5287 Smiltzo,
1322 5216 1781 5273 numerosissima
1834 5215 1890 5270 in

306 5322 404 5375 illo
432 5332 600 5389 regno
637 5316 964 5387 cognatione
989 5313 1219 5384 inclyto,
1243 5312 1437 5367 intima
1465 5325 1588 5363 cum
1616 5309 1892 5379 plerisque

305 5423 597 5482 procerum
637 5407 818 5477 gentis
862 5405 1195 5476 cognatione
1228 5401 1734 5465 admovebatur;et
1760 5397 1895 5453 ΕΙῑὶ-

306 5513 478 5557 mera
505 5500 678 5556 Cruni
705 5497 954 5568 despotse
978 5510 1226 5553 sororem
1256 5494 1313 5548 in
1347 5492 1701 5546 matrimonio
1728 5490 1888 5545 habe-

307 5594 424 5658 bat,
448 5593 610 5663 cujus
631 5589 904 5645 Eltimerae
935 5602 1249 5659 germanam
1272 5586 1498 5640 alteram
1514 5585 1630 5655 ipse
1647 5599 1739 5637 rex
1763 5580 1898 5637 Ter-

306 5696 455 5743 teres
479 5697 706 5739 uxorem
753 5682 1001 5737 duxerat.
1038 5678 1210 5734 Porro
1234 5677 1498 5732 Smiltzus
1539 5677 1644 5732 iste
1666 5690 1893 5745 regnum

306 5780 670 5842 Bulgarornm
711 5776 873 5845 paulo
906 5781 1029 5829 ante
1054 5773 1391 5839 obtinuerat,
1424 5770 1476 5823 in
1501 5785 1565 5824 eo
1583 5768 1894 5839 principatu

1988 4587 2149 4643 quam
2173 4587 2273 4643 pro
2295 4573 2364 4628 iis
2387 4574 2683 4630 liberatum
2709 4577 2778 4632 ab
2809 4579 3141 4649 imperatore
3172 4591 3380 4651 patrem
3408 4600 3572 4640 suum

1989 4665 2289 4733 recepisset
2305 4663 2616 4722 Terterem.
2642 4667 2701 4723 ln
2726 4669 2874 4724 hunc
2898 4672 3119 4729 modum
3143 4674 3274 4729 hinc
3296 4675 3574 4744 Terteres,

1989 4754 2118 4810 inde
2158 4753 2390 4810 Romani
2438 4757 2717 4828 principes
2768 4774 3002 4815 numero
3046 4762 3334 4830 tredecim,
3384 4777 3575 4821 mutua

1991 4846 2424 4901 commutatione
2449 4847 2661 4902 liberati
2686 4850 2874 4919 patriae
2894 4850 3128 4908 invicem
3163 4855 3401 4909 restituti
3421 4867 3574 4912 sunt.

1990 4937 2061 4991 At
2107 4954 2213 4993 non
2252 4937 2510 4995 Terteres
2556 4941 2779 5013 quidem
2839 4959 3044 5015 regno,
3090 4961 3215 5000 nam
3251 4947 3578 5018 Osphentis-

1993 5030 2237 5095 thlabus,
2262 5031 2420 5102 quasi
2466 5033 2630 5102 plene
2663 5032 2960 5091 defunctus
3006 5039 3154 5092 onmi
3183 5053 3312 5109 erga
3357 5050 3572 5111 patrem

1993 5124 2212 5194 pietatis
2259 5123 2441 5179 olIicio
2475 5123 2654 5194 ipsius
2685 5126 2926 5183 vinculis
2970 5132 3314 5200 rumpendis,
3347 5149 3576 5190 necesse

1994 5213 2131 5268 nihil
2178 5216 2391 5281 putavit
2452 5229 2651 5271 rursus
2697 5233 2821 5272 eum
2870 5219 2975 5275 sibi
3039 5220 3262 5293 dempto
3319 5223 3576 5280 redimire

1993 5305 2320 5369 diademate,
2358 5306 2479 5370 sed,
2514 5321 2784 5379 quantum
2827 5310 2896 5367 ad
2932 5328 3037 5369 nos
3063 5324 3212 5371 certa
3243 5316 3396 5372 illinc
3425 5316 3574 5372 fama

1994 5398 2268 5468 perlatum
2308 5408 2415 5464 est,
2468 5415 2638 5456 unam
2677 5401 2727 5456 ei
2771 5404 3052 5461 civitatem
3099 5409 3425 5478 assignavit,
3479 5410 3571 5465 ubi

1996 5489 2219 5559 quantis
2240 5491 2402 5547 vellet
2427 5493 2803 5549 circumﬂuam
2828 5497 3062 5564 deliciis,
3103 5499 3267 5555 modo
3302 5500 3571 5571 privatam

1996 5591 2051 5638 et
2086 5583 2154 5637 ab
2183 5583 2332 5638 omni
2364 5599 2549 5641 rerum
2580 5587 3061 5645 administratione
3094 5591 3368 5657 feriatam,
3405 5594 3573 5649 vitam

1997 5675 2241 5731 duceret.
2303 5677 2395 5734 Sic
2451 5695 2679 5752 regnare
2735 5683 2978 5750 perrexit
3023 5682 3573 5754 Osphentistlilabus,

2000 5771 2157 5840 cujus
2198 5775 2694 5848 quomodocunque
2724 5776 2887 5833 illatae
2919 5777 3181 5834 mentioni
3227 5792 3336 5835 non
3364 5778 3576 5835 incom-
