4018 6440
324 295 434 363 297

316 507 704 599 G'rdyptimdzg
734 521 831 572 atati.
864 522 1072 593 αἰζηῶν
1117 526 1327 596 ἀνδρῶν
1362 528 1523 599 ἔργα,
1558 529 1658 592 τὰς
1709 531 1810 599 μὲν
1844 532 1904 596 ἐξ

317 598 509 654 αὐτῶν
549 604 889 664 ἀνεσπάσθαι
917 612 1025 665 τῶν
1055 613 1321 684 θεμελίων
1365 620 1462 672 καὶ
1507 598 1752 690 φορητᾶς
1804 638 1906 690 μα-

319 693 523 761 κρόθεν
537 693 680 752 εἶναι
707 704 820 762 τοῖς
847 702 1024 771 ὕδασι,
1054 708 1127 776 μὴ
1160 708 1261 779 τῆς
1288 712 1457 781 φορᾶς
1480 711 1753 783 ληγούσης
1775 716 1906 783 πρὶν

316 787 392 878 ἂν
414 790 769 865 ἀπεσκῆφθαι
796 798 874 869 τῷ
894 801 1062 871 τείχει
1095 803 1195 874 τῆς
1219 805 1445 872 πόλεως,
1479 810 1549 861 τὰ
1571 808 1615 861 δ’
1647 809 1908 878 ἀφανίζε-

318 877 455 932 σθαι
487 885 610 948 ταῖς
660 889 1039 959 προσχώσεσιν
1067 908 1081 924 ’
1126 895 1407 962 ἀμπέλους
1450 896 1509 951 δὲ
1538 899 1632 952 ἐπὶ
1681 877 1909 970 γυμνοῖς

312 973 438 1035 τοῖς
461 974 734 1045 πυθμέσιν
770 980 1140 1054 ὑποσυρείσης
1179 986 1282 1054 τῆς
1310 987 1412 1057 γῆς
1440 989 1719 1060 ἀμενηνὰς
1753 991 1908 1044 ἵστα-

319 1063 478 1123 σθαι,
522 1071 677 1138 παρὰ
712 1073 964 1126 τοσοῦτον
1010 1076 1072 1128 οὐ
1111 1077 1555 1144 καθυπεικούσας
1597 1082 1712 1145 τοῖς
1747 1081 1908 1152 ῥύαξι

267 1166 276 1170 ’
314 1157 458 1226 παρ’
486 1159 610 1211 ὅσον
659 1163 1063 1234 ταπεινούμενα
1092 1170 1160 1238 τῇ
1190 1170 1332 1241 φορᾷ
1359 1171 1427 1223 τὰ
1459 1171 1603 1241 φυτὰ
1628 1173 1725 1226 καὶ
1754 1174 1908 1227 ἀντία

314 1261 520 1301 στασιν
545 1250 723 1321 ἥκιστ’
748 1251 939 1322 ἔχοντα
963 1257 1155 1327 τριϐὴν
1183 1259 1284 1313 οὐκ
1306 1261 1508 1314 ἐδίδουν
1537 1262 1614 1332 τῷ
1653 1263 1910 1333 ῥεύματι,

310 1335 468 1391 ὥστε
488 1341 757 1410 χρονίζειν
780 1344 873 1397 καὶ
902 1346 1175 1419 ἀνασπᾷν,
1195 1349 1487 1411 ἀλλἐύθὺς
1517 1354 1796 1424 ὲπιρῤέειν
1818 1356 1915 1409 ἐπὶ

308 1427 384 1480 τὸ
408 1430 674 1495 κάταντες
695 1434 876 1503 σφίσιν
898 1437 1366 1510 ύποκλινομένοιςί
1387 1443 1492 1514 γῆν
1519 1445 1574 1496 δὲ
1605 1446 1786 1499 πᾶσαν
1812 1445 1915 1516 τῆς

311 1519 872 1594 Κωνσταντίνου,τὴν
890 1527 986 1596 μὲν
999 1529 1057 1595 ἐξ
1076 1522 1152 1584 ὧν
1163 1532 1222 1584 οὒ
1231 1532 1585 1604 ρανόθεν,¹τὴν
1600 1534 1645 1588 δ’
1660 1537 1718 1602 ἐξ
1734 1530 1808 1590 ὧν
1820 1537 1915 1590 καὶ

311 1608 632 1680 ἀλλοτρίων
668 1614 877 1669 ὑδάτων
906 1620 1175 1691 ἐπιφορὰς
1198 1622 1435 1693 ἐδέχετο.
1452 1625 1810 1698 ὲπικλύσιμον
1834 1629 1919 1698 γί-

310 1699 543 1754 νεσθαι.
562 1703 636 1755 Τὸ
657 1704 703 1757 δ’
720 1706 813 1758 ἐπὶ
828 1709 1086 1763 τοσοῦτον
1113 1713 1370 1781 ῥαγδαῖον
1387 1717 1483 1769 καὶ
1508 1718 1730 1788 συνεχὲς
1748 1735 1913 1773 κατε-

1220 320 1316 382 DE
1352 323 1796 386 ANDRONICO
1836 321 2292 385 PALIEOLOGO
2328 326 2473 387 LIB.
2520 326 2633 385 ΙΙΙ.

322 418 483 487 μένοι
504 423 614 487 τοῖς
634 424 744 481 τῶν
759 426 991 501 δένδρων
1013 431 1213 486 κλωσὶν
1236 435 1692 506 ἐναποψύξιντες,
1723 437 1901 499 οίκίας
1929 434 1980 495 Α
2003 435 2116 491 κθ’.
2147 437 2285 505 Περὶ
2321 437 2429 492 τοῦ
2459 437 2723 492 θανάτου
2758 435 2863 490 τοῦ
2912 434 3113 493 Λαζῶν
3142 434 3449 503 Ἰωάννου,
3493 440 3594 494 καὶ

3482 327 3589 392 298

2398 508 2505 562 τοῦ
2538 507 2801 561 θανάτου
2826 507 2934 559 τοῦ
2958 506 3212 561 Βέκκου.

2092 599 2180 653 Ἑν
2208 597 2384 669 τούτῳ
2413 598 2470 652 δὲ
2497 600 2594 653 καὶ
2632 599 2888 669 Ἰωάννης
2933 597 3033 668 μὲν
3071 600 3099 652 6
3128 599 3238 653 τῶν
3271 598 3466 664 Λαζων
3492 600 3591 670 ἀρ-

2008 690 2196 760 χηγὸς,
2227 688 2286 743 ὃν
2317 692 2417 743 καὶ
2451 689 2698 761 γαμϐρὸν
2723 690 2986 761 βασιλέως
3015 693 3071 744 ὲν
3102 694 3214 755 τοῖς
3245 691 3411 745 ἄνωθι
3445 695 3474 746 ὁ
3502 691 3592 745 λύ-

2010 797 2106 851 γος
2131 781 2364 847 ἐδείκνυ,
2397 782 2490 836 ἐπὶ
2518 782 2678 835 παισὶ
2704 783 2825 836 δυσὶ
2849 782 2909 835 τὸ
2941 783 3091 853 βιοῦν
3114 784 3363 855 τελευτᾷ,
3397 777 3471 838 ὧν
3501 783 3594 837 τοῦ

2013 872 2114 943 μὲν
2147 873 2206 924 ἐν
2239 874 2304 943 τῇ
2356 874 2596 945 πατρικῇ
2635 874 3012 937 καταστάντος
3059 874 3282 944 ἐξουσίᾳ
3310 873 3407 927 τοῦ
3446 874 3596 928 Ἀλε-

2012 964 2148 1031 ξίου,
2209 966 2435 1036 θάτερον
2471 967 2565 1021 τὸν
2599 969 2866 1041 νεώτερον
2922 970 2955 1041 ἡ
3005 970 3190 1040 μήτηρ
3235 969 3469 1022 Εύδοκία
3498 967 3595 1021 λα-

2014 1056 2182 1112 ϐοῦσα
2222 1058 2372 1130 παρὰ
2400 1059 2490 1113 τὸν
2526 1059 2758 1128 ἀδελφὸν
2797 1060 2891 1113 καὶ
2937 1060 3166 1129 βασιλέα
3201 1060 3344 1113 κατὰ
3369 1059 3467 1130 τὴν
3499 1058 3598 1112 πό-

2013 1149 2099 1203 λιν
2127 1148 2357 1218 γίνεται.
2384 1150 2619 1221 Θνήσκει
2647 1152 2706 1204 δὲ
2740 1154 2835 1206 καὶ
2866 1151 3121 1224 Ἰωάννης
3145 1154 3173 1205 6
3203 1154 3284 1213 είς
3316 1153 3594 1223 πατριάρ-

2014 1257 2117 1311 χην
2152 1242 2504 1312 χρηματίσας
2526 1244 2554 1295 6
2575 1242 2803 1307 Βέκκος,
2835 1247 2893 1297 ἐν
2923 1249 2987 1316 τῇ
3038 1246 3179 1298 κατὰ
3221 1245 3280 1297 τὸ
3307 1244 3398 1296 τοῦ
3436 1244 3594 1312 ἁγίου

2015 1335 2317 1406 Γρηγορίου
2359 1335 2618 1406 φρούριον
2659 1340 2850 1409 εἱρκτῇ
2875 1378 2890 1403 ,
2925 1339 3098 1408 μηνὸς
3132 1337 3365 1408 Κρονίου
3398 1338 3598 1406 λήγον-

2015 1442 2128 1493 τος,
2162 1427 2328 1481 αὐτοῦ
2364 1446 2466 1482 που
2503 1432 2562 1482 ὲν
2599 1432 2665 1501 τῇ
2705 1430 2875 1501 κέλλη
2919 1430 3142 1494 είκαίως
3178 1431 3394 1498 ταφείς.
3434 1428 3599 1482 Ἀλλὰ

2016 1518 2205 1573 τοῦτον
2235 1523 2336 1591 μὲν
2358 1523 2451 1574 καὶ
2471 1522 2560 1576 διὰ
2592 1523 2754 1577 πόνου
2778 1525 2804 1576 6
2839 1523 3095 1594 βασιλεὺς
3125 1524 3446 1593 ἐποιήσατο,
3472 1524 3599 1575 ἐπεὶ

2019 1610 2115 1664 καὶ
2138 1610 2167 1664 ὃ
2201 1611 2561 1682 συγκείμενον
2600 1609 2666 1684 ἦν
2698 1616 2809 1677 τοῖς
2840 1616 2966 1684 περὶ
3001 1616 3209 1667 ἐκεῖνον
3242 1615 3336 1667 καὶ
3361 1612 3597 1683 βασιλεῖ,

2022 1704 2308 1775 κινηθῆναι
2337 1705 2529 1774 λόγους
2557 1707 2642 1775 ἐφ’
2671 1700 2745 1761 ὧν
2775 1707 3065 1761 συνθέσθαι
3113 1707 3212 1760 καὶ
3267 1705 3596 1777 εἰρηνεύειν,

312 1789 646 1860 φέρετο,ὠς
672 1795 804 1864 μηδὲ
830 1798 922 1851 καὶ
945 1800 1116 1870 αὐτὴν
1133 1802 1231 1867 τὴν
1252 1803 1526 1861 θάλασσαν
1548 1784 1823 1873 κυανίζειν
1837 1810 1912 1879 τῷ
1945 1784 1986 1839 Β
2017 1798 2199 1865 σοφῶν
2247 1815 2310 1866 γε
2336 1799 2431 1852 καὶ
2468 1799 2856 1870 πνευματικῶν
2907 1800 3213 1868 κρινάντων
3256 1799 3351 1851 καὶ
3384 1798 3459 1868 μὴ
3488 1797 3596 1851 τῶν

316 1880 551 1951 φυσικῷ
577 1883 852 1954 χρώματι,
884 1887 1022 1942 ἀλλὰ
1052 1892 1295 1945 ποικίλον
1312 1911 1367 1946 τι
1387 1896 1487 1964 τὴν
1503 1897 1693 1967 χροιὰν
1723 1898 1916 1969 χρῆμα.

316 1972 647 2041 φαίνεσθαι,
675 1975 752 2039 ὡς
776 1979 852 2047 πῆ
883 1979 980 2048 μὲν
1024 1983 1286 2056 κοκκίνην
1313 1987 1565 2055 ὁρᾶσθαι,
1612 1990 1734 2042 ὅσον
1769 1993 1819 2044 ai
1851 1992 1917 2044 ἐκ

323 2063 743 2137 μιλτοπαρείων
780 2069 956 2141 ὀρέων
1001 2072 1206 2141 ῥύακες
1251 2076 1603 2144 ἐκϐάλλοντες
1633 2080 1913 2152 ἔῤῥευθον,

321 2154 411 2222 πῆ
435 2155 497 2207 δὲ
527 2157 728 2228 λευκὴν
759 2160 859 2230 τῆς
906 2162 1176 2232 κιμωλίας
1227 2167 1622 2238 πλεονασάσης,
1680 2169 1916 2241 ἀλλαχοῦ

324 2246 598 2313 μέλαιναν
624 2252 717 2304 καὶ¹
766 2252 1020 2325 τεφρώδη
1052 2258 1147 2309 καὶ
1190 2257 1513 2331 ύπὸκιῤῥον,
1539 2262 1820 2333 πανταχοῦ
1857 2264 1918 2316 δὲ

323 2337 567 2408 θολερὰν
586 2337 726 2395 εἶναι
749 2343 837 2425 διὰ
862 2348 963 2416 τὴν
989 2348 1095 2400 ἀπὸ
1123 2349 1232 2418 γῆς
1261 2351 1545 2421 ἐπιμιξίαν
1573 2354 1670 2408 καὶ
1700 2354 1797 2425 τὴν
1818 2354 1917 2424 τῆς

325 2431 589 2504 εἰσϐολῆς
633 2433 871 2506 κίνησιν,
928 2440 1054 2512 μηδ’
1098 2441 1179 2504 είς
1201 2459 1322 2495 τινα
1369 2444 1706 2498 κατάστασιν
1741 2445 1800 2498 τδ
1828 2463 1922 2499 κε-

329 2527 660 2597 χρωσμένον
704 2530 969 2599 ἄγουσαν,
999 2532 1084 2605 [Ρ.
1124 2535 1251 2608 185]
1287 2537 1420 2592 ἀλλὰ
1449 2540 1519 2593 τὰ
1548 2541 1727 2596 πάντα
1755 2543 1833 2606 είς
1859 2541 1918 2595 ἓν

332 2617 515 2672 ικεῑνο
541 2619 605 2672 τὸ
639 2619 859 2692 θολερὸν
892 2623 1203 2697 ἑπικρατῶς
1231 2628 1591 2704 συναγούσης.

337 2799 395 2856 bi
426 2814 578 2865 vero,
626 2801 818 2867 statim
854 2804 1036 2860 saluta
1078 2807 1398 2885 passimque
1442 2809 1671 2880 disiecta
1715 2826 1919 2883 conge—

343 2894 423 2947 rie
448 2893 747 2960 spicarum,
787 2897 941 2952 varie
970 2896 1199 2968 digestis
1232 2914 1329 2968 per
1360 2914 1519 2957 areas
1567 2903 1782 2959 acervis
1815 2904 1918 2957 tri-

351 2990 483 3038 tum
538 2985 1006 3054 apparttmitatem
1066 2990 1531 3058 exspectantium,
1589 2991 1701 3061 jam
1766 3008 1918 3048 nunc

352 3078 585 3146 corrupti
626 3086 681 3134 et
705 3079 1142 3150 irreparabiliter
1171 3081 1459 3152 disperditi
1503 3091 1707 3139 temere
1734 3083 1917 3140 ﬂuita-

340 3168 492 3224 bant.
528 3169 850 3240 Spectasses
879 3172 1011 3226 alibi
1040 3174 1219 3229 nudas
1254 3173 1475 3230 relictas
1518 3174 1573 3229 in
1614 3192 1785 3247 praua
1816 3177 1914 3233 de-

336 3262 586 3317 clivitate
619 3263 928 3318 nativorum
960 3263 1180 3320 eoliium
1213 3265 1372 3331 vites,
1403 3281 1636 3337 quarum
1669 3269 1915 3325 altricem

335 3364 546 3410 terram
578 3358 734 3424 aquae
781 3357 1132 3415 sublabentes
1172 3370 1543 3425 corraserant,
1598 3362 1806 3418 truncis
1837 3363 1920 3417 in-

333 3447 613 3503 iormibus
652 3455 709 3503 et
757 3449 1026 3518 squalidis
1079 3449 1358 3506 radicibus
1393 3466 1423 3504 e
1452 3452 1627 3507 sterili
1665 3453 1775 3522 jam
1804 3453 1922 3524 gla-

332 3553 430 3594 rea
468 3540 728 3609 reptatim
761 3541 1053 3610 pendulis;
1079 3557 1200 3611 quae
1230 3556 1297 3597 ne
1338 3550 1399 3597 ut
1426 3543 1650 3600 arbores
1683 3544 1920 3615 majores

336 3630 562 3701 agmine
606 3630 937 3702 prailuentis
987 3649 1209 3704 pessum
1258 3634 1633 3704 truderentur,
1680 3637 1921 3693 tenuitas

339 3730 607 3800 contortae
638 3737 703 3777 ac
735 3721 934 3779 ﬂexilis
978 3726 1224 3780 materia;
1253 3724 1483 3790 fecerat.
1514 3729 1739 3784 eludens
1767 3743 1921 3800 aqua:

324 3796 488 3867 inter
518 3811 797 3867 eﬂluentis
820 3826 1072 3883 rapacem
1111 3815 1244 3881 vim,
1273 3816 1549 3887 capitibus
1575 3796 1827 3873 radicum
1853 3818 1922 3874 ad

340 3914 494 3959 artas
533 3906 741 3959 cotium
778 3905 1006 3960 iissnras
1056 3905 1395 3962 haerentibus
1439 3909 1720 3966 mordicus
1761 3910 1920 3966 fruti-

340 4015 579 4070 cemque
612 4000 1036 4056 rctentantibus.
1089 4000 1714 4073 Constantinopolitanae
1755 4020 1923 4075 porro

343 4094 689 4150 territorium
722 4093 900 4160 urbis,
930 4093 1129 4163 partim
1158 4108 1189 4148 e
1230 4095 1374 4150 cinia
1414 4105 1561 4150 recta
1594 4097 1724 4152 illuc
1754 4097 1923 4168 lapsis

344 4186 527 4256 aquis,
556 4186 761 4255 partim
811 4186 933 4241 aliis
961 4201 1027 4241 ex
1059 4185 1315 4241 conﬂuxu
1359 4185 1715 4244 incitatarum
1752 4191 1925 4246 unde-

344 4294 565 4348 cunque
614 4279 1017 4334 varticasorum
1062 4279 1304 4334 amnium
1347 4279 1725 4337 indesinenter
1759 4283 1925 4338 inun-

345 4370 629 4435 dantibus,
677 4370 968 4440 stagnabat
1005 4370 1112 4425 late
1145 4372 1488 4436 universum,
1520 4372 1657 4427 nihil
1707 4382 1799 4429 aut
1829 4388 1925 4444 pa-

2014 1888 2286 1960 τυχᾶντων
2308 1891 2405 1944 καὶ
2430 1889 2882 1960 ἀλογιστοτέρων,
2905 1890 3003 1943 οὐκ
3017 1889 3220 1957 ἔφθασε
3250 1889 3592 1958 τελεσθῆναι·

2014 1981 2106 2033 τὸν
2130 1979 2542 2051 Μελιτηνιώτην
2598 1981 2656 2034 δὲ
2709 1982 3074 2050 ἐξαγαγόντες
3107 1980 3320 2033 ἐκεῖθεν
3384 1982 3474 2033 καί
3515 1979 3596 2050 τῷ

2017 2073 2161 2127 κατᾶ
2201 2073 2301 2144 τὴν
2331 2073 2488 2126 πόλιν
2525 2075 2795 2146 Μετοχίτῃ
2853 2074 3278 2137 συνδυάσαντες,
3342 2074 3464 2127 ἐπεὶ
3495 2074 3597 2126 οὐκ

2015 2161 2084 2236 ἦν
2114 2167 2297 2235 σφίσιν
2330 2166 2655 2237 εἰρηνεύειν,
2692 2166 2875 2232 καθὼς
2900 2165 3141 2237 ἀπῄτουν
3178 2166 3233 2219 οἴ
3261 2184 3319 2220 τε
3354 2167 3484 2236 περὶ
3506 2169 3597 2218 τὸν

2019 2254 2241 2324 βασιλέα
2288 2260 2379 2310 καὶ
2430 2258 2479 2310 oi
2510 2257 2609 2327 τῆς
2647 2257 2994 2327 Ἐκκλησίας,
3031 2257 3173 2311 κατὰ
3205 2257 3264 2310 τὸ
3303 2256 3446 2327 μέγα
3478 2274 3597 2309 πα·-

2016 2351 2199 2405 λὰτιον
2256 2350 2712 2414 κατακλείουσιν,
2771 2350 2905 2402 ὅπου
2954 2350 3051 2403 καὶ
3099 2350 3128 2402 6
3177 2349 3599 2419 Ταρχανειὼτης

2031 2441 2283 2511 Ἰωάννης
2310 2442 2366 2504 ἐς
2390 2439 2614 2511 ὕστερον
2630 2439 3035 2493 κατακλείεται.
3060 2439 3173 2510 Τὴν
3193 2440 3249 2493 δέ
3280 2457 3341 2508 γε
3363 2440 3487 2494 ἀδελ
3504 2441 3598 2511 ρὴν

2020 2533 2280 2588 Εὺδοκίαν
2328 2535 2355 2586 ὁ
2403 2533 2619 2603 κρατῶν
2673 2531 3073 2600 ὑποδεξάμενος
3102 2572 3117 2597 ,
3168 2532 3262 2585 καὶ
3310 2530 3378 2585 τὰ
3413 2531 3598 2584 εἰκότα

2021 2625 2239 2697 σύναμα
2269 2626 2438 2696 μητρὶ
2467 2627 2532 2696 τῇ
2563 2623 2765 2695 ταύτης
2814 2622 3282 2694 περιαλγήσαντες
3316 2626 3599 2695 συμφορᾷ,

2018 2820 2125 2878 tes,
2172 2810 2252 2866 sic
2286 2808 2528 2864 vicissim
2577 2806 2784 2863 alienas
2818 2807 2873 2860 in
2929 2820 2990 2861 se
3038 2803 3401 2865 trahentibus,
3457 2819 3600 2859 exae-

2024 2904 2245 2961 stuabat
2275 2916 2530 2973 spumosa
2562 2900 2850 2961 colluvies,
2879 2898 3298 2969 omnigenarum
3347 2896 3594 2951 sordium

2022 2995 2299 3065 coniiuges
2351 2994 2684 3049 versicolore
2750 2992 2881 3047 hcce
2935 2992 3273 3056 lutulentas,
3337 2989 3601 3043 bulliente

2024 3091 2237 3147 mixtim
2286 3088 2572 3159 vertigine,
2605 3082 2993 3141 confundenda
3021 3083 3337 3139 deformans
3368 3083 3422 3136 in
3470 3097 3592 3152 spe-

2023 3184 2302 3240 ctaculum
2336 3179 2723 3251 ingratissima;
2753 3178 2880 3233 visu
2918 3176 3205 3232 foeditatis.

2019 3293 2114 3350 29.
2184 3292 2259 3347 De
2314 3300 2482 3346 morte
2547 3290 2802 3370 principis
2863 3286 3166 3370 Lazarum,
3229 3286 3392 3357 deque
3455 3286 3602 3341 obitu

2770 3375 2898 3413 8661.

2091 3457 2206 3512 Hoc
2235 3454 2451 3510 interim
2488 3462 2732 3522 tempore
2754 3449 2993 3529 Joannes
3014 3446 3281 3503 Lazarum
3324 3447 3600 3516 princeps,

2023 3562 2185 3620 quem
2240 3559 2499 3618 generum
2551 3540 2897 3613 imperatoris
2975 3538 3257 3594 Michaelis
3317 3538 3480 3593 ducta
3544 3539 3603 3593 in

2022 3655 2254 3699 uxorem
2303 3637 2423 3708 ejus
2472 3636 2585 3692 ﬁlia
2646 3635 2852 3690 factum
2915 3633 3171 3703 superius
3223 3631 3602 3696 ostendimus,

2023 3735 2168 3790 diem
2207 3746 2368 3788 suum
2417 3729 2581 3797 abiit,
2620 3727 2748 3782 (iliis
2800 3726 3019 3782 duobus
3078 3723 3472 3794 superstitibus
3518 3740 3607 3778 re-

2027 3825 2195 3879 lictis.
2234 3820 2439 3876 Hornm
2475 3819 2648 3874 altera
2676 3818 2870 3874 Alexio
2914 3819 2967 3872 in
3002 3817 3213 3887 paterni
3266 3816 3607 3885 principatus

2028 3912 2383 3971 successione
2420 3911 2740 3975 constituta,
2789 3919 2965 3963 mater
2993 3908 3112 3975 eius
3141 3908 3382 3961 Endacia
3413 3921 3600 3960 secum

2024 4007 2257 4062 alterum
2311 4006 2516 4060 ducens
2566 4001 2736 4055 lilium
2796 4001 2862 4053 ad
2921 3998 3146 4053 fratrem
3197 3997 3501 4067 Angustum
3547 3998 3603 4051 in

2025 4100 2216 4153 urbem
2245 4110 2305 4152 se
2354 4093 2611 4149 contulit.
2643 4092 2892 4146 Mortuus
2928 4104 3148 4161 quoque
3201 4096 3328 4143 tunc
3363 4099 3447 4144 est
3484 4088 3608 4142 hu.-
3648 4093 3653 4097 ’

2027 4198 2151 4246 etus
2198 4187 2326 4241 olim
2359 4184 2736 4255 patriarchatu
2783 4181 3016 4247 Veccus,
3049 4182 3153 4237 sub
3204 4181 3362 4235 ﬁnem
3401 4181 3606 4235 mensis

2027 4279 2207 4335 Martii
2264 4278 2319 4332 in
2362 4289 2585 4331 carcere
2633 4274 2776 4343 apud
2834 4287 3015 4328 arcem
3076 4273 3262 4327 Sancti
3326 4269 3601 4339 Gregorii,

2030 4372 2402 4440 ltumatnsque
2429 4368 2542 4422 illic
2581 4367 2637 4422 in
2667 4366 2804 4421 cella
2855 4365 3071 4419 modico
3111 4365 3382 4434 sepulcro.
3415 4362 3607 4431 Displi-

348 4476 471 4516 rum
496 4477 525 4517 a
560 4462 730 4518 vicini
768 4463 919 4533 ponti
946 4462 1130 4532 specie
1175 4463 1461 4521 diﬂ'erens.
1491 4465 1628 4519 Nam
1658 4474 1713 4519 et
1742 4466 1920 4535 ipsum
1957 4494 1999 4549 υ
2030 4466 2147 4517 cuit
2176 4444 2506 4531 imperatori.
2553 4472 2659 4511 nou
2705 4455 2957 4527 potuisse
2997 4455 3150 4526 prius
3203 4455 3344 4520 ﬁeri,
3391 4455 3458 4510 de
3495 4469 3606 4523 qua

345 4556 517 4610 altum
552 4570 706 4610 mare
746 4554 1012 4610 continuo
1041 4554 1205 4625 270
1246 4554 1587 4610 turbidarum
1636 4555 1922 4611 ﬂuminum
1957 4546 1983 4549 ⁷
2024 4557 2137 4626 jam
2166 4560 2552 4614 convenerant,
2579 4558 2640 4606 ut
2664 4566 2861 4606 navum
2902 4549 3233 4619 colloquium
3270 4562 3392 4603 cum
3424 4546 3607 4602 Vecco

347 4645 591 4701 admistn
619 4644 927 4700 naturalem
972 4644 1075 4712 ipsi
1124 4643 1364 4699 colorem
1397 4645 1688 4700 caeruleum
1721 4647 1766 4700 si
1814 4661 1923 4701 non

347 4749 579 4806 prorsus
607 4734 897 4798 amiserat,
930 4733 1084 4788 valde
1106 4732 1438 4801 fuscaverat,
1463 4734 1617 4789 varia
1649 4735 1928 4791 deforma-

349 4830 503 4883 tione
530 4827 751 4883 diverso
786 4825 1116 4881 infectarum
1165 4838 1325 4880 caeno
1353 4826 1665 4880 eluvianum
1710 4826 1801 4882 hic
1830 4843 1926 4882 ru.

348 4924 454 4979 bro
478 4922 804 4983 coloratum,
835 4933 943 4988 qua
972 4932 1003 4973 e
1042 4916 1177 4971 rull'a
1207 4918 1482 4988 suggestis
1511 4919 1703 4989 argilla
1726 4920 1928 4974 monti-

321 5014 457 5077 ,bns
485 5012 682 5067 abrasa
721 5023 909 5065 secum
944 5016 1091 5062 terra
1139 5007 1289 5062 misti
1338 5016 1616 5063 torrentes
1659 5009 1930 5065 incubue-

351 5113 500 5169 rant.
552 5104 665 5159 illic
709 5101 1121 5165 subalbescens,
1157 5113 1269 5171 qua
1318 5114 1378 5155 se
1420 5099 1622 5156 ﬂuenta
1659 5115 1930 5158 exonera-

353 5201 486 5255 bant
531 5211 629 5266 per
676 5202 930 5250 cretasas
976 5192 1083 5248 sali
1113 5192 1398 5247 candentis
1428 5201 1604 5248 tracta
1649 5194 1926 5262 regiones,

352 5291 487 5348 alibi
534 5288 770 5357 denique
802 5286 1043 5355 nigrum,
1079 5284 1174 5339 ubi
1226 5284 1406 5354 liquor
1449 5285 1801 5356 restagnabat
1833 5302 1931 5357 per

353 5388 584 5441 adustas
617 5383 725 5436 atri
759 5388 815 5435 et
843 5376 1057 5434 excocti
1092 5377 1268 5433 sabuli
1317 5378 1640 5447 provolutus
1666 5393 1929 5455 campos;

354 5492 590 5552 quarum
626 5475 874 5529 omnium
914 5486 1183 5541 aquarum
1234 5470 1534 5542 agitatione
1576 5470 1928 5542 rapidissima

356 5572 799 5630 commistarum,
867 5564 1216 5621 trudentibus
1267 5580 1328 5620 se
1387 5565 1559 5620 altera
1607 5565 1661 5620 in
1696 5567 1929 5622 alterum

356 5664 688 5738 penitusque
714 5657 1128 5713 insinuantibus
1158 5657 1355 5711 intimo
1390 5657 1535 5711 illisu
1562 5659 1796 5714 cumulis
1826 5675 1930 5713 un-

357 5760 574 5815 darum.
609 5760 667 5806 et
696 5763 826 5805 suas
859 5758 919 5803 ut
967 5746 1381 5806 conferentibus
1428 5747 1481 5803 in
1514 5749 1654 5806 alios
1689 5751 1931 5821 qualita-

600 5847 875 5906 ΡΔτιιοι..
913 5848 1027 5905 Gn.
1062 5844 1334 5907 CXLIV.

2029 4648 2283 4711 iniretur,
2333 4660 2444 4714 qua
2493 4644 2613 4715 ejus
2666 4644 2974 4698 rationibus
3029 4642 3228 4697 auditis
3262 4641 3471 4711 judicia
3520 4655 3613 4696 sa-

2028 4741 2274 4809 pientum
2308 4747 2366 4794 et
2416 4737 2783 4808 spiritualium
2829 4737 3096 4799 virorum,
3130 4750 3234 4787 non
3276 4743 3457 4788 autem
3483 4733 3607 4787 vnl-

2030 4836 2243 4904 garium
2306 4847 2372 4888 ac
2429 4845 2620 4903 parum
2677 4829 3044 4888 eruditorum,
3099 4841 3288 4880 omnes
3315 4825 3437 4893 ejus
3478 4841 3602 4879 cum

2032 4926 2278 4982 Ecclesia
2307 4922 2700 4981 controversia:
2728 4920 2887 4990 271
2921 4925 3406 4988 camponerentur,
3442 4917 3515 4970 ita
3550 4928 3611 4971 ut

2031 5020 2079 5074 is
2129 5017 2257 5073 huic
2323 5015 2711 5073 reconciliatus
2768 5012 2995 5082 pacitice
3044 5010 3272 5065 viveret.
3325 5009 3595 5063 Caeterum

2034 5110 2512 5166 Meliteniatem‘ex
2534 5106 2726 5162 eodem
2755 5104 3014 5159 eductum
3047 5115 3273 5156 carcere
3303 5101 3608 5155 Metocbitae

2036 5205 2092 5258 in
2123 5204 2262 5257 urbe
2304 5200 2606 5256 diversanti
2647 5197 3003 5263 copularunt.
3055 5195 3256 5250 Verum
3313 5178 3629 5265 postquam“

2037 5306 2122 5353 est
2161 5294 2567 5366 deprehensum
2599 5292 2807 5347 frustra
2838 5290 3052 5361 sperari
3098 5297 3159 5344 ut
3185 5289 3240 5343 in
3268 5303 3331 5342 ea
3359 5287 3437 5343 illi
3477 5300 3610 5340 con-

2034 5390 2304 5446 sentirent
2331 5402 2451 5458 qnae
2487 5385 2837 5456 imperatoris
2867 5382 3106 5439 ministri
3146 5391 3197 5437 et
3249 5375 3611 5436 ecclesiastici

2033 5482 2357 5552 poscebant,
2421 5479 2685 5535 custodite
2733 5477 2917 5533 traditi
2966 5485 3095 5532 sunt
3142 5487 3309 5544 prope
3353 5482 3607 5538 magnum

2037 5571 2323 5642 palatium,
2356 5571 2451 5626 ubi
2483 5581 2536 5627 et
2566 5578 2752 5641 postea
2783 5567 3026 5624 Joannes
3065 5561 3434 5620 Tarcbaniota
3481 5572 3615 5612 con-

2037 5667 2225 5721 clusus
2247 5672 2352 5721 est.
2385 5665 2551 5720 Suam
2580 5679 2743 5733 par-ro
2774 5677 3016 5718 sororem
3041 5655 3363 5716 Eudociam.
3394 5649 3615 5704 Viduam

2039 5756 2305 5827 principis
2347 5756 2640 5823 Lazarum,
2685 5756 2992 5811 .itonorilice
3039 5749 3411 5815 benevoleque
3449 5751 3614 5797 exce-

3108 5847 3182 5906 10
