4018 6414
432 320 556 385 -299
1638 305 1979 370 “GEORGII
2016 305 2499 367 PACllYMERAi
3096 330 3101 337 ν
3284 376 3292 384 .
3592 303 3690 367 3m

449 431 582 500 παρ’
614 428 827 490 ἑαυτοῖς
864 425 999 489 τέως
1030 419 1176 496 εἶχον
1231 421 1305 485 ὡς
1354 421 1450 477 καὶ
1501 415 1659 485 αὖθις
1691 422 2033 475 ἀνταποστεα
2057 416 2105 478 Δ
2132 417 2200 471 τὰ
2227 416 2487 472 δοκοῦντα
2519 416 2657 487 πρὸς
2703 414 3089 485 ἀντατώνισιν,
3146 376 3297 482 ὅμως
3325 412 3370 467 δ’
3401 412 3465 466 ἑκ
3495 415 3695 467 πολλῶν

449 523 668 584 λοῦντες
708 520 844 591 πρὸς
874 518 966 572 τὶν
1002 518 1139 583 υἱὸν,
1185 516 1276 570 καὶ
1309 514 1459 585 αύτῷ
1485 513 1549 585 δὴ
1599 513 1669 567 τὰ
1714 513 1811 581 τῆς
1853 511 2026 581 ἀρχῆς
2134 508 2527 578 ἀπογινώσκων
2560 509 2770 575 ἀνδρῶν
2813 507 3026 562 οἴκοθεν
3060 506 3412 578 ὡρμημένων
3457 506 3694 576 περιέσε-

450 620 525 682 ti);
550 612 740 672 οἷόντε
772 609 1328 681 κατασφαλισάμενοι.
1363 609 1484 661 ἐπεὶ
1517 605 1613 661 καὶ
1660 604 1737 676 τῷ
1767 602 1979 674 βασιλεῖ
2000 604 2029 656 6
2135 600 2279 665 σθαι,
2316 599 2433 668 ἅμα
2454 617 2513 653 τε
2552 600 2959 670 προϐαινόντων
2986 599 3080 654 καὶ
3106 598 3223 669 ἄμα
3266 596 3522 666 θηρεύειν
3550 598 3692 666 ἐχόν-

452 712 580 772 παῖς
615 706 768 777 παρὰ
797 705 891 760 τοῦ
930 702 1137 774 πατρὸς
1173 700 1569 770 ἐπετέτραπτο.
2132 707 2244 744 των
2271 690 2340 744 τὰ
2373 689 2515 744 κατὰ
2541 689 2710 759 θύρας
2746 688 3104 762 προκείμενα,
3135 688 3223 742 διὰ
3251 688 3424 741 ταῦτα
3462 688 3556 741 καὶ
3599 687 3700 741 τῶν

2133 783 2391 838 τοιούτων
2419 782 2838 851 ἀπογινώσκων,
2871 783 3128 845 σπονδαῖς
3150 798 3261 834 τισι
3303 779 3539 850 χρῆσθαι
3568 782 3701 847 πέμ-

450 846 522 904 λ⁹.
553 844 695 913 Περὶ
730 840 837 896 τοῦ
879 838 1074 908 κράλη
1121 836 1372 905 Σερϐίας
1402 833 1501 889 καὶ
1533 831 1642 887 τοῦ
1680 826 2028 896 Κοτανίτζη.

526 960 611 1052 [Ρ.
642 976 769 1050 184]
815 976 907 1031 Ἑν
962 974 1135 1043 τούτῳ
1160 967 1454 1040 τοιγαροῦν
1493 969 1664 1021 ὄντων
1711 962 1900 1019 δεινῶν
1931 961 2032 1032 μὲν

453 1074 606 1128 ἐνθεν
634 1074 662 1126 6
688 1070 899 1142 κράλης
916 1068 1177 1139 ’Σερϐίας,
1204 1063 1357 1118 ἔνθεν
1388 1062 1445 1116 δὲ
1478 1063 1506 1115 6
1532 1059 1738 1115 ἐκείνου
1762 1054 2032 1125 ὑποστρά-

454 1183 621 1234 τηγος
677 1162 1017 1231 Κοτανίτζης
1063 1160 1157 1213 καὶ
1191 1161 1219 1212 6
1255 1157 1541 1228 Τορνίκιος
1591 1151 1911 1222 ὴγγέλλοντο
1961 1148 2033 1202 τὰ

456 1258 753 1330 πρόσχωρα
778 1255 935 1325 δρᾷν.
970 1252 1068 1305 Διὰ
1097 1249 1268 1303 ταῦτα
1299 1248 1394 1301 καὶ
1425 1248 1452 1299 6
1487 1244 1742 1318 βασιλεὺς
1772 1241 1942 1304 πολὺς
1963 1234 2032 1311 ἦν

453 1351 549 1404 καὶ
598 1347 744 1409 ἄπας
776 1345 1021 1413 ἐγίγνετο
1066 1342 1158 1395 τὸν
1209 1339 1482 1410 βάρϐαρον
1531 1334 1903 1405 ὑπερχόμενος
1935 1330 2033 1385 νῦν

456 1442 555 1513 μὲν
604 1437 949 1510 πρεσϐείαις,
979 1434 1075 1488 νῦν
1116 1433 1171 1486 δὲ
1198 1431 1293 1485 καὶ
1322 1429 1649 1496 πολεμικαῖς
1674 1422 2032 1513 ἐπεξελεύσε-

2135 892 2253 929 πων
2275 874 2625 928 συνεϐούλευε
2658 873 2738 945 τῷ
2776 873 3092 943 κρατοῦντι,
3125 872 3218 926 καὶ
3250 871 3453 941 μᾶλλον
3477 871 3571 924 καὶ
3602 871 3701 924 τῶν

2133 967 2468 1021 ἀνατολικῶν
2514 966 2877 1037 κακουμένων
2908 966 3014 1019 ὑπὸ
3042 967 3142 1033 τῆς
3170 965 3280 1016 τῶν
3325 964 3549 1032 Περσῶν
3593 964 3703 1015 ἐπι-

2134 1058 2344 1129 δρομῆς
2391 1060 2482 1112 καὶ
2522 1056 2830 1130 χρῃζόντων
2859 1057 2960 1127 τῆς
3016 1056 3206 1127 ἱκανῆς
3237 1054 3595 1125 ἀντιλήψεως.
3636 1056 3704 1107 Τό

2132 1166 2194 1203 τε
2221 1148 2452 1212 σπονδὰς
2486 1150 2952 1219 ἀποτεμνομένους
3010 1146 3314 1218 εἰρηνεύειν
3352 1148 3448 1199 καὶ
3506 1144 3707 1213 βασιλεί

2134 1243 2234 1297 καὶ
2257 1245 2325 1313 τῇ
2357 1241 2491 1312 περὶ
2519 1242 2682 1295 αὐτὸν
2711 1242 2872 1317 βουλῇ
2895 1241 3061 1294 καλὸν
3086 1241 3261 1294 ἐδόκει
3304 1240 3403 1292 καὶ
3438 1239 3546 1292 τῶν
3573 1238 3700 1291 καλ-

2135 1334 2353 1388 λίστων.
2386 1334 2460 1386 Τὸ
2507 1333 2565 1387 δὲ
2606 1335 2702 1386 τοῦ
2747 1332 3023 1404 βαρϐάρου
3061 1325 3195 1402 ἦθος
3224 1329 3451 1383 εὔκολον
3489 1328 3547 1382 ὃν
3575 1327 3705 1398 πρὸς

2138 1424 2381 1480 σπονδῶν
2410 1424 2699 1495 συγχύσεις
2720 1423 2953 1479 διαλύων
2983 1425 3184 1478 αὐτίκα
3225 1424 3290 1476 ἐκ
3321 1419 3595 1492 τυχούσης
3623 1421 3703 1473 ai-

454 1512 562 1596 σιν,
585 1530 709 1583 ἐπεί
740 1546 821 1582 τοι
864 1530 960 1580 καὶ
984 1525 1107 1578 τότε
1135 1524 1226 1577 τὸν
1250 1520 1505 1591 τηνικάδε
1539 1519 1712 1589 μέγαν
1743 1512 2036 1571 κονοσταῦ-
2134 1519 2258 1582 τίας
2285 1517 2385 1589 τὴν
2409 1518 2663 1587 ὁμόνοιαν
2684 1516 3027 1571 ὑπώπτευον.
3069 1517 3129 1569 '0
3154 1513 3290 1585 γοῦν
3313 1513 3570 1584 βασιλεὺς
3589 1513 3707 1566 κάν-

452 1622 542 1676 λον
564 1618 803 1681 Τλαϐἆν,
828 1617 920 1670 τὸν
943 1614 1038 1671 τοῦ
1066 1612 1202 1669 Θεοῦ
1229 1614 1514 1683 ἄνθρωπον
1543 1610 1773 1673 ἐκεῖνον,
1814 1605 2037 1675 σύναμα
2134 1609 2312 1664 ταῦθα
2342 1611 2516 1664 ποιεῖν
2570 1608 3002 1680 προαιρούμενος
3032 1607 3093 1673 ἐξ
3137 1601 3213 1662 ὧν
3254 1605 3507 1676 ἀρέσειεν
3534 1603 3598 1658 ἂν
3621 1604 3707 1658 καὶ

453 1708 697 1779 στιϐαρῷ
731 1706 1102 1779 στρατεύματι
1140 1703 1226 1757 ἐπ’
1270 1703 1478 1757 ἐκεῖνον
1503 1699 1847 1769 ἐξέπεμπεν,
1879 1695 1937 1760 δς
1966 1694 2031 1765 δὴ
2067 1763 2111 1779 __
2138 1697 2215 1769 τῷ
2243 1714 2308 1767 γε
2332 1699 2553 1768 ὀμορεῖν
2583 1696 2782 1768 ἔχοντι,
2813 1698 3076 1768 ἠϐούλετο
3107 1697 3204 1751 καὶ
3235 1696 3356 1765 μετ’
3402 1693 3607 1748 ἐκείνου
3637 1692 3707 1756 ὡς

451 1763 714 1860 πολλάκις
765 1763 1127 1866 ’προσϐάλλων
1166 1793 1271 1862 οὐχ
1315 1792 1465 1853 ὅπως
1507 1763 1696 1859 ἧξωενξ
1750 1763 1889 1842 ἀλλὰ
1938 1763 2035 1839 καί
2066 1763 2112 1823 Β
2137 1763 2331 1845 οίόνίτε
2366 1763 2962 1862 εὐορκεῖν-..Μὴνμέντοι
2991 1806 3056 1859 γε
3088 1763 3351 1860 ἀρκέσειν
3375 1787 3513 1858 πρὸς
3532 1786 3709 1839 πίστιν

452 1890 820 1961 προσηττᾶτο,
847 1888 931 1942 ὅτι
964 1886 1086 1957 μηδ’
1114 1887 1178 1937 ὲκ
1198 1882 1296 1937 τοῦ
1319 1880 1634 1953 προφανοῦς
1659 1878 2037 1940 εῐσσάλλοντες
2136 1883 2236 1956 τὴν
2259 1881 2350 1937 τοῦ
2384 1882 2588 1953 Σέρϐου
2620 1883 3025 1953 παλιμϐουλίαν
3050 1883 3118 1935 ὲκ
3158 1880 3268 1935 τῶν
3294 1880 3542 1934 δυνατῶν
3567 1879 3708 1949 ἐκρι-

445 1976 589 2051 ἦσαν
608 1981 834 2044 ἐκεῖνοι,
864 1976 1002 2030 ἀλλὰ
1018 1974 1275 2046 λῃστείας
1293 1973 1495 2043 τρόπον
1516 1970 1593 2035 ὡς
1611 1969 1679 2023 τὰ
1709 1966 1878 2022 πολλὰ
1911 1982 2039 2036 μετ·
2136 1992 2229 2032 νεν
2259 1975 2457 2043 άλλως,
2502 1975 2653 2051 εῑᾳμὴ
2701 1975 2856 2047 κήδει
2902 1975 2981 2045 τῷ
3021 1973 3165 2028 κατὰ
3204 1974 3387 2044 γάμον
3430 1971 3708 2026 συνδέοιτο.

448 2042 738 2144 εάείριξονο
773 2042 871 2123 κάλ
907 2067 1008 2121 οὐκ
1049 2042 1119 2138 ἦν
1143 2064 1278 2128 ὅλως
1301 2042 1423 2126 ταῖς
1446 2062 1556 2116 τῶν
1571 2059 1856 2132 Ῥωμαίων
1879 2058 2038 2114 δυνά·
2149 2069 2388 2132 Ἐκεῖνος
2413 2068 2460 2122 δ’
2499 2042 2613 2139 siis
2641 2042 2741 2138 τὴν
2760 2042 2859 2121 τοῦ
2890 2042 3136 2140 Τερτερῆ
3169 2067 3234 2119 ὲκ
3285 2042 3385 2136 τῆς
3421 2062 3519 2117 τοῦ
3556 2062 3709 2115 ’Δσὰν

453 2183 610 2238 μεσιν
669 2163 897 2219 εὐοδεῖν.
930 2161 1029 2216 Διά
1055 2176 1136 2212 τοι
1167 2156 1342 2212 ταῦτα
1386 2155 1480 2210 καὶ
1509 2156 1567 2208 ιν
1597 2151 1974 2223 Θεσσαλονίκῃ
2001 2151 2032 2204 6
2137 2158 2372 2229 ἀδελφῆς
2411 2159 2708 2229 θυγατέρα,
2730 2157 2913 2212 λαϐὼν
2944 2157 3036 2212 ὑπ’
3066 2155 3342 2227 ἀσφαλέσι
3364 2155 3583 2209 πίστεσι
3620 2153 3708 2207 σύ-

450 2256 752 2331 ατρατηγδς
778 2253 1086 2325 καθήμενος
1138 2249 1429 2321 εἰργάζετο
1461 2246 1564 2321 μὲν
1590 2246 1685 2301 καὶ
1709 2244 1804 2316 ἀφ’
1836 2241 2034 2298 ἑαυτοῦ
2137 2251 2325 2322 ζυγον.
2359 2247 2484 2322 Εἶχε
2512 2251 2557 2306 δ’
2591 2251 2784 2322 ἑτέραν
2810 2251 3023 2323 πρώην,
3051 2248 3149 2320 τὴν
3183 2247 3281 2303 τοῦ
3310 2246 3530 2302 δυτικοῦ
3550 2245 3704 2300 σεϐα-

452 2445 601 2510 ptam
652 2437 971 2506 imperator,
1025 2437 1317 2503 postquam
1371 2427 1493 2498 ejus
1536 2425 1706 2483 luctui
1740 2439 1864 2481 cum
1917 2425 2036 2495 ipse

451 2539 565 2585 tum
616 2537 789 2584 mater
819 2525 1127 2582 communis
1165 2525 1451 2579 amborum
1497 2522 1682 2578 debito
1713 2522 2033 2578 miseratio-

452 2622 539 2678 nis
590 2619 772 2676 olﬁcio
807 2617 1259 2687 compassisunt,
1296 2614 1441 2686 apud
1483 2630 1607 2672 sese
1635 2615 1891 2683 detinuit,
1942 2629 2033 2671 re-

451 2711 748 2768 missurum
778 2724 837 2766 se
872 2709 1021 2766 illam
1065 2707 1132 2762 ad
1178 2707 1346 2762 ﬁlium
1377 2708 1434 2761 in
1468 2716 1714 2778 tempore
1747 2707 2034 2777 pollicens,

448 2801 542 2858 cui
571 2800 682 2855 ﬁlio
710 2801 764 2855 in
802 2798 981 2866 Lazis,
1030 2806 1091 2852 ut
1127 2798 1335 2852 dictum
1384 2796 1833 2863 est,rdominanti
1881 2797 2034 2854 omni

446 2898 558 2967 jam
605 2909 753 2950 nunc
783 2894 994 2947 ratione
1028 2891 1393 2961 principatum
1427 2888 1647 2945 ﬁrmare
1685 2891 1885 2960 sategit
1925 2888 2035 2944 im-

449 2996 674 3059 perator
707 3005 721 3041 :
765 3000 892 3040 nam
924 2983 1087 3054 hujus
1120 2983 1305 3037 tutelae
1332 2996 1469 3054 puer
1504 2980 1598 3038 ille
1637 2996 1668 3037 a
1694 2988 1859 3053 patre
1885 2995 2036 3037 com-

450 3078 743 3137 mendatus
775 3075 799 3131 l‘
800 3084 979 3132 uerat.

718 3210 811 3266 30.
849 3208 928 3264 De
950 3208 1097 3264 crale
1129 3206 1331 3264 διώξω
1358 3215 1420 3263 τι
1450 3206 1761 3265 Cotanitza.

2140 2444 2251 2489 tur.
2283 2434 2521 2505 Scripsit
2562 2446 2697 2504 ergo
2736 2432 2802 2487 ad
2852 2432 3242 2502 imperatorem
3277 2443 3389 2485 non
3412 2414 3577 2484 aliud
3608 2427 3706 2483 sibi

2140 2526 2309 2581 videri
2348 2526 2476 2581 huic
2507 2524 2761 2580 adhiberi
2808 2539 2972 2595 posse
3011 2523 3158 2578 malo
3192 2524 3501 2580 remedium
3555 2526 3706 2589 quain

2136 2617 2524 2674 conventionis
2552 2632 2616 2672 ac
2646 2615 2875 2673 foederis
2911 2630 3037 2671 cum
3069 2614 3239 2671 cralc.
3273 2613 3425 2670 Idem
3459 2625 3708 2683 praeterea

2140 2723 2370 2783 poscere
2395 2717 2599 2765 statum
2639 2715 2966 2778 praesentem
3011 2705 3313 2761 Orientalis
3357 2705 3567 2769 limitis,
3591 2701 3703 2757 Per-

2138 2817 2323 2859 sarum
2385 2800 2798 2856 incursionibus
2858 2800 3058 2854 vastati
3102 2812 3167 2853 ac
3232 2799 3453 2867 magnis
3503 2795 3709 2850 auxiliis

2137 2892 2373 2962 egentis,
2403 2906 2525 2961 qua
2557 2895 2767 2960 absque
2808 2888 3022 2946 sancita
3055 2904 3179 2945 cum
3212 2887 3411 2944 Serbis
3451 2899 3583 2956 pace
3605 2898 3695 2939 om-

2139 2987 2270 3040 nino
2310 2984 2497 3054 colligi
2549 2984 2913 3054 expedirique
2960 2996 3027 3037 eo
3075 2989 3381 3052 nequeant.
3412 2977 3708 3035 Consilium

2057 3103 2108 3163 ε
2136 3077 2305 3133 facile
2338 3077 2645 3148 probarunt
2679 3076 2979 3147 imperator
3020 3084 3074 3129 et
3114 3075 3152 3129 ii
3191 3087 3338 3143 quos
3368 3073 3424 3127 in
3456 3070 3706 3126 delibera-

2140 3170 2383 3226 tionibus
2435 3168 2771 3236 adhibebat;
2811 3182 3117 3239 omnesque
3155 3173 3569 3223 consenserunt
3609 3176 3708 3216 non

2138 3260 2342 3315 bonum
2372 3261 2570 3327 solum,
2597 3259 2691 3316 sed
2729 3269 2785 3315 et
2813 3261 3085 3331 Optimum
3123 3258 3270 3314 factu
3301 3259 3439 3323 fore,
3475 3259 3520 3314 si
3554 3254 3710 3312 certis

519 3346 636 3406 H30
656 3347 775 3404 Vico
800 3361 983 3401 rerum
1021 3343 1720 3415 increbrescebamgravcs
1752 3344 1819 3400 ad
1854 3344 2032 3416 impe-
2129 3351 2549 3409 conditionibus
2596 3353 2834 3408 stabiliri
2876 3352 3179 3409 concordia
3228 3351 3379 3408 inter
3418 3347 3709 3420 Augustum

450 3450 695 3498 ratorem
727 3438 908 3495 nuntii
948 3437 1016 3493 de
1046 3436 1467 3493 incursionibus
1490 3436 1627 3491 hinc
1659 3436 1882 3507 quidem
1915 3451 2036 3491 cra-

451 3534 519 3590 lis
550 3532 773 3597 Serbiae,
825 3530 956 3586 inde
997 3538 1178 3584 autem
1223 3528 1393 3597 hujus
1442 3528 1687 3599 praefecti
1732 3527 2035 3584 Cmanitza:

451 3641 518 3683 ac
541 3624 806 3689 Tornicii,
833 3622 1037 3693 quibus
1068 3619 1321 3676 ﬁnitima:
1352 3620 1459 3676 illis
1484 3621 1736 3692 partibus
1767 3620 2034 3676 Romanae

450 3719 711 3791 regiones
746 3715 1129 3773 vastabantur.
1161 3714 1300 3768 Hinc
1332 3713 1537 3769 multus
1559 3720 1678 3768 erat
1710 3714 2033 3783 imperator,

451 3820 622 3883 atque
673 3809 809 3864 adeo
839 3814 1013 3870 totus,
1063 3805 1117 3859 in
1165 3820 1297 3861 cura
1343 3811 1395 3859 ot
1444 3805 1778 3877 cogitatione
1824 3805 2036 3860 idoneae

449 3902 794 3959 invenleudae
839 3899 1073 3954 rationis
1122 3897 1556 3953 coercendorum
1612 3896 2032 3954 latrociniorum

450 3991 673 4049 barbari
724 4005 869 4046 nunc
900 3988 1266 4060 legationibus
1306 4004 1455 4045 nunc
1502 3988 1840 4045 militaribus
1871 4005 2037 4061 expe-

450 4083 775 4149 ditionibus,
812 4082 1086 4153 siquidem
1125 4096 1384 4153 magnum
1418 4096 1482 4138 ea
1504 4090 1833 4151 tempestate
1867 4096 2035 4150 cono-

450 4178 715 4243 staulum,
750 4176 999 4241 Glabam,
1032 4174 1186 4229 illum
1217 4172 1313 4230 Dei
1343 4173 1647 4242 hominem,
1682 4189 1809 4231 cum
1838 4174 2035 4230 validis

450 4273 624 4344 copiis
665 4278 859 4328 contra
904 4269 1139 4326 Serbum
1196 4269 1368 4336 misit,
1400 4269 1497 4340 qui
1548 4284 1698 4340 smpe
1732 4270 2036 4341 conﬂigens

451 4366 591 4422 adeo
628 4378 822 4435 parum
855 4361 1090 4432 profecit
1133 4370 1195 4416 ut
1227 4362 1371 4418 victo
1413 4362 1651 4418 similior
1682 4361 2034 4429 abscederet,

2136 3452 2190 3501 et
2214 3446 2416 3501 cralem
2451 3445 2758 3516 redimique
2790 3447 3060 3502 securitas
3107 3459 3170 3500 ac
3202 3446 3365 3516 quies
3402 3444 3710 3515 populorum

2137 3550 2345 3611 posset.
2387 3537 2455 3595 At
2482 3555 2645 3611 quam
2682 3549 2904 3609 paratus
2935 3539 3236 3610 imperator
3268 3548 3393 3594 erat
3423 3537 3488 3591 ad
3528 3534 3701 3591 statim
3734 3606 3735 3609 η

2140 3633 2485 3688 tractandam
2518 3633 2661 3687 bona
2708 3631 2814 3688 ﬁde
2842 3640 2953 3686 tam
2991 3632 3369 3687 necessariam
3416 3626 3710 3698 tranquilli-

2137 3725 2235 3779 tati
2273 3725 2508 3795 puhlicze
2553 3742 2677 3781 cum
2732 3727 2890 3783 hoste
2920 3727 3105 3783 vicino
3156 3734 3211 3781 et
3260 3727 3472 3795 potenti
3506 3736 3712 3796 pacem.

2138 3823 2248 3869 tam
2280 3815 2512 3885 cogebat
2564 3831 2688 3871 eum
2740 3829 2987 3873 metuere
3011 3833 3080 3872 ne
3123 3817 3178 3871 id
3227 3820 3440 3873 frustra
3481 3819 3706 3871 tentaret
3798 3812 3811 3827 ‘

2137 3912 2268 3959 nota
2299 3906 2633 3962 inatabilitas
2662 3907 2845 3973 Serbi,
2878 3909 3037 3978 proni
3070 3909 3138 3963 ad
3171 3909 3509 3965 mutationes
3546 3901 3710 3960 homi-

2139 3995 2227 4051 nis
2255 4003 2311 4051 et
2341 3995 2658 4053 desultoriac
2690 3999 2747 4053 in
2796 4000 3370 4067 contrariarlevitatis.
3407 3996 3705 4054 Artioribus

2137 4088 2308 4159 igitur
2348 4104 2475 4145 eum
2527 4090 2631 4147 sibi
2691 4092 3108 4161 astringendam
3157 4091 3224 4146 ad
3263 4092 3427 4148 ﬁdem
3468 4087 3708 4147 amicitia

2136 4185 2447 4239 constantis
2474 4199 2638 4254 quam
2671 4184 2980 4252 vulgarium
3013 4186 3446 4240 conventionum
3484 4181 3707 4239 vinculis

2136 4284 2310 4341 ratus,
2354 4284 2486 4330 tunc
2521 4283 2733 4330 tantum
2784 4275 2889 4331 sibi
2928 4278 3301 4333 certumfore
3337 4276 3549 4333 socium
3595 4285 3708 4329 cra-

2139 4367 2243 4422 lem
2276 4367 2639 4433 existimavit,
2687 4368 2733 4424 si
2774 4368 2899 4423 data
2932 4370 2982 4425 ei
3029 4384 3060 4425 e
3098 4371 3576 4441 consanguinitate
3613 4378 3707 4421 sua

449 4458 711 4530 quoniam
758 4457 834 4512 illi
864 4456 1160 4513 decretorii
1194 4454 1372 4525 praelii
1415 4456 1633 4525 copiam
1684 4470 1793 4510 non
1827 4456 2035 4511 lacien—
2069 4472 2114 4528 ι)
2135 4459 2375 4528 conjuge
2426 4457 2641 4511 civilem
2680 4465 2970 4527 pactorum
3001 4458 3399 4530 obligatiouem
3432 4454 3575 4512 nodo
3606 4451 3709 4531 vel-

452 4562 558 4621 tes,
583 4548 867 4606 vitabundi
905 4563 970 4603 ac
995 4564 1125 4603 mox
1158 4549 1470 4604 coorientes
1502 4563 1573 4603 ex
1609 4547 1847 4613 insidiis,
1879 4562 2035 4605 more

452 4643 731 4698 latronum
771 4641 1031 4712 pleraque
1068 4637 1232 4710 272
1263 4637 1631 4709 peragebant;
1679 4638 1880 4706 quibus
1912 4637 2035 4693 ideo

450 4738 734 4793 Romanus
783 4733 1062 4789 exercitus
1098 4732 1223 4786 unis
1272 4729 1538 4784 collectus
1572 4729 1776 4785 castris
1814 4738 1871 4784 et
1900 4745 2036 4801 qua—

450 4831 608 4887 drata
635 4842 851 4898 semper
890 4823 1198 4895 procedens
1234 4820 1353 4876 acie
1397 4818 1547 4874 haud
1587 4818 1806 4874 valebat
1836 4835 2034 4877 occur-

450 4939 598 4987 rere,
650 4916 1034 4991 grassantibus
1065 4912 1448 4984 manipulatim
1483 4918 1578 4967 aut
1616 4911 1900 4967 turmatim
1937 4928 2036 4984 per

452 5017 573 5072 loca
601 5013 729 5067 inde
753 5009 1055 5078 longinqua
1084 5014 1140 5060 et
1168 5006 1280 5061 fere
1310 5005 1456 5059 avia.
1485 5003 1834 5075 Quapropter
1857 5005 2034 5061 Thes-

453 5103 717 5163 salonicae
745 5100 950 5156 Glabas
986 5097 1238 5154 residens
1272 5097 1409 5152 nihil
1440 5096 1531 5151 ille
1562 5096 1784 5167 quidem
1814 5096 2036 5151 omitte-

452 5199 548 5254 bat
580 5192 727 5265 quod
772 5200 960 5262 posset
994 5190 1201 5246 utiliter
1230 5190 1446 5246 consuli
1483 5190 1549 5244 ad
1595 5191 1888 5245 tuitionem
1928 5189 2038 5243 Ro-

453 5302 741 5345 manorum
804 5283 1023 5351 ﬁnium,
1090 5283 1186 5338 sed
1246 5281 1402 5338 abire
1468 5284 1654 5338 omnia
1704 5283 1759 5339 in
1812 5282 2033 5337 irritum

453 5382 669 5444 videns,
703 5376 1034 5448 desperabat
1092 5389 1260 5446 posse
1312 5374 1537 5445 reprimi
1592 5375 1828 5446 impetus
1867 5375 2037 5431 latro-

451 5488 605 5536 num,
638 5471 731 5542 qui
764 5485 829 5524 ex
856 5473 977 5521 tuto
1005 5466 1278 5522 irruentes
1310 5467 1364 5519 in
1406 5466 1720 5535 contiguam
1770 5468 2030 5536 praedam,

449 5565 507 5620 in
534 5577 665 5620 suas
696 5576 756 5617 se
793 5558 1032 5614 latebras
1081 5557 1264 5611 onusti
1302 5557 1662 5627 recipiebant,
1709 5559 2052 5629 priusquam,

449 5657 717 5714 indicium
774 5650 1102 5724 irruptionis
1156 5650 1405 5721 ipsorum
1463 5659 1558 5706 aut
1619 5651 1859 5707 facultas
1922 5652 2030 5705 ulla

449 5748 812 5821 praevertendi
852 5761 1043 5805 eorum
1087 5745 1325 5816 impetus
1359 5746 1493 5802 satis
1538 5753 1754 5801 mature
1802 5744 2032 5802 habere-

2143 4556 2205 4603 ut
2258 4546 2491 4617 quodam
2543 4546 2756 4602 fortiori
2814 4549 3084 4619 religiosa:
3133 4548 3564 4606 necessitudinis
3618 4557 3709 4616 per

2134 4641 2442 4709 nuptialem
2492 4640 2823 4696 afﬁnitatem
2859 4642 3229 4697 astrinxissct.
3282 4642 3473 4699 Crales
3534 4649 3706 4696 autem

2137 4732 2241 4787 etsi
2268 4731 2556 4802 curtjugem
2576 4733 2689 4800 jam
2716 4735 2934 4788 tertiam
2976 4735 3031 4789 in
3067 4736 3435 4791 contubernio
3462 4732 3706 4795 habebat.

2134 4822 2431 4895 expeditus
2463 4835 2649 4880 tamen
2697 4825 2765 4880 ad
2806 4840 2977 4882 novas
3012 4828 3231 4897 nuptias
3270 4827 3446 4883 videri
3482 4829 3707 4896 poterat,
3808 4848 3811 4865 =

2138 4917 2403 4985 quoniam
2445 4918 2549 4973 hoc
2596 4919 2718 4988 ejus
2753 4920 3090 4974 connubium
3147 4920 3310 4992 273
3368 4936 3468 4992 per
3516 4916 3606 4974 Dei
3657 4922 3709 4970 et

2138 5010 2402 5065 Ecclesiae
2459 5011 2606 5082 leges
2662 5026 2885 5069 cassum
2947 5014 3278 5086 irritumque
3338 5013 3704 5085 judicabatur.

2138 5098 2377 5157 Duxerat
2423 5101 2470 5158 is
2521 5102 2760 5173 primum
2825 5104 2933 5159 ritu
2984 5104 3232 5177 legitimo
3278 5121 3527 5173 uxorem,
3556 5101 3706 5170 cuius

2136 5201 2329 5264 postea
2362 5206 2631 5265 pertaesus
2663 5197 2783 5253 sine
2818 5199 2928 5253 ulla
2958 5214 3123 5255 causa
3163 5199 3360 5256 idonea
3395 5200 3537 5253 illam
3566 5195 3708 5263 abie‘

2138 5292 2309 5350 cerat,
2349 5285 2564 5369 intrusa
2603 5288 2658 5341 in
2705 5288 2939 5363 viventis
2980 5289 3159 5345 adhuc
3192 5292 3368 5345 locum
3393 5286 3621 5343 Joannis
3650 5284 3703 5336 in

2137 5376 2385 5433 Occiduo
2419 5387 2600 5434 tractu
2656 5381 3114 5439 sebastocratoris
3166 5386 3297 5440 ﬁlia.
3343 5383 3449 5439 Sed
3496 5390 3551 5437 et
3581 5378 3703 5435 huic

2137 5468 2335 5525 deinde
2370 5472 2489 5540 pari
2536 5471 2757 5529 levitate
2805 5475 3105 5542 repudiatae
3139 5478 3487 5545 rctnissmquc
3520 5472 3585 5525 ad
3618 5484 3703 5539 pa-

2139 5571 2274 5615 trem
2310 5564 2552 5629 tertiam,
2599 5564 2667 5620 de
2700 5581 2806 5637 qua
2833 5567 2972 5635 dixi,
3011 5570 3491 5640 superimluscrat,
3525 5565 3700 5618 Ter-te-

2136 5651 2213 5705 ris
2254 5651 2440 5718 ﬁliam,
2487 5670 2556 5711 ex
2616 5671 2809 5713 sorore
2852 5659 3091 5728 genitam
3142 5662 3360 5725 Asanis,
3417 5652 3698 5727 Superslile

2136 5742 2494 5802 nihilominus
2524 5748 2697 5818 prima
2730 5748 2823 5805 illa
2848 5751 2960 5807 sola
2993 5752 3233 5825 legitima
3266 5754 3531 5823 conjuge;
3562 5745 3695 5803 unde
