4018 6464
356 378 462 444 301
821 393 832 403 -
1254 375 1350 436 DE
1381 373 1826 438 ANDRONICO
1869 376 2335 440 PALt‘EOLOGO
2377 380 2526 442 un.
2572 379 2685 440 ιιι.
3512 380 3620 443 302

346 493 711 563 στοκράτορος
759 491 1008 545 Ἰωάννου
1051 491 1369 561 Θυγατὲρα,
1425 492 1522 547 καὶ
1572 493 1681 562 πρὸ
1723 485 1926 564 ταύτης
1957 500 1999 556 Α
2029 494 2258 564 ἀδελφοῦ
2295 495 2566 563 Στεφάνου
2609 491 2943 564 προῆκον-τός
2978 508 3037 544 τε
3071 491 3148 560 τῷ
3182 492 3358 562 χρᾶνῳ
3416 495 3512 546 καί
3553 512 3617 562 γε

345 587 518 653 ἄλλην
546 586 613 653 ἦν
642 581 983 653 ἀποστέρξας
1008 583 1136 651 παρ’
1162 583 1421 652 οὐδεμίαν
1462 585 1642 637 αἰτίαν
1683 583 1928 653 εῦλογον,
2033 588 2112 658 τῷ
2139 587 2333 657 δικαίῳ
2355 583 2800 656 προτιμωμένου,
2839 585 2888 635 εί
2938 584 3189 646 κάκεῖνος
3227 584 3492 653 ὲπίχωλος
3539 585 3616 639 ὣν

343 675 509 741 ἀφεὶς
533 672 752 741 ἐκείνην
777 671 876 742 τὴν
907 671 1138 741 νόμιμον
1175 672 1415 736 πάντως,
1451 671 1538 742 [Ρ.
1571 670 1697 743 185]
1732 675 1797 742 τῇ
1832 671 1928 725 τοῦ
2035 679 2129 730 καὶ
2163 677 2354 747 μῶμον
2379 676 2560 745 φέρων
2608 676 2666 728 ὲν
2700 673 2933 745 σώματι,
2983 673 3066 726 ἔτι
3099 674 3155 727 δὲ
3200 673 3292 727 καὶ⁵
3330 676 3620 746 ἀπραγμο-

353 766 608 820 Ίωάννου
637 765 1016 834 συμπλέκεται
1051 763 1306 834 θυγατρί.
1354 763 1514 819 Ἀλλὰ
1541 765 1634 818 καὶ
1660 763 1806 816 ὲσέτι
1831 764 1930 833 τῆς
2034 768 2172 838 σύνῃ
2205 767 2375 836 συζῇν
2404 765 2629 828 ἐθέλων,
2679 763 2864 835 χώραν
2901 762 2999 833 τὴν
3033 763 3224 833 ἱκανὴν
3265 763 3617 834 ἀποτεμόμε-

339 859 579 931 νομίμου
609 859 790 929 ζώσης
817 858 1096 921 ἀπολύσας
1123 859 1328 927 ταύτην
1379 859 1516 930 πρὸς
1568 859 1661 911 τὸν
1693 859 1928 928 πατέρα,
2032 877 2122 921 νος
2183 858 2362 928 ἐαυτῷ
2406 856 2504 926 τὴν
2545 857 2644 925 τῆς
2695 856 2871 925 ἀρχῆς
2925 853 3181 925 ἀσχολίαν
3230 854 3367 923 πρὸς
3408 856 3618 910 ἐκεῖνον

334 951 500 1004 οὐδὲν
547 950 832 1020 συμπεσὸν
878 950 1018 1020 ὑπὲρ
1066 947 1164 1002 τοῦ
1216 949 1426 1019 ταύτης
1458 948 1785 1019 διαζυγῆναι
1853 948 1930 1001 δί-
2031 953 2204 1023 ἠφίει,
2237 954 2347 1013 τοῖς
2380 947 2567 1003 παισὶν
2589 947 2781 1000 ἑαυτοῦ
2805 948 2904 1017 τὴν
2933 947 3106 1019 ἀρχὴν
3136 947 3442 1016 φυλάξοντα
3475 950 3618 1019 μετὰ

335 1062 521 1109 καιον,
549 1043 646 1114 τὴν
673 1042 768 1096 τοῦ
795 1043 1041 1114 Τερτερῆ
1065 1030 1404 1112 ἐπηγάγετο,
1437 1043 1532 1094 καὶ
1567 1036 1682 1110 εἶχε
1714 1039 1926 1109 ταύτην
2033 1047 2285 1102 θάνατον.
2327 1045 2489 1096 Ὥστε
2524 1043 2618 1098 καὶ
2659 1041 2748 1096 διὰ
2775 1042 2947 1096 ταῦτα
2975 1043 3243 1106 παντοίως
3277 1044 3490 1112 ὑπῆκτο
3536 1045 3613 1115 τῷ

334 1139 535 1209 τρίτην
562 1136 670 1190 ἀπὸ
702 1134 802 1202 τῆς
824 1135 1058 1204 νομίμου
1091 1132 1272 1188 λαθών
1296 1151 1311 1164 “
1347 1133 1499 1206 ζῶσα
1530 1133 1638 1203 γὰρ
1668 1133 1702 1202 ἡ
1733 1131 1928 1202 προτέ-
1992 1136 2124 1223 ςτού
2156 1137 2424 1207 βασιλέως
2450 1137 2740 1207 θελήματι,
2781 1135 2875 1187 καὶ
2905 1134 3298 1206 προσελιπάρει
3337 1137 3492 1205 φίλος
3522 1155 3606 1206 γε·

337 1247 414 1299 ρα
436 1229 534 1291 τὰς
565 1227 954 1296 ὲπιγενομένας
990 1221 1339 1296 παρανόμους
1371 1227 1701 1296 ἀπήλεγχεν.
1745 1224 1926 1278 Ἐπεί-
1994 1221 2007 1223 ’
2030 1229 2217 1283 νέσθαι
2252 1229 2348 1282 καὶ
2381 1228 2676 1298 συγγενής.
2708 1227 2810 1280 Τὸν
2839 1227 2896 1280 δέ
2919 1243 2982 1294 γε
3008 1227 3346 1297 Κοτανίτζην
3376 1228 3472 1281 καὶ
3494 1228 3612 1281 λίαν

338 1337 414 1391 ρα
464 1320 646 1372 τοίνυν
698 1318 793 1370 καὶ
849 1317 1008 1385 μόνον
1041 1315 1297 1386 βασιλεὺς
1323 1316 1420 1370 τοῦ
1470 1315 1750 1387 βαρϐάρου
1786 1316 1926 1385 πρὸς
2028 1320 2450 1391 καθυπισχνεῖτο
2481 1319 2874 1390 παραδιδόναι·
2925 1317 3017 1372 τὸν
3050 1319 3160 1388 γὰρ
3185 1321 3431 1388 γαμετῆς
3457 1323 3610 1390 προῖο

335 1413 581 1474 σπονδάς
616 1413 717 1482 ἠδη
748 1409 1049 1474 κλιθέντοςι
1080 1411 1205 1464 ὲπεῖν·
1235 1411 1332 1464 καὶ
1379 1413 1414 1480 ἡ
1449 1409 1692 1480 προτέρα
1729 1407 1924 1479 τεθνη-
2029 1413 2220 1484 έμενον
2245 1414 2342 1467 οὐκ
2376 1413 2522 1477 εἰκὸς
2548 1407 2690 1466 εἶναι
2723 1412 3010 1483 ἀλλοτρίου
3050 1411 3353 1483 φείδεσθαι.
3389 1411 3608 1477 Τούτοις

331 1511 471 1562 κυῖα
523 1507 772 1577 ἠκούετο,
831 1505 925 1558 καὶ
956 1504 1019 1557 τὸ
1052 1503 1160 1557 ἀπὸ
1201 1503 1357 1557 τοῦδε
1405 1506 1474 1574 τῇ
1524 1501 1926 1574 συνοικησούσῃ
2028 1505 2318 1558 κατανεύει
2346 1509 2439 1558 καὶ
2494 1503 2771 1574 βασιλεὺς,
2805 1504 2902 1558 καὶ
2934 1504 3034 1574 ἤδη
3072 1506 3170 1574 τὴν
3203 1504 3444 1575 ἀδελφὴν
3475 1522 3608 1560 παν.

331 1602 558 1671 νομίμῳ
610 1594 746 1652 εἶναι
779 1599 917 1668 μετὰ
944 1597 1048 1668 τὴν
1080 1595 1307 1667 πρώτην
1365 1597 1588 1664 ἐδίδοτο,
1627 1597 1735 1650 τῶν
1761 1597 1820 1648 ὲν
1847 1595 1926 1666 τῷ
2026 1595 2185 1659 τοίως
2209 1594 2526 1665 ὑπέρχεται,
2557 1593 2790 1664 νόμιμόν
2821 1593 2956 1647 τετὸ
2979 1593 3341 1663 συνάλλαγμα
3367 1592 3613 1665 βεϐαιού-

333 1692 546 1762 μεταξὺ
580 1692 654 1754 ὠς
685 1690 856 1744 νὸοων
896 1689 1447 1760 ἀπηλλοτριωμένων,
1482 1689 1640 1758 εἴπερ
1671 1687 1924 1742 ἀπολύων
2030 1701 2224 1756 μενος’
2260 1687 2295 1756 ἡ
2351 1686 2459 1757 γὰρ
2517 1687 2750 1757 νόμιμος
2811 1685 3108 1756 ἐτεθνήκει,
3160 1685 3194 1757 ἣ
3250 1685 3314 1757 δὴ
3353 1689 3476 1749 ταῖς
3513 1685 3604 1756 μὲι

328 1786 435 1857 τὴν
474 1783 569 1838 τοῦ
601 1785 644 1836 Τ
649 1785 846 1855 ερτερῆ
902 1781 1410 1852 ὲπιγαμϐρεύεσθαί
1463 1783 1514 1835 oi
1545 1781 1788 1850 βούλοιτο
1829 1783 1924 1834 καὶ
1954 1831 2000 1891 Β
2029 1777 2312 1891 ἐπιούσαις
2341 1776 2818 1891 περιούσαρξτιιτὸ
2847 1777 3340 1891 νόθονὶείρῖάζετο
3377 1779 3473 1891 καὶ
3506 1797 3606 1832 πα-

329 1880 475 1944 τέως
503 1878 589 1932 ἐπ’
624 1875 935 1947 αύταδέλφῃ
973 1877 1040 1947 τῇ
1073 1873 1304 1944 Εύδοκίᾳ
1330 1873 1432 1944 ἤδη
1464 1875 1607 1928 κατὰ
1633 1874 1732 1946 τὴν
1766 1872 1922 1926 πόλιν
1952 1866 2000 1891 ’³³
2031 1866 2284 1936 ράνομον,
2318 1870 2383 1938 τῇ
2419 1867 2474 1921 δὲ
2506 1868 2705 1938 ἑφεξῆς
2736 1867 2923 1922 ἔκτοτε
2953 1869 3355 1938 τελευτήσαντα
3378 1870 3614 1942 νόμιμον

329 1970 473 2043 οὔσῃ
499 1968 865 2041 κεχηρωμένῃ
887 1967 979 2021 τοῦ
1009 1966 1285 2020 Ἰωάννου.
1328 1964 1388 2020 '0
1420 1966 1477 2020 δὲ
1531 1966 1699 2037 μηδὲν
1731 1965 1930 2037 μελλή-
2029 1956 2211 2012 δίδωσι
2243 1959 2338 2012 καὶ
2359 1960 2509 2024 ἄξιον
2535 1961 2762 2032 προσέτι
2793 1960 2941 2032 ἀξίᾳ.
2988 1962 3148 2016 Ἀλλὰ
3183 1963 3275 2016 καὶ
3300 1964 3446 2016 πόλλ’
3475 1963 3614 2018 ἄττα

331 2082 458 2129 σας,
493 2061 611 2115 ἀλλ’
642 2061 718 2124 ὼς
741 2061 810 2114 τὰ
847 2060 1080 2130 μέγιστα
1111 2057 1207 2110 καὶ
1239 2056 1571 2127 ληψόμενος,
1618 2056 1836 2126 ἕτοιμος
1859 2051 1929 2125 ἦν
2029 2049 2204 2120 λέγων
2232 2053 2332 2106 οὐκ
2356 2052 2572 2107 ἔπειθεν
2592 2070 2608 2087 ο
2645 2053 2906 2124 ἠϐούλετο
2935 2056 3061 2126 γὰρ,
3099 2056 3174 2118 ὼς
3201 2055 3385 2125 ἐῴκει,
3427 2055 3610 2127 εκείνη

331 2155 424 2225 ἐφ’
450 2152 768 2225 ὁμολογίαις
796 2169 856 2206 τε
906 2152 1002 2205 καὶ
1051 2149 1351 2219 συνθήκαις
1407 2151 1508 2219 τὴν
1550 2149 1645 2204 τοῦ
1679 2148 1925 2220 Τερτερῆ
2029 2141 2108 2211 τῷ
2131 2141 2288 2212 ἀνδρὶ
2327 2143 2620 2212 φυλάττειν
2674 2144 2772 2207 τὰς
2811 2144 3023 2206 πίστεις
3062 2146 3158 2198 καὶ
3200 2144 3610 2216 τελευτήσαντι,

327 2243 863 2316 ἀποπροσποιείσθαι
901 2245 996 2298 καὶ
1042 2244 1142 2317 τὴν
1184 2245 1281 2300 τού
1348 2241 1621 2314 βασιλέως
1675 2240 1928 2311 δέχεσθαι
2029 2242 2124 2294 καὶ
2165 2239 2240 2310 μὴ
2271 2240 2355 2294 ὅτι
2391 2257 2456 2309 γε
2491 2239 2667 2310 κρᾶλῃ
2704 2239 2959 2310 Σερόίας.
2987 2239 3252 2294 ἅλλόύδὲ
3293 2240 3389 2294 καὶ
3415 2239 3610 2314 τούτου

327 2337 574 2406 ἀδελφήν
594 2334 861 2388 ’ἔσπευδε
891 2335 1000 2404 γὰρ
1031 2335 1132 2398 τὰς
1162 2334 1313 2405 παρὰ
1343 2332 1438 2388 τοῦ
1480 2330 1749 2401 βασιλέως
1775 2328 1928 2382 ὲλπί-
2028 2329 2209 2399 πολλῷ
2236 2327 2444 2398 μείζονι
2483 2329 2564 2391 είς
2595 2327 2748 2399 λέχος
2793 2327 3046 2400 δεύτερον
3094 2331 3357 2384 συνιέναι.
3414 2330 3526 2394 Τὰς
3555 2330 3613 2385 δὲ

326 2433 450 2495 ξας,
473 2427 572 2481 καὶ
609 2426 686 2490 ὡς
709 2425 964 2497 μεγάλων
992 2427 1408 2496 ὲπιτευξόμενος
1447 2424 1607 2495 ἤθελε
1630 2423 1692 2475 τὸ
1723 2420 1925 2475 συνὸιλ-
2027 2419 2122 2474 τοῦ
2159 2419 2424 2490 βασιλέως
2450 2419 2816 2489 θεραπεύσεις
2849 2420 3040 2484 ἱκανὰς
3076 2419 3174 2490 μὲν
3202 2420 3416 2492 ἔκρινεν
3436 2421 3614 2478 ἄλλως

327 2522 546 2591 λαγμα,
586 2517 711 2572 ἐπεὶ
743 2516 840 2571 καὶ
886 2516 1024 2588 πρὸς
1072 2518 1173 2588 τὴν
1221 2517 1394 2588 ἀρχὴν
1443 2513 1798 2586 ὲκραδαίνετο
1829 2512 1925 2567 τοῦ
2029 2515 2123 2569 καὶ
2163 2513 2418 2580 πιθανὰς,
2447 2513 2581 2584 ἄλλῃ
2620 2513 2676 2567 δέ
2714 2514 2770 2582 γ’
2803 2513 2956 2582 ίσως,
2994 2515 3056 2568 οὐ
3082 2515 3192 2585 μὴν
3216 2516 3408 2587 ἑαυτῇ,
3440 2517 3489 2568 εί
3518 2517 3614 2570 καὶ

331 2700 520 2770 palam
555 2707 676 2753 erat
701 2694 894 2754 anibas
928 2698 1027 2753 has
1058 2695 1331 2768 posterius
1371 2703 1671 2751 attentatas
1704 2697 1928 2768 nuptias
2029 2707 2130 2746 cur
2164 2690 2308 2748 enim
2337 2691 2394 2745 in
2422 2700 2612 2746 extero
2643 2689 2933 2761 prodendo
2966 2700 3345 2756 cunctaretur,
3379 2693 3474 2764 qui
3503 2702 3609 2748 tam

331 2792 469 2847 nihil
505 2807 536 2844 a
568 2789 716 2846 fcedo
744 2789 1005 2859 pellicatu
1045 2788 1349 2844 destitisse.
1384 2789 1542 2842 Tunc
1584 2798 1768 2842 autem
1798 2803 1923 2842 cum
2029 2785 2190 2839 facile
2243 2784 2434 2838 uxoris
2483 2782 2607 2836 loco
2667 2782 2910 2837 habitam
2969 2784 3254 2847 mulierem
3315 2785 3614 2857 abjicqret?

335 2879 454 2934 haec
477 2880 779 2949 imperator
797 2878 1057 2948 agitaret,
1089 2877 1758 2941 accideratcommodum,
1791 2893 1925 2932 nun-
2027 2876 2166 2930 Cum
2198 2873 2281 2929 sic
2317 2873 2485 2944 igitur
2519 2873 2668 2929 inter
2707 2873 2914 2929 cralem
2949 2875 3375 2946 Augustumque
3415 2892 3615 2932 conve-

342 2969 468 3023 tiari
493 2975 729 3024 mortem
759 2967 909 3025 illius
950 2967 1199 3023 mulieris
1229 2981 1351 3036 quae
1385 2967 1562 3036 prima
1611 2967 1748 3022 crali
1783 2982 1926 3036 nup-
2030 2967 2230 3030 nisset,
2291 2965 2721 3022 communicavit
2761 2967 2848 3021 hic
2900 2969 3179 3038 negotium
3223 2968 3477 3026 Eudocia:
3523 2986 3613 3025 so-

345 3062 538 3125 sisset;
570 3073 680 3130 qua
713 3073 842 3115 vera
886 3068 1193 3130 comperta,
1227 3040 1587 3114 manifestum
1614 3065 1731 3113 erat
1772 3058 1924 3114 solu-
2030 3059 2144 3113 rori
2180 3073 2624 3130 magnopereque
2660 3059 2802 3114 illam
2837 3063 3016 3116 oravit
3047 3078 3116 3119 ne
3151 3074 3474 3131 gravaretur
3522 3081 3614 3122 ra-

337 3160 454 3206 tum
484 3168 611 3208 esse
644 3153 798 3207 illum
850 3167 914 3206 ac
933 3152 1175 3206 liberum
1222 3150 1290 3206 ad
1322 3165 1523 3206 novum
1573 3151 1678 3206 rite
1708 3166 1920 3206 connu-
1947 3169 1994 3232 ο
2029 3156 2138 3204 tam
2164 3149 2368 3205 habere
2397 3157 2559 3206 tantae
2585 3151 2640 3205 in
2666 3166 2959 3208 commune
2989 3154 3246 3210 utilitatis
3270 3157 3611 3214 afﬁnitatem.

328 3243 483 3299 bium
529 3242 858 3298 ineundum.
894 3242 1038 3313 Ergo
1087 3254 1212 3296 cum
1246 3231 1353 3298 hoc
1396 3242 1580 3312 ipsum
1614 3242 1664 3298 ei
1707 3243 1919 3313 signifi-
1964 3231 1974 3232 ί
2029 3241 2109 3298 Ac
2141 3243 2378 3314 primum
2415 3243 2662 3313 impense
2691 3245 2906 3300 studuit
2944 3248 3266 3316 scrupulum
3308 3253 3357 3304 ei
3390 3266 3608 3306 omnem

325 3337 444 3392 cari
484 3344 743 3391 curasset
767 3336 1083 3404 imperator,
1127 3335 1584 3406 adjunxissetque
1614 3350 1678 3391 se
1719 3335 1796 3390 illi
1827 3350 1921 3391 so-
2029 3335 2292 3392 eximere.
2338 3333 2495 3401 Quod
2536 3335 2683 3390 enim
2737 3337 2922 3392 crales
2961 3353 3187 3395 uxorem
3225 3341 3427 3397 habere
3460 3345 3613 3400 vide-

324 3445 512 3486 rorem
538 3428 822 3499 propriam
851 3427 1152 3482 Eudociam
1187 3426 1418 3484 Joannis
1457 3429 1727 3483 Lazorum
1762 3429 1918 3499 prius
2029 3436 2204 3490 retur,
2251 3440 2406 3482 certo
2455 3436 2718 3484 constare
2752 3445 2959 3485 meram
2999 3445 3120 3486 eam
3167 3448 3292 3489 esse
3334 3437 3610 3505 pellicem,

323 3520 469 3590 cipis
495 3519 738 3583 viduam,
771 3520 816 3575 si
848 3518 1014 3573 ﬁliam
1047 3518 1312 3584 Terteris,
1364 3523 1452 3576 cui
1485 3522 1634 3576 nullo
1667 3531 1814 3578 esset
1846 3521 1920 3576 les
2028 3536 2192 3590 quam
2229 3535 2257 3572 a
2283 3534 2344 3576 se
2377 3521 2565 3589 procul
2603 3520 2858 3591 ablegare
2887 3523 3300 3591 paratissimum
3326 3543 3387 3582 se
3417 3529 3607 3588 ferret.

324 3614 522 3684 gitimo
566 3612 858 3667 devinctus
922 3626 1091 3678 nexu,
1162 3611 1484 3679 dimitteret,
1551 3614 1915 3679 sociaturum,
2029 3611 2205 3666 Unam
2237 3609 2412 3665 fuisse
2451 3625 2580 3665 vero
2612 3611 2714 3680 ipsi
2753 3612 3106 3669 matrimonio
3139 3618 3454 3675 devinctam
3492 3623 3610 3692 pri.

325 3704 548 3760 facilem
580 3704 738 3758 illum
764 3703 978 3758 invenit
1011 3704 1078 3758 ad
1112 3704 1414 3774 splendidae
1447 3705 1551 3776 ipsi
1579 3715 1744 3774 atque
1764 3706 1917 3760 utilis
2029 3717 2174 3757 mam
2227 3701 2538 3772 coniugem,
2597 3703 2758 3771 cujus
2809 3719 2957 3759 nunc
3005 3708 3224 3762 recenti
3263 3709 3414 3765 obitu
3446 3712 3610 3782 plane

324 3797 763 3867 propositionem
796 3795 1196 3850 admittendam
1227 3793 1536 3854 affinitatis.
1581 3796 1715 3852 Nam
1772 3799 1917 3854 hunc
1985 3832 1993 3838 μ
2027 3793 2241 3848 solutus
2270 3793 2421 3846 omni
2451 3792 2676 3847 vinculo
2711 3795 2950 3866 conjugii
2975 3806 3030 3852 et
3055 3797 3164 3868 juri
3202 3801 3268 3855 ad
3304 3818 3471 3860 novas
3503 3821 3608 3861 nu-

327 3889 394 3944 ad
425 3889 594 3944 istam
637 3888 1018 3943 conditionem
1059 3888 1261 3959 cupide
1298 3889 1670 3958 arripiendam
1717 3901 1916 3960 praeter
2029 3885 2174 3954 ptius
2203 3885 2440 3939 naturali
2491 3885 2814 3953 plenissime
2849 3890 3162 3957 restitutus,
3197 3895 3318 3950 sine
3368 3898 3477 3951 ulla
3509 3914 3608 3953 cu-

327 3987 530 4035 cetera
559 3977 886 4033 hortabatur
915 3985 1093 4032 metus
1120 3994 1150 4030 a
1187 3977 1359 4033 fratre
1385 3977 1580 4046 majori
1610 3978 1911 4047 Stephano,
2020 3979 2286 4049 jusquam
2318 3978 2684 4046 dubitatione,
2717 3992 3058 4038 censeretur.
3089 3983 3216 4042 Haec
3260 3995 3316 4044 et
3365 3990 3422 4044 in
3462 3991 3606 4050 hanc

322 4073 418 4127 cui
469 4085 598 4126 cum
656 4051 1000 4140 principatu!
1059 4068 1266 4126 Serbian
1305 4079 1368 4125 ut
1415 4071 1787 4141 primogenito
1823 4070 1917 4126 de-
2024 4071 2356 4129 sententiam
2394 4069 2561 4123 multa
2598 4085 2722 4125 cum
2763 4073 3012 4132 audisset
3055 4077 3323 4152 Eudocia,
3373 4099 3606 4155 respeno

329 4161 506 4218 functi
539 4161 708 4218 cralis
732 4162 1047 4229 deberetur,
1071 4163 1336 4234 exclusus
1365 4163 1494 4219 inde
1522 4164 1570 4218 is
1595 4164 1737 4218 haud
1764 4165 1913 4234 justa
2023 4164 2105 4220 dit
2137 4179 2198 4219 se
2227 4163 2386 4219 fidem
2413 4167 2505 4222 uni
2541 4167 2656 4222 viro
2677 4168 2845 4221 semel
2874 4168 3055 4223 datam
3085 4175 3410 4229 servandam
3436 4179 3602 4233 etiam

325 4255 396 4310 de
457 4269 626 4311 causa
661 4253 863 4322 fuerat,
892 4253 1040 4326 quod
1091 4255 1356 4311 nimirum
1411 4257 1648 4313 naturali
1711 4259 1911 4328 pedum
2023 4254 2196 4311 cineri
2237 4264 2452 4326 putare,
2489 4267 2544 4311 et
2591 4272 2702 4311 non
2759 4258 2922 4313 modo
2965 4260 3098 4314 crali
3145 4261 3373 4330 Serbiae,
3410 4269 3505 4323 sed
3547 4281 3605 4325 et
3655 4275 3657 4277 ’

324 4347 466 4401 vitio
511 4347 869 4402 claudicaret.
902 4347 981 4400 Ac
1014 4348 1288 4416 patienter
1318 4348 1414 4403 ille
1465 4350 1712 4419 quidem,
1747 4351 1912 4408 homo
2022 4350 2335 4418 cuicunque
2383 4348 2684 4418 quamlibet
2733 4349 2928 4418 majori
2982 4365 3048 4406 ac
3097 4355 3394 4422 potentiori
3451 4359 3603 4426 prin-

327 4449 529 4494 natura
557 4427 731 4503 iners,
785 4439 1042 4509 injuriam
1098 4440 1244 4496 ferre
1273 4440 1589 4504 videbatur,
1619 4444 1911 4514 assignatas
2024 4440 2131 4506 cipi
2162 4454 2380 4510 semper
2415 4439 2844 4509 przebabituram
2879 4443 3131 4499 umbram
3175 4461 3240 4501 ac
3275 4451 3598 4506 memoriam

324 4533 434 4588 sibi
471 4533 709 4602 portioni
744 4532 910 4604 274
937 4533 1155 4590 cuidam
1186 4542 1432 4604 paterna:
1455 4534 1682 4592 ditionis
1718 4547 1911 4607 pacate

2023 4532 2206 4588 mariti
2263 4531 2492 4597 mortui,
2523 4547 2691 4603 quam
2734 4549 2911 4604 usque
2959 4535 3027 4592 ad
3076 4549 3312 4595 mortem
3345 4546 3597 4599 venerari

327 4625 701 4694 imperitans:
730 4635 992 4679 caeterum
1061 4625 1335 4695 legitimos
1389 4627 1635 4684 educans
1681 4628 1910 4694 liberos,
2017 4624 2377 4680 decreVisscl-
2410 4625 2543 4689 Qua:
2572 4625 2872 4695 imperator
2900 4628 3165 4700 allegaret
3199 4633 3268 4688 de
3315 4634 3600 4695 Itonesmte

322 4717 529 4784 quibus
591 4725 762 4772 totam
800 4715 930 4771 olim
966 4731 1246 4772 cessuram
1285 4719 1535 4774 Serbiam
1583 4719 1908 4786 confidebat,
2017 4717 2249 4773 istarum
2303 4717 2620 4786 nuptiarum
2668 4727 2723 4774 et
2770 4720 2946 4777 libero
2990 4726 3114 4792 jure
3169 4727 3340 4783 cralis
3379 4729 3446 4783 ad
3479 4745 3594 4797 eas,

322 4809 478 4872 filiis,
508 4809 553 4862 si
583 4823 725 4878 quos
761 4809 933 4863 frater
957 4808 1078 4878 ejus
1113 4823 1144 4862 ιι
1181 4823 1292 4864 non
1329 4809 1520 4879 justis,
1560 4813 1762 4881 quibus
1794 4822 1909 4869 erat

2017 4811 2218 4882 probro
2254 4810 2444 4878 procul
2489 4811 2642 4865 omni
2694 4826 2759 4867 ac
2811 4813 3149 4884 suspicione,
3203 4820 3593 4890 celebrandas,

321 4900 648 4968 implicitus,
687 4900 894 4968 nuptiis
919 4901 1188 4971 gigneret,
1223 4901 1371 4956 haud
1404 4902 1531 4972 jure
1558 4904 1809 4962 valituris
1841 4907 1911 4960 ob
2017 4902 2162 4959 haud
2212 4912 2435 4974 gravate
2486 4905 2738 4974 accipere
2772 4918 2872 4974 pro
2921 4908 3065 4964 veris
3093 4927 3106 4964 :
3133 4910 3229 4966 sed
3277 4911 3416 4968 nihil
3463 4916 3599 4969 talia

324 4988 594 5041 natalium
649 4987 928 5043 defectum
983 4999 1232 5060 paternae
1287 4993 1583 5048 succedere
1628 4996 1908 5065 potestati.
2019 4996 2293 5068 pertinere
2330 4997 2396 5049 ad
2430 5012 2513 5063 se,
2562 4997 2723 5066 plane
2761 5007 2970 5054 certam
3005 5003 3292 5072 aspernari
3323 5005 3599 5064 conditio.

322 5075 444 5132 Hoc
475 5078 654 5134 crales
684 5089 952 5149 reputans
989 5080 1287 5150 pretiosam
1316 5082 1508 5138 offerri
1548 5084 1654 5140 sibi
1682 5089 1911 5156 putabat
2015 5105 2140 5145 nem
2183 5104 2340 5159 aeque
2382 5104 2602 5145 omnem
2639 5091 3048 5163 qualiscunque
3101 5105 3225 5165 post
3265 5113 3436 5152 unum
3467 5114 3598 5154 con-

322 5171 675 5226 oceasionem
711 5172 847 5242 justi
879 5187 1003 5228 cum
1035 5174 1390 5258 imperatoris
1422 5193 1683 5249 germana
1717 5181 1911 5247 conju-
2012 5180 2162 5251 jugis
2189 5179 2354 5236 funus
2383 5183 2671 5252 hymenaei.
2702 5182 2778 5238 De
2810 5183 2915 5239 hoc
2957 5186 3080 5241 aliae
3109 5187 3368 5254 viderint,
3396 5191 3442 5245 si
3475 5206 3599 5261 quae
3643 5212 3648 5218 ·

324 5262 425 5330 gii,
459 5276 527 5316 ex
561 5278 672 5331 quo
716 5274 968 5335 speraret
999 5266 1209 5334 prolem
1244 5276 1354 5321 tum
1394 5269 1533 5324 nihil
1563 5271 1910 5342 exceptionis
2013 5273 2117 5328 sibi
2141 5287 2239 5328 cor
2257 5273 2496 5329 sentient
2525 5275 2775 5343 alterius,
2807 5287 2931 5345 post
2960 5293 3122 5332 unam
3153 5282 3482 5336 exstinctam
3505 5269 3619 5335 ια’(

326 5353 668 5420 habituram,
725 5356 1023 5424 quominus
1078 5357 1313 5426 patriam
1361 5358 1735 5416 liasreditatem
1781 5362 1908 5431 jurc
2011 5364 2160 5429 dam,
2200 5366 2406 5420 amoris
2432 5381 2626 5435 capax.
2669 5367 2780 5424 Nec
2809 5370 3167 5427 dissimulare
3216 5382 3396 5430 tamen
3431 5373 3594 5445 275

324 5457 600 5510 cerneret,
651 5459 766 5502 tum
802 5449 871 5502 ad
898 5449 1002 5504 hoc
1047 5451 1228 5520 ipsum
1273 5451 1472 5527 opibus
1512 5456 1770 5509 avunculi
1806 5459 1910 5510 Au-
2010 5456 2258 5514 eamdem
2294 5474 2378 5525 se,
2403 5460 2486 5515 vel
2515 5459 2562 5516 si
2608 5472 2795 5530 posset
2834 5462 3098 5521 inducere
3132 5467 3188 5520 in
3217 5467 3464 5522 animum
3495 5483 3596 5524 co-

322 5538 474 5607 gusti
499 5548 692 5594 contra
715 5541 1042 5606 quorumvis
1069 5540 1478 5596 adversantium
1503 5544 1790 5600 obstacula
1819 5549 1932 5615 ju-.
2009 5551 2333 5622 gitationem
2377 5554 2612 5624 genialis
2641 5554 2867 5610 thalami
2901 5558 3154 5624 secundi,
3185 5559 3254 5614 ad
3296 5559 3398 5615 hoc
3423 5559 3595 5616 fuisse

324 5627 583 5690 vendam.
617 5630 758 5696 Quia
791 5647 920 5686 vero
947 5649 1009 5688 ea
1050 5634 1232 5692 solum
1265 5636 1564 5703 imperator
1589 5636 1906 5691 conditione
2009 5650 2325 5712 optaturam
2355 5646 2754 5703 constantioris
2798 5646 2853 5701 in
2892 5662 3128 5718 sponsas
3175 5647 3410 5705 affectus
3439 5651 3595 5720 prin-

326 5722 746 5776 matrimonium
797 5726 1009 5780 sororis
1059 5727 1194 5781 crali
1249 5727 1544 5790 obtulerat,
1613 5730 1658 5785 si
1707 5729 1905 5786 dedere
2007 5734 2208 5803 cipem,
2260 5750 2425 5804 quam
2462 5735 2510 5792 is
2551 5734 2810 5803 ferretur,
2846 5739 2914 5793 de
2958 5753 3068 5806 quo
3116 5753 3303 5794 secum
3347 5751 3590 5811 agerent,

328 5812 436 5866 sibi
493 5813 840 5871 Cotanitzam
877 5817 1056 5886 vellet,
1099 5820 1286 5874 statim
1332 5820 1379 5883 is
1429 5821 1640 5891 prolixe
1669 5823 1904 5878 annuit:
2020 5826 2218 5894 crales,
2257 5831 2419 5884 tertio
2454 5829 2567 5900 jam
2608 5830 2875 5901 videlicet,
2913 5838 3073 5901 prout
3111 5831 3212 5900 ipsi
3260 5832 3405 5890 ultro
3457 5835 3592 5891 fate-
