4018 6400
434 346 536 407 303

1641 339 1967 399 GEORGII
2011 336 2498 406 PACHYMERzE

3609 329 3720 392 304

431 459 668 530 πρέπειν
731 455 884 525 ἔλεγε
931 455 1043 518 τοῖς
1101 452 1358 524 μεγέθεσι
1417 453 1656 524 στοργὴν·
1715 453 1853 524 πρὸς
1917 451 2088 514 τάςΑ
2117 453 2295 524 κράλῃ
2337 452 2751 520 παρακεκίνητο
2799 447 3020 520 φίλτρα,
3063 445 3158 500 καὶ
3191 443 3332 507 ὅλως
3376 439 3450 514 ἦν
3509 444 3724 502 ἐκεῖνος

434 550 785 612 συνοικούσας
820 548 1221 619 ἀμετακίνητον
1272 547 1360 620 [Ρ.
1393 546 1518 617 186]
1559 547 1760 616 μᾶλλον
1796 547 1828 617 ἢ
1861 548 2021 600 εὐκο-

432 643 556 696 λίαν
585 642 722 712 πρὸς
748 641 1127 711 ἀλλοτρίωσιν.
1180 639 1369 710 Ὅμως
1393 639 1436 692 δ’
1459 640 1583 692 ἐπεὶ
1629 640 1694 693 οὐ
1745 638 1906 709 μέλον
1952 635 2022 709 ἦν

368 785 373 792 .
432 735 606 805 ταύτῃ
655 733 750 787 τοῦ
779 733 1254 801 συναλλάγματος,
1282 733 1344 786 τὸ
1378 732 1518 802 πρὸς
1562 732 1661 795 τὰς
1690 731 1781 785 ἐπ’
1811 731 2022 796 ἀδόξοις

437 824 771 893 ἀναμνήσεις
807 822 1137 884 ἀταμίευτον
1167 821 1316 892 ἔχειν
1354 821 1452 890 τὴν
1484 819 1800 891 παρρησίαν
1829 837 2022 891 περισ-

443 918 536 970 σὸν
575 915 778 985 ἔκρινε,
809 917 902 966 καὶ
932 915 1110 981 ἐσίγα.

439 1025 542 1081 λα’.
574 1025 714 1094 Περὶ
743 1025 850 1079 τοῦ
881 1025 1032 1092 πρὸς
1059 1023 1296 1093 κράλην
1330 1025 1576 1093 Σερόίας
1611 1023 1707 1077 ἐπὶ
1743 1021 1819 1092 τῇ
1849 1026 2025 1092 θυγα-

810 1096 900 1164 τρὶ
933 1095 1160 1163 κήδους
1189 1094 1298 1147 τοῦ
1322 1095 1653 1160 βασιλέως.

527 1188 828 1257 Ἀπογνοὺς
875 1187 920 1240 δ’
966 1188 1177 1240 ἐκεῖθεν
1228 1189 1256 1239 ὁ
1309 1187 1566 1256 βασιλεὺς
1614 1186 1715 1255 τῆς
1767 1187 1904 1255 μετὰ
1957 1189 2022 1256 τῇ

440 1279 645 1348 ἀδελφῇ
695 1279 916 1349 πείρας,
975 1279 1065 1330 τὸν
1094 1277 1310 1347 κράλην
1357 1276 1592 1346 Σερὸίας
1635 1275 1954 1346 ἀδοξότερον
1989 1276 2022 1344 ἢ

442 1374 579 1444 πρὸς
621 1374 936 1442 οἰκειότητα
967 1371 1065 1442 τὴν
1097 1370 1155 1436 ἐξ
1190 1371 1324 1434 ἰδίας
1371 1371 1636 1441 θυγατρὸς
1667 1371 1873 1440 ἔκρινε,
1910 1371 2028 1440 μεί-

441 1467 573 1529 ζονα
601 1465 645 1518 δ’
681 1461 838 1526 αὖθις
872 1464 904 1534 ἢ
939 1463 1430 1532 καταφρονεῖσθαι.
1484 1463 1582 1516 Διὰ
1615 1462 1771 1514 τοῦτο
1803 1464 1896 1514 καὶ
1937 1462 2030 1515 τόν

444 1559 641 1629 καιρὸν
692 1559 770 1628 τῷ
813 1557 1118 1610 ὲλλείποντι
1163 1555 1478 1626 προστιθεὶς
1525 1555 1824 1626 ἀξιώτερον
1857 1555 2030 1608 ἐποίει

447 1649 583 1720 πρὸς
633 1650 736 1720 τὴν
805 1649 900 1702 ἐπὶ
960 1648 1196 1718 θυγατρὶ
1251 1647 1537 1715 συζυγίαν.
1589 1643 1698 1699 Ἦν
1753 1646 1845 1700 οὖν
1887 1646 2028 1700 πάνυ

443 1743 662 1794 ἀστεῖον
687 1740 848 1793 τοῦτο
875 1741 937 1792 τὸ
971 1739 1289 1808 θυγάτριον,
1313 1737 1472 1791 οὗπω
1503 1739 1594 1791 τὸν
1623 1738 1781 1791 ἕκτον
1815 1735 2030 1806 παραλ-

444 1832 635 1884 λάττον
665 1831 936 1896 ἐνιαυτὸν,
980 1829 1264 1898 ἀγαπητὸν
1293 1829 1393 1898 μὲν
1432 1827 1636 1896 ἐαυτῷ,
1670 1828 1956 1896 ἀγαπητὸν
1986 1826 2031 1879 δ’

443 1925 689 1986 ἐκτόπως
731 1922 825 1975 καὶ
855 1924 921 1992 τῇ
956 1921 1147 1991 μητρί.
1188 1921 1317 1973 Ἐπὶ
1355 1919 1533 1990 τούτῳ
1561 1920 1622 1972 τὺ
1663 1919 1825 1989 κῆδος
1863 1918 2033 1989 ἠϐού-

443 2014 569 2066 λετο
596 2013 880 2081 ουνιστᾷν,
909 2012 970 2062 ού
1003 2009 1146 2063 κατά
1172 2009 1364 2080 χρείαν
1399 2009 1608 2078 μᾶλλον
1648 2009 1681 2079 ἢ
1718 2008 1838 2062 κατ’
1865 2007 2035 2076 ἀνάγ-

446 2122 571 2174 κην.
615 2102 758 2171 Ἤδη
819 2103 917 2170 μὲν
969 2096 1062 2155 οὖν
1117 2100 1185 2153 τὰ
1239 2099 1376 2171 πρὸς
1425 2099 1522 2170 τὴν
1567 2097 1921 2154 συνοικοῦσαν
1961 2097 2037 2168 τῷ

450 2295 674 2350 rent-ur,
725 2291 1044 2354 compertus
1089 2297 1217 2338 reus
1257 2282 1476 2339 violatas
1521 2281 1828 2353 coniugalis
1858 2282 1980 2338 ﬁdei

448 2395 576 2434 cum
632 2387 814 2432 tamen
869 2377 1040 2443 magis
1078 2375 1244 2430 etiam
1287 2391 1513 2446 magnas
1553 2391 1818 2445 personas
1872 2391 2036 2446 quam

449 2471 632 2541 capita
680 2467 929 2538 vulgaria
982 2467 1179 2522 decere
1229 2467 1519 2522 videretur
1569 2467 1931 2523 immutabilis
1979 2467 2038 2522 io

449 2577 689 2618 uxorum
727 2575 912 2615 amore
961 2558 1296 2615 constantia.
1343 2557 1670 2629 Quanquam
1708 2559 2037 2630 exceptione

449 2653 718 2725 peculiari
754 2653 1087 2708 submovere
1117 2666 1278 2720 quem
1317 2651 1585 2708 offerrent
1616 2666 1906 2722 sponsum,
1939 2667 2038 2708 su-

449 2762 855 2820 pervacaneum
912 2759 1040 2801 esse
1073 2744 1177 2800 sibi
1213 2743 1456 2815 quidem,
1489 2760 1611 2815 qua:
1645 2745 1813 2800 semel
1861 2759 2035 2815 spon-

453 2857 567 2905 sos,
639 2838 1062 2910 cuiusquemodi
1139 2837 1342 2904 forent,
1411 2853 1603 2893 omnes
1687 2835 2038 2893 irrevocabili

451 2934 736 3007 proposito
768 2932 1013 2987 coienda:
1029 2945 1215 3001 usque
1253 2931 1321 2985 ad
1359 2931 1614 2986 ultimum
1663 2931 1922 3001 spiritum
1959 2928 2043 2983 vi-

453 3025 682 3082 duitatis
716 3025 1052 3080 abdicasset.

455 3145 544 3202 5|.
583 3142 652 3198 Ut
684 3146 971 3212 imperator
1001 3140 1138 3194 crati
1172 3139 1374 3212 Serbia:
1400 3139 1674 3210 propriam
1735 3139 1909 3208 ﬁliam
1954 3140 2042 3193 de-
2071 3142 2116 3203 α

1113 3211 1408 3265 spondei-it.

1113 3227 1138 3265 8
1179 3227 1408 3264 onaeru.

529 3305 607 3362 Ea
644 3305 854 3362 sororis
885 3303 1072 3360 audita
1101 3227 1359 3359 οξειίοπ
1387 3301 1695 3372 imperator
1737 3301 1900 3371 plane
1923 3301 2038 3373 jam

457 3399 788 3470 desperans,
824 3411 987 3467 quam
1022 3408 1133 3449 non
1171 3393 1366 3447 utilem
1392 3392 1604 3458 solum,
1626 3392 1722 3448 sed
1770 3400 1825 3447 et
1854 3407 2048 3448 neces-

2122 546 2222 614 τῆς
2265 544 2358 597 ἐπὶ
2389 543 2605 612 βασιλεί
2655 542 2929 604 πίστεως·
2961 540 3022 593 τὸ
3069 539 3116 593 δ’
3142 538 3235 592 ἐπὶ
3283 537 3510 605 ταύτην
3543 536 3723 588 εἱλκυ-

2125 636 2324 706 σμένον
2358 634 2750 704 παλινδρομεῖν
2789 634 2847 700 ἐξ
2897 631 3220 694 ἀσυνθεσίας
3277 629 3466 684 δεινὸν
3518 624 3591 699 ἦν
3631 631 3727 682 καὶ

2128 730 2289 800 μόνον
2316 727 2791 798 κατανοούμενον·
2849 723 3144 778 ἐκλύεσθαι
3197 723 3309 794 γὰρ
3380 723 3610 790 ἀνάγκη
3669 721 3729 775 τδ

2125 823 2407 892 πρόθυμον
2436 820 2767 892 ἀποτυχόντι
2800 820 2911 873 τῶν
2941 817 3226 886 ὲλπισμῶν
3257 816 3359 869 καὶ
3397 813 3730 868 τούντεῦθεν

2125 915 2435 986 ἔχθραίνειν
2469 914 2670 982 μᾶλλον
2713 913 3123 976 ύποκνισθέντι,
3153 909 3424 980 καὶπρὸς
3451 908 3524 961 τὰ
3557 907 3732 978 μείζω

2129 1005 2205 1075 μὴ
2241 1004 2616 1074 εύοδούμενον.
2654 1003 2843 1057 Ταῦτα
2876 1005 2978 1074 τὴν
3011 1001 3280 1070 βασιλέως
3318 1000 3554 1054 ἔπειθον
3587 997 3732 1066 γνῶ-

2099 1114 2239 1174 ’μην
2296 1096 2396 1149 καὶ
2425 1097 2578 1167 παρά
2632 1097 2694 1149 τὸ
2725 1094 2871 1157 εἰκὸς
2909 1094 2973 1165 [Ρ
3013 1092 3140 1166 187]
3191 1089 3726 1162 πραγματεύεσθαι.

2129 1189 2239 1240 Καὶ
2273 1187 2336 1258 δὴ
2366 1187 2484 1240 ὅλον
2532 1187 2831 1241 οἰκειοῦται
2863 1185 2953 1240 διὰ
3004 1185 3309 1256 πρεσϐείας
3348 1185 3448 1236 τὸν
3496 1182 3733 1251 κράλην,

2133 1280 2378 1350 μαθόντα
2413 1278 2513 1348 τὴν
2541 1279 2636 1331 ἐπὶ
2674 1278 2906 1347 θυγατρὶ
2938 1277 3060 1332 ἀντὶ
3087 1279 3187 1346 τῆς
3229 1274 3485 1345 ἀδελφῆς
3513 1273 3612 1326 τοῦ
3642 1275 3734 1344 βα-

2133 1370 2330 1431 σιλέως
2363 1370 2689 1437 συγγένειαν
2712 1385 2725 1400 ο
2761 1370 2858 1421 καὶ
2886 1368 3045 1438 ὅρκοι
3072 1367 3132 1419 τὸ
3157 1366 3351 1420 λοιπὸν
3392 1363 3736 1433 προύϐαινον

2132 1464 2224 1516 ἐπὶ
2257 1463 2472 1526 τούτοις
2517 1463 2612 1515 καὶ
2648 1463 2953 1525 συνθεσίαι,
3001 1462 3096 1516 καὶ
3131 1463 3164 1532 ἡ
3200 1459 3553 1522 δεσπόσυνος
3602 1459 3735 1529 κρά-

2132 1555 2292 1609 λαινα
2317 1554 2672 1624 ἐπικέκλητο.
2705 1555 2885 1608 Μόνον
2913 1555 2958 1607 δ’
2985 1549 3053 1624 ἦν
3079 1555 3332 1624 ἀπαντᾷν
3355 1551 3557 1606 λοιπὸν
3593 1551 3735 1605 κατά

2132 1645 2229 1714 τὴν
2256 1644 2548 1697 Θεσσαλῶν
2588 1643 2924 1714 μητρόπολιν
2958 1644 3203 1714 βασιλέα,
3228 1643 3304 1707 ὡς
3330 1641 3737 1713 διαπρεσϐευο-

2140 1739 2323 1806 μένοις
2357 1734 2659 1802 συνέκειτο,
2693 1737 2789 1788 καὶ
2817 1735 2877 1787 οὖ
2891 1753 2993 1798 τως
3017 1735 3194 1788 ἐλθεῖν
3227 1734 3476 1804 κράλην,
3513 1733 3613 1787 καὶ
3641 1733 3738 1803 τὴν

2136 1827 2230 1881 τοῦ
2257 1829 2506 1898 Τερτερῆ
2545 1829 2646 1896 μὲν
2696 1828 3056 1883 ἀποστέλλειν
3090 1828 3167 1899 τῷ
3199 1827 3442 1896 βασιλεῖ,
3490 1813 3750 1904 προδιδόας

2139 1935 2229 1972 ναι
2269 1918 2326 1972 δὲ
2356 1919 2453 1972 καὶ
2486 1919 2580 1971 τὸν
2630 1919 2994 1990 Κοτανίτζην,
3046 1918 3355 1988 λαμϐάνειν
3392 1918 3453 1970 δὲ
3509 1918 3613 1988 τὴν
3644 1916 3736 1970 τοῦ

2141 2009 2405 2080 βασιλέως
2436 2011 2689 2080 γνησίαν,
2714 2010 2782 2080 ἣν
2803 2009 2867 2080 δὴ
2894 2010 2988 2063 καὶ
3013 2010 3289 2080 Σιμωνίδα
3311 2008 3736 2080 ὲκυριωνύμουν

2149 2101 2434 2172 Ῥωμαῖοι,
2473 2101 2570 2154 καὶ
2599 2100 2800 2166 οὕτως
2831 2103 2968 2174 αὐτῇ
3005 2101 3393 2170 συνοικοῦντα,
3452 2101 3599 2174 πλὴν
3647 2087 3752 2188 sitv;

2018 2301 2032 2337 :
2089 2309 2092 2314 -
2141 2284 2349 2355 pacisci
2383 2283 2830 2342 constantissimi
2857 2283 2969 2354 jam
3004 2285 3058 2340 in
3095 2285 3454 2356 designatum
3488 2299 3738 2341 socerum

2139 2381 2446 2448 Augustum
2481 2377 2730 2446 obsequii
2766 2376 3052 2443 dubitans,
3091 2387 3261 2433 totum
3295 2394 3366 2434 se
3424 2376 3662 2434 addebat
3689 2378 3739 2430 in

2142 2479 2373 2526 conatus
2400 2469 2794 2539 persuadeuda:
2837 2485 2950 2526 sua:
2991 2470 3395 2526 addictissima:
3425 2469 3742 2541 imperatori

2142 2559 2464 2624 voluntatis,
2496 2559 2829 2614 inviolabilis
2864 2560 2919 2613 in
2957 2559 3060 2614 ﬁde
3083 2562 3525 2630 perseverantiae
3561 2535 3758 2652 quam:

2142 2652 2213 2709 tis
2243 2667 2379 2723 opus
2409 2651 2686 2707 videretur
2719 2651 3040 2722 pignoribus
3068 2651 3386 2708 ﬁrmandae.
3437 2653 3608 2724 2⁸16
3640 2649 3754 2731 Ta-‘j

2142 2745 2274 2800 lesa
2315 2745 2574 2816 principe
2601 2753 2870 2813 suspecta:
2915 2743 3181 2798 hactenus
3226 2743 3477 2799 levitatis
3518 2741 3741 2814 ingemi-

2145 2837 2264 2892 nari
2308 2837 2412 2892 sibi
2467 2835 2902 2892 contestationes
2952 2833 3350 2890 sincerissimae
3389 2843 3446 2891 et
3495 2835 3564 2889 ab
3594 2832 3738 2890 omni

2147 2929 2393 2999 periculo
2427 2927 2807 2984 instabilitatis
2839 2926 3222 2982 remotissimae
3248 2926 3541 2983 ﬁdelitatis
3571 2927 3737 2981 liben-

2145 3030 2230 3076 ter
2273 3021 2534 3076 audiebat
2589 3021 2933 3091 imperator;
2983 3019 3166 3089 iisque
3224 3027 3288 3074 ut
3347 3022 3640 3083 crederet,
3675 3032 3738 3072 eo

2147 3113 2425 3168 efﬁcacius
2449 3111 2855 3178 adducebatur,
2890 3111 3038 3182 quod
3070 3111 3205 3166 satis
3237 3111 3592 3184 intelligebat
3623 3109 3740 3166 nul-

2150 3205 2258 3260 lam
2317 3204 2598 3259 undelibet
2659 3203 2848 3258 oﬁ‘erri
2910 3203 3086 3260 Serbo
3139 3217 3308 3274 posse
3367 3204 3738 3260 conditionem

2149 3304 2384 3364 tantam,
2429 3311 2552 3367 quae
2587 3295 3019 3366 praeponderans
3071 3297 3392 3352 commodis
3422 3313 3489 3353 ex
3515 3297 3743 3365 impera-

2151 3387 2295 3443 torio
2326 3387 2681 3442 matrimonio
2733 3387 2971 3457 speratis
3023 3386 3175 3442 illum
3202 3387 3438 3445 eliceret
3482 3389 3538 3442 in
3586 3387 3739 3441 ullam

459 3492 668 3546 sariam
701 3490 872 3544 rebus
912 3487 1030 3544 suis
1058 3485 1316 3550 ducebat,
1354 3500 1483 3540 cum
1515 3485 1688 3540 Serbo
1728 3485 2046 3541 aﬂinitatem
2151 3478 2541 3550 cogitationem
2601 3478 2886 3544 novitatis,
2921 3493 3028 3550 qua
3072 3479 3519 3550 irreparabiliter
3548 3495 3606 3535 se
3631 3493 3743 3534 cor-

459 3597 558 3655 per
603 3581 905 3636 Eudociam
961 3593 1126 3650 posse
1167 3576 1489 3642 succedere,
1517 3577 1792 3648 cogitavit
1830 3577 1899 3632 de
1957 3577 2049 3632 illa
2154 3578 2450 3640 rupturum
2509 3577 2618 3624 tam
2655 3570 2866 3640 amplas
2915 3579 2970 3625 et
3019 3579 3200 3626 certas
3231 3587 3363 3641 spes
3395 3573 3620 3628 haberet
3645 3569 3743 3625 evi-

461 3671 805 3728 conﬁcienda
864 3685 962 3739 per
1013 3668 1281 3733 ﬁliolam,
1333 3682 1498 3739 quam
1539 3667 1787 3722 habebat
1844 3667 2051 3738 oppido
2155 3663 2484 3720 dentissime
2541 3674 2914 3734 perspectum.
2977 3664 3159 3732 Quare
3225 3666 3336 3723 hoc
3427 3669 3744 3739 prOanSius

463 3763 752 3832 festivam,
790 3760 1038 3818 nondum
1072 3759 1302 3817 sexenni
1354 3758 1646 3828 majorem.
1692 3757 1808 3814 sibi
1845 3759 2057 3827 pariter

465 3867 521 3912 et
558 3855 723 3910 matri
782 3854 947 3925 longe
1002 3850 1411 3908 charissimam.
1445 3851 1524 3905 Ac
1557 3847 1777 3905 videbat
1808 3849 1902 3905 ille
1931 3850 2058 3919 qui-

465 3947 590 4002 dem
632 3944 777 4000 haud
804 3958 928 3999 esse
953 3942 1100 3998 hunc
1129 3941 1446 4013 dynastam,
1477 3939 1658 4010 gentis
1680 3954 1788 3995 non
1818 3940 2057 3996 maxime

465 4037 804 4109 conspicuae,
837 4035 1124 4105 dignitatis
1151 4032 1382 4090 omnino
1421 4031 1717 4100 adaequatis
1766 4031 1833 4086 ad
1879 4031 2058 4089 bono-

467 4146 586 4187 rem
643 4129 966 4200 nuptiarum
1026 4142 1152 4183 cum
1215 4126 1323 4181 ﬁlia
1379 4125 1622 4197 legitima
1699 4124 2055 4196 imperatoris

466 4220 729 4291 Romani,
783 4219 1086 4292 praesertim
1123 4217 1288 4272 unica
1337 4235 1350 4272 :
1389 4224 1571 4272 tamen
1606 4215 1752 4288 quod
1791 4219 1841 4273 ei
1873 4217 2062 4273 deerat

475 4313 544 4368 ad
591 4315 696 4368 hoc
734 4310 916 4366 meriti
966 4327 997 4365 e
1040 4307 1265 4380 proprio
1319 4307 1640 4379 splendore,
1693 4306 2060 4378 supplendum

471 4420 535 4460 ac
569 4401 1048 4473 compensandum
1083 4400 1413 4455 existimans
1469 4414 1568 4470 spe
1623 4399 1753 4454 inde
1814 4398 2062 4454 secuturi

2156 3757 2410 3813 incubuit
2467 3757 2522 3812 in
2565 3756 2737 3823 istud,
2773 3765 3050 3826 utcunque
3103 3760 3220 3814 suis
3263 3777 3383 3817 non
3439 3775 3634 3818 carens
3663 3760 3741 3812 in-

2159 3850 2485 3916 commodis,
2525 3850 2826 3906 consilium
2875 3852 2999 3908 talis
3053 3853 3258 3922 negotii
3307 3854 3568 3926 urgendi,
3605 3850 3741 3922 quod

2160 3952 2217 4000 et
2253 3941 2380 3997 fecit
2426 3941 2995 4000 honoriﬁcentissime
3021 3946 3207 4000 statim
3233 3945 3574 4002 destinanda
3601 3945 3741 4014 lega-

2152 4035 2310 4091 tione
2365 4033 2434 4089 ad
2481 4033 2704 4098 cralem,
2743 4050 2851 4105 qua
2911 4035 3078 4090 ﬁliam
3134 4035 3405 4094 oﬁ‘erehat
3468 4039 3524 4094 in
3573 4037 3742 4092 locum

2162 4128 2395 4194 sororis,
2430 4127 2876 4184 commendando
2909 4128 3075 4184 etiam
3107 4145 3204 4200 per
3233 4144 3293 4185 se
3332 4125 3740 4202 incomparabili

2159 4219 2412 4275 muneris
2450 4219 2651 4290 pretio,
2703 4227 2811 4274 tam
2872 4219 3089 4277 blandis
3139 4221 3434 4292 exquisitae
3466 4216 3744 4278 cbaritatis

2154 4311 2414 4376 indiciis,
2469 4321 2528 4366 ut
2579 4312 2981 4370 incredibiliter
3031 4314 3294 4372 delinitus
3355 4317 3428 4373 iis
3485 4313 3742 4371 barbarus

2169 4408 2356 4465 statim
2406 4407 2556 4463 ultro
2605 4406 2877 4477 iuraverit
2923 4418 3186 4462 aeternam
3234 4421 3368 4462 cum
3429 4407 3746 4477 imperatore

470 4494 750 4552 commodi
783 4493 994 4564 publici
1026 4506 1092 4548 ac
1116 4499 1262 4546 metu
1291 4498 1680 4547 secuturorum
1712 4493 1767 4547 in
1800 4507 2048 4561 magnum

2168 4503 2560 4569 concordiam;
2623 4517 2686 4555 ex
2734 4514 2919 4570 eoque
2953 4501 3068 4571 jam
3126 4511 3378 4571 tempore
3399 4497 3743 4572 sponsalibus

471 4589 866 4644 detrimentum
916 4586 995 4640 rei
1056 4583 1343 4650 Romana),
1399 4584 1460 4638 ui
1520 4583 1603 4638 sic
1656 4592 2060 4648 averterentur,

472 4680 722 4753 gravium
753 4677 1056 4756 malorum.
1079 4676 1319 4746 denique
1347 4676 1408 4731 in
1453 4691 1572 4731 eam
1613 4686 1822 4748 partem
1854 4675 2064 4730 inﬂexit

475 4769 800 4841 aliquandiu
859 4768 1118 4823 libratam
1173 4767 1588 4822 deliberationis
1652 4768 1890 4832 lancem,
1926 4784 2065 4839 prae-

475 4864 664 4918 sertim
722 4875 850 4917 cum
908 4866 1188 4930 reputaret
1239 4857 1513 4915 defectum
1573 4860 1741 4915 istum
1806 4861 1860 4915 in
1919 4861 2068 4916 erale

480 4955 747 5012 slaritatis
781 4969 846 5008 ex
895 4953 1016 5023 pari
1047 4952 1432 5024 respondentis
1472 4953 1750 5008 nobilitati
1799 4954 2066 5022 Augustas

484 5047 733 5118 virginis,
775 5047 1088 5102 necessaria
1141 5047 1210 5100 ob
1255 5045 1420 5115 hujus
1456 5046 1808 5100 immaturam
1859 5047 2070 5116 nuptiis

482 5147 696 5196 atatem
725 5159 728 5164 ·
757 5137 1090 5192 matrimonii
1129 5135 1390 5192 dilatione
1445 5137 1592 5192 velut
1657 5137 1938 5206 expiatum
1997 5151 2070 5191 ac

483 5229 886 5302 quadamtenus
943 5235 1235 5298 purgatum
1295 5229 1383 5295 iri,
1429 5227 1559 5282 dum
1614 5228 1826 5298 sperari
1884 5237 2075 5298 posset

484 5323 775 5379 istamora
827 5321 975 5375 illum
1013 5319 1340 5374 annisurum
1399 5320 1794 5375 commendare
1831 5334 1975 5386 sese,
2009 5334 2073 5375 ac

485 5413 787 5484 majoribus
833 5411 1075 5474 meritis,
1119 5410 1346 5480 dignum
1391 5410 1620 5467 reddere
1655 5421 1764 5466 tam
1818 5411 2073 5467 sublimis

481 5505 806 5561 excellentia
863 5501 1146 5558 connubii.
1188 5501 1297 5557 Ista
1345 5503 1452 5558 sibi
1505 5503 1788 5574 proposita
1835 5505 2074 5560 secunda

483 5596 824 5665 cogitatione
860 5585 1225 5662 imperatoris
1278 5593 1603 5648 mirabiliter
1646 5595 1853 5648 exarsit
1899 5595 2076 5648 eralcs

484 5686 539 5740 in
583 5685 924 5754 desiderium
976 5695 1087 5738 tam
1127 5683 1357 5743 illustris
1410 5694 1468 5740 et
1516 5700 1642 5755 spes
1684 5694 1917 5755 votaque
1977 5701 2076 5740 sua

485 5777 669 5846 priora
691 5778 1011 5838 excedentis
1028 5790 1267 5848 sponsae,
1290 5791 1499 5849 proque
1520 5780 1616 5833 illa
1644 5779 1779 5834 nihil
1806 5779 2075 5835 continuo

2166 4587 2272 4644 rite
2303 4588 2580 4658 utrimque
2610 4587 2907 4659 stipulatis,
2935 4605 3058 4658 quae
3095 4591 3246 4660 regia
3279 4588 3600 4663 virguncula
3633 4585 3744 4639 fue-

2166 4688 2254 4734 rat
2281 4687 2509 4735 eatenus
2555 4680 2889 4750 desposyna,
2939 4681 3044 4737 hoc
3075 4691 3160 4739 est
3186 4683 3587 4738 dominantium
3621 4677 3742 4738 ﬁlia,

2167 4781 2383 4837 vocata,
2415 4771 2655 4827 cralaana
2702 4772 2832 4828 inde
2866 4788 2898 4827 a
2949 4775 3139 4844 sponsi
3170 4777 3443 4832 vocabulo
3478 4767 3742 4830 nominari

2169 4875 2352 4934 coepta
2385 4869 2493 4920 est.
2519 4862 2825 4919 Restabant
2855 4865 3032 4920 solum
3061 4868 3401 4922 essecutioni
3436 4861 3746 4922 mandanda?

2171 4955 2422 5024 concepti
2459 4955 2745 5026 juratique
2788 4957 3071 5028 utrimque
3119 4973 3150 5012 a
3184 4958 3380 5030 legatis
3415 4949 3746 5028 imperatoris

2171 5056 2226 5102 et
2253 5045 2422 5102 cralis
2467 5047 2818 5104 conditiones
2871 5049 3120 5106 hederis.
3159 5051 3262 5106 Per
3309 5053 3405 5106 has
3453 5056 3570 5105 erat
3625 5056 3744 5115 pro-

2175 5140 2406 5196 missum
2441 5140 2648 5194 iturum
2682 5141 2738 5194 in
2777 5141 3171 5198 Thessalorum
3205 5141 3550 5214 metropolim
3581 5138 3744 5205 impe-

2177 5239 2444 5292 ratorem,
2499 5245 2677 5299 eoque
2727 5246 2852 5286 mox
2905 5232 2974 5286 ad
3017 5233 3173 5288 illum
3212 5244 3498 5288 venturum
3527 5227 3742 5285 cralemo

2174 5320 2459 5389 praamissa
2508 5322 2635 5392 ipsi,
2677 5336 2843 5390 quam
2889 5338 3040 5378 nunc
3080 5325 3200 5380 vice
3233 5324 3482 5394 conjugis
3511 5319 3744 5374 haberet.

2180 5410 2288 5465 ﬁlia
2317 5409 2562 5467 Terteris
2593 5430 2608 5480 ;
2645 5413 2956 5469 dediturum
2989 5415 3154 5471 etiam
3198 5417 3376 5472 eidem
3419 5409 3740 5468 Cotanizam.

2179 5517 2391 5572 proque
2444 5503 2552 5559 illis
2601 5505 2846 5560 vicissim
2892 5516 3247 5577 accepturum
3297 5503 3526 5577 Augusti
3567 5499 3741 5555 ﬁliam,
3833 5571 3838 5582 Ι

2179 5609 2344 5663 quam
2400 5593 2743 5650 Simonidem
2795 5599 3019 5668 proprio
3071 5598 3312 5656 Romani
3347 5597 3561 5654 nomine
3595 5601 3741 5644 voca-

2184 5687 2348 5751 bant;
2386 5702 2506 5741 eam
2566 5689 2622 5742 in
2671 5688 2838 5744 domo
2885 5693 3056 5747 cralis
3111 5693 3446 5749 educandam
3487 5673 3738 5753 usquead

2184 5779 2423 5835 nubilem
2451 5789 2716 5840 aetatem:
2753 5790 2918 5840 atoue
2967 5785 3144 5855 ipsum
3189 5786 3406 5841 interim
3445 5790 3494 5838 et
3540 5793 3596 5833 ex
3625 5779 3738 5828 tunc
