4018 6408
317 385 425 448 305

1254 393 1350 453 DE
1374 391 1822 457 ANDRONICO
1862 394 2333 459 PALEOLOGO
2373 400 2516 464 LIB.
2561 400 2673 464 III.

3477 399 3584 462 306

318 512 621 580 συναφείας
675 515 867 586 καιρὸν
905 514 1247 586 ἀναμένοντα
1269 558 1285 582 ,
1336 517 1395 570 ἒν
1440 516 1602 572 παισὶ
1639 516 1901 587 τετάχθαι
1931 518 1976 575 Α
2007 518 2204 586 ριεῖναι
2229 519 2451 572 κάκεῖνο
2476 517 2882 586 φυλαττόμενον
2907 515 3090 570 ἕνεκα.
3119 517 3182 568 Ὂ
3199 514 3262 586 δὴ
3281 515 3373 568 καὶ
3394 515 3590 584 γέγονε

316 605 416 657 καὶ
455 605 630 675 φίλοις
665 610 918 678 γνησίοις
949 607 1029 679 τῷ
1053 609 1285 680 βασιλεῖ.

316 716 421 787 λβ’.
455 720 594 787 Περὶ
634 719 747 789 τῆς
796 723 1128 790 ὀνομασίας
1173 721 1286 790 τῆς
1335 723 1749 791 δεσποσύνου,
1779 723 1904 790 πῶς

856 794 1111 860 Σιμωνίς
1137 793 1392 862 ἐκλήθη.

389 880 471 936 Ού
512 884 696 952 χεῖρον
729 882 774 934 δ’
814 883 944 946 ἴσως
993 885 1092 937 καὶ
1134 884 1235 956 τὴν
1272 885 1372 955 τῆς
1402 882 1698 952 ὀνομασίας
1722 883 1906 938 αἰτίαν

316 975 502 1028 εἰπεῖν
540 973 872 1043 ἱστοροῦσιν.
920 973 1143 1027 Ἐλύπει
1188 974 1266 1044 τῷ
1308 973 1522 1045 βασιλεῖ
1554 974 1762 1030 παίδων
1808 974 1906 1044 θη-

311 1063 482 1118 λειῶν
517 1065 762 1137 ἀποϐολὴ
793 1066 924 1136 πρὶν
955 1067 1138 1129 καλῶς
1184 1068 1279 1120 καὶ
1310 1067 1566 1136 φανῆναι,
1609 1068 1703 1122 καὶ
1741 1065 1904 1120 τοῦτο

314 1157 416 1208 ἐπὶ
462 1156 584 1209 δυσὶ
619 1159 715 1210 καὶ
755 1158 902 1227 τρισὶ
953 1160 1116 1212 παισὶ
1153 1158 1400 1226 γέγονεν.
1444 1158 1600 1211 Ἐπεὶ
1638 1157 1694 1210 δὲ
1741 1157 1838 1211 καὶ⁸
1865 1161 1899 1229 ἡ

309 1249 502 1311 νεᾶνις
529 1247 670 1317 αὕτη
705 1249 1046 1316 ἀπεγεννᾶτο
1105 1249 1203 1316 καὶ
1258 1251 1423 1318 φόϐος
1458 1249 1632 1312 δεινὸς
1688 1243 1757 1320 ἦν
1806 1249 1904 1304 καὶ

308 1341 454 1408 περὶ
484 1340 646 1410 αὐτῇ,
673 1339 784 1392 τῶν
813 1357 898 1404 τις
933 1342 1210 1408 γυναικῶν
1239 1341 1546 1412 ἐμπείρων,
1575 1342 1692 1411 ἅμα
1719 1341 1776 1394 δὲ
1807 1341 1904 1396 καὶ

309 1430 565 1499 σεμνιίν,
598 1430 797 1500 βουλὴν
831 1433 1065 1499 εἰσάγει,
1097 1432 1238 1503 πλὴν
1279 1432 1377 1503 τὴν
1413 1433 1620 1502 συνήθη
1659 1432 1897 1498 πολλοῖς,

304 1523 445 1577 καθ’
472 1525 538 1594 ἢν
563 1524 627 1594 δὴ
649 1523 745 1579 καὶ
776 1525 1040 1590 σώζοιντο
1059 1526 1127 1579 τὰ
1147 1527 1486 1596 γεννήματα.
1519 1527 1630 1580 Καί
1653 1527 1686 1596 ἡ
1711 1525 1897 1598 βουλὴ,

304 1615 539 1678 εἰκόνας
593 1614 702 1669 τῶν
763 1615 1120 1686 προύχόντων
1197 1618 1256 1670 έν
1317 1614 1639 1678 ἀποστόλοις
1691 1615 1902 1669 δώδεκα

306 1709 632 1776 στήσαντας
663 1709 870 1780 κηροὺς
901 1710 1192 1780 ίσομὴκεις
1214 1726 1272 1762 τε
1295 1709 1389 1763 καὶ
1415 1707 1777 1778 ίσοστόιθμους
1805 1707 1902 1760 καὶ

300 1801 415 1870 ἅμ’
452 1801 735 1871 ἡμμένους
774 1801 858 1856 ἀν’
897 1799 1138 1869 ἑκάστην
1171 1799 1471 1870 πήξασθαι,
1502 1799 1599 1854 καὶ
1628 1797 1772 1870 ὑπὲρ
1803 1797 1900 1852 τοῦ

2008 609 2130 662 τότε
2162 610 2423 679 βασιλέως
2454 609 2885 680 προστάξαντος,
2917 609 3011 661 καὶ
3037 607 3112 678 τῷ
3137 608 3343 678 Σίμωνι
3367 609 3395 661 ό
3419 608 3592 677 κηρὸς

2009 702 2374 774 ὲνελέλειπτο,
2419 703 2512 756 καὶ
2566 704 2862 774 Σιμωνὶςὴ
2903 703 3204 774 ἀρτιγενὴς
3240 700 3590 771 παρωνύμως

2009 771 2241 863 ἐκλήθη,
2268 794 2370 862 τὴν
2418 771 2718 862 ὀνομασίαν
2745 771 3174 847 τοῦ-ἀποστόλου
3229 792 3310 853 είς
3339 789 3588 861 φυλακὴν

2009 882 2278 954 φέρουσα.

2269 977 2374 1046 λγ¹.
2406 975 2545 1045 Περὶ
2576 977 2682 1030 τοῦ
2699 976 2992 1045 μεγίστου
3021 972 3330 1044 χειμῶνος.

2078 1067 2212 1121 Τότε
2233 1069 2414 1122 τοίνυν
2447 1071 2541 1124 καὶ
2571 1070 2778 1140 χειμὼν
2818 1071 3136 1141 ἐφειστήκει
3170 1070 3268 1122 καὶ
3299 1065 3591 1138 χειμώνων

2008 1159 2036 1211 ὁ
2078 1162 2363 1228 μέγιστος,
2402 1163 2496 1214 καὶ
2532 1161 2640 1213 τῶν
2675 1161 2946 1228 ἐξαισίων,
2988 1163 3078 1215 καὶ
3107 1160 3164 1214 ὃν
3199 1159 3329 1213 ίδεῖν
3369 1175 3456 1212 πω
3494 1157 3592 1212 καὶ

2006 1252 2386 1320 γηράσκουσιν
2439 1253 2693 1323 οὐδαμῶς
2737 1254 3035 1322 ἐξεγένετο.
3090 1253 3234 1322 Τόση
3281 1251 3392 1320 γὰρ
3451 1246 3588 1320 χιὼν

2006 1341 2426 1408 ὲπεστοίόαστο,
2478 1342 2554 1406 ὡς
2590 1342 2907 1415 κλεισθῆναι
2952 1334 3052 1414 μὲν
3085 1331 3276 1396 οἰκιῶν
3305 1339 3414 1392 τῶν
3455 1340 3591 1410 χθα-

2007 1433 2197 1504 μαλῶν
2219 1434 2509 1499 διεξόδους,
2547 1436 2800 1505 σημείοις
2840 1435 2894 1488 δέ
2942 1452 3052 1488 τισι
3099 1434 3194 1488 καὶ
3225 1435 3436 1496 κοντοῖς
3470 1433 3586 1496 τοῖς

2007 1523 2106 1593 μὲν
2125 1524 2580 1593 στοχαζομένους,
2605 1526 2720 1588 τοῖς
2738 1524 2784 1577 δ’
2810 1523 3064 1594 ὀργάνοις
3087 1523 3405 1594 χρωμένους
3435 1521 3591 1583 τινὰς

2006 1614 2326 1684 ύπανοίγειν
2370 1617 2492 1678 τοῖς
2524 1616 2888 1684 έγκλεισθεῖσι
2937 1617 3008 1670 τὰ
3054 1615 3316 1685 δώματα,
3366 1613 3464 1667 καὶ
3494 1613 3590 1666 ἐπὶ

2004 1705 2290 1769 πλείσταις
2321 1705 2556 1776 ἡμέραις
2611 1708 2815 1778 μηδένα
2852 1708 2956 1777 γῆν
3008 1705 3040 1777 ἢ
3105 1707 3234 1760 ίδεῖν
3281 1704 3315 1776 ἦ
3357 1705 3581 1767 πατεῖν,

2006 1797 2121 1851 ἀλλ’
2151 1798 2242 1850 ἐπὶ
2271 1796 2664 1869 πεπλησμένης
2708 1799 2890 1868 χιόνος
2925 1797 3002 1862 ὠς
3032 1798 3272 1868 στερρᾶς
3294 1796 3589 1865 γεγονυίας

300 1893 514 1945 νεωστὶ
567 1893 922 1964 γεννηθέντος
954 1892 1020 1965 [Ρ
1065 1891 1190 1965 188]
1250 1891 1517 1946 ἱκετεύειν
1568 1889 1896 1960 ψάλλοντας,
1929 1873 1978 1934 Β
2006 1890 2110 1960 γῆς
2146 1891 2310 1960 μέχρι
2341 1891 2436 1945 καὶ
2463 1891 2634 1960 ἐγγὺς
2672 1890 2835 1962 έαρος
2865 1892 2993 1954 τοὺς
3029 1890 3214 1954 δδίτας
3241 1887 3586 1960 διέρχεσθαι,

301 1985 614 2054 ἐπέχοντας
647 1984 748 2054 τὴν
770 1985 939 2055 εὐχὴν
970 1985 1136 2056 μέχρι
1173 1985 1268 2038 καὶ
1292 1985 1464 2056 αὐτῆς
1493 1982 1558 2054 δὴ
1589 1983 1687 2048 τῆς
1715 1982 1782 2036 ἐκ
1803 1980 1898 2036 τοῦ

303 2077 492 2149 πυρὸς
517 2078 630 2132 τῶν
661 2079 850 2150 κηρῶν
875 2059 1258 2151 δαπανήσεως,
1305 2078 1400 2133 καὶ
1431 2076 1518 2146 ἐφ’
1539 2070 1601 2131 οὗ
1637 2075 1704 2148 δὴ
1739 2077 1767 2129 ὁ
1803 2092 1903 2128 πε-

303 2166 669 2236 ριγενόμενος
722 2168 832 2220 τῶν
877 2169 1055 2224 ἄλλων
1101 2171 1238 2233 τέως
1278 2167 1691 2237 ἀφανισθέντων
1740 2164 1898 2236 ἔστη,

300 2259 508 2313 τούτου
541 2261 638 2314 καὶ
672 2261 913 2332 τοῦνομα
947 2265 1014 2334 τῇ
1059 2263 1340 2334 ἁρτιγενεῖ
1381 2260 1630 2315 τίθεσθαι
1661 2258 1757 2314 τοῦ
1803 2276 1901 2312 πε-

301 2437 406 2490 filii
442 2437 842 2493 necessitudini
874 2448 927 2494 et
955 2438 1254 2495 individua;
1283 2439 1461 2496 intimi
1514 2439 1680 2495 amici
1719 2439 1899 2496 socie-

303 2531 404 2583 tati
429 2541 866 2584 consentaneum
899 2532 1089 2602 gratia:
1121 2533 1302 2587 locum
1333 2532 1478 2603 apud
1506 2533 1894 2604 imperatorem

311 2621 660 2677 habiturum.

308 2739 399 2793 52.
449 2738 527 2793 De
583 2742 1004 2815 nomenclatione
1064 2745 1422 2815 imperatoria:
1475 2745 1736 2815 virginis,
1805 2756 1900 2796 cur

721 2814 880 2880 luerit
916 2812 1162 2869 Simonis
1193 2814 1488 2884 appellata.

384 2905 503 2959 Non
561 2905 664 2959 abs
723 2921 802 2971 re,
851 2906 1069 2974 opinor,
1105 2905 1274 2962 fuerit
1325 2907 1523 2962 docere
1566 2908 1660 2961 hic
1715 2908 1898 2963 obiter

319 2997 570 3051 lectorem
607 3012 858 3066 quamam
895 2998 1032 3053 satis
1059 2997 1338 3051 inusitatae
1371 2998 1426 3051 in
1457 2999 1559 3051 hac
1603 2997 1752 3067 regia
1782 2999 1896 3052 vir-

319 3088 543 3154 guncula
597 3087 1062 3142 nomenclationis
1114 3087 1371 3142 inciderit
1430 3089 1674 3143 occasio.
1727 3089 1891 3162 277

2005 1983 2102 2035 καὶ
2136 1982 2372 2051 μάταιον
2406 1978 2544 2036 εἶναι
2575 1981 2639 2035 τὸ
2686 1983 2774 2052 ἐφ’
2823 1982 2993 2036 ἵππου
3022 1981 3293 2052 ὀχεῖσθαι,
3324 1979 3466 2050 πλὴν
3492 1977 3587 2032 τοῦ

2005 2074 2102 2127 καὶ
2128 2074 2332 2144 μᾶλλον
2360 2074 2660 2140 ἐξολισθεῖν
2687 2076 3042 2130 κινδυνεύειν.
3071 2074 3262 2129 Ταῦτα
3287 2073 3356 2146 δὴ
3375 2073 3468 2130 καὶ
3493 2072 3593 2141 τὴν

2006 2164 2105 2218 τοῦ
2163 2165 2433 2235 βασιλέως
2461 2169 2554 2222 ἐπὶ
2603 2167 3014 2238 Θεσσαλονίκης
3056 2167 3421 2240 ἐκστρατείαν
3447 2167 3592 2222 ἑκώ-

2003 2255 2151 2311 λυεν.

2000 2438 2335 2511 imperatore
2363 2483 2377 2509 ,
2415 2451 2472 2500 et
2521 2445 2736 2501 cunctis
2795 2453 3079 2516 superstes
3135 2443 3327 2500 ardere
3365 2443 3587 2499 ultimus

2001 2543 2276 2590 cessasset
2309 2535 2565 2591 admotus
2591 2537 2766 2591 sancti
2807 2537 3044 2606 apostoli
3080 2535 3324 2593 Simonis
3355 2536 3590 2606 imagini

1999 2639 2216 2692 cereus,
2251 2641 2450 2680 nomen
2489 2627 2616 2682 inde
2661 2629 2858 2698 puellae
2910 2628 3185 2683 Simonidi
3227 2628 3432 2682 factum
3467 2641 3588 2693 est;

2001 2719 2300 2788 evertitque
2335 2719 2505 2775 litatis
2555 2721 2734 2786 vetis,
2792 2729 2852 2774 ut
2895 2729 3127 2790 patrono
3181 2721 3419 2792 indigete
3449 2736 3591 2792 pra:-

2009 2817 2192 2865 stante
2228 2810 2509 2866 infantiles
2535 2813 2772 2866 eluctata
2815 2811 3134 2866 debilitates
3160 2813 3350 2882 puberi
3381 2827 3446 2866 se
3473 2813 3594 2866 feli-

1999 2901 2141 2958 aiter
2171 2901 2320 2972 regia
2352 2901 2468 2957 haec
2518 2903 2701 2971 proles
2751 2901 3060 2958 admoverit
3105 2901 3512 2959 adolescentiae.

2459 3038 2550 3095 '55.
2579 3038 2655 3093 De
2677 3040 2916 3095 maxima
2943 3040 3136 3094 hieme.

309 3174 478 3245 Αἰξί-ε
537 3177 862 3247 imperatori
909 3176 1090 3232 fuerat
1121 3177 1372 3232 subtrahi
1424 3179 1655 3248 praecoci
1689 3181 1738 3235 ei
1780 3181 1893 3236 fato
1924 3212 1966 3270 ο
2076 3177 2177 3234 Hic
2219 3193 2383 3250 porro
2411 3193 2591 3236 annus
2621 3195 2730 3250 quo
2760 3179 2894 3234 inita
2927 3187 3013 3234 est
3055 3194 3176 3234 cum
3205 3180 3353 3234 crale
3381 3177 3589 3236 Serbian

304 3268 583 3324 femineos
636 3268 806 3334 fetus,
856 3268 910 3323 in
958 3268 1079 3337 ipso
1135 3269 1326 3323 statim
1379 3271 1691 3326 exstinctos
1741 3280 1890 3328 ortu.

298 3357 608 3430 Postquam
643 3375 776 3432 ergo
828 3361 882 3414 id
933 3359 1130 3415 iterum
1185 3366 1239 3416 et
1284 3362 1468 3428 tertio,
1521 3363 1746 3418 totidem
1776 3364 1893 3420 ela-

297 3451 456 3506 tione
497 3463 832 3520 prrematura
877 3457 1134 3506 natarum
1185 3451 1287 3522 ipsi
1321 3466 1353 3507 e
1390 3453 1624 3523 conjuge
1672 3456 1894 3525 puella-

298 3543 448 3606 r'uni,
483 3557 714 3612 passum
761 3557 822 3598 se
871 3542 1224 3599 Andronicus
1260 3543 1410 3599 haud
1442 3545 1662 3602 modico
1701 3547 1894 3604 dolore

299 3635 661 3699 meminerat,
703 3646 960 3692 metuens
985 3637 1040 3691 in
1085 3638 1191 3693 hac
1234 3653 1458 3708 quoque
1515 3647 1715 3709 quarto
1748 3640 1892 3695 edita

301 3725 498 3780 uxoris
551 3735 715 3791 partu
770 3726 1012 3782 similem
1055 3729 1412 3784 acerbitatem
1467 3744 1632 3786 casus
1683 3729 1892 3796 infesti,

300 3817 545 3872 libenter
580 3818 796 3888 accepit
827 3820 1121 3874 consilium
1157 3835 1188 3873 a
1232 3821 1468 3891 quadam
1502 3823 1803 3877 venerabili
1837 3832 1894 3878 et

301 3911 500 3963 talium
532 3910 844 3979 experienti
889 3921 1138 3965 matrona
1176 3921 1513 3983 suggestum.
1559 3912 1686 3969 llatc
1717 3913 1896 3970 suasit

299 4003 554 4070 Angusto
604 4015 718 4054 rem
753 4017 856 4056 usu
890 4012 1190 4072 compertae
1221 4019 1248 4056 a
1290 4004 1477 4059 multis
1507 4006 1560 4058 in
1597 4006 1714 4074 pari
1743 4007 1893 4061 cala-

303 4093 502 4144 mitate
553 4090 812 4146 utilitatis
850 4129 865 4154 ,
923 4106 1188 4147 successu
1252 4103 1444 4148 secuto
1500 4093 1750 4148 vitalium
1813 4096 1894 4151 sic

301 4181 746 4247 reddendorum,
778 4183 873 4251 qui
928 4184 1084 4252 prius
1141 4184 1400 4253 praemori
1456 4185 1726 4248 solebant,
1770 4200 1894 4255 par-

299 4279 484 4336 tuum,
524 4271 784 4326 nimirum
833 4283 892 4328 ut
941 4274 1150 4328 circum
1184 4274 1378 4328 ordine
1411 4275 1629 4343 disponi
1673 4284 1894 4332 curaret

297 4364 576 4433 imagines
629 4363 933 4433 primorum
981 4364 1190 4420 Christi
1253 4367 1636 4435 apostolorum
1687 4367 1894 4422 duode-

299 4457 412 4510 cim
441 4471 458 4521 ;
489 4455 741 4525 singulos
769 4455 965 4510 barum
998 4457 1199 4525 cuique
1229 4471 1426 4513 cereos
1457 4459 1707 4524 adderet,
1742 4461 1892 4529 paris

2005 3271 2322 3337 conventio,
2353 3269 2586 3341 insignis
2637 3269 2742 3325 fuit
2797 3271 2984 3342 rigore
3033 3269 3230 3324 hiemis
3261 3285 3368 3324 non
3405 3271 3583 3326 solum

1999 3363 2261 3428 maximo,
2315 3361 2413 3418 sed
2473 3371 2549 3425 et,
2605 3369 2665 3415 ut
2713 3360 2798 3415 sic
2857 3362 3074 3430 loquar,
3109 3362 3586 3430 prodigiosissimo

1999 3454 2162 3508 facile
2189 3453 2462 3516 omnium,
2499 3462 2772 3523 quotquot
2827 3454 2990 3508 annis
3055 3461 3202 3508 retro
3254 3455 3425 3523 lapsis
3454 3470 3583 3524 pos-

1998 3552 2124 3600 sent
2178 3544 2388 3600 vidisse
2422 3544 2705 3599 recordari
2760 3543 2853 3613 qui
2913 3545 3320 3614 longaevissiine
3357 3549 3583 3601 senuis-

1999 3646 2144 3692 sent.
2179 3637 2340 3692 Tanti
2370 3637 2578 3691 nivium
2609 3652 2840 3708 aggeres
2871 3653 3038 3706 supra
3077 3652 3239 3692 omne
3274 3639 3443 3709 278
3474 3639 3588 3693 late

1997 3729 2172 3785 solum
2203 3731 2568 3795 increverant,
2606 3737 2665 3782 ut
2696 3729 2880 3785 aditus
2918 3729 3272 3784 obstruerent
3319 3731 3584 3784 domuum

1996 3821 2350 3875 bumiliornm
2386 3830 2443 3876 et
2474 3823 2591 3889 ipsa
2634 3822 2903 3876 ostiorum
2941 3821 3388 3888 superliminaria
3423 3835 3584 3876 exce-

1997 3909 2191 3966 dentes
2249 3910 2519 3966 incertum
2579 3911 2757 3965 oculis
2809 3910 3188 3977 relinquerent
3244 3929 3351 3981 qua
3418 3922 3574 3983 parte

1998 4001 2214 4072 ingredi
2262 4003 2563 4073 egredique
2624 4004 2752 4058 inde
2812 4004 3155 4075 habitatores
3193 4014 3581 4060 consuessent.

1998 4094 2144 4167 Ergo
2175 4097 2350 4166 signis
2390 4098 2724 4168 quibusdam
2782 4108 2876 4154 aut
2927 4098 3216 4168 longorum
3274 4114 3370 4169 per
3400 4100 3586 4154 nivem

1997 4181 2441 4238 immissionibus
2494 4194 2787 4240 contorum
2845 4186 3176 4255 investigato
3226 4187 3335 4241 situ
3377 4189 3584 4258 januaz,

1995 4274 2198 4342 quibus
2245 4285 2365 4357 erat
2417 4291 2549 4330 cura
2606 4278 2893 4346 suppetias
2950 4277 3116 4332 eundi
3155 4279 3292 4334 vivis
3327 4281 3582 4349 sepultis,

1995 4365 2136 4434 palis
2165 4366 2362 4421 deinde
2417 4368 2808 4438 similibusque
2843 4369 3226 4425 instrumentis
3273 4371 3584 4441 purgabant

1997 4455 2101 4510 iter
2149 4457 2216 4511 ad
2247 4456 2416 4523 fores,
2448 4467 2506 4512 ut
2537 4459 2616 4514 sic
2646 4469 2836 4528 portas
2865 4460 3241 4528 patefacerent
3265 4461 3584 4518 infelicibus

301 4539 455 4595 inter
491 4555 552 4596 se
585 4556 784 4597 omnes
840 4542 1102 4612 ponderis
1154 4553 1211 4599 et
1271 4545 1638 4614 longitudinis
1697 4558 1890 4606 exacte
1916 4551 1970 4611 D
1997 4547 2266 4604 obsessis.
2302 4549 2424 4604 Alia
2451 4550 2660 4605 ratione
2682 4567 2844 4621 quam
2879 4552 2953 4606 ita
2979 4554 3226 4608 detracta
3258 4568 3420 4608 manu
3457 4555 3581 4610 nive

299 4631 545 4687 invicem
581 4632 887 4700 dimensze;
938 4634 1039 4691 bas
1069 4650 1256 4692 sacras
1283 4636 1472 4692 icones
1500 4646 1554 4694 et
1601 4638 1688 4695 his
1719 4655 1894 4710 appo-

302 4722 448 4778 sitas
483 4725 741 4781 candelas
790 4727 1086 4795 imperaret
1117 4728 1166 4781 ei
1214 4727 1336 4783 loco
1368 4729 1580 4784 circum
1629 4745 1893 4787 accensas

303 4815 506 4879 statui,
543 4816 599 4870 in
639 4831 746 4886 quo
779 4817 916 4872 certi
974 4817 1224 4872 homines
1274 4827 1502 4875 orantes
1559 4836 1660 4890 pro
1702 4837 1893 4877 recens

301 4915 439 4960 nata
475 4906 716 4976 puellula
754 4909 999 4978 psalmos
1039 4917 1094 4965 et
1122 4911 1590 4981 supplicationum
1635 4914 1688 4968 id
1720 4929 1892 4984 genus

297 4993 577 5052 formulas
605 4998 916 5053 continenti
945 5009 1178 5056 eatenus
1208 5003 1500 5058 devotione
1533 5005 1894 5074 pronuntiare

299 5101 747 5158 perseverarent,
789 5091 973 5160 quoad
1000 5091 1228 5163 depasta
1259 5096 1384 5165 igne
1410 5106 1734 5152 cunctorum
1766 5113 1893 5154 cera

307 5182 583 5238 funalium
635 5184 752 5240 haec
793 5187 1002 5256 pariter
1048 5187 1301 5242 universa
1355 5189 1540 5245 lucere
1573 5190 1891 5247 desiissent.

301 5272 729 5332 Observandum
789 5288 971 5331 autem
1052 5292 1274 5334 cereum
1330 5295 1494 5349 quem
1550 5292 1892 5351 postremum

303 5367 656 5437 contingeret
685 5367 929 5434 absumi,
964 5378 1016 5424 et
1047 5369 1169 5439 ejus
1223 5371 1401 5426 sancti
1445 5373 1681 5443 apostoli
1732 5374 1892 5444 cujus

303 5459 504 5516 fuisset
557 5460 800 5531 imagini:
835 5460 1132 5531 adjunctus
1165 5463 1273 5520 iste
1307 5479 1420 5533 prae
1472 5466 1687 5522 caeteris
1730 5467 1893 5521 vivax

304 5566 521 5618 cereus,
589 5567 789 5608 nomen
848 5554 1104 5624 puppulae
1156 5555 1463 5611 indendum
1509 5574 1523 5609 :
1577 5557 1675 5611 tali
1744 5558 1890 5613 enim

304 5642 512 5708 omine,
562 5644 640 5698 uti
681 5645 910 5715 pignore
960 5645 1090 5702 inde
1120 5646 1362 5703 adfuturi
1416 5649 1730 5718 patrocinii,
1767 5665 1894 5720 spe-

307 5733 415 5786 rari
464 5732 671 5802 prolem
710 5735 852 5789 hanc
885 5738 1232 5806 superiorum
1267 5738 1412 5795 tristi
1449 5741 1750 5798 conditioni
1777 5743 1894 5799 exi-

308 5827 562 5881 mendam
590 5829 1112 5900 provehendamque
1153 5833 1374 5887 innoxie
1407 5834 1462 5888 in
1490 5835 1666 5889 :etatis
1697 5835 1892 5891 adultae

310 5919 683 5977 aiubritatcni.
748 5923 822 5976 Ea
867 5939 988 5979 cum
1040 5933 1223 5981 essent
1277 5932 1405 5982 tunc
1470 5936 1591 5982 acta
1656 5927 1877 5986 iubente

1999 4655 2164 4697 nemo
2188 4643 2290 4697 sub
2321 4642 2410 4698 dio
2440 4643 2627 4697 multis
2657 4644 2853 4698 diebus
2888 4655 3090 4699 terram
3123 4643 3260 4698 vidit
3283 4653 3378 4700 aut
3404 4645 3578 4699 vesti-

1996 4736 2086 4806 gio
2135 4737 2356 4807 pressit.
2401 4736 2783 4807 gradientibus
2811 4737 3030 4793 cunctis
3074 4753 3240 4808 supra
3277 4738 3400 4808 gelu
3443 4752 3579 4793 con-

1997 4837 2210 4882 cretum
2243 4838 2300 4883 et
2333 4827 2399 4883 ad
2436 4828 2794 4884 stabilitatem
2843 4829 2946 4884 soli
2991 4828 3278 4884 calcabilis
3329 4829 3578 4884 duratant

1997 4921 2344 4989 superficiem
2378 4921 2555 4977 nivosi
2603 4922 2805 4991 campi,
2839 4922 3024 4976 telluri
3063 4922 3271 4991 ubique
3323 4923 3582 4992 superin~

1996 5011 2168 5065 ducti.
2209 5009 2390 5080 Usque
2420 5013 2487 5067 ad
2521 5013 2772 5066 viciniam
2809 5013 3112 5082 proximam
3155 5028 3335 5068 vernae
3371 5023 3581 5084 tempe.

1997 5103 2158 5158 statis
2184 5104 2289 5159 ista
2335 5121 2504 5174 super
2543 5106 2696 5161 nives
2745 5105 3037 5161 incedendi
3075 5106 3382 5162 necessitas
3413 5107 3580 5160 dura-

1996 5195 2110 5261 vit;
2164 5211 2277 5264 quo
2338 5205 2454 5251 toto
2505 5206 2752 5267 tempore
2795 5198 2936 5252 dura
2996 5198 3244 5254 conditio
3300 5199 3572 5255 viatorum

1996 5290 2120 5357 fuit,
2183 5291 2419 5361 pedibus
2478 5293 2555 5346 uti
2613 5293 2856 5363 propriis
2897 5295 2982 5347 via
3047 5293 3354 5364 quamlibet
3411 5294 3577 5362 longa

1994 5389 2334 5435 coactorum.
2391 5381 2606 5451 Quippe
2649 5382 2901 5436 insanum
2959 5382 3158 5436 fuisset
3217 5383 3341 5451 equi
3403 5381 3573 5435 dorso

1994 5473 2135 5528 velle
2163 5471 2370 5538 invehi,
2419 5489 2547 5528 cum
2595 5476 2812 5544 pedites
2847 5475 2953 5544 ipsi
2983 5474 3276 5545 quantavis
3308 5471 3574 5529 sollicitu-

1993 5563 2126 5619 dine
2185 5577 2250 5620 ae
2303 5565 2492 5635 lapsus
2529 5565 2876 5636 praecavendi
2913 5573 3140 5630 conatu,
3189 5563 3368 5619 locum
3404 5565 3574 5619 vesti-

1995 5657 2102 5726 giis
2155 5656 2420 5726 legentes,
2471 5675 2756 5728 nunquam
2819 5658 2941 5715 sine
2987 5655 3425 5728 praesentissimo
3474 5665 3575 5708 ca-

1995 5749 2159 5804 dendi
2192 5750 2440 5819 periculo
2478 5751 2674 5822 pedem
2717 5752 2772 5806 in
2831 5751 3051 5805 lubrico
3111 5753 3337 5817 possent
3377 5745 3574 5814 figere.

1997 5838 2112 5894 [ioc
2153 5841 2471 5910 aliquandiu
2523 5844 2930 5898 incommodum
2964 5842 3198 5895 decretae
3255 5837 3574 5905 imperatori

1995 5933 2446 5990 Thessalonicam
2492 5951 2682 5992 versus
2719 5933 3084 5998 expeditionis
3135 5933 3276 5987 diem
3325 5928 3570 5984 difludit.
