4018 6430
513 360 622 426 807

1765 372 2090 436 GEORGII
2135 366 2613 435 PACHYMERE
3653 387 3743 443 308

510 633 1110 711 a'._fE£{Jepat(ftoﬁ
1141 639 1443 706 ,βασιλέως
1477 641 1574 694 ἐπὶ
1607 643 2088 709 Θεσσαλονίκης.
2124 644 2172 701 Α
2200 643 2574 711 πραττόμενα,
2606 641 2725 695 ἀλλ’
2745 639 3039 695 ἀνάπυστα
3065 642 3326 710 γεγονότα
3349 641 3438 693 καὶ
3457 639 3528 710 τῷ
3551 645 3742 710 τυχόντι

914 705 1025 774 τῆς
1080 703 1167 776 εἰς
1200 703 1540 780 Σηλυϐρίαν
1567 712 1674 766 τοῦ
1725 703 2093 782 πατριάρχὸύ

577 908 643 984 [Ρ
683 909 814 980 192]
866 911 1051 980 Μηνὸς
1111 911 1168 966 δὲ
1224 913 1538 984 Ληναιῶνος
1582 915 1936 984 ἐνεστηκότος
1987 917 2093 970 ὑπὸ

505 1005 645 1071 χιόνι
677 1004 1120 1075 ὲκσκιρρωθείσῃ
1146 1008 1210 1073 τῇ
1242 1008 1312 1073 γῇ
1345 1007 1440 1060 καὶ
1472 1007 1671 1071 πάγοις
1699 1009 1949 1078 στερροῖς
1979 1011 2093 1072 τοῖς

505 1096 567 1145 ἐκ
595 1094 825 1164 ταύτης,
857 1096 934 1158 ὼς
963 1097 1057 1150 καὶ
1088 1096 1270 1150 αὐτῶν
1296 1097 1379 1150 ἔτι
1409 1097 1517 1151 τῶν
1551 1099 1794 1151 ἀεννάων
1827 1096 2090 1166 ποταμῶν

503 1187 860 1256 ἐπεχομὲνων
892 1189 954 1240 τὸ
986 1188 1167 1258 ῥεῦμα
1206 1188 1297 1242 διὰ
1325 1188 1425 1260 τὴν
1456 1190 1515 1241 ὲν
1540 1189 1618 1258 τῷ
1647 1189 1804 1259 βάθει
1832 1189 1926 1244 τοῦ
1966 1185 2090 1244 ὕδα-

503 1294 596 1341 τος
633 1279 822 1348 πῆξιν,
854 1283 988 1350 παρ’
1015 1283 1082 1351 ἢν
1121 1281 1305 1334 αἰτίαν
1338 1283 1434 1334 καὶ
1467 1282 1538 1351 γῆ
1574 1279 1979 1352 συστελλομένη
2011 1282 2090 1351 τῷ

503 1369 663 1438 κρύει
704 1367 902 1439 ὲζήμει
932 1371 1000 1425 τά
1030 1371 1234 1439 φυέντα
1289 1373 1384 1425 καὶ
1412 1371 1481 1425 τὰ
1515 1373 1841 1444 ἐσπαρμένα
1880 1372 2090 1426 παντά-

503 1477 675 1515 πασιν
695 1462 1041 1532 ὴχρειοῦντο,
1068 1463 1164 1534 ὀψὲ
1182 1463 1543 1532 παρασκευῆς
1568 1464 1674 1517 ὑπὸ
1694 1464 1904 1534 λύχνων
1919 1465 2086 1533 ἀφάς,

501 1553 614 1607 τῶν
662 1557 1086 1626 κεκοιμημένων
1134 1556 1256 1610 κατ’
1299 1556 1421 1620 ἔθος
1450 1557 1946 1627 μνημονευομένων
1989 1559 2089 1628 ἀρ-

499 1648 677 1716 χαῖον,
711 1647 916 1712 ἔξεισιν
945 1649 974 1700 6
1006 1648 1262 1718 βασιλεὺς
1313 1651 1502 1719 καὶ-τῇ
1531 1649 1780 1720 ’Δριπεία
1816 1651 1904 1720 ἐφ’
1952 1650 2091 1720 ἡμέ-

504 1756 630 1808 ραις
662 1739 966 1804 αὐλίζεται.
1017 1742 1128 1794 Καὶ
1179 1741 1208 1794 6
1260 1741 1359 1812 μὲν
1387 1741 1526 1805 τέως
1569 1742 1754 1812 ἐπεῖχε
1787 1742 1880 1794 τὸν
1919 1742 1979 1804 ἐς
2027 1741 2090 1794 τδ

500 1825 694 1896 πρόσω
724 1827 947 1896 δρόμον,
980 1826 1162 1890 διδοὺς
1186 1828 1287 1898 μὲν
1309 1828 1568 1900 δεσποίνῃ
1601 1831 1996 1900 ἑνευκαιρῆσαι
2021 1831 2090 1886 τὰ

499 1916 584 1977 εἰς
616 1915 716 1987 τὴν
745 1915 951 1983 ἔξοδον,
1007 1917 1187 1981 διδοὺς
1221 1919 1278 1972 δὲ
1331 1919 1548 1988 βασιλεί
1594 1919 1818 1990 Μιχαὴλ
1870 1920 2089 1989 σύναμα

501 2008 724 2078 συζύγῳ
757 2009 902 2062 κατὰ
959 2009 1158 2081 σχολὴν
1192 2012 1261 2065 τὰ
1312 2015 1412 2080 τῆς
1446 2011 1744 2080 ἀπάρσεως
1797 2011 2088 2082 ἑτοιμάζε-

486 2088 656 2166 σθαι,
693 2102 885 2171 καιρὸν
915 2103 973 2156 δὲ
1000 2103 1096 2155 καὶ
1130 2106 1244 2164 τοῖς
1283 2104 1429 2173 ἀμφὶ
1472 2105 1564 2158 τὸν
1599 2104 1820 2173 δέσμιον
1854 2103 2087 2172 ἀδελφὸν

502 2191 707 2261 ὗφιεὶς,
729 2193 854 2246 ἐπεὶ
876 2195 1136 2248 κάκεῖνον
1177 2194 1492 2263 ἀπάγεσθαι
1522 2194 1686 2264 ιγνω,
1711 2195 1854 2249 κατά
1884 2195 2086 2262 τρόπον

500 2284 805 2350 ὑπεξιέναι.
837 2285 950 2341 Καὶ
973 2289 1002 2341 6
1033 2287 1134 2357 μὲν
1149 2286 1328 2342 ταῦτα
1348 2304 1363 2320 θ
1407 2288 1666 2360 Ἰωάννης
1689 2289 1747 2342 δὲ
1775 2291 1802 2342 6
1827 2289 2084 2357 τηνικάδε

501 2376 875 2448 πατριάρχης,
905 2378 1030 2432 ἐπεὶ
1066 2379 1178 2433 οὐδ’
1208 2379 1394 2450 ἀφανῆ
1429 2374 1569 2452 ἦσαν
1618 2381 1688 2434 τά
1738 2381 1816 2451 τῷ
1871 2379 2086 2451 βασιλεί

2199 733 2351 796 εἰκὸς
2387 727 2457 802 ἦν
2489 734 2747 786 κάκεῖνον
2787 733 2862 804 μὴ
2891 733 3133 802 ἀγνοεῖν,
3165 735 3215 785 el
3247 733 3339 786 καὶ
3377 737 3404 786 ὁ
3435 732 3674 802 βασιλεὺς
3693 736 3743 787 ἐν

2195 824 2434 895 δευτέρῳ
2464 823 2580 895 εἶχε
2605 826 2664 878 τὸ
2692 825 2830 894 δῆλα
2860 825 3108 893 γίνεσθαι
3130 824 3301 879 ταῦτα
3335 825 3411 892 τῷ
3451 828 3740 896 πατριάρχῃ

2195 917 2294 986 οὐχ
2329 912 2492 987 ἦττον
2524 916 2557 990 ἢ
2592 917 2686 970 καὶ
2715 915 2842 980 τοὺς
2866 919 2964 988 τῆς
2995 916 3273 987 θαλάσσης
3317 916 3466 986 χόας,
3501 919 3568 980 ὡς
3607 918 3743 984 λέγε-

2191 1023 2304 1074 ται,
2355 1007 2513 1074 ἐξιὼν
2560 1007 2636 1072 ὡς
2683 1008 2847 1077 δῆθεν
2890 1009 3327 1078 συντακτηρίους
3366 1007 3650 1061 ἀποδώσων
3677 1010 3742 1078 τῷ

2195 1099 2427 1169 βασιλεῖ,
2459 1102 2552 1153 καὶ
2582 1099 2652 1153 τὰ
2684 1100 2815 1168 περὶ
2841 1100 3033 1152 τούτου
3062 1100 3234 1152 κινεῖν
3261 1099 3318 1150 ὲν
3347 1096 3578 1169 πρώτοις
3607 1100 3744 1151 ἐδού-

2189 1190 2335 1245 λετο.
2372 1189 2636 1254 Βασιλεὺς
2667 1191 2768 1258 μὲν
2798 1192 2929 1262 γὰρ,
2958 1192 3081 1245 ἐπεὶ
3110 1190 3262 1244 πόλλ’
3311 1192 3446 1244 ἄττα
3481 1191 3545 1244 τὰ
3593 1209 3744 1259 προσ-

2193 1280 2460 1350 ιστάμενα
2491 1280 2569 1350 τῷ
2617 1281 3031 1352 συναλλάγματι
3083 1281 3461 1348 κατεφαίνετο.
3494 1282 3552 1334 τό
3602 1283 3644 1333 τ’
3672 1282 3744 1348 ἐφ’

2189 1372 2560 1442 όρκωμοσίαις
2596 1373 2686 1426 τὸν
2717 1375 2925 1445 κράλην
2960 1377 3220 1444 φρικταῖς
3266 1373 3363 1442 τὴν
3393 1374 3483 1426 τοῦ
3522 1373 3741 1444 Τερτερῆ

2191 1465 2622 1534 προσλαϐέσθαι,
2666 1467 2726 1519 τό
2767 1483 2826 1520 τε
2876 1469 3126 1537 νομίμως
3171 1467 3351 1520 δοκεῖν
3389 1465 3742 1535 συνεζεΰχθαι,

2188 1553 2224 1624 ἦ
2261 1556 2309 1607 τ’
2355 1555 2722 1626 ἁφηλικίωσις
2759 1559 2859 1626 τῆς
2903 1556 3167 1624 νεάνιδος,
3211 1557 3307 1610 καὶ
3339 1557 3397 1610 τὸ
3446 1555 3640 1624 φθάσαι
3667 1556 3744 1608 τὸν

2189 1647 2394 1716 Σέρόον
2425 1647 2527 1716 τὴν
2561 1645 2824 1714 τάδελφοῦ
2859 1646 3139 1716 Στεφάνου
3175 1647 3630 1715 γυναικαδὲλφην,
3659 1647 3744 1698 εἴτ’

2190 1737 2285 1792 οὖν
2335 1738 2428 1792 καὶ
2473 1737 2641 1793 αὑτοῦ
2691 1737 2980 1808 βασιλέως,
3018 1739 3117 1806 τὴν
3152 1737 3245 1792 τοῦ
3276 1739 3444 1809 ῥηγὸς
3491 1739 3745 1809 Οὑγγρὶας

2191 1831 2383 1900 κόρην,
2413 1831 2555 1884 κατὰ
2589 1830 2781 1900 χρείαν
2811 1833 2925 1893 τοῖς
2959 1831 3058 1900 τῆς
3083 1831 3320 1901 Σερῦίας
3339 1831 3525 1892 τόποις
3545 1831 3746 1882 ἐπιστᾶ-

2194 1938 2297 1977 σαν
2318 1922 2412 1977 καὶ
2437 1924 2503 1976 τὰ
2537 1921 2810 1992 μοναχικά
2833 1923 3219 1994 ἠμφιεσμένην
3244 1923 3517 1994 πορνικῶς
3544 1921 3742 1990 γνῶναι.

2193 2014 2362 2069 Ταῦτ’
2393 2015 2474 2078 εἰς
2501 2014 2561 2068 ἓν
2597 2015 2938 2085 συναγόμενα
2971 2015 3221 2086 αὐτάρκη
3272 2017 3341 2085 τῇ
3373 2014 3565 2084 πράξει
3598 2028 3747 2084 προσ-

2199 2105 2457 2160 ίστασθαι
2487 2105 2864 2174 κατεφαίνετο.
2905 2105 2962 2159 Ὁ
2999 2104 3130 2174 γοῦν
3160 2104 3420 2176 βασιλεὺς
3463 2105 3549 2158 διά
3575 2104 3745 2164 ταῦτα.

2194 2195 2312 2264 ἅμα
2349 2194 2449 2264 μὲν
2477 2192 2546 2246 τὰ
2576 2193 2747 2247 πολλά
2777 2193 3117 2265 θεραπεύων,
3157 2195 3272 2264 ἅμα
3312 2195 3370 2248 δέ
3401 2211 3464 2264 γε
3502 2193 3591 2245 καὶ
3618 2194 3748 2259 λογι-

2192 2285 2422 2357 ζόμενος
2471 2283 2547 2351 ὡς
2582 2288 2634 2340 εῐ
2679 2299 2732 2340 τι
2773 2287 2871 2340 καὶ
2923 2289 3335 2358 παρασπονδοίη
3373 2287 3402 2339 6
3439 2287 3634 2355 κοάλης
3672 2285 3750 2336 ἐπὶ

2191 2383 2309 2442 τοῖς
2352 2380 2740 2449 συγκειμόνοις
2771 2362 2928 2448 αὐτῷ’
2945 2395 3004 2431 τε
3027 2380 3122 2432 καὶ
3153 2379 3426 2451 Τερτερῇ,
3451 2379 3599 2433 οὐδὲν
3625 2378 3747 2431 tati.

2059 2540 2224 2632 IV.

497 2711 551 2773 Ι.
585 2711 850 2786 Profectio
908 2719 1242 2785 imperatoris
1289 2715 1735 2772 Thessalonicam.
1769 2713 1827 2770 2.
1868 2712 1941 2769 De
1985 2730 2084 2783 pa-

861 2789 1108 2844 triarclue
1141 2789 1366 2844 adventu
1403 2787 1725 2859 Selybrt’am.

571 2901 819 2958 Tandem
857 2911 1042 2958 tamen
1083 2917 1272 2959 mense
1309 2902 1612 2958 Februario
1656 2903 1882 2958 ineunte
1914 2901 2084 2971 profi—

497 2995 630 3052 cisci
667 2993 999 3061 constituit,
1035 2995 1168 3050 licet
1216 2995 1395 3049 adhuc
1428 2995 1534 3049 late
1579 2995 1870 3050 horrerent
1904 2993 2080 3063 campi

497 3101 606 3142 una
640 3087 936 3143 incrustati
976 3085 1268 3156 superﬁcie
1312 3087 1728 3156 eongelatarum
1758 3085 1990 3145 nivium,
2027 3092 2082 3137 et

494 3192 769 3250 perennes
819 3179 924 3249 ipsi
975 3177 1127 3232 ﬂuvii
1164 3177 1400 3234 solidum
1451 3179 1619 3232 dorso
1670 3192 1921 3247 gressum
1979 3178 2082 3229 iter

493 3271 788 3340 agentibus
813 3271 1121 3340 praeberent
1149 3279 1376 3340 propter
1405 3269 1754 3326 altitudinem
1787 3279 2082 3339 penetran-

492 3364 565 3418 tis
619 3362 674 3418 in
728 3362 1064 3434 profundum
1113 3362 1334 3434 glaciei.
1387 3362 1520 3429 Quae
1575 3363 1660 3416 vis
1697 3363 1896 3432 rigoris
1945 3373 2075 3414 arva

491 3458 890 3525 constringens
927 3471 1148 3526 gravem
1199 3455 1350 3510 omni
1383 3455 1697 3525 plantarum
1736 3453 1922 3524 generi
1952 3467 2076 3522 per-

493 3551 694 3606 niciem
750 3549 972 3614 intulit,
1011 3557 1135 3604 sata
1178 3562 1309 3604 vero
1353 3548 1620 3617 pleraque
1679 3545 1929 3600 funditus
1956 3559 2078 3598 cor-

494 3643 664 3713 rupit.
725 3641 881 3697 Tune
926 3641 1095 3710 igitur
1153 3655 1386 3710 vespere
1442 3639 1801 3700 Parasceves,
1851 3636 2078 3706 quando

488 3735 603 3804 jam
638 3731 804 3802 279
836 3747 902 3785 ex
935 3745 1088 3786 more
1126 3731 1354 3801 antiquo
1394 3730 1463 3784 ad
1493 3727 2072 3785 commemorationem

495 3835 845 3882 mortuorum
879 3823 1032 3878 faces
1061 3823 1528 3886 accendebantur,
1567 3822 1698 3876 exiit
1737 3816 1871 3874 urbe
1903 3820 2076 3888 impe-

488 3927 664 3984 rator,
698 3915 1065 3987 Dripeamque
1087 3930 1149 3971 se
1183 3915 1440 3979 contulit,
1483 3914 1578 3969 ubi
1607 3912 1676 3968 ad
1711 3914 1828 3967 dies
1862 3912 2074 3981 aliquot

488 4014 578 4066 est
601 4015 993 4073 commoratus,
1027 4007 1284 4076 operiens
1310 4006 1439 4060 dum
1467 4019 1528 4059 se
1556 4004 1802 4074 Augusta
1845 4001 2072 4072 expedi-

487 4109 574 4156 ret
627 4099 697 4156 ad
751 4101 873 4165 iter,
911 4101 1154 4169 itemque
1191 4101 1470 4168 Augustus
1521 4096 1711 4164 junior
1759 4111 1885 4150 eum
1935 4109 2070 4148 con-

481 4193 649 4264 juge;
683 4199 796 4245 tum
843 4200 902 4246 ut
956 4191 1025 4246 iis
1065 4190 1267 4260 quibus
1299 4205 1488 4243 curam
1531 4190 1871 4258 imposuerat
1897 4184 2068 4240 dedu-

488 4285 651 4342 cendi
699 4283 1124 4340 Cortstantinum
1184 4282 1474 4352 despotam
1527 4280 1752 4335 fratrem
1805 4294 1966 4333 suum
2014 4279 2066 4334 in

489 4375 598 4430 tida
635 4374 814 4429 obiter
842 4372 1094 4428 custodia
1128 4374 1280 4442 (nam
1322 4371 1468 4424 hunc
1495 4370 1550 4423 in
1587 4369 1724 4424 urbe
1753 4367 2066 4436 relinquere

488 4473 674 4519 tutum
707 4477 817 4517 non
851 4461 1131 4528 ducebat),
1161 4475 1282 4530 quia:
1311 4470 1469 4514 erant
1505 4463 1571 4512 ad
1601 4459 1652 4512 id
1681 4457 2074 4513 convenienter

488 4555 989 4613 administrandum
1025 4564 1420 4616 consentanea,
1454 4535 1712 4607 idoneum
1744 4548 2069 4620 providendi

489 4649 728 4719 spatium
759 4647 938 4702 daret.
996 4646 1066 4700 At
1127 4645 1430 4715 imperator
1459 4644 1680 4713 quidem
1714 4642 1767 4696 in
1801 4642 1886 4698 bis
1928 4650 2066 4696 erat.

2191 2720 2275 2770 set
2317 2711 2440 2768 filia:
2471 2713 2774 2772 Simonidis
2799 2733 2924 2773 cum
2946 2717 3153 2776 Serbiaa
3180 2720 3444 2792 'principe
3491 2721 3749 2775 matrimo-

2192 2804 2345 2857 nium
2405 2806 2592 2860 multis
2656 2808 2723 2862 de
2776 2810 2962 2867 causis
3043 2813 3463 2868 inconveniens.
3529 2812 3744 2865 Primum

2188 2899 2359 2962 enim,
2405 2901 2550 2968 quod
2601 2902 2924 2971 exigebatur
2962 2919 2991 2958 a
3033 2905 3189 2960 crale
3223 2913 3283 2959 ut
3317 2906 3566 2974 proderet
3596 2905 3746 2970 impe-

2189 2992 2356 3044 ratori
2397 3007 2644 3046 sororem
2685 2992 2951 3059 Tcrteris,
3003 2995 3054 3050 id
3102 3011 3212 3050 non
3243 2997 3416 3051 videri
3453 2995 3565 3049 fieri
3597 2993 3658 3048 ab
3691 3007 3746 3045 eo

2194 3096 2356 3152 posse
2389 3085 2510 3137 sine
2549 3085 2721 3138 atroci
2773 3085 2981 3142 scelere
3016 3087 3268 3155 perjurii,
3300 3088 3447 3158 quod
3477 3087 3608 3143 satis
3639 3099 3746 3135 con-

2191 3182 2366 3228 staret
2423 3174 2576 3228 illum
2630 3175 2790 3229 tidem
2850 3176 2938 3230 isti
2993 3177 3213 3256 mulieri
3268 3195 3428 3234 suam
3479 3175 3748 3231 horrendis

2187 3266 2471 3319 astrictam
2522 3267 2964 3335 adjuratiouibus
3009 3269 3250 3324 dedisse.
3303 3269 3416 3324 Nec
3462 3284 3584 3323 vero
3629 3264 3748 3320 satis

2194 3354 2541 3422 exploratum
2597 3356 2806 3420 haberi,
2855 3369 3074 3413 essetne
3124 3361 3343 3414 irritum
3368 3361 3528 3414 eralis
3557 3369 3747 3414 cumea

2184 3447 2385 3504 femina
2433 3451 2776 3522 coniugium,
2823 3455 2968 3522 quod
3015 3455 3158 3508 scire
3200 3469 3260 3509 se
3309 3457 3478 3511 fuisse
3526 3452 3744 3523 legitime

2185 3552 2532 3596 contractum
2592 3553 2765 3598 mater
2816 3545 2984 3600 cratis
3019 3545 3342 3601 afﬁrmaret.
3390 3548 3470 3602 Ad
3512 3550 3620 3601 haec
3649 3543 3744 3597 vir-

2182 3633 2480 3700 gunculam
2518 3649 2640 3701 quae
2694 3634 2823 3690 huic
2869 3636 3086 3690 mulieri
3119 3638 3568 3698 substitueretur,
3603 3636 3744 3704 plane

2183 3725 2354 3778 videri
2417 3729 2645 3780 sexenni
2699 3737 2861 3782 aetate
2948 3729 3227 3783 connubio
3308 3728 3743 3799 intempestivam.

2180 3815 2471 3872 Postremo
2517 3831 2580 3872 ea
2633 3817 2761 3872 ferri
2798 3821 3153 3876 sermonibus
3200 3821 3490 3876 hominum
3542 3821 3605 3874 de
3633 3831 3744 3888 por-

2181 3909 2416 3964 tenzosis
2450 3909 2605 3964 Serbi
2633 3912 2875 3981 ﬂagitiis.
2903 3929 3025 3982 quas
3059 3913 3349 3971 deterrere
3385 3917 3742 3984 imperatorem

2182 3999 2450 4055 deberent
2477 4016 2507 4055 a
2545 4002 2654 4056 filia
2700 4004 2751 4058 ei
2806 4004 2972 4074 280
2998 4005 3216 4074 propria
3261 4007 3545 4071 tradenda,
3578 4005 3746 4070 uti1ue

2183 4093 2599 4162 tamprufligati
2661 4095 2888 4163 pudoris
2940 4097 3175 4160 homini,
3219 4107 3278 4152 ut
3315 4097 3558 4154 fratriam
3585 4111 3743 4156 suam.

2180 4185 2428 4252 germani
2464 4185 2548 4237 sui
2603 4184 2829 4253 majoris
2886 4186 3151 4256 Stephani
3199 4204 3428 4243 uxorem
3485 4189 3743 4244 eamdem-

2179 4290 2289 4342 que
2341 4289 2588 4330 sororem
2648 4276 2925 4332 defunctae
2983 4279 3241 4350 Augustae
3287 4283 3482 4337 matris
3538 4277 3746 4348 Augusti

2177 4364 2419 4432 iunioris
2447 4366 2587 4427 (erat
2637 4367 2786 4420 enim
2825 4377 3060 4436 utraque
3117 4369 3228 4422 ﬁlia
3271 4373 3419 4441 regis
3470 4367 3743 4440 Ungariae),

2183 4456 2392 4512 nefarie
2423 4458 2769 4514 adulterasse
2817 4461 3121 4526 diceretur,
3168 4476 3232 4514 ac
3270 4474 3531 4532 prasterea
3554 4471 3746 4529 germa-

2185 4562 2310 4600 nam
2356 4547 2548 4602 barum
2585 4549 2805 4603 tertiam
2842 4549 3082 4604 visendas
3117 4565 3286 4606 causa
3319 4553 3527 4608 sororis
3555 4553 3606 4605 in
3634 4548 3746 4602 Ser-

2181 4640 2325 4695 biam
2360 4639 2691 4710 profectam,
2736 4641 2864 4696 licet
2912 4642 3027 4697 haec
3071 4644 3357 4700 monachae
3401 4646 3596 4700 vestitu
3629 4640 3745 4696 reli-

486 4709 726 4796 Joannes
763 4747 946 4794 autem
978 4746 1110 4792 tunc
1135 4735 1453 4806 patriarcha
1477 4709 1780 4788 mirabatur
1806 4731 1971 4787 celari
2017 4746 2076 4786 se
2111 4709 2154 4763 D
2185 4709 2400 4800 gionem
2439 4731 2816 4799 proﬁteretur,
2865 4734 3095 4789 minime
3139 4735 3464 4798 dubitasse.
3513 4731 3746 4790 humanis

485 4835 558 4888 ab
581 4825 830 4902 Augusto
860 4829 928 4886 de
961 4830 1046 4884 his
1075 4843 1197 4898 quae
1222 4837 1407 4883 mente
1439 4826 1714 4889 versabat,
1753 4832 1807 4880 et
1836 4839 2072 4893 quorum

485 4919 833 4976 exsecutioni
870 4933 930 4974 se
967 4918 1314 4988 aceingebat,
1352 4917 1624 4978 consiliis.
1658 4916 1794 4970 adeo
1824 4915 1937 4984 jam
1965 4929 2072 4969 non

489 5013 765 5074 obscuris,
805 5021 867 5068 ut
919 5012 986 5067 ad
1044 5010 1297 5066 homines
1349 5011 1518 5065 etiam
1575 5024 1608 5064 c
1658 5008 1822 5079 vulgo
1879 5022 2070 5062 eorum

486 5111 674 5159 essent
732 5100 893 5156 famae
969 5101 1291 5156 celebritate
1351 5099 1551 5154 indicia
1616 5099 1844 5169 perlata.
1911 5097 2075 5168 Atqui

485 5194 844 5251 existimabat
901 5193 1176 5264 ejusmodi
1241 5206 1307 5248 ea
1381 5205 1504 5247 esse
1565 5205 1688 5261 qua:
1733 5189 1801 5244 ad
1867 5204 1927 5245 se
1978 5189 2076 5244 de-

487 5288 627 5346 ferri
645 5287 991 5352 conveniret,
1017 5288 1353 5355 imperatore
1391 5291 1581 5338 contra
1625 5297 1735 5339 non
1781 5283 1954 5351 magis
1993 5281 2078 5336 in-

488 5379 696 5433 clinato
729 5377 798 5432 ad
857 5377 974 5432 haec
1019 5375 1122 5446 ipsi
1160 5372 1647 5437 communicanda,
1691 5385 1854 5441 quam
1905 5369 2072 5426 Deum

491 5473 648 5526 aiunt
685 5470 920 5537 prodere
949 5469 1265 5524 hominibus
1292 5480 1490 5520 curare
1519 5471 1654 5534 quot
1686 5463 1934 5522 metretis
1973 5479 2074 5520 ex.

485 5562 701 5632 pleatur
729 5562 899 5617 maris
922 5561 1132 5616 alveus.
1177 5559 1237 5614 in
1275 5574 1336 5612 ea
1362 5556 1734 5613 sollicitudine
1762 5556 2075 5626 patriarcha

487 5657 627 5711 urbe
678 5655 908 5726 prodiit,
943 5653 1129 5724 specie
1165 5652 1392 5723 quidem
1424 5649 1667 5706 ofﬁciose
1705 5648 1823 5706 vale
1851 5649 2072 5706 dicendi

488 5756 652 5817 atque
688 5748 740 5801 in
776 5746 1032 5816 digressu
1075 5745 1214 5800 bene
1241 5741 1504 5814 precandi
1544 5742 1832 5814 procincto
1863 5742 1928 5796 ad
1965 5741 2073 5799 iter

494 5839 759 5910 Augusto,
786 5853 975 5896 revera
1006 5844 1190 5896 certus
1221 5837 1273 5896 ei
1308 5836 1626 5894 dissuadere
1651 5845 1917 5907 quantum
1948 5849 2072 5905 pos-

2185 4823 2353 4876 simul
2381 4821 2699 4894 divinisque
2733 4825 3069 4894 proculcatis
3091 4825 3330 4894 juribus,
3375 4828 3744 4898 propinquam.

2185 4913 2483 4983 hospitam,
2525 4928 2656 4985 rege
2689 4927 3034 4985 prognatam,
3085 4915 3198 4971 Deo
3227 4933 3439 4972 sacram
3474 4917 3743 4985 virginem,

2183 5011 2375 5073 stupro
2438 5010 2517 5058 tot
2570 5004 2883 5060 nominibus
2946 5007 3274 5062 exsecrabili
3314 5008 3578 5076 polluere.
3631 5001 3745 5055 Haec

2180 5107 2307 5148 cum
2363 5109 2430 5149 ex
2479 5095 2605 5150 aliis
2655 5105 2929 5165 cognorat
2982 5098 3334 5168 patriarcha,
3384 5107 3500 5152 tum
3541 5112 3604 5150 ex
3637 5095 3742 5164 ipsa

2180 5185 2350 5241 cralis
2393 5196 2593 5254 matre,
2627 5202 2754 5257 qure
2788 5189 3034 5252 conscia,
3066 5197 3128 5243 ut
3163 5190 3367 5254 aiebat,
3400 5188 3741 5260 impedimen-

2181 5285 2363 5332 torum
2391 5278 2844 5348 insuperabiliter
2871 5280 3210 5338 obstantium
3244 5299 3386 5339 novo
3414 5282 3528 5336 nati
3563 5278 3744 5347 conju-

2180 5370 2272 5440 gio
2305 5369 2449 5426 ultro
2499 5370 2566 5426 ad
2596 5386 2721 5426 eum
2763 5383 3013 5440 venerat,
3047 5383 3262 5430 oratum
3311 5384 3372 5430 u-t
3415 5388 3536 5443 qua:
3565 5372 3616 5424 in
3647 5369 3740 5422 hoc

2179 5478 2379 5534 genere
2409 5473 2737 5533 pararentur
2758 5509 2773 5532 ,
2807 5450 3109 5522 conaretur
3139 5468 3192 5522 vi
3225 5482 3439 5522 summa
3475 5463 3736 5532 disjicere.

2187 5552 2334 5608 Nihil
2379 5553 2577 5610 horum
2620 5555 2826 5612 latebat
2873 5558 3263 5628 imperatorem
3309 5575 3324 5613 :
3369 5566 3548 5612 tamen
3609 5549 3738 5606 idem

2186 5647 2446 5719 politicis,
2477 5663 2620 5717 quas
2659 5651 2920 5718 iudicavi,
2951 5653 3259 5709 rationibus
3289 5653 3594 5722 obsequens
3625 5655 3740 5714 per—

2184 5739 2445 5795 standum
2477 5744 2534 5795 in
2563 5742 2800 5797 consilio
2835 5743 3102 5812 putabat;
3137 5756 3192 5800 et
3234 5744 3361 5813 quia
3393 5756 3500 5797 non
3532 5739 3739 5808 ἰεηονθ·

2183 5831 2277 5887 bat
2312 5839 2646 5889 tentaturum
2675 5834 3039 5905 patriarcbam
3089 5852 3346 5896 revocare
3373 5850 3434 5894 se
3479 5847 3506 5888 a
3544 5831 3732 5894 οωριο,
