4018 6422
297 416 408 483 309

1220 420 1318 480 DE
1350 420 1796 482 ANDRONICO
1825 421 2290 481 PALEOLOGO’
2330 415 2481 482 LIB.
2508 421 2611 482 IV.

3465 410 3584 478 310’

297 540 389 582 ται
420 530 578 598 μῖσος
608 529 671 598 τῇ
705 521 769 599 [P
793 522 916 600 195]
958 526 1257 599 Ἐκκλησία
1280 528 1354 598 μὴ
1386 526 1635 597 ἀνάγκην
1672 525 1876 598 ἐχούσῃ
1907 531 1950 588 Α
1979 526 2125 580 κατὰ
2152 526 2244 580 τὸν
2294 526 2473 578 ἐκεῖσε
2505 521 2640 577 νεὼν
2675 520 2776 590 τῆς
2811 519 2982 592 μονῆς
3013 520 3108 574 τοῦ
3158 521 3435 592 Σωτῆρος,
3466 524 3567 576 καὶ

299 619 429 673 καθ’
456 617 614 690 ἱερὰς
651 616 876 680 τελετὰς
905 616 993 670 διὰ
1025 617 1125 687 τὴν
1156 617 1381 687 ἀμιξίαν
1430 617 1641 670 ἐκείνου
1685 617 1891 688 μιμνή-

301 710 558 776 σκεσθαι,
594 710 686 762 διὰ
715 709 887 763 ταῦτα
916 709 1136 780 θαρρῶν
1167 704 1249 772 οἷς
1273 709 1566 778 ἐλογίζετο,
1597 707 1712 762 οὔτ’
1745 711 1890 763 ὲκοιυ

299 799 462 854 νοῦτο
515 802 595 870 τῷ
644 802 961 872 πατριάρχῃ
988 799 1089 871 τὴν
1123 799 1324 871 πρᾶξιν
1369 803 1464 854 καὶ
1507 802 1656 866 ὅλαις
1687 805 1888 872 ὁρμαῖς

301 891 510 963 ἐχώρει
548 893 988 964 διαπραξόμενος
1024 893 1085 946 τδ
1121 893 1496 964 συνάλλαγμα.
1534 895 1890 965 Πατριάρχης

297 982 350 1036 δ’
365 979 525 1046 αὖθις
549 982 897 1054 ὑϐριοπαθῶν
929 981 1058 1044 ἴσως
1081 983 1592 1054 ὑπερφρονούμενος
1621 984 1680 1036 ἐν
1706 982 1888 1036 τοιού-

299 1093 420 1138 τοις
460 1068 542 1138 οἷς
573 1075 669 1129 καὶ
701 1075 905 1144 μᾶλλον
933 1076 1040 1130 ἔδει
1095 1076 1199 1145 τῆς
1233 1074 1398 1130 αὐτοῦ
1424 1074 1672 1144 γνώμης,
1693 1074 1888 1144 ζδοκῶν

298 1167 361 1220 δὲ
394 1167 490 1220 καί
535 1184 589 1221 τι
622 1166 803 1234 λέγειν
854 1167 1004 1231 ἄξιον
1046 1169 1127 1230 είς
1159 1168 1218 1221 τὸ
1254 1168 1350 1221 καὶ
1394 1167 1585 1221 ἑαυτὸν
1611 1166 1886 1228 δεικνύναι

300 1262 558 1330 μετεῖναι
582 1259 691 1313 τῶν
723 1258 979 1312 τοιούτων
1013 1263 1112 1329 οὐχ
1145 1255 1329 1332 ἦττον,
1351 1262 1529 1313 καίτοι
1560 1277 1622 1327 γε
1654 1262 1748 1314 καὶ
1778 1262 1888 1315 τῶν

294 1352 508 1420 ὲνοχῶν
529 1353 676 1415 ἀνεὶς
697 1353 799 1422 τὴν
825 1352 921 1406 τοῦ
943 1355 1118 1424 κράλη
1156 1355 1371 1425 μητέρα
1408 1353 1724 1419 ἀξιώσασαν
1750 1355 1887 1426 πρό-

292 1460 468 1513 τερον
493 1444 579 1512 ἑφ’
609 1441 690 1506 οἷς
719 1444 811 1496 ἐπὶ
851 1448 914 1513 τῇ
965 1446 1062 1498 τοῦ
1114 1444 1363 1515 Τερτερῆ
1395 1446 1654 1516 ἐνείχετο,
1686 1445 1889 1512 εὔλογα

292 1535 487 1601 λέγειν
512 1537 708 1590 ἐδόκει.
760 1535 849 1599 Ὠς
874 1535 1056 1589 τοίνυν
1095 1537 1124 1588 ὁ
1157 1537 1410 1606 βασιλεὺς
1449 1537 1565 1608 ᾔδει
1613 1538 1695 1600 εἰς
1740 1537 1888 1592 τοῦτ’

290 1626 555 1680 ὄντατδν
580 1627 954 1698 πατριάρχην,
984 1627 1196 1697 προῆγε
1225 1628 1414 1681 τοῦτον
1445 1631 1521 1692 είς
1558 1629 1886 1699 Σηλυϐρίαν,

289 1718 470 1780 αὐτὸς
501 1717 838 1789 ὲνξΔριπείᾳ
885 1718 978 1771 καὶ
1023 1718 1105 1772 ἔτι
1155 1719 1644 1790 παρακαθήμενος.
1692 1721 1782 1784 Ὠς
1831 1722 1888 1775 δὲ

289 1812 402 1880 τῆς
429 1812 660 1880 πρώτης
680 1810 974 1880 ἑϐδομάδος
1003 1811 1276 1879 ἐνστάσης
1305 1811 1413 1864 τῶν
1441 1812 1706 1882 νηστειῶν
1735 1815 1763 1866 δ
1789 1815 1886 1883 μὲν

291 1903 662 1975 πατριάρχης
694 1902 1026 1958 καταλαϐὼν
1062 1903 1160 1975 τὴν
1189 1905 1495 1975 Σηλυϐρίαν
1529 1909 1622 1958 καὶ
1663 1905 1889 1976 βασιλέα

291 1995 888 2066 προσαπεκδεχόμενος
898 1995 975 2066 τῷ
991 1997 1128 2060 τέως
1150 1997 1414 2068 ἡσύχαζε,
1561 1998 1816 2068 βασιλεὺς
1830 2001 1889 2054 δὲ

294 2084 580 2153 σχολαίως
630 2084 775 2138 κατὰ
835 2085 1032 2156 μικρὸν
1092 2086 1364 2157 προσῄει,
1423 2089 1732 2160 Σηλυϐρίας
1785 2093 1884 2162 ὀψὲ

295 2173 590 2229 Σαϐϐάτου
626 2177 931 2229 ἐπέϐαινεν.
975 2178 1041 2230 Ἥ
1089 2178 1213 2246 μετ’
1243 2180 1414 2249 αὐτὴν
1453 2182 1555 2250 μὲν
1595 2183 1692 2236 καὶ
1729 2185 1890 2236 ὑστε·

297 2269 435 2338 ραία
467 2268 520 2337 (ἡ
558 2267 603 2320 δ’
651 2263 719 2338 ἦν
759 2269 792 2337 ἡ
840 2269 938 2338 τῆς
977 2268 1288 2340 ὀρθοδοξὶας
1322 2272 1534 2343 ἡμέρα)
1570 2273 1886 2343 ἐφίσταται,

295 2361 398 2413 καὶ
423 2361 546 2413 τότε
587 2360 726 2428 μετὰ
760 2361 1112 2433 μεσημϐρίαν
1143 2361 1266 2415 κατ’
1308 2361 1427 2427 ἔθος
1469 2368 1570 2436 τῆς
1619 2367 1770 2437 ἱερᾶς
1803 2386 1891 2422 τε-

293 2451 574 2522 λουμένης
637 2453 984 2521 λειτουργίας
1043 2455 1363 2525 ὲπιμιγνύει
1424 2456 1503 2526 τῷ
1568 2460 1887 2535 πατριάρχῃ

297 2635 357 2683 et
404 2643 526 2683 rem
581 2638 745 2684 antea
797 2629 848 2684 ei
905 2631 1316 2687 communicare
1349 2633 1635 2698 omiserat,
1672 2643 1727 2690 et
1761 2644 1894 2690 tunc

302 2736 374 2776 ne
395 2721 463 2775 de
506 2722 592 2777 his
623 2737 933 2778 sermonem
966 2725 1120 2791 prior
1148 2725 1401 2790 inferret,
1443 2727 1616 2782 vitare
1647 2727 1894 2784 occasio-

303 2826 428 2866 nem
464 2815 632 2868 otiosi
666 2827 792 2867 cum
822 2828 888 2867 eo
920 2803 1182 2884 colloquii
1211 2815 1443 2869 volebat.
1467 2817 1545 2870 Ac
1575 2826 1692 2871 erat
1725 2831 1890 2873 causa

306 2918 406 2958 cur
435 2903 622 2959 minus
651 2905 1029 2961 necessarium
1063 2907 1414 2961 existimaret
1437 2910 1739 2963 convenire
1763 2923 1888 2964 cum

309 2997 637 3064 praesidibus
691 2997 952 3054 Ecclesia:
1007 3000 1075 3053 de
1120 3000 1286 3056 rebus
1323 3000 1486 3070 hujus
1532 3001 1736 3068 cralis,
1789 3001 1891 3073 dy-

310 3097 484 3143 nastzc
532 3088 790 3144 videlicet
840 3091 985 3145 ritus
1038 3105 1070 3145 a
1125 3090 1318 3147 Graeco
1365 3093 1678 3162 peregrini;
1729 3108 1890 3160 quem

301 3181 431 3235 ideo
479 3180 609 3236 licet
642 3181 990 3252 contingeret
1047 3182 1163 3237 lieri
1213 3198 1476 3253 generum
1515 3185 1891 3254 imperatoris,

295 3272 353 3326 in
398 3273 582 3329 sacris
632 3272 830 3328 olliciis
877 3275 1232 3329 mensoraturi
1264 3276 1594 3331 nominatim
1631 3279 1896 3334 ecclesia-

291 3361 421 3415 stici
456 3376 572 3415 non
605 3361 810 3427 forent,
844 3376 911 3416 ex
947 3378 1055 3432 quo
1087 3371 1210 3418 erat
1249 3379 1622 3434 consequens,
1655 3366 1702 3422 si
1750 3368 1895 3422 forte

289 3454 378 3510 vel
401 3469 470 3510 ea
503 3454 596 3509 ille
624 3455 999 3511 commisisset
1027 3458 1110 3512 vel
1136 3457 1189 3512 in
1217 3467 1499 3528 posterum
1524 3461 1895 3516 conscisceret

290 3547 364 3600 ob
391 3561 521 3616 quae
545 3557 853 3602 mereretur
887 3549 1228 3605 anathemati
1274 3552 1496 3621 subjici,
1529 3553 1734 3608 nullam
1768 3555 1893 3610 inde

291 3638 400 3694 sibi
444 3639 570 3694 fore
611 3640 963 3696 occasionem
1011 3641 1376 3700 erubescendi
1409 3660 1440 3699 e
1474 3646 1757 3715 conjuncti
1791 3650 1891 3703 ho—

291 3731 466 3786 minis
509 3731 816 3802 ignominia
875 3733 944 3787 ob
988 3735 1432 3803 praetereundam
1465 3744 1580 3792 tum
1613 3738 1789 3808 ipsius
1836 3740 1889 3793 in

289 3825 473 3880 sacris
528 3825 888 3878 mentionem.
945 3824 1165 3894 Alioqui
1221 3841 1392 3894 porro
1433 3829 1702 3886 utilitates
1750 3846 1892 3900 quas

289 3934 324 3973 e
355 3917 568 3972 findere
598 3931 725 3971 cum
761 3916 937 3972 Serbo
973 3927 1334 3986 proventuras
1376 3922 1698 3988 conﬁderet,
1747 3925 1888 3978 mala

289 4025 418 4080 qua:
467 4025 535 4064 ex
569 4019 965 4078 perseverante
1000 4011 1235 4066 dissidio
1279 4021 1568 4079 metueret,
1599 4017 1734 4068 tanti
1766 4031 1891 4072 esse

289 4102 537 4156 ducel'at
573 4109 630 4154 ut
664 4102 959 4156 momentis
1011 4113 1120 4156 tam
1151 4101 1320 4171 justaa
1362 4105 1492 4160 hinc
1530 4105 1842 4162 formidinis
1871 4149 1886 4175 ,

289 4203 405 4250 tant
443 4194 640 4264 ampla?
687 4195 838 4250 illinc
872 4195 1028 4262 spei,
1067 4196 1220 4250 nulla
1271 4195 1700 4267 cujusquemodi
1737 4201 1889 4256 vide-

286 4298 494 4343 rentur
545 4288 598 4341 in
643 4287 991 4344 contrarium
1055 4288 1276 4357 objecta
1336 4291 1764 4360 praeponderare
1800 4293 1888 4346 in-

1991 620 2116 674 ὂσον
2169 615 2238 690 ἦν
2294 618 2496 689 ὁμιλεῖ.
2538 613 2624 689 [Ρ.
2657 614 2782 688 194]
2814 616 2929 670 Οὐκ
2979 611 3048 686 ἦν
3085 614 3143 669 δὲ
3178 618 3398 677 πάντως
3445 616 3572 669 τότε

1991 713 2436 784 προσαναφὲρειν
2491 709 2840 781 πατριάρχην
2887 708 2922 762 ἃ
2963 709 3028 776 δὴ
3062 709 3206 763 κατὰ
3237 708 3435 778 σχολὴν
3473 708 3574 779 τὴν

1991 804 2313 875 πρέπουσαν
2337 803 2509 856 κινεῖν
2535 800 2817 872 ἠϐούλετο,
2840 793 2916 854 ὧν
2933 797 3074 869 ἦσαν
3103 798 3196 853 δύο
3217 800 3285 852 τὰ
3315 800 3570 868 μέγιστα,

1991 893 2122 964 περὶ
2171 887 2247 947 ὧν
2274 891 2606 946 ἐσπουδάκει
2652 891 2817 946 πλέον
2865 889 3336 960 προσαναφέρειν,
3373 888 3432 941 ἓν
3477 890 3576 959 μὲν

1992 985 2123 1054 περὶ
2144 981 2240 1038 τοῦ
2272 983 2693 1055 Ταρχανειώτου
2725 983 2977 1037 Ἰωάννου
3009 982 3114 1052 (ἔτι
3144 982 3273 1052 γὰρ,
3299 981 3375 1045 ὡς
3400 980 3573 1050 ιπέμο

1991 1077 2122 1150 (per),
2155 1078 2266 1130 τῶν
2317 1077 2417 1145 τῆς
2464 1075 2736 1143 ἀνατολῆς
2787 1074 2972 1146 μερῶν
3019 1075 3376 1146 ἡγεμόνευεν)
3409 1075 3484 1137 ὡς
3513 1074 3573 1126 ού
3639 1101 3650 1118 ι,

1990 1168 2201 1223 δίκαιον
2233 1167 2294 1221 ὃν
2323 1167 2500 1231 ἄλλως
2526 1166 2636 1221 οὐδ’
2662 1164 2886 1229 εὔλογον
2910 1165 3080 1236 ἄνδρα
3103 1166 3199 1237 τῆς
3243 1165 3576 1233 Ἐκκλησίας

1989 1260 2450 1332 ἀποσχιζόμενον,
2502 1260 2600 1313 καὶ
2650 1258 2824 1312 πολλὰ
2869 1259 2968 1311 σὺν
3019 1258 3203 1319 ἄλλοις
3258 1259 3354 1311 καὶ⁵
3403 1256 3574 1310 αὑτοῦ

1991 1354 2332 1424 πατριάρχου
2384 1352 2634 1422 λιπαρῶς
2682 1349 2769 1419 ἐφ’
2805 1349 2999 1420 ὕϐρεσι
3041 1350 3484 1426 καθαπτόμενον,
3517 1352 3576 1402 ἐν

1991 1445 2172 1510 ἀξίαις
2203 1441 2345 1498 εἶναι
2392 1443 2681 1514 μεγίσταις
2729 1442 3033 1512 ἡγεμονίας
3065 1442 3161 1494 καὶ
3197 1441 3391 1511 ἀνέδην
3445 1458 3577 1494 κατ-

1990 1537 2316 1608 επαίρεσθαι
2345 1537 2452 1590 τῶν
2486 1534 2722 1600 πολλῶν,
2758 1535 2855 1586 καὶ
2887 1533 3090 1604 μᾶλλον
3121 1532 3239 1586 τῶν
3260 1534 3441 1587 ἐκεῖσε
3474 1535 3578 1604 ἀρ-

1989 1629 2240 1700 χιερέων,
2271 1628 2348 1689 ὡς
2377 1627 2553 1696 ἔλεγε,
2601 1625 2860 1694 δεύτερον
2891 1625 2948 1678 δὲ
2979 1625 3041 1678 τὸ
3073 1627 3202 1696 περὶ
3233 1625 3328 1678 τοῦ
3380 1625 3578 1678 συναλ-

1989 1724 2296 1793 λάγματος’
2334 1717 2475 1774 εἶναι
2506 1723 2618 1788 γὰρ
2646 1717 2796 1789 αὐτῷ
2826 1718 2982 1771 πόλλ’
3008 1717 3144 1772 ἄττα
3177 1718 3246 1771 τὰ
3277 1717 3576 1788 προσιστά-

1995 1832 2154 1886 μενα,
2186 1813 2222 1868 ἃ.
2255 1813 2320 1882 δὴ
2363 1813 2458 1866 καὶ
2487 1811 2694 1881 χρῆναι
2741 1810 2934 1880 σκέψει
2965 1809 3170 1863 διδόναι
3207 1811 3302 1862 καὶ
3337 1809 3481 1863 οὕτω
3513 1812 3574 1863 τὸ

1993 1907 2162 1978 φανὲν
2195 1907 2439 1974 ἀσφαλὲς
2489 1905 2580 1959 ὑπ’
2619 1905 2763 1958 αἰδοῖ
2803 1903 2912 1963 τῶν
2959 1905 3141 1972 νόμων
3187 1904 3280 1956 καὶ
3311 1903 3578 1973 διαπράτι·

1990 2003 2202 2056 τεσθαι.
2258 2000 2478 2054 Τούτων
2507 1999 2678 2052 ὄντων
2727 1997 2808 2068 τῷ
2849 1997 3168 2068 πατριάρχῃ
3206 1997 3292 2049 διὰ
3345 1996 3573 2062 σκοποῦ,

1990 2093 2121 2147 ἐπεὶ
2154 2092 2224 2146 τὰ
2252 2093 2352 2162 τῆς
2385 2090 2799 2162 ἱερᾶς.τελετῆς
2824 2087 2978 2152 τέλος
3010 2083 3124 2157 εἶχε
3152 2088 3248 2139 καὶ
3281 2088 3382 2158 ήδη
3413 2089 3578 2140 ἀπαίο

1995 2173 2109 2256 ρειν
2142 2184 2356 2238 ἐκεῖθεν
2410 2185 2438 2236 ὁ
2473 2182 2726 2252 βασιλεὺς
2775 2181 3132 2251 ἡτοιμάζετο,
3174 2179 3301 2246 ἅμα
3350 2197 3407 2231 τε
3441 2179 3579 2246 ὀλίγ’

1991 2278 2128 2331 ἄττα
2165 2275 2244 2344 τῷ
2295 2274 2614 2345 πατριάρχῃ
2670 2271 2800 2342 περί
2842 2290 2948 2324 των
2995 2269 3265 2340 ὡμίλησε,
3321 2269 3414 2323 καὶ
3461 2269 3578 2338 ἅμα

1991 2368 2186 2439 ὥσπερ
2221 2367 2662 2435 ὑποτεμνόμενος
2689 2364 2818 2426 τοὺς
2863 2363 3054 2429 λόγους
3083 2362 3278 2431 ἐκείνῳ
3323 2362 3578 2428 εὐλογίαν

1991 2461 2177 2530 ἐζήτει
2205 2459 2302 2512 καὶ
2327 2458 2704 2512 συνετάττετο.
2740 2455 2800 2508 'O
2825 2455 2881 2508 δὲ
2912 2455 2987 2525 τῷ
3013 2453 3190 2525 καιρῷ
3217 2452 3579 2532 ουγκλασθεῖς

1993 2652 2208 2694 summa
2238 2636 2424 2706 quiete
2457 2631 2854 2704 perseverabat
2891 2632 3108 2700 Dripea:
3137 2630 3370 2684 morari.
3398 2630 3475 2698 (2)
3514 2630 3583 2684 At

1996 2730 2088 2784 ubi
2133 2727 2435 2797 aliquando
2486 2725 2613 2780 inde
2656 2725 2824 2794 ccepit
2880 2723 3185 2794 Selyhriam
3235 2738 3430 2782 versus
3477 2724 3581 2777 iter

1993 2819 2304 2882 intendere,
2339 2817 2592 2887 perlento
2645 2816 2910 2870 incedens
2959 2831 3123 2885 passu
3193 2815 3282 2867 vix
3337 2814 3581 2883 denique

1993 2928 2224 2984 vespera
2260 2910 2486 2966 Sabbali
2511 2924 2574 2964 eo
2609 2908 2878 2980 pervenit.
2916 2906 3144 2962 Postera
3169 2907 3330 2975 hujus
3367 2905 3478 2971 die,
3521 2907 3577 2959 in

1993 3020 2157 3076 quam
2211 3003 2404 3058 incidit
2450 3000 2737 3055 Dominica
2781 3000 3157 3063 orthodoxiae,
3205 3012 3303 3066 per
3349 3011 3576 3051 causam

1993 3113 2168 3152 sacra:
2201 3095 2448 3164 liturgite,
2493 3104 2549 3149 ut
2589 3095 2717 3148 talis
2754 3093 2860 3146 diei
2913 3093 3055 3146 ritus
3117 3091 3399 3161 poscebat,
3461 3098 3582 3158 post

1999 3188 2283 3242 meridiem
2319 3185 2681 3250 celebrandae,
2708 3184 3069 3239 conveniente
3099 3182 3152 3238 in
3179 3182 3438 3252 templum
3473 3182 3583 3238 illic

1999 3282 2166 3337 situm
2198 3280 2265 3335 ad
2311 3279 2703 3334 monasterium
2729 3275 3031 3331 Saivatoris
3051 3277 3315 3344 Augusto,
3350 3273 3584 3343 patriar-

1995 3374 2097 3427 cha
2133 3373 2254 3443 ejus
2283 3369 2598 3440 alloquendi
2654 3370 2869 3438 copiam
2929 3377 3125 3422 nactus
3172 3374 3259 3421 est
3310 3367 3576 3435 aliquam,

1994 3465 2092 3520 sed
2123 3465 2287 3518 talem
2321 3478 2443 3533 quae
2499 3477 2609 3518 non
2652 3461 2766 3516 fere
2799 3461 2960 3514 aliam
3013 3473 3178 3529 quam
3224 3459 3343 3530 ejus
3399 3458 3581 3512 obiter

1999 3557 2271 3611 salutandi
2301 3555 2570 3625 praeberet
2593 3553 2929 3609 facultatem.
2961 3547 3208 3607 Habebat
3243 3560 3426 3606 autem
3465 3550 3578 3605 duo

1997 3648 2314 3718 patriarcha
2338 3646 2538 3717 prolixi
2567 3660 2692 3699 cum
2727 3646 3057 3716 imperatore
3083 3645 3355 3700 sermonis
3419 3659 3583 3714 argu-

1994 3747 2199 3805 menta,
2229 3749 2284 3792 ut
2309 3739 2556 3808 putabat,
2589 3737 2925 3802 necessaria,
2979 3737 3188 3806 quibus
3235 3737 3578 3806 explicandis

1995 3831 2259 3901 majorem
2285 3830 2337 3882 iu
2363 3829 2590 3884 modum
2622 3830 2874 3900 cupiebat
2900 3830 3073 3884 otium
3097 3829 3199 3884 sibi
3226 3829 3578 3884 commodum

1994 3919 2248 3974 concedi.
2291 3918 2538 3974 Primum
2596 3921 2746 3974 enim
2780 3919 3044 3988 conqueri
3096 3918 3313 3974 volebat
3347 3918 3413 3972 de
3443 3932 3582 3988 pra:-

1995 4013 2206 4068 fectura
2265 4010 2506 4068 Orientis
2572 4010 2769 4066 Joanni
2825 4009 3210 4066 Tarchaniotae
3283 4011 3576 4075 attributa,

1999 4106 2205 4162 homini
2239 4107 2418 4174 palam
2462 4107 2530 4160 ab
2564 4105 2808 4160 Ecclesia
2835 4103 3096 4165 discisso,
3123 4106 3330 4174 quique
3362 4105 3574 4159 nullum

1995 4199 2157 4253 linem
2211 4207 2305 4252 ant
2361 4197 2584 4251 modum
2636 4197 2839 4252 faceret
2885 4197 3104 4265 probris
3159 4195 3574 4250 lacerandorum

1996 4307 2120 4346 cum
2154 4291 2388 4345 aliorum
2415 4305 2514 4360 per
2543 4305 2639 4346 eos
2670 4293 2973 4359 praesertim
3012 4298 3218 4345 tractus
3244 4290 3572 4352 antistitum,

286 4378 590 4435 commoda
627 4378 915 4435 deberent.
963 4377 1136 4436 Totus
1170 4394 1300 4450 ergo
1351 4379 1492 4435 fixus
1540 4382 1887 4438 Andronicus
1991 4390 2104 4437 tum
2135 4384 2329 4452 ipsius,
2355 4391 2413 4435 ut
2439 4383 2642 4447 aiebat,
2664 4382 3012 4450 patriarchae.
3039 4381 3246 4437 Deinde
3272 4382 3415 4437 circa
3434 4383 3578 4436 desi-

291 4471 350 4525 in
380 4471 666 4540 proposito
693 4468 973 4524 aﬂinitatis
998 4472 1496 4542 quomodocunque
1557 4488 1682 4529 cum
1713 4475 1886 4531 Serbo
1992 4484 2188 4547 gnatas
2251 4474 2552 4530 Simonidis
2621 4489 2745 4530 cum
2808 4475 2955 4529 crale
2992 4476 3230 4545 nuptias,
3264 4485 3322 4530 ut
3349 4490 3428 4530 eae
3476 4476 3580 4530 rite

288 4560 716 4628 contrahendae,
751 4561 998 4630 satisque
1033 4562 1255 4618 aliunde
1283 4580 1492 4635 gnarus
1537 4577 1786 4635 paratum
1817 4569 1886 4622 ad
1920 4590 1963 4645 υ
1993 4582 2059 4624 ac
2088 4583 2213 4623 cum
2272 4567 2452 4622 debita
2515 4568 2823 4623 reverentia
2878 4569 3058 4638 legum
3115 4569 3306 4623 tierent
3334 4609 3348 4636 ,
3405 4570 3580 4622 multa

284 4651 631 4722 jurgandnm
657 4666 722 4707 ea
757 4651 828 4707 de
859 4667 919 4706 re
950 4667 1140 4708 secum
1171 4652 1427 4724 Dripeam
1461 4656 1762 4714 adventare
1793 4674 1887 4727 pa-

288 4745 628 4807 triarcham,
658 4759 757 4813 per
779 4752 964 4800 certos
987 4746 1038 4798 ei
1069 4746 1272 4800 missos
1299 4745 1518 4801 obviam
1553 4747 1884 4818 signiﬁcavit

287 4835 458 4905 281
497 4849 656 4890 orare
681 4851 740 4889 se
775 4850 842 4889 ne
867 4845 1186 4905 gravaretur
1217 4836 1526 4906 praecedere
1551 4837 1883 4912 Selyhriam,

289 4944 409 4997 quo
439 4942 568 4981 mox
601 4937 893 4983 secuturus
931 4929 1050 4998 ipse
1078 4929 1249 4984 foret:
1281 4931 1474 4985 locum
1508 4933 1657 4987 enim
1691 4934 1745 4987 in
1773 4947 1884 5004 quo

290 5035 446 5075 nunc
484 5019 858 5088 diversaretnr
905 5035 1102 5088 parum
1150 5021 1202 5076 ei
1249 5023 1576 5092 excipiendo
1606 5039 1732 5080 esse
1786 5041 1884 5095 op-

289 5119 618 5179 portunum.
663 5107 818 5164 Fecit
863 5110 1178 5179 patriarcha
1233 5116 1379 5183 quod
1437 5116 1758 5184 rogabatur,
1815 5133 1880 5172 ac

292 5211 453 5257 tanto
484 5201 600 5272 jam
626 5202 864 5270 amplius
893 5203 1172 5272 cogitandi
1227 5214 1427 5262 nactus
1477 5208 1652 5263 otium
1713 5225 1885 5280 argu-

295 5305 486 5349 menta
521 5303 704 5348 mente
739 5310 968 5350 versans
991 5295 1292 5366 digerebat,
1323 5299 1529 5368 quibus
1569 5300 1705 5354 nihil
1731 5303 1884 5357 habi—

295 5392 484 5436 turum
509 5382 658 5452 quod
699 5383 1067 5454 plausibiliter
1097 5399 1404 5457 opponeret
1444 5390 1754 5462 Augustum
1795 5408 1882 5448 ar-

293 5474 531 5529 bitratus
545 5490 833 5532 cessurum
853 5476 1079 5533 omnino
1095 5479 1299 5536 abstitu
1309 5497 1541 5553 rumque
1561 5486 1754 5554 cmptis
1773 5500 1878 5540 non

294 5566 581 5622 dubitabat
601 5567 708 5623 sibi
739 5568 1025 5625 blandiens
1039 5572 1335 5629 conﬁdere.
1357 5575 1580 5630 Interim
1604 5576 1882 5647 Angustus

295 5660 426 5716 licet
452 5660 696 5715 instante
755 5661 930 5729 prima
986 5664 1139 5718 verni
1184 5665 1382 5735 jejunii
1425 5668 1766 5724 hebdomade
1817 5685 1878 5724 se

299 5750 653 5819 impatienter
679 5751 988 5821 exspectari
1043 5752 1308 5826 Selybriae
1341 5773 1370 5811 a
1404 5759 1718 5826 patriarcha
1770 5775 1879 5814 non

307 5840 635 5911 ignoraret,
692 5843 864 5900 nihilo
925 5853 1106 5900 tamen
1161 5849 1457 5907 sollicitius
1509 5850 1777 5906 festinans
1821 5851 1877 5907 in

1994 4661 2160 4714 etiam
2202 4667 2370 4729 atque
2392 4661 2556 4714 etiam
2586 4660 2938 4715 consideratu
2971 4661 3160 4729 digna,
3207 4675 3330 4729 qua:
3387 4675 3560 4729 sugge

1989 4763 2164 4818 reret,
2193 4751 2298 4807 sibi
2332 4752 2534 4808 habere
2565 4753 2874 4808 videbatur.
2930 4752 3061 4818 Quae.
3102 4752 3286 4808 omnia
3336 4752 3581 4822 perfecto

1983 4840 2096 4910 jam
2133 4855 2291 4896 sacro
2314 4840 2704 4910 propositurus
2754 4839 3073 4910 imperatori
3108 4840 3273 4910 282
3313 4855 3437 4894 cum
3488 4855 3555 4894 ac

1989 4933 2249 4987 cessisset
2273 4932 2606 5002 patriarcha,
2639 4931 2732 4987 ille
2768 4939 2829 4985 ut
2855 4947 3073 4987 movere
3109 4933 3222 5002 jam
3268 4948 3326 4988 se
3351 4933 3419 4987 ad
3463 4932 3580 4987 abi-

1988 5030 2104 5076 tum
2141 5031 2409 5092 coeperat,
2441 5023 2734 5093 perpaucis
2751 5024 2802 5078 ei
2835 5031 2893 5079 et
2931 5023 3308 5094 perfunctorie
3340 5026 3578 5091 locutus,

1989 5117 2114 5171 vale
2144 5131 2266 5171 mox
2299 5117 2450 5171 dicto
2481 5131 2546 5171 ac
2582 5125 2662 5171 tot
2713 5116 2824 5174 illis
2873 5117 3349 5186 erupturientibus
3382 5135 3448 5173 ex
3482 5136 3582 5175 ore

1990 5209 2322 5277 patriarchae
2351 5210 2703 5266 sermonibus
2726 5209 2886 5281 quasi
2912 5211 3103 5266 valvas
3153 5210 3463 5277 obducens,
3491 5225 3582 5268 so-

1989 5298 2172 5354 lemne
2205 5299 2638 5370 digredientium
2675 5301 2904 5371 protulit
2935 5317 3181 5370 carmen,
3238 5301 3580 5358 benedictio-

1989 5405 2114 5446 nem
2153 5393 2464 5462 postulans,
2505 5394 2696 5462 sicque
2751 5393 2905 5448 illum
2965 5395 3196 5450 dimisit.
3254 5393 3573 5450 Patriarcha

1985 5483 2246 5539 exclusus
2274 5494 2542 5554 tempore,
2577 5497 2634 5540 ut
2699 5487 2911 5542 nullum
2947 5503 3056 5542 non
3116 5487 3425 5544 intenderet
3479 5501 3576 5542 co-

1987 5581 2174 5627 natum
2232 5575 2556 5644 prensandae
2601 5577 2734 5630 dum
2785 5575 2974 5632 liceret
3033 5573 3369 5639 occasionis,
3437 5574 3578 5630 stitit

1988 5663 2390 5733 aliquantulum
2457 5667 2766 5735 Augustum
2844 5668 3135 5732 abeuntem
3197 5668 3429 5737 petenda
3495 5667 3575 5726 ia-

1989 5757 2195 5811 cultate
2253 5759 2494 5814 visendas
2536 5759 2835 5814 Simonidis
2866 5760 3026 5830 eique
3077 5760 3213 5816 bene
3273 5763 3561 5829 precandi,

1989 5859 2282 5915 antequam
2317 5869 2543 5915 uersere
2576 5855 2643 5910 ad
2679 5869 2944 5914 sponsum
2983 5855 3371 5910 abduceretur.
3415 5856 3565 5920 Quo-
