4018 6414
533 364 630 427 3H

1770 383 2094 444 GEORGII
2138 385 2619 446 PACHYMERE

3669 374 3762 438 3i?

527 483 620 535 τὸν
657 483 892 555 νυμφίον
933 485 1118 560 ἐζήτει
1160 491 1383 562 βλέπειν
1407 495 1499 548 καὶ
1543 495 1816 562 εὐλογεῐνο
1852 499 1971 551 οὐδὲ
2003 501 2108 569 γὰρ
2147 504 2188 559 Α
2219 499 2325 562 ἓως
2355 492 2416 552 ού
2470 499 2726 567 βασιλεὺς
2758 492 3156 566 ὑποστρέψειεν
3188 485 3494 560 ὲκεκρίκει,
3535 485 3774 554 ἀλγεινῶς

533 575 685 639 είκὺς
717 573 858 633 εῖναι
893 579 1019 650 ἄρτι
1046 583 1281 654 πρώτως
1319 586 1457 656 μετὰ
1487 586 1586 656 τήν
1620 587 1904 658 ἡλικιῶτιν
1931 590 2117 659 σχεδὸν

537 670 861 738 μετάϐασιν,
889 674 985 726 καὶ
1029 676 1090 727 οὐ
1122 675 1302 746 πολλῷ
1331 695 1440 730 τινι
1472 678 1654 749 χρόνῳ
1687 678 1826 749 μετὰ
1857 684 1927 732 τὰ
1955 683 2118 750 ἀμφι-

535 761 758 829 δρόμια,
799 763 873 833 μὴ
905 764 997 818 τὸν
1042 769 1390 838 πατριάρχην
1427 769 1648 837 βλέπειν
1701 771 1793 823 καὶ
1849 772 2117 840 εὐλογεῖν.

550 853 840 908 Ἦὸούλετο
869 856 926 910 δέ
962 858 1010 910 οί
1045 858 1105 911 τὸ
1141 860 1324 931 δρᾶμα
1351 861 1542 929 λόγους
1572 863 1825 917 ἐντεῦθεν
1859 864 2123 933 ἀνακινη-

542 942 704 1013 θῆναι
739 946 849 998 τῶν
879 947 1246 1016 τελουμένων,
1284 952 1371 1018 ἐφ’
1397 945 1442 1020 ᾧ
1472 953 1566 1006 καὶ
1597 953 1827 1022 λαλῆσαι
1855 954 2121 1024 βασιλέως

538 1039 881 1107 ἐπισχόντος.
915 1041 1004 1104 Ὠς
1033 1043 1164 1110 γοῦν
1192 1047 1459 1111 φανεῖσαν
1483 1047 1708 1115 ηὐλόγει
1731 1048 1825 1101 καὶ
1855 1048 2119 1116 ἀμηγέπη

533 1129 646 1181 τῶν
684 1129 858 1197 λόγων
887 1132 1115 1201 ἥπτετο,
1145 1135 1303 1200 δόξαν
1337 1139 1646 1208 ἀναχωρεῖν
1681 1138 1890 1207 βασιλεῖ
1917 1138 2004 1191 διὰ
2033 1139 2123 1190 τὸν

537 1223 751 1292 καιρὸν,
790 1224 1092 1295 θεραπείας
1133 1222 1200 1298 ἧς
1247 1230 1477 1299 ήπειγεν
1526 1232 1554 1283 ὁ
1599 1231 1791 1302 καιρὸς
1829 1231 1998 1296 ἀξιῶν
2031 1231 2124 1283 ἐπὶ

473 1319 476 1322 ’
536 1317 649 1376 τοῖς
682 1315 999 1384 λεγομένοις
1045 1319 1139 1372 τὸν
1192 1323 1563 1393 πατριάρχην,
1601 1323 1700 1392 τὴν
1745 1323 2122 1394 προκειμένην

541 1402 780 1471 βαδίζειν
809 1407 1093 1475 ἠπείγετο.
1140 1411 1378 1474 Ἐκεῖνος
1421 1412 1478 1465 δὲ
1515 1414 1664 1483 παρὰ
1710 1415 1896 1466 πᾶσαν
1929 1415 2124 1468 ἐλπίδα

541 1495 652 1547 τῶν
704 1499 1176 1568 προσδοκωμένων
1222 1505 1622 1574 ἀποκρουσθεὶς
1663 1507 1852 1560 ἀλύειν
1900 1507 2122 1578 ἤρξατο,

543 1585 638 1637 καὶ
671 1586 746 1656 μὴ
782 1587 1150 1660 ὑποστρέφειν
1179 1594 1394 1662 ήπείλει
1419 1596 1513 1647 καὶ
1543 1596 1612 1648 δι’
1669 1596 1924 1666 Ἰωάννην
1951 1595 2126 1658 οὔτως

545 1680 955 1748 ἡγεμονεύοντα
1010 1686 1103 1737 καὶ
1163 1686 1251 1740 διὰ
1307 1688 1376 1739 τὰ
1424 1688 1691 1758 παρόντα.
1738 1689 1825 1751 Ὠς
1869 1687 1980 1758 γὰρ
2031 1687 2127 1740 καὶ

550 1769 681 1840 περὶ
711 1770 917 1825 τούτων
963 1775 1131 1826 κινῶν
1161 1775 1260 1838 τὰς
1292 1775 1588 1847 θεραπείας
1629 1777 1828 1840 ήκουεν
1874 1773 2128 1830 ἀπαντώ-

2223 593 2344 660 μέν,
2377 591 2625 650 ἀναύδως
2681 589 2726 642 δ’
2783 590 2934 658 ὅμως
2985 585 3257 654 διαφέρων
3288 581 3350 632 τὺ
3397 578 3577 646 ἄλγος,
3623 579 3666 629 εί
3696 578 3774 629 καὶ

2221 683 2378 745 αὖθις
2432 685 2460 735 ὁ
2517 682 2770 750 βασιλεὺς
2836 681 2953 747 ἅμα
3005 673 3409 738 Θεσσαλονίκης
3451 667 3637 734 ἐπέϐη,
3682 668 3776 720 τῶν

2225 777 2395 842 ἁγίων
2426 773 2489 845 [Ρ
2519 773 2644 843 1951
2670 770 3006 838 ὲγγιζουσῶν
3038 766 3261 837 ήμερῶν
3290 763 3384 816 τοῦ
3424 763 3632 830 Πάσχα,
3663 777 3779 829 προ-

2222 868 2386 934 φάσει
2414 866 2509 920 τοῦ
2537 867 2645 918 τῶν
2677 864 2850 926 ἁγίων
2893 863 3102 914 ἐκεῖνον
3136 853 3546 927 μεταλήψεσθαι
3587 851 3774 919 δώρων,

2223 965 2270 1016 εί
2306 963 2652 1031 πατριάρχης
2682 960 2846 1028 ἐφίει,
2882 957 3118 1026 πέμπων
3149 956 3227 1016 είς
3263 949 3576 1020 Σηλυϐρίαν
3603 948 3692 999 καὶ
3721 945 3779 998 τὰ

2223 1055 2318 1109 τοῦ
2349 1055 2575 1118 ξενῶνος
2604 1052 2806 1122 συνήθη
2835 1049 3152 1116 νομίσματα
3179 1038 3787 1112 προσφιλοτιμούμενος,

2224 1149 2260 1203 ἃ
2292 1150 2355 1218 δή
2389 1149 2485 1201 καὶ
2541 1145 2705 1206 αὐτὸς
2767 1143 2865 1211 μὲν
2915 1137 3195 1209 κρυφηδδν
3221 1136 3307 1189 ἀεί
3341 1135 3462 1185 ποτ’
3495 1130 3678 1188 ἐδίδου,
3717 1127 3781 1194 τῷ

2225 1240 2542 1309 πατριάρχῃ
2562 1236 2618 1288 δὲ
2648 1235 2708 1288 τὸ
2732 1233 2888 1293 τέλος
2917 1234 2996 1293 είς
3026 1226 3303 1299 χιλιοστὺν
3325 1223 3451 1277 κατ’
3479 1223 3592 1283 ἔτος
3610 1218 3782 1271 ποσού-

2229 1346 2390 1399 μενον
2421 1325 2803 1394 ἀπεγράφετο.
2833 1321 2966 1373 Τότε
3003 1316 3318 1370 τοίνυνδκαὶ
3353 1312 3508 1366 ταῦτ’
3550 1309 3784 1363 ἀποστέλ-

2223 1422 2332 1473 λων
2362 1419 2540 1485 λόγοις
2576 1413 2820 1481 ὡμάλιζε
2873 1411 2965 1464 καὶ
3012 1411 3124 1468 τοῖς
3169 1405 3511 1474 καθήκουσιν
3545 1399 3777 1471 ήγαλλεν.

2239 1511 2480 1572 Ἐκεῖνος
2512 1507 2569 1559 δὲ
2622 1505 2714 1558 καὶ
2753 1502 2910 1564 αὖθις
2947 1503 3005 1553 ἐν
3061 1496 3341 1568 Σηλυϐρία
3388 1493 3704 1563 προσμένων
3730 1489 3783 1541 οὐ

2230 1605 2499 1676 πρότερον
2545 1598 2756 1652 ἐκεῖθεν
2811 1589 3212 1666 μετέϐαινεν,ξῆ
3244 1585 3442 1676 δεινῶς
3470 1579 3784 1676 ὀφθαλμιῶν,

2230 1670 2375 1747 κατὰ
2408 1670 2620 1760 -χρείαν
2679 1684 2786 1738 τῶν
2845 1678 3246 1752 ίατρευσόντων
3299 1671 3514 1726 ἐκεῖθεν
3571 1670 3785 1737 ἀπάρας,

2233 1785 2372 1854 πρὸς
2401 1784 2501 1852 τὴν
2539 1779 2709 1850 μονήν
2753 1773 2849 1829 τοῦ
2904 1769 3200 1841 Κοσμιδίου
3257 1764 3429 1836 μηνὸς
3481 1761 3788 1854 Μαιμακτη-

547 1877 668 1924 σας,
705 1863 858 1916 οὐδὲν
890 1865 1054 1918 πλέον
1099 1867 1131 1935 ἢ
1180 1845 1573 1938 προσαλγήσας
1621 1870 1704 1922 ὅτι
1737 1867 2127 1937 συντέμνοντος
2156 1845 2204 1905 Β
2239 1845 2840 1946 ρίῶυοξμέτῳκ-ίζετο.
2875 1864 3023 1934 Πλὴν
3065 1855 3535 1927 Ἀνθεστηριῶνος
3562 1851 3788 1946 ε-ίσπλευς

543 1949 639 2002 τοῦ
677 1952 872 2020 καιροῦ
903 1955 1014 2008 τῶν
1046 1957 1407 2026 καθηκουσῶν
1448 1958 1678 2026 ὁμιλιῶν
1713 1958 1812 2011 οὐκ
1845 1951 1960 2027 εἶχε
1998 1972 2129 2024 τυγ-

545 2042 732 2110 χάνειν
763 2046 884 2114 (οὐκ
915 2043 1012 2101 οἷδ’
1060 2051 1109 2102 εί
1158 2050 1253 2104 καὶ
1297 2050 1551 2120 βασιλεὺς
1599 2051 1772 2115 οὕτως
1813 2049 2133 2121 ἐξεπίτηδες

545 2131 811 2202 ἐπεραττε,
851 2137 930 2207 μὴ
977 2138 1150 2210 θύραν
1183 2142 1506 2212 παρρησίας
1556 2142 1891 2210 ὑπανοιγνὺς
1920 2139 1998 2211 τῷ
2042 2136 2132 2192 θέ-

549 2226 696 2279 λοντι
719 2229 1094 2299 ἐντυγχάνειν,
1131 2234 1257 2286 ἐπεὶ
1301 2235 1395 2288 καὶ
1435 2237 1535 2288 οὐκ
1580 2230 1649 2306 ἦν
1699 2232 2131 2304 μεταγινώσκειν

545 2319 755 2388 αὑτὸν),
792 2320 1062 2388 ἁψάμενοι
1093 2322 1193 2392 τῆς
1239 2324 1382 2388 ὀδοῦ,
1427 2325 1653 2395 βασιλέα
1696 2325 1794 2395 μὲν
1835 2324 1929 2378 καὶ
1957 2323 2133 2387 οὕτως

547 2411 932 2476 ἐξαποστέλλει
961 2416 1081 2484 μετ’
1108 2416 1378 2484 εὐλογίας,
1406 2418 1568 2482 αὐτὸς
1588 2418 1633 2471 δ’
1657 2419 1774 2472 ἐκεῖ
1800 2417 2132 2489 καταμένειν

551 2587 717 2644 modo
740 2591 885 2644 enim
922 2606 1030 2646 non
1062 2595 1385 2651 conveniret
1410 2595 1526 2651 sisti
1585 2596 1691 2652 sibi
1735 2598 1846 2668 jam
1881 2597 2129 2652 adultam

552 2690 719 2751 atque
750 2682 888 2738 adeo
947 2683 1065 2740 fere
1114 2687 1391 2742 admotam
1453 2689 1705 2744 transitui
1767 2688 1834 2742 ad
1891 2688 2132 2743 nubilem

549 2781 760 2828 aetatem
795 2789 827 2829 a
852 2776 1046 2845 puerili
1079 2779 1284 2847 regiam
1324 2779 1621 2848 virginem,
1671 2795 1793 2849 quae
1826 2779 1914 2835 vel
1958 2779 2004 2836 si
2034 2779 2134 2834 ali-

550 2875 759 2934 quanto
785 2877 911 2937 post
939 2871 1192 2938 quintum
1236 2885 1264 2922 a
1298 2871 1477 2940 primo
1509 2873 1678 2926 natali
1715 2872 1857 2927 diem
1891 2873 2134 2941 pontifici

554 2957 875 3025 oﬁ‘erretur,
903 2975 1084 3015 serum
1118 2960 1294 3016 foret?
1324 2963 1448 3018 llaec
1475 2963 1697 3034 oblique
1719 2964 1861 3034 jacta
1882 2979 1947 3020 eo
1975 2965 2140 3034 perti-

557 3052 788 3113 nebant,
813 3060 875 3105 ut
905 3052 974 3106 ab
1009 3053 1339 3121 imperatore
1369 3064 1613 3110 mutuam
1644 3055 1937 3125 quamdam
1972 3055 2139 3109 elicc-

553 3149 679 3195 rent
747 3142 1090 3196 matrimonii
1166 3144 1427 3199 destinati
1502 3147 1861 3210 mentionem,
1913 3161 1980 3200 ex
2027 3161 2136 3214 qua

555 3241 742 3302 posset
777 3247 910 3287 ansa
936 3233 1086 3288 velut
1139 3235 1380 3306 quadam
1416 3237 1469 3289 in
1525 3235 1952 3305 disputationem
1995 3236 2135 3290 trahi
2165 3215 2208 3274 θ

559 3340 669 3380 non
709 3325 1004 3395 probatum
1035 3325 1178 3380 istud
1208 3327 1535 3396 patriarchae
1562 3327 1865 3396 negotium.
1893 3327 2000 3382 Sed
2029 3329 2139 3382 elu-

555 3419 628 3474 sit
668 3417 835 3487 hujus
867 3425 1014 3473 artes
1048 3417 1365 3486 Augustus;
1427 3435 1556 3473 nam
1602 3421 1804 3489 puclla,
1861 3418 2008 3488 quod
2042 3434 2137 3472 nc-

561 3509 680 3580 εει-ἰ
705 3525 810 3564 non
837 3497 1034 3579 potuit,
1063 3511 1112 3566 ei
1146 3512 1410 3577 exhibita,
1439 3519 1492 3566 et
1516 3514 1632 3582 ipso
1649 3513 1696 3567 ei
1727 3512 1884 3566 solita
1909 3510 2139 3564 formula

557 3603 697 3656 bene
727 3609 970 3670 precato,
1004 3611 1339 3672 praeverteris
1377 3618 1595 3657 omnem
1646 3603 1961 3656 ulteriorem
2015 3617 2132 3656 scr-

561 3709 778 3748 ntoncm
841 3694 1139 3765 imperator
1197 3695 1255 3750 in
1287 3703 1492 3766 puncto
1550 3697 1763 3764 signum
1799 3695 1959 3749 eundi
2023 3694 2140 3748 suis

556 3785 725 3852 dedit,
759 3794 1016 3842 causatus
1051 3787 1234 3856 urgeri
1294 3803 1354 3844 se
1395 3795 1455 3841 ut
1491 3787 1684 3842 ofﬁciis
1717 3787 1846 3840 alibi
1882 3800 2141 3842 necessa-

559 3878 660 3932 riis
692 3886 1029 3934 occurreret.
1073 3880 1153 3933 Ac
1184 3879 1265 3934 sic
1299 3880 1462 3934 verba
1491 3879 1544 3933 in
1572 3894 1668 3935 ore
1694 3879 1795 3934 fari
1841 3878 1952 3948 jam
2009 3879 2145 3934 inci-

560 3969 765 4040 pientis
793 3970 1070 4025 truncavit
1096 3970 1372 4040 praesulis,
1423 3985 1558 4025 casu
1609 3978 1664 4025 et
1700 3971 2144 4041 inopinatissimo

564 4061 685 4116 huic
715 4069 771 4116 et
801 4062 1216 4117 molestissimo.
1256 4061 1392 4115 Nam
1437 4062 1580 4116 elabi
1630 4063 1734 4118 sibi
1785 4061 1852 4118 de
1891 4064 2144 4118 manibus

559 4155 766 4211 tamdiu
837 4162 1112 4224 captatam
1177 4153 1566 4220 occasionem,
1625 4171 1748 4225 qua:
1795 4155 2024 4210 sentiret
2079 4156 2146 4210 de

560 4248 789 4304 Joannis
827 4247 1151 4315 prtefectura
1203 4245 1381 4316 deque
1437 4247 1584 4316 quod
1641 4262 1791 4303 nunc
1857 4258 2146 4318 pararetur

561 4354 688 4395 cum
722 4338 872 4394 crale
910 4339 1132 4403 foedere,
1171 4339 1492 4408 imperatori
1532 4338 1776 4401 dicendi,
1832 4338 1978 4394 haud
2012 4339 2148 4394 tole-

565 4430 797 4487 randum
826 4439 1000 4495 ratus,
1041 4429 1229 4484 tacitis
1285 4444 1470 4484 secum
1505 4443 1569 4482 ac
1622 4429 1860 4485 turbidis
1905 4442 2146 4485 aestuans

2237 1941 2448 2022 σάντων
2479 1941 2622 2017 ἐπτὰ
2665 1958 2895 2031 μακρῶν
2939 1953 3076 2008 νεῶν
3105 1950 3250 2006 κατὰ
3283 1944 3684 2017 πραγματείαν,
3710 1941 3788 1993 καὶ

2233 2059 2392 2128 λόγου
2427 2055 2766 2114 διαδοθέντος
2807 2051 2882 2114 ὡς
2915 2049 3011 2103 καὶ
3046 2045 3231 2105 στόλος
3266 2042 3415 2112 νηῶν
3447 2036 3589 2091 κατὰ
3633 2035 3788 2106 μάχην

2235 2148 2690 2225 προσαναϐαίνει,
2740 2145 2926 2206 δείσας
2957 2139 3210 2195 ἐντεῦθεν
3247 2136 3346 2208 τὴν
3399 2128 3788 2187 Κωνσταντίνου

2233 2221 2572 2315 εἰσέρχεται,
2605 2239 2700 2292 καὶ
2717 2237 2817 2309 τὴν
2848 2235 2946 2304 τῆς
2972 2226 3457 2302 Παμμακαρίστου
3488 2221 3789 2315 μονὴνᾼκιτ-

2233 2311 2402 2402 οικεί,
2446 2337 2582 2390 ὅπου
2630 2331 2728 2385 καὶ
2777 2329 2869 2382 ἐπὶ
2907 2324 3086 2395 καιρῷ
3129 2322 3227 2390 μὲν
3279 2316 3488 2390 μετρίῳ
3523 2311 3788 2384 ήπράκτετ,

2233 2427 2356 2487 εἶτα
2384 2429 2428 2483 δ’
2455 2424 2712 2495 ἀξιωθεὶς
2745 2421 2897 2494 παρά
2929 2436 2989 2474 τε
3013 2415 3110 2471 τοῦ
3140 2414 3352 2485 κλήρου
3379 2411 3474 2465 καὶ
3499 2408 3604 2462 τῶν
3629 2407 3790 2474 ἀρχιε-

2236 2623 2583 2670 recessurum
2636 2605 2818 2677 quoad
2847 2605 2891 2659 is
2942 2601 3162 2658 rediret.
3198 2597 3423 2654 Fanstis
3463 2603 3634 2647 tamen
3681 2600 3785 2641 eum

2237 2707 2302 2760 de
2337 2715 2489 2757 more
2527 2697 2802 2753 ominibus
2864 2689 3315 2747 Thessalonicam
3377 2681 3788 2755 proﬁciscentem

2234 2803 2320 2852 est
2377 2798 2725 2865 prosecutus,
2780 2793 2968 2842 certus
3033 2783 3253 2837 interim
3305 2781 3424 2849 ipse
3471 2776 3544 2834 ibi
3598 2780 3790 2865 manere

2235 2859 2414 2957 quoad
2446 2887 2747 2953 imperator
2797 2885 3188 2933 reverteretur.
3250 2871 3427 2926 Haesit
3468 2867 3630 2936 igitur
3659 2859 3792 2929 Sely-

2236 2980 2374 3036 briae
2413 2984 2613 3030 mmsto
2644 2970 2864 3028 silentio
2892 2967 3094 3023 rodens
3128 2978 3396 3020 arcanum
3432 2959 3691 3015 dolorem,
3717 2957 3789 3002 ut‘

2236 3079 2456 3134 cunque
2520 3051 2693 3123 illum,
2730 3074 2837 3113 non
2867 3056 3081 3127 penitus
3124 3056 3354 3124 ignarus
3401 3047 3623 3104 occultae
3668 3038 3792 3134 illius

2241 3130 2413 3218 curae,
2447 3151 2722 3209 consolari
2776 3149 3006 3203 tentavit
3063 3147 3389 3215 imperator.
3447 3137 3615 3195 Simul
3670 3130 3792 3188 enim

2243 3247 2493 3320 pervenit
2563 3225 3035 3305 Thessalonicam,
3097 3240 3269 3292 misso
3334 3235 3404 3291 ad
3460 3227 3793 3320 patriarcbam

2242 3318 2480 3413 quodam
2505 3357 2534 3395 e
2563 3339 2678 3394 suis
2709 3342 2968 3407 pratextu
3000 3331 3176 3387 veniae
3202 3327 3504 3399 noscendae
3524 3318 3797 3413 perdi)?”

2242 3407 2436 3490 dorum
2484 3433 2552 3487 ab
2590 3431 2699 3486 alio
2768 3443 2861 3496 per
2917 3425 3037 3495 ejus
3096 3423 3428 3486 absentiam,
3501 3407 3797 3470 instantibus

2245 3539 2357 3583 tum
2393 3527 2548 3582 festis
2580 3519 2965 3580 Paschalibus,
2997 3528 3278 3572 sacrorum
3320 3503 3676 3594 Eucharistia:
3717 3498 3798 3594 do-

2245 3631 2482 3681 norum,
2551 3619 2872 3666 consuetum
2944 3607 3163 3660 xenium
3226 3600 3477 3672 pecuniae
3549 3596 3601 3648 in
3640 3592 3798 3681 hospt-

2245 3679 2508 3766 talitatetn
2560 3699 2935 3773 expendendos
2983 3697 3180 3751 obtulit
3233 3688 3651 3764 perliberaliter.
3688 3679 3795 3732 Eam

2244 3784 2646 3868 eleemosynam
2681 3792 2882 3848 solitus
2902 3803 3123 3858 semper
3153 3794 3314 3839 antea
3349 3785 3524 3839 fuerat
3549 3777 3798 3868 Augustus

2245 3853 2572 3964 patriarcha:
2601 3903 2766 3942 manu
2808 3883 3030 3955 propria
3066 3880 3187 3934 sine
3220 3876 3450 3931 arbitris
3483 3867 3707 3926 tradere,
3737 3853 3792 3964 ad

2246 3961 2514 4040 summam
2586 3993 2824 4034 annnam
2900 3974 3054 4029 mille
3103 3969 3403 4027 admodum
3477 3961 3794 4049 nummojllfn

2247 4077 2658 4134 ascendentem.
2692 4069 2797 4124 Sed
2849 4075 2982 4122 tunc
3007 4079 3116 4135 quo
3158 4075 3403 4134 praesens
3456 4041 3799 4149 fungi

2248 4183 2357 4223 non
2387 4171 2592 4236 posset,
2626 4177 2735 4217 non
2769 4160 2930 4213 modo
2956 4171 3054 4227 per
3088 4161 3300 4209 certum
3337 4151 3458 4204 vice
3477 4139 3798 4236 substitutum

2248 4274 2346 4314 sua
2385 4233 2664 4312 hominem
2697 4250 2960 4322 explevit,
2987 4260 3175 4302 verum
3211 4252 3268 4298 et
3301 4253 3502 4296 munus
3544 4233 3800 4322 eumn-tells

2251 4352 2383 4407 dare
2411 4347 2626 4405 curavit
2664 4315 2836 4400 multa
2869 4339 3214 4396 humanitate
3261 4335 3578 4392 verborum,
3625 4315 3800 4389 quibus

2250 4455 2307 4500 ut
2334 4459 2496 4514 quam
2521 4438 2878 4496 blandissime
2904 4431 3138 4488 delinire
3168 4444 3197 4484 a
3229 4445 3286 4482 se
3309 4428 3600 4514 conaretur
3621 4415 3798 4514 aegri?!

565 4521 997 4592 cogitationibus
1029 4520 1344 4574 minabatur
1375 4519 1522 4574 haud
1554 4535 1843 4576 cessurum
1866 4537 2010 4586 sese,
2040 4538 2143 4578 nec
2177 4509 2222 4565 υ
2255 4499 2503 4609 pra-suus
2542 4532 2806 4594 animum,
2839 4527 2888 4582 ei
2945 4540 3105 4595 quem
3154 4519 3473 4577 destinabat
3521 4499 3799 4609 impera“:-

563 4619 645 4671 sic
677 4615 885 4669 infecto
909 4611 1067 4680 cujus
1093 4611 1267 4679 gratia
1298 4613 1504 4665 exisset
1533 4611 1748 4682 negotio
1769 4629 2139 4688 reversurum.

563 4711 642 4763 Ac
666 4708 795 4762 licet
824 4721 890 4760 ex
932 4714 1083 4771 parte
1113 4702 1338 4757 videbat
1361 4718 1484 4758 esse
1520 4705 1870 4760 verisimilem
1912 4721 2144 4762 excusa-

563 4800 767 4854 tionem
798 4795 1087 4862 allegatam
1125 4792 1192 4845 ab
1219 4794 1488 4863 Augusto,
1517 4797 1662 4864 quod
1695 4798 1831 4853 satis
1855 4806 2145 4869 appareret

566 4890 659 4944 tali
698 4903 824 4944 eum
850 4884 1086 4940 articulo
1124 4886 1383 4954 temporis
1419 4887 1528 4944 alio
1559 4890 1700 4945 trahi
1736 4891 1824 4946 vix
1870 4893 2146 4948 evitabili-

548 4985 668 5049 bus
698 4979 906 5043 causis,
927 4993 1034 5032 non
1062 4978 1348 5034 desinebat
1380 4989 1560 5038 tamen
1587 4982 1861 5054 suspicari
1893 4985 2145 5040 nonnihil

565 5076 636 5130 ab
670 5075 791 5144 ipso
828 5071 1136 5127 adhibitum
1171 5074 1338 5128 studii
1373 5074 1438 5128 ad
1471 5077 1874 5132 excludendum
1909 5093 1966 5132 se
1997 5094 2146 5134 com-

568 5165 833 5222 moditate
863 5165 1153 5220 audientiae
1176 5168 1376 5237 cupitae
1402 5176 1457 5222 et
1482 5169 1848 5224 occludendas
1881 5169 1973 5224 tali
2005 5185 2148 5242 prte-

567 5268 720 5316 textu
748 5275 912 5315 aures
945 5259 1122 5314 libero
1143 5275 1304 5330 quem
1341 5269 1593 5330 paratum
1636 5262 1985 5332 intelligeret,
2031 5277 2149 5319 ser-

565 5353 739 5420 moni,
777 5353 944 5424 283.
972 5353 1298 5410 dissuadere
1321 5360 1589 5408 conaturo
1618 5353 1799 5410 foedus
1839 5354 2144 5419 Serbicum,

563 5445 724 5514 quasi
769 5459 826 5499 re
858 5445 1094 5515 amplius
1119 5460 1230 5500 non
1285 5445 1522 5511 integra,
1574 5459 1640 5499 ex
1695 5456 1808 5515 quo
1842 5444 1946 5501 iter
2002 5445 2142 5500 istud

561 5545 630 5590 eo
665 5539 827 5593 unice
858 5537 1140 5606 pertinens
1173 5534 1580 5605 capessivisset.
1615 5535 1759 5605 Ergo
1793 5536 1874 5591 sic
1899 5537 2015 5591 vale
2040 5537 2145 5592 sibi

564 5632 840 5684 dicentem
874 5629 1261 5708 imperatorem
1287 5627 1522 5684 multum
1548 5628 1676 5683 licet
1714 5643 1976 5694 mcerens,
2005 5637 2060 5684 et
2092 5629 2146 5682 i—n

568 5732 791 5788 magno,
826 5719 955 5773 licet
991 5727 1141 5773 muto
1174 5733 1238 5773 ac
1265 5732 1480 5775 summa
1513 5719 1562 5774 vi
1596 5719 1962 5786 dissimulato,
1990 5735 2147 5777 men-

569 5810 644 5867 tis
675 5820 810 5870 testu
840 5812 1158 5883 relinquens
1195 5811 1510 5884 patriarcha
1541 5812 1736 5872 statuit
1769 5828 1829 5871 se
1882 5814 2006 5871 inde
2035 5831 2144 5871 non

2255 4597 2371 4682 lloc
2405 4637 2585 4681 tamen
2619 4636 2729 4677 non
2775 4627 2860 4674 est
2899 4623 3184 4672 assecutus
3219 4619 3280 4666 ut
3326 4612 3384 4664 in
3426 4603 3611 4660 urbem
3653 4597 3801 4687 ι’θιξξις

2253 4717 2443 4792 grandi
2496 4713 2779 4770 consilium
2843 4707 3158 4780 patriarcha
3209 4703 3545 4792 susciperet:
3587 4677 3804 4792 Periit:

2252 4779 2397 4868 enim
2467 4809 2631 4864 etiam
2683 4813 2808 4875 post
2850 4779 2968 4858 hoc
3041 4797 3344 4868 Selybriae,
3437 4779 3804 4875 denses”):

2684 4852 2807 4875 την
3059 4852 3100 4854 τί
3135 4852 3154 4868 υ
3333 4852 3343 4860 1

2254 4904 2482 4959 coactus
2539 4894 2960 4966 snperVeniente
3011 4889 3115 4960 ipsi
3170 4887 3456 4941 oculorum
3516 4865 3699 4967 morbo

2254 4958 2702 5051 commoditatem
2758 4958 3064 5042 curationis
3122 4979 3415 5034 admovere
3465 4983 3524 5026 se
3574 4958 3711 5019 urbi.

2256 5038 2650 5142 monasterium
2687 5079 3065 5136 suburbanum
3125 5069 3391 5126 Cosmidil
3438 5077 3496 5119 se
3548 5038 3804 5108 transtuli‘

2257 5190 2445 5233 mense
2473 5173 2662 5236 δυηῖο,
2697 5169 2911 5239 copiam
2943 5166 3056 5220 illic
3083 5161 3386 5217 faciliorem
3420 5149 3696 5209 habiturus

2256 5272 2524 5326 hanorum
2582 5221 2946 5320 medicorum.
3003 5259 3274 5314 Caeterum
3318 5252 3462 5308 Julio
3521 5221 3802 5336 ἱῐιεθαξξθθξί

2258 5359 2677 5418 adventantibus
2703 5355 2758 5412 in
2787 5368 2905 5410 eam
2931 5365 3085 5406 oram
3115 5357 3324 5420 septem
3363 5339 3540 5410 longis
3572 5321 3801 5420 navibus:

2259 5415 2500 5502 licetha:
2533 5451 2860 5501 mercatura:
2888 5451 3056 5496 causa
3116 5415 3433 5500 veniebant,
3469 5425 3594 5496 quia
3643 5415 3803 5466 tamen

2259 5553 2447 5596 rumor
2479 5538 2578 5592 fuit
2617 5535 2817 5608 bellum
2856 5531 3062 5603 portari
3124 5530 3303 5586 classe
3345 5529 3474 5587 ista,

2259 5642 2448 5690 trusus
2473 5632 2598 5688 loco
2618 5645 2684 5686 eo
2708 5601 3040 5701 parum'tuto
3072 5626 3353 5698 ingressus
3379 5618 3566 5675 urbem
3593 5601 3801 5702 θεξςιηξθ

2257 5733 2442 5782 tamen
2473 5690 2937 5794 patriarchalibus
2978 5690 3160 5791 285v
3199 5735 3258 5776 se
3309 5709 3537 5774 reddidit
3593 5690 3800 5794 πᾳξωξῗξ

2260 5819 2428 5882 scdin
2464 5789 2798 5874 monasterio
2821 5789 3235 5871 Pammacaristi
3254 5805 3482 5877 sumpsit
3505 5789 3794 5855 hospitium;

3537 5516 3674 5570 metu
3722 5507 3804 5551 οἵ·
