4018 6400
270 346 382 408 313

1201 350 1301 412 DE
1324 351 1765 414 ANDRONICO
1818 353 2292 425 PALzEOLOGO
2319 358 2471 421 LIB.
2502 358 2605 422 IV.

3431 356 3543 422 314

275 463 421 533 ρέων
449 458 550 523 τὰς
578 458 751 533 θύρας
780 462 1060 531 ἀνοίγνυσι
1082 467 1196 528 τοῖς
1219 466 1520 538 προσόδους
1547 466 1679 537 παρ’
1712 468 1852 519 ἐκεῖ-
1887 463 1937 524 Δ
1968 458 2253 539 Προῦργου
2282 470 2328 522 δ’
2354 465 2423 541 ἦν
2451 469 2514 524 τὸ
2542 470 2638 524 τοῦ
2671 470 2901 542 Σέρσου,
2931 470 3026 526 καὶ
3048 472 3282 542 πέμπων
3307 472 3548 540 ἀνελάμ-

272 571 368 607 νον
395 555 576 608 ποιεῖν
628 554 985 626 βουλομένοις
1032 557 1178 611 κατά
1208 575 1268 612 τε
1308 559 1492 629 κρίσιν
1522 559 1617 612 καὶ
1645 558 1859 612 οἱανοῦν

270 646 476 719 ἑτέραν
502 646 774 720 ἀναδοχὴν
807 649 1125 723 πατριάρχῃ
1164 651 1507 724 πρέπουσαν.

270 773 348 837 τ’.
390 766 585 833 Ὅπως
619 764 691 821 ἐν
737 767 1179 904 Θεσσιέἒονίῗῃ,
1201 770 1519 840 διατρίϐων
1561 770 1801 841 ἐνήργει
1832 773 1866 825 δ

1001 856 1067 894 σι
1114 858 1241 904 eve.

962 855 1241 907 ασιλεῡς.

363 928 427 984 '0
460 929 719 1002 βασιλεὺς
770 928 816 984 δ’
858 931 918 984 ὲν
970 931 1343 1004 Θεσσαλονίκῃ
1384 932 1717 1004 καθήμενος,
1745 931 1867 985 τότε

271 1021 521 1095 πρώτως
554 1023 680 1078 ἰδὼν
709 1024 955 1095 ἐκείνην,
1006 1022 1224 1095 ἔπεμπε
1273 1025 1375 1095 μὲν
1419 1026 1558 1097 πρὸς
1599 1025 1698 1097 τὴν
1732 1025 1868 1078 ἰδίαν

268 1114 624 1185 αὐτανεψίαν
657 1115 760 1185 τὴν
802 1115 1028 1182 Ἀνναν,
1060 1116 1233 1184 αὐτῆς
1283 1133 1345 1184 γε
1386 1114 1872 1186 προσλιπαρούσης

270 1209 380 1261 καὶ
438 1205 696 1277 κινούσης
754 1207 855 1277 τὴν
909 1206 1020 1260 ἀπὸ
1074 1205 1170 1260 τοῦ
1242 1206 1509 1277 βασιλέως
1560 1207 1871 1275 εὐμένειαν,

268 1298 506 1367 ἔπεμπε
538 1297 595 1350 δὲ
627 1297 723 1350 καὶ
753 1297 894 1366 πρὸς
919 1297 1046 1360 τοὺς
1086 1290 1599 1369 σέϐαστοκράτορας
1625 1297 1728 1366 (ἔτι
1762 1297 1871 1364 γὰρ

267 1395 342 1446 ὲν
382 1393 499 1454 τοῖς
529 1390 699 1455 ζῶσιν
734 1383 902 1460 ἦσαν)
938 1383 1345 1461 προσαπαιτῶν
1390 1389 1771 1461 Δημητριάδα,
1805 1388 1875 1456 ἣν

269 1483 508 1553 φθάσας
534 1484 563 1534 ὁ
594 1463 1098 1553 πρωτοδεστιάριος
1129 1481 1223 1536 καὶ
1258 1481 1503 1552 κατέχων
1532 1478 1875 1550 ἀνῳκοδόμει

268 1575 386 1629 καὶ
415 1568 629 1644 βασιλεῖ
660 1571 894 1625 καθίστα
922 1572 1187 1644 ὑπήκοον.
1220 1570 1285 1644 [Ρ
1317 1571 1440 1644 196]
1474 1564 1580 1634 Ἦς
1615 1571 1710 1624 καὶ
1741 1570 1878 1640 προ-

269 1682 450 1735 τερον
480 1659 737 1735 βασιλεὺς
765 1662 1027 1732 καθυφίει
1053 1662 1143 1717 διὰ
1172 1662 1235 1717 τὸ
1271 1665 1375 1732 τῆς
1404 1661 1716 1732 Θεοφανοῦς
1742 1660 1878 1733 πρὸς

272 1754 527 1825 θάτερον
555 1753 668 1808 τῶν
695 1753 943 1822 ἀδελφῶν
970 1754 1160 1823 κῆδος.
1197 1753 1445 1807 Ἐκείνου
1467 1753 1524 1807 δὲ
1546 1751 1881 1816 κωλυθέντος

273 1844 513 1918 θανάτῳ
538 1844 640 1917 τῆς
667 1846 889 1917 νύμφης
917 1846 1059 1900 κατὰ
1090 1847 1192 1917 τὴν
1221 1845 1651 1915 Θεσσαλονίκην,
1682 1843 1881 1916 ἀπῄτει

272 1940 414 1996 τότε
458 1940 697 2010 πέμπων
736 1938 797 1993 τὺ
830 1938 1029 1993 ἑαυτοῦ
1072 1938 1316 1993 δίκαιον·
1364 1935 1725 2010 Δημητριάδα
1772 1934 1883 2005 γὰρ

277 2038 390 2089 καὶ
432 2035 541 2103 πρὸ
572 2031 669 2085 τοῦ
715 2031 912 2085 ἑαυτοῦ
960 2025 1101 2084 εἶναι
1150 2030 1249 2085 καὶ
1295 2031 1419 2085 τότε
1453 2028 1679 2090 δικαίως
1710 2042 1884 2099 προσ-

279 2125 577 2180 απαιτεῖν.
635 2122 825 2176 Ταῦτα
870 2121 966 2176 τοῦ
1025 2120 1292 2190 βασιλέως
1339 2116 1882 2190 διαπρεσϐευομένου

281 2220 500 2274 ἐκεῖνοι
530 2215 670 2287 πρὸς
708 2213 906 2285 τριϐὰς
946 2212 1191 2286 ἐχώρουν
1238 2213 1306 2267 τὰ
1336 2212 1542 2282 συνήθη
1574 2211 1884 2274 ποιοῦντες,

286 2311 401 2364 ὑπὸ
429 2310 551 2371 δέος
581 2310 680 2378 μὲν
716 2306 891 2374 ὄντες,
924 2307 1008 2361 ὅτι
1051 2305 1306 2378 βασιλεὺς
1338 2306 1508 2373 ἐγγὺς
1546 2304 1886 2374 δφειστήκει,

286 2406 449 2474 ὅμως
476 2399 536 2454 δὲ
564 2398 661 2453 τοῦ
693 2398 962 2468 συνήθους
991 2392 1382 2465 ἀλωπεκισμοῦ
1417 2395 1540 2449 οὐδὲ
1564 2394 1694 2448 τότε
1736 2393 1890 2462 πάμ-

290 2513 407 2550 παν
440 2491 800 2546 ἐπελάθοντο.
845 2488 1033 2544 Ταῦτα
1064 2489 1110 2542 δ’
1134 2488 1244 2557 ἄρα
1307 2485 1578 2554 ἐξαγώνια
1623 2480 1769 2556 ἦσαν
1812 2484 1891 2557 τῷ

295 2586 539 2658 βασιλεῑ,
565 2585 648 2638 ὅτι
671 2582 794 2655 μηδ’
818 2581 1004 2637 αὐτῶν
1026 2579 1348 2650 ἐξεληλάκει
1373 2577 1534 2652 χάριν
1559 2577 1696 2650 πρὸς
1713 2577 1887 2632 δύσιν.

299 2768 394 2824 ubi
428 2773 519 2822 sat
548 2764 715 2833 longo
743 2772 993 2833 tempore
1016 2760 1240 2816 clausus
1273 2742 1512 2814 cessavit
1530 2755 1598 2811 ab
1623 2754 1772 2810 omni
1798 2768 1895 2824 pa-

302 2856 587 2914 triarchali
630 2853 936 2919 iunctione,
963 2851 1144 2922 quoad
1178 2850 1401 2905 tandem
1432 2856 1661 2916 rogatus
1688 2861 1718 2901 a
1746 2847 1895 2903 clero

312 2960 364 3006 et
390 2947 729 3005 antistitibus
757 2945 903 3002 fores
938 2941 1492 3015 aperitit,fadtnittens
1528 2954 1623 2995 eos
1650 2939 1742 3009 qui
1763 2951 1898 2994 con-

316 3043 500 3099 venire
531 3055 593 3096 se
619 3038 830 3094 vellent
865 3050 960 3091 seu
1008 3033 1204 3104 judicii
1255 3047 1423 3088 causa
1480 3031 1598 3087 sive
1649 3028 1897 3100 cujusvis

311 3133 532 3191 alterius
568 3130 941 3203 patriarcham
969 3125 1222 3183 decentis
1260 3115 1781 3180 administrationis.

299 3272 353 3327 ὅ.
385 3268 530 3336 Quid
555 3264 948 3334 Thessalonica:
980 3276 1312 3317 commorans
1365 3259 1530 3330 egerit
1576 3257 1891 3322 imperator.

374 3404 686 3474 Imperator
715 3397 1123 3454 Thessalonica
1148 3407 1520 3455 commorans,
1557 3405 1724 3461 quam
1775 3396 1892 3443 tum

296 3496 551 3569 primum
589 3491 781 3547 urbem
813 3489 1052 3552 viderat,
1111 3486 1261 3542 misit
1320 3483 1468 3555 quia
1503 3497 1563 3539 se
1612 3478 1898 3536 consobri-

297 3606 429 3646 nam
482 3587 702 3642 Annam
751 3582 1076 3646 salutarent,
1144 3578 1197 3633 id
1224 3578 1402 3648 ipsum
1436 3575 1527 3630 illa
1557 3582 1807 3645 precata,
1839 3581 1896 3627 et

298 3682 515 3754 quibus
547 3678 722 3750 potuit
753 3673 945 3730 oﬂiciis
998 3670 1300 3744 promereri
1342 3678 1622 3741 satagente
1669 3666 1898 3738 Augusti

298 3771 779 3833 benevolentiam.
803 3766 958 3822 Misit
988 3766 1155 3821 etiam
1192 3765 1258 3819 ad
1288 3764 1765 3820 sebastocratoras
1789 3760 1808 3828 (
1836 3758 1892 3814 hi

306 3867 457 3924 enim
495 3863 677 3919 adhuc
710 3861 768 3915 in
831 3856 976 3914 vivis
1021 3858 1226 3927 erant)
1280 3860 1535 3922 repetens
1603 3850 1901 3904 Demetria-

308 3960 479 4024 dem;
519 3969 687 4026 quam
729 3950 1004 4009 civitatem
1035 3957 1195 4003 antea
1243 3943 1701 4017 protovestiarius
1729 3957 1896 3997 occu-

310 4061 495 4122 patam
524 4044 959 4104 reredillcaverat
1011 4051 1068 4096 et
1118 4038 1316 4096 ditioni
1356 4036 1708 4109 imperatoris
1746 4050 1899 4090 asse-

310 4152 534 4207 ruerat;
567 4140 665 4196 sed
701 4138 808 4193 hac
862 4135 1028 4208 paulo
1058 4142 1188 4189 ante
1220 4134 1520 4203 imperator
1567 4140 1811 4186 cesserat
1841 4128 1897 4182 in

311 4237 547 4309 gratiam
570 4231 941 4299 Theophanus
962 4242 1139 4283 nurus
1167 4241 1283 4282 suae
1308 4225 1540 4290 sororis,
1577 4223 1707 4279 dum
1736 4221 1901 4292 hujus

315 4323 733 4384 matrimonium
761 4336 886 4376 cum
908 4320 1082 4375 altero
1131 4318 1635 4375 sebastocratorum
1695 4320 1903 4367 tracta-

1965 558 2096 614 ίανέ
2131 578 2190 614 τε
2236 561 2336 625 τὰς
2374 562 2560 624 κοινὰς
2609 561 2917 627 συνθεσίας,
2973 563 3071 617 καὶ
3127 562 3550 631 κατηνάγκαζεν

1967 652 2299 722 ἐγχειρίζειν
2338 652 2437 723 μὲν
2482 653 2779 722 Ῥωμαίοις
2812 653 2908 707 καὶ
2940 652 3284 725 Κοτανίτζην
3316 657 3411 708 καὶ
3450 656 3552 721 τὴν

1967 742 2106 806 τέως
2160 744 2242 807 εις
2292 743 2539 816 γαμετὴν
2569 741 2761 807 οὖσαν,
2797 744 3227 813 ἀντιλαμϐάνειν
3263 746 3307 799 δ’
3333 748 3414 810 εἰς
3460 763 3549 814 γυο

1969 837 2137 888 ναῖκα
2167 835 2401 906 νόμιμον
2434 837 2493 890 τὸ
2520 835 2615 889 τοῦ
2648 836 2910 906 βασιλέως
2936 836 3230 905 θυγάτριον

1973 969 2208 1040 Sallep!
2234 970 2355 1024 τῶν
2385 970 2818 1026 ἀντιδοθέντων
2844 971 3082 1043 ὁμήρων
3109 973 3207 1027 διὰ
3238 972 3305 1026 τό
3345 969 3555 1040 κῆδος.

2058 1106 2203 1160 Ἀλλ’
2228 1107 2438 1169 ἐκεῖνος
2465 1106 2655 1169 δεδιὼς
2697 1108 2828 1171 ἴσως
2859 1108 2933 1178 μή
2973 1125 3092 1173 πως
3123 1109 3557 1179 παραλογισθείη

1974 1200 2071 1264 τὰς
2103 1199 2421 1270 ὁμολογίας,
2465 1202 2557 1253 καὶ
2583 1199 2658 1269 δῷ
2693 1199 2817 1271 μὲν,
2855 1204 2956 1256 οὐκ
2995 1201 3261 1274 ἁντιλάὃῃ
3290 1204 3367 1267 δὲ,
3401 1204 3433 1273 ἢ
3469 1204 3562 1256 κιαι)⁸

1977 1291 2140 1355 αὐτὸς
2173 1291 2407 1359 ἐμπέσοι
2436 1308 2502 1360 γε
2547 1293 2627 1354 εἰς
2659 1292 3002 1362 ἀρκύστατα.
3044 1294 3149 1347 ὑπὸ
3183 1296 3394 1358 πιστοῖς
3422 1296 3563 1364 ὁμή-

1979 1400 2099 1455 ροις
2133 1383 2320 1453 ἐζήτει
2351 1385 2450 1447 τὰς
2502 1384 2735 1456 πράξεις
2780 1385 3063 1453 γίνεσθαι·
3116 1384 3259 1440 οὖτω
3308 1387 3414 1455 γὰρ
3473 1388 3566 1441 καὶ

1982 1474 2182 1546 ῥᾳδίως
2206 1477 2381 1528 ποιεῖν
2405 1475 2472 1529 τὰ
2497 1475 2853 1546 συγκείμενα,
2879 1478 2926 1530 εἰ
2948 1478 3109 1540 αὐτὸς
3132 1478 3297 1544 ἀξίως
3329 1480 3568 1549 προσλή-

1980 1565 2146 1636 ψαιτο
2200 1567 2327 1629 τοὺς
2377 1568 2646 1638 ὁμήρους,
2689 1564 2904 1637 ὑφ”οἷς
2955 1570 3377 1640 συνισχημὲνοις
3427 1572 3570 1624 ἑτοί-

1986 1672 2102 1725 μως
2151 1657 2250 1708 καὶ
2284 1655 2447 1717 αὐτὸς
2488 1658 2761 1727 ἀπαντᾷν.
2800 1653 2953 1721 Ἐνὺς
2996 1660 3106 1728 γὰρ
3140 1659 3236 1711 τοῦ
3268 1659 3368 1723 τὴν
3400 1660 3569 1714 παῖδα

1982 1743 2078 1798 τοῦ
2105 1744 2373 1815 βασιλέως
2400 1749 2636 1814 γυναῖκα
2662 1749 2811 1817 σχεῖν
2837 1748 2908 1801 τὰ
2938 1747 3120 1801 πάντα
3147 1751 3369 1818 προΐετο
3392 1767 3407 1782 ο
3439 1753 3490 1803 ei
3524 1751 3569 1804 δ’

1984 1837 2239 1908 ἅστοχοίη
2294 1835 2489 1891 τούτου
2540 1836 2604 1891 ἔκ
2660 1856 2809 1902 τινος
2855 1840 3096 1911 ἀπάτης,
3133 1837 3213 1905 ὥς
3256 1842 3567 1912 ὑφεωρᾶτο,

1984 1926 2079 1979 ἐπὶ
2125 1924 2414 1996 κεφαλαίῳ
2444 1925 2780 1995 ζημιοῦσθαι
2815 1928 3040 1992 δικαίως
3087 1928 3247 1999 ᾤετο.
3281 1930 3445 1985 Ὅθεν
3478 1934 3572 1985 καὶ

1985 2016 2062 2080 ὡς
2093 2012 2212 2087 εἶχε
2244 2017 2709 2088 κατησφαλίζετο,
2739 2018 2833 2072 καὶ
2876 2019 3180 2089 λαμϐάνειν
3209 2022 3449 2092 ὁμήρους
3483 2023 3573 2076 διὰ

1985 2105 2114 2170 τοὺς
2152 2106 2340 2169 αὐτοῦ,
2380 2106 2703 2161 ἀντιδιδόναι
2731 2107 2777 2159 δ’
2813 2108 3060 2177 ὁμήρους
3086 2108 3175 2162 διὶι
3198 2108 3300 2180 τὴν
3340 2108 3437 2163 τοῦ
3472 2111 3575 2180 βα-

1990 2196 2181 2261 σιλέως
2204 2197 2374 2251 παῖδα
2404 2195 2558 2267 ἠξίου
2589 2215 2649 2250 τε
2682 2199 2776 2252 atati.
2804 2198 3148 2269 ἀντηξιοῦτο.
3185 2200 3453 2271 βασιλέως
3480 2205 3576 2257 ἐπὶ

1988 2293 2204 2355 τούτοις
2261 2290 2573 2355 νεύσαντος.
2633 2292 2952 2362 Πέμπονται
3002 2294 3184 2347 τοίνυν
3232 2294 3579 2364 ἑκατέρωθεν

1990 2384 2218 2456 ὅμηροι,
2245 2384 2341 2438 καὶ
2363 2383 2505 2438 κατὰ
2538 2384 2704 2454 μέσον
2724 2385 2817 2438 τὸν
2840 2386 3085 2456 ποταμὸν
3116 2386 3415 2458 Βαρδάριον
3438 2391 3581 2443 ἀντ-

1993 2477 2370 2543 αλλάττονται,
2399 2476 2492 2530 τοῦ
2537 2476 2740 2548 Σέρϐου
2771 2478 2958 2540 δόντος
2997 2479 3098 2549 μὲν
3126 2480 3221 2533 καὶ
3241 2479 3582 2549 Κοτανίτζην

1993 2569 2092 2625 καὶ
2114 2569 2216 2644 τὴν
2244 2570 2339 2623 τοῦ
2373 2569 2646 2640 Τερτερῆ,
2669 2569 3050 2635 ἀντιλαϐόντος
3074 2570 3133 2624 δὲ
3163 2570 3262 2642 τὴν
3289 2571 3383 2625 τοῦ
3416 2572 3579 2643 βασι-

1994 2749 2153 2815 buit;
2186 2746 2482 2817 missisque
2515 2746 2610 2816 qui
2641 2745 2845 2800 cralem
2876 2755 3156 2814 urgerent,
3182 2744 3251 2799 ah
3273 2760 3340 2801 eo
3356 2760 3587 2816 expres-

1998 2844 2093 2907 sit,
2123 2842 2277 2913 juxta
2308 2849 2603 2904 conventa,
2632 2847 2690 2894 nt
2715 2847 2764 2892 et
2797 2837 3142 2894 Cotanitzam
3167 2846 3404 2907 etquam
3432 2848 3589 2894 eate-

1999 2948 2106 2989 nus
2134 2931 2328 2987 uxoris
2356 2930 2482 2985 loco
2508 2929 2792 2984 mulierem
2821 2928 3088 2983 habuerat
3119 2929 3385 2991 traderet,
3409 2936 3575 2998 atque

2000 3025 2164 3095 hujus
2194 3023 2248 3077 in
2280 3022 2459 3078 locum
2487 3020 2785 3092 legitimam
2812 3034 3061 3092 uxorem.
3090 3019 3326 3090 Augusti
3368 3020 3588 3077 ﬁliolam

2000 3119 2293 3190 acciperet.

2000 3234 2061 3288 4.
2094 3231 2170 3287 De
2203 3229 2478 3287 obsidibus
2524 3230 2747 3285 invicem
2799 3230 2943 3284 datis
2987 3228 3060 3283 ad
3102 3228 3441 3284 securitatem
3482 3236 3595 3282 tra—

2203 3305 2219 3317 '
2513 3312 2690 3355 ctatus
2715 3300 2780 3354 de
2809 3299 3085 3368 afﬁnitate.

2074 3391 2192 3449 Non
2219 3400 2401 3447 tamen
2425 3391 2542 3446 haec
2569 3392 2748 3446 crales
2775 3391 2894 3447 sine
2918 3390 3147 3461 pignore
3172 3389 3465 3445 relaxavit.
3482 3388 3591 3445 Me-

2001 3497 2164 3544 tuens
2181 3487 2326 3543 enitn
2354 3501 2443 3552 ne,
2463 3485 2510 3541 si
2533 3483 2820 3540 festinaret
2838 3483 2968 3539 dare
2987 3498 3108 3553 qum
3121 3484 3474 3554 poscebatur,
3493 3486 3598 3540 cir-

2003 3579 2424 3638 cumveniretur
2452 3577 2778 3633 credulitate
2826 3574 3162 3642 inconsulta,
3199 3577 3410 3646 negatis
3449 3585 3598 3647 post-

2006 3686 2073 3727 ea
2104 3686 2226 3742 quae
2257 3684 2318 3725 se
2353 3668 2595 3724 vicissim
2643 3676 2998 3735 accepturum
3045 3676 3193 3722 esset
3237 3676 3454 3735 pactus,
3503 3680 3599 3724 aut

2001 3766 2166 3821 etiam
2206 3763 2260 3818 in
2290 3776 2473 3818 casses
2506 3774 2566 3816 se
2592 3758 2870 3826 indueret,
2897 3759 3103 3829 quibus
3132 3774 3277 3828 aegre
3301 3774 3399 3829 pos
3424 3775 3486 3813 ea
3511 3776 3607 3815 ex-

2002 3857 2321 3917 tricaretur,
2354 3851 2641 3921 respondit
2667 3858 2856 3905 mutua
2884 3848 3183 3906 traditione
3220 3851 3474 3905 obsidum
3511 3848 3609 3905 llr-‘-

2009 3947 2150 4001 mari
2210 3942 2609 4014 promissorum
2667 3939 2901 3997 invicem
2958 3939 3127 3995 iidem
3192 3948 3485 4011 oportere:
3526 3941 3608 3995 sic
3720 3930 3721 3933 “

2005 4035 2153 4091 enim
2182 4032 2431 4089 securius
2478 4031 2756 4100 negotium
2793 4031 3051 4100 utrinque
3098 4033 3610 4101 processurum.“

2008 4126 2232 4183 tenebat
2263 4123 2544 4178 hominem
2584 4119 2782 4190 cupido
2829 4136 3030 4191 magna
3080 4120 3204 4176 ﬁlia:
3262 4122 3609 4189 imperatoris

2008 4220 2167 4270 certe
2198 4210 2305 4265 sibi
2336 4207 2618 4265 connubio
2648 4207 2971 4276 jungendte,
3004 4223 3071 4264 ex
3106 4224 3216 4278 quo
3240 4219 3511 4277 quantum
3552 4212 3609 4263 ei

2012 4302 2242 4382 honoris
2274 4308 2330 4356 et
2364 4298 2645 4354 commodi
2677 4309 2824 4353 esset
2853 4299 2907 4352 in
2961 4315 3022 4355 se
3059 4299 3493 4354 redundaturum
3530 4301 3613 4354 in-

318 4426 492 4475 retur.
513 4411 720 4469 Verum
748 4410 854 4467 isto
883 4407 1142 4481 coniugio
1168 4414 1349 4462 morte
1375 4411 1711 4476 praematura
1745 4415 1910 4472 spon—
1940 4410 1985 4467 ι)
2019 4393 2330 4466 telligebat;
2363 4391 2625 4460 indeque,
2650 4396 2711 4443 ut
2735 4405 3067 4461 magnopere
3090 4391 3416 4447 desideratis
3455 4393 3613 4449 anxie

316 4523 415 4575 sae,
467 4520 591 4576 quat
648 4501 1058 4558 Thessalonicae
1093 4506 1221 4553 ante
1257 4497 1474 4566 nuptias
1536 4495 1679 4550 diem
1711 4491 1907 4557 l'obiit,

278 4603 285 4606 ’
318 4600 645 4666 intercepto,
676 4590 951 4647 redditam
984 4588 1247 4643 tali‘casn
1299 4586 1411 4658 juri
1447 4599 1547 4640 suo
1584 4582 1755 4655 priori
1802 4596 1902 4657 ur-

317 4690 443 4746 bem
470 4686 631 4742 istam
664 4683 964 4753 imperator
996 4678 1348 4751 reposcebat,
1380 4676 1566 4733 missis
1588 4674 1681 4745 qui
1728 4673 1782 4728 id
1807 4686 1905 4728 ur-

319 4786 514 4855 gerent
544 4776 731 4848 legati.
765 4771 875 4829 Sed
901 4786 1020 4827 eam
1052 4771 1523 4827 sebastocratores
1576 4766 1680 4822 sibi
1722 4762 1904 4820 solitis

319 4871 541 4929 artibus
573 4867 889 4940 petitionem
916 4863 1239 4927 eludebant,
1264 4875 1371 4916 non
1397 4858 1624 4931 praecise
1644 4868 1908 4929 negantes

321 4963 668 5040 (metuebant
681 4959 883 5032 quippe
897 4958 1006 5013 vim
1020 4972 1051 5035 a
1064 4955 1242 5011 vicina
1257 4951 1605 5024 imperatoris
1618 4944 1908 5022 polentia),

321 5057 427 5117 sed
476 5051 1026 5127 tergiversationibus
1086 5049 1430 5104 innectentes
1484 5059 1710 5111 moras,
1762 5041 1909 5096 haud

321 5149 558 5208 omnino
583 5148 871 5216 ignorante
895 5142 1144 5211 Augusto
1169 5138 1357 5194 fucum
1386 5135 1493 5191 sibi
1532 5134 1650 5191 ﬁeri
1687 5142 1739 5187 et
1773 5147 1911 5187 con-

323 5249 487 5300 sueta
520 5238 740 5295 iamilim
773 5234 865 5291 isti
893 5231 1272 5304 vulpinatione
1295 5226 1463 5284 verba
1513 5225 1655 5292 dari,
1704 5223 1917 5294 patien-

324 5335 444 5392 tius
477 5341 660 5388 tamen
696 5325 1097 5392 dissimulante,
1160 5323 1308 5395 quod
1335 5320 1441 5379 sibi
1488 5316 1748 5381 conscius
1804 5312 1910 5369 alia

325 5423 603 5498 praecipue
634 5420 706 5477 de
737 5431 908 5476 causa
949 5414 1351 5488 expeditionem
1406 5412 1461 5466 in
1492 5408 1770 5466 Occiduos
1805 5414 1916 5462 tra-

327 5526 457 5575 ctus
484 5531 515 5571 a
542 5530 601 5570 se
632 5514 777 5574 hanc
819 5517 1156 5581 susceptam,
1204 5506 1391 5562 minus
1434 5501 1799 5560 laborandum
1846 5498 1915 5554 de

327 5610 422 5668 his
440 5605 766 5665 accessariis
802 5602 1053 5674 putabat,
1085 5601 1214 5657 dum
1250 5596 1555 5669 principale
1612 5592 1913 5665 negotium,

331 5699 674 5773 285quod
717 5703 841 5753 erat
899 5694 1077 5752 imdus
1119 5702 1176 5750 et
1239 5690 1476 5749 aﬁinitas
1533 5703 1659 5747 cum
1716 5685 1914 5749 Serbo,

318 5802 492 5877 .recte
524 5776 874 5852 succederet.
903 5788 964 5845 in
1004 5789 1117 5865 hoc.
1153 5788 1319 5861 igitur
1372 5784 1719 5858 potissimum
1755 5779 1910 5837 incu-

2006 4491 2264 4554 timetu—r,
2302 4487 2547 4559 inquieta
2609 4482 2987 4540 sollicitudine
3037 4486 3405 4556 pungebatur,
3456 4498 3615 4556 repu"

2005 4586 2129 4639 tans
2160 4596 2227 4637 ne
2265 4580 2409 4636 forte
2441 4594 2581 4636 vana
2612 4595 2675 4636 ea
2706 4595 2833 4649 spes
2867 4582 3253 4637 ostenderetur
3278 4597 3308 4634 a
3331 4580 3608 4645 Romanis,

2014 4673 2235 4729 resilire
2267 4687 2333 4726 ac
2358 4670 2617 4726 frustrari
2651 4688 2712 4728 se
2741 4671 2976 4743 paratis,
3021 4670 3187 4725 simul
3221 4686 3342 4739 qua:
3386 4687 3451 4725 ex
3497 4672 3614 4740 ipso
3651 4726 3662 4739 ,

2006 4763 2425 4832 concupierant,
2448 4770 2723 4818 tenerent.
2801 4760 2874 4817 Ea
2905 4776 3072 4837 porro
3095 4762 3165 4817 de
3197 4776 3368 4817 causa
3406 4765 3612 4832 petenti

2005 4854 2165 4918 erali,
2189 4865 2244 4908 et
2270 4851 2515 4908 vicissim
2545 4852 2828 4918 oﬁerenti,
2880 4853 3088 4923 quibus
3132 4844 3259 4906 ﬁdei
3311 4862 3610 4908 convento—

2022 4960 2145 5000 rum
2189 4955 2513 5011 caveretur,
2537 4955 2760 4998 mutuos
2807 4944 3050 5008 obsides,
3104 4942 3297 4998 annuit
3315 4945 3616 5012 Augustus;

2010 5051 2247 5106 moxque
2274 5036 2329 5089 in
2362 5033 2543 5090 medio
2572 5033 2747 5088 Barda
2760 5033 2844 5088 rio
2877 5046 3039 5087 amne
3063 5033 3169 5087 rite
3192 5035 3348 5105 prius
3377 5031 3619 5087 celebra-

2011 5138 2071 5184 ta
2092 5125 2504 5198 permutatione
2533 5123 2790 5180 obsidum
2821 5123 3087 5196 utrinque
3108 5123 3431 5191 missorum,
3453 5123 3617 5179 etiam

2012 5221 2133 5275 Sine
2172 5232 2322 5273 mora
2359 5231 2677 5287 processum
2725 5215 2795 5271 ad
2835 5214 3030 5272 eil‘ecta
3067 5221 3174 5283 est,
3205 5214 3381 5272 Serbo
3397 5213 3616 5286 quidem

2014 5307 2355 5366 Cotanitaam
2385 5313 2439 5364 et
2472 5306 2638 5361 ﬁliam
2693 5303 2940 5362 Terteris
2984 5306 3244 5373 (ledente,
3269 5306 3621 5375 vicissimque

2025 5402 2333 5473 accipiente
2365 5400 2434 5454 ab
2468 5400 2803 5469 imperatore
2838 5398 3012 5469 ipsius
3048 5398 3215 5453 ﬁliam
3243 5397 3375 5452 luxu
3402 5405 3624 5451 ornatu-

2021 5514 2133 5568 qne
2161 5496 2352 5567 regiis,
2380 5494 2640 5551 satellitio
2675 5493 2964 5563 splendido
2997 5492 3310 5555 deductam,
3333 5489 3624 5557 statimque

2021 5598 2167 5663 post,
2217 5588 2382 5645 simul
2424 5586 2496 5643 ab
2544 5585 2878 5641 Achridensi
2935 5583 3176 5641 Macario
3233 5580 3610 5638 ecclesiastico

2018 5681 2242 5755 sponsis
2271 5679 2467 5736 fuisset
2492 5679 2593 5734 rite
2612 5678 2890 5749 impertita
2910 5675 3239 5739 benedictio,
3266 5670 3492 5730 summis
3520 5669 3625 5725 ho-

2020 5774 2247 5833 norihus
2286 5770 2553 5830 allectam.
2598 5768 2716 5827 Non
2758 5769 2903 5827 enim
2961 5767 3108 5824 illam
3153 5764 3330 5822 cralcs
3388 5772 3445 5820 ut
3491 5775 3625 5833 pre-
