4018 6446
300 350 406 421 3ft

1226 345 1328 415 DE
1369 344 1823 416 ANDRONICO
1856 341 2328 415 'PALAZOLCGO
2361 356 2507 417 LIB.
2554 354 2650 420 IV.

3481 360 3588 424 318

294 464 411 519 λων
473 463 730 532 άγάλλειν
781 463 857 528 ὡς
928 465 1119 518 πιστὸν
1175 465 1461 535 ὑπηρέτην
1515 468 1610 520 καὶ
1681 464 1766 532 ἐφ’
1821 461 1904 527 οἷς
1932 465 1977 525 Α
2008 464 2200 535 ἐκείνῳ
2248 465 2401 529 τάξιν
2458 467 2694 538 ἐπέχων,
2729 467 2846 537 ἅμα
2889 467 2988 539 μὲν
3034 469 3126 521 καὶ
3155 485 3258 522 των
3289 469 3587 539 διαθηκῶν.

296 548 568 630 ύπούργει
602 558 694 610 τὸν
743 556 1136 628 δοκιμώτατον,
1178 557 1352 622 ἄλλως
1399 574 1457 610 τε
1503 558 1598 610 καὶ
1658 556 1892 609 πολυτα-

296 649 527 711 λᾶντους
564 648 661 711 τὰς
708 651 942 720 προῖκας
985 650 1050 717 τῇ
1084 647 1316 719 θυγατρὶ
1364 648 1755 715 ὲτοιμὰσαντα,
1816 644 1894 714 τῷ

294 741 443 797 κατὰ
476 742 689 807 Λαζοὺς
718 741 875 795 παιδὶ
921 742 1164 813 ’Δλεξίῳ,
1196 734 1256 796 οὗ
1304 740 1368 812 δὴ
1390 744 1483 795 καὶ
1512 737 1796 809 desiero-lii
1827 755 1891 805 γε

292 832 452 898 ὄντος
479 833 591 887 ἀπὸ
614 832 887 904 πατρῴων
933 833 1206 903 διαθηκῶν
1250 833 1642 902 ἐπετρόπευεν,
1685 829 1762 883 ἔτ’
1797 827 1891 881 οὖ-

294 940 399 995 σης
430 927 491 979 ὲν
514 925 925 981 Κωνσταντίνου
978 927 1072 979 καὶ
1101 925 1204 994 τῆς
1241 923 1470 995 μητρὸς,
1526 920 1893 991 ξυναρμόζειν

287 1015 458 1087 ἤθελε
489 1018 590 1086 τὴν
607 1016 702 1071 τοῦ
734 1017 1028 1087 Χούμνου’
1093 1016 1394 1086 συμφέρειν
1442 1017 1552 1088 γὰρ
1603 1014 1740 1086 ᾤετο
1794 1015 1892 1084 οὐχ

286 1100 460 1179 ἧττον
484 1109 678 1179 ἐκείνῳ
720 1108 902 1179 ﬁsci;
959 1107 1248 1178 Ῥωμαίων
1292 1106 1644 1177 πράγμασιν,
1704 1105 1893 1175 ἐθερά-

283 1214 433 1252 πευε
461 1198 522 1254 δὲ
552 1199 647 1255 καὶ
690 1199 785 1253 τὸν
837 1202 1035 1254 οἰκεῖον
1075 1198 1152 1269 τῷ
1208 1199 1318 1252 ἀπὸ
1359 1200 1454 1253 τοῦ
1496 1199 1686 1267 γένους
1737 1197 1893 1269 κήδει

279 1289 473 1356 τιμῶν
506 1289 583 1350 ὡς
622 1289 717 1343 καὶ
747 1288 910 1343 αὐτὸν
926 1292 1039 1354 τοῖς
1061 1291 1443 1352 εὐνουστάτοις
1477 1289 1889 1357 ἐξεταζόμενον.

290 1377 396 1440 Ἐς
432 1378 595 1431 τόσον
628 1380 673 1432 δ’
708 1379 1018 1449 ὲφήρμοττε
1046 1379 1144 1449 τὴν
1180 1377 1377 1449 βουλὴν
1406 1379 1472 1448 τῇ
1501 1376 1724 1447 πράξει,
1752 1376 1893 1430 ὥστε

277 1471 387 1524 καὶ
455 1471 687 1525 αὐτόθεν
739 1472 1085 1536 δεσποτικοῖς
1159 1472 1513 1541 παρασήμοις
1565 1468 1664 1538 τὴν
1725 1469 1895 1541 κόρην

275 1561 525 1631 ικόσμει
550 1563 643 1617 καὶ
671 1561 893 1635 νύμφην
932 1562 1204 1632 ὠνόμαζε.
1232 1562 1679 1634 Προσαπεδέχετο
1709 1563 1765 1617 δὲ
1799 1565 1893 1617 καὶ

276 1654 310 1720 ἡ
350 1654 549 1725 μήτηρ
588 1655 871 1709 ἀκούσασα
900 1655 963 1708 τὸ
990 1654 1367 1724 συνάλλαγμα,
1402 1656 1498 1709 καὶ
1532 1658 1599 1726 τῇ
1635 1653 1891 1728 βασιλικῇ

273 1743 460 1817 ψήφῳ
517 1746 878 1815 συγκάταινος
919 1743 1007 1818 ἦν,
1060 1748 1166 1801 ’καὶ
1224 1750 1353 1812 τοὺς
1399 1749 1613 1818 γάμους
1659 1748 1889 1803 ἐλθοῦσα

277 1813 612 1905 ἑτοιμάζειν
643 1837 802 1909 ἧθελε
829 1837 906 1909 τῷ
939 1813 1109 1894 παιδί.
1155 1840 1295 1895 Ἀλλ’
1322 1813 1528 1904 Emitte;
1570 1839 1604 1912 ἢ
1634 1840 1890 1912 πειθόμε-
1917 1813 1965 1874 Β

274 1942 374 1990 νος
406 1928 649 1993 καὶτοὺς
668 1930 881 2000 γάμους
916 1928 1187 1998 ὴαξιῶν,
1219 1930 1252 2002 ἢ
1275 1931 1382 2003 μὴν
1406 1932 1499 1984 καὶ
1533 1932 1709 1996 ἄλλως
1731 1933 1893 1986 ἐπελ-

278 2014 379 2071 θδν
407 2017 581 2089 αὐτῷ,
618 2020 829 2090 φθάσας
850 2020 917 2075 ἐκ
941 2040 1087 2086 τινος
1111 2022 1218 2076 τῶν
1244 2021 1331 2076 ἐπ’
1361 2022 1612 2088 ἐξουσίας
1655 2023 1885 2095 Ἰϐήρων

238 2168 243 2169 γ
278 2111 389 2183 τὴν
421 2113 852 2185 συνοικήσουσαν
878 2111 1090 2183 ἄγεται.
1115 2116 1182 2169 '0
1213 2116 1278 2187 δὴ
1307 2116 1399 2170 καὶ
1427 2114 1612 2187 μαθὼν
1636 2115 1890 2186 βασιλεὺς

278 2208 458 2270 πολὺς
483 2202 555 2277 ἦν
589 2209 714 2269 τοὺς
751 2208 949 2279 νόμους
982 2212 1284 2280 προτείνων
1310 2212 1407 2265 καὶ
1438 2210 1499 2264 τὸ
1544 2210 1645 2278 τῆς
1671 2211 1891 2282 ἐπιτρο-

283 2297 450 2363 πείας
481 2297 696 2354 δίκαιον
722 2299 1164 2373 προϐαλλόμενος
1187 2318 1202 2333 ⁸
1257 2300 1334 2365 ὡς
1372 2301 1480 2372 γὰρ
1539 2299 1751 2372 πατρὸς
1798 2299 1888 2354 ἐπ’

286 2482 379 2536 cui
414 2489 576 2551 pater
602 2480 883 2552 copiosam
915 2480 1279 2552 plurimorum
1304 2481 1637 2537 talentorum
1659 2496 1890 2554 congesa

286 2583 443 2628 serat
475 2574 687 2639 dotem,
719 2575 911 2630 Alexio
946 2572 1220 2651 Lazorum
1256 2573 1490 2646 principi
1524 2574 1737 2632 sororis
1772 2588 1887 2630 suae

292 2662 407 2720 ﬁlio
436 2673 493 2719 et
519 2667 694 2734 patris
727 2671 1061 2721 testamento
1112 2680 1228 2721 sua:
1272 2665 1455 2720 tutelae
1480 2665 1885 2729 commendato,

294 2755 451 2822 cuius
483 2764 663 2808 mater
693 2753 877 2808 adhuc
905 2762 1025 2810 erat
1066 2753 1565 2824 Constantinopoli,
1614 2753 1888 2809 collocare

300 2844 355 2900 in
381 2844 736 2899 matrimonio
764 2845 1029 2901 decrevit.
1062 2845 1429 2903 Conducibile
1461 2844 1663 2921 quippe
1705 2843 1758 2899 id
1791 2860 1890 2915 pu-

308 2940 448 2996 tabat
479 2954 606 2994 cum
665 2939 771 3010 ipsi
800 2937 944 2994 Lazo
974 2946 1091 2995 tum
1131 2939 1297 2995 rebus
1325 2939 1488 2994 etiam
1521 2938 1806 3004 Romanis;
1833 2945 1889 2997 et

309 3044 417 3099 quo
449 3031 501 3084 in
529 3030 722 3102 primis
758 3031 1103 3095 movebatur,
1135 3030 1216 3086 sic
1240 3045 1302 3086 se
1330 3031 1538 3100 optime
1591 3029 1885 3086 consulere

298 3121 563 3191 percbaro
582 3122 688 3177 sibi
718 3122 925 3180 homini
959 3121 1204 3188 videbat,
1247 3125 1548 3179 admovens
1584 3137 1708 3177 eum
1759 3121 1879 3179 alli-

290 3216 461 3270 nitate
493 3217 598 3270 ista
628 3215 817 3286 generi
852 3215 1001 3288 regio
1031 3229 1097 3273 ac
1122 3224 1275 3272 tanto
1298 3216 1479 3286 ipsum
1531 3214 1753 3273 certiori
1786 3214 1878 3271 lir-

286 3323 444 3363 mans
469 3310 700 3379 pignore
747 3309 802 3364 in
841 3306 951 3363 fide
996 3308 1493 3379 benevolentiaque
1549 3324 1678 3380 erga
1734 3322 1880 3364 sesc.

283 3395 480 3469 Itaque
511 3398 848 3456 incumbens
879 3407 997 3455 toto
1018 3399 1142 3456 nisu
1175 3400 1230 3453 in
1262 3401 1547 3471 negotium
1605 3398 1887 3471 optatissi-

279 3492 461 3556 mum,
487 3492 497 3499 ’
525 3506 595 3548 eo
632 3492 787 3548 brevi
818 3506 929 3547 rem
961 3491 1218 3562 perduxit
1247 3491 1416 3562 288
1438 3499 1498 3547 ιιι
1527 3491 1760 3562 puellam
1791 3493 1888 3546 du-

279 3582 787 3654 minaainsignibus
826 3591 1081 3641 ornatam
1124 3581 1301 3637 Alexii
1350 3580 1619 3637 Lazorum
1673 3580 1880 3636 domini

279 3689 548 3744 sponsam
577 3673 901 3747 appellaret.
934 3670 1094 3728 Haud
1125 3685 1268 3741 aegre
1294 3683 1546 3734 assensa,
1594 3674 1881 3738 postquam

281 3765 484 3829 audiit,
520 3762 842 3835 imperatori
875 3763 1006 3817 talia
1038 3761 1258 3833 paranti
1292 3769 1472 3816 mater
1519 3758 1698 3815 Διοιὶί
1745 3758 1882 3813 adeo

278 3853 406 3924 ejus
435 3854 675 3925 probare
705 3852 1146 3923 designationem
1173 3850 1436 3907 connubii
1490 3849 1606 3906 visa
1659 3854 1768 3915 est,
1824 3854 1885 3905 ut

279 3949 439 4002 ultro
467 3946 537 4001 ad
575 3946 747 4001 ﬁlium
777 3944 1147 4016 parandarum
1180 3959 1348 4001 causa
1401 3945 1722 4014 nuptiarum
1767 3944 1884 4000 itu-

280 4057 405 4098 ram
434 4055 551 4112 pra:
580 4053 644 4094 se
670 4038 860 4093 ferret.
898 4036 1099 4095 Verum
1129 4035 1221 4092 ille
1244 4034 1389 4092 haud
1422 4035 1476 4092 in
1505 4036 1609 4091 hoc
1655 4038 1891 4109 morige-

278 4148 406 4188 rum
443 4131 717 4187 avunculo
744 4144 806 4186 se
833 4142 899 4184 ac
922 4126 1084 4183 matri
1110 4126 1342 4197 praebuit
1372 4144 1386 4183 :
1421 4127 1537 4182 sive
1585 4127 1733 4183 enim
1777 4128 1892 4185 dis-

278 4239 493 4281 suasus
525 4238 557 4278 a
587 4221 871 4292 quopiam,
902 4234 1004 4276 seu
1041 4227 1462 4290 praeoccupatus
1487 4233 1678 4275 amore
1699 4220 1888 4290 cujus“

279 4323 412 4379 dam
436 4335 469 4376 e
497 4317 838 4390 primoribus
870 4315 1150 4370 lberornm
1184 4315 1328 4379 tiliae,
1362 4329 1491 4370 cum
1549 4315 1654 4370 hac
1703 4317 1770 4370 ad
1827 4331 1890 4373 se

281 4412 528 4470 deducta
564 4410 670 4465 rite
698 4406 1016 4477 conjugium
1052 4406 1370 4462 celebravit.
1426 4405 1547 4471 Quo
1603 4413 1888 4475 comperto

1998 552 2114 623 ἅμα
2146 556 2201 608 δὲ
2229 556 2320 609 καὶ
2350 557 2442 610 τοῦ
2472 557 2570 609 σὺν
2592 560 2659 628 τῇ
2694 556 2946 629 βασιλείᾳ
2974 558 3080 612 ἀπὸ
3114 558 3209 613 τοῦ
3265 558 3454 626 γένους
3510 559 3589 613 δι-

1996 645 2152 701 καίου
2184 647 2363 719 χάριν,
2393 646 2653 715 ἠϐούλετο
2699 648 2967 703 διιστάναι
3018 649 3117 719 τὴν
3173 648 3452 716 συζυγίαν.
3505 649 3584 702 Οὐ

1998 737 2106 810 μὴν
2139 739 2195 792 δὲ
2221 742 2316 793 καὶ
2349 740 2681 801 δεσποτικῶς
2706 740 2765 806 ἐξ
2797 739 3172 810 ἐπιτάγματος
3195 741 3369 804 ἄλλως
3427 740 3585 812 ἤθελε

1996 829 2278 899 πράττειν,
2315 822 2431 883 ἀλλ⁴
2458 830 2556 902 οὐχ
2584 824 2748 902 ἧττον
2779 834 2873 886 καὶ
2897 832 3095 904 γνώμῃ
3122 834 3217 887 καὶ
3262 832 3428 902 ψήφῳ
3485 835 3583 899 τῆς

2007 920 2355 990 Ἐκκλησίαςι
2391 922 2554 977 Ὅθεν
2583 927 2677 979 καὶ
2707 924 2941 995 πέμπων
2966 925 3103 995 πρός
3135 942 3194 979 τε
3238 927 3585 995 πατριάρχην

1995 1015 2089 1069 καὶ
2117 1015 2214 1087 τὴν
2241 1016 2372 1088 περὶ
2403 1015 2568 1070 αὐτὸν
2612 1013 2852 1083 σύνοδον,
2898 1017 2958 1071 τὸ
3010 1017 3129 1088 ἅμα
3184 1018 3282 1087 μὲν
3321 1017 3585 1088 βασιλέως

1995 1109 2092 1162 καὶ
2116 1109 2340 1179 πατρὸς.
2366 1108 2482 1177 ἃμα
2513 1108 2569 1163 δὲ
2597 1109 2690 1163 καὶ
2715 1110 3011 1178 ἐπιτρόπου
3034 1111 3127 1164 ἐπὶ
3169 1109 3248 1179 τῷ
3288 1109 3397 1180 νέῳ
3450 1126 3586 1177 προ-

1995 1200 2183 1255 τείνων
2211 1202 2443 1267 δίκαιον,
2475 1202 2677 1275 ἄκυρον
2703 1203 2811 1256 ἀπὸ
2846 1204 3027 1274 νόμων
3075 1205 3271 1275 ἐπείρα
3317 1204 3584 1259 δεικνύειν

1995 1291 2056 1343 τὸ
2086 1292 2438 1356 συνοικέσιον,
2470 1294 2567 1347 καὶ
2596 1291 2834 1347 διαλύειν
2878 1294 3030 1363 ἠξίου
3064 1293 3140 1357 ὡς
3189 1292 3342 1364 παρὰ
3389 1292 3585 1363 βουλὴν

1995 1380 2095 1451 τὴν
2120 1379 2284 1434 αὐτοῦ
2319 1381 2606 1445 συνεστώς.
2646 1382 2766 1435 Τῶν
2787 1382 2920 1452 γοῦν
2952 1383 3125 1449 λόγων
3173 1383 3470 1446 συνοδικῶς
3499 1400 3584 1436 κι-

1996 1474 2294 1543 νουμένων,
2324 1474 2468 1537 τινὲς
2500 1475 2600 1543 μὲν
2625 1474 2734 1528 τῶν
2758 1475 3059 1547 ἀρχιερέων
3093 1475 3275 1545 νόμων
3298 1476 3585 1540 ἀκριξείας

1997 1564 2235 1635 ἡμμένοι
2273 1562 2433 1633 δῆθεν
2461 1567 2527 1637 τῇ
2553 1564 2647 1619 τοῦ
2680 1564 2944 1634 βασιλέως
2971 1564 3189 1632 θελήσει
3220 1563 3466 1631 ἔγνωσαν
3498 1566 3586 1616 ὲν-

1995 1654 2213 1720 διδόναι,
2234 1656 2262 1708 ὁ
2293 1655 2350 1709 δέ
2379 1671 2443 1724 γε
2467 1657 2813 1727 πατριάρχης
2842 1657 2936 1710 καὶ
2955 1655 3074 1725 μετ’
3096 1654 3260 1709 αὐτοῦ
3288 1657 3336 1709 οί
3367 1654 3583 1717 πλείους

1997 1747 2166 1818 ἀπρὶξ
2193 1747 2497 1802 ἀντέτεινον
2523 1762 2538 1780 ·
2575 1748 2801 1819 καὶγὰρ
2827 1748 2923 1801 καὶ
2953 1747 3098 1801 κατὰ
3139 1745 3380 1817 γαστρὸς
3441 1745 3585 1814 ἔχειν

1993 1839 2093 1905 τὴν
2125 1838 2185 1904 ἐξ
2221 1840 2446 1910 Ἰϐήρων
2483 1840 2544 1907 ἐξ
2590 1840 2851 1907 Ἀλεξίου,
2897 1840 2973 1904 ὡς
3017 1841 3238 1912 ἢκουον,
3281 1839 3587 1908 κατηγγέλ-

1990 1929 2134 1984 λετο.
2181 1929 2243 1984 Ἥ
2274 1932 2460 1999 μέντοι
2504 1948 2566 1999 γε
2624 1934 2810 2002 μήτηρ
2862 1932 3070 1985 ἐκείνου
3127 1930 3586 1998 ὲπανακάμπτειν

1990 2021 2294 2092 ὀρεγομένη
2325 2023 2546 2086 ἐλπίδας
2600 2026 2709 2089 τοῖς
2739 2023 2833 2078 τοῦ
2896 2022 3202 2079 κανικλείου
3265 2022 3582 2083 ὑπέτεινεν,

1989 2111 2066 2179 ὡς
2113 2100 2327 2185 ἥκουσα
2382 2114 2802 2187 καταπράεεται
2856 2115 3060 2189 μᾶλλον
3121 2113 3221 2184 τὴν
3279 2112 3436 2167 λύσιν
3486 2112 3583 2167 τοῦ

1992 2205 2438 2276 συναλλάγματος
2465 2207 2499 2278 ἢ
2525 2207 2807 2278 μηνύουσα
2828 2224 2843 2240 ·
2872 2204 3022 2276 αὐτῷ
3055 2206 3164 2276 γὰρ
3192 2203 3470 2277 προσώπῳ
3491 2204 3585 2257 καὶ

1993 2299 2071 2370 μὴ
2101 2301 2338 2369 γραφαῖς
2370 2297 2515 2371 ἔχειν
2545 2298 2868 2353 ἀναπείθειν
2914 2298 3008 2352 τὸν
3051 2298 3242 2365 παῖδα,
3290 2297 3386 2352 καὶ
3444 2295 3586 2350 οὕτω

1989 2490 2130 2544 erat,
2157 2479 2523 2538 consideratis
2551 2481 2861 2535 statuerent
2909 2490 3129 2534 cassum
3181 2483 3236 2528 et
3283 2472 3583 2528 invalidum

1991 2574 2044 2630 id
2079 2572 2495 2629 matrimonium
2524 2587 2671 2635 esse,
2700 2571 2905 2642 quippe
2923 2579 3128 2625 temere
3160 2571 3484 2622 attentatum
3515 2564 3586 2619 ab

1989 2667 2210 2723 homine
2245 2680 2354 2721 non
2380 2679 2493 2720 sua:
2525 2664 2591 2719 ad
2634 2663 2738 2718 hoc
2768 2661 3078 2733 potestatis,
3131 2660 3268 2714 citra
3319 2668 3478 2713 suum
3498 2671 3589 2713 as—

1988 2774 2233 2823 sensum,
2269 2773 2301 2814 a
2331 2771 2441 2829 quo
2480 2755 2761 2826 penderet.
2792 2753 2953 2810 Hisce
2982 2752 3127 2807 ultro
3158 2751 3407 2819 citroque
3449 2763 3585 2802 ven-

1987 2850 2182 2916 tilatis,
2223 2856 2281 2905 et
2317 2845 2536 2918 negotio
2566 2845 2828 2916 synodico
2861 2850 3131 2909 tractato,
3188 2840 3410 2912 quidam
3460 2838 3579 2908 epi-

1984 2956 2276 3011 scoporum
2309 2940 2602 3004 haerentes,
2627 2946 2686 2992 ut
2714 2937 3002 3009 putabant.
3031 2949 3173 2988 verae
3225 2932 3402 3003 legum
3453 2944 3581 2985 sen-

1984 3034 2190 3098 tentiae,
2224 3030 2515 3103 postulatis
2551 3025 2897 3099 imperatoris
2922 3025 3003 3080 uti
3026 3022 3200 3094 aequis
3220 3020 3580 3075 a‘nnuentlum

1983 3127 2311 3184 censebant.
2348 3124 2422 3178 At
2465 3121 2780 3193 patriarcha
2807 3127 2861 3174 et
2889 3119 3076 3188 plures
3103 3129 3225 3171 cum
3255 3103 3420 3182 289
3462 3110 3592 3178 ipso

1982 3222 2036 3276 in
2068 3217 2406 3277 contrarium
2437 3214 2709 3271 obﬁrmati
2756 3212 2998 3276 stabant,
3054 3223 3121 3264 eo
3161 3205 3401 3261 maxime
3424 3201 3582 3257 moti»

1980 3312 2129 3384 quod
2151 3312 2261 3383 jam
2290 3312 2391 3367 ista
2415 3325 2481 3365 ex
2507 3307 2677 3364 lberis
2709 3304 2887 3377 puella
2909 3312 3119 3357 uterum
3142 3315 3207 3354 ex
3229 3296 3419 3353 Alexio
3441 3293 3583 3347 ferre

1984 3404 2296 3461 dicebatur.
2322 3401 2591 3458 Creterum
2620 3406 2794 3453 mater
2819 3394 3086 3466 principis
3105 3390 3375 3445 Lazarum
3405 3386 3584 3440 redire

1983 3500 2207 3556 domum
2234 3497 2486 3567 cupiens,
2514 3507 2667 3566 spem
2702 3490 2963 3558 praefecto
3008 3482 3245 3542 caniclei
3291 3481 3584 3539 subosten-

1984 3591 2146 3647 debat
2171 3587 2463 3660 quamdam
2491 3584 2652 3656 quasi
2677 3599 2743 3639 eo
2767 3579 3011 3653 proiecta
3040 3584 3404 3649 procuratura
3436 3588 3576 3643 pra:-

1987 3697 2116 3740 sens
2159 3687 2308 3737 esset
2353 3676 2756 3749 separationem
2795 3673 3092 3744 ronjugum
3147 3667 3587 3735 solutionemque

1985 3771 2270 3836 connubii,
2299 3770 2447 3843 quod
2479 3769 2664 3824 minus
2687 3781 2785 3837 per
2817 3764 3030 3820 litteras
3061 3769 3252 3832 posset
3297 3757 3584 3826 consequi,

1987 3867 2112 3924 viva
2148 3866 2362 3923 scilicet
2385 3876 2573 3919 coram
2606 3875 2740 3915 voce
2767 3867 2822 3915 et
2871 3857 3054 3913 vultus
3105 3851 3434 3910 verecundia
3472 3862 3587 3902 ma—

1987 3959 2127 4015 terni
2157 3970 2492 4031 persuasura
2521 3955 2630 4009 lilio
2660 3959 2720 4007 ut
2750 3966 2811 4007 se
2833 3949 3170 4020 morigerum
3230 3946 3481 4015 Augusto
3530 3954 3588 3992 a-

1988 4051 2230 4109 vunculo
2256 4049 2543 4121 praeberet,
2568 4059 2679 4117 quo
2711 4041 2936 4114 perduci
2963 4041 3220 4111 juvenem
3257 4048 3426 4106 posse
3457 4031 3586 4086 ullis

1989 4146 2209 4203 eminus
2234 4140 2457 4211 scriptis
2496 4138 2786 4207 missisque
2819 4131 3093 4189 mandatis
3121 4127 3265 4183 haud
3309 4127 3586 4182 satiscon-

1991 4233 2204 4289 ﬁderet.
2237 4227 2354 4285 Huc
2388 4228 2616 4282 obtentu
2676 4221 2954 4279 ebrandita
3000 4215 3349 4286 imperatoris
3398 4227 3587 4288 assen-

1991 4339 2114 4383 sum
2153 4323 2208 4377 in
2236 4320 2604 4376 reversionem
2633 4315 2698 4371 ad
2748 4313 2920 4368 Lazos
2972 4325 3128 4366 suam
3170 4322 3236 4363 eo
3287 4304 3585 4373 navigavit.

1992 4415 2108 4482 Qua
2142 4412 2245 4467 ﬁde
2269 4418 2450 4466 autem
2473 4415 2599 4479 post
2627 4405 2860 4461 reditum
2883 4399 3172 4473 promissis
3200 4395 3442 4460 steterit,
3480 4393 3578 4449 sci-

275 4505 592 4574 imperator
617 4500 828 4555 multus
859 4507 975 4559 erat
1007 4498 1064 4554 in
1090 4497 1389 4567 allegandis
1430 4504 1621 4553 contra
1667 4496 1880 4567 legibus
1909 4517 1960 4577 ι)
1986 4506 2168 4562 verint
2189 4503 2285 4574 qui
2312 4517 2435 4573 qua:
2458 4501 2568 4556 illic
2610 4498 2722 4570 egit
2769 4496 2947 4553 oculis
2996 4501 3299 4564 praesentes
3332 4501 3587 4567 usurpa-

278 4606 344 4653 et
370 4599 500 4669 jure
531 4594 734 4650 tutorio
754 4593 1036 4664 jactando,
1071 4588 1220 4661 quod
1247 4591 1296 4646 ei
1328 4591 1883 4658 consanguinitasin-

239 4690 423 4771 _tima
446 4696 503 4742 et
538 4684 732 4757 patris,
767 4696 1046 4754 germanae
1074 4694 1187 4739 suae
1215 4680 1344 4745 viri,
1392 4680 1583 4735 ultima
1626 4681 1881 4737 voluntas

284 4780 537 4852 legitime
568 4777 801 4848 signatis
832 4772 1147 4830 testamenti
1181 4771 1389 4833 tabulis
1412 4771 1674 4832 dedisset.
1697 4769 1880 4840 Quare

244 4840 476 4933 gaiebat
506 4840 693 4929 irritas
723 4867 859 4923 istas
891 4864 1060 4921 videri
1091 4863 1295 4920 debere
1326 4861 1574 4933 nuptias,
1596 4870 1654 4918 et
1691 4870 1750 4916 ut
1780 4861 1882 4917 lal-

286 4968 338 5024 si
384 4965 650 5034 coniuges
683 4962 754 5018 ab
785 4939 1017 5015 invicem
1065 4957 1463 5015 dirimerentur
1487 4958 1876 5015 contendebat.

264 5031 402 5114 hoc
442 5066 624 5111 tamen
672 5053 729 5111 in
768 5053 873 5110 hoc
918 5054 1044 5122 jure
1100 5051 1318 5123 imperii
1371 5061 1466 5109 aut
1495 5052 1548 5107 vi
1598 5052 1878 5110 saecularis

281 5139 582 5219 potestatis
612 5146 710 5208 uti,
742 5143 890 5215 quod
911 5141 995 5198 las
1026 5157 1134 5198 non
1158 5151 1329 5206 esset,
1370 5141 1665 5201 inducebat
1685 5142 1738 5198 in
1760 5143 1881 5197 ani-

283 5255 463 5304 mum,
496 5239 593 5299 sed
610 5237 864 5296 studebat
884 5234 990 5293 hoc
1013 5235 1288 5293 sententia
1321 5243 1376 5293 et
1392 5236 1604 5293 calculo
1620 5234 1879 5293 Ecclesiae

283 5332 534 5390 decerni.
569 5330 753 5400 Quare
783 5330 969 5387 missis
1001 5330 1069 5386 ad
1091 5328 1458 5401 patriarebam
1503 5338 1580 5395 et,
1612 5345 1734 5405 quae
1768 5331 1880 5386 eir-

282 5438 410 5479 cum
435 5425 614 5496 ipsum
644 5430 785 5490 erat,
811 5421 1081 5495 synodum
1119 5422 1284 5483 certis
1330 5422 1643 5481 hominibus
1673 5421 1878 5493 quies.-

282 5525 556 5587 ponerent
586 5523 857 5589 quantum
889 5514 1154 5582 sibijuris
1173 5514 1330 5569 daret
1363 5515 1420 5569 in
1451 5528 1577 5570 eum
1610 5513 1873 5584 juvenem

283 5611 518 5681 primum
545 5609 901 5683 imperatoria
925 5609 1191 5685 dignitas,
1240 5610 1437 5666 deinde
1483 5609 1878 5679 consanguini-

284 5703 585 5759 tasintima
609 5702 942 5774 etquaulam
998 5703 1301 5758 auctoritas
1349 5709 1600 5772 paterna,
1659 5703 1875 5773 qualem

286 5794 454 5853 tutori
481 5795 629 5868 leges
658 5795 716 5855 in
751 5795 1017 5868 pupillum
1043 5794 1314 5864 tribuunt,
1335 5804 1395 5853 ut
1440 5795 1530 5862 iis,
1558 5804 1720 5868 prout
1778 5812 1876 5869 par

1984 4605 2134 4654 runt.
2160 4591 2620 4669 Eventaquidem
2655 4589 3112 4645 demonstrarunt
3149 4582 3321 4637 visam
3361 4593 3428 4634 eo
3456 4593 3587 4648 pro-

1984 4691 2156 4748 licisci
2206 4688 2272 4745 ad
2321 4682 2734 4743 dissolvendum
2787 4677 3224 4740 matrimonium,
3290 4681 3582 4743 postquam

1984 4786 2058 4842 ibi
2084 4784 2210 4850 fuit,
2253 4778 2531 4837 contraria
2561 4776 2744 4847 potius
2793 4780 3061 4835 secutam,
3121 4779 3441 4838 quanquam
3500 4763 3585 4816 in-

1984 4878 2129 4935 vidia
2162 4884 2275 4932 tota
2306 4871 2434 4929 facti
2469 4871 2524 4926 in
2560 4865 2908 4930 contumacis
2937 4864 3031 4919 lilii
3083 4860 3343 4918 duritiem
3401 4857 3587 4911 conre-

1981 4970 2228 5026 rcbatur.
2264 4965 2370 5036 Spe
2392 4965 2559 5037 igitur
2584 4961 2712 5019 inde
2761 4957 2909 5017 omni
2972 4956 3216 5026 deiectus
3250 4953 3582 5038 imperator,

1983 5077 2106 5118 cum
2129 5074 2234 5116 nec
2275 5058 2517 5115 Ecclesia
2572 5053 2863 5112 consilium
2919 5049 3205 5121 expediret
3238 5040 3581 5100 “declarandi

1981 5153 2391 5211 matrimonium
2422 5151 2526 5206 hoc
2551 5148 2801 5211 irritum,
2826 5144 3171 5203 certantibus
3202 5141 3271 5197 de
3300 5138 3581 5193 validitate

1986 5249 2109 5319 ejus
2148 5245 2441 5305 sententiis
2470 5242 2697 5301 Patrum
2756 5249 2812 5298 et
2837 5255 2951 5297 rem
2983 5239 3038 5295 in
3098 5236 3358 5307 ambiguo
3417 5232 3585 5318 relin—

1981 5340 2297 5413 (ιυθιιιῑιωε,
2335 5338 2429 5410 nui
2460 5338 2577 5411 jam
2602 5334 2840 5393 Cbumni
2872 5332 3038 5388 ﬁliam
3070 5331 3127 5387 in
3170 5331 3430 5385 honorem
3477 5323 3586 5394 pri-

1980 5444 2106 5492 vata
2135 5442 2286 5490 sorte
2316 5431 2569 5487 altiorem
2605 5428 2906 5496 evexisset,
2932 5423 3204 5482 illiberale
3243 5420 3460 5494 putavit
3485 5431 3580 5481 re-

1981 5524 2172 5597 digere
2205 5508 2537 5580 itnmeritam
2588 5522 2644 5577 in
2671 5521 2920 5577 ordinem
2954 5526 3010 5575 et
3056 5513 3357 5585 despoticis
3408 5506 3585 5566 semel

1979 5623 2228 5671 ornatam
2260 5614 2501 5686 spoliare
2524 5611 2865 5692 insignibus.
2908 5609 2974 5667 Ut
3021 5608 3190 5679 igitur
3240 5604 3291 5659 ei
3342 5601 3582 5673 gradum

1980 5715 2231 5762 tueretur
2255 5705 2467 5762 collata:
2490 5704 2793 5776 dignitatis;
2822 5716 2974 5773 spem
3006 5698 3230 5757 deditsc
3264 5695 3413 5749 illam
3440 5705 3583 5747 conv

1983 5796 2152 5853 uubio
2175 5796 2496 5867 iuncturum
2524 5795 2636 5852 lilio
2670 5792 2893 5866 proprio
2924 5789 3124 5848 Joanni
3169 5786 3283 5859 jam
3309 5784 3584 5854 despotar.
