4018 6440
520 356 626 421 319

1715 370 2039 437 GEORGII
2083 377 2275 438 PACll
2290 374 2389 438 ΥΜ
2403 378 2568 441 ΕΙὶιΕ

3699 382 3792 443 320

520 471 697 522 ποιεῖν
751 467 828 540 τῷ
884 470 1093 541 βασιλεῖ
1155 476 1434 550 πειθήνιον
1478 480 1552 546 ὡς
1608 484 1710 538 οὐκ
1770 486 1948 550 ἄλλως
1998 488 2116 540 ἐνὸν
2146 491 2192 549 Α
2220 490 2511 563 ἀξιώτερον
2544 492 2744 564 ἔκρινε,
2775 494 2866 549 καὶ
2905 497 3057 567 παρὰ
3090 496 3249 569 μόνον
3294 494 3358 551 τὸ
3404 493 3501 565 τῆς
3558 492 3795 560 γυναικὸς

520 561 788 616 ἀπειθεῖν.
825 563 915 633 Τῷ
941 582 1021 618 τοι
1053 568 1145 619 καὶ
1174 568 1436 636 βασιλέως
1474 574 1705 642 ἀφέντος
1738 576 1856 646 πλῷ
1892 594 2102 648 χρησα-

525 652 663 721 μένη
721 654 856 722 πρὸς
912 658 1070 710 τάκεῖ
1110 659 1340 727 γίνεται.
1375 664 1566 727 Ὅπως
1608 662 1702 720 οὖν
1757 669 2106 740 ἐπανῆκουσα

522 741 660 810 πρὸς
692 744 758 795 τὰ
786 744 1139 817 ὑπεσχημένα
1191 751 1422 824 διετέθη,
1477 756 1671 810 εἰδεῖεν
1711 756 1775 811 ἂν
1800 757 1852 811 οἱ
1883 761 2060 813 ἐκεῖσε
2088 776 2103 791 ·

519 832 583 884 τὸ
610 834 668 888 δὲ
696 838 925 907 πρᾶγμα
961 840 1130 908 ἔδειξε
1151 844 1251 914 τὴν
1280 846 1373 899 ἐπὶ
1408 846 1487 918 τῷ
1519 848 1665 902 λύειν
1688 851 1877 905 ἰοῦσαν
1907 854 2106 906 τάναν-

521 925 614 978 τία
647 933 1106 1004 προαιρουμένην,
1135 936 1185 988 εἰ
1225 938 1320 991 καὶ
1357 940 1416 994 τὸ
1441 942 1549 994 πᾶν
1574 941 1672 1013 τῆς
1698 944 1981 1008 ἀπειθείας
2015 947 2107 1000 ἐπὶ

660 1019 814 1085 παιδὶ
844 1021 1073 1078 τέθειτο.
1131 1026 1500 1097 Ἀπεγκωκὼς
1532 1032 1628 1087 οὖν
1662 1034 1873 1090 ἐκεῖθεν
1899 1039 1925 1091 ό
1952 1038 2107 1108 βασι-

522 1103 668 1198 λεὺς,
697 1109 818 1163 ἐπεὶ
842 1112 952 1165 οὐδ’
972 1115 1035 1167 ὲκ
1066 1116 1165 1185 τῆς
1198 1110 1524 1190 Ἐκκλήσίας
1559 1124 1926 1194 ἀναμφίῦολος
2015 1128 2107 1182 τοῦ

524 1195 702 1265 γάμου
740 1199 892 1265 λύσις
919 1204 978 1257 τὸ
1012 1207 1232 1261 σύνολον
1274 1210 1568 1281 ἐλογίζετο,
1624 1217 1722 1286 τὴν
1781 1218 1880 1287 μὲν
1941 1195 2109 1291 κόρην

524 1290 781 1382 καθάπαξ
808 1298 888 1358 εἰς
920 1296 1237 1354 δεσποτείαν
1259 1305 1495 1375 τιμήσας
1522 1308 1601 1370 εις
1630 1308 1775 1363 τοῦτ’
1807 1311 1991 1382 ἐτήρει
2013 1290 2110 1366 καὶ

523 1377 704 1445 αὖθις,
748 1384 967 1448 ἐλπίδας
994 1389 1037 1440 δ’
1073 1390 1244 1444 ἐδίδου
1276 1395 1627 1464 συζευγνύειν
1654 1398 1856 1470 ταύτην
1876 1377 2108 1474 δεσπότῃ

526 1489 589 1541 γε
618 1474 731 1527 δντι
755 1476 832 1546 τῷ
857 1478 957 1548 υἱῷ
1001 1479 1219 1554 Ἰωάννῃ
1248 1500 1260 1514 ο
1298 1486 1434 1556 πρὸς
1477 1490 1585 1561 γὰρ
1618 1494 1730 1554 τοῖς
1778 1492 1958 1557 ἄλλοις
2016 1497 2110 1548 καὶ

524 1563 586 1614 τὸ
617 1567 696 1629 εἰς
734 1570 937 1637 προῖκα
969 1571 1105 1625 πολὺ
1135 1569 1204 1644 ἦν
1236 1578 1330 1628 καὶ
1355 1578 1416 1630 ού
1450 1580 1642 1652 πόρρω
1676 1585 1816 1636 πάνυ
1846 1585 1939 1638 τοῦ
1972 1588 2110 1656 πρέ-

525 1667 650 1707 πειν
685 1659 777 1710 καὶ
810 1658 1075 1723 βασιλέων
1105 1665 1252 1725 υἱοὺς
1277 1667 1601 1736 ἐπάγεσθαι.
1660 1674 1770 1727 Καὶ
1808 1676 1837 1728 ό
1877 1677 1976 1746 μὲν
2016 1676 2111 1747 βα-

527 1744 707 1809 σιλεὺς
736 1747 793 1800 ὲν
818 1750 1029 1816 πολλοῖς
1062 1755 1251 1825 ἐδήλου
1277 1759 1375 1829 τὴν
1404 1760 1498 1816 τοῦ
1549 1744 2109 1841 κανικλειουήπροση-

527 1838 750 1908 σόμενος
778 1842 865 1911 ἀφ’
883 1845 991 1898 υἱεῖ
1014 1846 1256 1918 νύμφην,
1280 1853 1314 1923 ἡ
1335 1853 1391 1906 δέ
1424 1871 1487 1924 γε
1529 1858 1713 1930 μήτηρ
1738 1862 1832 1913 καὶ
1856 1838 2113 1916 δέσποινα

526 1931 591 1982 ἐκ
637 1932 875 2000 μεγάλου
936 1936 1030 1991 τοῦ
1086 1943 1436 2011 φρονήματος
1497 1950 1960 2020 ἀπεπροσποιεῖτο
2016 1955 2111 2010 καὶ

524 2022 867 2091 ἀνεϐάλλετο,
884 2028 991 2081 οὐδ’
1020 2029 1178 2101 ἵκταρ
1203 2034 1352 2097 ἄξιον
1370 2037 1629 2106 κρίνουσα
1652 2042 1713 2095 τὸ
1733 2043 2111 2116 συνάλλαγμα.

526 2115 636 2166 Καὶ
669 2114 759 2168 διὰ
786 2117 943 2172 τοῦτο
976 2124 1070 2175 καὶ
1100 2124 1312 2193 βασιλεῖ
1339 2127 1505 2199 πολλή
1545 2148 1625 2194 τις
1658 2127 1726 2203 ἦν
1762 2135 1797 2203 ή
1847 2114 2113 2206 ὲχεμυδια

525 2205 657 2276 περὶ
687 2207 796 2260 τῶν
824 2211 1103 2277 τοιούτων,
1131 2215 1224 2268 καί
1254 2233 1357 2270 που
1393 2222 1489 2273 καὶ
1512 2207 1821 2293 εὐμεῡόδως
1851 2226 2112 2291 πολλάκις

525 2305 884 2375 παρεγύμνου
902 2307 960 2360 τὸ
990 2306 1261 2381 βούλημα,
1284 2314 1346 2366 τὸ
1366 2317 1546 2383 μέντοι
1577 2335 1640 2386 γε
1664 2319 1802 2389 πρὸς
1827 2321 1925 2390 τὴν
1950 2313 2130 2393 πριγέ

525 2395 786 2449 κῖπισσαν
852 2399 1074 2470 ’Δχαῖας
1111 2402 1212 2474 ήδη
1254 2408 1648 2479 κεχηρωμένην
1700 2411 1895 2483 ἀνδρὸς
1949 2413 2113 2480 κῆδος

526 2576 594 2631 ad
620 2578 765 2647 quod
797 2580 846 2634 ei
875 2582 1165 2638 consilium
1195 2594 1396 2655 praeter
1423 2597 1618 2644 caetera
1656 2590 1851 2668 ipsius.
1881 2593 2113 2665 virginis

524 2678 579 2722 rt
615 2669 776 2741 huius
802 2672 1071 2741 genitoris
1105 2677 1298 2730 merita
1332 2679 1477 2734 haud
1508 2680 1623 2734 leve
1654 2691 1992 2739 momentum
2021 2685 2115 2741 ad-

523 2761 688 2816 debat
725 2763 869 2819 dotis
902 2763 1224 2836 magnitudo
1288 2770 1517 2825 multum
1572 2773 1843 2832 excedens
1895 2777 2111 2831 civilem

524 2856 767 2921 modum,
800 2856 1069 2927 facileque
1119 2861 1258 2929 apud
1312 2877 1499 2932 aequos
1551 2878 1886 2923 excusatura
1922 2871 2114 2940 jenup—

523 2944 729 2999 tionem
781 2962 889 3016 qua
939 2949 1288 3018 imperatoris
1349 2955 1515 3009 etiam
1581 2955 1727 3012 ﬁlius
1787 2958 1855 3013 ad
1913 2959 2112 3027 coniu-

525 3033 673 3097 gium
709 3036 907 3103 pueltze
936 3039 1085 3107 regia
1114 3042 1388 3108 opulentia
1451 3044 1788 3112 privatorum
1848 3049 2112 3103 natalium

2209 580 2430 653 ἔξωρον,
2485 584 2650 639 αὐτοῦ
2697 603 2761 655 γε
2805 586 3092 642 νεανίσκου
3148 590 3305 652 ὄντος
3359 584 3463 638 καὶ
3489 582 3581 637 τδν
3610 581 3794 653 ἔφηϐον

2210 673 2698 744 παραλλάττοντος,
2731 678 2834 749 ἤδη
2859 678 3017 747 ἤθελε
3048 680 3470 733 συναλλάττειν.

2158 841 2171 851 -
2209 792 2280 857 ηὐ
2316 787 2459 854 Περὶ
2486 789 2596 857 τῆς
2625 789 3018 859 ὑποστροφῆς
3034 790 3143 845 τοῦ
3158 788 3500 856 βασιλέως,
3529 785 3630 840 καὶ
3649 785 3795 853 ὅπως

2847 862 3154 930 εἰσήγετο.

2280 945 2367 1019 [Ρ.
2402 945 2531 1018 200]
2560 947 2707 1010 Τέως
2746 948 2792 1002 δ’
2818 950 2941 1002 ἐπεὶ
2959 950 3050 1002 καὶ
3085 946 3445 1020 ὑποστροφῆς
3479 946 3586 999 ἔδει
3604 943 3799 1006 τούτοις

2209 1037 2278 1089 τὰ
2301 1039 2432 1109 περὶ
2459 1038 2550 1091 τὸν
2578 1038 2789 1109 κράλην
2827 1038 3211 1109 διευθετήσασι
3240 1040 3341 1093 καὶ
3388 1037 3462 1091 τὰ
3507 1036 3693 1089 δυτικὲ
3731 1034 3799 1099 ὡς

2209 1123 2321 1180 οἷόν
2358 1145 2417 1181 τε
2457 1131 2886 1200 καταστήσασιν,
2940 1130 3276 1198 ἐπαγόμενοι
3306 1128 3412 1197 μὲν
3462 1126 3561 1181 καὶ⁵
3592 1125 3686 1195 τὴν
3715 1123 3799 1177 τοῦ

2210 1218 2255 1270 Τ
2258 1220 2475 1291 ερτερῆ,
2499 1219 2827 1289 ἐπαγόμενοι
2867 1221 2924 1272 δὲ
2959 1220 3174 1274 καὶτὸν
3215 1218 3565 1288 Κοτανιτζην
3614 1218 3671 1270 ὲν
3713 1230 3802 1285 τη-

2216 1312 2409 1382 ρήσεσι
2445 1313 2875 1384 προσηκούσαις,
2908 1313 3013 1380 ἔξω
3042 1330 3144 1366 που
3176 1312 3277 1382 τῆς
3306 1304 3520 1372 πόλεως
3547 1310 3798 1377 κατεσκή-

2211 1421 2355 1471 νουν.
2389 1405 2497 1457 Καὶ
2533 1405 2567 1474 ἡ
2626 1405 2790 1474 κυρία
2841 1403 2942 1474 τῆς
2978 1404 3223 1472 ύπαντῆς
3278 1403 3590 1471 ἐνειστήκει
3632 1415 3646 1428 '
3698 1397 3797 1470 ἠδ’

2209 1489 2279 1566 ἦν
2299 1495 2333 1564 ἡ
2358 1493 2523 1564 μηνὸς
2543 1493 2921 1564 Μουνυχιῶνος
2947 1495 3166 1563 εἰκοστὴ
3186 1494 3441 1564 δευτέρα..
3458 1491 3526 1546 Ἦ
3552 1491 3647 1562 μὲν
3663 1491 3798 1553 πόλις

2213 1586 2362 1638 πᾶσα
2391 1583 2642 1656 καθάπερ
2681 1602 2732 1638 τι
2757 1584 2934 1656 ῥεῦμα
2956 1585 3226 1656 ποτάμιον
3272 1585 3385 1638 ἀπὸ
3409 1585 3684 1655 διαφόρων
3705 1601 3797 1653 πη-

2215 1678 2329 1747 γῶν
2351 1676 2459 1728 τῶν
2490 1677 2636 1730 ἰδίων
2672 1676 2862 1730 οἰκιῶν
2896 1679 2977 1740 εἰς
2998 1677 3056 1730 ἓν
3081 1675 3429 1730 συνελθοῦσα
3471 1676 3577 1742 ἔξω
3635 1674 3797 1729 πυλῶν

2212 1769 2320 1823 τῶν
2350 1767 2442 1821 τοῦ
2467 1767 2707 1837 Χαρσῐου
2726 1768 2945 1837 ’ὲχέετο,
2981 1768 3075 1822 καὶ
3104 1768 3525 1839 φιλοτιμότερον
3556 1766 3689 1837 πρὸς
3711 1767 3797 1838 τὴν

2218 1861 2327 1914 τῶν
2363 1857 2628 1929 βασιλέων
2652 1857 2918 1928 ὑποδοχὴν
2945 1859 3335 1930 ηὐτρεπίζετο,
3369 1861 3429 1913 ὲν
3462 1859 3583 1912 δυσὶ
3607 1860 3797 1929 χρόνοις

2219 1953 2386 2021 ἔγγὺς
2412 1950 2793 2021 ἑκδημούντων
2813 1951 2936 2022 ἤδη.
2971 1953 3081 2006 Καὶ
3134 1954 3164 2006 ό
3200 1952 3382 2022 δῆμος
3425 1951 3574 2016 ἅπας
3624 1950 3797 2020 διημε-

2221 2043 2420 2115 ρεύσας
2442 2042 2535 2094 ἐπὶ
2566 2040 2723 2107 πολὺ,
2755 2042 2878 2104 ὅσος
2904 2058 2964 2094 τε
2997 2042 3309 2113 Ῥωμαϊκὸς
3362 2042 3460 2095 καὶ
3491 2043 3614 2105 ὅσος
3660 2041 3798 2104 ἄλλος

2219 2135 2280 2201 ἐξ
2306 2134 2480 2187 ἄλλων
2503 2133 2679 2201 γενῶν
2705 2149 2765 2185 τε
2796 2134 2889 2186 καὶ
2915 2134 3200 2201 γλωσσῶν,
3223 2135 3326 2187 καὶ
3358 2133 3564 2204 μᾶλλον
3626 2132 3796 2185 Ἰταλι-

2219 2226 2335 2290 κδς,
2362 2225 2458 2277 σὺν
2490 2223 2565 2293 τῷ
2592 2224 2879 2292 περιφανεῖ
2908 2224 3066 2292 μέρει
3099 2224 3196 2295 τῆς
3230 2222 3444 2286 πόλεως
3486 2224 3580 2277 καὶ
3630 2223 3795 2292 κλήρῳ

2220 2315 2507 2371 παντὶκαὶ
2541 2315 2879 2387 ἀρχιερεῦσι,
2917 2318 3189 2387 μετέωρος
3239 2317 3438 2371 ἴστατο
3488 2316 3611 2370 ὅσον
3662 2312 3795 2367 οὔπω

2217 2409 2345 2471 τοὺς
2381 2405 2622 2477 βασιλεῖς
2653 2406 2949 2478 φιλοτίμως
2976 2408 3399 2477 ὑποδεξόμενος.
3436 2406 3655 2479 Συμϐὰν
3673 2406 3723 2459 δέ
3746 2422 3791 2457 τι

2216 2589 2474 2660 iestatem
2532 2601 2598 2641 ex
2658 2586 2822 2656 longo
2891 2586 3147 2641 reducem
3210 2582 3549 2639 decentibus
3606 2583 3789 2644 darent,

2220 2686 2374 2736 extra
2406 2678 2598 2733 urbem
2644 2677 2946 2732 diversorio
3003 2686 3131 2745 apto
3196 2676 3600 2730 consederunt.
3662 2674 3791 2726 Dicta

2220 2770 2350 2825 hinc
2385 2768 2504 2825 dies
2536 2768 2765 2823 solemni
2801 2767 3054 2823 occursni
3097 2765 3326 2820 aderat:
3357 2780 3422 2821 ea
3474 2764 3574 2819 fuit
3620 2761 3797 2818 mensis

2218 2861 2542 2919 Novembris
2573 2860 2833 2918 vicesima
2854 2860 3113 2917 secunda.
3135 2859 3280 2915 Univ
3304 2875 3432 2915 ersa
3448 2858 3639 2915 civitas
3659 2872 3688 2913 e
3704 2857 3801 2909 siu-

2221 2954 2366 3026 gulis
2395 2952 2676 3017 domibus,
2706 2953 2853 3008 velut
2886 2967 2917 3006 e
2945 2951 3177 3007 diversis
3224 2951 3491 3008 fontibus
3548 2947 3796 3005 derivato-

2222 3062 2343 3102 rum
2374 3045 2428 3100 in
2473 3059 2763 3101 commune
2824 3043 3155 3100 conﬁuviuui
3205 3056 3291 3095 am
3309 3045 3485 3107 nium,
3510 3041 3792 3101 exundans,

525 3126 803 3181 fortunam
830 3130 1180 3185 emendantis
1222 3133 1480 3189 inclinari
1504 3150 1564 3190 se
1621 3136 1864 3193 sivisset.
1906 3139 2108 3194 Verum
2138 3167 2180 3224 ο
2220 3139 2274 3194 in
2305 3153 2472 3193 unum
2503 3137 2672 3193 ellusa
2708 3137 2887 3192 locum
2920 3145 3077 3191 extra
3134 3143 3359 3206 portam
3416 3133 3649 3199 Charsii,
3694 3145 3792 3224 am-

524 3211 687 3269 istam
722 3218 1111 3287 cogitationem
1142 3221 1375 3291 Augusti
1412 3225 1596 3281 multis
1623 3227 1692 3281 ab
1721 3241 1787 3283 eo
1837 3230 2111 3298 signiﬁca-

503 3307 1096 3368 ‘tiunibusiudicatam
1134 3315 1556 3387 haudquaquam
1612 3318 1859 3387 Augusta
1914 3323 2111 3390 proba-

523 3399 639 3464 bat,
661 3403 951 3471 spirituum
977 3406 1281 3475 ingentium
1314 3408 1530 3473 mulier,
1563 3408 1737 3481 deiici
1772 3427 1803 3466 e
1832 3413 2111 3484 principa-

524 3493 564 3549 li
592 3492 810 3564 fastigio
831 3510 989 3551 suum
1023 3495 1196 3552 ﬁlium
1236 3498 1303 3552 ad
1335 3500 1726 3571 humilitatem,
1754 3502 1919 3575 290
1942 3520 2115 3574 quan-

527 3594 804 3655 tacunque
848 3588 1169 3644 divitiarum
1205 3593 1348 3647 mole
1409 3605 1864 3664 compensatam,
1928 3595 2113 3653 civilis

531 3679 810 3737 afﬁnitatis
835 3681 1003 3737 libere
1027 3692 1191 3751 atque
1225 3685 1666 3743 irrevocabiliter
1697 3704 1987 3760 respuens.
2032 3690 2114 3745 Ad

532 3770 635 3826 hoc
663 3771 1098 3840 inexspectatum
1169 3775 1516 3832 obstaculum
1574 3779 1818 3834 haerebat
1868 3778 2117 3849 Augusto

530 3877 697 3930 aqua,
756 3862 1121 3919 domesticum
1172 3866 1416 3938 iurgium
1463 3870 1698 3934 verenti,
1753 3870 2120 3942 prudentique

530 3955 750 4011 interim
784 3971 848 4011 ac
873 3958 1101 4027 patienti
1136 3958 1205 4014 de
1230 3976 1290 4015 re
1340 3962 1446 4015 ista
1481 3960 1702 4016 silentio
1755 3963 1931 4017 rixam
1986 3979 2120 4019 con-

531 4048 843 4119 viciumque
870 4051 1196 4106 declinanti.
1235 4050 1505 4106 Craterum
1535 4063 1591 4107 ut
1625 4064 1743 4109 arte
1775 4070 1838 4109 ac
1872 4064 2121 4126 tempore

530 4142 883 4214 meliorisque
906 4144 1291 4215 desperatione
1319 4145 1654 4202 conditionis
1689 4162 1916 4203 uxorem
1957 4149 2023 4204 ad
2063 4149 2118 4205 id

530 4234 677 4288 ultro
708 4233 998 4290 volendum
1028 4235 1172 4304 quod
1208 4235 1326 4304 ipse
1355 4237 1606 4306 cupiebat
1649 4238 1963 4305 induceret,
1991 4256 2121 4309 pro-

2214 3230 2416 3286 bitioso
2451 3226 2717 3284 aestuabat
2749 3234 3019 3297 apparatu
3057 3226 3407 3281 celebranda:
3433 3221 3789 3295 imperantium

2212 3319 2553 3390 exceptionis
2584 3333 2650 3373 eo
2678 3319 2873 3373 decore
2905 3331 2969 3372 ac
2995 3315 3443 3388 magniﬁcentia,
3488 3330 3608 3386 quae
3662 3310 3791 3378 priu—
3826 3326 3833 3334 ·

2214 3410 2399 3482 cipum
2430 3427 2461 3466 e
2486 3409 2671 3466 bienni
2706 3408 2952 3465 absentia
2981 3409 3213 3478 primum
3261 3406 3642 3480 apparentium
3689 3411 3791 3454 tan-

2214 3500 2309 3557 diu
2340 3506 2673 3569 exspectatas
2700 3497 3005 3568 praesentiae
3054 3507 3485 3554 consentaneam
3531 3491 3791 3550 charitatis

2218 3592 2455 3648 ﬁdelium
2485 3591 2709 3655 civium,
2768 3590 3031 3647 desiderii
3089 3591 3357 3660 praeteriti
3405 3590 3690 3663 gaudiique
3735 3599 3790 3638 ac

2218 3684 2601 3756 gratulationis
2653 3686 2943 3754 praesentis
3004 3683 3432 3740 declarationem
3475 3683 3788 3740 exhiberem.

2220 3776 2472 3846 Magnam
2505 3775 2620 3831 illic
2661 3775 2767 3831 diei
2802 3783 3009 3847 partem
3045 3777 3284 3848 populus
3338 3780 3647 3832 universus.
3681 3785 3795 3827 con-

2221 3868 2344 3926 fuse
2374 3869 2604 3924 conﬂata
2636 3870 2883 3939 quaedam
2911 3870 3104 3924 concio
3131 3884 3161 3925 e
3195 3868 3466 3925 Romanis
3518 3878 3573 3924 et
3613 3863 3793 3920 exteris

2223 3977 2482 4033 generum
2510 3962 2933 4032 linguarumque
2959 3962 3262 4028 variarum,
3290 3964 3472 4032 gentis
3509 3956 3786 4032 prmsertitn

2224 4052 2385 4122 29],
2422 4052 2654 4118 Italicae,
2690 4068 2815 4107 cum
2846 4052 3218 4107 illustrissima
3255 4053 3505 4107 civitatis
3531 4059 3674 4119 parte
3694 4045 3789 4143 (ζιε-

2226 4153 2406 4209 roqne
2439 4140 2707 4196 universo
2743 4147 2799 4195 et
2829 4139 3111 4209 episcopis
3171 4141 3360 4195 stabat
3410 4138 3682 4194 inhianter
3714 4138 3786 4184 itt-

2227 4240 2384 4289 tenta
2452 4234 2509 4289 in
2568 4233 2990 4303 exspectatione
3050 4231 3365 4302 impatienti
3412 4219 3794 4300 exoptatissimi

530 4327 713 4397 posuit
732 4324 966 4382 Joannis
989 4328 1391 4382 matrimonium
1416 4345 1539 4384 cum
1557 4331 1881 4401 principissa
1904 4331 2125 4388 Achaiae
2230 4336 2493 4399 aspectus
2521 4326 2942 4382 adventantium
2962 4325 3366 4420 Augustorum.
3391 4321 3790 4420 Interius-tuor

529 4418 639 4485 iatn
694 4419 1021 4484 vidna,non
1056 4420 1315 4486 ignorans
1355 4423 1645 4491 splendore
1686 4439 1935 4493 personae
1985 4442 2123 4481 con-
2231 4435 2322 4475 ras
2370 4420 2734 4475 frementibus
2801 4418 3004 4473 studiis
3069 4417 3334 4487 inquietae
3406 4409 3791 4471 multitudinis,

528 4509 676 4579 iugis
712 4511 998 4565 ambitioni
1031 4509 1466 4576 satisfacturum,
1517 4522 1570 4568 et
1626 4530 1855 4585 sperans
1919 4524 2125 4583 tamen,
2159 4510 2493 4589 “quiddam
2537 4510 2685 4565 haud
2738 4509 2856 4564 scio
2905 4525 2974 4585 ap
3004 4523 3115 4564 non
3162 4508 3258 4563 tali
3320 4506 3615 4563 occasione
3649 4498 3791 4569 Plane

530 4604 622 4658 ubi
649 4603 718 4658 ad
749 4603 1130 4673 stringendum
1164 4606 1463 4670 veniretur,
1500 4621 1612 4662 rem
1645 4602 1760 4676 ipsa
1788 4608 1949 4665 facile
1998 4625 2126 4679 pas-

533 4709 663 4748 sura
694 4692 1055 4748 omittendam
1091 4692 1161 4747 ob
1192 4707 1356 4760 grave
1388 4693 1801 4749 incommodum
1837 4697 1997 4768 longe
2018 4697 2125 4751 im-

530 4787 683 4854 paris
717 4785 1123 4855 designatorum
1149 4774 1442 4856 coniugum
1464 4786 1663 4855 aetatis,
1695 4787 1913 4844 Achaiae
1937 4789 2127 4860 utique

532 4878 858 4946 principissa
883 4877 994 4944 iam
1027 4877 1207 4944 effeta,
1263 4891 1387 4932 cum
1449 4877 1692 4937 Joannes
1740 4882 1967 4952 despota
2010 4883 2130 4938 vix-

536 4968 671 5023 dum
697 4968 992 5037 primulum
1018 4969 1361 5039 pubertatem
1391 4970 1667 5029 inivisset.

531 5085 590 5141 8.
619 5083 698 5138 De
731 5082 904 5137 reditu
935 5085 1274 5169 imperatoris
1308 5097 1357 5140 et
1408 5088 1542 5157 festo
1596 5087 2124 5163 Constantinopolim

1200 5173 1463 5227 ingressu.

640 5241 746 5297 Sed
766 5242 877 5311 iam
906 5259 1031 5299 cum
1067 5245 1204 5300 aula
1221 5262 1387 5303 causa
1405 5263 1511 5303 non
1536 5256 1682 5305 esset
1714 5249 2123 5308 Thessalonica:

531 5336 781 5389 morandi
812 5330 1068 5407 perfectis
1093 5354 1214 5407 quae
1248 5339 1375 5394 illuc
1396 5355 1515 5395 eam
1536 5350 1894 5407 attraxerant,
1923 5344 2129 5400 foedere

532 5442 657 5482 cum
692 5430 840 5483 crate
868 5438 921 5485 et
952 5430 1307 5487 restitutione
1355 5430 1721 5489 Occiduorum
1780 5436 1996 5506 imperii
2029 5440 2132 5491 tra-

536 5531 736 5574 ctuum
774 5521 825 5575 in
857 5535 1020 5592 quam
1052 5523 1318 5593 optimum
1354 5540 1454 5595 pro
1487 5526 1742 5595 prasenti
1769 5526 1987 5582 fortuna
2017 5536 2131 5582 sta-

531 5610 673 5674 tum,
700 5610 1077 5681 tempestivum
1105 5610 1207 5669 fuit
1234 5613 1302 5671 de
1332 5616 1511 5670 reditu
1552 5616 1609 5672 in
1642 5616 1833 5672 urbem
1866 5618 2131 5687 cogitare.

534 5698 812 5760 Bnecntcs
840 5705 1006 5775 igitur
1036 5722 1228 5763 secum
1249 5709 1534 5780 Augustus
1563 5718 1791 5780 uterque
1817 5710 1979 5764 ﬁliam
2001 5709 2132 5766 Ter-

534 5792 685 5848 teris
716 5805 1084 5870 praetereaque
1120 5798 1479 5867 Cotanitzam,
1501 5807 1560 5856 ut
1585 5802 1765 5858 locum
1782 5798 1985 5859 ofﬁciis
2018 5816 2132 5859 ma-

2231 4604 2517 4676 singulare
2549 4603 2783 4672 contigit
2815 4619 2830 4656 :
2859 4602 3121 4657 nimirum
3152 4607 3346 4654 mutua
3394 4597 3661 4659 trusione,
3687 4590 3795 4691 itte-

2231 4696 2447 4752 vitabili
2475 4696 2530 4751 in
2565 4694 2818 4750 conferta
2844 4696 3031 4759 turba,
3061 4691 3286 4762 quidam
3323 4692 3379 4746 in
3434 4691 3575 4745 forte
3618 4683 3790 4749 subje-

2231 4799 2376 4846 ctam
2409 4788 2659 4845 incidens
2691 4788 2907 4844 foveam
2944 4787 3184 4857 graviter
3211 4785 3558 4856 periclitatus
3597 4776 3661 4833 de
3681 4773 3792 4872 vlla.

2231 4888 2339 4937 est.
2357 4877 2697 4935 Crediderim
2721 4878 2774 4932 id
2800 4878 3050 4933 auditum
3077 4865 3146 4931 ab
3167 4875 3421 4943 Augusto
3442 4869 3653 4927 seniore
3674 4865 3796 4935 (nisi

2232 4988 2358 5044 quae
2385 4971 2492 5026 alia
2521 4974 2871 5040 incomperta
2896 4969 3030 5023 mihi
3062 4983 3231 5025 causa
3271 4983 3399 5024 eum
3444 4959 3637 5029 movit)
3668 4967 3793 5010 con-

2233 5065 2422 5121 silium
2460 5066 2511 5121 ei
2544 5064 2894 5135 suggessisse
2929 5061 3077 5133 quod
3117 5061 3397 5132 extemplo
3447 5063 3532 5111 est
3558 5055 3788 5109 secutus,

2236 5157 2582 5213 dimittendae
2625 5156 3024 5218 multitudinis,
3059 5170 3126 5209 ne
3170 5170 3276 5225 qua
3307 5166 3493 5224 pronae
3523 5148 3578 5203 in
3606 5141 3789 5225 talibus

2234 5249 2546 5319 cuiuspiam
2601 5246 2843 5304 Iasionis
2877 5263 3018 5303 noxa
3049 5246 3349 5302 clementia
3391 5223 3791 5333 principum-(3F

2234 5342 2385 5399 fendi
2425 5343 2748 5412 turbarique
2776 5341 2969 5396 laetitia
3002 5340 3169 5395 fausti
3203 5338 3412 5396 reditus
3438 5337 3638 5406 posset.
3669 5319 3789 5377 Mis-

2233 5436 2313 5491 sis
2347 5448 2480 5503 ergo
2516 5432 2869 5502 praeconibus
2895 5430 3249 5487 denuntiavit
3278 5427 3480 5499 populo
3510 5421 3786 5491 agnoscere

2238 5543 2298 5584 se
2334 5524 2804 5588 benevolentiam,
2844 5532 2899 5579 et
2926 5532 3036 5579 tam
3077 5522 3323 5594 prolixas
3367 5508 3784 5588 signiﬁcationes

2237 5616 2419 5672 devoti
2473 5614 2705 5671 allectus
2740 5613 3083 5685 gratissimo,
3116 5621 3197 5668 ‘ut
3259 5611 3504 5673 deberet,
3555 5599 3784 5693 accipere

2240 5707 2463 5774 animo;
2495 5713 2698 5761 caetera
2734 5719 2795 5761 se
2822 5704 3116 5760 remittere
3145 5717 3313 5759 causa
3359 5700 3618 5771 ipsorum,
3640 5694 3689 5740 et
3713 5691 3784 5784 ire

2240 5799 2466 5856 domum
2516 5811 2792 5870 quemque
2822 5812 2973 5855 nunc
3012 5797 3253 5869 iubere;
3304 5809 3414 5853 non
3465 5787 3604 5847 enim
3638 5791 3692 5835 se
3730 5782 3781 5826 in
