4018 6412
218 328 326 392 3Ξ1

1163 335 1265 397 DE
1297 333 1744 398 ANDRONICO
1786 333 2255 396 PALIEOLOGO
2290 336 2443 396 LIB.
2469 335 2571 401 IV.
2682 364 2687 367 η

3407 339 3515 402 322

225 443 372 506 τότε,
419 441 519 497 οὐκ
548 439 643 510 οἶδ’
670 444 719 499 εί
748 444 841 500 καί
884 444 1012 501 ἄλλο
1057 446 1194 517 πρὸς
1234 449 1411 520 τούτῳ
1461 449 1543 520 (τὸ
1564 450 1619 503 δὲ
1641 445 1710 520 ἦν
1737 450 1821 502 ὅτι
1850 451 1893 509 Α
1922 446 2346 517 ἀναλαμϐάνειν,
2375 447 2450 510 ὡς
2483 447 2691 515 ἔλεγεν,
2729 447 2776 502 εἰ
2808 446 2855 500 δ’
2888 443 3004 513 οὖν,
3037 448 3172 503 ἀλλὰ
3214 446 3516 522 ’παραιτεῖ-

216 532 464 603 πλήθους
485 534 636 599 ὄντος
662 531 893 606 άπείρου
922 537 1309 606 συμποδισθείς
1334 557 1417 603 τις
1449 540 1716 610 ἐμπίπτει
1745 541 1812 610 τῇ

216 627 422 698 τάφρῳ
450 629 549 682 καὶ
576 632 634 682 ἐν
654 631 774 702 χρῷ
798 631 893 686 τοῦ
943 632 1189 687 κινδύνου
1243 633 1498 703 γίνεται),
1547 632 1814 687 ἀκουσθὲν

215 720 519 790 τοιγαροῦν
546 722 727 787 τοῦτο,
754 718 929 793 οἶμαι,
962 724 996 794 ἢ
1030 726 1125 779 καὶ
1150 724 1327 789 ἄλλως
1352 725 1564 795 συμϐὰν
1588 724 1813 794 βασιλέα

218 809 401 862 πείθει
457 809 788 874 ἐξαπιναίως
845 813 1170 883 ἀποπέμψαι
1222 815 1287 867 ὲκ
1337 813 1672 884 μηνυμάτων
1723 812 1813 866 τὸν

213 900 347 954 λαὸν
371 900 614 965 ᾶπαντα,
637 903 929 974 δεξάμενον
963 904 1061 975 μὲν
1087 907 1190 976 τὴν
1210 904 1390 958 αὐτῶν
1413 903 1813 975 φιλοφροσύνην

211 990 319 1061 ἤδη
351 991 449 1044 καὶ
474 990 713 1056 εὔνοιαν,
744 993 909 1063 ζπλὴν
966 993 1460 1047 διασκεδασθέντων
1514 995 1621 1046 τῶν
1676 993 1813 1046 ὅλων

210 1080 421 1151 seem
455 1083 810 1140 εἰσελαύνειν.
844 1078 1001 1156 Οὗδὴ
1033 1087 1126 1138 καὶ
1158 1087 1460 1154 γεγονότος,
1490 1085 1565 1148 ὡς
1600 1085 1695 1138 καὶ
1720 1086 1813 1138 ἐπὶ

207 1177 341 1238 ταῖς
385 1176 586 1239 πύλαις
606 1178 882 1247 δυσχερῶς
911 1172 1215 1231 διεκπαίειν
1247 1178 1307 1232 τὸ
1332 1178 1558 1250 ἄπειρον
1610 1178 1814 1248 πλῆθος

207 1268 421 1331 ἐκεῖνο,
446 1267 546 1337 ὀψὲ
573 1268 673 1338 τῆς
703 1268 915 1339 ἡμέρας
944 1273 993 1323 οί
1028 1269 1268 1340 βασιλεῖς
1297 1272 1393 1324 σὺν
1414 1274 1527 1335 τοῖς
1556 1269 1693 1340 ἀμφ’
1715 1271 1816 1324 αύ-

203 1359 344 1423 τοὺς
377 1359 479 1429 τὴν
504 1360 660 1415 πόλιν
685 1362 936 1417 εἰσίασιν.
970 1361 1051 1432 [Ρ.
1076 1362 1206 1434 201]
1248 1363 1402 1416 Ἐπεὶ
1426 1363 1481 1416 δὲ
1512 1363 1690 1417 πάντα
1716 1364 1808 1415 τά.

206 1454 299 1505 κεῖ
331 1451 422 1523 τῷ
452 1451 663 1522 βασιλεί
688 1455 832 1506 κατα
861 1452 985 1507 νοῦν
1037 1455 1480 1525 προκεχωρήκει,
1509 1455 1605 1508 καὶ
1651 1455 1813 1524 μόνον

205 1544 269 1597 τὺ
292 1543 407 1597 τοῦ
442 1544 786 1615 πατριάρχου
820 1545 906 1599 διὰ
944 1546 1225 1617 φροντίδος
1265 1542 1353 1617 ἦν,
1387 1546 1491 1601 ὑπὸ
1512 1547 1685 1619 γωνίᾳ
1715 1564 1815 1600 κα-

209 1635 470 1705 θημένου
498 1638 567 1707 τῇ
604 1637 704 1705 τῆς
753 1638 1231 1708 Παμμακαρίστου
1300 1641 1456 1709 μονῇ,
1501 1639 1589 1692 διὰ
1643 1638 1814 1692 ταῦτα

209 1728 467 1799 πέμπων
492 1729 757 1792 πολλάκις
776 1730 928 1798 ἠξίου
954 1730 1320 1801 μικροψυχίας
1341 1732 1522 1801 πάσης
1541 1731 1816 1802 ἀφέμενον

1926 538 2048 591 σθαι
2079 540 2175 592 καὶ
2196 538 2321 593 καθ’
2342 538 2574 610 ἡσυχίαν
2594 538 2655 593 τὸ
2670 539 2856 593 λοιπὸν
2886 540 3168 609 δ.αφέρειν
3215 541 3312 596 τοῦ
3363 543 3508 613 βίου.

1924 646 1990 702 θ’.
2027 647 2228 714 Ὅπως
2255 650 2289 703 ό
2310 628 2732 726 ,βασιλεὺς-εἱς
2758 650 2834 726 τὸ
2870 651 3294 726 πατριάρχσῖον
3318 671 3512 726 napa-

2289 720 2516 786 γίνεται
2539 719 2640 773 καὶ
2666 722 2856 774 πείθει
2885 719 3140 777 ἀνιέναι.

1996 806 2195 879 Πρώτη
2227 807 2357 876 γοῦν
2377 809 2689 876 Ληναιῶνος
2722 810 2839 880 ίόψὲ
2894 812 2993 879 τῆς
3048 814 3240 880 νυκτὸς
3310 817 3516 884 γίνεται

1919 896 2112 951 τοῦτο·
2141 900 2229 953 διὰ
2256 899 2494 968 σπουδῆς
2543 899 2653 971 γάρ
2708 896 2775 972 ἦν
2816 903 3032 972 βασιλεῖ
3088 905 3188 974 τῆς
3247 909 3515 979 μεγίστης

1922 989 2016 1041 ἐπὶ
2046 988 2123 1063 τῷ
2160 988 2235 1057 μὴ
2265 990 2520 1059 τηνικάδε
2555 992 2941 1062 παραιτεῖσθαι
2993 995 3085 1047 τὸν
3138 998 3513 1069 πατριάρχην,

1920 1079 2017 1132 καὶ
2046 1078 2258 1141 πολλοῖς
2279 1080 2428 1145 δόξαι
2462 1079 2536 1139 ὡς
2562 1080 2773 1141 οὐδενὸς
2803 1083 2961 1150 χάριν
2996 1084 3156 1137 ἄλλου
3186 1086 3218 1157 ἢ
3251 1086 3345 1141 τοῦ
3369 1092 3515 1144 κατὰ

1919 1169 2013 1221 τὸν
2044 1169 2251 1238 κράλην
2296 1169 2746 1238 συναλλάγματος
2796 1176 3167 1244 παρῃτήσατο,
3219 1179 3516 1234 κάντεῦθεν

1925 1261 2223 1314 σκάνδαλον
2250 1263 2528 1332 συμϐῆναι
2565 1266 2819 1333 γενέσθαι
2875 1271 2985 1330 τοῖς
3046 1269 3145 1339 τῆς
3186 1270 3514 1340 Ἐκκλησίας

1924 1353 2234 1423 πράγμασι.
2271 1353 2372 1405 Διὰ
2398 1355 2556 1407 τοῦτο
2591 1356 2686 1408 καὶ
2715 1346 2860 1409 δυοῖν
2897 1358 3123 1427 μεταξὺ,
3153 1361 3251 1429 τῆς
3288 1378 3347 1413 τε
3374 1363 3513 1432 πρὸς

1920 1446 2109 1497 τοῦτον
2134 1444 2371 1507 θωπείας
2401 1448 2494 1499 καὶ
2519 1447 2618 1517 τῆς
2650 1449 2917 1520 δοκούσης
2952 1450 3100 1520 αὐτῷ
3126 1452 3511 1521 δικαιολογίας,

1922 1536 2317 1607 ὲναποληφθεὶς
2368 1539 2605 1603 συνετῶς
2655 1541 2895 1612 ὑπήγετο
2926 1544 3062 1612 πρὸς
3093 1545 3121 1598 ὅ
3149 1563 3199 1597 τι
3228 1547 3320 1598 καὶ
3371 1547 3513 1612 δόξοι

1921 1627 2258 1698 πατριάρχῃ.
2309 1628 2681 1698 Παραγίνεται
2721 1634 3012 1702 τοιγαροῦν
3082 1635 3360 1703 βασιλεὺς,
3419 1639 3514 1691 καὶ

1920 1720 2034 1781 τοῖς
2073 1719 2200 1788 περὶ
2232 1718 2323 1771 τὸν
2349 1720 2700 1791 πατριάρχην
2727 1724 3065 1792 συγγίνεται.
3094 1721 3280 1797 Ἦμεν
3316 1729 3373 1780 δὲ
3416 1730 3515 1784 καὶ

210 1820 490 1890 ἀπαίρειν
521 1819 732 1873 ἐκεῖθεν
749 1821 843 1874 καὶ
872 1821 1007 1892 πρὸς
1034 1821 1095 1874 τδ
1119 1823 1510 1893 πατριαρχεῖον
1537 1839 1815 1893 μετασκη-
1856 1807 1895 1863 Β
1920 1809 2084 1881 ἡμεῖς
2112 1810 2210 1862 σὺν
2244 1809 2424 1874 ἄλλοις
2449 1813 2587 1865 ἐκεῖ.
2654 1814 2789 1867 Τότε
2832 1816 3158 1880 καθίσαντος
3211 1819 3309 1886 μὲν
3359 1819 3516 1888 βασι-

210 1909 370 1964 νοῦν.
401 1909 549 1963 ’Δλλ’
578 1911 677 1964 οὐκ
694 1909 910 1964 ἔπειθεν
922 1910 1088 1977 ἀξιῶν
1103 1911 1383 1975 πολλάκις.
1412 1913 1645 1966 Ἐδίδοτο
1659 1912 1716 1966 δέ
1735 1929 1818 1976 τις

211 2005 309 2057 καὶ
339 2003 526 2057 ἔννοια
548 2002 645 2056 τοῦ
675 2002 862 2056 ἀλύειν
891 2003 1053 2074 χάριν
1078 2003 1185 2055 τῶν
1210 2005 1537 2073 γεγονότων,
1583 2003 1723 2074 πλὴν
1755 2004 1817 2057 οὐ

212 2094 450 2166 γυμνῶν
480 2096 574 2149 καὶ
599 2094 782 2164 μόνων
811 2095 1059 2156 ἐκείνων,
1095 2096 1237 2148 ἀλλὰ
1262 2096 1355 2148 καί
1384 2095 1485 2149 τιν’
1519 2095 1654 2147 ἄλλα
1676 2113 1818 2164 συμ-

215 2187 543 2250 πλέκοντος,
573 2186 660 2255 ἐφ’
713 2181 794 2250 οἷς
832 2186 1152 2256 προσελθεῖν
1214 2185 1314 2256 μὲν
1367 2185 1592 2255 βασιλέα
1639 2184 1815 2254 ἠξίου,

217 2277 546 2349 προσελθεῖν
579 2277 639 2330 δὲ
666 2276 760 2330 καί
790 2293 940 2341 τινας
973 2276 1083 2330 τῶν
1118 2275 1212 2329 τοῦ
1248 2276 1477 2345 κλήρου,
1503 2276 1599 2329 καὶ
1630 2277 1817 2347 ἀρχιε-

224 2371 361 2441 ρέων
382 2368 579 2422 ὀπόσοι
612 2367 706 2421 καὶ
737 2365 945 2431 δόξειαν
973 2367 1339 2437 ἀποχρώντως
1374 2366 1540 2435 ἔχειν,
1579 2368 1674 2420 καὶ
1724 2367 1814 2421 λό-

219 2478 351 2531 γους
382 2459 700 2531 κινηθῆναι,
734 2459 830 2514 καὶ
881 2459 1024 2513 οὕτω
1083 2475 1199 2522 πως
1266 2458 1674 2529 θεραπευθέντα
1723 2459 1816 2511 τὸν

219 2554 619 2627 ταιτριὰρχην,
667 2553 718 2606 εί
761 2550 1054 2624 ἐγχωροίη,
1111 2550 1212 2622 τὴν
1283 2549 1489 2606 οἰκείαν
1539 2549 1816 2605 διακονίαν

236 2817 425 2874 urbem
471 2813 658 2869 invehi
694 2811 835 2868 velle
865 2811 974 2867 nisi
999 2818 1126 2882 post
1175 2808 1425 2881 dilapsos
1451 2809 1518 2864 ad
1552 2825 1653 2865 sua
1691 2810 1811 2866 sin-

242 2912 394 2981 gulos
418 2916 473 2964 et
509 2907 878 2963 familiaribus
912 2906 1158 2962 redditos
1188 2904 1438 2961 sedibus.
1480 2903 1540 2959 Id
1571 2920 1693 2960 cum
1722 2920 1813 2960 es-

243 3014 327 3060 set
352 3003 533 3058 statim
566 3002 684 3056 fieri
713 3006 959 3070 coeptum
985 3006 1041 3054 et
1083 3006 1172 3054 sat
1200 2999 1295 3055 diu
1333 2997 1616 3064 durasset,
1640 3012 1815 3068 angu-

234 3096 363 3153 stiis
404 3094 527 3150 ostii
557 3101 774 3149 tantam
805 3091 1215 3147 multitudinem
1247 3090 1357 3147 nisi
1396 3091 1556 3162 longa
1588 3106 1804 3146 succes-

228 3189 391 3245 sione
416 3187 611 3245 densis
645 3186 814 3241 ttndis
842 3185 1268 3256 irrumpenlium
1303 3184 1600 3240 exhaurire
1634 3192 1817 3242 trans-

222 3281 503 3337 mittendo
536 3295 650 3336 non
673 3278 1009 3343 valentibus,
1041 3284 1274 3347 purgato
1306 3276 1547 3349 denique
1586 3292 1818 3348 prorsus

221 3376 556 3432 suburbano
595 3385 800 3443 campo
839 3384 906 3426 ac
949 3369 1171 3425 cunctis
1224 3368 1340 3439 jam
1388 3368 1682 3439 dispersis,
1724 3370 1818 3426 vix

219 3482 347 3525 sero
381 3466 498 3523 diei
533 3450 775 3537 Augusti
801 3479 929 3519 cum
955 3462 1197 3530 palatina
1232 3462 1439 3517 familia
1460 3463 1653 3518 urbem
1681 3464 1819 3518 sub-

218 3559 357 3619 iere.
393 3558 619 3613 Palatio
663 3558 742 3612 sic
773 3554 1049 3612 redditum
1075 3555 1479 3621 Andronicum,
1511 3571 1579 3609 ne
1607 3556 1661 3610 in
1690 3555 1814 3611 sinu

218 3667 360 3721 pure
393 3652 670 3720 gauderet
701 3649 815 3706 fere
856 3647 1132 3704 confectis
1173 3663 1204 3703 e
1255 3649 1532 3703 sententia
1572 3664 1672 3718 per
1717 3664 1820 3703 nu-

220 3762 420 3818 peram
440 3745 851 3816 expeditionem
882 3743 1067 3806 rebus,
1087 3742 1475 3813 interpellabat
1500 3744 1819 3799 sollicitudo

217 3844 287 3897 de
318 3838 684 3910 patriarcha,
740 3852 903 3907 quem
966 3850 1328 3907 perseverare
1372 3836 1731 3893 mussantem'
1762 3837 1815 3892 in

218 3932 428 4005 angulo
463 3931 617 4003 apud
648 3929 1075 3995 Pammacaristi
1133 3928 1532 3985 monasterium
1575 3929 1815 3988 sciebat.

216 4023 495 4096 Allegatis
531 4037 666 4093 ergo
700 4022 909 4092 sacpius
945 4021 1014 4076 ad
1070 4037 1195 4077 eum
1242 4021 1464 4078 idoneis
1493 4020 1820 4077 hominibus

215 4117 467 4187 mgavit,
501 4115 837 4186 aegritudine
860 4112 1116 4184 deposita
1149 4111 1461 4183 laxatisque
1514 4113 1818 4184 aliquando

221 4208 637 4281 superstitiose
694 4194 902 4262 tuentis
959 4204 1183 4262 miseris
1243 4206 1523 4277 angustiis
1574 4208 1817 4277 patriar-

224 4300 368 4356 chali
401 4314 465 4356 se
489 4296 781 4354 domicilio
830 4298 1273 4370 ministeriisque
1320 4315 1380 4355 se
1415 4299 1604 4372 dignis
1633 4309 1689 4355 et
1723 4317 1816 4357 sa-

226 4405 332 4446 cra
366 4394 667 4462 potestatis
698 4389 972 4445 exercitio
999 4390 1277 4456 redderet,
1307 4390 1404 4446 illo
1444 4406 1669 4462 semper
1707 4393 1816 4447 ab-

1923 1899 2083 1964 λέως,
2149 1900 2620 1972 συνεδριασάντων
2664 1902 2720 1955 δὲ
2783 1904 2879 1956 καὶ
2924 1904 3034 1957 τῶν
3069 1904 3157 1978 [Ρ.
3194 1907 3324 1979 202]
3350 1910 3514 1979 ίερῶν

1921 1990 2152 2060 ἀνδρῶν,
2173 1992 2340 2045 ἐκίνει
2365 1994 2708 2065 πατριάρχης
2725 1997 2861 2065 πρὸς
2888 1996 3114 2065 βασιλέα
3156 1999 3224 2052 τὰ
3251 2000 3515 2056 δοκοῦντά

1919 2083 1970 2134 oi
1998 2082 2134 2152 πρὸς
2163 2082 2574 2155 παραλύπησιν,
2606 2085 2672 2139 δι’
2703 2085 2738 2140 δι
2787 2088 2881 2140 καὶ
2917 2090 3271 2158 ὲγγωνιάζειν
3335 2094 3512 2149 ἐθέλει

1920 2174 2013 2225 καὶ
2038 2174 2420 2243 παραιτεῖσθαι
2453 2176 2550 2229 καὶ
2589 2176 2918 2250 Ἐκκλησίας
2971 2182 3259 2252 προεδρίαν
3316 2184 3410 2237 καὶ
3442 2185 3514 2238 ίε·

1923 2263 2169 2336 ρωσύνην
2198 2265 2390 2337 αὐτὴν,
2417 2268 2465 2321 εί
2498 2268 2659 2322 πλέον
2683 2271 3172 2340 συναναγκάζοιτο.
3234 2276 3340 2329 Καὶ
3403 2276 3514 2346 πρὸ

1918 2355 2025 2409 τῶν
2045 2357 2220 2411 ἄλλων
2240 2358 2301 2411 τὸ
2324 2359 2417 2411 τοῦ
2449 2360 2627 2430 κράλη
2662 2361 2967 2432 προετίθει,
3000 2365 3095 2416 καὶ
3131 2364 3200 2418 τὰ
3249 2366 3513 2421 δοκοῦντά

1917 2448 1966 2500 oi
1992 2449 2390 2518 προσίστασθαι
2418 2450 2762 2514 άνετάττετο.
2825 2454 2907 2507 ὅτι
2973 2455 3175 2525 δηλαδὴ
3240 2458 3514 2522 συνεστὼς

1919 2535 2061 2589 κατά
2092 2535 2290 2607 νόμους
2324 2540 2501 2606 γάμος
2524 2539 2802 2612 διαλυθείη
2860 2544 2956 2596 καὶ
2997 2545 3096 2615 τὴν
3124 2544 3218 2599 τοῦ
3247 2546 3514 2616 βασιλέως

1916 2808 1974 2866 9.
2019 2810 2081 2866 Ut
2110 2809 2407 2889 imperator
2437 2811 2508 2864 ad
2553 2813 2690 2889 atde:
2741 2816 3065 2889 patriarcha:
3092 2817 3168 2872 ’δε
3205 2822 3508 2889 contulerit,

1917 2898 1927 2906 ·
1988 2881 2320 2964 suaseritque
2357 2883 2407 2935 ei
2433 2898 2487 2936 se
2527 2881 2750 2938 reddere.
2784 2886 3157 2955 [unctionibus
3207 2907 3319 2945 sua:
3362 2881 3515 2964 pote;
3596 2932 3603 2940 -

1989 2952 2168 3006 statis.

1990 3084 2070 3140 Ne
2102 3086 2251 3141 istuc
2285 3088 2509 3157 quidem
2566 3090 2909 3149 descendere
2940 3094 2995 3149 in
3053 3111 3206 3166 spem
3256 3098 3511 3169 placandi

1923 3178 2257 3248 patriarchae
2295 3182 2598 3248 imperator
2652 3186 2970 3256 recusavit;
3024 3197 3190 3259 atque
3240 3192 3378 3246 adeo
3405 3191 3508 3247 Fe-

1922 3269 2129 3324 bruarii
2164 3270 2425 3329 Kalendis
2470 3275 2640 3328 multa
2677 3287 2840 3331 nocte
2868 3294 2993 3333 cum
3021 3296 3089 3336 eo
3134 3298 3298 3351 quem
3335 3299 3512 3355 popo-

1922 3370 2105 3416 scerat
2127 3364 2391 3417 comitatu
2419 3374 2621 3431 praesto
2650 3367 2831 3424 adfuit
2870 3370 2963 3424 ubi
2994 3371 3041 3426 is
3084 3372 3501 3430 diversabatur.

1923 3451 2104 3508 Causa
2152 3461 2263 3508 tam
2313 3455 2555 3512 sollicite
2583 3460 3005 3517 obsecundandi
3042 3465 3343 3524 desideriis
3386 3467 3510 3540 ejus

1920 3545 2242 3602 Andronico
2261 3546 2388 3615 fuit,
2417 3551 2566 3621 quod
2618 3553 2848 3609 minime
2871 3557 3122 3613 omnium
3153 3559 3376 3616 volebat
3408 3564 3505 3615 ab-

1923 3638 2263 3695 dicationem
2297 3656 2461 3711 quam
2495 3645 2819 3713 patriarcha
2851 3649 3191 3715 minabatur,
3246 3652 3509 3722 imputari

1918 3732 2046 3786 odio
2070 3731 2297 3789 foederis
2334 3748 2363 3788 a
2413 3751 2472 3790 se
2505 3737 2630 3791 initi
2670 3752 2798 3794 cum
2859 3742 3030 3796 crale.
3086 3742 3414 3801 Creclituros
3455 3746 3509 3800 id

1921 3825 2072 3879 cnim
2132 3824 2295 3883 facile
2336 3828 2638 3898 plurimos;
2693 3841 2746 3887 et
2783 3833 2971 3888 statim
3003 3834 3057 3889 in
3086 3836 3285 3891 famam
3322 3838 3512 3894 abitu-

1922 3933 2044 3973 rum
2095 3926 2306 3973 tantam
2342 3920 2517 3977 fuisse
2566 3924 2954 3994 indignitatem
2990 3927 3270 3985 afﬁnitatis
3295 3931 3364 3986 ab
3402 3933 3511 3986 im-

1921 4018 2180 4081 peratore
2215 4026 2338 4065 cum
2371 4010 2578 4068 Serbim
2611 4016 2860 4086 principe
2916 4027 3241 4083 contractae,
3301 4032 3361 4075 ut
3392 4038 3506 4080 non

1920 4104 2086 4157 aliam
2103 4102 2346 4159 Joannes
2373 4106 2691 4175 patriarcha
2720 4107 3011 4176 dignitatis
3030 4110 3353 4167 abdicandae
3378 4130 3509 4169 eau-

1921 4210 2040 4251 sam
2075 4193 2334 4250 habuerit
2372 4211 2537 4265 quam
2573 4208 2781 4253 metum
2814 4214 2881 4254 ne
2916 4200 2969 4254 in
3001 4215 3065 4255 ea
3099 4205 3505 4272 perseverando

1921 4287 2095 4342 videri
2122 4294 2309 4357 posset
2340 4288 2392 4342 id
2437 4290 2854 4345 matrimonium
2886 4293 3151 4362 probasse
3179 4303 3273 4350 aut
3303 4296 3510 4352 tolera-

1922 4380 2033 4437 bile
2065 4396 2334 4446 censere;
2370 4397 2434 4437 ex
2462 4397 2569 4452 qua
2603 4384 2869 4453 opinione
2915 4384 3197 4458 ingentem
3236 4391 3507 4444 orituraut

228 4491 440 4539 nuente
483 4483 868 4553 acquiescere,
924 4490 981 4538 et
1036 4483 1226 4539 nescio
1305 4483 1437 4554 quid
1496 4487 1814 4554 perplexum
1846 4483 1897 4544 Ι)
1927 4487 2109 4528 rerum
2157 4472 2417 4530 Ecclesiae
2465 4476 2944 4545 perturbationem
2994 4480 3343 4547 providebat.
3378 4482 3508 4552 lsljus

226 4575 621 4645 respondente,
648 4589 764 4645 quo
793 4574 1083 4630 videretur
1108 4576 1359 4631 indicare
1388 4574 1594 4631 offendi
1619 4591 1680 4631 se
1712 4592 1816 4629 nu-

225 4683 322 4738 per
348 4667 517 4738 292
540 4667 705 4730 actis,
734 4667 830 4722 sed
866 4682 968 4722 nec
997 4668 1164 4723 meris
1209 4683 1275 4722 ac
1302 4666 1461 4735 solis,
1522 4683 1715 4724 verum
1761 4679 1817 4722 et

224 4761 375 4826 aliis,
409 4774 537 4829 qua
569 4758 741 4830 magis
775 4758 1044 4815 innueret
1077 4775 1244 4830 quam
1279 4761 1428 4816 clare
1474 4760 1814 4830 designaret.

222 4850 306 4908 Ob
334 4865 464 4922 quae
490 4849 734 4905 addebat
764 4865 930 4905 orare
972 4865 1032 4913 se
1062 4854 1378 4922 Augustum
1422 4866 1491 4906 ne
1524 4851 1590 4905 ad
1629 4866 1691 4907 se
1723 4866 1814 4907 ve-

224 4944 345 4999 nire
376 4949 729 5014 gravaretur,
791 4941 1117 4996 convocatis
1162 4941 1354 4997 eodem
1411 4942 1744 5012 quibusdam
1783 4957 1815 4998 e

222 5037 376 5091 clero
415 5049 483 5089 ac
509 5034 806 5104 episcopis,
839 5047 907 5089 eo
940 5049 1172 5090 numero
1190 5035 1292 5109 qui
1314 5034 1569 5091 sulllcere
1606 5035 1675 5092 ad
1721 5034 1813 5108 ju-

224 5138 377 5186 stum
400 5128 473 5183 de
508 5128 679 5183 rebus
715 5127 980 5199 gravibus
1009 5143 1370 5200 congressum
1402 5130 1710 5187 videretur.
1752 5132 1810 5187 ln

223 5237 293 5278 eo
317 5231 468 5279 cretu
500 5236 563 5277 se
591 5222 1010 5293 propositurum
1042 5222 1175 5292 quid
1201 5223 1449 5279 animum
1475 5232 1662 5279 ureret
1686 5239 1811 5294 pro-

227 5313 610 5382 hiberetquea
660 5310 1045 5367 functionibus
1076 5326 1192 5367 sua:
1240 5312 1567 5382 dignitatis;
1614 5313 1819 5383 quibus

227 5404 504 5475 expositis
547 5403 594 5459 si
625 5401 825 5459 Patres
858 5416 1156 5459 censerent
1182 5404 1560 5461 ministerium
1604 5420 1666 5461 se
1688 5420 1817 5476 pro-

229 5497 414 5566 prium
445 5510 738 5553 resumere
765 5494 992 5560 debere,
1021 5497 1276 5552 consiliis
1300 5496 1552 5567 ipsorum
1600 5497 1816 5552 obtem-

219 5600 559 5660 peraturum
599 5588 701 5645 :ni
736 5588 792 5644 id
821 5589 1000 5656 fleret,
1025 5588 1138 5659 iam
1173 5604 1325 5646 nunc
1364 5589 1627 5647 abdicare
1661 5590 1816 5644 thro-

192 5698 357 5759 .num
393 5693 448 5742 et
475 5684 532 5741 in
562 5682 758 5755 quiete
786 5683 909 5738 vitae
936 5683 1210 5754 reliquum
1242 5684 1381 5742 velle
1414 5686 1741 5757 transigere.

1922 4566 2264 4621 incommodi
2300 4568 2663 4635 praeter-tendi
2697 4568 2884 4625 studio
2925 4570 3083 4627 adire
3124 4573 3503 4643 patriarchaut

1918 4656 2209 4728 Augustus
2229 4659 2448 4723 statuit,
2478 4674 2783 4732 coramque
2813 4678 2879 4718 ex
2910 4678 2976 4719 eo
3007 4680 3345 4733 cognoscere
3371 4668 3505 4737 quid

1920 4749 1977 4804 in
2012 4768 2071 4806 se
2115 4753 2400 4821 culparet;
2433 4753 2597 4822 idque
2641 4754 2773 4808 fecit
2837 4756 3226 4814 moderatione
3266 4758 3503 4828 quadam

1921 4841 2099 4898 media
2123 4845 2268 4897 inter
2292 4843 2556 4899 humilem
2581 4846 2988 4903 demissionem‘
3007 4850 3344 4906 adulationis
3376 4867 3506 4923 erga

1917 4948 2043 4989 eum
2075 4936 2328 4991 obnoxiae
2377 4945 2432 4992 et
2481 4938 2648 5007 justas
2684 4954 2799 4993 suae
2845 4940 3188 4998 defensionis
3242 4944 3502 5000 fiduciam

1920 5042 2197 5083 securam.
2232 5027 2432 5083 Coram
2470 5032 2783 5099 patriarcha
2841 5032 3005 5103 igitur
3060 5041 3207 5090 cm'tu
3269 5053 3501 5093 suorum
3589 5091 3593 5095 .

1919 5121 2264 5176 circumdato
2289 5122 2465 5177 adfuit
2500 5125 2835 5194 imperator;
2864 5125 3147 5184 adfuimus
3175 5138 3231 5185 et
3258 5145 3359 5186 nos
3399 5132 3507 5187 ibi-

1920 5214 2043 5289 dem
2082 5231 2205 5268 cum
2250 5215 2397 5269 aliis.
2429 5214 2669 5286 Moxque
2697 5219 2789 5273 ubi
2814 5221 3160 5277 consedisset
3193 5224 3501 5294 Augustus,

1922 5304 2457 5362 circumsedentibus
2490 5310 2633 5362 sacri
2663 5310 2878 5366 ordinis
2905 5313 3059 5377 viris,
3094 5317 3349 5384 exposuit
3394 5316 3504 5372 im-

1922 5396 2167 5466 peratori
2208 5396 2369 5467 293
2426 5398 2743 5467 patriarcha
2779 5416 2904 5470 quae
2955 5403 3061 5457 sibi
3119 5403 3498 5474 displicerent,

1921 5489 1993 5543 ob
2030 5503 2153 5557 quae
2194 5490 2465 5545 hactenus
2502 5491 2694 5547 volens
2724 5494 2774 5547 in
2809 5496 3014 5565 angulo
3047 5507 3342 5561 mussaret,
3365 5512 3501 5566 por-
3556 5560 3557 5563 η

1920 5596 2097 5652 roque
2132 5593 2360 5653 paratus
2382 5592 2532 5639 esset
2568 5584 2912 5655 praefecturae
2946 5590 3186 5660 ipsique,
3224 5590 3271 5647 si
3300 5591 3501 5658 despe-

1925 5675 2069 5730 ratio
2096 5676 2328 5731 remedii
2364 5678 2446 5733 sic
2499 5690 2744 5750 cogeret,
2787 5684 3114 5739 renuntiare
3161 5683 3498 5738 sacerdotio.

1925 5770 2064 5827 Ante
2092 5770 2278 5826 omnia
2333 5774 2664 5831 memoravit
2714 5774 2893 5833 foedus
2925 5792 3048 5829 cum
3098 5776 3266 5843 cralc,
3299 5776 3351 5830 in
3388 5792 3500 5844 quo
