4018 6450
545 404 647 464 39.3
1726 395 2053 456 GEORGII
2087 393 2569 456 ΡΑυΗΥΜΕιιιΕ
3664 390 3752 453 321ι

541 517 764 578 ἐκεῖνος,
791 511 1069 584 ὴθετηκὼς
1097 510 1193 580 τὴν
1224 510 1380 570 ἰδίαν,
1415 508 1614 577 νηπίαν
1669 507 1832 560 οὖσαν
1886 507 2105 575 ἀγάγοι·
2141 510 2185 564 Α
2215 505 2311 558 καὶ
2355 500 2578 574 είρὴνην
2623 499 2840 554 ἁνύτειν
2888 497 2987 550 ὅσα
3036 495 3251 566 σίδηρος
3299 494 3398 548 οὐκ
3457 493 3636 562 ἰσχύει,
3677 500 3754 548 καὶ

542 624 600 660 το
625 623 640 639 ο
675 607 768 659 xui.
809 607 889 657 ὃτι
917 601 1324 674 χρυσολογεῖταί
1353 617 1410 652 τε
1435 601 1526 650 καὶ
1565 599 2015 670 ἀργυρολογε-ῖται
2056 597 2116 650 τὸ
2220 595 2452 656 σπονδὰς
2473 593 2895 662 καταπράττειν,
2932 590 3026 644 καὶ
3060 588 3214 658 μόλις
3231 586 3327 649 τὰς
3358 587 3419 638 ἐκ
3459 586 3558 638 τῶν
3586 587 3754 654 γάμων

541 699 670 761 πᾶν,
701 695 1051 764 τετιμιουλκη
1063 693 1222 761 μένου
1258 690 1357 760 μὲν
1400 689 1492 742 τοῦ
1550 687 1841 759 χρειώδους
1898 689 2112 751 ἆλατος,
2219 687 2721 748 συντακτικωτάτας
2749 681 2914 745 οὔσας
2939 682 3033 736 καὶ
3059 679 3341 747 ἀσφαλεῖς,
3368 679 3464 730 ὅσα
3495 677 3564 748 μὴ
3606 681 3753 747 μάχαι

543 786 1056 855 τετιμιουλκημένου
1105 782 1161 835 δὲ
1212 781 1306 835 καὶ
1362 781 1599 850 σιδήρου,
1652 779 1864 848 συχνῶν
1917 779 1973 831 δὲ
2020 781 2116 832 καὶ
2219 773 2314 826 καὶ
2343 773 2576 840 πόλεμος
2601 771 2864 842 οὖμενουν
2893 766 3326 839 κατεπράξαντο.
3376 768 3448 819 Οὐ
3481 768 3581 837 μὴν
3603 767 3643 820 δ’
3670 767 3756 820 αὖ·

543 880 834 934 συνδοσιῶν
862 876 1183 945 γινομένων,
1214 875 1307 929 καὶ
1339 873 1516 944 τρίτον
1570 873 1644 937 ὡς
1693 875 2116 941 καταφρονεῖται
2217 867 2299 928 θις
2347 865 2441 917 καί⁵
2495 863 2672 934 νόμων
2711 866 2767 928 ἐς
2802 865 2947 919 ἅπαν
2995 864 3172 925 ἐκτὸς,
3225 861 3299 923 ὡς
3352 859 3507 913 αὐτὴν
3553 859 3756 923 οἴεσθαι,

541 973 702 1036 αὐτὸς
734 971 1006 1040 ἀναφορὰς
1025 966 1282 1031 πολλάκις
1307 967 1445 1036 ὑπὲρ
1474 966 1566 1018 τοῦ
1597 956 1877 1026 δοκοῦντος
1906 965 2112 1019 δικαίου
2218 957 2498 1025 πράττειν.
2552 956 2720 1026 Δῆλον
2765 955 2874 1025 γὰρ
2924 951 3062 1007 εἶναι
3113 954 3209 1006 καὶ
3256 951 3442 1005 κανόσι
3469 952 3557 1003 καὶ
3599 951 3758 1019 νόμοις

541 1063 877 1128 ποιούμενος.
923 1058 1195 1111 Ἐντεῦθεν
1213 1057 1269 1109 δὲ
1300 1055 1552 1126 βασιλεὺς
1580 1057 1657 1117 είς
1690 1054 1787 1124 τὴν
1824 1054 1962 1123 ὑπὲρ
1990 1053 2116 1105 τού·
2219 1049 2716 1119 προστεταγμένον,
2761 1048 2834 1118 μὴ
2883 1046 2949 1100 ἂν
3007 1044 3370 1115 ἐκχωρεῖσθαι
3416 1043 3504 1094 τὸν
3559 1042 3759 1110 νόμιμον

541 1169 647 1205 των
677 1150 964 1216 ἀπολογίαν
993 1147 1267 1208 καταστὰς
1295 1147 1386 1198 ἐπὶ
1417 1147 1513 1215 μὲν
1534 1144 1608 1214 τῷ
1643 1144 1735 1197 τοῦ
1773 1145 1948 1214 κράλη
1987 1161 2114 1196 συν·
2216 1144 2558 1213 ἀγαγόμενον
2577 1143 2782 1213 ταύτην
2811 1142 2911 1210 μὲν
2942 1141 3156 1208 ἀφεῖναι
3197 1137 3348 1206 παρὰ
3385 1135 3638 1205 μηδεμίαν
3685 1134 3760 1186 αὶ-

541 1243 844 1309 αλλάγματι
873 1240 972 1292 οὐκ
997 1237 1177 1307 ὄρεξιν
1209 1237 1346 1290 ἰδίαν
1377 1236 1472 1290 καὶ
1531 1236 1627 1307 τὴν
1679 1236 1885 1288 ἐκεῖθεν
1940 1234 2116 1305 ἑαυτῷ
2217 1237 2340 1290 τίαν
2373 1235 2616 1303 εὔλογον,
2650 1231 3060 1302 συμπλέκεσθαι
3095 1229 3140 1282 δ’
3179 1228 3317 1300 ἄλλῃ
3355 1243 3368 1257 ·
3403 1231 3450 1278 εἰ
3482 1227 3534 1280 δέ
3561 1243 3636 1286 τις
3665 1225 3763 1276 τολ-

542 1333 725 1398 δνησιν
746 1332 932 1401 ᾐτιᾶτο
967 1346 982 1360 ο
1015 1327 1190 1396 πολλῷ
1222 1327 1328 1396 γὰρ
1349 1327 1551 1396 ἥκιστα
1615 1325 1792 1390 τοῦτο,
1858 1327 1966 1393 ὅσῃ
2022 1327 2116 1380 καὶ
2221 1325 2365 1396 μὼῃ,
2403 1324 2581 1378 αἰτίαν
2615 1323 2710 1394 μὲν
2739 1325 2983 1392 μοιχείας
3013 1319 3335 1373 ἀποίσεσθαι
3365 1318 3454 1370 τὶν
3487 1315 3758 1384 τολμῶντα,

541 1417 985 1488 προσξημιωθείη
1017 1417 1175 1478 αὑτὸς
1202 1418 1269 1468 τά
1303 1416 1532 1485 μεγάλα,
1569 1417 1748 1484 κόριον
1775 1415 1803 1468 ὃ
1849 1416 1911 1468 ὲκ
1939 1415 2117 1486 ψυχῆς
2217 1419 2317 1486 τὴν
2349 1417 2404 1470 δὲ
2425 1413 2750 1485 συνοίκησιν
2783 1409 2924 1466 εἶναι
2956 1411 3291 1482 παράνομον,
3327 1408 3465 1461 ὥστε
3505 1409 3596 1474 τῆς
3633 1405 3760 1475 πρὼο

543 1511 763 1581 ἔστεργε
801 1513 893 1562 καὶ
918 1499 1375 1578 ᾤ’προσετετήκει
1425 1508 1520 1560 καὶ
1566 1509 1726 1570 αὐτὸς
1786 1509 1881 1562 καὶ
1933 1509 2117 1578 μήτηρ
2219 1523 2318 1580 της
2348 1510 2688 1578 ἠθετημένης
2721 1508 2811 1560 καὶ
2842 1505 3048 1576 ζώσης,
3077 1503 3280 1564 ὁπόσας
3311 1497 3616 1555 τούντεῦθεν
3645 1499 3759 1566 ὴγάο

543 1603 637 1655 καὶ
686 1605 892 1671 γάμους
950 1600 1258 1670 ἑτοιμάζειν
1313 1598 1603 1667 ὲγκαίρους
1650 1600 1778 1660 τοὺς
1830 1599 1894 1650 ἐκ
1932 1597 2116 1669 ρηγῶν
2218 1619 2364 1671 γετο,
2394 1603 2468 1673 μὴ
2509 1601 2904 1671 ἐγκεκριμένας
2931 1601 3044 1661 τοῖς
3091 1599 3276 1668 νόμοις
3313 1593 3436 1665 μηδ’
3475 1594 3531 1645 ὲν
3573 1589 3763 1659 γυναιξὶ

541 1695 701 1764 ᾤετο,
732 1693 791 1757 ἐξ
817 1692 1069 1760 ἀγκαλῶν
1096 1691 1310 1744 οἰκείων
1337 1688 1684 1759 ἁναρπασθὲν
1739 1688 2002 1760 βαρσάρῳ
2057 1707 2118 1742 τε
2219 1693 2472 1764 νομίμοις
2526 1692 2837 1747 τάττεσθαι.
2893 1707 2911 1740 ι
2969 1689 3041 1741 Ἣ
3089 1688 3150 1740 οὐ
3199 1686 3351 1739 ταῦθ’
3397 1684 3536 1738 οὕτω
3590 1681 3676 1736 καὶ
3715 1683 3762 1734 ἐν

544 1784 637 1836 καὶ
687 1783 757 1833 τὰ
805 1782 982 1834 πάντα
1027 1781 1278 1850 ἀστόργῳ
1337 1779 1432 1832 καὶ
1483 1779 1647 1849 μηδὲν
1673 1781 1868 1846 σεμνὸν
1903 1779 1996 1832 ἐπὶ
2019 1778 2114 1849 τῆς
2221 1787 2351 1855 ἡμῖν
2397 1783 2509 1854 ἔχει
2543 1800 2558 1848 ;
2599 1802 2617 1836 ι
2667 1783 2835 1851 Φησὶν
2867 1782 2895 1833 ὁ
2934 1779 3170 1849 κρατῶν,
3211 1795 3229 1828 ι
3271 1775 3543 1830 Πυνθάνου
3571 1787 3764 1842 τοιγαρ-

542 1873 717 1943 ἀρκῆς
746 1873 920 1952 ἔχοντι
953 1875 1439 1943 καταπροῖέμενος.
1485 1871 1625 1923 Ἀλλ’
1649 1869 1857 1941 ἀνδρῶν
1897 1873 1992 1924 καὶ
2018 1889 2122 1940 χω·
2157 1891 2198 1946 Β
2227 1877 2319 1929 οὖν
2346 1877 2456 1930 τῶν
2501 1875 2738 1940 εἰδότων,
2772 1875 2867 1926 καὶ
2909 1873 3116 1935 πιστῶς
3164 1870 3403 1942 μάνθανε
3435 1869 3508 1929 ὡς
3549 1869 3641 1920 οὐκ
3690 1866 3766 1920 ά).-

545 1963 654 2033 ρῶν
682 1963 774 2016 καὶ
801 1963 1140 2031 πραγμάτων
1163 1961 1548 2031 προσηκόντων
1577 1964 1640 2031 τῇ
1695 1960 1965 2032 βασιλείᾳ,
2005 1961 2115 2013 τῶν
2217 1969 2322 2031 λως
2345 1969 2474 2036 ἡμῖν
2505 1967 2722 2036 ἐγένετο
2749 1964 3146 2031 καταδέξασθαι
3194 1964 3257 2016 τὸ
3311 1963 3670 2030 συνάλλαγμα,
3723 1960 3762 2011 εί

546 2055 644 2124 μὲν
667 2055 1029 2122 ἀπαγομένων
1057 2052 1278 2116 ἀθλίως,
1300 2052 1407 2104 τῶν
1442 2051 1485 2104 δ’
1515 2049 1905 2121 ὲρημουμένων
1953 2051 2115 2118 ὲσχά-
2220 2059 2296 2129 μὴ
2331 2059 2421 2110 καὶ
2445 2061 2638 2127 ὅρκους
2699 2057 2826 2118 τοὺς
2869 2055 3126 2125 πρέσϐεις
3162 2055 3248 2126 [Ρ.
3266 2053 3396 2126 205]
3450 2055 3766 2125 προσαπητῄ

541 2162 670 2208 τως.
719 2145 827 2198 τῶν
855 2144 911 2198 δὲ
943 2142 1350 2213 σκυλευομένων
1378 2142 1742 2204 ἀναποδότωςν
1778 2143 1874 2195 καὶ
1915 2142 2117 2211 αἰχμα·
2220 2165 2392 2219 σαμεν
2424 2146 2694 2218 βεϐαιοῦν,
2723 2141 2758 2218 ἦ
2790 2146 2894 2217 μὴν
2927 2147 3021 2199 καὶ
3081 2146 3159 2199 ἔτι
3191 2147 3460 2215 περιεῖναι
3508 2143 3602 2213 τὴν
3643 2157 3764 2211 νομι-

541 2237 742 2300 λωσίας
771 2235 1038 2304 τοσαύτης
1061 2252 1120 2287 τε
1142 2235 1234 2286 καὶ
1255 2233 1510 2303 τοιαύτης
1537 2233 1697 2303 χάριν
1724 2231 1895 2286 ταῦτα
1941 2233 2117 2301 πράτ-
2222 2258 2322 2311 μον
2352 2244 2439 2295 ὅτε
2474 2243 2538 2311 τῇ
2570 2239 2664 2292 τοῦ
2691 2241 2932 2309 Τερτερῆ
2967 2238 3348 2302 συνεπλέκετο,
3403 2237 3496 2290 καὶ
3553 2235 3665 2305 ἄρτι
3704 2230 3764 2301 μὴ

543 2349 624 2385 τοι
651 2332 745 2384 xui.
775 2330 923 2399 παρὰ
945 2328 1168 2398 γνώμην
1190 2329 1283 2381 καὶ
1323 2327 1473 2398 παρὰ
1505 2326 1724 2397 θέλησιν
1769 2343 1780 2356 '
1812 2325 1982 2379 πολλὰ
2009 2327 2116 2398 γὰρ
2220 2331 2320 2403 ζῇν
2348 2333 2426 2386 ὅθ’
2453 2333 2616 2403 ἡμεῖς
2648 2332 2724 2396 εις
2755 2331 3000 2402 γαμσρδν
3049 2331 3366 2401 ὲτάττομεν,
3419 2329 3492 2392 ὡς
3550 2326 3766 2380 ἐντεῦθεν

545 2511 675 2580 quid
711 2512 890 2580 ipsum
913 2509 1213 2565 oll'enderet
1254 2509 1509 2580 protulit,
1539 2509 1842 2564 criminans
1876 2510 2118 2582 legitime

544 2614 889 2660 contractum
927 2604 1081 2674 prius
1105 2603 1270 2658 cralis
1323 2603 1640 2673 conjugium
1702 2604 1872 2658 fuisse
1903 2603 2114 2660 nefarie

547 2699 904 2766 diremptum,
939 2706 991 2751 et
1024 2697 1229 2766 injuste
1281 2695 1350 2770 ab
1377 2710 1443 2750 eo
1488 2695 1775 2764 repudiata
1811 2698 1957 2765 regis
1993 2695 2119 2751 Bul-

544 2791 710 2861 garia:
744 2791 854 2844 ﬁlia
889 2790 941 2844 in
975 2791 1098 2859 ejus
1153 2793 1335 2845 locum
1395 2789 1750 2844 substitutam
1790 2789 2116 2844 infantulam

544 2901 608 2938 ex
644 2884 980 2952 imperatore
1013 2894 1222 2936 natam.
1251 2881 1477 2936 Addidit
1509 2884 1650 2938 ferre
1686 2897 1748 2938 se
1781 2881 1926 2937 haud
1960 2897 2120 2953 posse

547 2976 833 3044 aggravari
882 2974 1147 3044 populum
1187 2975 1408 3030 tributis
1469 2977 1590 3031 sine
1659 2978 1844 3030 modo.
1898 2975 2118 3030 Nullum

551 3067 848 3122 ﬁnemﬁeri
882 3069 1020 3132 auri,
1048 3068 1258 3137 argenti
1285 3069 1528 3138 undique
1567 3068 1717 3123 nullo
1739 3083 1846 3122 non
1875 3083 1905 3123 e
1936 3083 2119 3123 rerum
2224 3065 2321 3118 tim
2375 3065 2443 3118 ad
2513 3063 2867 3119 stabilitatem
2927 3064 3321 3119 roboratorum
3390 3064 3762 3121 necessitudine

545 3174 744 3229 genere
769 3156 1119 3213 corradendi.
1149 3157 1356 3227 Snbjici
1390 3157 1545 3212 novis
1571 3158 1928 3229 vectigalibus
1952 3159 2119 3214 salem
2229 3155 2471 3226 nuptiali
2505 3157 2651 3225 (nam
2685 3157 2791 3212 isto
2823 3157 3043 3212 demum
3079 3159 3300 3228 glutine
3354 3159 3653 3215 ﬁrmissime
3683 3159 3765 3211 ho-

544 3251 859 3307 communis
889 3265 1042 3316 usus,
1073 3247 1272 3318 subjici
1302 3250 1469 3304 etiam
1505 3249 1742 3321 ferruml;
1766 3258 1822 3307 et
1868 3251 2121 3306 immani-
2151 3234 2192 3290 (οἶ
2227 3251 2436 3303 minum
2469 3249 2782 3304 voluntates
2816 3251 3064 3319 coeunt),
3125 3252 3180 3304 in
3232 3265 3530 3307 commune
3562 3250 3764 3322 plurima

544 3353 628 3400 ter
661 3343 781 3399 istis
827 3342 1211 3398 exactionibus
1247 3358 1433 3398 rerum
1489 3344 1617 3400 vita
1674 3344 2120 3401 necessariarum
2223 3351 2282 3397 et
2309 3333 2572 3408 maxima,
2610 3341 2776 3412 idque
2822 3342 3124 3412 tranquille
3155 3357 3222 3398 ac
3258 3357 3480 3408 secure,
3509 3341 3764 3413 provenire

546 3439 785 3510 pretium
819 3437 1071 3494 accendi.
1123 3436 1347 3493 Eﬁ‘undi
1407 3454 1533 3494 mox
1592 3439 1821 3509 prodige
1859 3438 1914 3494 in
1957 3440 2123 3510 largi-
2225 3433 2608 3510 commodum,
2645 3449 2770 3504 qua:
2807 3449 2910 3489 nec
2961 3433 3268 3491 sudoribus
3306 3451 3370 3490 ac
3399 3436 3645 3506 periculis
3662 3447 3766 3505 gra-

544 3531 721 3584 tiones
752 3529 977 3584 crebras
1009 3544 1132 3598 quae
1188 3544 1352 3585 avare
1405 3531 1520 3585 sint
1561 3539 1804 3586 extorta.
1863 3530 2117 3588 Tertium
2221 3526 2470 3582 vissimis
2545 3527 3113 3583 laboriosissimarum
3189 3530 3603 3599 expeditionum
3681 3538 3765 3579 nec

546 3625 632 3679 his
674 3623 908 3677 attexuit
959 3621 1317 3692 querelarum
1354 3629 1546 3691 caput,
1599 3624 1878 3679 contemni
1926 3639 1986 3681 se
2018 3639 2122 3680 nec
2222 3633 2425 3673 cruore
2452 3619 2723 3674 immenso
2752 3619 3066 3690 pra-liorum
3094 3621 3282 3690 parari
3313 3637 3544 3692 unquam
3592 3618 3764 3674 Valuis-

545 3717 735 3772 haberi
790 3715 1061 3769 rationem
1130 3714 1600 3783 supplicationum
1651 3729 1749 3786 pro
1823 3716 2122 3773 clientibus
2222 3721 2368 3767 sent.
2400 3711 2512 3767 Nec
2537 3721 2743 3776 tamen,
2794 3713 2940 3781 quod
2986 3711 3130 3768 falso
3165 3726 3516 3783 argueretur,
3547 3722 3764 3768 tentarat

545 3823 798 3875 suarum,
837 3806 928 3860 ubi
963 3821 1028 3860 ex
1065 3804 1244 3860 oilicio
1282 3805 1656 3862 interveniens
1685 3808 2117 3878 periclitantium
2222 3813 2333 3860 tam
2356 3806 2627 3862 evidentis
2661 3805 2916 3862 utilitatis
2947 3809 3124 3878 gratia
3153 3807 3460 3880 quidquam
3499 3815 3673 3863 contra
3705 3803 3763 3856 les

545 3901 737 3956 causis
770 3899 1215 3970 patrocinaretur
1243 3901 1546 3970 oppressis,
1580 3912 1634 3956 et
1667 3901 1793 3971 jura
1817 3902 2120 3959 destituto-
2223 3913 2321 3968 ges
2373 3907 2707 3954 atteulasse.
2756 3899 2896 3956 Esse
2943 3915 3184 3970 namqne
3233 3901 3583 3958 manifestum
3633 3900 3761 3967 juxta

545 4009 666 4046 rum
699 3992 1022 4046 verisimilia
1047 3993 1175 4046 licet
1212 3991 1592 4062 nequidquam
1642 3993 1930 4064 allegaret,
1965 3995 2120 4052 nullo
2222 3991 2362 4046 scita
2395 4005 2674 4046 canonum
2715 4001 2770 4047 et
2800 3992 3045 4047 civilium
3074 3993 3239 4048 etiam
3288 3995 3653 4056 sanctionum,
3681 3997 3762 4041 nec

541 4100 656 4139 suae
709 4083 972 4151 neglectas
1019 4083 1370 4138 auctoritatis
1414 4082 1618 4140 fructu.
1660 4083 1948 4141 Adversus
1999 4086 2121 4142 haec
2219 4081 2428 4136 licitum
2461 4097 2565 4138 nec
2594 4084 2870 4154 integrum
2913 4083 3036 4138 viro
3068 4098 3214 4149 esse,
3247 4085 3346 4154 qui
3397 4085 3502 4140 ritu
3551 4079 3762 4150 legitimo

543 4179 845 4247 imperator
873 4175 955 4231 sui
992 4173 1367 4230 defensionem
1413 4189 1442 4229 a
1471 4176 1655 4243 capite
1689 4190 1875 4243 orsus,
1904 4177 1972 4233 de
2000 4191 2120 4234 cra-
2220 4184 2450 4223 uxorem
2484 4171 2729 4236 duxerit.
2759 4185 2826 4226 ea
2861 4172 2982 4227 Sine
3018 4173 3128 4228 Ulla
3161 4180 3338 4239 “Usa.
3375 4175 3565 4230 idOHCa
3591 4171 3757 4240 [ciem

543 4269 613 4322 lis
641 4267 881 4332 primunt
913 4265 1119 4322 foedere
1155 4265 1444 4332 disseruit,
1479 4282 1581 4322 nec
1619 4269 1845 4340 propria
1875 4285 1935 4326 se
1971 4271 2028 4325 in
2062 4269 2112 4325 id

2218 4263 2466 4332 copulari
2494 4264 2675 4329 alteri,
2711 4277 2775 4318 ac
2804 4264 2851 4319 si
2891 4264 3020 4336 quis
3053 4265 3108 4320 id
3161 4266 3536 4331 attentaverit,
3573 4261 3760 4317 adulte-

538 4361 839 4429 cupiditate
901 4368 1161 4424 tractum,
1190 4375 1292 4415 nec
1347 4361 1623 4416 utilitates
1679 4361 1734 4416 in
1769 4378 1830 4419 se
1873 4377 2118 4435 suosque
2218 4354 2285 4410 ι’ίί
2321 4355 2516 4420 teneri.
2546 4356 2980 4427 coniugiumque
3023 4357 3126 4411 hoc
3175 4359 3484 4414 secundum
3532 4369 3626 4428 Ῑπο
3664 4351 3760 4406 ί¹ί⁸⁶

537 4450 796 4520 privatim
849 4448 1260 4504 redundaturas
1307 4449 1433 4505 inde
1463 4459 1720 4520 captasse
1752 4468 1766 4506 :
1813 4451 1948 4522 quin
2013 4469 2116 4524 po-
2219 4447 2415 4519 gitimo
2441 4448 2778 4515 habendum,
2813 4449 2889 4503 ita
2915 4456 2977 4504 ut
3003 4450 3270 4520 quamdiu
3307 4451 3486 4521 prima
3517 4449 3624 4506 sola
3654 4453 3760 4498 vera

543 4546 653 4598 tius
683 4542 1026 4597 sacriﬁcasse
1061 4559 1120 4599 se
1149 4545 1202 4598 in
1244 4543 1348 4597 hoc
1385 4543 1623 4612 publicis
1656 4545 1964 4602 commodis
1999 4551 2112 4617 pri-
2137 4569 2190 4629 Β
2219 4543 2417 4612 conjux
2481 4549 2763 4612 superstes
2837 4542 3024 4606 fuerit,
3073 4551 3351 4613 quotquot
3397 4542 3522 4597 inde
3555 4535 3760 4595 duxerit,

2220 2513 2576 2570 miseratione
2605 2521 2812 2568 motum
2863 2527 3006 2578 sese,
3067 2511 3463 2568 invitissimum
3492 2511 3690 2582 quidem
3720 2518 3763 2564 et

2219 2605 2564 2660 inciinationi
2601 2605 2836 2675 propriae
2872 2621 3084 2660 summa
3121 2605 3172 2659 vi
3215 2606 3609 2668 obluctantem,
3641 2601 3761 2673 quod

2220 2697 2506 2753 habuisset
2535 2697 2924 2752 charissimum
2957 2697 3300 2768 impendisse
3340 2699 3391 2751 in
3434 2699 3759 2751 levamentum

2221 2789 2331 2844 alia
2361 2789 2512 2844 nulla
2543 2790 2757 2844 ratione
2808 2790 3120 2844 avertendae
3171 2789 3525 2852 calamitatis,
3565 2803 3761 2858 gnarum

2222 2883 2394 2936 multa
2450 2882 2918 2937 conventionibus
2957 2881 3127 2947 effici,
3173 2897 3302 2952 qua:
3342 2884 3482 2938 bello
3532 2897 3591 2936 ac
3645 2879 3764 2934 ferro

2224 2971 2428 3025 frustra
2463 2980 2772 3034 tententur,
2813 2970 3202 3042 fmdcrunnque
3232 2973 3524 3040 beneﬁcio,
3569 2986 3765 3044 praeser-

542 4642 720 4697 vatos,
755 4648 960 4703 eosque
1007 4637 1357 4699 tenerrimos,
1408 4630 1662 4687 affectus.
1687 4633 1965 4700 Filiolam,
2019 4651 2112 4692 ca-

538 4735 637 4794 put
668 4726 912 4779 omnium
939 4723 1349 4787 dulcissimum,
1377 4736 1507 4777 suas
1532 4727 1840 4794 matrisque
1855 4727 2109 4794 delicias,

539 4833 701 4876 unam
771 4817 826 4870 in
885 4832 1038 4887 spem
1099 4815 1676 4884 splendidissimaru
1738 4832 1864 4870 cum
1914 4834 2106 4889 regum

536 4909 795 4965 maximis
824 4910 1144 4976 nuptiarum
1179 4907 1502 4970 etlucarcnt,
1561 4907 1717 4962 avelli
1755 4908 1861 4963 sibi
1912 4925 2112 4980 passos

537 5019 569 5055 e
603 5000 836 5070 gremio,
865 5000 1177 5068 projicique
1232 4999 1287 5052 in
1350 5013 1551 5052 manus
1605 5000 1956 5057 insociabilis
1985 5002 2113 5057 bar-

542 5089 681 5152 bari,
747 5089 883 5140 nihil
919 5089 973 5141 in
1009 5089 1162 5143 cultu
1220 5103 1285 5144 ac
1323 5088 1571 5145 mor-ibus
1605 5091 1932 5158 humanum,
1971 5093 2110 5148 nihil

539 5179 592 5234 in
624 5180 746 5249 ipso
781 5179 1095 5248 principatu
1133 5195 1471 5251 magnopere
1520 5182 1872 5252 Splendidum
1907 5185 2113 5240 haben-

538 5271 629 5325 tis.
669 5269 870 5323 Verum
901 5286 967 5326 eo
1006 5287 1034 5324 a
1072 5286 1131 5326 se
1161 5273 1337 5341 pretio
1369 5274 1702 5342 redemptam
1736 5277 2108 5346 captivitatem

537 5362 889 5418 subditorum
924 5362 1165 5432 imperii,
1224 5364 1314 5433 qui
1349 5365 1549 5419 misere
1580 5367 1849 5423 servitum
1879 5369 2112 5424 abduce-

538 5456 766 5521 bantur,
799 5455 1200 5524 provinciarum
1237 5455 1401 5528 294.
1428 5456 1686 5513 Romana:
1736 5459 1962 5517 ditionis
2003 5471 2114 5516 sta-

534 5556 673 5612 tum,
725 5561 848 5615 qua:
898 5546 1319 5601 incursionibus
1355 5548 1774 5618 desolabantur,
1831 5566 2110 5607 annonam

534 5639 776 5710 denique
808 5655 871 5694 ac
897 5640 1104 5693 victum
1150 5639 1414 5708 subjectae
1442 5641 1549 5695 sibi
1593 5642 1789 5710 plebis,
1833 5644 2109 5716 irrcpara-

537 5732 742 5788 bilibus
763 5733 1040 5786 latronum
1069 5731 1562 5798 rapacissimornm
1599 5732 2110 5804 deprazdationibus

540 5825 764 5894 spoliari
818 5835 975 5880 antea
1014 5824 1210 5880 solitm.
1268 5821 1400 5878 Tam
1457 5829 1668 5881 acerba”:
1729 5827 2107 5897 oppressionis

2219 4634 2533 4705 illegitimas
2587 4643 2640 4690 et
2673 4635 2899 4704 peliices
2929 4635 3113 4705 potius
3149 4651 3315 4704 quam
3371 4637 3548 4707 justas
3592 4639 3762 4686 uxores

2220 4726 2360 4781 fore.
2402 4745 2420 4778 ι
2453 4728 2536 4781 An
2573 4741 2708 4781 vero
2733 4742 2844 4782 non
2878 4729 2950 4781 ita
2977 4729 3094 4782 lucc
3127 4728 3182 4783 in
3215 4738 3411 4785 nostro
3440 4743 3567 4783 casu
3593 4740 3648 4780 se
3676 4721 3763 4775 ha-

2219 4819 2424 4873 buere?
2468 4837 2487 4870 ι
2541 4819 2781 4888 subjecit
2829 4821 3151 4890 imperator,
3212 4840 3232 4877 ‹
3287 4819 3567 4890 interroga
3622 4814 3764 4884 igitur

2216 4923 2314 4964 eos
2351 4910 2447 4980 qui
2473 4921 2698 4976 norunt,
2733 4922 2789 4966 et
2819 4927 2886 4966 ex
2915 4928 3048 4968 vero
3086 4928 3202 4968 rem
3266 4927 3556 4985 cognosce.
3603 4908 3764 4961 Disccs

2218 4999 2365 5055 haud
2391 5001 2548 5070 prius
2570 5017 2672 5059 nos
2702 5017 2962 5060 assensos
2993 5003 3048 5057 in
3077 5006 3485 5060 matrimonium
3514 5001 3632 5057 ﬁliae
3658 5008 3760 5052 cum

2217 5095 2389 5160 crale,
2414 5110 2578 5165 quam
2609 5097 2936 5167 legatorum,
2967 5107 3130 5167 prout
3154 5113 3532 5168 exegeramus,
3564 5091 3680 5149 inde
3706 5085 3760 5141 ad

2217 5201 2320 5242 nos
2362 5189 2659 5244 missorum
2705 5190 2907 5260 juratis
2957 5190 3294 5246 testimoniis
3337 5185 3692 5258 comperimus
3718 5188 3759 5233 et

2220 5277 2391 5335 fuisse
2456 5280 2636 5335 adhuc
2696 5281 2752 5334 in
2798 5282 2936 5336 vivis
2985 5281 3283 5352 legitimam
3350 5281 3512 5337 cralis
3560 5283 3760 5332 uxorem

2218 5372 2440 5440 quando
2469 5371 2520 5427 is
2555 5371 2720 5427 ﬁliam
2747 5371 2991 5429 Terteris
3029 5374 3087 5429 in
3121 5372 3539 5428 contubernium
3565 5363 3759 5423 ascivit.

2215 5471 2272 5516 et
2313 5463 2565 5519 eamdem
2600 5466 2712 5535 jam
2745 5465 2932 5520 vivere
2963 5467 3217 5532 desiisse,
3255 5463 3471 5535 quando
3495 5457 3646 5530 295
3675 5463 3758 5508 110³

2216 5571 2340 5610 eum
2375 5573 2636 5627 generum
2683 5559 2937 5615 fecimus.
2994 5560 3071 5615 Ex
3103 5560 3305 5631 quibus
3363 5566 3446 5614 est
3497 5548 3758 5610 manifeste

2215 5660 2564 5716 consequens
2593 5657 2648 5703 et
2683 5648 2849 5703 ﬁliam
2890 5649 3135 5705 Terteris
3187 5648 3326 5704 nihil
3372 5645 3476 5701 nisi
3511 5639 3755 5714 pellicem:

2215 5747 2271 5794 et
2319 5749 2596 5807 nostram,
2629 5751 2914 5814 utcunque
2966 5743 3316 5805 infantulam,
3357 5739 3554 5810 justam
3601 5726 3756 5798 legiti-

2218 5846 2470 5902 mamquc
2489 5831 2697 5888 Sorbia'
2723 5833 2988 5904 principis
3015 5849 3270 5904 sponsam
3286 5827 3578 5886 CXStiliSSC.
3604 5819 3754 5874 Ροιτο
