4018 6398
213 327 323 388 325

1164 330 1263 390 DE
1295 327 1740 391 ANDRONICO
1782 329 2248 391 PALAEOLOGO
2285 330 2434 394 LIB.
2479 330 2578 391 ιν.

3381 331 3492 408 326

208 439 308 511 τὴν
328 439 430 510 μὲν
457 439 774 518 συμϐαίνειν
805 435 947 494 εἶναι
980 442 1319 511 παράνομον,
1350 443 1449 514 τὴν
1507 445 1552 495 δ’
1599 444 1793 512 ἡμετέ-
1820 444 1866 502 Α
1896 444 1989 496 καὶ
2022 444 2507 515 προσεξευρίσκειν
2545 443 2760 514 ἀνάγκη
2806 441 3007 512 πόρους
3073 443 3152 508 είς
3204 444 3492 516 συλλογὴν,

212 549 335 603 ραν,
367 533 418 584 εί
448 534 543 586 καὶ
573 533 794 604 νηπίαν,
853 533 967 585 ἀλλ’
999 531 1091 585 οὖν
1141 534 1384 602 ἔννομον.
1440 534 1794 604 Καινοτομεῖ·

209 625 337 678 σθαι
361 625 422 678 δὲ
451 627 544 678 καὶ
575 625 788 696 χρόνον,
820 624 894 688 ὡς
928 626 1128 688 οἴδατε,
1186 625 1278 678 ἐπὶ
1318 628 1432 686 τοῖς
1492 625 1796 694 βασιλικοῖς

207 716 421 786 κήδεσι,
452 716 678 786 φέρουσι
707 717 800 771 καί
830 735 881 770 τι
916 719 1159 770 συνοῖσον
1189 717 1410 780 πάντως
1444 717 1531 771 διὰ
1581 717 1681 788 τὴν
1730 719 1795 771 ἐκ

207 809 308 874 τῆς
335 811 564 880 εἰρήνης
594 809 953 864 κατάστασιν.
985 811 1134 872 Τέως
1175 811 1232 864 δὲ
1270 813 1365 864 καὶ
1426 811 1598 873 οὕτως
1651 811 1799 880 ἐχόν-

202 918 316 954 των
335 902 495 971 ἡμῶν
527 905 624 972 τῆς
673 901 965 968 ἀπολογίας
1014 903 1148 972 ἡμῖν
1198 902 1296 971 μὲν
1353 903 1446 954 καὶ
1485 902 1658 955 ταῦτα
1701 903 1797 957 καλ⁸

201 991 380 1044 πλείω
415 993 677 1062 πράττειν
696 994 905 1062 ἀνάγκη
939 993 1074 1062 πρὸς
1103 995 1162 1045 τὸ
1195 994 1473 1064 συμφέρον
1505 995 1712 1058 κοινὸν,
1747 999 1795 1050 εί

199 1091 302 1138 καὶ
332 1087 534 1156 λυπήρ’
555 1087 691 1140 ἄττα
724 1087 1102 1156 ξυμπίπτοιεν,
1140 1088 1214 1150 ὡς
1269 1089 1516 1155 ἀλγεινὸν
1540 1091 1632 1142 καὶ
1677 1091 1795 1142 τόδε

198 1178 561 1248 διαφερόντος
593 1197 606 1210 ο
636 1181 766 1249 ὑμῖν
795 1181 850 1234 δὲ
882 1180 1191 1250 προκείσθω
1238 1179 1333 1233 καὶ
1375 1180 1529 1244 αὖθις
1561 1182 1638 1242 είς
1664 1183 1794 1235 σκέ-

194 1269 317 1337 ψιν,
357 1270 452 1323 καὶ
491 1271 518 1323 ὃ
544 1271 746 1336 δόξειεν
777 1271 842 1324 ἂν
873 1274 1029 1342 μόνον
1073 1275 1189 1343 μετ’
1215 1273 1436 1342 εὐλόγου
1475 1275 1570 1327 τοῦ
1625 1275 1798 1328 αἰτιά-

196 1379 402 1433 ματος,
439 1364 708 1433 συγχωρῶ
739 1364 1004 1432 γίνεσθαι.
1053 1367 1272 1422 Βασιλεῖ
1314 1369 1422 1438 γὰρ
1469 1365 1606 1420 εἶναι
1632 1367 1666 1437 ἣ
1696 1386 1800 1420 πα-

191 1453 374 1522 τέρας
406 1455 627 1526 ἑτέρους
659 1455 767 1508 τῶν
803 1457 1037 1527 νόμωνῆ
1069 1459 1260 1521 παῖδας
1285 1459 1473 1519 ἄλλους
1516 1458 1799 1528 Ῥωμαίων

191 1545 468 1599 ἁπάντων
527 1547 626 1598 οὐκ
670 1542 846 1616 οἶμαι.
890 1565 908 1598 ι
963 1547 1131 1602 Ταῦτ’
1185 1549 1337 1617 ἔλεγε
1386 1550 1660 1620 βασιλεὺς,
1705 1551 1800 1603 καὶ

191 1637 384 1690 ἐδόκει
413 1637 618 1691 πιθανά
647 1655 704 1690 τε
738 1637 933 1706 λέγων,
960 1640 1053 1694 καὶ
1079 1640 1176 1702 τὰς
1206 1641 1433 1710 γνώμας
1458 1643 1567 1694 τῶν
1589 1642 1799 1696 πολλῶν

191 1727 415 1782 ἔπειθε.
447 1728 712 1801 Δεύτερον
739 1730 806 1782 τὰ
829 1731 957 1800 περί
989 1748 1048 1783 τε
1074 1731 1166 1784 τοῦ
1198 1733 1393 1792 ἆλατος
1434 1733 1528 1787 καὶ
1580 1735 1800 1802 σιδήρου

193 1819 293 1873 καὶ
336 1799 709 1890 χρυσολογιῶν
743 1799 943 1889 ἐτέρων
967 1823 1304 1888 ἀπελογεῖτο,
1338 1823 1434 1895 τὴν
1462 1827 1650 1894 χρείαν
1835 1799 1874 1853 Β

194 1910 542 1980 ϐαλλόμενος
585 1911 680 1965 καὶ
715 1912 815 1982 τὴν
867 1913 959 1966 ἐπὶ
1001 1917 1110 1978 τοῖς
1159 1919 1355 1978 κοινοῖς
1408 1917 1677 1988 ἀνάγκην,
1726 1919 1801 1982 ὡς

195 2002 360 2056 οὐδὲν
389 2002 500 2056 τῶν
519 2002 748 2056 δεόντων
774 2006 901 2059 ἄνευ
933 2006 1230 2076 χρημάτων
1287 2008 1530 2077 πεφυκὸς
1558 2009 1616 2061 ὃν
1657 2010 1801 2078 γίνε-

199 2095 354 2150 σθαι.
395 2095 553 2164 Μηδὲ
583 2096 694 2167 γὰρ
722 2096 887 2161 αὐτὸς
905 2099 1106 2167 χρυσὸν
1135 2101 1354 2172 ἀγαπᾷν
1388 2103 1512 2173 μηδ’
1555 2105 1797 2175 ἄργυρον

199 2187 265 2241 τδ
297 2188 590 2259 παράπαν,
619 2191 667 2242 εί
703 2189 777 2261 μὴ
804 2189 1046 2260 βοηθοῖεν
1076 2193 1291 2263 χρείαις
1337 2197 1458 2258 ταῖς
1499 2196 1638 2264 ὑπὲρ
1688 2198 1799 2251 τῶν

218 2279 535 2351 Ῥωμαίων.
584 2281 721 2353 Παρ’
771 2283 840 2353 ἢν
901 2285 1080 2337 αἰτίαν
1130 2287 1518 2342 ἐκλελοιπότων
1582 2291 1800 2361 χρημά-

210 2391 313 2429 των
343 2378 444 2428 καὶ
474 2374 644 2445 ρόγας
670 2375 916 2447 συνήθως
963 2377 1240 2448 διδομένας
1293 2382 1792 2452 παρακατέχισθαι,

208 2554 488 2625 quidquid
514 2555 662 2611 inest
714 2555 978 2612 novitatis
1011 2557 1392 2627 praefestinato
1440 2563 1792 2621 matrimonio

209 2649 473 2718 puellula
515 2648 784 2718 impubis,
818 2665 919 2718 par
959 2661 1045 2704 est
1080 2651 1385 2706 condonari
1424 2655 1792 2723 principibus,

212 2743 457 2814 qualium
487 2743 764 2797 connubia
821 2742 878 2796 in
917 2742 1022 2797 hoc
1057 2743 1325 2813 privatam
1367 2748 1643 2801 excedunt
1670 2764 1793 2802 sor-

217 2847 349 2900 tem,
395 2835 544 2906 quod
596 2834 906 2890 intervallis
948 2835 1543 2907 observationibusque
1582 2849 1792 2908 tempo-

223 2941 342 2978 rum
372 2927 555 2980 minus
596 2924 838 2990 addicte,
888 2935 950 2978 ut
1004 2925 1188 2992 scitis,
1228 2927 1630 2998 obsequantur.
1673 2928 1794 2996 Quo

227 3015 284 3070 in
316 3031 510 3084 genere
537 3017 581 3072 si
615 3017 809 3072 liberis
828 3031 1022 3072 eorum
1053 3018 1790 3087 inclinationibusdefertur,

220 3114 273 3161 et
300 3106 478 3161 solum
497 3108 622 3177 quia
641 3108 777 3178 ipsis
803 3109 956 3174 libet,
982 3118 1258 3164 certorum
1289 3111 1563 3166 interdum
1585 3114 1788 3166 rituum

214 3199 390 3270 rigide
422 3215 451 3253 a
501 3200 719 3255 cunctis
769 3201 976 3272 alioqui
1042 3204 1253 3259 eacleris
1308 3204 1452 3273 exigi
1503 3206 1789 3261 solitorum

209 3293 384 3362 gratia
431 3292 544 3348 illis
581 3293 813 3364 egregiae
841 3294 1133 3364 privilegio
1180 3295 1465 3365 dignitatis
1500 3297 1649 3352 nullo
1681 3315 1791 3354 non

209 3383 418 3440 ferente
479 3385 577 3447 fit,
635 3379 842 3454 quanto
897 3385 962 3441 iis
1010 3397 1140 3440 tunc
1193 3388 1404 3457 aquius
1452 3389 1793 3457 ignoscatur,

205 3478 431 3546 quando
481 3477 870 3533 inaestimabile
895 3479 1248 3534 commodum
1307 3495 1518 3536 securae
1553 3483 1706 3552 pacis
1735 3483 1790 3538 in

207 3570 350 3640 longi
405 3571 784 3626 constantiam
839 3573 1106 3640 temporis
1157 3572 1275 3627 fixa:
1317 3575 1552 3643 quadam
1610 3576 1793 3632 minus

205 3665 343 3719 forte
371 3665 584 3719 usitata
622 3664 974 3733 praecocitale
1003 3667 1322 3736 nuptiarum
1361 3667 1703 3736 reipublicae,
1736 3671 1790 3726 ni

205 3759 280 3813 sic
315 3758 594 3822 facerent,
631 3757 1055 3825 periclitatum,
1081 3759 1192 3812 imo
1217 3760 1544 3830 gravissime
1577 3763 1794 3818 labora-

203 3859 336 3904 tura:
366 3847 764 3904 redemerim?
794 3847 1147 3904 Redemerint
1171 3860 1379 3917 autem,
1411 3861 1470 3906 ut
1499 3867 1599 3909 nos
1621 3871 1788 3922 nunc,

203 3941 405 3997 acerbo
434 3941 618 4010 pretio
643 3939 828 4010 gravis
866 3940 1189 3996 domesticae
1214 3943 1448 4010 jactur-re
1496 3957 1549 4000 et
1583 3947 1792 4003 charis-

206 4035 326 4089 simi
351 4018 559 4103 capitis
593 4031 926 4102 deplorabili
958 4032 1182 4102 longum
1215 4034 1514 4104 impendio.
1539 4035 1648 4093 Sed
1676 4038 1791 4096 haec

206 4133 390 4180 nostra
425 4125 788 4192 regnantium
823 4139 945 4180 sors
972 4132 1076 4191 est,
1125 4127 1330 4196 quibus
1359 4129 1602 4185 conditio
1637 4131 1791 4200 prin-

206 4211 420 4281 eipatus
457 4211 710 4267 ofﬁcium
746 4226 812 4267 ac
833 4215 1300 4270 necessitudinem
1335 4217 1573 4290 injungit
1595 4219 1709 4275 hate
1733 4229 1790 4276 et

207 4303 357 4372 plura
383 4305 748 4372 quantumvis
777 4319 1092 4361 aerumnosa
1138 4309 1484 4380 molestaque
1509 4328 1608 4382 pro
1635 4329 1789 4369 como

204 4394 356 4448 muni
393 4394 638 4450 utilitate
666 4395 970 4452 subeundi.
998 4395 1254 4454 Peroravi
1275 4401 1545 4457 hactenus
1571 4402 1782 4459 Serbici

1901 535 2020 588 Ἵνα
2049 537 2179 603 γοῦν
2209 539 2303 589 καὶ
2338 535 2649 606 κινοίμεθα,
2687 536 2892 606 ἔλεγεν.
2944 537 3146 607 Ἐπῆγε
3185 537 3240 589 δὲ
3265 538 3360 590 καὶ
3390 537 3492 607 βα-
3540 593 3547 600 ,

1901 629 2066 691 σιλεῖς
2096 629 2374 699 ἀρχαίους,
2433 630 2526 682 καὶ
2566 629 2768 698 μᾶλλον
2818 627 2909 682 τὸν
2948 628 3224 697 Ἰωάννην,
3279 627 3488 699 ὁπόσην

1898 721 1997 788 τὴν
2033 720 2171 790 ὑπὲρ
2203 721 2312 795 τῶν
2346 722 2646 792 χρημάτων
2682 715 2794 790 εἶχε
2826 719 3080 791 σπουδὴν,
3115 719 3190 781 ὡς
3221 719 3488 788 ὲγκληθὲν

1900 811 2053 880 παρά
2071 829 2178 864 των
2199 813 2283 864 ὅτι
2308 814 2569 882 χρήματα
2591 813 3006 882 είσκομίσαντες
3035 811 3136 864 οὐκ
3163 809 3490 875 ἐξαπιναίως

1901 904 2052 974 παρὰ
2085 902 2191 955 τῶν
2215 905 2271 956 ἐν
2299 905 2379 968 τῷ
2413 903 2576 973 κοινῷ
2603 904 2834 972 ταμιείῳ
2873 904 3103 972 ἐχόντων
3148 902 3245 970 τὴν
3296 901 3486 971 ὲνοχὴν

1902 994 2305 1064 προσδεχθεῖεν,
2336 995 2503 1064 ὀργὴν
2561 996 2958 1065 προστριὸἧναι
3011 997 3125 1058 τοῖς
3170 993 3244 1064 μὴ
3277 1010 3488 1061 παρευ·

1903 1083 1998 1146 θὺς
2041 1085 2358 1152 δεξαμένοις
2424 1089 2609 1155 τόσην,
2662 1086 2803 1139 ὥστε
2837 1089 2930 1140 καὶ
2983 1087 3101 1148 ἑνὸς
3153 1087 3232 1148 είς
3274 1084 3486 1148 Λαξοὺς

1901 1177 2160 1244 φυγόντος
2192 1178 2402 1247 θατέρῳ
2437 1179 2651 1248 πληγὰς
2697 1183 2760 1232 ἐκ
2813 1181 3162 1248 προστάξεως
3215 1176 3486 1230 ἑντεινάν-
3519 1229 3522 1232 λ

1901 1285 2008 1320 των
2061 1269 2332 1338 συμϐῆναι
2383 1269 2460 1340 τῷ
2519 1272 2638 1324 τότε
2699 1273 2923 1342 ἡμερῶν
2955 1271 3150 1338 ὀλίγων
3205 1270 3484 1324 τεθνάναι.

1905 1361 2126 1430 Παρῆγε
2157 1362 2211 1414 δὲ
2249 1366 2344 1416 καὶ
2375 1365 2627 1432 μάρτυρα
2647 1365 2756 1416 τῶν
2789 1365 3098 1435 λεγομένων
3125 1363 3212 1416 τὸν
3243 1363 3365 1414 τότε
3395 1363 3485 1414 λος

1903 1453 2208 1523 γαριαστὴν
2239 1455 2340 1519 τῆς
2385 1455 2555 1524 αὐλῆς
2593 1456 2892 1524 ΙνΑγγελον.
2931 1451 3005 1510 Οὖ
3053 1457 3146 1508 καὶ
3202 1453 3483 1523 παρευθὺς

1903 1541 1996 1594 ἐπὶ
2030 1542 2204 1612 τούτῳ
2229 1545 2440 1597 οἴκοθεν
2464 1547 2860 1614 εἰσκληθέντος,
2889 1547 2948 1599 τὸ
2973 1547 3071 1614 μὲν
3101 1545 3366 1598 είσελΟεῖν
3383 1544 3481 1597 καὶ

1903 1635 2066 1688 αὐτὸν
2096 1637 2270 1688 εἰπεῖν
2310 1637 2409 1688 οὐκ
2444 1638 2702 1708 ἐνεχώρει
2757 1639 3041 1705 γίνεσθαιο
3089 1637 3328 1706 ὀφφικίῳ
3374 1634 3484 1705 γὰρ

1904 1730 2286 1798 τετιμημένων
2311 1729 2422 1782 τῶν
2449 1730 2624 1784 ἄλλων
2645 1729 2971 1800 καθημένων
2995 1731 3198 1782 ἐκεῖνον
3227 1729 3480 1782 ἵστασθαι

1904 1819 2003 1872 οὐκ
2032 1813 2271 1874 ἐδικαίου
2299 1823 2326 1874 ὁ
2356 1821 2632 1890 βασιλεὺς,
2661 1822 2988 1885 καθέζεσθαι
3015 1821 3068 1875 δὲ
3095 1821 3258 1874 πάλιν
3283 1819 3479 1874 εἰσιόνε

1903 1930 1973 1967 τα
2003 1915 2371 1984 παρακαίριον
2400 1915 2567 1979 ἔδοξε.
2614 1915 2704 1968 Διὸ
2734 1914 2797 1984 δὴ
2829 1917 2926 1968 καί
2947 1933 3008 1981 γε
3062 1914 3139 1982 τῷ
3174 1913 3484 1981 συγγραφεῖ

1902 2002 2009 2054 τῶν
2047 2003 2326 2067 τοιούτων,
2354 2005 2448 2057 καὶ
2471 2004 2706 2075 δευτέρῳ
2736 2003 2845 2058 τῶν
2885 2005 2948 2058 ὲκ
2980 2004 3072 2058 τοῦ
3125 2004 3330 2071 κλήρου
3384 2001 3482 2055 καὶ

1902 2093 2055 2164 αὐτῷ
2104 2095 2342 2165 τιμίων,
2407 2097 2560 2166 παρὰ
2609 2097 2870 2167 βασιλέως
2921 2097 3121 2164 ὥριστο
3166 2093 3482 2159 ἐξελθόντας

1900 2187 2112 2258 ἐρωτᾷν
2141 2189 2233 2241 καὶ
2267 2187 2633 2242 πυνθάνεσθαι
2660 2189 2848 2242 τούτου
2892 2190 3013 2259 περὶ
3055 2180 3130 2240 ὧν
3170 2189 3198 2240 ὁ
3226 2184 3479 2255 βασιλεὺς

1901 2277 2076 2344 ἔλεγε.
2111 2280 2218 2332 Καὶ
2255 2281 2441 2348 γέγονε
2470 2281 2663 2345 ταῦτα,
2701 2283 2799 2335 καὶ
2835 2282 3200 2351 ἐμαρτυρεῖτο
3237 2280 3297 2331 τὸ
3325 2276 3480 2345 λεγό-

1904 2388 2065 2441 μενον
2099 2367 2182 2442 [Ρ.
2215 2371 2344 2444 206]
2381 2373 2597 2444 ἀληθὲς,
2626 2374 2789 2427 πλέον
2825 2373 3073 2436 εἰπόντος
3123 2371 3334 2426 ἐκείνου
3385 2367 3484 2425 καὶ

1901 2549 2216 2605 communis
2249 2547 2507 2604 utilitatis
2534 2547 2931 2617 expendenda}.
2959 2546 3238 2616 Ejusmodi
3274 2546 3478 2617 quippe

1901 2641 2248 2709 negotiorum
2293 2655 2412 2693 eam
2467 2653 2592 2692 esse
2641 2646 2900 2691 naturam
2944 2647 3006 2691 ut
3048 2637 3168 2692 sine
3225 2652 3486 2691 nummo-

1898 2748 2018 2786 rum
2051 2732 2329 2800 impendio
2361 2731 2558 2786 confici
2602 2740 2877 2800 nequeant
2907 2747 2922 2786 :
2967 2731 3133 2802 296
3165 2747 3223 2786 se
3255 2746 3356 2786 nec
3381 2746 3480 2786 au-

1898 2839 2019 2877 rum
2051 2823 2211 2894 plane
2263 2839 2451 2878 amare
2505 2838 2607 2878 nec
2669 2832 2982 2892 argentum,
3031 2824 3140 2877 nisi
3207 2831 3484 2892 quaternis

1893 2914 2153 2985 juvanda:
2188 2914 2505 2982 reipublicm
2533 2915 2642 2968 vim
2667 2914 2906 2969 habeant
2937 2913 3274 2983 expedienda
3302 2914 3478 2969 facul-

1901 3016 2013 3061 tate
2041 3007 2367 3061 salutarium
2418 3006 2636 3077 publice
2668 3007 3056 3063 consiliorum.
3103 3007 3316 3063 Justum
3353 3008 3478 3063 auri

1901 3114 2062 3152 usum
2093 3114 2151 3153 se
2177 3098 2420 3154 carendo
2455 3099 2601 3154 tristi
2641 3098 2734 3154 diu
2778 3099 3119 3168 experientia
3188 3099 3476 3169 probasse,

1895 3191 2223 3260 jampridem
2255 3203 2505 3247 coactum
2533 3192 2828 3261 pensiones
2854 3192 3123 3247 ministris
3157 3192 3474 3260 reipublicae

1897 3284 2028 3339 olim
2061 3284 2319 3340 decretas
2348 3293 2406 3338 et
2433 3299 2498 3339 ex
2527 3286 2688 3352 longo
2717 3285 2853 3337 solvi
2891 3299 3099 3340 summa
3137 3285 3241 3338 fide
3278 3283 3474 3339 solitas

1897 3377 2330 3446 detinere;quae
2387 3377 2503 3446 ipsa
2557 3376 2914 3432 odiosissima
2970 3377 3312 3446 parcimonia
3345 3393 3472 3431 cum

1897 3484 2007 3523 non
2049 3469 2294 3525 sufficiat
2342 3470 2702 3540 expediendis
2737 3471 2941 3541 quibus
2993 3479 3168 3524 status
3217 3479 3270 3523 et
3322 3470 3472 3523 salus

1897 3561 2117 3630 imperii
2162 3572 2379 3616 ematur
2408 3561 2741 3630 sumptibus,
2799 3561 3038 3628 aliquam
3093 3563 3280 3628 utique
3319 3560 3474 3612 inve-

1895 3656 2153 3711 niendam
2190 3657 2555 3712 extundendae
2607 3657 2976 3724 undecunque
3008 3657 3260 3727 pecuniae
3301 3655 3475 3710 ratio-

1893 3761 2047 3802 nem.
2073 3748 2248 3813 Quam
2281 3755 2466 3802 autem
2498 3748 2641 3802 hanc
2676 3748 2840 3802 aliam
2879 3763 2908 3803 a
2961 3748 3254 3802 collatione
3286 3749 3474 3802 subdi-

1894 3850 2073 3894 torum
2107 3839 2452 3895 comminisci
2500 3840 2627 3909 quis
2669 3839 2881 3894 valeat?
2918 3857 2936 3890 ι
2975 3837 3079 3893 Sed
3123 3853 3474 3894 commovea-

1893 3949 2154 4004 tnus,age
2185 3949 2340 4000 sane,
2375 3935 2632 4004 subjecit,
2666 3933 3120 4004 disputationem,
3149 3943 3357 3988 retorto
3395 3933 3464 3987 ad

1893 4026 2213 4081 memoriam
2251 4027 2666 4095 principatuum
2719 4035 2866 4081 retro
2915 4025 3194 4096 lapsorum
3225 4041 3254 4080 a
3288 4029 3468 4082 nostri

1890 4117 2144 4173 hodierni
2174 4119 2510 4188 experientia
2541 4117 2743 4173 mentis
2783 4119 3006 4172 intuitu.
3055 4136 3073 4170 ι
3132 4117 3352 4173 lnduxit
3382 4121 3470 4175 hic

1891 4210 2259 4280 imperatores
2311 4209 2596 4279 antiquos,
2659 4220 2714 4264 et
2761 4209 3002 4263 maxime
3040 4207 3335 4275 Joannem,
3371 4209 3470 4266 de-

1889 4309 2210 4356 monstrans
2244 4309 2513 4371 quantum
2546 4300 2677 4356 huic
2726 4299 2968 4356 studium
3030 4300 3191 4354 fuerit
3225 4303 3469 4371 pecunias

1890 4390 2321 4463 congreganda,
2353 4407 2420 4446 eo
2464 4390 2683 4461 quidem
2729 4406 2905 4460 usque
2953 4400 3014 4446 ut
3049 4391 3228 4445 delata
3259 4393 3309 4447 ei
3362 4394 3469 4446 ali-

205 4481 431 4540 foederis
477 4499 732 4550 causam,
777 4493 833 4540 et
875 4486 1011 4556 quid
1066 4488 1120 4542 in
1162 4503 1228 4543 eo
1289 4505 1500 4561 curque
1552 4491 1780 4548 fecerim
1809 4491 1863 4551 ι)
1891 4484 2112 4554 quando
2173 4484 2395 4553 querela
2455 4499 2550 4553 per
2589 4482 2857 4552 quosdam
2900 4484 3327 4537 convehentinm
3367 4501 3461 4553 pe-

201 4579 459 4650 exposui,
495 4579 697 4634 vestris
747 4580 816 4632 de
859 4579 1076 4651 integro
1126 4584 1423 4640 sententiis
1457 4586 1784 4652 permittens

201 4667 330 4735 quid
374 4682 525 4721 nunc
557 4669 705 4722 circa
742 4667 848 4721 hoc
878 4683 909 4722 a
940 4683 1028 4723 me
1066 4668 1185 4724 fieri
1217 4671 1422 4734 velitis,
1455 4685 1682 4742 paratus
1715 4676 1784 4730 ad

202 4765 398 4813 nutum
436 4767 678 4813 vestrum
713 4759 1009 4815 emendare
1041 4775 1105 4815 ac
1130 4761 1314 4831 quoad
1358 4771 1549 4832 potero
1587 4764 1786 4822 refrin-

199 4865 352 4918 gere,
379 4849 427 4904 si
461 4849 593 4918 quid
638 4850 714 4905 ibi
762 4851 1197 4917 reprehensibile
1229 4853 1540 4911 rationibus
1565 4857 1782 4914 idoneis

199 4941 671 4997 monstraveritis.
700 4941 848 4996 Nihil
881 4943 1215 5013 excipimus,
1245 4947 1482 5016 prompti
1507 4947 1572 5001 ad
1596 4949 1782 5004 omnia

195 5032 314 5087 sine
341 5031 458 5085 ullo
486 5032 827 5101 privatarum
849 5033 1320 5090 necessitudinum
1359 5044 1451 5090 aut
1485 5036 1780 5092 aﬂectuum

195 5132 462 5194 respectu
529 5143 543 5178 :
607 5123 908 5194 imperanti
968 5124 1116 5179 enim
1173 5127 1314 5182 alios
1350 5137 1607 5196 parentes
1659 5143 1781 5184 esse

193 5232 363 5287 quam
398 5218 572 5287 leges,
601 5215 745 5271 filios
782 5217 921 5272 alios
954 5233 1120 5286 quam
1155 5217 1435 5274 Romanos
1469 5222 1778 5285 universos,

194 5309 456 5377 equidem
483 5325 592 5365 non
620 5317 775 5380 puto.
829 5329 848 5361 ι
878 5308 1005 5364 llaec
1044 5309 1264 5365 loeutus
1314 5311 1616 5380 imperator
1653 5328 1780 5382 pro-

193 5399 396 5453 babilia
453 5400 663 5455 dixisse
707 5399 862 5454 visus
895 5409 997 5464 est,
1059 5408 1112 5456 et
1167 5401 1468 5455 multorum
1507 5402 1559 5456 in
1620 5418 1775 5458 suam

193 5492 523 5546 sententiam
556 5505 852 5546 assensum
887 5495 1076 5545 traxit.
1105 5491 1268 5546 Aliud
1302 5494 1671 5549 accusationis
1692 5495 1775 5550 sui

192 5593 358 5652 caput
383 5583 453 5639 de
483 5584 602 5639 sale
634 5599 702 5637 ac
741 5582 890 5638 ferro
929 5583 1166 5654 aliisque
1219 5586 1343 5639 auri
1388 5587 1776 5642 exaCtiouibus

194 5675 392 5730 deinde
446 5675 732 5747 purgavit,
781 5675 963 5729 aerarii
1024 5685 1326 5746 egestatem
1384 5678 1689 5734 obtendens
1723 5689 1777 5734 et

195 5767 608 5826 ineluctabilem
643 5766 1036 5824 necessitatem
1061 5768 1284 5839 grandis
1312 5769 1558 5839 pecuniae
1593 5771 1646 5825 in
1687 5785 1774 5826 res

1888 4577 2106 4632 cuniam
2147 4574 2424 4644 publicam
2453 4577 2520 4629 de
2545 4575 2878 4644 negligentia
2919 4575 3212 4628 custodum
3257 4577 3462 4643 aerarii,

1887 4669 2137 4738 accipere
2165 4667 2351 4721 statim
2407 4683 2528 4722 eam
2561 4677 2614 4721 et
2646 4667 2794 4721 intro
2853 4670 3150 4722 recondere
3200 4667 3458 4723 dim-ren-

1888 4758 2049 4823 tium,
2085 4765 2236 4811 tanta
2277 4758 2356 4810 ira
2400 4756 2675 4812 exarserit
2736 4757 2790 4810 in
2824 4757 3110 4824 ministros
3147 4759 3285 4812 duos
3332 4760 3462 4814 talis

1889 4849 2252 4920 indiligentia:
2280 4859 2616 4918 compertos,
2644 4857 2702 4902 ut
2723 4863 2914 4903 eorum
2953 4849 3126 4902 altero
3161 4859 3306 4903 metu
3337 4867 3467 4920 sup-

1888 4942 2057 5012 plicii,
2095 4941 2162 4994 ad
2203 4940 2378 4996 Lazos
2415 4941 2536 5010 fuga
2599 4940 2805 5003 delato,
2849 4942 3290 5011 comprehensus
3319 4944 3460 5000 alter

1887 5039 1967 5085 tot
1994 5040 2218 5100 tamque
2241 5031 2501 5102 gravibus
2531 5030 2691 5100 jussu
2732 5030 2961 5100 Augusti
2995 5033 3255 5086 concisus
3285 5032 3460 5102 plagis

1885 5123 2072 5189 fuerit,
2101 5139 2225 5192 qua;
2268 5124 2628 5178 verisimilem
2672 5124 2987 5192 opinionem
3022 5126 3320 5180 multorum
3369 5125 3454 5180 fe-

1882 5214 2060 5269 cerint
2083 5215 2207 5283 ejus
2243 5213 2455 5268 obitum
2488 5213 2679 5283 paucis
2702 5214 2898 5268 diebus
2924 5226 3047 5283 post
3077 5223 3325 5270 secutum
3358 5214 3448 5269 isti

1884 5306 2235 5378 ﬂagellationi
2303 5307 2685 5362 tribuentium.
2743 5308 2842 5362 Rei
2909 5308 2991 5362 sic
3052 5318 3218 5378 gestae
3258 5315 3454 5362 testem

1884 5399 2114 5469 protulit
2155 5407 2286 5452 tunc
2319 5398 2669 5466 logarlastem
2734 5399 2872 5454 aulae
2919 5398 3212 5469 Angelum,
3244 5413 3352 5467 quo
3383 5396 3454 5452 ad

1882 5491 1986 5545 hoc
2011 5492 2190 5561 ipsum
2221 5491 2587 5559 profitendum
2623 5493 2810 5550 statim
2861 5492 3026 5548 domo
3079 5493 3282 5553 accito,
3325 5506 3451 5546 cum

1879 5585 2125 5652 quwdatn
2159 5584 2406 5641 obstaret
2428 5585 2868 5642 inconvenientia
2895 5602 2962 5640 ne
2993 5588 3038 5642 is
3072 5587 3215 5640 intro
3245 5583 3452 5637 admis-

1881 5692 1974 5732 sus
2011 5693 2196 5730 coram
2229 5686 2375 5732 coetu
2405 5689 2694 5748 appareret
2741 5681 3021 5748 (quoniam
3059 5681 3186 5733 hinc
3225 5678 3448 5746 quidem

1879 5767 2056 5822 virum
2089 5768 2259 5826 officii
2296 5771 2502 5828 honore
2528 5770 2850 5826 decoratum
2901 5783 3049 5826 stare
3107 5771 3224 5825 aliis
3259 5767 3448 5823 consi-
