4018 6468
531 362 630 424 3ΞἹ

1714 363 1763 422 G
1775 362 1976 421 EORG
1987 362 2045 419 ll
2083 362 2274 420 PACl-l
2289 362 2321 416 Υ
2335 361 2382 415 Μ
2397 361 2495 416 ΕΠ
3647 368 3735 419 mg

527 477 621 529 τὸν
645 472 755 526 τῶν
776 473 998 544 ἡμερῶν
1036 472 1267 544 ἀριθμὸν
1301 471 1396 526 καί
1423 489 1486 538 γε
1508 471 1604 542 τὴν
1624 471 1718 526 τοῦ
1749 472 1981 528 θανάτου
2015 473 2103 523 νόο
2137 474 2176 526 Α
2206 473 2304 540 τῆς
2360 471 2530 540 τιμῆς
2585 470 2827 541 ἔχεσθαι.
2892 469 3058 524 Ταῦτ’
3110 466 3202 523 οὖν
3259 472 3452 535 ἐκεῖνος
3523 475 3736 544 λιπαρῶς

529 579 622 619 σον
661 565 740 635 τῷ
775 565 1156 636 τελευτήσαντι
1189 582 1202 595 ·
1255 566 1528 637 τέσσαρας
1590 565 1696 635 γὰρ
1752 567 1964 636 ἡμέρας
2013 565 2109 617 καὶ

527 657 852 729 αἱμόρῤοιαν
885 658 1267 728 ἐπισυμῦᾶσαν
1295 659 1374 726 τῷ
1405 658 1651 727 αἰκισμῷ
1689 657 1788 725 τὴν
1820 656 1914 709 τοῦ
1945 656 2109 709 θανά-

528 763 622 802 του
645 750 822 801 αἰτίαν
851 750 1317 819 προσεμαρτύρει.
1348 744 1491 803 ’Ἦκε
1539 750 1585 804 δ’
1608 752 1636 804 ὁ
1667 750 1824 819 λόγος
1868 753 1960 804 καὶ
2002 749 2110 802 τῶν

535 842 664 910 περὶ
687 842 796 894 τῶν
821 841 1131 910 ἀναφορῶν,
1160 844 1254 894 καὶ
1285 843 1404 910 μεθ’
1436 843 1518 896 ὅτι
1551 842 1777 894 πλεῖστα
1798 841 1862 911 δὴ
1890 841 1961 893 τὰ
1990 842 2112 910 λεχ-

531 929 715 994 θέντα,
740 931 824 998 ὲφ’
857 927 939 992 οἷς
973 933 1000 982 ὁ
1023 930 1319 998 βασιλεύων
1341 932 1552 984 ἐδείκνυ
1579 934 1640 984 τὸ
1680 933 1814 1001 πρὸς
1864 933 1953 984 τὸν
2002 949 2108 984 πα-

529 1038 802 1092 τριαρχην
851 1023 1272 1094 συγκεχωρηκὸς
1329 1025 1413 1092 ἐφ’
1459 1023 1630 1076 ἅπασι
1691 1023 1873 1093 σχεδὸν
1918 1024 1950 1094 ἢ
2002 1026 2112 1085 τοῖς

535 1115 831 1177 πλείστοις,
858 1115 1037 1186 διῄρει
1073 1116 1140 1168 τὰ
1165 1117 1708 1185 προσαναφερὸμενα,
1734 1115 1828 1168 καὶ
1851 1116 1986 1170 ἄλλα
2014 1123 2111 1186 μὲν

533 1205 702 1258 ἐτίθει
735 1207 800 1258 τά
828 1208 946 1259 κατ’
982 1209 1230 1277 ἀνάγκην
1258 1209 1612 1278 προκείμενα,
1641 1207 1677 1261 ἃ
1712 1208 1833 1278 μηδ’
1866 1206 2006 1260 εἷναι
2030 1209 2111 1260 δί-

535 1315 694 1350 καιον
724 1299 1074 1367 παρορᾶσθαι
1099 1299 1188 1351 διὰ
1206 1298 1306 1368 τὴν
1331 1301 1473 1352 κατὰ
1492 1299 1552 1351 τὺ
1581 1299 1790 1352 δίκαιον
1809 1300 2110 1364 δυσωπίαν,

533 1389 671 1444 ἄλλα
691 1389 748 1443 δέ
778 1407 841 1458 γε
865 1393 934 1442 τὰ
965 1392 1106 1445 κατὰ
1129 1393 1290 1462 χάριν
1332 1393 1723 1461 προτεινόμενα
1745 1392 1825 1454 εἴς
1854 1410 1918 1460 γε
1934 1391 2111 1457 λύσιν,

532 1481 619 1550 ἐφ’
645 1480 723 1544 οἷς
742 1483 836 1534 καὶ
868 1483 1232 1546 ὑπακούοντος
1261 1485 1357 1553 μὲν
1392 1485 1551 1554 χάριν
1571 1481 1711 1537 εἷναί
1734 1487 1806 1548 οἱ,
1847 1485 1921 1554 μὴ
1943 1501 2113 1537 κατα-

534 1572 781 1637 νεύοντος
805 1575 860 1626 δέ
892 1575 966 1645 μὴ
998 1576 1172 1628 δοκεῖν
1209 1576 1434 1639 δικαίως
1455 1577 1643 1629 λυπεῖν
1668 1578 1758 1631 τὸν
1799 1577 2112 1645 ἀποτυγχά-

535 1683 716 1719 νοντα.
735 1667 1031 1719 Συνάπτειν
1044 1667 1098 1719 δὲ
1112 1667 1280 1721 ταῦτα
1295 1669 1660 1738 πατριάρχην,
1681 1670 1772 1720 καὶ
1789 1668 1846 1719 ἓν
1863 1667 2112 1738 ἡγεῖσθαι

535 1758 603 1809 τὰ
635 1759 834 1828 τρόπον
866 1759 1178 1828 ὀρισμάτων
1207 1759 1412 1813 Μυσῶν
1429 1762 1523 1813 καὶ
1553 1761 1743 1814 Λυδὼν
1770 1761 2110 1830 διιστάμενα,

537 1848 633 1900 καὶ
672 1848 757 1900 διὰ
779 1849 936 1900 τοῦτο
955 1849 1240 1901 λυπεῖσθαι
1262 1851 1309 1900 εί
1346 1848 1403 1902 ἐν
1428 1865 1571 1902 τισιν
1604 1849 2002 1917 ἀσυγκάταινος
2027 1848 2112 1916 εἴη

530 1939 836 2009 ὁβασιλεὺς
866 1941 967 1991 ούκ
1006 1940 1148 2010 ἔχειν
1193 1940 1253 1992 τὸ
1299 1939 1521 2008 εὔλογον
1575 1939 1904 2010 ἰσχυρίζετο.
1965 1940 2115 2002 Τέως

529 2030 589 2084 δὲ
616 2031 712 2082 καὶ
741 2029 1143 2100 καθυπόσχεσιν
1176 2031 1477 2099 ἐπενέγκας
1509 2030 1584 2094 ὡς
1641 2031 1887 2101 εὐμενῶς
1939 2030 2118 2084 ἐντεῦ-

531 2124 623 2173 θεν
651 2122 745 2174 καὶΙ
798 2121 1051 2174 ἀκούοιτο
1082 2122 1176 2174 καὶ
1230 2121 1595 2191 συμπράξειε,
1653 2121 1889 2176 διαλύειν
1925 2140 1985 2176 τε
2015 2122 2116 2193 τὴν

530 2210 709 2282 λύπην
746 2212 901 2282 ἠξίου
943 2215 1038 2265 καὶ
1084 2213 1454 2283 μικροψυχίας
1505 2216 1685 2279 πάσης
1732 2215 2117 2286 ἀπαλλαγέντα

533 2394 791 2448 dentibus
822 2394 967 2448 haud
1021 2409 1243 2463 aequum
1299 2394 1568 2450 censebat
1622 2396 1948 2466 imperator,
1987 2413 2114 2451 rur-

534 2504 632 2542 sus
668 2496 848 2541 autem
891 2489 1082 2542 sedere
1117 2489 1187 2543 ibi
1217 2505 1341 2543 eum
1402 2490 1496 2558 qui
1529 2503 1639 2544 non
1670 2489 1737 2543 ad
1773 2490 2111 2544 censendttm

531 2583 599 2634 de
635 2582 870 2650 negotiis
901 2581 1224 2650 propositis,
1250 2580 1344 2636 sed
1378 2582 1446 2635 ad
1477 2581 1660 2636 brevis
1707 2583 1962 2651 responsi
1995 2595 2114 2638 sta-

532 2675 628 2726 tim
664 2675 1064 2743 expediendam
1106 2675 1482 2730 redditionem
1532 2686 1846 2740 vocaretur,
1906 2676 2109 2730 intern-

530 2768 804 2838 pestivnm
870 2766 1180 2836 videbatur)
1232 2767 1476 2836 scriptor
1532 2767 1696 2837 hujus
1750 2767 1998 2822 historiae
2061 2776 2114 2821 et

531 2860 676 2912 alius
710 2874 741 2913 e
771 2861 944 2923 clero,
977 2868 1033 2913 et
1071 2859 1190 2929 ipse
1224 2859 1387 2928 297
1422 2861 1490 2914 ab
1521 2860 1773 2928 Augusto
1805 2861 1982 2929 magni
2018 2859 2117 2912 ha-

531 2950 701 3010 bitus,
734 2951 875 3017 jussi
911 2949 980 3001 ab
1007 2963 1072 3002 eo
1103 2958 1233 3002 sunt
1265 2949 1449 3017 egredi
1489 2957 1544 3004 et
1574 2948 1712 3004 foris
1768 2949 2114 3016 interrogare

534 3041 886 3108 logariastem
917 3040 986 3094 de
1032 3041 1099 3094 iis
1127 3055 1249 3107 quae
1275 3041 1490 3097 dixerat
1534 3041 1855 3109 imperator.
1889 3039 2112 3094 Factum

2213 563 2389 631 ὴξίου,
2453 563 2549 616 καὶ
2599 563 2725 624 τοὺς
2782 561 2974 625 ἄλλους
3015 555 3129 632 εἶχε
3174 560 3536 626 ξυναξιοῦντάς
3581 578 3634 614 τε
3659 566 3740 617 καὶ

2214 654 2641 724 συμπείθοντας.
2682 655 2988 708 Κάντεῠθεν
3033 655 3062 707 ὀ
3089 654 3312 724 γηραιὸς
3349 655 3540 717 ἐκεῖνος
3597 655 3741 724 μαλα-

2214 745 2422 808 κισθεὶς
2451 742 2539 817 (ἦν
2561 747 2670 814 γὰρ
2703 747 2821 808 ταῖς
2858 744 3137 814 ἀληθείαις
3174 745 3267 797 καὶ
3294 745 3387 815 τὴν
3436 744 3643 815 γνώμην
3670 745 3744 796 εύ-

2213 835 2483 905 ένδοτος),
2529 835 2924 906 παροτρυνθεὶς
2977 837 3056 897 είς
3106 835 3260 888 τοῦτο
3323 837 3413 889 καὶ
3463 834 3603 904 παρὰ
3653 836 3744 888 τῶν

2215 931 2364 984 ἰδίων
2393 929 2704 993 κατανεύει,
2743 930 2838 982 καὶ
2875 929 3084 998 βασιλεῖ
3109 928 3348 994 ἀξιοῦντι
3390 929 3638 990 πείθεται,
3667 929 3747 980 καὶ

2214 1025 2667 1095 καθυπισχνεῖται
2711 1025 2910 1079 αὐτίκα
2940 1027 3056 1078 ἐκεῖ
3085 1025 3246 1094 μόνον
3270 1023 3519 1090 μείναντα
3557 1019 3638 1072 ὑπ’
3666 1019 3748 1071 σύ-

2214 1119 2316 1188 γάς
2344 1119 2446 1181 τὰς
2473 1117 2696 1187 πρώτας
2733 1119 2793 1172 τὸ
2844 1119 3232 1188 πατριαρχεῖον
3280 1113 3612 1167 καταλαϐεῖν.
3660 1103 3750 1162 ’ῐέ-

2213 1229 2338 1280 γονε.
2367 1211 2547 1276 τοῦτο,
2579 1211 2674 1264 καὶ
2699 1212 2731 1280 ἡ
2758 1213 2857 1280 τῆς
2893 1208 3255 1278 ’Υπαπαντῆς
3279 1206 3438 1276 ἑορτὴ
3468 1206 3555 1259 τὸν
3585 1219 3750 1272 πατρι-

2215 1303 2389 1374 άρχην
2409 1305 2501 1356 ἐπὶ
2523 1303 2622 1372 τῆς
2653 1302 2946 1374 ἐκκλησίας
2974 1305 3096 1373 ὁρᾷ.

2350 1488 2404 1535 ι’.
2434 1480 2573 1551 Περὶ
2603 1478 2722 1536 τῶν
2745 1481 2893 1535 κατὰ
2919 1481 3027 1535 τὸν
3064 1479 3315 1550 Ἐφέσου
3358 1479 3646 1547 Ἰωάννην.

2300 1661 2442 1716 Ἀλλ’
2472 1662 2572 1715 οὐκ
2601 1656 2668 1732 ἦν
2699 1661 2792 1714 καὶ
2814 1661 3034 1723 ἐσαῦθις
3081 1660 3171 1712 τὸν
3217 1659 3311 1714 τοῦ
3357 1660 3600 1730 Τελχῖνος
3649 1661 3760 1729 ἡρε-

2221 1754 2340 1820 μεῖν
2371 1749 2585 1818 φθόνον,
2618 1747 2701 1820 [Ρ.
2733 1747 2858 1820 205]
2895 1750 3007 1802 ἀλλ’
3031 1749 3191 1820 ἔαρος
3230 1749 3513 1812 ἐνστάντος
3543 1747 3760 1801 ἐντεῦθεν

2219 1845 2312 1896 καὶ
2345 1843 2452 1894 τῶν
2484 1841 2800 1912 πασχαλίων
2825 1841 3147 1894 διελθουσῶν
3192 1841 3220 1891 ὁ
3255 1841 3382 1910 περὶ
3417 1841 3510 1894 τοῦ
3563 1839 3758 1907 Ἐφέσου

2230 1933 2477 1986 Ἰωάννου
2511 1933 2669 2001 λόγος
2706 1934 2961 1986 κινεῖται.
3015 1934 3125 1986 Καὶ
3156 1931 3411 1999 βασιλεὺς
3469 1934 3564 2003 μὲν
3625 1933 3763 1995 αὐτὸς

2215 2024 2492 2095 ὁμολογῶν
2528 2025 2608 2087 εἰς
2655 2024 2815 2076 αύτὺν
2855 2025 3143 2094 ἁμαρτεῖν,
3193 2055 3265 2066 --
3313 2024 3448 2096 μηδὲ
3500 2026 3602 2095 γὰρ
3646 2020 3763 2076 εἶναι

2217 2117 2376 2171 άλλον
2405 2116 2498 2168 τὸν
2527 2114 2952 2186 καθαιρήσοντα,
2985 2115 3118 2168 ἀλλὰ
3155 2115 3315 2185 μόνον
3339 2117 3400 2168 τὸ
3422 2117 3668 2184 σφέτερον
3691 2114 3768 2167 θέ-

2217 2209 2368 2280 λημα
2398 2208 2486 2262 διὰ
2513 2207 2572 2260 τὸ
2603 2208 2695 2261 ἐπὶ
2725 2207 2818 2260 τοῦ
2842 2208 3141 2278 Γρηγορίου
3193 2207 3514 2274 σκάνδαλον,
3555 2207 3625 2277 μὴ
3671 2207 3766 2268 τοῖς

2217 2404 2377 2460 aequo
2420 2390 2527 2446 sibi
2563 2404 2826 2461 arrogare
2857 2392 3064 2462 ipsum,
3116 2407 3179 2448 ac
3244 2393 3387 2448 ultra
3429 2409 3589 2464 quam
3638 2400 3766 2448 recta

2217 2484 2360 2537 ratio
2389 2483 2594 2539 sineret
2625 2485 2934 2554 appetendo
2960 2479 3540 2554 provehi,'a!ﬁrmavit
3575 2485 3768 2540 Andro-

2220 2577 2381 2633 nicus
2413 2586 2469 2633 et
2501 2578 2692 2634 multis
2737 2578 2991 2632 evincere
3038 2581 3354 2634 contendit.
3389 2579 3677 2649 Subjunxit
3703 2575 3772 2630 ni-

2221 2673 2526 2729 hilominus
2588 2673 3014 2742 promissionem
3063 2666 3338 2729 facilioris
3405 2677 3459 2729 in
3514 2683 3768 2744 posterum

2218 2768 2646 2832 exorabilitatis,
2680 2766 2980 2822 ostendens
3015 2768 3175 2836 plane
3221 2767 3331 2823 sibi
3362 2783 3486 2822 esse
3519 2767 3770 2821 decretum

2218 2869 2272 2915 et
2307 2863 2538 2930 benigne
2589 2859 2782 2914 audire
2836 2861 3210 2928 patriarcham
3270 2861 3494 2931 quoties
3539 2859 3774 2926 deinceps

2216 2956 2385 3026 298
2413 2970 2472 3010 se
2533 2954 2728 3020 adiret,
2759 2963 2813 3009 et
2860 2953 2910 3008 ei
2958 2953 3263 3024 gratiﬁcari
3329 2953 3623 3010 efﬁciendo
3674 2963 3776 3020 quae

2168 3087 2171 3089 -
2221 3050 2403 3104 vellet.
2434 3046 2883 3112 Tantumoravit,
2910 3059 2968 3103 ut
2994 3049 3172 3101 laxata
3199 3047 3590 3102 contractione
3607 3043 3776 3104 animi.

537 3131 586 3184 id
622 3140 737 3192 est;
771 3141 825 3183 ει
851 3129 1176 3198 Ιοϐίιτίθείθε
1231 3145 1333 3184 δυο
1360 3129 1678 3185 “summio
1704 3130 1915 3199 9'0"“
1954 3129 2112 3183 ﬁdem
2139 3136 2184 3197 C
2219 3149 2274 3195 et
2305 3144 2455 3196 omni
2483 3144 2804 3212 :egrimania
2830 3141 3246 3211 suspiciosaque
3279 3143 3508 3196 tristitia
3533 3139 3776 3208 deposita,

533 3223 770 3276 astruxit
818 3222 1051 3275 sincera:
1099 3219 1354 3276 veritatis
1406 3221 1660 3292 allegatis
1726 3221 1795 3275 ab
1827 3222 2110 3290 Augusto:

531 3328 842 3382 exsequens
871 3313 1036 3367 etiam
1067 3313 1519 3369 circumstantias
1561 3314 1776 3369 numeri
1821 3313 2032 3369 dierum
2059 3320 2112 3368 et

533 3407 707 3462 morbi
738 3421 803 3460 ac
837 3407 981 3462 modi
1027 3407 1222 3461 mortis
1264 3405 1387 3474 ejus
1442 3407 1535 3475 qui
1565 3407 1647 3461 sic
1683 3407 1894 3462 abiisse
1929 3408 2112 3462 dictus

529 3509 716 3566 esset,
752 3501 905 3554 aiens
955 3499 1209 3554 videlicet
1248 3507 1449 3569 quarto
1485 3500 1572 3554 die
1608 3510 1898 3570 postquam
1943 3516 2116 3570 vapu-

530 3593 740 3646 laverat
769 3592 920 3646 hunc
962 3591 1171 3662 eﬁlasse
1213 3593 1477 3656 animam,
1511 3607 1613 3647 nec
1645 3592 1807 3646 aliam
1855 3592 1906 3647 ei
1941 3592 2115 3648 fuisse

532 3684 724 3737 mortis
765 3699 990 3738 causam
1029 3699 1192 3753 quam
1215 3683 1418 3738 ﬁuxum
1446 3684 1733 3753 sanguinis
1770 3698 1800 3738 e
1830 3685 2113 3755 plagarum

533 3773 844 3828 inﬁicﬁone
874 3785 1149 3829 secutum.
1186 3773 1327 3829 Hinc
1365 3775 1477 3845 jam
1521 3774 1590 3828 ad
1625 3775 1847 3829 tertiam
1880 3777 2118 3845 patriar-

532 3867 649 3921 chae
671 3867 740 3921 de
775 3869 1108 3937 imperatore
1138 3867 1422 3937 querelam
1462 3868 1844 3938 neglectarutn
1886 3883 2113 3924 suarum

533 3980 633 4034 pra
659 3965 952 4020 clientibus
993 3980 1218 4033 precum
1276 3964 1544 4034 processit
1597 3965 1796 4018 oratio.
1840 3962 1917 4018 lbi
1960 3973 2108 4032 post-

530 4074 695 4129 quam
731 4057 1036 4127 imperator
1072 4059 1256 4112 verbis
1287 4057 1540 4126 plurimis
1596 4057 1840 4111 ostendit
1871 4071 2112 4125 propen-

532 4151 815 4205 sissimam
847 4164 1002 4203 suam
1043 4163 1152 4202 non
1184 4149 1236 4202 in
1274 4147 1552 4216 plerisque
1586 4146 1789 4210 solum,
1834 4146 1928 4200 sed
1953 4146 2114 4215 plane

532 4243 588 4297 in
635 4243 898 4297 omnibus
948 4255 1076 4310 erga
1126 4241 1496 4311 patriarcham
1532 4239 1957 4310 indulgentiam,
1990 4239 2110 4294 dis-

532 4334 696 4390 tinxit
752 4349 954 4404 genera
1000 4333 1465 4404 supplicationum
1493 4348 1612 4401 qua:
1640 4334 1742 4388 sibi
1775 4331 1956 4387 oﬁ‘erri
1983 4348 2116 4387 con-

2220 3242 2526 3287 resumeret
2554 3234 2880 3286 exercitium
2907 3247 3021 3287 suae
3049 3235 3371 3302 potestatis,
3404 3243 3459 3290 et
3498 3233 3782 3288 honoribus

2221 3326 2315 3380 tali
2349 3326 2662 3380 sacerdotio
2691 3326 2892 3379 debitis
2927 3327 3031 3380 coli
3084 3342 3144 3382 se
3181 3328 3424 3384 sineret.
3464 3327 3591 3382 Haec
3648 3327 3814 3380 laetus-

2218 3419 2589 3488 renidensque
2621 3419 2926 3488 imperator
2973 3433 3099 3472 cum
3135 3421 3375 3487 diceret,
3411 3418 3786 3491 adjuvantibus

2216 3528 2318 3584 pro
2349 3527 2413 3568 se
2440 3527 2664 3583 quoque
2709 3513 2928 3567 cunctis
2981 3513 3077 3583 qui
3128 3513 3391 3581 aderant,
3431 3523 3486 3570 et
3527 3508 3783 3570 communi

2219 3621 2448 3660 assensu
2475 3607 2668 3661 eadem
2704 3603 3054 3675 ragantibus,
3108 3606 3401 3663 emollitus
3438 3606 3674 3676 denique
3709 3617 3786 3658 se-

2217 3709 2321 3750 nex
2359 3704 2478 3762 est;
2523 3705 2644 3750 erat
2683 3695 2832 3750 enim
2872 3709 3062 3749 revera
3096 3693 3365 3754 flexibilis
3420 3698 3489 3752 ad
3527 3697 3788 3752 suasiones

2219 3789 2546 3850 amicorum,
2574 3787 2826 3842 virhaud
2862 3786 3165 3856 praefracta!
3188 3789 3431 3856 mentis,
3467 3804 3570 3845 nec
3613 3785 3792 3858 prteju-

2217 3881 2524 3936 dicatornm
2551 3881 2804 3952 pertinax
2833 3895 3098 3935 sensuum
3133 3897 3146 3934 :
3175 3881 3274 3936 sed
3295 3891 3355 3937 et
3391 3883 3535 3938 hanc
3568 3879 3790 3937 hominis

2217 3974 2283 4028 ad
2338 3973 2510 4042 aequis
2579 3969 3053 4041 acquiescendum
3093 3971 3438 4040 pronitatem
3510 3971 3792 4028 familiares

2219 4075 2350 4120 tunc
2399 4065 2519 4134 ejus
2547 4070 2968 4134 promoverunt,
2996 4062 3197 4131 ipsum,
3241 4073 3306 4118 ut
3341 4063 3668 4134 persuaderi
3699 4059 3792 4114 sibi

2217 4167 2502 4230 pateretur
2525 4157 2670 4227 quod
2719 4169 2910 4210 omnes
2953 4155 3242 4225 optabant,
3278 4158 3669 4213 adhortantes.
3705 4152 3797 4206 An-

2220 4251 2341 4307 nuit
2373 4266 2503 4321 ergo
2530 4249 2825 4320 postulatis
2861 4247 3238 4316 imperatoris,
3270 4257 3328 4303 ct
3361 4251 3413 4304 ei
3461 4246 3720 4320 promisit
3744 4257 3796 4296 se

2220 4361 2330 4400 non
2361 4345 2484 4414 plus
2521 4345 2578 4398 in
2612 4359 2724 4413 quo
2751 4353 2872 4400 erat
2918 4341 3198 4398 haesurum
3257 4344 3417 4409 loco.
3445 4360 3613 4416 quam
3641 4355 3799 4412 quan—

535 4429 794 4492 tingeret.
864 4426 1017 4481 Alias
1083 4425 1232 4478 enim
1282 4425 1668 4480 necessitatem
1717 4425 1925 4480 habere
1968 4425 2109 4492 juris
2145 4473 2186 4527 ο
2222 4448 2336 4493 mm
2371 4454 2477 4492 ηοχ
2511 4445 2622 4492 mm
2653 4437 2983 4505 intempesta
3015 4445 3270 4506 cogeret;
3321 4439 3515 4506 primo
3571 4430 3798 4492 diluculo

537 4518 738 4581 stricti,
784 4525 840 4570 et
870 4531 931 4570 ea
985 4531 1211 4586 poscere
1254 4530 1375 4582 quae
1425 4516 1545 4569 sine
1601 4514 1873 4583 injustitia
1925 4519 2108 4586 negari

539 4610 682 4665 haud
723 4616 973 4678 possent.
1009 4608 1119 4661 llas
1171 4621 1198 4659 a
1231 4622 1288 4660 se
1341 4605 1545 4676 negligi
1596 4605 1756 4660 nefas
1804 4622 1926 4661 esse
1967 4607 2112 4661 ultro

538 4704 792 4758 conﬁteri
830 4711 1055 4770 prapter
1096 4698 1333 4752 debitam
1388 4683 1636 4767 aaquitati
1670 4712 1700 4750 a
1753 4698 1999 4768 principe
2032 4715 2111 4752 re-

536 4796 864 4851 verentiam.
896 4793 1097 4847 Verum
1141 4791 1371 4844 alterius
1405 4805 1625 4857 quoque
1653 4789 1873 4858 generis
1921 4804 2113 4857 preces

536 4904 661 4944 esse
687 4887 910 4940 minime
925 4883 1107 4939 debita
1130 4880 1379 4936 beneﬁcii
1402 4881 1626 4934 nomine
1639 4886 1912 4947 rogantes.
1929 4878 1985 4932 In
2005 4878 2108 4943 his,

539 4991 602 5034 ut
635 4980 870 5049 benigne
900 4975 1202 5031 annuentis
1251 4973 1642 5028 liberalitatem
1687 4971 1956 5042 principis
1991 4971 2113 5040 ejus

538 5072 799 5142 imputari
849 5072 1036 5142 gratiae
1079 5083 1176 5137 par
1231 5075 1338 5130 est,
1389 5065 1462 5118 ita
1516 5063 1797 5118 recusatio
1862 5063 2117 5117 libertate

537 5166 749 5220 utentis
796 5164 851 5217 in
904 5161 1190 5217 renuendo
1231 5173 1331 5215 sua
1371 5156 1576 5211 nullam
1641 5154 1861 5208 videtur
1920 5153 2117 5209 aﬁ‘erre

537 5259 745 5329 justam
777 5255 997 5309 dolendi
1031 5261 1126 5307 aut
1151 5246 1528 5321 conquerendi
1565 5260 1790 5301 causam
1823 5260 1931 5298 non
1962 5261 2118 5299 asse-

540 5360 672 5405 cuto
704 5347 846 5418 quod
880 5355 1119 5416 aptarat.
1151 5340 1508 5398 Confundere
1554 5351 1718 5408 porro
1747 5337 2116 5405 patriarcham

538 5451 595 5497 et
625 5443 680 5495 in
709 5456 874 5494 unum
925 5439 1041 5493 hare
1078 5437 1332 5497 miscere,
1370 5449 1480 5487 non
1531 5432 1731 5486 minori
1767 5430 2014 5499 alioquin
2051 5429 2120 5484 ab

539 5536 777 5590 invicem
808 5530 1100 5586 intervallo
1132 5528 1329 5583 dissita
1372 5541 1538 5594 quam
1569 5539 1679 5594 quo
1721 5523 2023 5593 Mysorum,
2057 5528 2119 5575 ut

539 5628 650 5683 dici
679 5627 839 5689 solet,
871 5625 1256 5695 Lydorumque
1292 5623 1430 5675 lines
1462 5619 1690 5675 distant.
1720 5619 1798 5672 Ac
1829 5627 2117 5687 propterea

539 5736 684 5791 atgre
721 5721 862 5773 ferre
891 5719 934 5773 si
973 5716 1198 5786 quando
1227 5715 1411 5768 minus
1466 5715 1798 5782 morigerum
1842 5709 1908 5763 ad
1935 5710 2120 5763 otnnia

541 5830 662 5884 qua:
706 5813 947 5882 postulat
970 5809 1288 5880 experiatur
1321 5807 1742 5877 imperatorem;
1771 5803 1826 5857 in
1862 5818 1971 5873 quo
1998 5803 2120 5872 plus

2222 4532 2276 4585 in
2301 4529 2448 4585 aedes
2471 4528 2872 4599 patriarchales
2911 4527 3372 4596 remigraturnm.
3410 4527 3530 4584 Nec
3553 4522 3800 4598 pollicitis

2219 4625 2352 4678 ﬁdes
2373 4622 2542 4676 abfuit
2581 4639 2596 4676 :
2629 4636 2755 4676 nam
2780 4619 3180 4690 postridianum
3210 4619 3580 4690 Hypapantes
3617 4620 3803 4672 festum

2218 4715 2590 4786 patriar-citam
2619 4713 2946 4770 ministeriis
2977 4712 3152 4768 sacris
3176 4712 3470 4770 redditum
3509 4723 3708 4768 rursus
3736 4705 3808 4761 vi-

2219 4809 2300 4864 dit
2328 4809 2382 4862 in
2408 4807 2664 4864 ecclesm.

2541 4940 2628 4996 10.
2675 4939 2749 4994 De
2779 4955 2941 4994 causa
2975 4938 3190 5008 Ephesii
3228 4936 3496 4993 Joannis.

2291 5053 2619 5122 Quanquam
2653 5067 2722 5106 ne
2779 5059 3106 5121 perpetuum
3167 5051 3249 5106 sic
3319 5051 3578 5107 restituti
3643 5045 3814 5103 oﬁicio

2221 5148 2474 5218 pra:sulis
2504 5144 2762 5216 gaudium
2806 5143 2970 5208 foret,
3019 5141 3163 5197 haud
3217 5143 3448 5198 abstitit
3502 5143 3680 5198 invidi
3713 5141 3819 5195 dx-

2221 5240 2402 5294 tnonis
2458 5237 2770 5306 malignitas
2833 5237 3015 5292 denuo
3070 5236 3280 5291 conari.
3344 5237 3636 5292 Craterum
3698 5244 3818 5287 vere

2223 5334 2352 5388 inde
2386 5342 2686 5388 consecuta
2722 5340 2778 5385 et
2807 5332 3168 5386 Paschalibus
3208 5329 3372 5387 feriis
3396 5333 3635 5401 elapsis,
3657 5339 3820 5385 causa

2219 5425 2448 5480 Joannis
2475 5420 2700 5492 Ephesii
2749 5421 3038 5476 retractari
3073 5429 3250 5488 empta
3291 5428 3409 5474 est.
3474 5421 3560 5475 Ac
3587 5421 3823 5487 impera—

2223 5527 2309 5572 tor
2333 5516 2554 5586 quidem
2600 5515 2744 5568 ultro
2771 5513 3047 5583 paenitens
3089 5513 3372 5566 fatebatur
3433 5512 3635 5580 inique
3667 5509 3736 5564 ab
3768 5519 3825 5560 se

2225 5620 2349 5660 cum
2384 5604 2475 5658 illo
2522 5613 2726 5665 actum,
2775 5605 2977 5672 quippe
3007 5602 3099 5669 qui
3131 5599 3252 5670 ejus
3291 5601 3448 5656 falso
3515 5593 3819 5656 insimulati

2225 5696 2666 5768 participationis
2721 5694 2964 5749 scandali
3014 5692 3370 5762 Gregoriani,
3411 5709 3604 5764 eoque
3650 5686 3824 5745 adacti

2226 5792 2292 5846 ad
2360 5790 2782 5846 renuntiandam
2843 5786 3193 5855 dignitatem,
3233 5785 3437 5849 volens
3517 5783 3825 5842 abdicatio-
