4018 6454
439 326 549 395 331

1649 321 1979 387 GEORGII
2013 316 2510 385 PACIIYMERE

3645 291 3742 357 ἳεέ

437 445 905 511 ἀωκαθιστῶσιν,
947 445 1153 509 ἐκεῖνος
1214 442 1374 514 μόνος
1426 441 1763 509 ἐξαλλάττει,
1812 443 1905 493 καὶ
1954 435 2023 491 δι’
2054 445 2104 504 Α
2132 435 2321 501 κάζειν
2385 434 2450 506 ἢν
2483 431 2527 485 δ’
2563 430 2851 504 ἐπανήκοι,
2880 427 3135 502 δέχεσθαί
3163 447 3222 484 τε
3251 429 3351 483 καί
3388 430 3442 483 oi
3479 430 3606 491 τοὺς
3639 429 3729 502 ἀρ-

436 541 646 603 οίκείας
674 539 895 610 γραφῆς
917 537 982 591 τὰ
1000 539 1113 601 τοῖς
1136 536 1352 602 δόξασιν
1379 535 1599 590 ἐναντία
1620 533 2021 599 διακελεύεται,

437 635 532 688 καὶ
561 632 857 702 ἐκκλησίας
889 628 1287 701 κεχηρωμένας
1338 626 1448 681 τῶν
1488 626 1872 697 προεστώτων.
1924 624 2024 677 αὺ-

438 726 531 788 τδς
561 723 876 793 ἐξεπίτηδες
908 723 1006 784 τὰς
1054 722 1140 774 ἐπ’
1168 720 1383 783 ἐκείνας
1414 719 1630 789 ψήφους
1657 714 2026 788 ὑπερτιθέμε-

441 834 551 879 νος,
585 815 820 887 πέμπων
853 813 1231 885 σφετερίζεται
1256 811 1541 877 τάκείνων,
1579 812 1675 864 καὶ
1713 808 1781 862 τά
1821 806 1921 878 μὲν
1951 806 2027 870 ὡς

442 911 693 978 βούλεται
722 909 1053 973 διατέθεται,
1082 908 1151 962 τὰ
1178 908 1234 961 δέ
1266 907 1361 961 καὶ
1411 905 1595 960 δίδωσι
1621 906 1735 967 τοῖς
1762 902 1848 957 ἐπ’
1881 900 2025 955 ἐκεί-

442 1017 554 1064 νοις
585 1001 912 1057 καταστᾶσι.
942 1000 1023 1053 Τὰ
1055 998 1111 1052 δέ
1144 1015 1207 1068 γε
1240 999 1338 1065 τῆς
1377 995 1583 1059 οἰκείας
1610 992 1907 1063 ἐκκλησίας
1951 989 2029 1060 τῷ

445 1093 691 1161 σφετέρῳ
727 1092 834 1144 υἱεῖ
859 1090 1175 1160 ἐγχειρίσας
1213 1090 1455 1159 Ἐφραὶμ
1477 1088 1611 1159 ὓλην
1642 1086 1825 1140 δίδωσι
1853 1082 2028 1154 τούτῳ

444 1183 643 1243 κακίας
668 1185 782 1243 τοῖς
811 1182 1023 1233 ἐκεῖθεν
1051 1181 1327 1250 λήμμασι.
1366 1178 1440 1248 μὴ
1472 1179 1762 1248 οἰκονόμον
1796 1175 1937 1230 κατὰ
1969 1175 2029 1228 τὸ

446 1272 674 1343 σύνηθες
705 1270 1002 1333 καθιστῶν,
1057 1271 1189 1341 παρ’
1222 1264 1285 1324 οὗ
1311 1271 1374 1340 δὴ
1408 1271 1501 1325 καὶ
1542 1269 1611 1323 τὰ
1659 1269 1757 1338 τῆς
1798 1266 2030 1335 Ἐκκλη-

446 1367 565 1428 σίας
582 1364 869 1433 διεξάγοιτ’
887 1364 954 1416 ἂν
981 1364 1308 1434 πράγματα.
1339 1362 1450 1417 Καὶ
1477 1360 1628 1415 πόλλ’
1643 1360 1782 1415 ἄττα
1805 1358 2032 1412 τοιαῦτα

448 1456 751 1527 γράφοντες
788 1455 1043 1509 ὑπαίτιον
1063 1452 1337 1508 δεικνύειν
1372 1452 1560 1523 ἤθελον
1594 1451 1687 1506 τὸν
1721 1450 1863 1513 τέως
1890 1449 2030 1521 σφᾶς

448 1551 1047 1622 ἀποπροσποιούμενον.
1075 1550 1261 1604 Ταῦτα
1280 1549 1492 1621 βασιλεῖ
1509 1547 1788 1618 δεξαμένῳ
1812 1546 1874 1598 τὸ
1895 1545 2030 1597 πολὺ

449 1641 608 1713 ἐπῄει
638 1640 965 1710 καθυφιέναι
991 1641 1087 1712 τῆς
1121 1639 1436 1705 διαθέσεως,
1465 1638 1525 1692 ού
1553 1638 1658 1709 μὴν
1685 1636 1740 1691 δὲ
1771 1634 1911 1690 ὥστε
1935 1635 2032 1687 καὶ

450 1734 710 1788 ἀπολύειν
736 1734 1090 1786 παντάπασιν
1119 1731 1284 1800 ἔγνω,
1317 1730 1433 1785 ἀλλ’
1461 1729 1655 1799 ἐκείνῳ
1690 1728 1789 1797 μὲν
1818 1725 2032 1795 ὑφιέναι

2132 532 2336 607 χιερεῖς
2368 529 2615 598 ὁμονοεῖν
2661 526 2872 591 πείθειν
2898 527 3017 597 ἅμα
3065 525 3160 581 καὶ
3199 524 3284 594 τῷ
3326 524 3402 578 τὰ
3435 526 3734 595 αἰτιάματα

2131 621 2455 695 θεραπεύειν
2483 618 2747 675 κελεύειν.
2781 619 2863 673 Τὰ
2892 619 3003 690 γὰρ
3025 617 3122 672 τοῦ
3162 617 3507 673 Ἀθανασίου
3538 618 3734 688 κέντρα

2130 714 2230 786 τὴν
2259 712 2423 783 οὐλὴν
2477 711 2739 774 ύπέκνιζε
2768 727 2785 742 ο
2836 711 2973 782 μηδέ
3025 710 3137 783 γὰρ
3180 709 3337 781 ἐχειν
3389 709 3535 775 ὅλως
3577 709 3737 762 αὑτὸν

2131 804 2435 876 εἰρηνεύειν
2493 805 2587 857 καὶ
2620 804 2718 865 τὰς
2768 803 2906 871 ἀρὰς
2963 802 3153 870 λύειν,
3195 801 3267 865 ἃς
3317 799 3503 864 οὕτως
3553 801 3737 873 ἐμπε-

2134 896 2444 968 ρισκέπτως
2483 894 2717 966 καθίστη
2764 894 2861 948 καὶ
2912 893 3157 965 φρικτῶς
3212 892 3503 964 ἀφώριζε,
3540 896 3617 963 μὴ
3651 893 3737 951 τὸν

2132 988 2322 1060 θρόνον
2356 988 2452 1043 καὶ
2504 983 2659 1051 αὖθις
2691 987 3060 1053 ἀπολαϐόντα,
3114 985 3209 1041 καὶ
3262 985 3452 1039 ταῦτα
3489 984 3626 1053 μηδὲ
3665 986 3740 1058 τῷ

2133 1078 2264 1150 παρ’
2295 1078 2462 1133 αὐτοῦ
2497 1080 2597 1147 τῆς
2622 1076 2830 1138 λύσεως
2868 1075 3166 1149 γράμματι
3208 1076 3274 1129 τὸ
3326 1076 3490 1143 ἅγιος
3520 1093 3740 1146 προστιο

2135 1170 2293 1225 θέντα
2320 1170 2462 1225 κατὰ
2503 1169 2561 1222 τὸ
2594 1168 2828 1247 σύνηθες
2878 1167 2955 1237 τῷ
2988 1166 3080 1219 τοῦ
3136 1167 3420 1237 βασιλέως
3468 1168 3698 1237 ὀνόματι
3722 1209 3736 1231 ,

2132 1263 2215 1316 ὅτι
2237 1262 2344 1316 οὐδ’
2370 1263 2574 1327 ἐκεῖνος
2604 1262 2806 1332 ἠρέμει
2836 1262 2894 1314 ἐν
2917 1259 3182 1325 τοιούτοις
3206 1263 3439 1331 καιροῖς
3466 1259 3566 1313 τοῦ
3592 1277 3741 1319 σκαν-

2133 1355 2317 1419 δάλου,
2340 1354 2477 1408 ἀλλά
2510 1354 2609 1419 τὰς
2640 1352 2811 1424 Θύρας
2842 1353 3176 1431 ὑπανοιγνὺς
3200 1353 3304 1421 τῆς
3328 1353 3507 1420 μονῆς
3534 1352 3741 1415 πολλοῖς

2134 1449 2369 1518 ἐπήρκει
2411 1446 2729 1516 πενομένοις
2765 1447 2827 1498 ἐκ
2873 1446 2981 1499 τῶν
3028 1446 3332 1515 τυχῦντων.
3367 1440 3484 1501 Ἷιν
3536 1445 3593 1497 δὲ
3639 1445 3740 1516 ἄρα

2134 1537 2309 1591 ταῦτα
2338 1537 2432 1591 τοῦ
2492 1536 2782 1609 μέλλοντος
2819 1539 3278 1608 προκεντήματα,
3318 1538 3422 1598 καὶ
3461 1539 3497 1607 ἡ
3551 1537 3744 1606 παλίμ-

2138 1617 2297 1694 πους’
2332 1631 2602 1701 ἐφήδρευε
2663 1630 2790 1699 δίκη
2833 1631 3001 1701 μηδὲν
3065 1632 3355 1685 ἐπαΐουσι.
3419 1632 3560 1687 Τότε
3607 1628 3739 1702 δ’ἦν

2138 1722 2336 1786 ταῦτα,
2362 1723 2422 1776 οὐ
2450 1722 2555 1793 μὴν
2577 1722 2631 1776 δὲ
2667 1724 2763 1786 καὶ
2788 1724 2843 1786 ἐς
2878 1724 3027 1776 ἀπαν
3053 1721 3129 1793 τῷ
3154 1723 3489 1793 πατριάρχῃ
3516 1725 3742 1792 ἠγνόητο

451 1823 545 1876 καὶ
577 1821 860 1885 ἐνδιδόναι,
911 1821 977 1891 ἥν
1026 1837 1143 1882 πως
1192 1820 1575 1890 ἀνακάμπτειν
1637 1817 1901 1888 βούλοιτο,
1957 1813 2034 1886 μὴ
2072 1805 2113 1860 Β
2142 1818 2209 1870 τὰ
2240 1817 2351 1878 τοῖς
2385 1813 2700 1884 ἀρχιερεῦσι
2737 1813 3114 1882 πραττόμενα.
3151 1814 3251 1867 Διά
3303 1813 3487 1866 ταῦτα
3529 1815 3624 1879 καὶ
3677 1815 3739 1868 τὰ

453 1915 723 1985 μέντοιγε
742 1914 816 1978 ὡς
841 1914 909 1967 τὰ
934 1912 1129 1984 πρῶτα
1149 1912 1401 1983 λιπαρῶς
1433 1909 1619 1978 ἀξιοῦν
1646 1911 1738 1966 καὶ
1769 1925 2044 1978 καταναγ-

450 2091 597 2146 enim
624 2089 729 2161 ipsi
755 2088 1023 2161 synodice
1050 2088 1303 2160 legitimo
1333 2086 1725 2159 suﬂ‘ragiorum
1762 2101 2037 2147 concursu

450 2183 822 2247 decreverint,
857 2182 977 2252 ipse
1034 2182 1191 2236 solus
1241 2180 1519 2244 immutat,
1574 2188 1629 2234 et
1670 2180 1894 2250 pmprio
1951 2195 2040 2233 re-

454 2274 666 2345 scripto
723 2272 1095 2327 coummniter
1148 2270 1372 2326 statutis
1439 2271 1718 2325 contraria
1785 2271 2039 2340 imperat.

450 2364 722 2419 Praeterea
782 2361 1051 2417 ecclesias
1111 2359 1426 2430 pastoribus
1487 2360 1784 2427 viduatus,
1851 2359 2040 2429 dilatis

454 2455 522 2512 de
553 2454 831 2509 industria
871 2451 1159 2507 canonicis
1216 2467 1311 2523 per
1372 2450 1638 2524 suﬂ‘ragia
1668 2452 2039 2508 electionibus

454 2547 755 2619 praesulem
820 2545 1336 2602 substituendorum
1395 2544 1689 2607 defunctis,
1751 2545 1869 2615 ipse
1931 2544 2040 2600 sibi

453 2649 703 2710 usurpat,
765 2639 954 2696 missis
1002 2639 1092 2710 qui
1126 2639 1349 2694 nomine
1370 2652 1476 2693 suo
1514 2649 1811 2709 proventus
1848 2651 2039 2692 earum

455 2732 694 2798 tollant;
753 2742 806 2788 et
844 2740 1057 2803 partem
1115 2730 1315 2785 horum
1384 2745 1485 2801 pro
1552 2730 1709 2784 libitu
1772 2730 2044 2793 absumit,

457 2825 659 2897 partim
714 2825 781 2880 iis
830 2824 1108 2880 condonat
1136 2839 1276 2895 quos
1311 2823 1432 2879 istis
1460 2821 2037 2885 adminiStratioanus

451 2917 721 2989 praefecit.
778 2916 922 2983 Quin
974 2924 1031 2971 et
1068 2930 1156 2972 res
1216 2914 1481 2972 Ecclesiae
1524 2915 1763 2985 propriae
1808 2915 2038 2985 dispen-

450 3009 655 3065 sandas
684 3023 784 3077 pro
813 3008 1044 3063 arbitrio
1074 3009 1402 3080 permittens
1446 3009 1558 3065 tilio
1576 3026 1680 3065 suo
1710 3009 2036 3082 Ephraimo,

452 3115 646 3156 ansam
680 3101 728 3155 ei
776 3109 833 3156 et
872 3100 1158 3154 materiam
1213 3102 1279 3156 ad
1314 3102 1456 3157 male
1487 3101 1763 3172 agendum
1812 3102 2040 3173 praebet,

2138 1907 2240 1976 τῆς
2270 1905 2437 1977 τιμῆς
2474 1906 2930 1978 περιποιούμενος
2958 1906 3138 1977 ἐαυτῷ
3182 1906 3568 1978 αὖθορμήτως
3609 1907 3741 1975 ἔγνω

2145 2087 2298 2143 tione
2338 2086 2585 2143 dirarum
2621 2094 2788 2159 atque
2822 2087 3235 2147 anathematnm
3302 2103 3478 2158 quam
3512 2088 3741 2147 Athana-
3786 2150 3799 2167 ι

2142 2180 2258 2235 sius
2289 2180 2499 2233 chartis
2537 2181 2815 2234 abstrusis
2871 2179 3170 2243 indiderat,
3212 2179 3572 2239 Cnaluerant
3625 2181 3739 2250 qui-

2143 2275 2265 2327 dem
2311 2282 2584 2337 uteunqne
2616 2272 2843 2327 vulnera
2894 2273 3261 2329 formidinum
3326 2273 3578 2335 iharum,
3641 2289 3738 2327 non

2142 2375 2323 2420 tamen
2358 2364 2428 2416 ita
2461 2371 2517 2417 ut
2550 2378 2656 2421 non
2690 2362 2964 2417 interdum
3002 2378 3131 2418 cura
3166 2364 3300 2419 inde
3350 2363 3737 2433 superstitioso

2145 2459 2378 2528 principi
2431 2470 2845 2527 supervacanea
2907 2471 3207 2513 renascens
3259 2459 3545 2514 obductas
3586 2457 3737 2527 quasi

2146 2549 2436 2603 refricaret
2493 2547 2807 2611 cicatrices,
2887 2547 3339 2617 sollicitaretque
3397 2559 3735 2618 reputantem

2147 2640 2293 2695 haud
2348 2639 2523 2695 videri
2587 2653 2715 2695 vere
2756 2654 3002 2709 unquam
3065 2642 3520 2710 cxpatriarcham
3587 2641 3731 2695 illum

2145 2732 2455 2789 soluturum
2484 2731 2629 2803 quod
2654 2732 2942 2801 ligaverat,
2980 2740 3031 2786 et
3073 2731 3382 2787 horribiles
3442 2732 3565 2791 illas
3591 2748 3737 2786 exse-

2153 2823 2434 2879 crationes
2474 2822 2577 2877 rite
2616 2821 2965 2891 legitimeque
2999 2823 3398 2885 remissurum,
3443 2821 3552 2883 nisi
3588 2834 3738 2889 repo-
3798 2826 3806 2834 ‘

2147 2924 2374 2970 ncretur
2430 2915 2484 2969 in
2533 2913 2664 2970 sede
2691 2922 3135 2984 potestatemque
3174 2915 3462 2982 reciperet
3491 2913 3734 2974 eamdem

2145 3025 2253 3081 qua
2298 3019 2428 3063 tunc
2480 3018 2600 3062 crat
2648 3006 2916 3078 praeditus
2947 3020 3075 3059 cum
3141 3006 3231 3060 illa
3274 3007 3568 3063 scriberet.
3611 3004 3733 3059 Nam

2148 3100 2578 3156 declarationem
2615 3099 2797 3166 istam,
2829 3112 2937 3167 qua
2965 3097 3171 3152 sedatae
3222 3106 3362 3152 tunc
3393 3097 3735 3157 conscientia:

453 3187 751 3243 occasione
783 3188 1065 3243 lucrornm
1104 3204 1227 3259 quae
1258 3190 1385 3246 inde
1436 3191 1541 3247 sibi
1599 3195 1872 3262 Congerit,
1910 3208 2037 3248 cum
2074 3185 2120 3242 C
2166 3193 2462 3248 multorum
2492 3201 2703 3256 essent,
2732 3204 2998 3261 apparere
3029 3191 3285 3247 Convicio
3324 3204 3642 3265 expressam
3674 3189 3735 3241 ab

454 3296 558 3351 pro
596 3296 747 3335 more
799 3281 1082 3337 debuisset
1105 3283 1386 3353 ejusmodi
1426 3287 1871 3354 procurationem
1903 3300 2053 3341 oeco-

452 3389 622 3429 nomo
680 3375 747 3429 ad
806 3375 856 3429 id
916 3375 1058 3431 lecto
1122 3377 1583 3442 commendasse,
1647 3378 1764 3433 \iro
1819 3379 2050 3445 idoneo,

453 3466 618 3537 cujus
658 3466 804 3521 ﬁdeli
855 3467 1014 3538 θοι
1049 3475 1105 3523 et
1130 3469 1390 3540 prudenti
1434 3470 1649 3540 judicio
1689 3471 2049 3526 administra-

454 3558 533 3612 tio
571 3557 842 3611 bonorum
868 3557 1134 3616 Ecclesiae
1160 3571 1313 3617 recte
1369 3576 1433 3617 ac
1480 3571 1644 3633 prout
1694 3564 1854 3619 decet
1887 3579 2049 3632 gere-

452 3658 630 3705 retur.
664 3650 792 3705 llzcc
820 3660 876 3707 et
917 3652 1087 3705 multa
1119 3653 1390 3723 ejusmodi
1416 3653 1631 3709 liLellus
1662 3655 2051 3725 episcoporum

455 3742 796 3808 continebat,
858 3744 1067 3815 quibus
1121 3746 1425 3801 studebant
1484 3763 1641 3801 reum
1697 3756 1795 3801 aut
1846 3750 2044 3802 saltem

456 3843 782 3903 suspectum
862 3837 1008 3906 apud
1076 3837 1464 3907 imperatorem
1520 3839 1752 3895 reddere
1815 3840 2048 3911 patriar-

456 3926 641 3990 cham,
669 3940 697 3978 a
733 3941 843 3996 quo
894 3940 954 3981 se
984 3927 1416 3998 participatione
1464 3930 1826 3986 consiliorum
1859 3934 2047 3987 exclu-

457 4031 552 4073 sos
581 4027 636 4072 et
660 4019 821 4086 quasi
862 4018 1147 4077 abdicatos
1181 4021 1465 4078 dolebant.
1500 4022 1571 4079 Ea
1614 4042 1738 4080 eum
1798 4027 2049 4096 accepis-

458 4115 545 4163 set
607 4110 931 4182 imperator,
990 4104 1199 4171 remisit
1249 4115 1339 4172 ille
1398 4116 1621 4188 quidem
1679 4118 1909 4175 multum
1977 4121 2048 4176 dc

460 4203 553 4258 illo
581 4204 888 4260 vehementi
926 4205 1128 4263 affectu
1164 4225 1274 4280 quo
1327 4210 1480 4281 prius
1521 4212 1895 4281 patriarcham
1925 4229 2047 4268 am-

462 4294 824 4363 plectebatur,
861 4311 970 4351 non
1011 4310 1196 4353 tamen
1260 4308 1320 4355 ut
1348 4301 1613 4371 ,dejicere
1647 4303 1802 4358 illum
1841 4305 2048 4361 throno

463 4385 625 4454 plane
689 4389 1052 4445 decerneret:
1106 4392 1240 4461 quin
1306 4396 1490 4462 potius
1541 4398 1741 4451 statuit
1810 4399 2045 4470 benigna

2151 3285 2350 3346 invito,
2391 3300 2489 3339 nec
2542 3283 2849 3354 periculurn
2908 3282 3107 3343 abesse
3145 3282 3285 3359 quin
3320 3282 3399 3337 uti
3432 3283 3483 3337 vi
3509 3292 3731 3347 extorta,

2153 3394 2310 3434 cassa
2365 3376 2558 3433 effectu
2589 3385 2643 3431 et
2697 3375 2904 3439 nullius
2954 3385 3103 3431 esset
3156 3376 3404 3443 roboris.
3464 3376 3735 3443 Peliucrre

2151 3471 2284 3541 quin
2334 3472 2521 3534 etiam,
2563 3467 2610 3522 si
2660 3469 2785 3539 quis
2833 3469 3186 3544 introspiciat
3235 3471 3535 3537 attetttitts,
3585 3469 3731 3539 signa

2155 3563 2295 3618 male
2326 3561 2691 3623 dissimulata:
2723 3560 2850 3617 talis
2906 3561 2962 3616 in
2995 3562 3119 3633 ipso
3151 3561 3468 3627 Athanasio
3524 3571 3732 3623 senten-

2149 3657 2241 3710 tiae
2293 3670 2525 3710 arcanae.
2566 3655 2678 3709 Cur
2714 3654 2860 3708 enim
2920 3653 3012 3710 ille
3066 3654 3268 3711 litteris
3320 3656 3392 3713 de
3444 3655 3548 3717 hoc
3579 3652 3732 3709 editis

2152 3749 2432 3803 omisiset
2487 3748 2839 3823 imperatoris
2892 3748 3105 3805 nomini
3163 3758 3502 3809 consuetum
3561 3744 3728 3803 sancti

2149 3843 2467 3912 ailjnnctum
2502 3857 2800 3912 apponere,
2852 3842 2959 3903 nisi
2987 3840 3148 3901 vellet
3191 3842 3557 3903 subindieare
3598 3838 3728 3901 haud

2151 3935 2370 4007 opinari
2400 3950 2459 3989 se
2495 3933 2645 3988 illum
2684 3934 2787 3991 rite
2820 3948 2914 4003 per
2943 3934 3040 3991 has
3068 3947 3132 3995 ac
3156 3949 3288 3989 vere
3318 3936 3647 4001 intui-torum
3678 3930 3727 3983 in

2153 4029 2333 4099 ipsum
2383 4043 2477 4094 per
2508 4027 2725 4102 priores
2781 4027 3193 4089 anathematum
3224 4028 3503 4089 feralibus
3551 4026 3729 4079 vincu-

2151 4102 2223 4175 lis
2277 4120 2572 4175 solutum?
2613 4120 2753 4189 Quid
2790 4135 2912 4197 quae
2944 4135 3091 4181 nunc
3139 4134 3305 4193 agere
3339 4121 3637 4182 diceretur,
3662 4129 3724 4169 an

2150 4226 2261 4266 non
2295 4211 2439 4275 idem
2473 4212 2657 4295 ipsum
2703 4209 3013 4273 innuebant
3038 4209 3063 4263 1
3089 4209 3439 4267 Audiebatur
3470 4207 3637 4270 enim,
3669 4216 3727 4257 ex

2151 4323 2263 4378 quo
2291 4318 2450 4364 erant
2483 4307 2601 4369 ista:
2814 4307 2881 4369 de
2912 4307 3222 4377 patriarcha
3243 4308 3341 4378 qui
3381 4321 3528 4365 nunc
3555 4312 3724 4358 rermn

2151 4403 2423 4472 potiretur
2481 4400 2877 4455 controversiae
2905 4407 3102 4464 motae,
3157 4415 3273 4454 suae
3332 4399 3487 4470 prius
3539 4394 3728 4449 clausa:

463 4478 794 4577 tractatione
823 4478 1006 4550 ipsum
1065 4490 1121 4537 et
1148 4483 1488 4553 indulgentia
1520 4487 1802 4555 pellicere,
1841 4491 1886 4544 si
1913 4504 2048 4560 pos-
2082 4523 2125 4577 ι)
2155 4493 2368 4549 cellulae
2405 4491 2552 4548 fores
2579 4491 2736 4546 hiare
2791 4505 3015 4565 passum
3051 4506 3219 4556 esse;
3254 4489 3547 4555 admisisse
3605 4483 3723 4553 quin

464 4578 571 4636 set,
599 4570 668 4625 ad
729 4574 1121 4628 resumendum
1159 4576 1485 4632 exercitium
1528 4581 1910 4648 patriarcbalis
1950 4599 2049 4653 po-

466 4662 711 4732 testatis,
771 4672 963 4721 certus
1018 4677 1202 4722 tamen
1264 4684 1372 4723 non
1411 4671 1743 4727 descendere
1792 4676 2047 4745 amplius,

468 4756 545 4810 uti
580 4765 738 4812 antea
769 4764 999 4824 tecerat,
1051 4775 1116 4813 us
1138 4777 1225 4827 jue
1254 4762 1319 4817 ad
1355 4778 1548 4831 preces
1595 4766 1830 4822 humiles
1858 4776 1915 4825 et
1946 4773 2048 4824 de—

467 4848 802 4905 elarationes
876 4836 999 4921 quae
1076 4863 1302 4921 possent
1366 4856 1728 4912 reluctantem
1830 4876 2049 4932 cogi-re,

467 4942 773 4997 obﬁrmata:
798 4943 865 4996 ad
894 4942 1301 5023 impetrandum
1365 4950 1706 5017 voluntatis;
1739 4952 1878 5007 satis
1931 4953 2050 5009 exi-

474 5034 713 5087 stimans
743 5049 891 5089 nunc
932 5036 1070 5101 fore,
1098 5039 1144 5092 si
1188 5048 1309 5109 post
1344 5043 1634 5117 benignam
1668 5045 2050 5101 invitationem

471 5123 672 5179 reverti
707 5139 821 5195 quo
863 5127 1162 5184 vocabatur
1200 5134 1345 5189 ultro
1399 5146 1738 5194 annuentem
1778 5139 2051 5195 benevole

472 5213 801 5285 susciperet,
855 5217 1017 5286 eique
1092 5222 1394 5279 conciliare
1443 5226 1708 5284 adversos
1773 5227 2053 5282 antistites

473 5312 720 5367 studeret
740 5312 1021 5370 suadenda
1056 5315 1126 5372 iis
1161 5332 1288 5371 cum
1323 5318 1418 5373 illo
1450 5319 1778 5384 concordia,
1836 5316 2054 5373 danda-

470 5419 580 5474 que
608 5418 775 5475 Opera
810 5414 867 5461 ut
898 5406 1110 5478 objecta
1139 5410 1187 5465 ei
1243 5411 1474 5464 crimina
1514 5408 1685 5478 justis
1715 5410 2049 5481 purgationi-

470 5498 571 5553 bus
602 5498 967 5556 diluerentur.
1003 5501 1084 5557 Ne
1117 5504 1255 5556 ultra
1288 5503 1404 5557 haec
1433 5502 1622 5556 conari
1653 5518 1801 5556 nunc
1831 5501 2052 5572 quidem

471 5600 714 5658 curaret,
772 5608 914 5650 neve
967 5596 1296 5650 abhorreret
1361 5595 1593 5649 nimium
1665 5610 1695 5648 a
1750 5596 2058 5651 mutatione

474 5687 745 5753 praesulis,
808 5688 1085 5744 faciebant
1133 5688 1285 5741 inliti
1349 5687 1554 5741 dudum
1590 5688 1711 5757 ejus
1772 5691 1958 5744 animo
2003 5698 2058 5745 ct

473 5781 703 5833 necllum
745 5781 920 5836 evulsi
978 5782 1199 5850 penitus
1266 5779 1511 5848 scrupuli
1564 5796 1629 5835 ex
1669 5780 1762 5835 illa
1791 5780 2053 5837 fulmina—

2153 4586 2318 4645 etiam
2356 4583 2669 4638 clanculum
2722 4591 2777 4637 ct
2824 4582 3087 4641 subsidiis
3123 4584 3453 4653 opportunis
3511 4576 3726 4649 popula-

2159 4676 2292 4731 riter
2322 4676 2667 4739 demeruisse
2724 4676 2919 4746 iuopcs
2961 4691 2991 4730 e
3047 4675 3209 4742 plebe
3241 4677 3568 4746 quospiam:
3613 4679 3726 4739 qua

2156 4768 2359 4823 indicia
2399 4782 2521 4823 esse
2558 4767 2784 4821 tuinitne
2844 4766 3259 4837 acquiescentis
3308 4767 3546 4822 fortuna:
3600 4774 3723 4831 prte-

2156 4860 2320 4923 Senti,
2369 4869 2424 4914 et
2466 4859 2727 4913 thronum
2788 4858 2933 4913 unde
2984 4858 3289 4914 excidisset
3347 4847 3721 4925 respectantis-

2157 4952 2319 5007 Talcs
2374 4968 2523 5007 cura:
2592 4953 2783 5006 intime
2858 4959 3142 5006 versantes
3202 4962 3441 5005 mentem
3506 4941 3721 4999 nittlium

2156 5045 2339 5099 facilis
2400 5046 2464 5098 ad
2527 5058 2749 5098 sensum
2807 5045 3090 5114 rcIngonis
3151 5059 3368 5097 o'nneut
3433 5029 3721 5105 Andronici

2158 5136 2388 5206 Augusti
2427 5136 2666 5190 senioris
2693 5137 2851 5205 quasi
2884 5136 3145 5206 prmludia
3193 5142 3352 5188 erant
3413 5121 3719 5185 certaminis

2161 5227 2419 5282 instantis
2449 5238 2504 5283 et
2564 5228 2757 5297 prima:
2785 5227 3187 5285 commotiones
3221 5228 3275 5280 in
3317 5222 3566 5296 proximo
3591 5212 3691 5269 insi

2158 5320 2363 5377 diantis
2420 5321 2541 5376 sine
2605 5320 2716 5375 ullo
2752 5321 2839 5375 sui
2903 5335 3070 5376 sensu
3134 5320 3414 5385 vindicta),
3482 5322 3535 5366 at
3606 5318 3719 5363 mox

2159 5426 2441 5478 eruptura:
2495 5416 2551 5470 in
2584 5415 2724 5471 nihil
2759 5431 2941 5471 iunius
2995 5417 3307 5485 opinantes,
3338 5412 3402 5467 ad
3439 5408 3721 5463 restituen—

2159 5509 2289 5564 dum
2322 5509 2411 5579 qui
2444 5508 2742 5565 ceciderat.
2778 5508 2904 5567 Haec
2931 5518 3065 5564 tunc
3096 5519 3257 5567 erant
3286 5504 3451 5574 :quid
3483 5501 3716 5557 secutum

2162 5601 2505 5659 sit.dieetnr.
2533 5601 2693 5670 Quod
2721 5616 2868 5656 nunc
2898 5602 3087 5667 instat,
3113 5600 3255 5655 haud
3274 5611 3496 5668 prersus
3524 5591 3715 5642 Ιειιυετο

2161 5694 2538 5764 patriarcham
2576 5711 2697 5764 qua}
2726 5696 2794 5751 ab
2824 5696 3101 5767 episcoltis
3148 5695 3204 5749 in
3238 5696 3413 5764 ipsum
3463 5680 3718 5771 "'"lvbaii'

2163 5796 2272 5841 ιιιΓ-
2304 5787 2488 5852 Quare
2516 5803 2704 5843 curam
2759 5788 3051 5857 ingressus
3090 5786 3363 5843 retinendi
3424 5766 3716 5835 assereudi'
3746 5820 3749 5825 .
