4018 6422
452 361 587 432 aia

1667 381 2001 446 GEORGII
2030 386 2072 447 P

2180 388 2524 453 ΗΥΜΕΒΑΞ
3633 400 3729 465 3η

448 491 650 558 ’μήπω
693 487 1025 561 θαρροῦντες
1062 495 1430 565 προσϐάλλειν
1469 502 1948 573 γνωσιμαχοῦντες
1989 503 2087 574 μέ·
2116 509 2160 567 Α
2187 525 2279 563 ναι
2306 511 2484 583 μάχης
2518 513 2581 566 ού
2607 512 2764 567 τόσον
2789 511 2987 577 δεινὸν,
3008 510 3298 583 pactum
3325 515 3734 583 συγκινδυνεύειν

476 597 658 647 νουσι,
689 583 891 655 βουλὴν
925 585 1245 655 βουλεύεται
1280 589 1370 659 ἐφ’
1396 585 1442 660 ᾧ
1494 591 1572 663 μὴ
1609 593 1905 664 ἀναμένειν
1936 599 2064 661 τοὺς

477 672 756 742 ἐπιόντας,
795 676 913 731 ἀλλ’
947 680 1146 745 αὑτοὺς
1197 684 1414 737 ὑπιέναι
1463 686 1616 756 σφίσι
1647 688 1744 743 καὶ
1792 691 2066 759 ἐμπεσεῖν

481 768 683 837 μήπω
713 768 984 841 θαρροῦσι
1030 772 1130 843 τὴν
1159 776 1504 849 συμπλοκὴν,
1547 778 1623 842 ὡς
1673 779 1743 835 ἂν
1790 782 1910 851 ἃμα
1962 782 2066 852 μὲν

480 860 973 932 καταπλήξαντες,
1027 865 1147 936 ἃμα
1186 866 1245 920 δὲ
1291 869 1389 924 καὶ
1430 870 1533 942 τὴν
1569 871 1680 926 τῶν
1715 873 2067 945 θαρρούντων

480 949 699 1015 ἑαυτοῖς
733 951 990 1007 ὑπόνοιαν
1007 952 1230 1026 θέμενοι
1256 956 1508 1026 πράξωσί
1532 978 1584 1013 τι
1608 964 1879 1029 γενναῖον.
1896 960 2065 1014 Ταῦτ’

418 1038 430 1047 ’
454 1040 657 1130 Ὶιλεγε,
684 1044 779 1097 καὶ
809 1043 963 1114 μόλις
1009 1045 1141 1111 τοὺς
1193 1048 1285 1116 ὑφ’
1309 1050 1492 1121 ἑαυτῷ
1531 1053 1809 1122 ἡγεμόνας
1856 1051 2066 1109 ἔπειθε.

477 1133 594 1188 Καὶ
622 1135 733 1204 γὰρ
783 1135 865 1189 ἔτι
899 1132 969 1209 ἦν
1014 1138 1108 1192 καὶ
1141 1140 1203 1193 τὸ
1246 1140 1529 1198 Ἀλανικὸν
1561 1144 1832 1215 ἀκμάζον,
1879 1148 1977 1200 καὶ
2007 1148 2067 1200 ἐν

478 1225 663 1280 ιλπίσι
684 1228 779 1282 τοῦ
802 1224 864 1284 εὖ
889 1231 1113 1301 σχήσειν
1133 1227 1299 1304 ἦσαν,
1325 1235 1420 1288 καὶ
1446 1234 1859 1308 πρωθυμοῦντο
1881 1236 2069 1309 μεῖζον

477 1318 512 1388 ἢ
548 1317 694 1373 ὥστε
729 1320 1013 1388 δύνασθαι,
1062 1324 1371 1397 Ἐτέρωθεν
1416 1327 1475 1381 δὲ
1523 1330 1621 1383 καὶ
1652 1330 1715 1382 τδ
1760 1329 2069 1402 Ῥωμαϊκὸν

480 1411 620 1466 πολὺ
641 1407 733 1483 ἦν,
757 1414 854 1467 καὶ
879 1416 979 1486 οὐχ
1003 1411 1170 1487 ἦττον
1191 1417 1469 1473 καὶτοῦτο
1492 1420 1589 1485 τάς
1616 1420 1795 1492 ὁρμὰς
1816 1424 2067 1494 παρεθή-

479 1518 611 1572 γετο
637 1504 745 1559 ὑπὸ
772 1506 883 1578 νέῳ
907 1507 1121 1578 βασιλεῖ
1143 1511 1646 1583 στρατηγούμενον.
1677 1504 1787 1570 Καὶ
1812 1510 1882 1586 ἦν
1912 1516 2069 1581 ἐλπὶς

476 1598 593 1662 soi;
651 1598 822 1668 ὁρῶσι
884 1602 1141 1671 μεγάλων
1200 1604 1655 1675 κατορθωμάτων
1705 1608 1803 1662 καὶ
1855 1610 2062 1673 παντὸς

477 1689 739 1746 ἐπέκεινα
792 1692 1133 1765 σφάλματος.
1195 1696 1351 1751 Ἐπεὶ
1387 1699 1573 1754 τοίνυν
1620 1699 1765 1755 οὕτω
1814 1701 2070 1772 βασιλεὺς

479 1785 583 1854 μὲν
608 1783 797 1859 ὥρμα,
852 1790 1078 1861 στρατὸς
1128 1792 1186 1847 δὲ
1218 1792 1503 1865 ξυνώρμα,
1542 1796 1642 1849 καὶ
1676 1797 1778 1868 ἤδη
1834 1797 2070 1862 ἐξιόντες

2172 600 2244 655 τά
2278 600 2583 671 πράγματα
2621 604 2718 659 καὶ
2741 602 2863 658 λίαν
2902 602 3261 674 παγχάλεπον
3288 599 3450 661 εῖναι.
3473 606 3619 678 Μηδὲ
3638 610 3737 682 γὰρ

2173 692 2461 762 άρτρότως
2493 695 2588 749 καὶ
2627 695 2891 763 ἀσφαλῶς
2929 694 3040 749 τῶν
3074 694 3312 750 ἐλπίδων
3350 700 3738 769 περιγενέσθαι,

2172 783 2289 838 ἀλλ’
2325 785 2426 855 ήδη
2468 788 2563 840 καὶ
2593 787 2919 858 ἡττηθῆναι.
2943 787 3161 859 Πλῆθος
3197 789 3308 859 γὰρ
3337 791 3442 844 κάν
3468 793 3578 854 τοῖς
3604 793 3716 848 ὲναν

2172 874 2309 939 τίοις
2337 871 2478 930 εῖναι
2531 880 2630 934 καὶ
2681 880 2865 952 μάχης
2910 880 3204 952 ἔμπειρον,
3236 881 3334 936 καὶ
3370 882 3472 937 οὑκ
3498 884 3561 937 ἂν
3585 885 3742 950 άλλως

2174 967 2461 1040 θαρῤῆσαν
2496 972 2767 1043 φανεροὺς
2799 973 3039 1039 ὑπιέναι,
3090 974 3253 1044 εἴπερ
3288 977 3391 1029 οὑκ
3438 976 3655 1048 ἡλπιζον
3682 982 3742 1033 τά

2180 1061 2415 1130 μεγάλα.
2467 1062 2807 1119 Ἀνάπυστον
2859 1066 2918 1120 δὲ
2963 1066 3062 1121 καὶ
3111 1066 3216 1136 τὴν
3271 1067 3539 1138 βασιλέως
3571 1072 3740 1141 φήμην

2177 1153 2329 1221 σφίσι
2363 1156 2716 1227 γεγενῆσθαι,
2750 1158 2821 1212 δι’
2856 1158 2927 1231 ἢν
2964 1160 3060 1214 καὶ
3095 1161 3299 1232 μᾶλλον
3350 1161 3409 1216 ἓν
3446 1162 3588 1216 δυοῖν
3611 1163 3743 1226 είκὺς

2177 1240 2319 1299 εἶναι
2367 1248 2668 1319 ξυμϐῆναι,
2699 1251 2733 1323 ἢ
2767 1251 3109 1323 φοϐηθέντας
3138 1254 3198 1319 ἐξ
3225 1254 3514 1318 ἀσθενείας
3550 1256 3743 1326 ἀναχω-

2179 1341 2294 1408 ρείν
2323 1339 2355 1410 ἢ
2387 1340 2728 1413 θαρροῦντας
2771 1345 2833 1411 ἐξ
2882 1344 3097 1409 ἑλπίδος
3145 1346 3411 1416 μεγίστης
3451 1347 3737 1415 φαίνεσθαι.

2183 1432 2250 1485 'U
2270 1434 2367 1487 καὶ
2398 1434 2669 1505 φοϐητέον
2686 1436 2755 1491 ἂν
2778 1439 2984 1508 μᾶλλον
3004 1435 3146 1493 εῖναι
3166 1442 3265 1494 σὺν
3298 1439 3514 1509 βασιλεῖ
3532 1438 3613 1512 [Ρ.
3630 1440 3743 1509 216)

2176 1522 2272 1576 καὶ
2302 1522 2379 1595 μὴ
2422 1524 2607 1595 μόνοις
2638 1528 2764 1581 καθ’
2798 1529 2999 1594 αὐτοὺς
3031 1529 3271 1586 ἐπιοῦσι.
3305 1530 3497 1586 Ταῦτα
3516 1531 3744 1599 λέγοντες

2177 1615 2336 1669 αὑτοὶ
2396 1615 2495 1687 μὲν
2541 1619 2648 1689 τῆς
2680 1621 2863 1692 ὁρμῆς
2896 1621 3241 1691 καθυφίεσαν
3276 1623 3481 1694 πάντη,
3515 1622 3742 1677 ὑπέκλων

2176 1705 2234 1759 δὲ
2273 1711 2368 1760 καὶ
2402 1708 2503 1773 τὰς
2531 1710 2627 1763 τοῦ
2675 1710 2946 1781 βασιλέως
2993 1713 3196 1784 ὁρμὰς,
3234 1716 3333 1768 καὶ
3362 1712 3484 1784 ἆμα
3512 1714 3743 1785 δεύτερος

2177 1799 2271 1851 ἐπὶ
2298 1800 2502 1871 πρώτῳ
2533 1805 2629 1856 καὶ
2661 1805 2845 1874 τρίτος
2866 1806 2962 1859 ἐπὶ
2987 1807 3164 1875 τούτῳ
3192 1807 3289 1860 καὶ
3318 1806 3537 1877 ἑφεξῆς,
3562 1806 3741 1873 φόϐους

477 1879 852 1947 προσέϐαλλον
874 1882 1086 1951 μείζονι
1104 1886 1199 1939 καὶ
1219 1887 1332 1940 αίεῖ
1351 1888 1460 1959 νέῳ
1480 1887 1741 1953 καθάπαξ
1761 1888 1840 1958 τῷ
1861 1888 2073 1961 λήματι
2108 1876 2148 1931 Β
2178 1890 2436 1958 λέγοντες
2470 1897 2568 1947 καὶ
2627 1896 2889 1961 ὑπονοίας
2944 1897 3295 1952 εῖδωλοποιού
3305 1916 3458 1970 μενοι
3476 1876 3479 1877 ν
3499 1896 3715 1968 φοϐερὰς
3729 1934 3742 1960 ,

475 1972 777 2044 χρώμενοι,
820 1975 917 2030 καὶ
964 1976 1070 2049 ἧδη
1117 1978 1179 2032 οὑ
1234 1977 1369 2048 παρ’
1401 1979 1610 2045 αὑτοῖς,
1646 1981 1766 2035 ἀλλ’
1795 1982 1856 2035 ἐν
1888 1983 2077 2044 αὑτοῖς

475 2061 619 2133 ἦσαν
651 2068 765 2130 τοῖς
788 2068 1074 2138 πολεμίοις
1097 2070 1194 2123 καὶ
1211 2070 1548 2142 προσϐαλεῖν
1567 2071 1822 2143 ἔμελλον,
1848 2074 2072 2139 αὐτίκα,

480 2155 780 2224 ὀστράκου,
821 2158 992 2225 φασὶ,
1047 2160 1476 2229 μεταπεσόντος,
1512 2163 1961 2235 ῃωσιμαχοῦσιν
2008 2165 2075 2218 ἐκ

478 2247 634 2310 δέους
657 2249 1005 2321 οί,ἡγεμόνες
1028 2252 1125 2306 καὶ
1146 2252 1205 2305 ιν
1229 2253 1508 2319 ὑπονοίαις
1534 2256 1807 2324 ἐγένοντο,
1824 2256 1887 2309 οὑ
1907 2256 2077 2312 δεδιό-

477 2357 573 2404 τες
600 2340 854 2412 ὲχθροὺς,
878 2342 957 2406 ὡς
990 2342 1259 2414 ἔφασκον,
1280 2345 1401 2400 ἀλλ’
1436 2346 1580 2418 ὑπὲρ
1610 2347 1878 2418 βασιλέως
1912 2366 2076 2418 φρον-

480 2434 725 2499 τίζοντες
760 2435 953 2505 δῆθεν.
982 2437 1196 2503 Αὐτοὺς
1223 2439 1327 2508 μιν
1350 2438 1460 2509 γάρ
1491 2440 1587 2494 καὶ
1620 2440 1820 2511 μόνους
1840 2441 2071 2513 λειφθῆ-

480 2552 783 2621 i'npctttm;
819 2555 952 2625 quin
1004 2570 1270 2627 apparere
1306 2557 1562 2612 cunctari
1604 2572 1824 2613 rursum
1861 2556 1985 2610 illos
2016 2564 2071 2609 et

479 2645 584 2699 sibi
616 2644 862 2702 difﬁdere
891 2647 1208 2719 inceptique
1227 2650 1463 2705 horrore
1488 2648 1750 2713 titubare,
1774 2649 2067 2705 consilium

480 2748 761 2795 momento
786 2740 1006 2811 expedit
1030 2756 1163 2797 sane
1186 2757 1540 2813 generosum,
1568 2758 1680 2798 non
1712 2741 2070 2812 exspectandi

479 2833 609 2885 dum
644 2834 859 2904 priores
898 2835 963 2890 ad
1003 2850 1125 2892 sese
1151 2837 1409 2890 venirent
1436 2834 1639 2900 Persae,
1671 2838 1764 2889 sed
1793 2849 2072 2905 praeoccu-

478 2928 647 2996 pamli
704 2937 933 2983 strenue
994 2928 1469 2984 deliberabundus
1524 2929 1707 2983 adhuc
1760 2928 2073 2996 dubiosque

479 3018 804 3083 sententiae;
834 3034 945 3089 quo
978 3027 1126 3072 statu
1164 3026 1320 3074 tanto
1346 3020 1523 3088 magis
1553 3019 1828 3087 citiusque
1856 3017 2071 3087 percel-

482 3111 627 3168 tendi
678 3113 1002 3169 viderentur
1044 3111 1347 3184 improvisa
1406 3113 1641 3169 audacia
1692 3114 1970 3168 exercitus
2014 3112 2071 3167 in

2176 1986 2545 2055 ὑποστρέφειν
2569 1989 2814 2054 ἔπειθον,
2850 1991 2928 2055 ὼς
2960 1992 3096 2062 μήτε
3122 1994 3222 2046 σὺν
3255 1990 3468 2063 βασιλεῖ
3492 1989 3744 2063 προσϐάλ·

2175 2079 2293 2133 λειν
2348 2083 2677 2153 φαινόμενον
2713 2084 2980 2152 ἀσφαλὲς,
3029 2085 3158 2157 μήτ’
3209 2084 3412 2145 αύτούς
3454 2101 3517 2152 γε
3568 2083 3742 2154 μόνους

2175 2170 2549 2242 καταθαρῤεἶν
2578 2172 2671 2227 τὸν
2694 2174 2955 2245 πόλεμονο
2991 2175 3169 2228 πάντα
3191 2176 3307 2246 γὰρ
3329 2174 3557 2244 δεύτερα
3581 2173 3738 2240 ἐλογί-

2177 2262 2337 2327 ζοντο
2357 2263 2456 2319 τοῦ
2488 2265 2715 2336 βασιλέα
2758 2285 2819 2321 τε
2857 2271 2950 2321 καὶ
2987 2269 3214 2340 στρατὸν
3247 2269 3408 2324 τόσον
3437 2270 3494 2321 ἐν
3535 2267 3745 2336 ἀσφαλεῖ

2175 2371 2241 2424 γε
2273 2359 2539 2426 περιποιή
2551 2358 2771 2415 σασθαι.
2802 2360 3021 2415 Γίνεται
3056 2360 3355 2431 τοιγαροῦν
3380 2361 3471 2413 καὶ
3499 2358 3571 2429 μὴ
3595 2357 3744 2411 θέλων

2174 2451 2204 2504 ὁ
2240 2449 2495 2520 βασιλεὺς
2522 2455 2622 2522 τῆς
2649 2453 2876 2507 ἐκείνων
2910 2452 3136 2524 βουλῆς,
3172 2455 3268 2507 καὶ
3325 2451 3551 2524 στρατὸς
3592 2448 3742 2510 οὑτως

2177 2567 2357 2624 clitari
2393 2569 2693 2624 exitialiter
2724 2579 3041 2626 cernerent.
3078 2569 3175 2625 Sui
3219 2569 3444 2638 quidem
3473 2577 3696 2636 ipsorum
3721 2601 3734 2623 ,

2176 2667 2459 2730 utcunque
2486 2661 2539 2715 in
2570 2670 2780 2715 certam
2827 2662 3123 2731 perniciem
3149 2666 3404 2724 ruerent,
3426 2652 3737 2711 tolerabilem

2175 2761 2370 2823 putare
2412 2753 2688 2822 iacturam
2717 2769 2731 2817 ;
2767 2768 2827 2809 se.
2870 2753 3006 2809 solis
3039 2754 3229 2823 praelia
3274 2748 3576 2822 peremptis
3610 2754 3739 2800 stare

2174 2844 2535 2900 nihilominus
2575 2842 2735 2913 poSse
2770 2846 3170 2915 rempublicam
3198 2860 3211 2896 :
3236 2844 3571 2913 imperatore
3597 2834 3738 2891 simul

2174 2937 2468 3009 absumpto
2490 2955 2764 2995 summam
2790 2939 2871 2995 rei
2897 2946 3217 3009 statumque
3244 2935 3462 3006 imperii
3488 2931 3600 3004 pari
3625 2941 3739 2984 casu

2174 3029 2349 3085 videri
2378 3032 2722 3101 prolapsura.
2750 3031 3009 3086 Insanum
3041 3045 3173 3101 ergo
3201 3044 3331 3085 esse
3350 3035 3554 3084 tantam
3579 3022 3732 3077 aleam

2176 3131 2385 3178 temere
2412 3123 2618 3192 jacere,
2654 3139 2763 3177 uno
2791 3123 2962 3178 illicio
2990 3123 3321 3194 perincerm
3342 3118 3479 3190 spei,
3506 3114 3591 3172 cui
3616 3126 3734 3167 con-

480 3208 630 3271 ipsos
657 3207 902 3276 undique
930 3207 979 3260 vi
1010 3221 1229 3262 summa
1258 3206 1618 3265 incurrentia.
1652 3206 1913 3271 cuinam
1944 3219 2070 3261 sus-
2100 3215 2147 3279 ε
2178 3216 2383 3270 trarius
2417 3214 2840 3270 iundatissimus
2885 3225 3064 3271 metus
3110 3230 3218 3270 non
3252 3216 3531 3283 relinquat
3560 3208 3740 3263 locum.

478 3297 707 3353 tiuendo
742 3314 850 3354 nou
892 3297 1110 3355 futuros
1146 3298 1551 3354 verisimillima
1586 3311 1709 3366 spes
1725 3297 1887 3367 312
1914 3295 2069 3351 affui.

477 3403 664 3459 geret;
697 3394 943 3461 adeoque
977 3408 1189 3463 magnae
1221 3392 1300 3447 rei
1344 3392 1564 3446 fortiter
1595 3407 1659 3447 ac
1699 3391 1938 3448 feliciter
1970 3407 2069 3459 ge-

480 3486 661 3540 rendae
690 3486 983 3548 pretiosam
1015 3485 1069 3539 in
1099 3486 1293 3555 primis
1321 3484 1510 3541 offerri
1540 3486 1912 3541 occasionem.
1948 3482 2073 3539 Hec

479 3581 716 3649 loquens
736 3594 881 3649 {egre
903 3578 1157 3649 probavit
1178 3578 1415 3634 ducibus
1440 3578 1700 3632 Romanis
1718 3593 1857 3649 quos
1883 3594 2071 3633 secum

479 3673 742 3729 habebat.
772 3673 1079 3729 Cesserunt
1116 3672 1192 3726 illi
1222 3681 1403 3727 tamen
1438 3673 1595 3727 veriti
1630 3672 1908 3726 exercitus
1940 3685 2075 3725 cnn-

480 3780 708 3822 sensum
747 3780 873 3822 cum
905 3766 1256 3836 imperatoris
1289 3767 1571 3820 voluntate
1620 3764 2063 3832 conspirantem.

484 3857 617 3913 Nam
651 3858 807 3913 Alani
855 3872 1050 3919 magna
1082 3871 1180 3927 spe
1229 3871 1527 3913 successus
1558 3856 1661 3910 sibi
1707 3854 2071 3925 prosperrimi

479 3953 762 4023 vigebant,
789 3951 1088 4022 ausurique
1121 3966 1186 4005 ac
1222 3950 1480 4006 conaturi
1513 3950 1681 4005 etiam
1723 3962 1889 4018 supra
1927 3949 2072 4004 vires

480 4043 832 4101 ridebantur.
865 4043 1101 4100 Aliunde
1134 4044 1396 4100 Romana:
1423 4043 1596 4112 cupiat
1629 4051 1685 4097 et
1718 4042 2068 4098 conscientia

483 4137 856 4193 multitudinis
892 4146 946 4193 et
982 4137 1273 4206 praesentia
1311 4136 1680 4207 imperatoris,
1712 4133 1942 4205 ejusque
1982 4135 2075 4189 ﬂo-

480 4231 655 4287 rentis
680 4246 796 4287 arvo
822 4228 1168 4303 juvenilique
1195 4229 1417 4298 robore,
1442 4229 1842 4285 incredibiliter
1863 4229 2075 4283 anima-

480 4324 682 4379 b'tllllll'
709 4325 774 4381 ad
810 4325 1115 4381 fortissime
1155 4324 1517 4395 pugnandum
1552 4321 1678 4391 ejus
1715 4321 1916 4375 ductu.
1958 4320 2073 4375 Nec

483 4425 797 4485 spectantes
833 4415 1162 4470 dubitabant
1191 4414 1326 4481 quin
1361 4412 1641 4481 prteclaraa
1674 4411 1918 4465 victoriae
1969 4424 2072 4479 op-

486 4508 823 4578 portunitas,
886 4509 1024 4564 citra
1086 4505 1322 4577 quodvis
1383 4502 1689 4574 periculum
1745 4501 2072 4558 offensionis

486 4600 636 4664 belli,
687 4613 748 4655 se
793 4598 1041 4656 oﬂ'errct.
1100 4596 1237 4652 Cum
1285 4610 1353 4649 eo
1398 4594 1478 4648 sic
1530 4595 1856 4663 imperator,
1904 4598 1986 4650 sic
2020 4594 2071 4649 ei
2100 4568 2153 4630 Ῐ)

485 4691 847 4746 consentiens
878 4688 1184 4753 exercitus,
1212 4702 1489 4759 generoso
1527 4688 1733 4757 impetu
1771 4686 2071 4754 ferrentur,

479 4787 706 4855 jamque
749 4798 942 4840 omnes
974 4799 1006 4840 e
1049 4782 1196 4838 vallo
1238 4784 1444 4853 egressi
1495 4783 1892 4854 procederent,
1942 4798 2068 4837 cre-

485 4888 810 4949 scenteque,
837 4888 896 4933 ut
920 4877 999 4940 fit,
1026 4877 1208 4932 obiter
1229 4877 1457 4931 audacia
1485 4891 1597 4948 quo
1626 4877 1849 4947 propius
1883 4877 2077 4931 admo-

483 4975 756 5029 rebantur
789 4968 1125 5036 discrimini,
1168 4969 1371 5026 animis
1398 4978 1454 5025 et
1492 4970 1781 5027 alacritate
1816 4969 2073 5024 ferociori

487 5067 852 5128 minarentur,
884 5063 1096 5120 emensi
1130 5063 1265 5133 quin
1303 5063 1468 5117 etiam
1510 5063 1775 5119 velociter
1814 5062 2076 5117 interval-

486 5161 600 5213 lum
638 5156 879 5213 medium
922 5173 1030 5213 non
1066 5158 1383 5229 propinqui,
1414 5159 1510 5214 sed
1544 5157 1721 5225 juncti
1752 5172 1817 5212 ac
1859 5166 2071 5211 tantum

487 5268 596 5305 non
630 5249 776 5304 misti
800 5249 1054 5307 hostibus
1078 5250 1277 5311 forent.
1317 5251 1372 5306 in
1403 5250 1653 5318 proximo
1686 5249 1808 5319 ipso
1837 5251 2074 5319 denique

486 5344 775 5412 procinctu
832 5358 896 5401 ac
933 5346 1093 5415 quasi
1140 5346 1316 5415 prima
1365 5342 1629 5397 libatiune
1673 5342 1844 5411 praelii
1872 5380 1886 5401 .
1944 5357 2076 5397 ecce

484 5437 628 5492 velut
660 5436 829 5508 (quod
857 5437 1033 5506 aiunt)
1066 5438 1265 5507 tegula:
1297 5434 1597 5504 interlapsu
1634 5434 2073 5503 in0pinatissima

483 5532 794 5583 conversio.
821 5528 967 5585 Metu
990 5529 1233 5597 correpti
1265 5528 1436 5583 duces
1458 5526 1736 5585 exercitus
1763 5527 2073 5581 deliberare

482 5625 665 5673 itenno
697 5630 751 5674 et
784 5632 997 5676 certare
1022 5620 1319 5677 sententiis
1351 5631 1661 5687 creperum.
1687 5616 1874 5673 Vereri
1907 5636 2077 5674 even-

483 5728 596 5766 lttttt
650 5732 709 5767 se
762 5716 985 5768 aiebant
1023 5715 1187 5768 nimis
1230 5713 1490 5781 ancipitis
1538 5713 1767 5783 negotii.
1821 5729 1921 5767 ucc
1968 5729 2070 5767 sua

486 5805 696 5857 scilicet
740 5820 905 5858 causa
954 5804 1272 5867 formidare,
1321 5805 1413 5859 sed
1452 5806 1798 5860 cunsteruari
1839 5805 2067 5860 horrore.

486 5901 849 5967 discriminis,
883 5915 992 5970 quo
1028 5899 1196 5955 vitam
1230 5916 1289 5957 ac
1322 5911 1488 5972 caput
1530 5901 1879 5972 imperatoris
1912 5902 2065 5973 peri-

2183 3322 2202 3356 ι
2240 3303 2385 3370 Quid
2437 3305 2586 3361 enim
2634 3306 2923 3361 victoriam
2974 3307 3349 3373 somniemus,
3395 3313 3600 3359 tantum
3648 3309 3742 3352 non

2173 3398 2287 3468 jam
2340 3398 2510 3453 victi?
2559 3414 2669 3453 nou
2731 3398 2981 3454 videmus
3034 3398 3316 3453 infinitam
3368 3393 3742 3452 multitudinem

2176 3488 2318 3543 aciei
2364 3487 2627 3544 hostilis?
2666 3504 2797 3544 num
2849 3489 3174 3559 ignoramus
3221 3496 3273 3543 et
3341 3485 3659 3543 fortissimos
3697 3485 3747 3532 el

2176 3582 2678 3638 exercitatissimos
2714 3581 2875 3637 bellis
2911 3582 3022 3637 illic
3070 3591 3219 3637 stare
3254 3578 3508 3637 milites?
3548 3575 3668 3646 quin
3700 3579 3746 3625 et

2176 3675 2523 3744 exploratam
2581 3676 2719 3746 ipsis
2771 3684 3022 3730 nostram
3081 3675 3245 3747 313
3305 3675 3746 3747 perspicuamque

2177 3768 2412 3832 cladem,
2441 3768 2485 3823 si
2514 3783 2617 3824 nos
2657 3768 2762 3824 illis
2789 3768 3260 3833 cnmmiserimus,
3292 3766 3403 3822 ista
3432 3775 3613 3822 eorum
3641 3759 3741 3824 ipsa

2177 3874 2343 3930 (illam
2394 3860 2647 3916 videmus
2692 3860 2925 3916 audacia
2988 3858 3261 3928 loquitur.
3327 3857 3608 3925 Nunquam
3659 3846 3739 3916 qui

2175 3952 2332 4023 prius
2372 3951 2650 4007 latuerant
2692 3960 2800 4005 tam
2833 3951 3067 4006 fidenter
3112 3949 3441 4020 prodirent,
3474 3944 3575 4000 nisi
3608 3943 3738 3993 certa

2177 4060 2273 4116 spe
2301 4047 2486 4118 magni
2516 4062 2815 4102 successus
2847 4046 3239 4102 incitarentur.
3267 4045 3420 4100 Nihil
3453 4043 3594 4110 ipsos
3622 4035 3739 4088 latet

2178 4156 2364 4196 rerum
2400 4151 2745 4197 nostrarum.
2784 4139 2859 4194 De
2892 4139 3224 4210 imperatore
3250 4139 3346 4208 qui
3385 4141 3572 4191 contra
3601 4128 3733 4195 ipsos

2178 4235 2381 4300 veniat,
2411 4235 2641 4303 ejusque
2666 4231 2840 4302 copiis
2869 4245 2932 4285 ac
2957 4231 3206 4302 potentia
3234 4238 3435 4284 cuncta
3468 4210 3741 4277 distinctis-

2178 4326 2319 4382 sime
2343 4340 2569 4381 novere.
2592 4323 2741 4379 Talis
2763 4324 2971 4379 indicio
3001 4321 3162 4377 famae
3192 4321 3512 4392 plenissime
3537 4311 3741 4369 eductos

2177 4426 2232 4474 et
2272 4433 2499 4474 suarum
2530 4418 2781 4472 vicissim
2814 4416 3073 4472 conscios
3114 4406 3314 4469 virium
3349 4414 3577 4467 alterum
3612 4400 3738 4455 δυο·

2180 4524 2301 4563 rum
2330 4507 2796 4578 opertuitfacere,
2821 4515 2915 4562 aut
2941 4507 3218 4562 intellecta
3245 4521 3311 4560 ex
3350 4490 3740 4563 contparalim

2181 4602 2499 4657 inﬁrmitate
2531 4603 2752 4673 propria
2780 4601 3099 4657 conﬂictum
3131 4600 3437 4659 declinare,
3469 4599 3561 4647 aut
3606 4580 3739 4683 indi.-

2180 4697 2303 4751 dem
2335 4705 2603 4765 concepta
2643 4696 2868 4750 minime
2898 4694 3067 4749 dubia
3111 4693 3307 4749 ﬁducia
3342 4698 3549 4759 magna:
3583 4672 3742 4765 cladis

2182 4800 2385 4843 nosne.
2443 4788 2795 4857 ingentisque
2849 4786 3095 4841 victoriae
3148 4787 3390 4855 ipsorum
3431 4779 3631 4833 alacres
3680 4759 3738 4816 ad

2180 4886 2391 4933 certum
2421 4880 2728 4947 praemium,
2763 4886 2927 4948 prout
2957 4876 3187 4944 faciunt,
3229 4863 3741 4929 aecurrere,cveutu

2178 4987 2245 5027 eo
2275 4972 2482 5042 justius
2515 4972 2671 5026 nobis
2707 4969 3077 5034 fortnidando,
3125 4984 3254 5037 quo,
3291 4975 3350 5021 ut
3397 4962 3602 5018 dictum
3641 4953 3740 5048 est.

2178 5074 2348 5135 caput
2397 5066 2573 5135 ipsum
2620 5070 2676 5117 et
2714 5063 3021 5131 Augustam
3058 5074 3352 5130 personam
3389 5052 3739 5145 imperalof'si

2181 5160 2360 5216 eidem
2395 5158 2687 5213 uobiscum
2716 5156 2959 5227 periculo
2985 5153 3327 5224 captivitatis
3356 5154 3450 5203 aut
3480 5138 3624 5196 necis
3647 5138 3740 5185 im-

2179 5254 2425 5322 plicitam
2461 5252 2761 5308 cernimus.
2792 5268 2810 5301 ι
2844 5248 2998 5304 Talia
3034 5256 3402 5303 memorantes
3431 5230 3735 5322 conlisum“

2176 5321 2279 5412 ipsi
2322 5359 2546 5399 cursum
2589 5343 2644 5397 in
2693 5342 2905 5396 hostem
2942 5340 3253 5401 inhibuere,
3306 5344 3420 5389 tum
3472 5321 3733 5412 incitatam

2177 5405 2411 5504 Augusti
2440 5435 2723 5490 Michaelis
2753 5447 3020 5505 generose
3049 5431 3104 5485 in
3139 5429 3380 5500 praelium
3412 5413 3611 5476 ruentis
3635 5405 3735 5505 alat

2175 5503 2427 5584 critatcm
2467 5503 2932 5585 sutilamiuarunt.
2965 5523 3068 5581 Ubi
3101 5524 3248 5579 enim
3279 5513 3546 5578 secuudIIs
3584 5503 3735 5566 super

2180 5620 2439 5689 primum,
2476 5628 2531 5672 et
2561 5617 2780 5673 duobus
2822 5616 3039 5677 tertius,
3075 5614 3270 5683 hisque
3297 5608 3525 5665 invicem
3555 5596 3732 5689 sum-3f:

2178 5716 2458 5769 venientes
2479 5715 2664 5783 plures
2689 5711 2879 5767 eadem
2909 5709 2998 5764 illa
3028 5707 3206 5762 tristia
3240 5708 3505 5760 terror"In
3535 5682 3728 5783 specii“

2182 5818 2467 5862 tuoucutes
2491 5818 2545 5860 et
2581 5811 2905 5859 revocantes
2933 5800 3294 5866 obiectarent,
3325 5792 3587 5850 concusso

2182 5904 2361 5973 pusito
2402 5900 2655 5971 princeps
2687 5897 2877 5969 iunior
2917 5890 3212 5952 recedendi
3260 5884 3551 5946 secumque
3590 5863 3725 5917 7‘3""
