4018 6400
274 388 386 451 3νὶ5

1101 390 1200 452 DE
1240 389 1690 452 ANDRONICO
1730 389 2204 456 PALEOLOGO
2245 394 2395 455 LIB.
2440 392 2543 457 1V.
3461 390 3573 459 3‘56

274 504 425 572 ἔχων
462 500 702 572 πλήθους
730 518 791 556 τε
822 501 917 557 καὶ
950 502 1312 574 παρασκευῆς
1346 503 1514 575 μηδέν
1542 521 1596 557 τι
1647 503 1861 575 πράξας
1894 505 1937 565 Α
1966 506 2300 576 χωρήσεσιν,
2334 505 2521 578 ἔχουσι
2548 504 2603 558 δὲ
2634 504 2729 558 καὶ
2759 506 2870 559 τῶν
2904 504 3236 561 ἐπιτηδείων
3270 503 3571 574 αὐτάρκως

276 594 660 664 ὑπέστρεφεν.
696 596 774 650 Οὐ
806 596 914 667 μὴν
946 594 1003 648 δὲ
1035 596 1129 649 καὶ
1156 597 1417 651 ἀκίνδυνα
1450 593 1594 666 ἦσαν
1626 596 1876 651 ἐντεῦθεν
1978 601 2045 654 ὲκ
2076 600 2180 670 τῆς
2219 599 2331 652 τῶν
2357 597 2789 668 ἀναχωρούντων
2828 599 3175 668 περιουσίας.

273 689 395 750 τοῖς
418 686 516 740 τοῦ
538 688 812 757 βασιλέως
835 688 1086 752 λαοῖς.”Δ
1096 706 1171 758 μα
1191 689 1300 757 γὰρ
1317 689 1584 757 ἀγγελθὲν
1608 691 1720 745 τοῖς
1740 690 1878 756 Πέρ-

276 797 409 842 σαις
435 780 514 843 ὡς
544 780 886 850 ὑποστρέψαι
906 783 933 835 6
959 780 1243 850 βασιλεὺς,
1265 781 1359 833 καὶ
1390 780 1595 852 θάρῤος
1620 779 1879 841 λαὸὗντες

277 872 477 939 μεῖξον
506 873 689 926 πᾶσαν
717 873 936 942 ἐκείνην
961 872 1060 943 τὴν
1092 874 1194 942 γῆν
1218 874 1637 942 κατατρέχουσι,
1674 872 1768 923 καὶ
1799 871 1879 932 εἰς

269 965 447 1019 αὐτὸν
504 966 596 1017 τὸν
647 965 742 1018 τοῦ
790 965 1138 1032 Μαινομένου
1174 967 1395 1035 κάμπον
1445 967 1718 1019 ἐκθέουσι.
1769 965 1879 1019 Καὶ

272 1056 457 1111 πολλὰ
514 1057 616 1126 μὲν
661 1059 790 1122 τοὺς
824 1060 941 1111 ἐκεῖ
968 1058 1273 1128 δράσαντες
1305 1062 1545 1129 χαλεπὰ,
1583 1060 1787 1129 πολλὴν
1822 1059 1881 1112 δὲ

268 1147 401 1201 λεία
416 1165 436 1202 δ
456 1149 907 1220 περιϐαλόαενοι,
927 1152 984 1203 ὲν
1004 1151 1287 1219 τροπαίοις
1313 1151 1604 1218 Ῥωμαίοις
1624 1152 1883 1220 ὑπέστρε-

220 1286 227 1293 .
269 1258 405 1310 (ρον.
438 1243 514 1295 Οὐ
554 1245 661 1311 μὴν
692 1243 747 1296 δὲ
783 1242 923 1295 ὥστε
958 1244 1051 1297 καὶ
1081 1243 1487 1312 καθυφεικέναι,
1517 1244 1610 1297 τοῦ
1644 1244 1879 1313 θράσους

265 1332 560 1399 ἐντεῦθεν,
592 1334 729 1387 ἀλλά
790 1335 884 1388 καὶ
938 1337 1141 1405 μᾶλλον
1190 1336 1743 1404 κατολιγωρήσαντες
1775 1336 1882 1389 τῶν

265 1428 416 1495 περὶ
451 1428 544 1479 τδν
573 1426 803 1496 βασιλέα
839 1434 1185 1497 πραγμάτων
1215 1428 1472 1496 φανερῶς
1505 1429 1602 1480 ἐπὶ
1633 1428 1735 1497 τῆς
1768 1429 1880 1482 τῶν

273 1520 592 1590 Ῥωμαίων
625 1520 1173 1590 ὲστριτοπεδεύοντο.
1213 1521 1320 1573 Καὶ
1355 1520 1613 1590 βασιλεὺς
1642 1519 1743 1590 μὲν
1788 1522 1881 1573 ἐπὶ

262 1616 616 1684 ΝΙαγνησίας
661 1612 1038 1683 ἐγκέκλειστο,
1094 1618 1141 1670 οἱ
1184 1616 1242 1669 δὲ
1296 1615 1549 1685 πολέμιοι
1603 1614 1883 1686 ὁσημέραι

264 1711 709 1781 περιερχόμενοι
746 1711 819 1763 τά
844 1712 1083 1780 μέγιστα
1118 1710 1415 1779 ἔπραττον.
1467 1708 1580 1762 Καὶ
1613 1710 1640 1761 6
1679 1708 1805 1770 λαὸς
1854 1709 1883 1760 6
1985 1699 2355 1770 τατρύχεσθαι
2385 1699 2589 1770 μάχαις
2635 1700 2731 1751 καὶ
2781 1698 3174 1770 ἐπιστρατείαις
3209 1697 3336 1767 μήτ’
3369 1698 3579 1751 εἰδέναι

268 1803 386 1873 μὲν
419 1803 857 1870 κατεσφάττετο,
903 1806 931 1856 6
959 1805 1004 1856 6‘
1037 1802 1379 1856 ἀπανίστατο
1409 1801 1654 1870 φθάνων,
1687 1801 1784 1854 καὶ
1833 1802 1883 1853 οἱ
1991 1793 2132 1863 μήτε
2159 1793 2265 1864 μὴν
2296 1793 2582 1849 δύνασθαι.
2632 1792 2822 1846 Ταῦτα
2864 1792 3117 1860 λέγοντες
3164 1791 3314 1861 δῆλοί
3344 1808 3403 1844 τε
3434 1786 3578 1862 ἦσαν

269 1900 389 1965 μὲν
422 1897 559 1966 πρδς
598 1897 798 1966 νήσους
851 1913 948 1959 τας
1010 1893 1361 1962 ἐγγιζούσας,
1414 1894 1465 1945 οἱ
1501 1893 1559 1946 δὲ
1607 1892 1745 1959 πρὸς
1788 1892 1887 1960 τὴν
1922 1874 1961 1926 Β
1990 1885 2201 1956 ἕτοιμοι
2232 1884 2386 1951 ὄντες
2421 1888 2728 1956 ἀναχωρεῖν
2759 1885 2855 1939 καὶ
2884 1884 3152 1954 βασιλέως
3194 1885 3271 1954 μὴ
3297 1883 3576 1952 ἀφιέντος,

268 1988 438 2043 δύσιν
465 1989 953 2058 διαπεραιούμενοι
1001 1986 1343 2050 διεσώζοντο.
1373 1982 1484 2039 Ἦν
1534 1984 1580 2038 δ’
1630 1982 1886 2037 ἐντεῦθεν
1989 1978 2225 2041 καὶτοῖς
2281 1979 2528 2048 ἐπισχεῖν
2579 1976 2942 2049 ὡρμημένοις
2992 1977 3344 2045 ἀντιστῆναι.
3385 1973 3578 2029 Ταῦτα

270 2081 533 2150 Πέρσαις
567 2082 663 2134 καὶ
692 2082 724 2149 ἠ
758 2081 851 2134 ἐπὶ
878 2082 946 2134 τὰ
980 2080 1132 2143 ἐντὸς
1160 2079 1556 2150 προσχώρησις
1604 2078 1886 2148 εὐμαρὴς,
1993 2071 2094 2140 μὲν
2129 2070 2317 2141 μαθὼν
2351 2069 2624 2140 βασιλεὺς,
2653 2070 2751 2123 καὶ
2784 2069 2998 2122 πολλῶν
3027 2068 3346 2137 ἀϐουλήτων
3374 2066 3581 2134 ἐτέρων

1983 716 2070 771 ιθ’.
2108 717 2310 778 Ὅπως
2334 718 2387 768 οἱ
2419 713 2660 768 Ἀλανοὶ
2692 712 3145 777 νατηνάγκαῖον
3173 713 3285 765 τόν
3306 713 3569 773 βασιλέα

2260 785 2508 854 Μιχαὴλ
2541 781 2833 851 ἀνεθῆναι
2867 787 2974 837 τοῦ
3003 782 3301 851 πολέμου.

2053 879 2139 951 [Ρ.
2166 878 2296 950 21η
2330 879 2466 930 Τότε
2491 877 2584 929 καὶ
2619 878 2668 929 οξ
2695 878 2826 948 περὶ
2852 876 2944 929 τὸν
2966 875 3193 946 βασιλέα
3228 877 3446 931 Ἀλανοὶ
3476 875 3568 928 νό-

1982 988 2109 1024 στου
2143 973 2474 1040 ἐμέμνηντο,
2501 968 2598 1021 καὶ
2625 969 2884 1021 ἀπολύειν
2919 970 3060 1036 σφᾶς
3093 968 3318 1038 βασιλέα
3349 968 3567 1037 πρῶτον

1986 1060 2085 1130 μὲν
2112 1058 2382 1119 ἱκέτευον,
2409 1058 2606 1112 ἔπειτα
2636 1059 2810 1110 δὲκαὶ
2843 1058 3199 1126 κατήπειγον.
3231 1056 3356 1109 Ἐπὶ
3378 1058 3572 1127 χρόνον

1982 1151 2090 1219 γὰρ
2118 1153 2215 1202 καὶ
2250 1150 2889 1218 προσταλαιπωρεῖσθαι,
2934 1148 3076 1203 ὥστε
3103 1150 3214 1202 δεῖν
3250 1150 3438 1212 αὐτοῖς
3478 1150 3575 1203 καὶ

1985 1244 2226 1306 ἀνέσεως
2258 1242 2487 1312 ἀήθεσιν
2518 1239 2639 1295 οὖσι
2675 1241 2931 1310 πολέμων
2978 1243 3073 1294 ἐπὶ
3105 1242 3361 1294 τοσοῦτον
3405 1241 3574 1294 πολυ-

1983 1336 2246 1404 ημὲρων’
2282 1336 2484 1395 αὐτοὺς
2534 1335 2645 1404 γὰρ
2708 1335 2863 1405 Νογᾷ
2895 1332 3388 1404 συστρατεύοντας,
3432 1335 3575 1386 κατὰ

1986 1427 2152 1488 πόδας
2187 1429 2303 1489 τοῖς
2359 1427 2683 1488 ἀντιπάλοις
2737 1425 3247 1495 συμπλεκομένους,
3274 1425 3360 1478 ἐπ’
3392 1425 3575 1490 ὀλίγον

1992 1516 2289 1586 μάχεσθαι,
2312 1517 2409 1570 καὶ
2442 1519 2511 1571 τὰ
2542 1519 2851 1588 πράγματα
2883 1518 3253 1581 καθιστάντας
3300 1518 3361 1571 τὸ
3388 1515 3577 1571 λοιπὸν

1986 1609 2044 1661 ὲν
2075 1610 2259 1663 ἀνέσει
2285 1625 2344 1661 τε
2381 1611 2477 1661 καὶ
2503 1611 2685 1679 τρυφῇ
2720 1608 2935 1679 διαζῇν,
2969 1609 3063 1662 ἐπὶ
3104 1607 3359 1662 τοσοῦτον
3390 1608 3447 1660 δὲ
3478 1624 3579 1661 κα·-

274 2172 844 2243 προοδοποιουμένοις
886 2166 999 2226 οἷον
1057 2174 1176 2236 ταῖς
1230 2171 1339 2225 τῶν
1376 2169 1717 2241 προσχώρων
1751 2171 1887 2225 ἀνα·

280 2355 602 2410 exercitum
640 2353 892 2408 trahendi
928 2351 1152 2408 obtrudi
1194 2351 1299 2407 sibi
1351 2349 1642 2404 consilium
1692 2364 1887 2418 passus

280 2431 407 2506 est;
438 2447 656 2513 ignavis
681 2447 1009 2516 praisertim,
1032 2448 1216 2499 minus
1234 2443 1348 2512 jam
1373 2441 1718 2497 dissimulata
1743 2441 1885 2508 turpi

285 2540 614 2603 formidine,
646 2539 825 2609 palam
857 2539 1246 2608 profitentibus
1280 2554 1378 2593 nec
1410 2552 1470 2592 se
1504 2552 1611 2591 una
1643 2551 1767 2590 enm
1792 2536 1893 2588 im-

285 2643 554 2705 peratore
588 2647 832 2701 pugnare
867 2632 1004 2685 velle
1031 2642 1257 2700 propter
1281 2635 1401 2697 ejus
1426 2628 1757 2699 periculum,
1786 2642 1888 2681 nec

291 2728 449 2782 solos
484 2725 580 2781 illo
606 2726 904 2787 subducto,
947 2727 1207 2793 quoniam
1249 2738 1308 2778 re
1357 2706 1594 2791 impares
1632 2722 1892 2791 potentia:

296 2819 537 2872 hostium
587 2827 856 2880 nossent,
888 2826 944 2871 et
996 2816 1311 2885 reipublicae
1361 2816 1628 2868 interesse
1685 2808 1894 2866 sciri-nt

303 2923 408 2963 non
456 2908 623 2964 modo
659 2909 966 2978 Augustum
1003 2906 1208 2976 ipsum,
1248 2904 1341 2959 sed
1383 2903 1687 2958 ltoutauum
1725 2902 1889 2955 etiam

306 3000 598 3053 exercitum
630 3012 891 3067 supremo
924 2997 1094 3051 exitio
1118 2995 1486 3058 subtrahere;
1514 3008 1637 3061 qua:
1662 3003 1895 3058 utraque

309 3107 415 3153 res,
457 3107 552 3158 pro
593 3091 680 3145 sui
718 3090 1047 3158 gravissimo
1084 3096 1365 3143 momento
1409 3089 1626 3141 cunctis
1657 3100 1897 3155 praever-

300 3184 461 3240 tenda
495 3225 510 3243 .
540 3182 741 3237 conlici
774 3183 934 3236 aliter
968 3181 1221 3249 nequiret
1257 3194 1425 3248 quam
1465 3179 1799 3247 imperatore
1837 3191 1896 3233 se

1990 2163 2154 2218 αὐτὸν
2216 2164 2598 2235 περιστάντων
2630 2194 2696 2207 σ-
2728 2164 2826 2216 καὶ
2879 2162 2990 2234 γὰρ
3023 2160 3179 2216 ἔνθεν
3226 2163 3325 2231 μὲν
3357 2160 3482 2213 ὅσον
3509 2153 3581 2229 ἦν

1990 2349 2299 2405 consultum
2331 2347 2504 2402 ibant.
2532 2345 2609 2401 Ex
2639 2362 2750 2418 quo
2781 2345 2968 2402 Persis
3006 2357 3336 2416 progressus
3371 2342 3426 2395 in
3462 2355 3581 2397 me-

1991 2441 2305 2496 diterranea
2341 2439 2720 2493 Romanarum
2762 2439 3046 2508 regionum
3083 2435 3296 2491 facilior
3320 2435 3579 2504 contigit,

1994 2533 2134 2602 ipsis
2162 2532 2254 2602 qui
2290 2532 2454 2586 domo
2483 2533 2678 2585 relicta
2724 2530 3015 2601 fugiebant
3060 2529 3203 2585 viam
3258 2528 3579 2599 insequenti

1993 2627 2140 2682 hosti
2180 2626 2643 2689 monstrantibus,
2674 2625 2949 2679 habebant
3000 2632 3185 2678 autem
3240 2620 3446 2675 all’atim
3482 2637 3584 2674 an-

1993 2736 2153 2775 nona:
2182 2735 2246 2773 ac
2273 2733 2709 2783 connneatttum,
2743 2717 2898 2784 potiti
2929 2715 3082 2770 cellis
3111 2713 3437 2784 horreisque
3468 2713 3583 2783 ple-

1994 2814 2081 2867 nis
2134 2811 2458 2865 colonorum
2514 2809 2674 2864 sedes
2723 2809 3023 2878 copiasque
3076 2805 3379 2861 familiares
3429 2813 3578 2859 metu

1995 2904 2191 2957 mortis
2219 2901 2618 2956 deserentium.

1997 3019 2084 3075 19.
2123 3017 2193 3072 Ut
2224 3018 2380 3071 Alani
2425 3017 2683 3087 coegerint
2740 3014 2969 3068 Michael
3020 3014 3398 3087 iruperatorem
3451 3010 3584 3065 dare

2384 3083 2534 3157 ipsis
2562 3087 2868 3140 citissionem
2898 3102 2929 3138 α
2966 3083 3186 3138 militia.

2079 3179 2237 3235 Tunc
2267 3188 2320 3234 et
2350 3179 2533 3242 Alani,
2575 3193 2716 3248 quos
2765 3176 3061 3245 imperator
3096 3173 3329 3230 habebat
3363 3187 3584 3233 secum.

292 3292 357 3329 ac
399 3276 696 3329 universas
724 3275 932 3344 pariter
967 3272 1244 3327 Romanas
1274 3273 1463 3340 copias
1502 3271 1553 3324 in
1596 3278 1776 3323 tutum
1807 3285 1892 3323 re-
1921 3252 1964 3307 (ἶ
1999 3273 2320 3328 desiderare
2378 3270 2614 3327 reditum
2667 3284 2733 3322 eo
2773 3267 2920 3322 unde
2967 3259 3581 3335 venerant'empernnt.

290 3372 561 3439 cipieute.
608 3368 704 3425 llis
756 3366 1236 3436 importunissima
1285 3362 1581 3418 inculcatis
1622 3352 1889 3417 instantia

288 3463 680 3528 suasionibus,
712 3462 931 3528 juvenis
967 3460 1286 3528 imperator,
1340 3465 1623 3526 utcunque
1656 3456 1886 3519 invitus,

288 3558 501 3621 cessit;
540 3568 595 3610 et
636 3554 942 3616 exercitus,
982 3567 1210 3607 numero
1243 3559 1296 3605 et
1320 3557 1579 3620 apparatu
1613 3548 1747 3603 nulli
1783 3563 1890 3602 nou

291 3649 651 3717 quantumvis
686 3647 874 3702 arduae
906 3645 1246 3717 aggressioni
1278 3659 1406 3712 par,
1435 3642 1705 3713 inglorius
1734 3639 1886 3695 omni

294 3757 354 3797 ie
402 3740 610 3794 infecta
668 3740 867 3796 castris
917 3747 1003 3794 est
1055 3737 1323 3793 redditus.
1395 3736 1644 3789 Luernut
1699 3735 1891 3788 statim

292 3834 588 3890 atrocibus
627 3834 744 3889 suis
784 3833 1003 3888 damnis
1037 3830 1160 3901 ejus
1193 3830 1455 3885 militaris
1487 3827 1675 3895 ﬂagitii
1703 3827 1895 3896 perni-

294 3928 436 3983 ciem
486 3943 682 3982 omnes
729 3926 958 3995 imperio
990 3924 1225 3996 subjecti
1258 3923 1468 3992 populi,
1502 3922 1718 3977 sublata
1766 3920 1895 3975 inde

294 4021 600 4075 securitate
626 4020 776 4074 onmi
800 4019 937 4075 diris
967 4018 1221 4089 cladibus
1241 4015 1511 4086 expositi.
1542 4014 1718 4069 Simul
1745 4014 1891 4067 enim

295 4116 614 4169 nuntiatum
648 4115 815 4186 3”,
845 4124 930 4171 est
968 4113 1151 4169 Persis
1188 4113 1259 4167 ita
1299 4113 1493 4182 ignave
1552 4125 1614 4167 ac
1658 4109 1895 4178 turpiter

296 4210 309 4261 i
337 4231 349 4259 ι
375 4217 690 4279 peratorem
730 4208 1055 4270 recessisse,
1080 4214 1300 4275 sumpta
1342 4206 1506 4273 longe
1534 4218 1701 4272 supra
1740 4203 1898 4271 prio-

298 4317 414 4354 rem
469 4301 750 4354 licentiam
787 4300 1060 4368 quidlibet
1087 4298 1202 4368 jam
1233 4297 1473 4351 audendi
1515 4295 1854 4349 confidentia
1879 4334 1894 4356 .

298 4391 554 4459 regiones
589 4390 748 4445 limiti
774 4391 1117 4460 propinquas
1156 4390 1281 4443 illas
1313 4388 1608 4442 universas
1637 4386 1898 4440 incursa-

298 4494 453 4550 runt,
499 4499 673 4553 usque
732 4484 798 4537 ad
861 4484 1040 4550 ipsum
1089 4497 1254 4550 quem
1311 4488 1508 4536 vocant
1570 4476 1892 4533 Mantomeni

1996 3362 2427 3432 Missionemqne
2461 3362 2529 3414 ab
2585 3361 2837 3428 Augusto
2876 3360 3115 3427 primqu
3149 3356 3361 3411 orando
3408 3355 3582 3424 impe-

1995 3466 2169 3518 trare,
2214 3471 2338 3508 tnox
2370 3454 2671 3524 “agitando
2703 3451 3073 3519 utinaudoque
3101 3456 3432 3517 extorquere
3456 3457 3581 3501 ten-

1998 3553 2211 3598 larunt.
2242 3545 2568 3615 Allegabant
2599 3541 2691 3596 diu
2725 3558 2782 3597 se
2806 3542 3073 3596 tolerasse
3103 3539 3312 3594 militia:
3343 3538 3584 3603 labores;

1996 3657 2168 3710 quare
2204 3642 2449 3711 indigere
2475 3639 2821 3702 remissione,
2847 3637 2991 3707 quod
3017 3636 3222 3691 assueti
3256 3651 3364 3689 non
3395 3644 3583 3690 essent

1997 3736 2160 3803 longo
2198 3743 2445 3802 tempore
2480 3730 2819 3786 continuatis
2843 3740 3152 3784 castrorum
3180 3727 3461 3793 aerumnis,
3497 3743 3587 3782 so-

1998 3829 2082 3882 liti
2117 3837 2276 3882 antea
2312 3827 2415 3882 sub
2438 3826 2587 3895 Noga
2613 3826 2727 3880 cito
2746 3824 2867 3880 acie
2898 3823 3199 3879 decernere
3229 3832 3280 3875 et
3310 3831 3428 3893 post
3464 3825 3587 3877 bre-

1997 3935 2118 3973 vem
2171 3918 2340 3987 praelii
2385 3917 2558 3970 aleam
2609 3916 2920 3986 quiescere,
2971 3914 3295 3980 compositis
3342 3912 3505 3984 315
3555 3929 3589 3968 e

1999 4013 2272 4066 sententia
2303 4010 2486 4071 rebus,
2516 4009 2873 4077 fructumque
2902 4007 3151 4061 victoria:
3177 4006 3360 4074 quiete
3390 4022 3586 4060 secura

2001 4117 2066 4157 ac
2106 4102 2323 4158 deliciis
2352 4114 2597 4173 gustare.
2631 4101 2809 4155 Tanto
2841 4116 2973 4156 vero
2994 4102 3170 4169 spatio
3197 4100 3359 4155 atteri
3390 4099 3591 4168 pugnis

2002 4208 2057 4251 et
2099 4196 2316 4266 fatigari
2366 4196 2696 4250 militaribus
2729 4193 3157 4248 excursionibus
3188 4208 3290 4247 nec
3318 4193 3398 4247 sci
3431 4208 3461 4246 e
3489 4207 3589 4246 nec

2000 4289 2214 4343 valere.
2255 4286 2380 4342 llaec
2422 4289 2494 4342 ita
2536 4287 2903 4357 loquebantur
2930 4327 2947 4351 ,
2997 4298 3056 4340 ιιι
3104 4284 3240 4340 satis
3296 4293 3588 4354 appareret

2008 4389 2234 4449 paratos
2268 4394 2367 4436 eos
2397 4380 2466 4433 ad
2506 4379 2876 4435 recedendum
2902 4379 3066 4433 etiam
3098 4378 3589 4447 nonpermittcute

2002 4473 2358 4540 imperatore,
2392 4481 2447 4526 et
2479 4471 2525 4525 si
2558 4472 2650 4539 qtti
2687 4471 2907 4527 obstare
2935 4479 3293 4533 conarentur,
3327 4470 3377 4523 vi
3415 4478 3468 4523 et
3496 4483 3590 4522 ar-

296 4592 556 4646 r-ampnm
588 4575 903 4645 pepnlaudo
939 4574 1320 4642 vastandoque
1350 4572 1509 4628 obvia
1545 4579 1745 4627 cuncta
1773 4586 1896 4639 pro—
1930 4600 1978 4655 Β
2006 4567 2112 4621 tuis
2140 4565 2541 4621 ulciscendum.
2573 4562 2627 4618 ltl
2664 4564 2896 4620 Michael
2938 4565 3220 4635 Augustus
3246 4562 3586 4634 intelligens,

296 4669 516 4735 pressi;
552 4683 617 4722 ac
665 4669 787 4735 ejus
840 4667 1038 4722 int-olis
1084 4667 1189 4718 loci
1239 4665 1427 4719 multis
1478 4665 1644 4720 illatis
1697 4664 1897 4727 malis,

301 4762 482 4816 multa
516 4759 705 4815 onusti
761 4759 969 4829 prazda,
1015 4760 1212 4828 positis
1247 4760 1313 4813 de
1348 4757 1611 4812 [tertianis
1654 4757 1923 4827 tremis,-

300 4853 509 4909 revrrsi
537 4854 758 4906 domum
788 4860 938 4906 sunt.
973 4851 1087 4906 Nec
1132 4866 1260 4906 vero
1290 4851 1358 4904 de
1389 4859 1656 4919 concepto
1704 4865 1765 4903 ex
1805 4848 1898 4903 tali

296 4961 571 5001 successu
605 4945 751 4998 fastu
787 4944 1089 5012 quidquam
1120 4943 1319 4999 deinde
1352 4943 1683 5017 t‘eiuiserunt
1712 4960 1725 4996 :
1762 4943 1896 5012 quin

298 5040 492 5110 potius
524 5038 698 5101 nnigis
736 5038 1000 5106 deinceps
1028 5036 1530 5105 magisquespreto
1565 5036 1898 5105 imperatore

296 5126 618 5193 rastrisque
650 5122 939 5187 Romanis,
967 5134 1019 5178 et
1062 5125 1224 5180 unice
1249 5126 1499 5194 cujusvis
1527 5126 1653 5180 inde
1684 5127 1899 5194 impcn~

297 5217 489 5271 dentis
525 5217 660 5287 ipsis
692 5216 876 5272 secuti
926 5226 1127 5276 metus,
1157 5217 1335 5287 palam
1368 5217 1481 5287 jam
1513 5225 1569 5273 et
1606 5218 1896 5295 confiden-

302 5310 515 5364 tissime
547 5320 729 5365 castra
763 5310 1115 5365 metabautur
1138 5310 1191 5364 iu
1220 5311 1383 5365 terris
1409 5309 1803 5366 Rotuauorum.
1834 5311 1899 5367 Et

302 5405 607 5473 imperator
640 5403 862 5473 quidem
897 5405 1196 5457 conclusus
1231 5404 1373 5456 intra
1417 5402 1750 5474 Magnesiam
1786 5412 1899 5458 sta-

304 5500 420 5561 bat,
455 5498 644 5550 hostes
694 5503 880 5550 autem
932 5496 1185 5564 quotidie
1224 5496 1434 5550 circum
1488 5506 1750 5565 vagantes
1805 5511 1896 5549 res

308 5590 584 5644 Inaximas
634 5589 894 5657 agebant.
944 5588 1139 5642 Infelix
1198 5597 1381 5642 autem
1421 5588 1656 5656 populus
1694 5588 1894 5656 partim

307 5683 719 5748 trucidabatur,
748 5682 944 5748 partim
973 5685 1150 5736 diram
1196 5697 1385 5736 necem
1422 5681 1546 5750 fuga
1592 5679 1894 5734 miserabili

309 5774 692 5842 prazvertcbat.
732 5770 797 5825 Et
845 5772 895 5824 hi
926 5772 1146 5834 quidem
1191 5773 1244 5826 in
1284 5772 1492 5827 vicinas
1527 5772 1760 5837 insulas,
1802 5772 1892 5825 alii

311 5884 484 5940 usque
514 5868 573 5924 in
631 5872 843 5925 tractus
893 5863 1186 5935 Occiduos,
1236 5867 1373 5922 mari
1425 5865 1678 5934 traiecto,
1729 5866 1895 5921 saluti

2006 4660 2201 4716 multis
2241 4660 2407 4715 simul
2440 4659 2566 4714 aliis
2594 4668 2790 4714 contra
2819 4674 2985 4729 quam
3016 4658 3178 4712 vellet
3222 4657 3589 4729 undecunque

2001 4752 2387 4807 accidentibus
2434 4751 2903 4807 commovebatur.
2938 4751 3076 4803 Nam
3125 4751 3272 4813 hinc,
3317 4762 3585 4818 quantum

2002 4842 2247 4900 habebat
2280 4844 2506 4899 fortium
2562 4844 2800 4898 militum
2851 4843 3088 4897 Romani
3125 4844 3367 4913 generis,
3415 4843 3588 4899 dilabi
3634 4835 3638 4839 ’

2001 4940 2250 5010 quotidie
2291 4940 2547 5003 videbat;
2579 4953 2680 4992 nec
2708 4939 2886 4993 teneri
2928 4947 3179 5007 poterant
3207 4939 3341 5008 quin
3383 4938 3586 4995 auditis

2002 5033 2258 5088 tristibus
2285 5032 2527 5100 nudique
2554 5031 2905 5085 aﬂluentibus
2935 5031 3166 5095 nuntiis,
3186 5031 3280 5100 qui
3310 5046 3435 5085 suas
3467 5032 3588 5087 cui-

2001 5142 2109 5194 que
2142 5127 2337 5181 domos
2375 5134 2468 5178 aut
2499 5125 2609 5190 jam
2643 5124 2715 5179 ab
2748 5124 2902 5178 hoste
2935 5124 3181 5192 direptas
3217 5134 3313 5178 aut
3357 5140 3385 5178 a
3435 5126 3486 5180 vi
3531 5136 3586 5179 rt

2002 5218 2258 5271 incendio
2281 5217 2529 5286 proxime
2555 5216 2930 5286 periclitantes
2962 5216 3303 5279 indicabant,
3331 5226 3587 5273 conster-

2002 5308 2118 5362 nati
2154 5308 2438 5376 suppetias
2470 5316 2852 5369 accnrrerent,
2905 5308 3209 5362 insalutato
3252 5310 3585 5378 imperatore

2000 5401 2322 5456 deserentes
2339 5408 2523 5454 castra
2537 5400 2824 5461 ,charitate
2842 5399 3173 5455 familiarum
3192 5400 3580 5455 verecundiam

2001 5492 2309 5562 disi-iplinae
2349 5508 2411 5546 ac
2446 5491 2771 5563 religionem
2814 5493 3147 5548 sacramenti
3176 5493 3428 5546 militaris
3467 5493 3585 5547 elu-

2000 5593 2208 5638 t-tante.
2243 5585 2513 5639 Prmterca
2558 5585 2911 5653 imperatoris
2946 5586 3258 5640 avunculus
3312 5585 3459 5640 Asan
3524 5584 3580 5640 iu

2000 5681 2089 5734 illa
2133 5677 2326 5732 militia
2372 5678 2516 5731 diem
2564 5678 2798 5734 obierat.
2838 5679 2990 5732 Alter
3037 5681 3204 5734 etiam
3247 5678 3580 5743 avunculus,

1999 5772 2231 5827 Michael
2259 5773 2510 5839 despota,
2544 5773 2739 5828 morbo
2769 5785 3060 5840 correptus
3084 5773 3384 5828 curationis
3409 5786 3579 5827 causa

2001 5873 2307 5922 secesserat
2340 5864 2588 5923 domum.
2634 5863 2771 5920 llinc
2828 5873 3001 5921 totum
3054 5874 3365 5923 castrorum
3409 5865 3580 5921 robur
