  <div class='ocr_page' id='page_1' title='image "/cluster/home/n/w/nwhite01/storage/ocr_20150623/144:no.2/coo.31924054870492/184.png"; bbox 0 0 4024 6400; ppageno 0'>
   <div class='ocr_carea' id='block_1_1' title="bbox 246 338 361 401">
    <p class='ocr_par' dir='ltr' id='par_1_1' title="bbox 246 338 361 401">
     <span class='ocr_line' id='line_1_1' title="bbox 246 338 361 401; baseline 0.017 -2"><span class='ocrx_word' id='word_1_1' title='bbox 246 338 361 401; x_wconf 71' lang='grc'><strong>353</strong></span> 
     </span>
    </p>
   </div>
   <div class='ocr_carea' id='block_1_2' title="bbox 1114 328 2545 396">
    <p class='ocr_par' dir='ltr' id='par_1_2' title="bbox 1114 328 2545 396">
     <span class='ocr_line' id='line_1_2' title="bbox 1114 328 2545 396; baseline 0.001 -4"><span class='ocrx_word' id='word_1_2' title='bbox 1114 331 1215 392; x_wconf 85' lang='lat' dir='ltr'><strong>DE</strong></span> <span class='ocrx_word' id='word_1_3' title='bbox 1258 330 1707 392; x_wconf 76' lang='lat' dir='ltr'><strong>ANDRONICO</strong></span> <span class='ocrx_word' id='word_1_4' title='bbox 1735 328 2210 394; x_wconf 67' lang='lat' dir='ltr'><strong>PALEGLOGO</strong></span> <span class='ocrx_word' id='word_1_5' title='bbox 2249 332 2398 396; x_wconf 84' lang='lat' dir='ltr'><strong>LIB.</strong></span> <span class='ocrx_word' id='word_1_6' title='bbox 2440 333 2545 394; x_wconf 85' lang='lat' dir='ltr'><strong>IV.</strong></span> 
     </span>
    </p>
   </div>
   <div class='ocr_carea' id='block_1_3' title="bbox 3434 335 3546 399">
    <p class='ocr_par' dir='ltr' id='par_1_3' title="bbox 3434 335 3546 399">
     <span class='ocr_line' id='line_1_3' title="bbox 3434 335 3546 399; baseline 0 0"><span class='ocrx_word' id='word_1_7' title='bbox 3434 335 3546 399; x_wconf 63' lang='lat'><strong>35$</strong></span> 
     </span>
    </p>
   </div>
   <div class='ocr_carea' id='block_1_4' title="bbox 242 446 3543 529">
    <p class='ocr_par' dir='ltr' id='par_1_4' title="bbox 242 446 3543 529">
     <span class='ocr_line' id='line_1_4' title="bbox 242 446 3543 529; baseline -0.002 -18"><span class='ocrx_word' id='word_1_8' title='bbox 242 461 362 522; x_wconf 83' lang='grc' dir='ltr'>τοῖς</span> <span class='ocrx_word' id='word_1_9' title='bbox 396 457 760 529; x_wconf 77' lang='grc' dir='ltr'>περιποιῆσαι</span> <span class='ocrx_word' id='word_1_10' title='bbox 787 456 888 525; x_wconf 76' lang='grc' dir='ltr'>τὴν</span> <span class='ocrx_word' id='word_1_11' title='bbox 913 455 1011 524; x_wconf 81' lang='grc' dir='ltr'>τῆς</span> <span class='ocrx_word' id='word_1_12' title='bbox 1040 452 1306 523; x_wconf 77' lang='grc' dir='ltr'><strong>δοκούσης</strong></span> <span class='ocrx_word' id='word_1_13' title='bbox 1341 450 1567 523; x_wconf 76' lang='grc' dir='ltr'><strong>ἀτιμίας</strong></span> <span class='ocrx_word' id='word_1_14' title='bbox 1599 450 1839 522; x_wconf 71' lang='grc' dir='ltr'>ἀπόδρα-</span> <span class='ocrx_word' id='word_1_15' title='bbox 1867 456 1916 515; x_wconf 76' lang='grc' dir='ltr'>Α</span> <span class='ocrx_word' id='word_1_16' title='bbox 1946 452 2043 503; x_wconf 65' lang='grc' dir='ltr'>καὶ</span> <span class='ocrx_word' id='word_1_17' title='bbox 2075 448 2476 521; x_wconf 80' lang='grc' dir='ltr'><strong>ἀμφοτέρωθεν</strong></span> <span class='ocrx_word' id='word_1_18' title='bbox 2501 449 2619 513; x_wconf 89' lang='grc' dir='ltr'>τοῖς</span> <span class='ocrx_word' id='word_1_19' title='bbox 2654 451 2755 519; x_wconf 76' lang='grc' dir='ltr'>μὲν</span> <span class='ocrx_word' id='word_1_20' title='bbox 2783 446 2973 521; x_wconf 85' lang='grc' dir='ltr'>ὀδύνη,</span> <span class='ocrx_word' id='word_1_21' title='bbox 2998 449 3113 514; x_wconf 88' lang='grc' dir='ltr'>τοῖς</span> <span class='ocrx_word' id='word_1_22' title='bbox 3140 450 3197 504; x_wconf 79' lang='grc' dir='ltr'>δὲ</span> <span class='ocrx_word' id='word_1_23' title='bbox 3230 450 3349 516; x_wconf 78' lang='grc' dir='ltr'>δέος</span> <span class='ocrx_word' id='word_1_24' title='bbox 3386 470 3543 524; x_wconf 59' lang='grc' dir='ltr'>περιρ</span> 
     </span>
    </p>
   </div>
   <div class='ocr_carea' id='block_1_5' title="bbox 242 541 1841 621">
    <p class='ocr_par' dir='ltr' id='par_1_5' title="bbox 242 541 1841 621">
     <span class='ocr_line' id='line_1_5' title="bbox 242 541 1841 621; baseline -0.004 -21"><span class='ocrx_word' id='word_1_25' title='bbox 242 566 355 604; x_wconf 83' lang='grc' dir='ltr'>σιν.</span> <span class='ocrx_word' id='word_1_26' title='bbox 395 549 539 603; x_wconf 84' lang='grc' dir='ltr'>Ἀλλ’</span> <span class='ocrx_word' id='word_1_27' title='bbox 590 548 933 621; x_wconf 78' lang='grc' dir='ltr'>ἑκατέρωθεν</span> <span class='ocrx_word' id='word_1_28' title='bbox 979 549 1074 601; x_wconf 79' lang='grc' dir='ltr'>καὶ</span> <span class='ocrx_word' id='word_1_29' title='bbox 1103 547 1152 600; x_wconf 87' lang='lat' dir='ltr'><strong>oi</strong></span> <span class='ocrx_word' id='word_1_30' title='bbox 1180 546 1325 615; x_wconf 79' lang='grc' dir='ltr'>ἀμφὶ</span> <span class='ocrx_word' id='word_1_31' title='bbox 1346 547 1438 598; x_wconf 70' lang='grc' dir='ltr'>τὸν</span> <span class='ocrx_word' id='word_1_32' title='bbox 1473 545 1647 613; x_wconf 82' lang='grc' dir='ltr'>μέγαν</span> <span class='ocrx_word' id='word_1_33' title='bbox 1675 541 1841 611; x_wconf 83' lang='grc' dir='ltr'>δομὲ·</span> 
     </span>
    </p>
   </div>
   <div class='ocr_carea' id='block_1_6' title="bbox 243 632 1837 709">
    <p class='ocr_par' dir='ltr' id='par_1_6' title="bbox 243 632 1837 709">
     <span class='ocr_line' id='line_1_6' title="bbox 243 632 1837 709; baseline -0.005 -16"><span class='ocrx_word' id='word_1_34' title='bbox 243 656 460 704; x_wconf 80' lang='grc' dir='ltr'>στικον,</span> <span class='ocrx_word' id='word_1_35' title='bbox 498 639 746 703; x_wconf 79' lang='grc' dir='ltr'>θέλοντές</span> <span class='ocrx_word' id='word_1_36' title='bbox 768 658 818 692; x_wconf 91' lang='grc' dir='ltr'><strong>τι</strong></span> <span class='ocrx_word' id='word_1_37' title='bbox 845 639 1050 709; x_wconf 75' lang='grc' dir='ltr'>πρᾶξαι</span> <span class='ocrx_word' id='word_1_38' title='bbox 1086 636 1181 692; x_wconf 83' lang='grc' dir='ltr'><strong>καί</strong></span> <span class='ocrx_word' id='word_1_39' title='bbox 1211 639 1265 707; x_wconf 87' lang='grc' dir='ltr'>γ’</span> <span class='ocrx_word' id='word_1_40' title='bbox 1305 635 1535 707; x_wconf 86' lang='grc' dir='ltr'>ἀτιμίαν</span> <span class='ocrx_word' id='word_1_41' title='bbox 1557 633 1653 687; x_wconf 72' lang='grc' dir='ltr'>καὶ</span> <span class='ocrx_word' id='word_1_42' title='bbox 1680 632 1837 686; x_wconf 69' lang='grc' dir='ltr'>αὐτοὶ</span> 
     </span>
    </p>
   </div>
   <div class='ocr_carea' id='block_1_7' title="bbox 242 724 1838 803">
    <p class='ocr_par' dir='ltr' id='par_1_7' title="bbox 242 724 1838 803">
     <span class='ocr_line' id='line_1_7' title="bbox 242 724 1838 803; baseline -0.006 -16"><span class='ocrx_word' id='word_1_43' title='bbox 242 734 514 803; x_wconf 69' lang='grc' dir='ltr'>ἐκφυγεῖν</span> <span class='ocrx_word' id='word_1_44' title='bbox 541 730 641 802; x_wconf 77' lang='grc' dir='ltr'>τὴν</span> <span class='ocrx_word' id='word_1_45' title='bbox 669 732 798 803; x_wconf 72' lang='grc' dir='ltr'><strong>δὸξῃ</strong></span> <span class='ocrx_word' id='word_1_46' title='bbox 847 731 1052 795; x_wconf 84' lang='grc' dir='ltr'><strong>δειλίας</strong></span> <span class='ocrx_word' id='word_1_47' title='bbox 1096 727 1481 798; x_wconf 79' lang='grc' dir='ltr'>ὲπιτρίϐεσθαι</span> <span class='ocrx_word' id='word_1_48' title='bbox 1508 727 1661 796; x_wconf 87' lang='grc' dir='ltr'>σφίσι</span> <span class='ocrx_word' id='word_1_49' title='bbox 1704 724 1838 795; x_wconf 79' lang='grc' dir='ltr'><strong>μὲλ-</strong></span> 
     </span>
    </p>
   </div>
   <div class='ocr_carea' id='block_1_8' title="bbox 243 816 1837 888">
    <p class='ocr_par' dir='ltr' id='par_1_8' title="bbox 243 816 1837 888">
     <span class='ocr_line' id='line_1_8' title="bbox 243 816 1837 888; baseline -0.003 -13"><span class='ocrx_word' id='word_1_50' title='bbox 243 823 477 885; x_wconf 84' lang='grc' dir='ltr'>λουσαν,</span> <span class='ocrx_word' id='word_1_51' title='bbox 527 822 832 888; x_wconf 81' lang='grc' dir='ltr'>ὡπλίζοντό</span> <span class='ocrx_word' id='word_1_52' title='bbox 886 839 947 875; x_wconf 88' lang='grc' dir='ltr'><strong>τε</strong></span> <span class='ocrx_word' id='word_1_53' title='bbox 986 823 1081 875; x_wconf 74' lang='grc' dir='ltr'>καὶ</span> <span class='ocrx_word' id='word_1_54' title='bbox 1133 820 1243 875; x_wconf 85' lang='grc' dir='ltr'>τῶν</span> <span class='ocrx_word' id='word_1_55' title='bbox 1282 820 1468 874; x_wconf 82' lang='grc' dir='ltr'>ἵππων</span> <span class='ocrx_word' id='word_1_56' title='bbox 1521 816 1837 872; x_wconf 84' lang='grc' dir='ltr'>ὲπέϐαινον.</span> 
     </span>
    </p>
   </div>
   <div class='ocr_carea' id='block_1_9' title="bbox 239 911 1834 986">
    <p class='ocr_par' dir='ltr' id='par_1_9' title="bbox 239 911 1834 986">
     <span class='ocr_line' id='line_1_9' title="bbox 239 911 1834 986; baseline -0.004 -17"><span class='ocrx_word' id='word_1_57' title='bbox 239 914 563 970; x_wconf 78' lang='grc' dir='ltr'>Φιλονεικία</span> <span class='ocrx_word' id='word_1_58' title='bbox 594 916 689 969; x_wconf 79' lang='grc' dir='ltr'>καὶ</span> <span class='ocrx_word' id='word_1_59' title='bbox 744 915 890 986; x_wconf 78' lang='grc' dir='ltr'>μάχη</span> <span class='ocrx_word' id='word_1_60' title='bbox 940 931 1025 979; x_wconf 88' lang='grc' dir='ltr'><strong>τις</strong></span> <span class='ocrx_word' id='word_1_61' title='bbox 1058 913 1325 986; x_wconf 81' lang='grc' dir='ltr'>φυλετικὴ</span> <span class='ocrx_word' id='word_1_62' title='bbox 1389 911 1834 983; x_wconf 70' lang='grc' dir='ltr'>συνερρήγνυτο*</span> 
     </span>
    </p>
   </div>
   <div class='ocr_carea' id='block_1_10' title="bbox 238 996 1838 1079">
    <p class='ocr_par' dir='ltr' id='par_1_10' title="bbox 238 996 1838 1079">
     <span class='ocr_line' id='line_1_10' title="bbox 238 996 1838 1079; baseline -0.006 -15"><span class='ocrx_word' id='word_1_63' title='bbox 238 1012 297 1064; x_wconf 80' lang='grc' dir='ltr'><strong>εί</strong></span> <span class='ocrx_word' id='word_1_64' title='bbox 336 1010 452 1079; x_wconf 71' lang='grc' dir='ltr'><strong>γὰρ</strong></span> <span class='ocrx_word' id='word_1_65' title='bbox 480 1011 576 1063; x_wconf 72' lang='grc' dir='ltr'>καὶ</span> <span class='ocrx_word' id='word_1_66' title='bbox 595 1009 742 1078; x_wconf 80' lang='grc' dir='ltr'>γένει</span> <span class='ocrx_word' id='word_1_67' title='bbox 774 1008 1023 1078; x_wconf 77' lang='grc' dir='ltr'>διέφερον</span> <span class='ocrx_word' id='word_1_68' title='bbox 1055 1007 1125 1061; x_wconf 77' lang='grc' dir='ltr'><strong>τὰ.</strong></span> <span class='ocrx_word' id='word_1_69' title='bbox 1148 1005 1563 1076; x_wconf 69' lang='grc' dir='ltr'><strong>στρατεύματα,</strong></span> <span class='ocrx_word' id='word_1_70' title='bbox 1594 1002 1709 1056; x_wconf 81' lang='grc' dir='ltr'>ἀλλ’</span> <span class='ocrx_word' id='word_1_71' title='bbox 1743 996 1838 1055; x_wconf 76' lang='grc' dir='ltr'>οὖν</span> 
     </span>
    </p>
   </div>
   <div class='ocr_carea' id='block_1_11' title="bbox 241 1091 1844 1171">
    <p class='ocr_par' dir='ltr' id='par_1_11' title="bbox 241 1091 1844 1171">
     <span class='ocr_line' id='line_1_11' title="bbox 241 1091 1844 1171; baseline -0.004 -18"><span class='ocrx_word' id='word_1_72' title='bbox 241 1101 359 1154; x_wconf 71' lang='grc' dir='ltr'><strong>ὑπὸ</strong></span> <span class='ocrx_word' id='word_1_73' title='bbox 383 1101 518 1171; x_wconf 86' lang='grc' dir='ltr'>μίαν</span> <span class='ocrx_word' id='word_1_74' title='bbox 544 1101 723 1171; x_wconf 84' lang='grc' dir='ltr'>ἀρχὴν</span> <span class='ocrx_word' id='word_1_75' title='bbox 747 1098 847 1169; x_wconf 81' lang='grc' dir='ltr'>τὴν</span> <span class='ocrx_word' id='word_1_76' title='bbox 878 1097 1166 1168; x_wconf 84' lang='grc' dir='ltr'>βασιλικὴν</span> <span class='ocrx_word' id='word_1_77' title='bbox 1196 1097 1414 1167; x_wconf 72' lang='grc' dir='ltr'>ἤγοντο,</span> <span class='ocrx_word' id='word_1_78' title='bbox 1447 1096 1542 1148; x_wconf 74' lang='grc' dir='ltr'>καὶ</span> <span class='ocrx_word' id='word_1_79' title='bbox 1575 1091 1644 1165; x_wconf 71' lang='grc' dir='ltr'>ἦν</span> <span class='ocrx_word' id='word_1_80' title='bbox 1665 1092 1844 1164; x_wconf 76' lang='grc' dir='ltr'>ἐμφύ-</span> 
     </span>
    </p>
   </div>
   <div class='ocr_carea' id='block_1_12' title="bbox 237 1186 1838 1261">
    <p class='ocr_par' dir='ltr' id='par_1_12' title="bbox 237 1186 1838 1261">
     <span class='ocr_line' id='line_1_12' title="bbox 237 1186 1838 1261; baseline -0.003 -17"><span class='ocrx_word' id='word_1_81' title='bbox 237 1192 365 1257; x_wconf 79' lang='grc' dir='ltr'>λιος</span> <span class='ocrx_word' id='word_1_82' title='bbox 405 1195 433 1246; x_wconf 83' lang='grc' dir='ltr'>ὀ</span> <span class='ocrx_word' id='word_1_83' title='bbox 456 1192 698 1261; x_wconf 78' lang='grc' dir='ltr'>πόλεμος</span> <span class='ocrx_word' id='word_1_84' title='bbox 741 1191 865 1244; x_wconf 84' lang='grc' dir='ltr'>ὅσον</span> <span class='ocrx_word' id='word_1_85' title='bbox 900 1190 1171 1255; x_wconf 78' lang='grc' dir='ltr'><strong>εἰκάζειν.</strong></span> <span class='ocrx_word' id='word_1_86' title='bbox 1230 1188 1393 1242; x_wconf 80' lang='grc' dir='ltr'>Ὅθεν</span> <span class='ocrx_word' id='word_1_87' title='bbox 1423 1189 1518 1240; x_wconf 73' lang='grc' dir='ltr'>καὶ</span> <span class='ocrx_word' id='word_1_88' title='bbox 1544 1186 1838 1256; x_wconf 84' lang='grc' dir='ltr'>ἀκροϐολι-</span> 
     </span>
    </p>
   </div>
   <div class='ocr_carea' id='block_1_13' title="bbox 238 1275 1840 1352">
    <p class='ocr_par' dir='ltr' id='par_1_13' title="bbox 238 1275 1840 1352">
     <span class='ocr_line' id='line_1_13' title="bbox 238 1275 1840 1352; baseline -0.006 -17"><span class='ocrx_word' id='word_1_89' title='bbox 238 1283 415 1352; x_wconf 66' lang='grc' dir='ltr'>σμοῖς</span> <span class='ocrx_word' id='word_1_90' title='bbox 445 1281 694 1352; x_wconf 81' lang='grc' dir='ltr'>ἀλλήλων</span> <span class='ocrx_word' id='word_1_91' title='bbox 749 1279 1075 1351; x_wconf 79' lang='grc' dir='ltr'>ἐπειρῶντο,</span> <span class='ocrx_word' id='word_1_92' title='bbox 1117 1278 1212 1331; x_wconf 52' lang='grc' dir='ltr'><strong>καί⁹</strong></span> <span class='ocrx_word' id='word_1_93' title='bbox 1273 1277 1557 1347; x_wconf 80' lang='grc' dir='ltr'>σαρὶτταις</span> <span class='ocrx_word' id='word_1_94' title='bbox 1612 1275 1840 1327; x_wconf 75' lang='grc' dir='ltr'>ἔϐαλλον</span> 
     </span>
    </p>
   </div>
   <div class='ocr_carea' id='block_1_14' title="bbox 233 1366 1844 1440">
    <p class='ocr_par' dir='ltr' id='par_1_14' title="bbox 233 1366 1844 1440">
     <span class='ocr_line' id='line_1_14' title="bbox 233 1366 1844 1440; baseline -0.005 -15"><span class='ocrx_word' id='word_1_95' title='bbox 233 1370 615 1434; x_wconf 82' lang='grc' dir='ltr'>ὀῖστεύοντες.</span> <span class='ocrx_word' id='word_1_96' title='bbox 643 1371 705 1425; x_wconf 89' lang='lat'><strong>&#39;0</strong></span> <span class='ocrx_word' id='word_1_97' title='bbox 719 1371 898 1424; x_wconf 78' lang='grc' dir='ltr'>τοίνυν</span> <span class='ocrx_word' id='word_1_98' title='bbox 932 1372 1106 1440; x_wconf 76' lang='grc' dir='ltr'>μέγας</span> <span class='ocrx_word' id='word_1_99' title='bbox 1127 1368 1451 1439; x_wconf 70' lang='grc' dir='ltr'>δομέστικος</span> <span class='ocrx_word' id='word_1_100' title='bbox 1487 1370 1606 1430; x_wconf 80' lang='grc' dir='ltr'>ἴσας</span> <span class='ocrx_word' id='word_1_101' title='bbox 1638 1366 1844 1437; x_wconf 72' lang='grc' dir='ltr'>ὑσμίνῃ</span> 
     </span>
    </p>
   </div>
   <div class='ocr_carea' id='block_1_15' title="bbox 233 1457 1841 1537">
    <p class='ocr_par' dir='ltr' id='par_1_15' title="bbox 233 1457 1841 1537">
     <span class='ocr_line' id='line_1_15' title="bbox 233 1457 1841 1537; baseline -0.004 -21"><span class='ocrx_word' id='word_1_102' title='bbox 233 1463 668 1537; x_wconf 77' lang='grc' dir='ltr'><strong>καθισταμένας</strong></span> <span class='ocrx_word' id='word_1_103' title='bbox 716 1461 818 1526; x_wconf 84' lang='grc' dir='ltr'><strong>τὰς</strong></span> <span class='ocrx_word' id='word_1_104' title='bbox 871 1460 1103 1533; x_wconf 77' lang='grc' dir='ltr'>πράξεις</span> <span class='ocrx_word' id='word_1_105' title='bbox 1145 1462 1450 1524; x_wconf 83' lang='grc' dir='ltr'>κατανοῶν,</span> <span class='ocrx_word' id='word_1_106' title='bbox 1488 1457 1841 1530; x_wconf 81' lang='grc' dir='ltr'>ὑϐριοπαθῶν</span> 
     </span>
    </p>
   </div>
   <div class='ocr_carea' id='block_1_16' title="bbox 231 1549 1840 1626">
    <p class='ocr_par' dir='ltr' id='par_1_16' title="bbox 231 1549 1840 1626">
     <span class='ocr_line' id='line_1_16' title="bbox 231 1549 1840 1626; baseline -0.005 -16"><span class='ocrx_word' id='word_1_107' title='bbox 231 1553 364 1611; x_wconf 75' lang='grc' dir='ltr'>οἷον</span> <span class='ocrx_word' id='word_1_108' title='bbox 395 1557 448 1609; x_wconf 82' lang='grc' dir='ltr'><strong>εί</strong></span> <span class='ocrx_word' id='word_1_109' title='bbox 485 1554 651 1609; x_wconf 78' lang='grc' dir='ltr'>αὑτοῦ</span> <span class='ocrx_word' id='word_1_110' title='bbox 682 1554 951 1626; x_wconf 82' lang='grc' dir='ltr'>παρόντος</span> <span class='ocrx_word' id='word_1_111' title='bbox 984 1555 1048 1606; x_wconf 79' lang='grc' dir='ltr'>ἐκ</span> <span class='ocrx_word' id='word_1_112' title='bbox 1080 1551 1368 1622; x_wconf 78' lang='grc' dir='ltr'>βασιλέως,</span> <span class='ocrx_word' id='word_1_113' title='bbox 1396 1551 1549 1614; x_wconf 77' lang='grc' dir='ltr'>ὖντος</span> <span class='ocrx_word' id='word_1_114' title='bbox 1571 1549 1840 1612; x_wconf 80' lang='grc' dir='ltr'>τοιούτου,</span> 
     </span>
    </p>
   </div>
   <div class='ocr_carea' id='block_1_17' title="bbox 234 1644 1840 1720">
    <p class='ocr_par' dir='ltr' id='par_1_17' title="bbox 234 1644 1840 1720">
     <span class='ocr_line' id='line_1_17' title="bbox 234 1644 1840 1720; baseline -0.005 -17"><span class='ocrx_word' id='word_1_115' title='bbox 234 1650 419 1703; x_wconf 79' lang='grc' dir='ltr'>αὑτὸν</span> <span class='ocrx_word' id='word_1_116' title='bbox 450 1648 711 1718; x_wconf 80' lang='grc' dir='ltr'>πολεμεῖν</span> <span class='ocrx_word' id='word_1_117' title='bbox 752 1646 1055 1720; x_wconf 81' lang='grc' dir='ltr'>πειρῶνται</span> <span class='ocrx_word' id='word_1_118' title='bbox 1104 1650 1200 1700; x_wconf 74' lang='grc' dir='ltr'>καὶ</span> <span class='ocrx_word' id='word_1_119' title='bbox 1236 1645 1561 1700; x_wconf 83' lang='grc' dir='ltr'>ἀντιτείνειν</span> <span class='ocrx_word' id='word_1_120' title='bbox 1593 1644 1840 1713; x_wconf 82' lang='grc' dir='ltr'>τολμῶσι</span> 
     </span>
    </p>
   </div>
   <div class='ocr_carea' id='block_1_18' title="bbox 238 1736 1842 1814">
    <p class='ocr_par' dir='ltr' id='par_1_18' title="bbox 238 1736 1842 1814">
     <span class='ocr_line' id='line_1_18' title="bbox 238 1736 1842 1814; baseline -0.004 -18"><span class='ocrx_word' id='word_1_121' title='bbox 238 1742 394 1814; x_wconf 77' lang='grc' dir='ltr'>πρὸς</span> <span class='ocrx_word' id='word_1_122' title='bbox 459 1740 747 1812; x_wconf 74' lang='grc' dir='ltr'>βασιλικὴν</span> <span class='ocrx_word' id='word_1_123' title='bbox 808 1741 1082 1804; x_wconf 77' lang='grc' dir='ltr'>κέλευσιν,</span> <span class='ocrx_word' id='word_1_124' title='bbox 1141 1740 1232 1791; x_wconf 79' lang='grc' dir='ltr'>τὸν</span> <span class='ocrx_word' id='word_1_125' title='bbox 1266 1739 1461 1791; x_wconf 79' lang='grc' dir='ltr'>κοντὸν</span> <span class='ocrx_word' id='word_1_126' title='bbox 1511 1736 1616 1790; x_wconf 79' lang='grc' dir='ltr'><strong>ἀνὰ</strong></span> <span class='ocrx_word' id='word_1_127' title='bbox 1647 1738 1842 1807; x_wconf 82' lang='grc' dir='ltr'>χεῖρας</span> 
     </span>
    </p>
   </div>
   <div class='ocr_carea' id='block_1_19' title="bbox 1944 537 3547 612">
    <p class='ocr_par' dir='ltr' id='par_1_19' title="bbox 1944 537 3547 612">
     <span class='ocr_line' id='line_1_19' title="bbox 1944 537 3547 612; baseline 0.002 -20"><span class='ocrx_word' id='word_1_128' title='bbox 1944 538 2175 593; x_wconf 67' lang='lat' dir='ltr'><strong>{orat-0&#39;</strong></span> <span class='ocrx_word' id='word_1_129' title='bbox 2227 537 2325 592; x_wconf 81' lang='grc' dir='ltr'>καὶ</span> <span class='ocrx_word' id='word_1_130' title='bbox 2385 540 2500 601; x_wconf 87' lang='grc' dir='ltr'>τοῖς</span> <span class='ocrx_word' id='word_1_131' title='bbox 2538 538 2640 608; x_wconf 86' lang='grc' dir='ltr'>μὲν</span> <span class='ocrx_word' id='word_1_132' title='bbox 2696 537 2967 609; x_wconf 83' lang='grc' dir='ltr'>μετέμελε</span> <span class='ocrx_word' id='word_1_133' title='bbox 3014 540 3114 606; x_wconf 82' lang='grc' dir='ltr'>τῆς</span> <span class='ocrx_word' id='word_1_134' title='bbox 3160 541 3252 593; x_wconf 74' lang='grc' dir='ltr'><strong>ἐπὶ</strong></span> <span class='ocrx_word' id='word_1_135' title='bbox 3281 540 3547 612; x_wconf 73' lang='grc' dir='ltr'>θατέρους</span> 
     </span>
    </p>
   </div>
   <div class='ocr_carea' id='block_1_20' title="bbox 1943 627 3551 701">
    <p class='ocr_par' dir='ltr' id='par_1_20' title="bbox 1943 627 3551 701">
     <span class='ocr_line' id='line_1_20' title="bbox 1943 627 3551 701; baseline 0.001 -19"><span class='ocrx_word' id='word_1_136' title='bbox 1943 628 2145 701; x_wconf 80' lang='grc' dir='ltr'><strong>ὁρμῆς,</strong></span> <span class='ocrx_word' id='word_1_137' title='bbox 2182 630 2231 682; x_wconf 80' lang='lat' dir='ltr'><strong>oi</strong></span> <span class='ocrx_word' id='word_1_138' title='bbox 2259 628 2316 682; x_wconf 83' lang='grc' dir='ltr'>δὲ</span> <span class='ocrx_word' id='word_1_139' title='bbox 2352 628 2626 695; x_wconf 81' lang='grc' dir='ltr'>ξυνιέντες</span> <span class='ocrx_word' id='word_1_140' title='bbox 2656 627 2843 693; x_wconf 83' lang='grc' dir='ltr'>ὁποῖος</span> <span class='ocrx_word' id='word_1_141' title='bbox 2897 627 3227 701; x_wconf 79' lang='grc' dir='ltr'>ἀνέρῤιπται</span> <span class='ocrx_word' id='word_1_142' title='bbox 3262 629 3416 698; x_wconf 81' lang='grc' dir='ltr'>σφίσι</span> <span class='ocrx_word' id='word_1_143' title='bbox 3447 630 3551 684; x_wconf 83' lang='grc' dir='ltr'>κύ-</span> 
     </span>
    </p>
   </div>
   <div class='ocr_carea' id='block_1_21' title="bbox 1945 720 3550 793">
    <p class='ocr_par' dir='ltr' id='par_1_21' title="bbox 1945 720 3550 793">
     <span class='ocr_line' id='line_1_21' title="bbox 1945 720 3550 793; baseline 0.001 -19"><span class='ocrx_word' id='word_1_144' title='bbox 1945 720 2070 787; x_wconf 73' lang='grc' dir='ltr'>ϐος,</span> <span class='ocrx_word' id='word_1_145' title='bbox 2098 720 2227 784; x_wconf 83' lang='grc' dir='ltr'>τοὺς</span> <span class='ocrx_word' id='word_1_146' title='bbox 2256 720 2325 773; x_wconf 80' lang='grc' dir='ltr'><strong>τὰ</strong></span> <span class='ocrx_word' id='word_1_147' title='bbox 2376 720 2684 791; x_wconf 84' lang='grc' dir='ltr'>πράγματα</span> <span class='ocrx_word' id='word_1_148' title='bbox 2717 721 3109 793; x_wconf 83' lang='grc' dir='ltr'>παρασχόντας</span> <span class='ocrx_word' id='word_1_149' title='bbox 3143 721 3265 793; x_wconf 83' lang='grc' dir='ltr'>μεθ’</span> <span class='ocrx_word' id='word_1_150' title='bbox 3287 723 3372 776; x_wconf 86' lang='grc' dir='ltr'>ὄτι</span> <span class='ocrx_word' id='word_1_151' title='bbox 3396 722 3550 776; x_wconf 78' lang='grc' dir='ltr'>πλείο</span> 
     </span>
    </p>
   </div>
   <div class='ocr_carea' id='block_1_22' title="bbox 1946 812 3556 886">
    <p class='ocr_par' dir='ltr' id='par_1_22' title="bbox 1946 812 3556 886">
     <span class='ocr_line' id='line_1_22' title="bbox 1946 812 3556 886; baseline 0.001 -20"><span class='ocrx_word' id='word_1_152' title='bbox 1946 831 2082 885; x_wconf 83' lang='grc' dir='ltr'>στης</span> <span class='ocrx_word' id='word_1_153' title='bbox 2109 813 2212 883; x_wconf 82' lang='grc' dir='ltr'>τῆς</span> <span class='ocrx_word' id='word_1_154' title='bbox 2237 812 2375 884; x_wconf 83' lang='grc' dir='ltr'>πρὸς</span> <span class='ocrx_word' id='word_1_155' title='bbox 2402 813 2531 878; x_wconf 80' lang='grc' dir='ltr'>τοὺς</span> <span class='ocrx_word' id='word_1_156' title='bbox 2583 814 2894 884; x_wconf 84' lang='grc' dir='ltr'>Ῥωμαίους</span> <span class='ocrx_word' id='word_1_157' title='bbox 2928 816 3318 886; x_wconf 86' lang='grc' dir='ltr'>παραιτήσεως</span> <span class='ocrx_word' id='word_1_158' title='bbox 3351 815 3556 886; x_wconf 76' lang='grc' dir='ltr'>ᾐτιῶν-</span> 
     </span>
    </p>
   </div>
   <div class='ocr_carea' id='block_1_23' title="bbox 1942 905 3549 977">
    <p class='ocr_par' dir='ltr' id='par_1_23' title="bbox 1942 905 3549 977">
     <span class='ocr_line' id='line_1_23' title="bbox 1942 905 3549 977; baseline 0 -18"><span class='ocrx_word' id='word_1_159' title='bbox 1942 924 2028 972; x_wconf 87' lang='grc' dir='ltr'><strong>το,</strong></span> <span class='ocrx_word' id='word_1_160' title='bbox 2064 907 2160 960; x_wconf 76' lang='grc' dir='ltr'>καὶ</span> <span class='ocrx_word' id='word_1_161' title='bbox 2217 905 2434 976; x_wconf 78' lang='grc' dir='ltr'>βασιλεῖ</span> <span class='ocrx_word' id='word_1_162' title='bbox 2481 907 2706 977; x_wconf 67' lang='grc' dir='ltr'>ἐζήτουν</span> <span class='ocrx_word' id='word_1_163' title='bbox 2763 907 3179 976; x_wconf 85' lang='grc' dir='ltr'>ἀπολογεῖσθαι.</span> <span class='ocrx_word' id='word_1_164' title='bbox 3242 907 3549 961; x_wconf 85' lang='grc' dir='ltr'>Ἐδεδίεσαν</span> 
     </span>
    </p>
   </div>
   <div class='ocr_carea' id='block_1_24' title="bbox 1944 997 3551 1070">
    <p class='ocr_par' dir='ltr' id='par_1_24' title="bbox 1944 997 3551 1070">
     <span class='ocr_line' id='line_1_24' title="bbox 1944 997 3551 1070; baseline 0.001 -21"><span class='ocrx_word' id='word_1_165' title='bbox 1944 997 2074 1067; x_wconf 82' lang='grc' dir='ltr'>γὰρ,</span> <span class='ocrx_word' id='word_1_166' title='bbox 2111 997 2187 1060; x_wconf 83' lang='grc' dir='ltr'><strong>ὡς</strong></span> <span class='ocrx_word' id='word_1_167' title='bbox 2236 997 2404 1062; x_wconf 77' lang='grc' dir='ltr'>εἰκὸς,</span> <span class='ocrx_word' id='word_1_168' title='bbox 2445 998 2520 1069; x_wconf 81' lang='grc' dir='ltr'>μὴ</span> <span class='ocrx_word' id='word_1_169' title='bbox 2577 998 2730 1066; x_wconf 86' lang='grc' dir='ltr'>σφίσι</span> <span class='ocrx_word' id='word_1_170' title='bbox 2784 999 3051 1070; x_wconf 79' lang='grc' dir='ltr'>κατάρξοι</span> <span class='ocrx_word' id='word_1_171' title='bbox 3103 997 3258 1052; x_wconf 81' lang='grc' dir='ltr'>τοῦτο</span> <span class='ocrx_word' id='word_1_172' title='bbox 3294 997 3551 1067; x_wconf 82' lang='grc' dir='ltr'>μεγάλων</span> 
     </span>
    </p>
   </div>
   <div class='ocr_carea' id='block_1_25' title="bbox 1942 1084 3547 1160">
    <p class='ocr_par' dir='ltr' id='par_1_25' title="bbox 1942 1084 3547 1160">
     <span class='ocr_line' id='line_1_25' title="bbox 1942 1084 3547 1160; baseline 0 -22"><span class='ocrx_word' id='word_1_173' title='bbox 1942 1084 2033 1157; x_wconf 85' lang='grc' dir='ltr'><strong>[Ρ.</strong></span> <span class='ocrx_word' id='word_1_174' title='bbox 2068 1085 2196 1158; x_wconf 70' lang='grc'><strong>222]</strong></span> <span class='ocrx_word' id='word_1_175' title='bbox 2233 1086 2421 1140; x_wconf 83' lang='grc' dir='ltr'>κακῶν</span> <span class='ocrx_word' id='word_1_176' title='bbox 2473 1087 2568 1139; x_wconf 76' lang='grc' dir='ltr'><strong>ἐπὶ</strong></span> <span class='ocrx_word' id='word_1_177' title='bbox 2595 1088 2770 1160; x_wconf 81' lang='grc' dir='ltr'>μέσης</span> <span class='ocrx_word' id='word_1_178' title='bbox 2802 1089 2904 1156; x_wconf 84' lang='grc' dir='ltr'>τῆς</span> <span class='ocrx_word' id='word_1_179' title='bbox 2947 1089 3237 1159; x_wconf 75' lang='grc' dir='ltr'>Ῥωμαίων</span> <span class='ocrx_word' id='word_1_180' title='bbox 3270 1089 3547 1158; x_wconf 85' lang='grc' dir='ltr'>διάγουσι,</span> 
     </span>
    </p>
   </div>
   <div class='ocr_carea' id='block_1_26' title="bbox 1944 1177 3551 1252">
    <p class='ocr_par' dir='ltr' id='par_1_26' title="bbox 1944 1177 3551 1252">
     <span class='ocr_line' id='line_1_26' title="bbox 1944 1177 3551 1252; baseline 0.001 -22"><span class='ocrx_word' id='word_1_181' title='bbox 1944 1178 2040 1231; x_wconf 79' lang='grc' dir='ltr'>καὶ</span> <span class='ocrx_word' id='word_1_182' title='bbox 2063 1179 2180 1248; x_wconf 76' lang='grc' dir='ltr'>ἅμα</span> <span class='ocrx_word' id='word_1_183' title='bbox 2215 1177 2658 1249; x_wconf 82' lang='grc' dir='ltr'>δυσωπούμενοι,</span> <span class='ocrx_word' id='word_1_184' title='bbox 2691 1183 2742 1233; x_wconf 84' lang='grc' dir='ltr'><strong>εί</strong></span> <span class='ocrx_word' id='word_1_185' title='bbox 2770 1179 3031 1250; x_wconf 79' lang='grc' dir='ltr'>βασιλεὺς</span> <span class='ocrx_word' id='word_1_186' title='bbox 3064 1180 3166 1252; x_wconf 86' lang='grc' dir='ltr'>μὲν</span> <span class='ocrx_word' id='word_1_187' title='bbox 3202 1180 3551 1252; x_wconf 81' lang='grc' dir='ltr'>ξενοτροφεῖν</span> 
     </span>
    </p>
   </div>
   <div class='ocr_carea' id='block_1_27' title="bbox 1946 1271 3546 1345">
    <p class='ocr_par' dir='ltr' id='par_1_27' title="bbox 1946 1271 3546 1345">
     <span class='ocr_line' id='line_1_27' title="bbox 1946 1271 3546 1345; baseline 0.003 -23"><span class='ocrx_word' id='word_1_188' title='bbox 1946 1271 2070 1323; x_wconf 76' lang='grc' dir='ltr'>ὅσον</span> <span class='ocrx_word' id='word_1_189' title='bbox 2097 1271 2181 1339; x_wconf 76' lang='grc' dir='ltr'><strong>ἐφ’</strong></span> <span class='ocrx_word' id='word_1_190' title='bbox 2235 1272 2420 1334; x_wconf 87' lang='grc' dir='ltr'>αὐτοῖς</span> <span class='ocrx_word' id='word_1_191' title='bbox 2452 1271 2783 1342; x_wconf 83' lang='grc' dir='ltr'>αἱρούμενος</span> <span class='ocrx_word' id='word_1_192' title='bbox 2832 1273 3048 1336; x_wconf 82' lang='grc' dir='ltr'>ἐλπίδος</span> <span class='ocrx_word' id='word_1_193' title='bbox 3073 1274 3291 1345; x_wconf 79' lang='grc' dir='ltr'>ἀγαθῆς</span> <span class='ocrx_word' id='word_1_194' title='bbox 3346 1274 3546 1345; x_wconf 73' lang='grc' dir='ltr'>εἴχετο,</span> 
     </span>
    </p>
   </div>
   <div class='ocr_carea' id='block_1_28' title="bbox 1945 1363 3552 1433">
    <p class='ocr_par' dir='ltr' id='par_1_28' title="bbox 1945 1363 3552 1433">
     <span class='ocr_line' id='line_1_28' title="bbox 1945 1363 3552 1433; baseline 0.002 -18"><span class='ocrx_word' id='word_1_195' title='bbox 1945 1363 2101 1416; x_wconf 69' lang='grc' dir='ltr'>αὐτοὶ</span> <span class='ocrx_word' id='word_1_196' title='bbox 2148 1364 2206 1417; x_wconf 82' lang='grc' dir='ltr'>δὲ</span> <span class='ocrx_word' id='word_1_197' title='bbox 2250 1363 2511 1428; x_wconf 83' lang='grc' dir='ltr'>τοιαύτας</span> <span class='ocrx_word' id='word_1_198' title='bbox 2563 1364 2744 1429; x_wconf 83' lang='grc' dir='ltr'>ξενίας</span> <span class='ocrx_word' id='word_1_199' title='bbox 2804 1366 3223 1433; x_wconf 85' lang='grc' dir='ltr'>ἀνταπεδίδουν,</span> <span class='ocrx_word' id='word_1_200' title='bbox 3259 1370 3450 1429; x_wconf 84' lang='grc' dir='ltr'>κακοῖς</span> <span class='ocrx_word' id='word_1_201' title='bbox 3491 1369 3552 1419; x_wconf 74' lang='grc' dir='ltr'>τὸ</span> 
     </span>
    </p>
   </div>
   <div class='ocr_carea' id='block_1_29' title="bbox 1947 1455 3552 1528">
    <p class='ocr_par' dir='ltr' id='par_1_29' title="bbox 1947 1455 3552 1528">
     <span class='ocr_line' id='line_1_29' title="bbox 1947 1455 3552 1528; baseline 0.001 -20"><span class='ocrx_word' id='word_1_202' title='bbox 1947 1456 2153 1524; x_wconf 81' lang='grc' dir='ltr'>ἀγαθὸν</span> <span class='ocrx_word' id='word_1_203' title='bbox 2207 1455 2588 1527; x_wconf 76' lang='grc' dir='ltr'>ἀμειϐόμενοι.</span> <span class='ocrx_word' id='word_1_204' title='bbox 2659 1457 2762 1511; x_wconf 88' lang='grc' dir='ltr'>Διά</span> <span class='ocrx_word' id='word_1_205' title='bbox 2818 1458 2995 1513; x_wconf 80' lang='grc' dir='ltr'>ταῦτα</span> <span class='ocrx_word' id='word_1_206' title='bbox 3047 1459 3143 1512; x_wconf 74' lang='grc' dir='ltr'>καὶ</span> <span class='ocrx_word' id='word_1_207' title='bbox 3185 1458 3414 1528; x_wconf 81' lang='grc' dir='ltr'>βασιλέα</span> <span class='ocrx_word' id='word_1_208' title='bbox 3451 1459 3552 1528; x_wconf 84' lang='grc' dir='ltr'>μὲν</span> 
     </span>
    </p>
   </div>
   <div class='ocr_carea' id='block_1_30' title="bbox 1947 1546 3552 1619">
    <p class='ocr_par' dir='ltr' id='par_1_30' title="bbox 1947 1546 3552 1619">
     <span class='ocr_line' id='line_1_30' title="bbox 1947 1546 3552 1619; baseline 0.001 -19"><span class='ocrx_word' id='word_1_209' title='bbox 1947 1546 2260 1618; x_wconf 75' lang='grc' dir='ltr'>πέμποντες</span> <span class='ocrx_word' id='word_1_210' title='bbox 2291 1549 2671 1614; x_wconf 74' lang='grc' dir='ltr'>καθικέτευον,</span> <span class='ocrx_word' id='word_1_211' title='bbox 2705 1549 2940 1613; x_wconf 76' lang='grc' dir='ltr'>ἐκείνοις</span> <span class='ocrx_word' id='word_1_212' title='bbox 2992 1549 3048 1603; x_wconf 89' lang='grc' dir='ltr'>δὲ</span> <span class='ocrx_word' id='word_1_213' title='bbox 3091 1548 3416 1619; x_wconf 87' lang='grc' dir='ltr'>παρεδίδουν</span> <span class='ocrx_word' id='word_1_214' title='bbox 3456 1549 3552 1601; x_wconf 79' lang='grc' dir='ltr'>καὶ</span> 
     </span>
    </p>
   </div>
   <div class='ocr_carea' id='block_1_31' title="bbox 1945 1640 3550 1705">
    <p class='ocr_par' dir='ltr' id='par_1_31' title="bbox 1945 1640 3550 1705">
     <span class='ocr_line' id='line_1_31' title="bbox 1945 1640 3550 1705; baseline -0.001 -12"><span class='ocrx_word' id='word_1_215' title='bbox 1945 1640 2150 1705; x_wconf 78' lang='grc' dir='ltr'>ἵππους</span> <span class='ocrx_word' id='word_1_216' title='bbox 2174 1641 2266 1693; x_wconf 77' lang='grc' dir='ltr'>καὶ</span> <span class='ocrx_word' id='word_1_217' title='bbox 2284 1641 2444 1705; x_wconf 84' lang='grc' dir='ltr'>ὅπλα,</span> <span class='ocrx_word' id='word_1_218' title='bbox 2477 1643 2569 1694; x_wconf 75' lang='grc' dir='ltr'>καὶ</span> <span class='ocrx_word' id='word_1_219' title='bbox 2601 1641 2720 1694; x_wconf 85' lang='grc' dir='ltr'>ἀνθ’</span> <span class='ocrx_word' id='word_1_220' title='bbox 2749 1641 2990 1695; x_wconf 85' lang='grc' dir='ltr'>ὁπλιτῶν</span> <span class='ocrx_word' id='word_1_221' title='bbox 3012 1643 3109 1696; x_wconf 76' lang='grc' dir='ltr'>καὶ</span> <span class='ocrx_word' id='word_1_222' title='bbox 3140 1642 3360 1695; x_wconf 81' lang='grc' dir='ltr'>ἱππέων</span> <span class='ocrx_word' id='word_1_223' title='bbox 3388 1642 3550 1705; x_wconf 72' lang='grc' dir='ltr'>πεζοὶ</span> 
     </span>
    </p>
   </div>
   <div class='ocr_carea' id='block_1_32' title="bbox 1944 1728 3552 1805">
    <p class='ocr_par' dir='ltr' id='par_1_32' title="bbox 1944 1728 3552 1805">
     <span class='ocr_line' id='line_1_32' title="bbox 1944 1728 3552 1805; baseline 0.001 -21"><span class='ocrx_word' id='word_1_224' title='bbox 1944 1733 2040 1786; x_wconf 73' lang='grc' dir='ltr'>καὶ</span> <span class='ocrx_word' id='word_1_225' title='bbox 2073 1732 2298 1786; x_wconf 79' lang='grc' dir='ltr'>ἄνοπλοι</span> <span class='ocrx_word' id='word_1_226' title='bbox 2344 1728 2509 1805; x_wconf 78' lang='grc' dir='ltr'>ἦσαν,</span> <span class='ocrx_word' id='word_1_227' title='bbox 2552 1733 2659 1796; x_wconf 74' lang='grc' dir='ltr'>ἕως</span> <span class='ocrx_word' id='word_1_228' title='bbox 2686 1733 2848 1786; x_wconf 78' lang='grc' dir='ltr'>πάλιν</span> <span class='ocrx_word' id='word_1_229' title='bbox 2904 1733 3167 1803; x_wconf 80' lang='grc' dir='ltr'>βασιλεὺς</span> <span class='ocrx_word' id='word_1_230' title='bbox 3205 1735 3409 1796; x_wconf 73' lang='grc' dir='ltr'>αὐτοὺς</span> <span class='ocrx_word' id='word_1_231' title='bbox 3441 1736 3552 1787; x_wconf 82' lang='grc' dir='ltr'>ἰκε-</span> 
     </span>
    </p>
   </div>
   <div class='ocr_carea' id='block_1_33' title="bbox 236 1821 3551 1906">
    <p class='ocr_par' dir='ltr' id='par_1_33' title="bbox 236 1821 3551 1906">
     <span class='ocr_line' id='line_1_33' title="bbox 236 1821 3551 1906; baseline -0.002 -19"><span class='ocrx_word' id='word_1_232' title='bbox 236 1836 397 1906; x_wconf 76' lang='grc' dir='ltr'>ἕχων</span> <span class='ocrx_word' id='word_1_233' title='bbox 425 1834 621 1906; x_wconf 86' lang='grc' dir='ltr'>θυρεόν</span> <span class='ocrx_word' id='word_1_234' title='bbox 663 1851 721 1888; x_wconf 89' lang='grc' dir='ltr'><strong>τε</strong></span> <span class='ocrx_word' id='word_1_235' title='bbox 758 1832 944 1904; x_wconf 80' lang='grc' dir='ltr'>φέρων</span> <span class='ocrx_word' id='word_1_236' title='bbox 976 1831 1160 1903; x_wconf 84' lang='grc' dir='ltr'>φορῶν</span> <span class='ocrx_word' id='word_1_237' title='bbox 1208 1849 1267 1886; x_wconf 87' lang='grc' dir='ltr'><strong>τε</strong></span> <span class='ocrx_word' id='word_1_238' title='bbox 1304 1830 1530 1901; x_wconf 81' lang='grc' dir='ltr'>θώρακα</span> <span class='ocrx_word' id='word_1_239' title='bbox 1578 1828 1845 1899; x_wconf 72' lang='grc' dir='ltr'>ἐμπίπτει</span> <span class='ocrx_word' id='word_1_240' title='bbox 1877 1821 1921 1880; x_wconf 86' lang='grc' dir='ltr'><strong>Β</strong></span> <span class='ocrx_word' id='word_1_241' title='bbox 1951 1825 2206 1886; x_wconf 82' lang='grc' dir='ltr'>τεύοντας</span> <span class='ocrx_word' id='word_1_242' title='bbox 2225 1824 2465 1894; x_wconf 72' lang='grc' dir='ltr'>δέχεται,</span> <span class='ocrx_word' id='word_1_243' title='bbox 2506 1824 2900 1894; x_wconf 84' lang='grc' dir='ltr'>συγγινώσκων</span> <span class='ocrx_word' id='word_1_244' title='bbox 2926 1823 3137 1895; x_wconf 87' lang='grc' dir='ltr'>σφίσιν.</span> <span class='ocrx_word' id='word_1_245' title='bbox 3172 1824 3340 1878; x_wconf 84' lang='grc' dir='ltr'><strong>Ἀλλὰ</strong></span> <span class='ocrx_word' id='word_1_246' title='bbox 3372 1823 3551 1879; x_wconf 81' lang='grc' dir='ltr'>ταῦτα</span> 
     </span>
    </p>
   </div>
   <div class='ocr_carea' id='block_1_34' title="bbox 235 1922 1853 1995">
    <p class='ocr_par' dir='ltr' id='par_1_34' title="bbox 235 1922 1853 1995">
     <span class='ocr_line' id='line_1_34' title="bbox 235 1922 1853 1995; baseline -0.004 -13"><span class='ocrx_word' id='word_1_247' title='bbox 235 1931 364 1990; x_wconf 80' lang='grc' dir='ltr'>τοῖς</span> <span class='ocrx_word' id='word_1_248' title='bbox 394 1929 643 1991; x_wconf 86' lang='grc' dir='ltr'>Ἀλανοῖς</span> <span class='ocrx_word' id='word_1_249' title='bbox 672 1927 747 1990; x_wconf 86' lang='grc' dir='ltr'><strong>ὡς</strong></span> <span class='ocrx_word' id='word_1_250' title='bbox 762 1926 978 1995; x_wconf 76' lang='grc' dir='ltr'>ἐφέξων</span> <span class='ocrx_word' id='word_1_251' title='bbox 1011 1927 1170 1995; x_wconf 78' lang='grc' dir='ltr'>μόνον</span> <span class='ocrx_word' id='word_1_252' title='bbox 1202 1925 1413 1993; x_wconf 86' lang='grc' dir='ltr'>φανείς.</span> <span class='ocrx_word' id='word_1_253' title='bbox 1453 1924 1722 1987; x_wconf 78' lang='grc' dir='ltr'>Κάκεῖνος</span> <span class='ocrx_word' id='word_1_254' title='bbox 1752 1922 1853 1992; x_wconf 83' lang='grc' dir='ltr'>μὲν</span> 
     </span>
    </p>
   </div>
   <div class='ocr_carea' id='block_1_35' title="bbox 237 2008 1852 2089">
    <p class='ocr_par' dir='ltr' id='par_1_35' title="bbox 237 2008 1852 2089">
     <span class='ocr_line' id='line_1_35' title="bbox 237 2008 1852 2089; baseline -0.004 -15"><span class='ocrx_word' id='word_1_255' title='bbox 237 2020 397 2075; x_wconf 71' lang='grc' dir='ltr'>οὕτω</span> <span class='ocrx_word' id='word_1_256' title='bbox 432 2019 533 2089; x_wconf 79' lang='grc' dir='ltr'>τὴν</span> <span class='ocrx_word' id='word_1_257' title='bbox 561 2018 662 2088; x_wconf 84' lang='grc' dir='ltr'>τῆς</span> <span class='ocrx_word' id='word_1_258' title='bbox 715 2017 894 2089; x_wconf 85' lang='grc' dir='ltr'>μάχης</span> <span class='ocrx_word' id='word_1_259' title='bbox 934 2017 1258 2087; x_wconf 78' lang='grc' dir='ltr'>διῳκονὸμει</span> <span class='ocrx_word' id='word_1_260' title='bbox 1299 2014 1669 2083; x_wconf 81' lang='grc' dir='ltr'>καταστολὴν,</span> <span class='ocrx_word' id='word_1_261' title='bbox 1694 2008 1776 2078; x_wconf 75' lang='grc' dir='ltr'><strong>εἷς</strong></span> <span class='ocrx_word' id='word_1_262' title='bbox 1807 2014 1852 2067; x_wconf 88' lang='grc' dir='ltr'>δ’</span> 
     </span>
    </p>
   </div>
   <div class='ocr_carea' id='block_1_36' title="bbox 239 2103 1854 2177">
    <p class='ocr_par' dir='ltr' id='par_1_36' title="bbox 239 2103 1854 2177">
     <span class='ocr_line' id='line_1_36' title="bbox 239 2103 1854 2177; baseline -0.004 -15"><span class='ocrx_word' id='word_1_263' title='bbox 239 2111 483 2163; x_wconf 76' lang='grc' dir='ltr'>ἐκείνων</span> <span class='ocrx_word' id='word_1_264' title='bbox 517 2111 577 2160; x_wconf 85' lang='grc' dir='ltr'>ὲν</span> <span class='ocrx_word' id='word_1_265' title='bbox 642 2109 840 2176; x_wconf 82' lang='grc' dir='ltr'>ἀφανεῖ</span> <span class='ocrx_word' id='word_1_266' title='bbox 898 2111 1149 2177; x_wconf 74' lang='grc' dir='ltr'>μιμεῖται</span> <span class='ocrx_word' id='word_1_267' title='bbox 1202 2106 1482 2174; x_wconf 71' lang='grc' dir='ltr'>Πάνδαρον</span> <span class='ocrx_word' id='word_1_268' title='bbox 1534 2108 1630 2158; x_wconf 77' lang='grc' dir='ltr'>καὶ</span> <span class='ocrx_word' id='word_1_269' title='bbox 1682 2103 1854 2175; x_wconf 82' lang='grc' dir='ltr'>ὀϊστῷ</span> 
     </span>
    </p>
   </div>
   <div class='ocr_carea' id='block_1_37' title="bbox 245 2201 1857 2275">
    <p class='ocr_par' dir='ltr' id='par_1_37' title="bbox 245 2201 1857 2275">
     <span class='ocr_line' id='line_1_37' title="bbox 245 2201 1857 2275; baseline -0.002 -18"><span class='ocrx_word' id='word_1_270' title='bbox 245 2205 467 2275; x_wconf 71' lang='grc' dir='ltr'>βάλλει,</span> <span class='ocrx_word' id='word_1_271' title='bbox 501 2204 598 2257; x_wconf 67' lang='grc' dir='ltr'>κλὶ</span> <span class='ocrx_word' id='word_1_272' title='bbox 640 2205 862 2273; x_wconf 87' lang='grc' dir='ltr'>καιρίαν</span> <span class='ocrx_word' id='word_1_273' title='bbox 895 2204 954 2257; x_wconf 81' lang='grc' dir='ltr'>οὐ</span> <span class='ocrx_word' id='word_1_274' title='bbox 994 2203 1110 2257; x_wconf 73' lang='grc' dir='ltr'>κατ’</span> <span class='ocrx_word' id='word_1_275' title='bbox 1151 2205 1359 2256; x_wconf 79' lang='grc' dir='ltr'>ἐκεῖνον</span> <span class='ocrx_word' id='word_1_276' title='bbox 1395 2204 1494 2272; x_wconf 82' lang='grc' dir='ltr'>τὴν</span> <span class='ocrx_word' id='word_1_277' title='bbox 1534 2202 1751 2272; x_wconf 81' lang='grc' dir='ltr'>πληγὴν</span> <span class='ocrx_word' id='word_1_278' title='bbox 1776 2201 1857 2254; x_wconf 86' lang='grc' dir='ltr'>δί-</span> 
     </span>
    </p>
   </div>
   <div class='ocr_carea' id='block_1_38' title="bbox 244 2284 1852 2363">
    <p class='ocr_par' dir='ltr' id='par_1_38' title="bbox 244 2284 1852 2363">
     <span class='ocr_line' id='line_1_38' title="bbox 244 2284 1852 2363; baseline -0.002 -16"><span class='ocrx_word' id='word_1_279' title='bbox 244 2296 409 2349; x_wconf 76' lang='grc' dir='ltr'>δωσι.</span> <span class='ocrx_word' id='word_1_280' title='bbox 455 2294 662 2348; x_wconf 82' lang='grc' dir='ltr'>Τούτου</span> <span class='ocrx_word' id='word_1_281' title='bbox 718 2293 778 2347; x_wconf 83' lang='grc' dir='ltr'>δὲ</span> <span class='ocrx_word' id='word_1_282' title='bbox 810 2293 1090 2363; x_wconf 71' lang='grc' dir='ltr'>γεγονότος</span> <span class='ocrx_word' id='word_1_283' title='bbox 1141 2293 1202 2345; x_wconf 76' lang='grc' dir='ltr'><strong>τό</strong></span> <span class='ocrx_word' id='word_1_284' title='bbox 1232 2310 1291 2345; x_wconf 89' lang='grc' dir='ltr'><strong>τε</strong></span> <span class='ocrx_word' id='word_1_285' title='bbox 1328 2292 1533 2361; x_wconf 73' lang='grc' dir='ltr'>πλῆθος</span> <span class='ocrx_word' id='word_1_286' title='bbox 1576 2284 1852 2362; x_wconf 68' lang='grc' dir='ltr'>ἀνεατάλη</span> 
     </span>
    </p>
   </div>
   <div class='ocr_carea' id='block_1_39' title="bbox 250 2472 1857 2547">
    <p class='ocr_par' dir='ltr' id='par_1_39' title="bbox 250 2472 1857 2547">
     <span class='ocr_line' id='line_1_39' title="bbox 250 2472 1857 2547; baseline -0.002 -19"><span class='ocrx_word' id='word_1_287' title='bbox 250 2493 363 2547; x_wconf 87' lang='lat' dir='ltr'><strong>que</strong></span> <span class='ocrx_word' id='word_1_288' title='bbox 403 2473 769 2545; x_wconf 64' lang='lat' dir='ltr'><strong>prmtextibns</strong></span> <span class='ocrx_word' id='word_1_289' title='bbox 789 2473 1166 2537; x_wconf 88' lang='lat' dir='ltr'><strong>dimittebant,</strong></span> <span class='ocrx_word' id='word_1_290' title='bbox 1208 2472 1448 2539; x_wconf 72' lang='lat' dir='ltr'><strong>obliquis</strong></span> <span class='ocrx_word' id='word_1_291' title='bbox 1485 2472 1857 2525; x_wconf 85' lang='lat' dir='ltr'><strong>simulationi-</strong></span> 
     </span>
    </p>
   </div>
   <div class='ocr_carea' id='block_1_40' title="bbox 252 2562 1853 2635">
    <p class='ocr_par' dir='ltr' id='par_1_40' title="bbox 252 2562 1853 2635">
     <span class='ocr_line' id='line_1_40' title="bbox 252 2562 1853 2635; baseline -0.002 -13"><span class='ocrx_word' id='word_1_292' title='bbox 252 2569 359 2622; x_wconf 83' lang='lat' dir='ltr'><strong>bus</strong></span> <span class='ocrx_word' id='word_1_293' title='bbox 415 2567 600 2635; x_wconf 89' lang='lat' dir='ltr'><strong>reipsa</strong></span> <span class='ocrx_word' id='word_1_294' title='bbox 653 2571 991 2632; x_wconf 84' lang='lat' dir='ltr'><strong>occupantes</strong></span> <span class='ocrx_word' id='word_1_295' title='bbox 1046 2562 1231 2617; x_wconf 79' lang='lat' dir='ltr'><strong>facere</strong></span> <span class='ocrx_word' id='word_1_296' title='bbox 1281 2563 1332 2616; x_wconf 92' lang='lat' dir='ltr'><strong>id</strong></span> <span class='ocrx_word' id='word_1_297' title='bbox 1385 2563 1564 2633; x_wconf 85' lang='lat' dir='ltr'><strong>ipsum</strong></span> <span class='ocrx_word' id='word_1_298' title='bbox 1611 2565 1662 2617; x_wconf 93' lang='lat' dir='ltr'><strong>in</strong></span> <span class='ocrx_word' id='word_1_299' title='bbox 1709 2564 1853 2634; x_wconf 86' lang='lat' dir='ltr'><strong>quod</strong></span> 
     </span>
    </p>
   </div>
   <div class='ocr_carea' id='block_1_41' title="bbox 253 2653 1855 2713">
    <p class='ocr_par' dir='ltr' id='par_1_41' title="bbox 253 2653 1855 2713">
     <span class='ocr_line' id='line_1_41' title="bbox 253 2653 1855 2713; baseline -0.004 0"><span class='ocrx_word' id='word_1_300' title='bbox 253 2657 533 2713; x_wconf 83' lang='lat' dir='ltr'><strong>cblandiri</strong></span> <span class='ocrx_word' id='word_1_301' title='bbox 567 2653 943 2708; x_wconf 78' lang='lat' dir='ltr'><strong>Romanorum</strong></span> <span class='ocrx_word' id='word_1_302' title='bbox 986 2654 1324 2709; x_wconf 88' lang='lat' dir='ltr'><strong>obstantium</strong></span> <span class='ocrx_word' id='word_1_303' title='bbox 1354 2670 1644 2709; x_wconf 74' lang='lat' dir='ltr'><strong>assensum</strong></span> <span class='ocrx_word' id='word_1_304' title='bbox 1680 2657 1855 2709; x_wconf 89' lang='lat' dir='ltr'><strong>obno-</strong></span> 
     </span>
    </p>
   </div>
   <div class='ocr_carea' id='block_1_42' title="bbox 260 2743 1855 2813">
    <p class='ocr_par' dir='ltr' id='par_1_42' title="bbox 260 2743 1855 2813">
     <span class='ocr_line' id='line_1_42' title="bbox 260 2743 1855 2813; baseline -0.001 -11"><span class='ocrx_word' id='word_1_305' title='bbox 260 2750 345 2803; x_wconf 73' lang='lat' dir='ltr'><strong>xie</strong></span> <span class='ocrx_word' id='word_1_306' title='bbox 399 2748 589 2801; x_wconf 86' lang='lat' dir='ltr'><strong>conari</strong></span> <span class='ocrx_word' id='word_1_307' title='bbox 651 2744 999 2800; x_wconf 80' lang='lat' dir='ltr'><strong>videbantur.</strong></span> <span class='ocrx_word' id='word_1_308' title='bbox 1053 2743 1219 2813; x_wconf 76' lang='lat' dir='ltr'><strong>quue</strong></span> <span class='ocrx_word' id='word_1_309' title='bbox 1277 2745 1405 2797; x_wconf 90' lang='lat' dir='ltr'><strong>dum</strong></span> <span class='ocrx_word' id='word_1_310' title='bbox 1494 2745 1731 2799; x_wconf 71' lang='lat' dir='ltr'><strong>maxime</strong></span> <span class='ocrx_word' id='word_1_311' title='bbox 1776 2748 1855 2800; x_wconf 79' lang='lat' dir='ltr'><strong>sic</strong></span> 
     </span>
    </p>
   </div>
   <div class='ocr_carea' id='block_1_43' title="bbox 263 2838 1849 2913">
    <p class='ocr_par' dir='ltr' id='par_1_43' title="bbox 263 2838 1849 2913">
     <span class='ocr_line' id='line_1_43' title="bbox 263 2838 1849 2913; baseline -0.003 -18"><span class='ocrx_word' id='word_1_312' title='bbox 263 2842 577 2895; x_wconf 77' lang='lat' dir='ltr'><strong>clanculum</strong></span> <span class='ocrx_word' id='word_1_313' title='bbox 606 2839 1116 2913; x_wconf 81' lang='lat' dir='ltr'><strong>administraretur,</strong></span> <span class='ocrx_word' id='word_1_314' title='bbox 1167 2853 1365 2907; x_wconf 77' lang='lat' dir='ltr'><strong>magna</strong></span> <span class='ocrx_word' id='word_1_315' title='bbox 1410 2838 1656 2907; x_wconf 83' lang='lat' dir='ltr'><strong>ipsorum</strong></span> <span class='ocrx_word' id='word_1_316' title='bbox 1691 2838 1849 2909; x_wconf 80' lang='lat'><strong>321</strong></span> 
     </span>
    </p>
   </div>
   <div class='ocr_carea' id='block_1_44' title="bbox 273 2932 1853 3008">
    <p class='ocr_par' dir='ltr' id='par_1_44' title="bbox 273 2932 1853 3008">
     <span class='ocr_line' id='line_1_44' title="bbox 273 2932 1853 3008; baseline 0.004 -25"><span class='ocrx_word' id='word_1_317' title='bbox 273 2950 392 3002; x_wconf 77' lang='lat' dir='ltr'><strong>pars</strong></span> <span class='ocrx_word' id='word_1_318' title='bbox 447 2934 501 2988; x_wconf 91' lang='lat' dir='ltr'><strong>in</strong></span> <span class='ocrx_word' id='word_1_319' title='bbox 551 2932 726 3008; x_wconf 81' lang='lat' dir='ltr'><strong>armis</strong></span> <span class='ocrx_word' id='word_1_320' title='bbox 775 2948 836 2989; x_wconf 91' lang='lat' dir='ltr'><strong>se</strong></span> <span class='ocrx_word' id='word_1_321' title='bbox 884 2934 1220 2996; x_wconf 83' lang='lat' dir='ltr'><strong>ostentabat,</strong></span> <span class='ocrx_word' id='word_1_322' title='bbox 1270 2948 1378 2987; x_wconf 91' lang='lat' dir='ltr'><strong>non</strong></span> <span class='ocrx_word' id='word_1_323' title='bbox 1441 2939 1629 2988; x_wconf 91' lang='lat' dir='ltr'><strong>animo</strong></span> <span class='ocrx_word' id='word_1_324' title='bbox 1679 2937 1853 3006; x_wconf 84' lang='lat' dir='ltr'><strong>(quod</strong></span> 
     </span>
    </p>
   </div>
   <div class='ocr_carea' id='block_1_45' title="bbox 271 3025 1859 3099">
    <p class='ocr_par' dir='ltr' id='par_1_45' title="bbox 271 3025 1859 3099">
     <span class='ocr_line' id='line_1_45' title="bbox 271 3025 1859 3099; baseline 0.001 -18"><span class='ocrx_word' id='word_1_325' title='bbox 271 3028 485 3099; x_wconf 89' lang='lat' dir='ltr'><strong>quidem</strong></span> <span class='ocrx_word' id='word_1_326' title='bbox 516 3044 626 3097; x_wconf 62' lang='lat' dir='ltr'><strong>prie</strong></span> <span class='ocrx_word' id='word_1_327' title='bbox 666 3042 726 3082; x_wconf 88' lang='lat' dir='ltr'><strong>se</strong></span> <span class='ocrx_word' id='word_1_328' title='bbox 780 3025 1008 3096; x_wconf 77' lang='lat' dir='ltr'><strong>ferrent)</strong></span> <span class='ocrx_word' id='word_1_329' title='bbox 1048 3026 1100 3080; x_wconf 92' lang='lat' dir='ltr'><strong>in</strong></span> <span class='ocrx_word' id='word_1_330' title='bbox 1139 3037 1397 3096; x_wconf 72' lang='lat' dir='ltr'><strong>apertum</strong></span> <span class='ocrx_word' id='word_1_331' title='bbox 1432 3036 1711 3083; x_wconf 77' lang='lat' dir='ltr'><strong>certamen</strong></span> <span class='ocrx_word' id='word_1_332' title='bbox 1765 3044 1859 3083; x_wconf 82' lang='lat' dir='ltr'><strong>ve-</strong></span> 
     </span>
    </p>
   </div>
   <div class='ocr_carea' id='block_1_46' title="bbox 1962 1914 2452 1985">
    <p class='ocr_par' dir='ltr' id='par_1_46' title="bbox 1962 1914 2452 1985">
     <span class='ocr_line' id='line_1_46' title="bbox 1962 1914 2452 1985; baseline 0 -18"><span class='ocrx_word' id='word_1_333' title='bbox 1962 1915 2059 1985; x_wconf 79' lang='grc' dir='ltr'>μὲν</span> <span class='ocrx_word' id='word_1_334' title='bbox 2088 1916 2145 1978; x_wconf 79' lang='grc' dir='ltr'>ἐς</span> <span class='ocrx_word' id='word_1_335' title='bbox 2169 1914 2452 1968; x_wconf 82' lang='grc' dir='ltr'>τοσοῦτον.</span> 
     </span>
    </p>
   </div>
   <div class='ocr_carea' id='block_1_47' title="bbox 1957 2027 3553 2109">
    <p class='ocr_par' dir='ltr' id='par_1_47' title="bbox 1957 2027 3553 2109">
     <span class='ocr_line' id='line_1_47' title="bbox 1957 2027 3553 2109; baseline 0.001 -26"><span class='ocrx_word' id='word_1_336' title='bbox 1957 2028 2063 2098; x_wconf 78' lang='grc' dir='ltr'>κγ’.</span> <span class='ocrx_word' id='word_1_337' title='bbox 2096 2028 2237 2098; x_wconf 73' lang='grc' dir='ltr'>Περὶ</span> <span class='ocrx_word' id='word_1_338' title='bbox 2260 2029 2378 2082; x_wconf 80' lang='grc' dir='ltr'><strong>τῶν</strong></span> <span class='ocrx_word' id='word_1_339' title='bbox 2405 2028 2890 2109; x_wconf 38' lang='grc' dir='ltr'>προσϐαλουησῶν</span> <span class='ocrx_word' id='word_1_340' title='bbox 2911 2029 2985 2100; x_wconf 78' lang='grc' dir='ltr'>τῇ</span> <span class='ocrx_word' id='word_1_341' title='bbox 3015 2030 3191 2085; x_wconf 74' lang='grc' dir='ltr'>πόλει</span> <span class='ocrx_word' id='word_1_342' title='bbox 3221 2027 3553 2087; x_wconf 80' lang='grc' dir='ltr'>Βενετικῶν</span> 
     </span>
    </p>
   </div>
   <div class='ocr_carea' id='block_1_48' title="bbox 2665 2117 2842 2156">
    <p class='ocr_par' dir='ltr' id='par_1_48' title="bbox 2665 2117 2842 2156">
     <span class='ocr_line' id='line_1_48' title="bbox 2665 2117 2842 2156; baseline 0.011 -3"><span class='ocrx_word' id='word_1_343' title='bbox 2665 2117 2842 2156; x_wconf 71' lang='lat' dir='ltr'><strong>retur.</strong></span> 
     </span>
    </p>
   </div>
   <div class='ocr_carea' id='block_1_49' title="bbox 2034 2189 3554 2263">
    <p class='ocr_par' dir='ltr' id='par_1_49' title="bbox 2034 2189 3554 2263">
     <span class='ocr_line' id='line_1_49' title="bbox 2034 2189 3554 2263; baseline 0.002 -21"><span class='ocrx_word' id='word_1_344' title='bbox 2034 2189 2241 2260; x_wconf 81' lang='grc' dir='ltr'>Συνέϐη</span> <span class='ocrx_word' id='word_1_345' title='bbox 2276 2191 2331 2244; x_wconf 84' lang='grc' dir='ltr'>δὲ</span> <span class='ocrx_word' id='word_1_346' title='bbox 2373 2191 2473 2261; x_wconf 74' lang='grc' dir='ltr'><strong>πρὸ</strong></span> <span class='ocrx_word' id='word_1_347' title='bbox 2525 2191 2754 2251; x_wconf 86' lang='grc' dir='ltr'>τούτων,</span> <span class='ocrx_word' id='word_1_348' title='bbox 2806 2192 2901 2245; x_wconf 72' lang='grc' dir='ltr'>τοῦ</span> <span class='ocrx_word' id='word_1_349' title='bbox 2953 2192 3118 2245; x_wconf 73' lang='grc' dir='ltr'><strong>αὖτοῦ</strong></span> <span class='ocrx_word' id='word_1_350' title='bbox 3147 2193 3315 2262; x_wconf 75' lang='grc' dir='ltr'>μηνὸς</span> <span class='ocrx_word' id='word_1_351' title='bbox 3350 2192 3427 2263; x_wconf 83' lang='grc' dir='ltr'><strong>τῷ</strong></span> <span class='ocrx_word' id='word_1_352' title='bbox 3455 2193 3554 2245; x_wconf 84' lang='grc' dir='ltr'><strong>πέ-</strong></span> 
     </span>
    </p>
   </div>
   <div class='ocr_carea' id='block_1_50' title="bbox 1960 2286 3550 2356">
    <p class='ocr_par' dir='ltr' id='par_1_50' title="bbox 1960 2286 3550 2356">
     <span class='ocr_line' id='line_1_50' title="bbox 1960 2286 3550 2356; baseline 0.003 -22"><span class='ocrx_word' id='word_1_353' title='bbox 1960 2300 2084 2353; x_wconf 70' lang='grc' dir='ltr'>ρυσι</span> <span class='ocrx_word' id='word_1_354' title='bbox 2121 2287 2213 2337; x_wconf 78' lang='grc' dir='ltr'>καὶ</span> <span class='ocrx_word' id='word_1_355' title='bbox 2261 2286 2475 2354; x_wconf 60' lang='grc' dir='ltr'>ἡμέρας</span> <span class='ocrx_word' id='word_1_356' title='bbox 2524 2288 2749 2356; x_wconf 53' lang='lat' dir='ltr'><strong>niam,</strong></span> <span class='ocrx_word' id='word_1_357' title='bbox 2813 2286 3144 2355; x_wconf 70' lang='grc' dir='ltr'>προσϐαλεῖν</span> <span class='ocrx_word' id='word_1_358' title='bbox 3189 2291 3256 2356; x_wconf 78' lang='grc' dir='ltr'>τῇ</span> <span class='ocrx_word' id='word_1_359' title='bbox 3310 2286 3550 2351; x_wconf 79' lang='grc' dir='ltr'>πόλειέξ</span> 
     </span>
    </p>
   </div>
   <div class='ocr_carea' id='block_1_51' title="bbox 1960 2489 3552 2556">
    <p class='ocr_par' dir='ltr' id='par_1_51' title="bbox 1960 2489 3552 2556">
     <span class='ocr_line' id='line_1_51' title="bbox 1960 2489 3552 2556; baseline 0.002 -16"><span class='ocrx_word' id='word_1_360' title='bbox 1960 2502 2304 2556; x_wconf 67' lang='grc' dir='ltr'>ρι’ωειιιιιειιε</span> <span class='ocrx_word' id='word_1_361' title='bbox 2341 2489 2694 2550; x_wconf 81' lang='lat' dir='ltr'><strong>autumabat,</strong></span> <span class='ocrx_word' id='word_1_362' title='bbox 2730 2505 2873 2543; x_wconf 88' lang='lat' dir='ltr'><strong>unus</strong></span> <span class='ocrx_word' id='word_1_363' title='bbox 2935 2500 3120 2544; x_wconf 87' lang='lat' dir='ltr'><strong>autem</strong></span> <span class='ocrx_word' id='word_1_364' title='bbox 3163 2489 3463 2544; x_wconf 86' lang='lat' dir='ltr'><strong>Alanorum</strong></span> <span class='ocrx_word' id='word_1_365' title='bbox 3497 2490 3552 2543; x_wconf 92' lang='lat' dir='ltr'><strong>in</strong></span> 
     </span>
    </p>
   </div>
   <div class='ocr_carea' id='block_1_52' title="bbox 1958 2581 3550 2654">
    <p class='ocr_par' dir='ltr' id='par_1_52' title="bbox 1958 2581 3550 2654">
     <span class='ocr_line' id='line_1_52' title="bbox 1958 2581 3550 2654; baseline 0.003 -21"><span class='ocrx_word' id='word_1_366' title='bbox 1958 2583 2179 2634; x_wconf 84' lang='lat' dir='ltr'><strong>occulto</strong></span> <span class='ocrx_word' id='word_1_367' title='bbox 2234 2581 2485 2635; x_wconf 69' lang='lat' dir='ltr'><strong>im&#39;tatnr</strong></span> <span class='ocrx_word' id='word_1_368' title='bbox 2520 2582 2862 2648; x_wconf 83' lang='lat' dir='ltr'><strong>Pandarum,</strong></span> <span class='ocrx_word' id='word_1_369' title='bbox 2903 2583 3279 2654; x_wconf 69' lang='lat' dir='ltr'><strong>sagittamque</strong></span> <span class='ocrx_word' id='word_1_370' title='bbox 3332 2585 3386 2638; x_wconf 92' lang='lat' dir='ltr'><strong>in</strong></span> <span class='ocrx_word' id='word_1_371' title='bbox 3421 2599 3550 2640; x_wconf 88' lang='lat' dir='ltr'><strong>eum</strong></span> 
     </span>
    </p>
   </div>
   <div class='ocr_carea' id='block_1_53' title="bbox 1952 2671 3556 2742">
    <p class='ocr_par' dir='ltr' id='par_1_53' title="bbox 1952 2671 3556 2742">
     <span class='ocr_line' id='line_1_53' title="bbox 1952 2671 3556 2742; baseline 0.005 -18"><span class='ocrx_word' id='word_1_372' title='bbox 1952 2671 2110 2742; x_wconf 87' lang='lat' dir='ltr'><strong>jacit,</strong></span> <span class='ocrx_word' id='word_1_373' title='bbox 2148 2673 2242 2725; x_wconf 88' lang='lat' dir='ltr'><strong>sed</strong></span> <span class='ocrx_word' id='word_1_374' title='bbox 2276 2673 2386 2725; x_wconf 86' lang='lat' dir='ltr'><strong>alio</strong></span> <span class='ocrx_word' id='word_1_375' title='bbox 2415 2688 2579 2741; x_wconf 82' lang='lat' dir='ltr'><strong>quam</strong></span> <span class='ocrx_word' id='word_1_376' title='bbox 2616 2671 2705 2726; x_wconf 89' lang='lat' dir='ltr'><strong>ille</strong></span> <span class='ocrx_word' id='word_1_377' title='bbox 2736 2689 3000 2728; x_wconf 86' lang='lat' dir='ltr'><strong>successu</strong></span> <span class='ocrx_word' id='word_1_378' title='bbox 3030 2692 3045 2728; x_wconf 87' lang='lat'><strong>:</strong></span> <span class='ocrx_word' id='word_1_379' title='bbox 3076 2690 3183 2727; x_wconf 87' lang='lat' dir='ltr'><strong>non</strong></span> <span class='ocrx_word' id='word_1_380' title='bbox 3210 2676 3358 2729; x_wconf 80' lang='lat' dir='ltr'><strong>enim</strong></span> <span class='ocrx_word' id='word_1_381' title='bbox 3393 2690 3556 2732; x_wconf 82' lang='lat' dir='ltr'><strong>sum-</strong></span> 
     </span>
    </p>
   </div>
   <div class='ocr_carea' id='block_1_54' title="bbox 1960 2763 3556 2836">
    <p class='ocr_par' dir='ltr' id='par_1_54' title="bbox 1960 2763 3556 2836">
     <span class='ocr_line' id='line_1_54' title="bbox 1960 2763 3556 2836; baseline 0.004 -20"><span class='ocrx_word' id='word_1_382' title='bbox 1960 2780 2102 2817; x_wconf 81' lang='lat' dir='ltr'><strong>inani</strong></span> <span class='ocrx_word' id='word_1_383' title='bbox 2136 2763 2431 2829; x_wconf 76' lang='lat' dir='ltr'><strong>duntaxat,</strong></span> <span class='ocrx_word' id='word_1_384' title='bbox 2464 2776 2522 2818; x_wconf 87' lang='grc' dir='ltr'><strong>ιιι</strong></span> <span class='ocrx_word' id='word_1_385' title='bbox 2563 2764 2854 2820; x_wconf 83' lang='lat' dir='ltr'><strong>Pandarus</strong></span> <span class='ocrx_word' id='word_1_386' title='bbox 2917 2766 3174 2833; x_wconf 78' lang='lat' dir='ltr'><strong>Menelai,</strong></span> <span class='ocrx_word' id='word_1_387' title='bbox 3226 2768 3556 2836; x_wconf 82' lang='lat' dir='ltr'><strong>perstrinxit</strong></span> 
     </span>
    </p>
   </div>
   <div class='ocr_carea' id='block_1_55' title="bbox 1960 2854 3556 2927">
    <p class='ocr_par' dir='ltr' id='par_1_55' title="bbox 1960 2854 3556 2927">
     <span class='ocr_line' id='line_1_55' title="bbox 1960 2854 3556 2927; baseline 0.003 -21"><span class='ocrx_word' id='word_1_388' title='bbox 1960 2854 2067 2909; x_wconf 89' lang='lat' dir='ltr'><strong>telo</strong></span> <span class='ocrx_word' id='word_1_389' title='bbox 2101 2863 2312 2914; x_wconf 84' lang='lat' dir='ltr'><strong>cutem.</strong></span> <span class='ocrx_word' id='word_1_390' title='bbox 2336 2855 2431 2909; x_wconf 89' lang='lat' dir='ltr'><strong>sed</strong></span> <span class='ocrx_word' id='word_1_391' title='bbox 2465 2855 2631 2909; x_wconf 82' lang='lat' dir='ltr'><strong>aliain</strong></span> <span class='ocrx_word' id='word_1_392' title='bbox 2663 2864 2718 2909; x_wconf 78' lang='lat' dir='ltr'><strong>ei.</strong></span> <span class='ocrx_word' id='word_1_393' title='bbox 2746 2856 3003 2911; x_wconf 85' lang='lat' dir='ltr'><strong>letbalem</strong></span> <span class='ocrx_word' id='word_1_394' title='bbox 3031 2857 3250 2927; x_wconf 87' lang='lat' dir='ltr'><strong>penitus</strong></span> <span class='ocrx_word' id='word_1_395' title='bbox 3276 2858 3331 2910; x_wconf 92' lang='lat' dir='ltr'><strong>in</strong></span> <span class='ocrx_word' id='word_1_396' title='bbox 3359 2855 3556 2912; x_wconf 72' lang='lat' dir='ltr'><strong>Baulis</strong></span> 
     </span>
    </p>
   </div>
   <div class='ocr_carea' id='block_1_56' title="bbox 1957 2947 3568 3021">
    <p class='ocr_par' dir='ltr' id='par_1_56' title="bbox 1957 2947 3568 3021">
     <span class='ocr_line' id='line_1_56' title="bbox 1957 2947 3568 3021; baseline 0.001 -20"><span class='ocrx_word' id='word_1_397' title='bbox 1957 2948 2143 3002; x_wconf 79' lang='lat' dir='ltr'><strong>vitalia</strong></span> <span class='ocrx_word' id='word_1_398' title='bbox 2181 2947 2396 3019; x_wconf 70' lang='lat' dir='ltr'><strong>plagam</strong></span> <span class='ocrx_word' id='word_1_399' title='bbox 2465 2947 2713 3017; x_wconf 85' lang='lat' dir='ltr'><strong>pertulit.</strong></span> <span class='ocrx_word' id='word_1_400' title='bbox 2751 2948 2872 3013; x_wconf 84' lang='lat' dir='ltr'><strong>Quo</strong></span> <span class='ocrx_word' id='word_1_401' title='bbox 2911 2948 3058 3004; x_wconf 80' lang='lat' dir='ltr'><strong>iacto</strong></span> <span class='ocrx_word' id='word_1_402' title='bbox 3092 2950 3342 3021; x_wconf 61' lang='lat' dir='ltr'><strong>perculsa</strong></span> <span class='ocrx_word' id='word_1_403' title='bbox 3374 2949 3568 3004; x_wconf 87' lang='lat' dir='ltr'><strong>utrin-&#39;</strong></span> 
     </span>
    </p>
   </div>
   <div class='ocr_carea' id='block_1_57' title="bbox 1956 3043 3556 3115">
    <p class='ocr_par' dir='ltr' id='par_1_57' title="bbox 1956 3043 3556 3115">
     <span class='ocr_line' id='line_1_57' title="bbox 1956 3043 3556 3115; baseline -0.001 -17"><span class='ocrx_word' id='word_1_404' title='bbox 1956 3060 2068 3115; x_wconf 91' lang='lat' dir='ltr'><strong>que</strong></span> <span class='ocrx_word' id='word_1_405' title='bbox 2114 3058 2477 3114; x_wconf 82' lang='lat' dir='ltr'><strong>repressaque</strong></span> <span class='ocrx_word' id='word_1_406' title='bbox 2516 3043 2814 3098; x_wconf 89' lang='lat' dir='ltr'><strong>multitudo</strong></span> <span class='ocrx_word' id='word_1_407' title='bbox 2859 3052 2963 3106; x_wconf 88' lang='lat' dir='ltr'><strong>est,</strong></span> <span class='ocrx_word' id='word_1_408' title='bbox 3015 3045 3142 3098; x_wconf 85' lang='lat' dir='ltr'><strong>hinc</strong></span> <span class='ocrx_word' id='word_1_409' title='bbox 3179 3045 3400 3113; x_wconf 85' lang='lat' dir='ltr'><strong>quidem</strong></span> <span class='ocrx_word' id='word_1_410' title='bbox 3444 3044 3556 3097; x_wconf 75' lang='lat' dir='ltr'><strong>lto-</strong></span> 
     </span>
    </p>
   </div>
   <div class='ocr_carea' id='block_1_58' title="bbox 265 3115 3558 3231">
    <p class='ocr_par' dir='ltr' id='par_1_58' title="bbox 265 3115 3558 3231">
     <span class='ocr_line' id='line_1_58' title="bbox 265 3115 3558 3231; baseline 0.003 -47"><span class='ocrx_word' id='word_1_411' title='bbox 265 3118 474 3183; x_wconf 65' lang='grc' dir='ltr'><strong>Πὶοηάῖν</strong></span> <span class='ocrx_word' id='word_1_412' title='bbox 505 3118 600 3173; x_wconf 73' lang='grc' dir='ltr'><strong>5εά</strong></span> <span class='ocrx_word' id='word_1_413' title='bbox 635 3128 693 3171; x_wconf 75' lang='grc' dir='ltr'><strong>υῑ</strong></span> <span class='ocrx_word' id='word_1_414' title='bbox 719 3118 1076 3222; x_wconf 42' lang='grc' dir='ltr'><strong>οξηεηιυξιξο</strong></span> <span class='ocrx_word' id='word_1_415' title='bbox 1104 3131 1170 3170; x_wconf 67' lang='lat' dir='ltr'><strong>ac</strong></span> <span class='ocrx_word' id='word_1_416' title='bbox 1192 3115 1376 3185; x_wconf 69' lang='grc' dir='ltr'><strong>δβοείυ</strong></span> <span class='ocrx_word' id='word_1_417' title='bbox 1400 3116 1456 3170; x_wconf 69' lang='lat' dir='ltr'><strong>in</strong></span> <span class='ocrx_word' id='word_1_418' title='bbox 1480 3116 1675 3172; x_wconf 67' lang='lat' dir='ltr'><strong>Ordine</strong></span> <span class='ocrx_word' id='word_1_419' title='bbox 1702 3126 1858 3172; x_wconf 69' lang='grc' dir='ltr'>δίθη·</span> <span class='ocrx_word' id='word_1_420' title='bbox 1885 3176 1929 3231; x_wconf 76' lang='lat' dir='ltr'>c</span> <span class='ocrx_word' id='word_1_421' title='bbox 1964 3136 2143 3192; x_wconf 83' lang='lat' dir='ltr'><strong>inanis</strong></span> <span class='ocrx_word' id='word_1_422' title='bbox 2180 3135 2397 3201; x_wconf 86' lang='lat' dir='ltr'><strong>dolore,</strong></span> <span class='ocrx_word' id='word_1_423' title='bbox 2430 3136 2562 3191; x_wconf 88' lang='lat' dir='ltr'><strong>inde</strong></span> <span class='ocrx_word' id='word_1_424' title='bbox 2595 3144 2782 3191; x_wconf 79' lang='lat' dir='ltr'><strong>autem</strong></span> <span class='ocrx_word' id='word_1_425' title='bbox 2824 3136 3016 3193; x_wconf 79' lang='lat' dir='ltr'><strong>Alanis</strong></span> <span class='ocrx_word' id='word_1_426' title='bbox 3055 3148 3200 3193; x_wconf 90' lang='lat' dir='ltr'><strong>metu</strong></span> <span class='ocrx_word' id='word_1_427' title='bbox 3230 3147 3558 3194; x_wconf 80' lang='lat' dir='ltr'><strong>censterna-</strong></span> 
     </span>
    </p>
   </div>
   <div class='ocr_carea' id='block_1_59' title="bbox 261 3210 1857 3282">
    <p class='ocr_par' dir='ltr' id='par_1_59' title="bbox 261 3210 1857 3282">
     <span class='ocr_line' id='line_1_59' title="bbox 261 3210 1857 3282; baseline 0.001 -17"><span class='ocrx_word' id='word_1_428' title='bbox 261 3216 396 3265; x_wconf 85' lang='lat' dir='ltr'><strong>tium</strong></span> <span class='ocrx_word' id='word_1_429' title='bbox 461 3220 710 3282; x_wconf 74' lang='lat' dir='ltr'><strong>tegerent</strong></span> <span class='ocrx_word' id='word_1_430' title='bbox 768 3210 1132 3280; x_wconf 81' lang='lat' dir='ltr'><strong>ignominiam</strong></span> <span class='ocrx_word' id='word_1_431' title='bbox 1210 3225 1420 3266; x_wconf 89' lang='lat' dir='ltr'><strong>arcano</strong></span> <span class='ocrx_word' id='word_1_432' title='bbox 1501 3219 1857 3282; x_wconf 68' lang='lat' dir='ltr'><strong>prmsumpta:</strong></span> 
     </span>
    </p>
   </div>
   <div class='ocr_carea' id='block_1_60' title="bbox 257 3302 1858 3374">
    <p class='ocr_par' dir='ltr' id='par_1_60' title="bbox 257 3302 1858 3374">
     <span class='ocr_line' id='line_1_60' title="bbox 257 3302 1858 3374; baseline -0.001 -16"><span class='ocrx_word' id='word_1_433' title='bbox 257 3306 479 3359; x_wconf 77' lang='lat' dir='ltr'><strong>furtiva:</strong></span> <span class='ocrx_word' id='word_1_434' title='bbox 531 3304 917 3359; x_wconf 84' lang='lat' dir='ltr'><strong>discessionis.</strong></span> <span class='ocrx_word' id='word_1_435' title='bbox 957 3302 1162 3357; x_wconf 81' lang='lat' dir='ltr'><strong>Verum</strong></span> <span class='ocrx_word' id='word_1_436' title='bbox 1219 3303 1443 3359; x_wconf 86' lang='lat' dir='ltr'><strong>aliunde</strong></span> <span class='ocrx_word' id='word_1_437' title='bbox 1514 3303 1858 3374; x_wconf 77' lang='lat' dir='ltr'><strong>indignanti-</strong></span> 
     </span>
    </p>
   </div>
   <div class='ocr_carea' id='block_1_61' title="bbox 253 3397 1862 3468">
    <p class='ocr_par' dir='ltr' id='par_1_61' title="bbox 253 3397 1862 3468">
     <span class='ocr_line' id='line_1_61' title="bbox 253 3397 1862 3468; baseline -0.003 -13"><span class='ocrx_word' id='word_1_438' title='bbox 253 3400 361 3455; x_wconf 84' lang='lat' dir='ltr'><strong>bus</strong></span> <span class='ocrx_word' id='word_1_439' title='bbox 392 3399 464 3452; x_wconf 91' lang='lat' dir='ltr'><strong>iis</strong></span> <span class='ocrx_word' id='word_1_440' title='bbox 496 3398 591 3468; x_wconf 88' lang='lat' dir='ltr'><strong>qui</strong></span> <span class='ocrx_word' id='word_1_441' title='bbox 622 3414 748 3453; x_wconf 88' lang='lat' dir='ltr'><strong>cum</strong></span> <span class='ocrx_word' id='word_1_442' title='bbox 793 3413 990 3467; x_wconf 78' lang='lat' dir='ltr'><strong>magno</strong></span> <span class='ocrx_word' id='word_1_443' title='bbox 1026 3397 1337 3452; x_wconf 85' lang='lat' dir='ltr'><strong>domestico</strong></span> <span class='ocrx_word' id='word_1_444' title='bbox 1369 3406 1552 3462; x_wconf 88' lang='lat' dir='ltr'><strong>erant,</strong></span> <span class='ocrx_word' id='word_1_445' title='bbox 1601 3406 1655 3451; x_wconf 87' lang='lat' dir='ltr'><strong>et</strong></span> <span class='ocrx_word' id='word_1_446' title='bbox 1708 3398 1862 3465; x_wconf 78' lang='lat' dir='ltr'><strong>igna-</strong></span> 
     </span>
    </p>
   </div>
   <div class='ocr_carea' id='block_1_62' title="bbox 256 3488 1858 3563">
    <p class='ocr_par' dir='ltr' id='par_1_62' title="bbox 256 3488 1858 3563">
     <span class='ocr_line' id='line_1_62' title="bbox 256 3488 1858 3563; baseline -0.001 -19"><span class='ocrx_word' id='word_1_447' title='bbox 256 3494 360 3547; x_wconf 84' lang='lat' dir='ltr'><strong>viae</strong></span> <span class='ocrx_word' id='word_1_448' title='bbox 390 3492 737 3563; x_wconf 75' lang='lat' dir='ltr'><strong>turpissimae</strong></span> <span class='ocrx_word' id='word_1_449' title='bbox 767 3492 1013 3562; x_wconf 90' lang='lat' dir='ltr'><strong>ipsorum</strong></span> <span class='ocrx_word' id='word_1_450' title='bbox 1048 3491 1384 3560; x_wconf 87' lang='lat' dir='ltr'><strong>imputatum</strong></span> <span class='ocrx_word' id='word_1_451' title='bbox 1423 3488 1488 3543; x_wconf 90' lang='lat' dir='ltr'><strong>iri</strong></span> <span class='ocrx_word' id='word_1_452' title='bbox 1540 3490 1858 3559; x_wconf 86' lang='lat' dir='ltr'><strong>reputanti-</strong></span> 
     </span>
    </p>
   </div>
   <div class='ocr_carea' id='block_1_63' title="bbox 255 3582 1862 3654">
    <p class='ocr_par' dir='ltr' id='par_1_63' title="bbox 255 3582 1862 3654">
     <span class='ocr_line' id='line_1_63' title="bbox 255 3582 1862 3654; baseline -0.001 -14"><span class='ocrx_word' id='word_1_453' title='bbox 255 3586 386 3651; x_wconf 81' lang='lat' dir='ltr'><strong>bus,</strong></span> <span class='ocrx_word' id='word_1_454' title='bbox 405 3585 455 3640; x_wconf 90' lang='lat' dir='ltr'><strong>si</strong></span> <span class='ocrx_word' id='word_1_455' title='bbox 476 3585 639 3639; x_wconf 84' lang='lat' dir='ltr'><strong>otiosi</strong></span> <span class='ocrx_word' id='word_1_456' title='bbox 662 3591 836 3637; x_wconf 82' lang='lat' dir='ltr'><strong>testes</strong></span> <span class='ocrx_word' id='word_1_457' title='bbox 856 3582 1097 3654; x_wconf 78' lang='lat' dir='ltr'><strong>perﬁdiae</strong></span> <span class='ocrx_word' id='word_1_458' title='bbox 1129 3583 1494 3639; x_wconf 86' lang='lat' dir='ltr'><strong>barbarorum</strong></span> <span class='ocrx_word' id='word_1_459' title='bbox 1545 3582 1862 3638; x_wconf 82' lang='lat' dir='ltr'><strong>assiderent</strong></span> 
     </span>
    </p>
   </div>
   <div class='ocr_carea' id='block_1_64' title="bbox 256 3675 1856 3745">
    <p class='ocr_par' dir='ltr' id='par_1_64' title="bbox 256 3675 1856 3745">
     <span class='ocr_line' id='line_1_64' title="bbox 256 3675 1856 3745; baseline -0.001 -12"><span class='ocrx_word' id='word_1_460' title='bbox 256 3691 312 3733; x_wconf 72' lang='lat' dir='ltr'><strong>et</strong></span> <span class='ocrx_word' id='word_1_461' title='bbox 343 3678 507 3734; x_wconf 80' lang='lat' dir='ltr'><strong>illudi</strong></span> <span class='ocrx_word' id='word_1_462' title='bbox 541 3678 648 3733; x_wconf 82' lang='lat' dir='ltr'><strong>sibi</strong></span> <span class='ocrx_word' id='word_1_463' title='bbox 679 3693 867 3733; x_wconf 90' lang='lat' dir='ltr'><strong>coram</strong></span> <span class='ocrx_word' id='word_1_464' title='bbox 911 3686 1098 3733; x_wconf 89' lang='lat' dir='ltr'><strong>tantus</strong></span> <span class='ocrx_word' id='word_1_465' title='bbox 1132 3679 1413 3733; x_wconf 76' lang='lat' dir='ltr'><strong>exercitus</strong></span> <span class='ocrx_word' id='word_1_466' title='bbox 1443 3693 1473 3731; x_wconf 91' lang='lat' dir='ltr'><strong>a</strong></span> <span class='ocrx_word' id='word_1_467' title='bbox 1509 3691 1673 3732; x_wconf 90' lang='lat' dir='ltr'><strong>manu</strong></span> <span class='ocrx_word' id='word_1_468' title='bbox 1707 3675 1856 3745; x_wconf 79' lang='lat' dir='ltr'><strong>fugi-</strong></span> 
     </span>
    </p>
   </div>
   <div class='ocr_carea' id='block_1_65' title="bbox 257 3770 1859 3842">
    <p class='ocr_par' dir='ltr' id='par_1_65' title="bbox 257 3770 1859 3842">
     <span class='ocr_line' id='line_1_65' title="bbox 257 3770 1859 3842; baseline -0.002 -13"><span class='ocrx_word' id='word_1_469' title='bbox 257 3778 501 3829; x_wconf 81' lang='lat' dir='ltr'><strong>tivorum</strong></span> <span class='ocrx_word' id='word_1_470' title='bbox 584 3782 884 3842; x_wconf 85' lang='lat' dir='ltr'><strong>pateretur,</strong></span> <span class='ocrx_word' id='word_1_471' title='bbox 960 3770 1243 3825; x_wconf 78' lang='lat' dir='ltr'><strong>infamiam</strong></span> <span class='ocrx_word' id='word_1_472' title='bbox 1326 3770 1562 3837; x_wconf 81' lang='lat' dir='ltr'><strong>inertiae,</strong></span> <span class='ocrx_word' id='word_1_473' title='bbox 1644 3771 1859 3841; x_wconf 79' lang='lat' dir='ltr'><strong>agendo</strong></span> 
     </span>
    </p>
   </div>
   <div class='ocr_carea' id='block_1_66' title="bbox 258 3864 1854 3935">
    <p class='ocr_par' dir='ltr' id='par_1_66' title="bbox 258 3864 1854 3935">
     <span class='ocr_line' id='line_1_66' title="bbox 258 3864 1854 3935; baseline -0.002 -13"><span class='ocrx_word' id='word_1_474' title='bbox 258 3878 494 3922; x_wconf 80' lang='lat' dir='ltr'><strong>strenue</strong></span> <span class='ocrx_word' id='word_1_475' title='bbox 524 3864 671 3933; x_wconf 88' lang='lat' dir='ltr'><strong>quod</strong></span> <span class='ocrx_word' id='word_1_476' title='bbox 701 3877 791 3919; x_wconf 85' lang='lat' dir='ltr'><strong>res</strong></span> <span class='ocrx_word' id='word_1_477' title='bbox 844 3871 1120 3933; x_wconf 88' lang='lat' dir='ltr'><strong>posceret,</strong></span> <span class='ocrx_word' id='word_1_478' title='bbox 1151 3871 1484 3935; x_wconf 70' lang='lat' dir='ltr'><strong>praevertere</strong></span> <span class='ocrx_word' id='word_1_479' title='bbox 1513 3872 1854 3919; x_wconf 82' lang='lat' dir='ltr'><strong>statuerunt.</strong></span> 
     </span>
    </p>
   </div>
   <div class='ocr_carea' id='block_1_67' title="bbox 258 3957 1853 4029">
    <p class='ocr_par' dir='ltr' id='par_1_67' title="bbox 258 3957 1853 4029">
     <span class='ocr_line' id='line_1_67' title="bbox 258 3957 1853 4029; baseline -0.003 -16"><span class='ocrx_word' id='word_1_480' title='bbox 258 3960 450 4014; x_wconf 83' lang='lat' dir='ltr'><strong>Armis</strong></span> <span class='ocrx_word' id='word_1_481' title='bbox 481 3957 654 4029; x_wconf 77' lang='lat' dir='ltr'><strong>igitur</strong></span> <span class='ocrx_word' id='word_1_482' title='bbox 701 3959 1003 4027; x_wconf 82' lang='lat' dir='ltr'><strong>assumptis</strong></span> <span class='ocrx_word' id='word_1_483' title='bbox 1035 3957 1305 4027; x_wconf 88' lang='lat' dir='ltr'><strong>equisque</strong></span> <span class='ocrx_word' id='word_1_484' title='bbox 1334 3959 1660 4012; x_wconf 89' lang='lat' dir='ltr'><strong>conscensis</strong></span> <span class='ocrx_word' id='word_1_485' title='bbox 1704 3971 1853 4011; x_wconf 88' lang='lat' dir='ltr'><strong>com-</strong></span> 
     </span>
    </p>
   </div>
   <div class='ocr_carea' id='block_1_68' title="bbox 262 4049 1856 4121">
    <p class='ocr_par' dir='ltr' id='par_1_68' title="bbox 262 4049 1856 4121">
     <span class='ocr_line' id='line_1_68' title="bbox 262 4049 1856 4121; baseline -0.001 -16"><span class='ocrx_word' id='word_1_486' title='bbox 262 4054 485 4107; x_wconf 84' lang='lat' dir='ltr'><strong>mittere</strong></span> <span class='ocrx_word' id='word_1_487' title='bbox 520 4051 686 4107; x_wconf 81' lang='lat' dir='ltr'><strong>civile</strong></span> <span class='ocrx_word' id='word_1_488' title='bbox 752 4051 1004 4120; x_wconf 68' lang='lat' dir='ltr'><strong>praelimn</strong></span> <span class='ocrx_word' id='word_1_489' title='bbox 1068 4064 1289 4121; x_wconf 64' lang='grc' dir='ltr'>τωρωι-ε</span> <span class='ocrx_word' id='word_1_490' title='bbox 1348 4049 1534 4121; x_wconf 72' lang='lat' dir='ltr'><strong>(civile</strong></span> <span class='ocrx_word' id='word_1_491' title='bbox 1566 4050 1618 4104; x_wconf 87' lang='lat' dir='ltr'><strong>id</strong></span> <span class='ocrx_word' id='word_1_492' title='bbox 1652 4049 1856 4105; x_wconf 87' lang='lat' dir='ltr'><strong>bellum</strong></span> 
     </span>
    </p>
   </div>
   <div class='ocr_carea' id='block_1_69' title="bbox 257 4140 1854 4214">
    <p class='ocr_par' dir='ltr' id='par_1_69' title="bbox 257 4140 1854 4214">
     <span class='ocr_line' id='line_1_69' title="bbox 257 4140 1854 4214; baseline -0.003 -15"><span class='ocrx_word' id='word_1_493' title='bbox 257 4145 522 4210; x_wconf 77' lang='lat' dir='ltr'><strong>dixerim,</strong></span> <span class='ocrx_word' id='word_1_494' title='bbox 570 4145 719 4214; x_wconf 89' lang='lat' dir='ltr'><strong>quod</strong></span> <span class='ocrx_word' id='word_1_495' title='bbox 756 4144 862 4199; x_wconf 87' lang='lat' dir='ltr'><strong>etsi</strong></span> <span class='ocrx_word' id='word_1_496' title='bbox 918 4140 1199 4199; x_wconf 83' lang='lat' dir='ltr'><strong>Rotnanos</strong></span> <span class='ocrx_word' id='word_1_497' title='bbox 1247 4142 1392 4197; x_wconf 89' lang='lat' dir='ltr'><strong>inter</strong></span> <span class='ocrx_word' id='word_1_498' title='bbox 1450 4150 1507 4196; x_wconf 88' lang='lat' dir='ltr'><strong>et</strong></span> <span class='ocrx_word' id='word_1_499' title='bbox 1562 4140 1854 4208; x_wconf 85' lang='lat' dir='ltr'><strong>barbaros,</strong></span> 
     </span>
    </p>
   </div>
   <div class='ocr_carea' id='block_1_70' title="bbox 258 4234 1857 4305">
    <p class='ocr_par' dir='ltr' id='par_1_70' title="bbox 258 4234 1857 4305">
     <span class='ocr_line' id='line_1_70' title="bbox 258 4234 1857 4305; baseline 0 -15"><span class='ocrx_word' id='word_1_500' title='bbox 258 4253 450 4292; x_wconf 86' lang='lat' dir='ltr'><strong>tamen</strong></span> <span class='ocrx_word' id='word_1_501' title='bbox 483 4236 631 4290; x_wconf 81' lang='lat' dir='ltr'><strong>inter</strong></span> <span class='ocrx_word' id='word_1_502' title='bbox 664 4251 763 4292; x_wconf 92' lang='lat' dir='ltr'><strong>eos</strong></span> <span class='ocrx_word' id='word_1_503' title='bbox 838 4236 929 4305; x_wconf 85' lang='lat' dir='ltr'><strong>qui</strong></span> <span class='ocrx_word' id='word_1_504' title='bbox 965 4238 1225 4305; x_wconf 86' lang='lat' dir='ltr'><strong>utrinque</strong></span> <span class='ocrx_word' id='word_1_505' title='bbox 1254 4234 1502 4291; x_wconf 75' lang='lat' dir='ltr'><strong>Romano</strong></span> <span class='ocrx_word' id='word_1_506' title='bbox 1532 4234 1857 4305; x_wconf 84' lang='lat' dir='ltr'><strong>imperatori</strong></span> 
     </span>
    </p>
   </div>
   <div class='ocr_carea' id='block_1_71' title="bbox 259 4326 1856 4400">
    <p class='ocr_par' dir='ltr' id='par_1_71' title="bbox 259 4326 1856 4400">
     <span class='ocr_line' id='line_1_71' title="bbox 259 4326 1856 4400; baseline -0.002 -15"><span class='ocrx_word' id='word_1_507' title='bbox 259 4339 616 4385; x_wconf 83' lang='lat' dir='ltr'><strong>sacramento</strong></span> <span class='ocrx_word' id='word_1_508' title='bbox 668 4329 945 4385; x_wconf 82' lang='lat' dir='ltr'><strong>dixissent</strong></span> <span class='ocrx_word' id='word_1_509' title='bbox 1000 4326 1468 4400; x_wconf 77' lang='lat' dir='ltr'><strong>gerebatur),sed</strong></span> <span class='ocrx_word' id='word_1_510' title='bbox 1517 4342 1856 4399; x_wconf 90' lang='lat' dir='ltr'><strong>quocunque</strong></span> 
     </span>
    </p>
   </div>
   <div class='ocr_carea' id='block_1_72' title="bbox 259 4422 1855 4489">
    <p class='ocr_par' dir='ltr' id='par_1_72' title="bbox 259 4422 1855 4489">
     <span class='ocr_line' id='line_1_72' title="bbox 259 4422 1855 4489; baseline 0 -14"><span class='ocrx_word' id='word_1_511' title='bbox 259 4422 560 4479; x_wconf 84' lang='lat' dir='ltr'><strong>dicendum</strong></span> <span class='ocrx_word' id='word_1_512' title='bbox 601 4423 672 4477; x_wconf 90' lang='lat' dir='ltr'><strong>sit</strong></span> <span class='ocrx_word' id='word_1_513' title='bbox 729 4422 976 4489; x_wconf 88' lang='lat' dir='ltr'><strong>nomine,</strong></span> <span class='ocrx_word' id='word_1_514' title='bbox 1028 4431 1310 4475; x_wconf 83' lang='lat' dir='ltr'><strong>certamen</strong></span> <span class='ocrx_word' id='word_1_515' title='bbox 1345 4431 1477 4476; x_wconf 91' lang='lat' dir='ltr'><strong>tunc</strong></span> <span class='ocrx_word' id='word_1_516' title='bbox 1516 4428 1666 4477; x_wconf 83' lang='lat' dir='ltr'><strong>certe</strong></span> <span class='ocrx_word' id='word_1_517' title='bbox 1713 4435 1855 4476; x_wconf 91' lang='lat' dir='ltr'><strong>con-</strong></span> 
     </span>
    </p>
   </div>
   <div class='ocr_carea' id='block_1_73' title="bbox 1966 3228 3558 3299">
    <p class='ocr_par' dir='ltr' id='par_1_73' title="bbox 1966 3228 3558 3299">
     <span class='ocr_line' id='line_1_73' title="bbox 1966 3228 3558 3299; baseline 0.002 -16"><span class='ocrx_word' id='word_1_518' title='bbox 1966 3229 2056 3283; x_wconf 86' lang='lat' dir='ltr'><strong>tis.</strong></span> <span class='ocrx_word' id='word_1_519' title='bbox 2109 3231 2291 3298; x_wconf 84' lang='lat' dir='ltr'><strong>Atque</strong></span> <span class='ocrx_word' id='word_1_520' title='bbox 2369 3228 2494 3283; x_wconf 90' lang='lat' dir='ltr'><strong>illos</strong></span> <span class='ocrx_word' id='word_1_521' title='bbox 2568 3229 2792 3298; x_wconf 85' lang='lat' dir='ltr'><strong>quidem</strong></span> <span class='ocrx_word' id='word_1_522' title='bbox 2882 3229 3144 3299; x_wconf 69' lang='lat' dir='ltr'><strong>paenituit</strong></span> <span class='ocrx_word' id='word_1_523' title='bbox 3204 3232 3558 3287; x_wconf 81' lang='lat' dir='ltr'><strong>lacessivisse</strong></span> 
     </span>
    </p>
   </div>
   <div class='ocr_carea' id='block_1_74' title="bbox 1967 3320 3554 3396">
    <p class='ocr_par' dir='ltr' id='par_1_74' title="bbox 1967 3320 3554 3396">
     <span class='ocr_line' id='line_1_74' title="bbox 1967 3320 3554 3396; baseline 0.003 -21"><span class='ocrx_word' id='word_1_524' title='bbox 1967 3320 2280 3375; x_wconf 85' lang='lat' dir='ltr'><strong>barbaros:</strong></span> <span class='ocrx_word' id='word_1_525' title='bbox 2317 3321 2392 3374; x_wconf 91' lang='lat' dir='ltr'><strong>illi</strong></span> <span class='ocrx_word' id='word_1_526' title='bbox 2425 3331 2610 3375; x_wconf 84' lang='lat' dir='ltr'><strong>autem</strong></span> <span class='ocrx_word' id='word_1_527' title='bbox 2644 3331 2970 3391; x_wconf 89' lang='lat' dir='ltr'><strong>reputantes</strong></span> <span class='ocrx_word' id='word_1_528' title='bbox 2998 3331 3264 3393; x_wconf 86' lang='lat' dir='ltr'><strong>quantam</strong></span> <span class='ocrx_word' id='word_1_529' title='bbox 3306 3327 3358 3379; x_wconf 88' lang='lat' dir='ltr'><strong>in</strong></span> <span class='ocrx_word' id='word_1_530' title='bbox 3387 3325 3554 3396; x_wconf 70' lang='lat'><strong>322</strong></span> 
     </span>
    </p>
   </div>
   <div class='ocr_carea' id='block_1_75' title="bbox 1963 3415 3559 3485">
    <p class='ocr_par' dir='ltr' id='par_1_75' title="bbox 1963 3415 3559 3485">
     <span class='ocr_line' id='line_1_75' title="bbox 1963 3415 3559 3485; baseline 0.003 -17"><span class='ocrx_word' id='word_1_531' title='bbox 1963 3416 2140 3469; x_wconf 87' lang='lat' dir='ltr'><strong>aleam</strong></span> <span class='ocrx_word' id='word_1_532' title='bbox 2198 3429 2289 3469; x_wconf 89' lang='lat' dir='ltr'><strong>res</strong></span> <span class='ocrx_word' id='word_1_533' title='bbox 2341 3415 2598 3484; x_wconf 82' lang='lat' dir='ltr'><strong>vitasque</strong></span> <span class='ocrx_word' id='word_1_534' title='bbox 2653 3429 2787 3470; x_wconf 87' lang='lat' dir='ltr'><strong>suas</strong></span> <span class='ocrx_word' id='word_1_535' title='bbox 2838 3415 3106 3485; x_wconf 70' lang='lat' dir='ltr'><strong>praecipiti</strong></span> <span class='ocrx_word' id='word_1_536' title='bbox 3139 3431 3208 3471; x_wconf 89' lang='lat' dir='ltr'><strong>eo</strong></span> <span class='ocrx_word' id='word_1_537' title='bbox 3244 3418 3390 3472; x_wconf 81' lang='lat' dir='ltr'><strong>facto</strong></span> <span class='ocrx_word' id='word_1_538' title='bbox 3421 3436 3559 3473; x_wconf 84' lang='lat' dir='ltr'><strong>con-</strong></span> 
     </span>
    </p>
   </div>
   <div class='ocr_carea' id='block_1_76' title="bbox 1958 3506 3556 3578">
    <p class='ocr_par' dir='ltr' id='par_1_76' title="bbox 1958 3506 3556 3578">
     <span class='ocr_line' id='line_1_76' title="bbox 1958 3506 3556 3578; baseline 0.001 -16"><span class='ocrx_word' id='word_1_539' title='bbox 1958 3507 2241 3578; x_wconf 74' lang='lat' dir='ltr'><strong>iecissent,</strong></span> <span class='ocrx_word' id='word_1_540' title='bbox 2280 3521 2380 3563; x_wconf 86' lang='lat' dir='ltr'><strong>eos</strong></span> <span class='ocrx_word' id='word_1_541' title='bbox 2409 3509 2504 3577; x_wconf 86' lang='lat' dir='ltr'><strong>qui</strong></span> <span class='ocrx_word' id='word_1_542' title='bbox 2537 3506 2916 3573; x_wconf 83' lang='lat' dir='ltr'><strong>occasionem,</strong></span> <span class='ocrx_word' id='word_1_543' title='bbox 2952 3506 3225 3563; x_wconf 89' lang='lat' dir='ltr'><strong>irritando</strong></span> <span class='ocrx_word' id='word_1_544' title='bbox 3254 3524 3408 3574; x_wconf 83' lang='lat' dir='ltr'><strong>suos,</strong></span> <span class='ocrx_word' id='word_1_545' title='bbox 3466 3511 3556 3564; x_wconf 83' lang='lat' dir='ltr'><strong>in-</strong></span> 
     </span>
    </p>
   </div>
   <div class='ocr_carea' id='block_1_77' title="bbox 1961 3598 3555 3669">
    <p class='ocr_par' dir='ltr' id='par_1_77' title="bbox 1961 3598 3555 3669">
     <span class='ocr_line' id='line_1_77' title="bbox 1961 3598 3555 3669; baseline 0.001 -16"><span class='ocrx_word' id='word_1_546' title='bbox 1961 3598 2089 3653; x_wconf 84' lang='lat' dir='ltr'><strong>viso</strong></span> <span class='ocrx_word' id='word_1_547' title='bbox 2122 3606 2528 3669; x_wconf 81' lang='lat' dir='ltr'><strong>exsecratoque</strong></span> <span class='ocrx_word' id='word_1_548' title='bbox 2560 3599 2699 3668; x_wconf 90' lang='lat' dir='ltr'><strong>ipsis</strong></span> <span class='ocrx_word' id='word_1_549' title='bbox 2727 3598 2962 3654; x_wconf 80' lang='lat' dir='ltr'><strong>facinori</strong></span> <span class='ocrx_word' id='word_1_550' title='bbox 2997 3601 3391 3669; x_wconf 75' lang='lat' dir='ltr'><strong>praebuissent,</strong></span> <span class='ocrx_word' id='word_1_551' title='bbox 3430 3617 3555 3656; x_wconf 90' lang='lat' dir='ltr'><strong>cum</strong></span> 
     </span>
    </p>
   </div>
   <div class='ocr_carea' id='block_1_78' title="bbox 1963 3687 3558 3761">
    <p class='ocr_par' dir='ltr' id='par_1_78' title="bbox 1963 3687 3558 3761">
     <span class='ocr_line' id='line_1_78' title="bbox 1963 3687 3558 3761; baseline 0.002 -17"><span class='ocrx_word' id='word_1_552' title='bbox 1963 3687 2199 3744; x_wconf 86' lang='lat' dir='ltr'><strong>sollicita</strong></span> <span class='ocrx_word' id='word_1_553' title='bbox 2257 3688 2342 3744; x_wconf 88' lang='lat' dir='ltr'><strong>sui</strong></span> <span class='ocrx_word' id='word_1_554' title='bbox 2395 3689 2780 3757; x_wconf 78' lang='lat' dir='ltr'><strong>excusatione,</strong></span> <span class='ocrx_word' id='word_1_555' title='bbox 2814 3691 2964 3761; x_wconf 90' lang='lat' dir='ltr'><strong>apud</strong></span> <span class='ocrx_word' id='word_1_556' title='bbox 2996 3691 3282 3748; x_wconf 82' lang='lat' dir='ltr'><strong>Romanos</strong></span> <span class='ocrx_word' id='word_1_557' title='bbox 3321 3707 3558 3749; x_wconf 87' lang='lat' dir='ltr'><strong>accusa-</strong></span> 
     </span>
    </p>
   </div>
   <div class='ocr_carea' id='block_1_79' title="bbox 1964 3780 3559 3854">
    <p class='ocr_par' dir='ltr' id='par_1_79' title="bbox 1964 3780 3559 3854">
     <span class='ocr_line' id='line_1_79' title="bbox 1964 3780 3559 3854; baseline 0.002 -17"><span class='ocrx_word' id='word_1_558' title='bbox 1964 3780 2117 3846; x_wconf 87' lang='lat' dir='ltr'><strong>bant,</strong></span> <span class='ocrx_word' id='word_1_559' title='bbox 2146 3781 2455 3851; x_wconf 89' lang='lat' dir='ltr'><strong>deducique</strong></span> <span class='ocrx_word' id='word_1_560' title='bbox 2508 3780 2574 3835; x_wconf 88' lang='lat' dir='ltr'><strong>ad</strong></span> <span class='ocrx_word' id='word_1_561' title='bbox 2610 3781 3028 3852; x_wconf 81' lang='lat' dir='ltr'><strong>imperatorem,</strong></span> <span class='ocrx_word' id='word_1_562' title='bbox 3063 3786 3360 3854; x_wconf 89' lang='lat' dir='ltr'><strong>audirique</strong></span> <span class='ocrx_word' id='word_1_563' title='bbox 3393 3786 3464 3841; x_wconf 87' lang='lat' dir='ltr'><strong>ab</strong></span> <span class='ocrx_word' id='word_1_564' title='bbox 3490 3801 3559 3842; x_wconf 87' lang='lat' dir='ltr'><strong>eo</strong></span> 
     </span>
    </p>
   </div>
   <div class='ocr_carea' id='block_1_80' title="bbox 1962 3874 3559 3948">
    <p class='ocr_par' dir='ltr' id='par_1_80' title="bbox 1962 3874 3559 3948">
     <span class='ocr_line' id='line_1_80' title="bbox 1962 3874 3559 3948; baseline 0.002 -18"><span class='ocrx_word' id='word_1_565' title='bbox 1962 3874 2095 3930; x_wconf 89' lang='lat' dir='ltr'><strong>dum</strong></span> <span class='ocrx_word' id='word_1_566' title='bbox 2129 3874 2277 3929; x_wconf 88' lang='lat' dir='ltr'><strong>illata</strong></span> <span class='ocrx_word' id='word_1_567' title='bbox 2333 3882 2637 3944; x_wconf 79' lang='lat' dir='ltr'><strong>purgarent</strong></span> <span class='ocrx_word' id='word_1_568' title='bbox 2693 3875 2954 3939; x_wconf 86' lang='lat' dir='ltr'><strong>crimina,</strong></span> <span class='ocrx_word' id='word_1_569' title='bbox 3017 3880 3366 3948; x_wconf 69' lang='lat' dir='ltr'><strong>quaerebant.</strong></span> <span class='ocrx_word' id='word_1_570' title='bbox 3432 3880 3559 3934; x_wconf 59' lang='lat' dir='ltr'><strong>lltee</strong></span> 
     </span>
    </p>
   </div>
   <div class='ocr_carea' id='block_1_81' title="bbox 1963 3968 3556 4041">
    <p class='ocr_par' dir='ltr' id='par_1_81' title="bbox 1963 3968 3556 4041">
     <span class='ocr_line' id='line_1_81' title="bbox 1963 3968 3556 4041; baseline 0.003 -18"><span class='ocrx_word' id='word_1_571' title='bbox 1963 3977 2025 4023; x_wconf 85' lang='lat' dir='ltr'><strong>ut</strong></span> <span class='ocrx_word' id='word_1_572' title='bbox 2058 3969 2141 4024; x_wconf 88' lang='lat' dir='ltr'><strong>sic</strong></span> <span class='ocrx_word' id='word_1_573' title='bbox 2186 3968 2355 4023; x_wconf 80' lang='lat' dir='ltr'><strong>anxie</strong></span> <span class='ocrx_word' id='word_1_574' title='bbox 2404 3977 2634 4037; x_wconf 83' lang='lat' dir='ltr'><strong>agerent</strong></span> <span class='ocrx_word' id='word_1_575' title='bbox 2666 3984 2835 4024; x_wconf 89' lang='lat' dir='ltr'><strong>causa</strong></span> <span class='ocrx_word' id='word_1_576' title='bbox 2876 3971 3013 4041; x_wconf 84' lang='lat' dir='ltr'><strong>ipsis</strong></span> <span class='ocrx_word' id='word_1_577' title='bbox 3052 3980 3173 4026; x_wconf 90' lang='lat' dir='ltr'><strong>erat</strong></span> <span class='ocrx_word' id='word_1_578' title='bbox 3227 3973 3556 4041; x_wconf 74' lang='lat' dir='ltr'><strong>gravissima</strong></span> 
     </span>
    </p>
   </div>
   <div class='ocr_carea' id='block_1_82' title="bbox 1962 4060 3556 4123">
    <p class='ocr_par' dir='ltr' id='par_1_82' title="bbox 1962 4060 3556 4123">
     <span class='ocr_line' id='line_1_82' title="bbox 1962 4060 3556 4123; baseline 0 -6"><span class='ocrx_word' id='word_1_579' title='bbox 1962 4060 2225 4123; x_wconf 81' lang='lat' dir='ltr'><strong>formido,</strong></span> <span class='ocrx_word' id='word_1_580' title='bbox 2258 4076 2329 4117; x_wconf 90' lang='lat' dir='ltr'><strong>ne</strong></span> <span class='ocrx_word' id='word_1_581' title='bbox 2359 4062 2464 4117; x_wconf 82' lang='lat' dir='ltr'><strong>hoc</strong></span> <span class='ocrx_word' id='word_1_582' title='bbox 2507 4061 2617 4119; x_wconf 88' lang='lat' dir='ltr'><strong>illis</strong></span> <span class='ocrx_word' id='word_1_583' title='bbox 2661 4061 2882 4118; x_wconf 88' lang='lat' dir='ltr'><strong>initium</strong></span> <span class='ocrx_word' id='word_1_584' title='bbox 2939 4063 3248 4120; x_wconf 82' lang='lat' dir='ltr'><strong>exitialium</strong></span> <span class='ocrx_word' id='word_1_585' title='bbox 3283 4066 3556 4121; x_wconf 87' lang='lat' dir='ltr'><strong>malotum</strong></span> 
     </span>
    </p>
   </div>
   <div class='ocr_carea' id='block_1_83' title="bbox 1957 4153 3560 4228">
    <p class='ocr_par' dir='ltr' id='par_1_83' title="bbox 1957 4153 3560 4228">
     <span class='ocr_line' id='line_1_83' title="bbox 1957 4153 3560 4228; baseline 0.002 -18"><span class='ocrx_word' id='word_1_586' title='bbox 1957 4154 2122 4223; x_wconf 80' lang='lat' dir='ltr'><strong>foret,</strong></span> <span class='ocrx_word' id='word_1_587' title='bbox 2147 4154 2340 4223; x_wconf 86' lang='lat' dir='ltr'><strong>utique</strong></span> <span class='ocrx_word' id='word_1_588' title='bbox 2366 4154 2421 4209; x_wconf 91' lang='lat' dir='ltr'><strong>in</strong></span> <span class='ocrx_word' id='word_1_589' title='bbox 2454 4155 2633 4210; x_wconf 88' lang='lat' dir='ltr'><strong>media</strong></span> <span class='ocrx_word' id='word_1_590' title='bbox 2665 4153 3070 4223; x_wconf 77' lang='lat' dir='ltr'><strong>Romanorum,</strong></span> <span class='ocrx_word' id='word_1_591' title='bbox 3099 4173 3240 4228; x_wconf 89' lang='lat' dir='ltr'><strong>quos</strong></span> <span class='ocrx_word' id='word_1_592' title='bbox 3270 4168 3378 4213; x_wconf 90' lang='lat' dir='ltr'><strong>tam</strong></span> <span class='ocrx_word' id='word_1_593' title='bbox 3408 4170 3560 4214; x_wconf 84' lang='lat' dir='ltr'><strong>atro-</strong></span> 
     </span>
    </p>
   </div>
   <div class='ocr_carea' id='block_1_84' title="bbox 1959 4247 3549 4317">
    <p class='ocr_par' dir='ltr' id='par_1_84' title="bbox 1959 4247 3549 4317">
     <span class='ocr_line' id='line_1_84' title="bbox 1959 4247 3549 4317; baseline 0.001 -13"><span class='ocrx_word' id='word_1_594' title='bbox 1959 4250 2098 4305; x_wconf 90' lang='lat' dir='ltr'><strong>citer</strong></span> <span class='ocrx_word' id='word_1_595' title='bbox 2130 4249 2427 4313; x_wconf 73' lang='lat' dir='ltr'><strong>laesissent,</strong></span> <span class='ocrx_word' id='word_1_596' title='bbox 2461 4248 2672 4302; x_wconf 88' lang='lat' dir='ltr'><strong>ditione</strong></span> <span class='ocrx_word' id='word_1_597' title='bbox 2698 4247 3083 4317; x_wconf 83' lang='lat' dir='ltr'><strong>deprehensis.</strong></span> <span class='ocrx_word' id='word_1_598' title='bbox 3120 4251 3354 4305; x_wconf 79' lang='lat' dir='ltr'><strong>Subibat</strong></span> <span class='ocrx_word' id='word_1_599' title='bbox 3379 4252 3549 4306; x_wconf 87' lang='lat' dir='ltr'><strong>etiam</strong></span> 
     </span>
    </p>
   </div>
   <div class='ocr_carea' id='block_1_85' title="bbox 1958 4340 3551 4417">
    <p class='ocr_par' dir='ltr' id='par_1_85' title="bbox 1958 4340 3551 4417">
     <span class='ocr_line' id='line_1_85' title="bbox 1958 4340 3551 4417; baseline 0.004 -21"><span class='ocrx_word' id='word_1_600' title='bbox 1958 4340 2295 4396; x_wconf 77' lang='lat' dir='ltr'><strong>verecundia</strong></span> <span class='ocrx_word' id='word_1_601' title='bbox 2335 4356 2403 4396; x_wconf 73' lang='lat' dir='ltr'><strong>ex</strong></span> <span class='ocrx_word' id='word_1_602' title='bbox 2432 4343 2699 4397; x_wconf 88' lang='lat' dir='ltr'><strong>memoria</strong></span> <span class='ocrx_word' id='word_1_603' title='bbox 2733 4343 3036 4414; x_wconf 82' lang='lat' dir='ltr'><strong>insignium</strong></span> <span class='ocrx_word' id='word_1_604' title='bbox 3073 4348 3129 4400; x_wconf 91' lang='lat' dir='ltr'><strong>in</strong></span> <span class='ocrx_word' id='word_1_605' title='bbox 3182 4345 3333 4417; x_wconf 85' lang='lat' dir='ltr'><strong>ipsos</strong></span> <span class='ocrx_word' id='word_1_606' title='bbox 3376 4347 3551 4403; x_wconf 88' lang='lat' dir='ltr'><strong>bene-</strong></span> 
     </span>
    </p>
   </div>
   <div class='ocr_carea' id='block_1_86' title="bbox 1962 4435 3552 4509">
    <p class='ocr_par' dir='ltr' id='par_1_86' title="bbox 1962 4435 3552 4509">
     <span class='ocr_line' id='line_1_86' title="bbox 1962 4435 3552 4509; baseline 0.002 -20"><span class='ocrx_word' id='word_1_607' title='bbox 1962 4435 2209 4490; x_wconf 86' lang='lat' dir='ltr'><strong>liciorum</strong></span> <span class='ocrx_word' id='word_1_608' title='bbox 2259 4435 2538 4504; x_wconf 77' lang='lat' dir='ltr'><strong>Augusti;</strong></span> <span class='ocrx_word' id='word_1_609' title='bbox 2572 4436 2665 4504; x_wconf 90' lang='lat' dir='ltr'><strong>qui</strong></span> <span class='ocrx_word' id='word_1_610' title='bbox 2701 4451 2828 4492; x_wconf 89' lang='lat' dir='ltr'><strong>cum</strong></span> <span class='ocrx_word' id='word_1_611' title='bbox 2869 4453 2966 4494; x_wconf 88' lang='lat' dir='ltr'><strong>eos</strong></span> <span class='ocrx_word' id='word_1_612' title='bbox 3001 4439 3246 4509; x_wconf 78' lang='lat' dir='ltr'><strong>gratuita</strong></span> <span class='ocrx_word' id='word_1_613' title='bbox 3307 4440 3552 4494; x_wconf 86' lang='lat' dir='ltr'><strong>benevo-</strong></span> 
     </span>
    </p>
   </div>
   <div class='ocr_carea' id='block_1_87' title="bbox 261 4515 1851 4600">
    <p class='ocr_par' dir='ltr' id='par_1_87' title="bbox 261 4515 1851 4580">
     <span class='ocr_line' id='line_1_87' title="bbox 261 4515 1851 4580; baseline -0.003 -9"><span class='ocrx_word' id='word_1_614' title='bbox 261 4529 503 4571; x_wconf 85' lang='lat' dir='ltr'><strong>tractum</strong></span> <span class='ocrx_word' id='word_1_615' title='bbox 553 4527 661 4579; x_wconf 88' lang='lat' dir='ltr'><strong>est,</strong></span> <span class='ocrx_word' id='word_1_616' title='bbox 716 4516 1131 4570; x_wconf 62' lang='lat' dir='ltr'><strong>velitationibus</strong></span> <span class='ocrx_word' id='word_1_617' title='bbox 1169 4515 1348 4580; x_wconf 84' lang='lat' dir='ltr'><strong>primo</strong></span> <span class='ocrx_word' id='word_1_618' title='bbox 1385 4515 1642 4579; x_wconf 85' lang='lat' dir='ltr'><strong>libatum,</strong></span> <span class='ocrx_word' id='word_1_619' title='bbox 1674 4522 1729 4570; x_wconf 86' lang='lat' dir='ltr'><strong>et</strong></span> <span class='ocrx_word' id='word_1_620' title='bbox 1764 4528 1851 4569; x_wconf 88' lang='lat' dir='ltr'><strong>sa-</strong></span> 
     </span>
    </p>
   </div>
   <div class='ocr_carea' id='block_1_88' title="bbox 1959 4515 3561 4600">
    <p class='ocr_par' dir='ltr' id='par_1_88' title="bbox 1963 4527 3561 4600">
     <span class='ocr_line' id='line_1_88' title="bbox 1963 4527 3561 4600; baseline 0.004 -18"><span class='ocrx_word' id='word_1_621' title='bbox 1963 4528 2134 4582; x_wconf 88' lang='lat' dir='ltr'><strong>lentia</strong></span> <span class='ocrx_word' id='word_1_622' title='bbox 2183 4527 2570 4585; x_wconf 83' lang='lat' dir='ltr'><strong>liberalissime</strong></span> <span class='ocrx_word' id='word_1_623' title='bbox 2618 4531 2931 4600; x_wconf 82' lang='lat' dir='ltr'><strong>excepisset</strong></span> <span class='ocrx_word' id='word_1_624' title='bbox 2984 4547 3049 4587; x_wconf 88' lang='lat' dir='ltr'><strong>ac</strong></span> <span class='ocrx_word' id='word_1_625' title='bbox 3103 4542 3399 4589; x_wconf 87' lang='lat' dir='ltr'><strong>tractasset</strong></span> <span class='ocrx_word' id='word_1_626' title='bbox 3457 4533 3561 4588; x_wconf 68' lang='grc' dir='ltr'>Ιιυα</span> 
     </span>
    </p>
   </div>
   <div class='ocr_carea' id='block_1_89' title="bbox 261 4607 1855 4679">
    <p class='ocr_par' dir='ltr' id='par_1_89' title="bbox 261 4607 1855 4679">
     <span class='ocr_line' id='line_1_89' title="bbox 261 4607 1855 4679; baseline 0.001 -16"><span class='ocrx_word' id='word_1_627' title='bbox 261 4613 535 4665; x_wconf 73' lang='lat' dir='ltr'><strong>ris-sarum</strong></span> <span class='ocrx_word' id='word_1_628' title='bbox 588 4611 806 4665; x_wconf 89' lang='lat' dir='ltr'><strong>eminus</strong></span> <span class='ocrx_word' id='word_1_629' title='bbox 856 4610 1141 4663; x_wconf 88' lang='lat' dir='ltr'><strong>contrario</strong></span> <span class='ocrx_word' id='word_1_630' title='bbox 1176 4608 1307 4664; x_wconf 88' lang='lat' dir='ltr'><strong>hinc</strong></span> <span class='ocrx_word' id='word_1_631' title='bbox 1342 4608 1470 4663; x_wconf 90' lang='lat' dir='ltr'><strong>inde</strong></span> <span class='ocrx_word' id='word_1_632' title='bbox 1499 4608 1679 4679; x_wconf 86' lang='lat' dir='ltr'><strong>jactu.</strong></span> <span class='ocrx_word' id='word_1_633' title='bbox 1723 4607 1855 4664; x_wconf 70' lang='lat' dir='ltr'><strong>llaec</strong></span> 
     </span>
    </p>
   </div>
   <div class='ocr_carea' id='block_1_90' title="bbox 262 4702 1849 4772">
    <p class='ocr_par' dir='ltr' id='par_1_90' title="bbox 262 4702 1849 4772">
     <span class='ocr_line' id='line_1_90' title="bbox 262 4702 1849 4772; baseline 0 -14"><span class='ocrx_word' id='word_1_634' title='bbox 262 4705 463 4769; x_wconf 77' lang='lat' dir='ltr'><strong>videns</strong></span> <span class='ocrx_word' id='word_1_635' title='bbox 513 4718 744 4772; x_wconf 81' lang='lat' dir='ltr'><strong>magnus</strong></span> <span class='ocrx_word' id='word_1_636' title='bbox 788 4703 1149 4765; x_wconf 75' lang='lat' dir='ltr'><strong>domesticus,</strong></span> <span class='ocrx_word' id='word_1_637' title='bbox 1180 4712 1230 4757; x_wconf 87' lang='lat' dir='ltr'><strong>et</strong></span> <span class='ocrx_word' id='word_1_638' title='bbox 1292 4702 1680 4758; x_wconf 86' lang='lat' dir='ltr'><strong>tractationem</strong></span> <span class='ocrx_word' id='word_1_639' title='bbox 1717 4717 1849 4758; x_wconf 89' lang='lat' dir='ltr'><strong>cum</strong></span> 
     </span>
    </p>
   </div>
   <div class='ocr_carea' id='block_1_91' title="bbox 260 4796 1857 4867">
    <p class='ocr_par' dir='ltr' id='par_1_91' title="bbox 260 4796 1857 4867">
     <span class='ocr_line' id='line_1_91' title="bbox 260 4796 1857 4867; baseline -0.001 -16"><span class='ocrx_word' id='word_1_640' title='bbox 260 4800 542 4852; x_wconf 81' lang='lat' dir='ltr'><strong>hactenus</strong></span> <span class='ocrx_word' id='word_1_641' title='bbox 620 4796 862 4850; x_wconf 77' lang='lat' dir='ltr'><strong>subditis</strong></span> <span class='ocrx_word' id='word_1_642' title='bbox 928 4798 1282 4867; x_wconf 80' lang='lat' dir='ltr'><strong>tranquillam</strong></span> <span class='ocrx_word' id='word_1_643' title='bbox 1375 4800 1718 4866; x_wconf 88' lang='lat' dir='ltr'><strong>processisse</strong></span> <span class='ocrx_word' id='word_1_644' title='bbox 1770 4798 1857 4852; x_wconf 81' lang='lat' dir='ltr'><strong>in-</strong></span> 
     </span>
    </p>
   </div>
   <div class='ocr_carea' id='block_1_92' title="bbox 260 4890 1853 4961">
    <p class='ocr_par' dir='ltr' id='par_1_92' title="bbox 260 4890 1853 4961">
     <span class='ocr_line' id='line_1_92' title="bbox 260 4890 1853 4961; baseline 0.001 -17"><span class='ocrx_word' id='word_1_645' title='bbox 260 4893 523 4961; x_wconf 74' lang='lat' dir='ltr'><strong>tebigcns</strong></span> <span class='ocrx_word' id='word_1_646' title='bbox 571 4905 746 4960; x_wconf 89' lang='lat' dir='ltr'><strong>usque</strong></span> <span class='ocrx_word' id='word_1_647' title='bbox 808 4890 862 4943; x_wconf 89' lang='lat' dir='ltr'><strong>in</strong></span> <span class='ocrx_word' id='word_1_648' title='bbox 918 4891 1331 4944; x_wconf 88' lang='lat' dir='ltr'><strong>contentionem</strong></span> <span class='ocrx_word' id='word_1_649' title='bbox 1401 4890 1640 4945; x_wconf 91' lang='lat' dir='ltr'><strong>invicem</strong></span> <span class='ocrx_word' id='word_1_650' title='bbox 1702 4890 1853 4946; x_wconf 80' lang='lat' dir='ltr'><strong>infe-</strong></span> 
     </span>
    </p>
   </div>
   <div class='ocr_carea' id='block_1_93' title="bbox 261 4983 1860 5052">
    <p class='ocr_par' dir='ltr' id='par_1_93' title="bbox 261 4983 1860 5052">
     <span class='ocr_line' id='line_1_93' title="bbox 261 4983 1860 5052; baseline -0.002 -11"><span class='ocrx_word' id='word_1_651' title='bbox 261 4994 437 5048; x_wconf 85' lang='lat' dir='ltr'><strong>stam,</strong></span> <span class='ocrx_word' id='word_1_652' title='bbox 478 4983 614 5037; x_wconf 89' lang='lat' dir='ltr'><strong>nibil</strong></span> <span class='ocrx_word' id='word_1_653' title='bbox 639 4984 756 5052; x_wconf 89' lang='lat' dir='ltr'><strong>jam</strong></span> <span class='ocrx_word' id='word_1_654' title='bbox 790 4984 977 5037; x_wconf 90' lang='lat' dir='ltr'><strong>minus</strong></span> <span class='ocrx_word' id='word_1_655' title='bbox 1005 5001 1034 5036; x_wconf 88' lang='lat' dir='ltr'><strong>a</strong></span> <span class='ocrx_word' id='word_1_656' title='bbox 1090 4997 1219 5037; x_wconf 82' lang='lat' dir='ltr'><strong>vero</strong></span> <span class='ocrx_word' id='word_1_657' title='bbox 1253 4983 1440 5038; x_wconf 81' lang='lat' dir='ltr'><strong>hostili</strong></span> <span class='ocrx_word' id='word_1_658' title='bbox 1487 4984 1860 5039; x_wconf 77' lang='lat' dir='ltr'><strong>discidio-lia-</strong></span> 
     </span>
    </p>
   </div>
   <div class='ocr_carea' id='block_1_94' title="bbox 263 5076 1857 5147">
    <p class='ocr_par' dir='ltr' id='par_1_94' title="bbox 263 5076 1857 5147">
     <span class='ocr_line' id='line_1_94' title="bbox 263 5076 1857 5147; baseline 0.001 -15"><span class='ocrx_word' id='word_1_659' title='bbox 263 5081 516 5139; x_wconf 90' lang='lat' dir='ltr'><strong>bentem,</strong></span> <span class='ocrx_word' id='word_1_660' title='bbox 540 5076 933 5130; x_wconf 86' lang='lat' dir='ltr'><strong>contumeliam</strong></span> <span class='ocrx_word' id='word_1_661' title='bbox 972 5076 1366 5145; x_wconf 83' lang='lat' dir='ltr'><strong>interpretatus</strong></span> <span class='ocrx_word' id='word_1_662' title='bbox 1394 5076 1676 5146; x_wconf 87' lang='lat' dir='ltr'><strong>propriam</strong></span> <span class='ocrx_word' id='word_1_663' title='bbox 1707 5077 1857 5147; x_wconf 87' lang='lat' dir='ltr'><strong>quod</strong></span> 
     </span>
    </p>
   </div>
   <div class='ocr_carea' id='block_1_95' title="bbox 264 5168 1858 5240">
    <p class='ocr_par' dir='ltr' id='par_1_95' title="bbox 264 5168 1858 5240">
     <span class='ocr_line' id='line_1_95' title="bbox 264 5168 1858 5240; baseline 0.001 -16"><span class='ocrx_word' id='word_1_664' title='bbox 264 5185 327 5224; x_wconf 88' lang='lat' dir='ltr'><strong>se</strong></span> <span class='ocrx_word' id='word_1_665' title='bbox 367 5183 581 5233; x_wconf 89' lang='lat' dir='ltr'><strong>coram,</strong></span> <span class='ocrx_word' id='word_1_666' title='bbox 636 5170 786 5223; x_wconf 86' lang='lat' dir='ltr'><strong>vices</strong></span> <span class='ocrx_word' id='word_1_667' title='bbox 843 5168 955 5221; x_wconf 89' lang='lat' dir='ltr'><strong>illic</strong></span> <span class='ocrx_word' id='word_1_668' title='bbox 1013 5168 1369 5238; x_wconf 89' lang='lat' dir='ltr'><strong>imperatoris</strong></span> <span class='ocrx_word' id='word_1_669' title='bbox 1425 5178 1672 5240; x_wconf 79' lang='lat' dir='ltr'><strong>gerente,</strong></span> <span class='ocrx_word' id='word_1_670' title='bbox 1706 5180 1858 5226; x_wconf 88' lang='lat' dir='ltr'><strong>tanta</strong></span> 
     </span>
    </p>
   </div>
   <div class='ocr_carea' id='block_1_96' title="bbox 265 5261 1859 5331">
    <p class='ocr_par' dir='ltr' id='par_1_96' title="bbox 265 5261 1859 5331">
     <span class='ocr_line' id='line_1_96' title="bbox 265 5261 1859 5331; baseline -0.001 -13"><span class='ocrx_word' id='word_1_671' title='bbox 265 5266 435 5318; x_wconf 89' lang='lat' dir='ltr'><strong>etiam</strong></span> <span class='ocrx_word' id='word_1_672' title='bbox 491 5262 717 5316; x_wconf 88' lang='lat' dir='ltr'><strong>aliunde</strong></span> <span class='ocrx_word' id='word_1_673' title='bbox 779 5261 1051 5330; x_wconf 61' lang='lat' dir='ltr'><strong>dignitate</strong></span> <span class='ocrx_word' id='word_1_674' title='bbox 1119 5262 1449 5331; x_wconf 84' lang='lat' dir='ltr'><strong>conspicuo,</strong></span> <span class='ocrx_word' id='word_1_675' title='bbox 1514 5261 1635 5317; x_wconf 89' lang='lat' dir='ltr'><strong>ausi</strong></span> <span class='ocrx_word' id='word_1_676' title='bbox 1696 5262 1859 5317; x_wconf 84' lang='lat' dir='ltr'><strong>Alani</strong></span> 
     </span>
    </p>
   </div>
   <div class='ocr_carea' id='block_1_97' title="bbox 265 5353 1855 5426">
    <p class='ocr_par' dir='ltr' id='par_1_97' title="bbox 265 5353 1855 5426">
     <span class='ocr_line' id='line_1_97' title="bbox 265 5353 1855 5426; baseline 0 -17"><span class='ocrx_word' id='word_1_677' title='bbox 265 5363 459 5409; x_wconf 89' lang='lat' dir='ltr'><strong>essent</strong></span> <span class='ocrx_word' id='word_1_678' title='bbox 516 5369 624 5408; x_wconf 90' lang='lat' dir='ltr'><strong>non</strong></span> <span class='ocrx_word' id='word_1_679' title='bbox 686 5358 852 5407; x_wconf 89' lang='lat' dir='ltr'><strong>tnodo</strong></span> <span class='ocrx_word' id='word_1_680' title='bbox 888 5353 1202 5408; x_wconf 89' lang='lat' dir='ltr'><strong>detrectare</strong></span> <span class='ocrx_word' id='word_1_681' title='bbox 1257 5353 1552 5423; x_wconf 86' lang='lat' dir='ltr'><strong>imperium</strong></span> <span class='ocrx_word' id='word_1_682' title='bbox 1591 5355 1855 5426; x_wconf 79' lang='lat' dir='ltr'><strong>Augusti,</strong></span> 
     </span>
    </p>
   </div>
   <div class='ocr_carea' id='block_1_98' title="bbox 266 5446 1859 5517">
    <p class='ocr_par' dir='ltr' id='par_1_98' title="bbox 266 5446 1859 5517">
     <span class='ocr_line' id='line_1_98' title="bbox 266 5446 1859 5517; baseline 0.001 -14"><span class='ocrx_word' id='word_1_683' title='bbox 266 5447 363 5504; x_wconf 79' lang='lat' dir='ltr'><strong>sed</strong></span> <span class='ocrx_word' id='word_1_684' title='bbox 415 5456 471 5502; x_wconf 87' lang='lat' dir='ltr'><strong>et</strong></span> <span class='ocrx_word' id='word_1_685' title='bbox 523 5446 867 5517; x_wconf 83' lang='lat' dir='ltr'><strong>repugnandi</strong></span> <span class='ocrx_word' id='word_1_686' title='bbox 931 5455 1193 5500; x_wconf 90' lang='lat' dir='ltr'><strong>conatum</strong></span> <span class='ocrx_word' id='word_1_687' title='bbox 1256 5448 1673 5517; x_wconf 82' lang='lat' dir='ltr'><strong>expedivissent</strong></span> <span class='ocrx_word' id='word_1_688' title='bbox 1734 5451 1859 5507; x_wconf 89' lang='lat' dir='ltr'><strong>telis</strong></span> 
     </span>
    </p>
   </div>
   <div class='ocr_carea' id='block_1_99' title="bbox 267 5537 1860 5611">
    <p class='ocr_par' dir='ltr' id='par_1_99' title="bbox 267 5537 1860 5611">
     <span class='ocr_line' id='line_1_99' title="bbox 267 5537 1860 5611; baseline 0.003 -19"><span class='ocrx_word' id='word_1_689' title='bbox 267 5540 448 5607; x_wconf 83' lang='lat' dir='ltr'><strong>palam</strong></span> <span class='ocrx_word' id='word_1_690' title='bbox 482 5537 893 5608; x_wconf 85' lang='lat' dir='ltr'><strong>intorquendis,</strong></span> <span class='ocrx_word' id='word_1_691' title='bbox 917 5538 1189 5607; x_wconf 80' lang='lat' dir='ltr'><strong>galeatus,</strong></span> <span class='ocrx_word' id='word_1_692' title='bbox 1229 5548 1286 5591; x_wconf 79' lang='grc' dir='ltr'><strong>ιιι</strong></span> <span class='ocrx_word' id='word_1_693' title='bbox 1317 5549 1455 5601; x_wconf 84' lang='lat' dir='ltr'><strong>erat,</strong></span> <span class='ocrx_word' id='word_1_694' title='bbox 1483 5540 1860 5611; x_wconf 86' lang='lat' dir='ltr'><strong>loricatusque</strong></span> 
     </span>
    </p>
   </div>
   <div class='ocr_carea' id='block_1_100' title="bbox 267 5631 1859 5704">
    <p class='ocr_par' dir='ltr' id='par_1_100' title="bbox 267 5631 1859 5704">
     <span class='ocr_line' id='line_1_100' title="bbox 267 5631 1859 5704; baseline 0.003 -20"><span class='ocrx_word' id='word_1_695' title='bbox 267 5648 331 5685; x_wconf 81' lang='lat' dir='ltr'><strong>ac</strong></span> <span class='ocrx_word' id='word_1_696' title='bbox 364 5640 591 5685; x_wconf 84' lang='lat' dir='ltr'><strong>contum</strong></span> <span class='ocrx_word' id='word_1_697' title='bbox 647 5646 816 5685; x_wconf 82' lang='lat' dir='ltr'><strong>manu</strong></span> <span class='ocrx_word' id='word_1_698' title='bbox 876 5639 1071 5686; x_wconf 89' lang='lat' dir='ltr'><strong>tenens</strong></span> <span class='ocrx_word' id='word_1_699' title='bbox 1106 5631 1314 5700; x_wconf 78' lang='lat' dir='ltr'><strong>obiecit</strong></span> <span class='ocrx_word' id='word_1_700' title='bbox 1360 5647 1421 5686; x_wconf 86' lang='lat' dir='ltr'><strong>se</strong></span> <span class='ocrx_word' id='word_1_701' title='bbox 1456 5634 1667 5698; x_wconf 84' lang='lat' dir='ltr'><strong>Alanis,</strong></span> <span class='ocrx_word' id='word_1_702' title='bbox 1697 5636 1859 5704; x_wconf 85' lang='lat' dir='ltr'><strong>quasi</strong></span> 
     </span>
    </p>
   </div>
   <div class='ocr_carea' id='block_1_101' title="bbox 267 5724 1861 5795">
    <p class='ocr_par' dir='ltr' id='par_1_101' title="bbox 267 5724 1861 5795">
     <span class='ocr_line' id='line_1_101' title="bbox 267 5724 1861 5795; baseline 0.003 -16"><span class='ocrx_word' id='word_1_703' title='bbox 267 5735 573 5795; x_wconf 84' lang='lat' dir='ltr'><strong>conspectu</strong></span> <span class='ocrx_word' id='word_1_704' title='bbox 625 5740 720 5780; x_wconf 89' lang='lat' dir='ltr'><strong>eos</strong></span> <span class='ocrx_word' id='word_1_705' title='bbox 760 5737 825 5778; x_wconf 93' lang='lat' dir='ltr'><strong>ac</strong></span> <span class='ocrx_word' id='word_1_706' title='bbox 879 5733 1016 5778; x_wconf 90' lang='lat' dir='ltr'><strong>nutu</strong></span> <span class='ocrx_word' id='word_1_707' title='bbox 1072 5724 1192 5780; x_wconf 90' lang='lat' dir='ltr'><strong>solo</strong></span> <span class='ocrx_word' id='word_1_708' title='bbox 1245 5727 1619 5783; x_wconf 86' lang='lat' dir='ltr'><strong>cobibtturus.</strong></span> <span class='ocrx_word' id='word_1_709' title='bbox 1669 5729 1737 5783; x_wconf 84' lang='lat' dir='ltr'><strong>Et</strong></span> <span class='ocrx_word' id='word_1_710' title='bbox 1769 5731 1861 5784; x_wconf 89' lang='lat' dir='ltr'><strong>ille</strong></span> 
     </span>
    </p>
   </div>
   <div class='ocr_carea' id='block_1_102' title="bbox 271 5818 1859 5894">
    <p class='ocr_par' dir='ltr' id='par_1_102' title="bbox 271 5818 1859 5894">
     <span class='ocr_line' id='line_1_102' title="bbox 271 5818 1859 5894; baseline 0.006 -23"><span class='ocrx_word' id='word_1_711' title='bbox 271 5821 492 5891; x_wconf 77' lang='lat' dir='ltr'><strong>quidem</strong></span> <span class='ocrx_word' id='word_1_712' title='bbox 526 5819 608 5873; x_wconf 90' lang='lat' dir='ltr'><strong>sic</strong></span> <span class='ocrx_word' id='word_1_713' title='bbox 640 5833 701 5873; x_wconf 89' lang='lat' dir='ltr'><strong>se</strong></span> <span class='ocrx_word' id='word_1_714' title='bbox 735 5833 973 5888; x_wconf 81' lang='lat' dir='ltr'><strong>pugnam</strong></span> <span class='ocrx_word' id='word_1_715' title='bbox 1008 5818 1417 5889; x_wconf 85' lang='lat' dir='ltr'><strong>dirctnpturum</strong></span> <span class='ocrx_word' id='word_1_716' title='bbox 1452 5821 1638 5876; x_wconf 81' lang='lat' dir='ltr'><strong>animo</strong></span> <span class='ocrx_word' id='word_1_717' title='bbox 1671 5838 1734 5878; x_wconf 88' lang='lat' dir='ltr'><strong>ac</strong></span> <span class='ocrx_word' id='word_1_718' title='bbox 1762 5839 1859 5894; x_wconf 81' lang='lat' dir='ltr'><strong>spe</strong></span> 
     </span>
    </p>
   </div>
   <div class='ocr_carea' id='block_1_103' title="bbox 1966 4621 3554 4697">
    <p class='ocr_par' dir='ltr' id='par_1_103' title="bbox 1966 4621 3554 4697">
     <span class='ocr_line' id='line_1_103' title="bbox 1966 4621 3554 4697; baseline 0.003 -20"><span class='ocrx_word' id='word_1_719' title='bbox 1966 4621 2160 4691; x_wconf 85' lang='lat' dir='ltr'><strong>spites,</strong></span> <span class='ocrx_word' id='word_1_720' title='bbox 2185 4634 2420 4689; x_wconf 84' lang='lat' dir='ltr'><strong>sperans</strong></span> <span class='ocrx_word' id='word_1_721' title='bbox 2471 4633 2721 4677; x_wconf 88' lang='lat' dir='ltr'><strong>mutuam</strong></span> <span class='ocrx_word' id='word_1_722' title='bbox 2781 4625 2852 4679; x_wconf 87' lang='lat' dir='ltr'><strong>ab</strong></span> <span class='ocrx_word' id='word_1_723' title='bbox 2887 4625 2956 4681; x_wconf 90' lang='lat' dir='ltr'><strong>iis</strong></span> <span class='ocrx_word' id='word_1_724' title='bbox 3006 4628 3261 4696; x_wconf 76' lang='lat' dir='ltr'><strong>gratiam.</strong></span> <span class='ocrx_word' id='word_1_725' title='bbox 3291 4630 3393 4697; x_wconf 86' lang='lat' dir='ltr'><strong>ipsi</strong></span> <span class='ocrx_word' id='word_1_726' title='bbox 3445 4642 3554 4682; x_wconf 85' lang='lat' dir='ltr'><strong>tam</strong></span> 
     </span>
    </p>
   </div>
   <div class='ocr_carea' id='block_1_104' title="bbox 1963 4711 3556 4793">
    <p class='ocr_par' dir='ltr' id='par_1_104' title="bbox 1963 4711 3556 4793">
     <span class='ocr_line' id='line_1_104' title="bbox 1963 4711 3556 4793; baseline 0.002 -25"><span class='ocrx_word' id='word_1_727' title='bbox 1963 4711 2302 4783; x_wconf 87' lang='lat' dir='ltr'><strong>inbospitale</strong></span> <span class='ocrx_word' id='word_1_728' title='bbox 2336 4712 2817 4793; x_wconf 83' lang='lat' dir='ltr'><strong>inhumanumque</strong></span> <span class='ocrx_word' id='word_1_729' title='bbox 2838 4718 3022 4772; x_wconf 87' lang='lat' dir='ltr'><strong>scelus</strong></span> <span class='ocrx_word' id='word_1_730' title='bbox 3046 4718 3120 4772; x_wconf 89' lang='lat' dir='ltr'><strong>illi</strong></span> <span class='ocrx_word' id='word_1_731' title='bbox 3148 4729 3556 4788; x_wconf 68' lang='lat' dir='ltr'><strong>reposuisset&quot;,</strong></span> 
     </span>
    </p>
   </div>
   <div class='ocr_carea' id='block_1_105' title="bbox 1965 4805 3559 4878">
    <p class='ocr_par' dir='ltr' id='par_1_105' title="bbox 1965 4805 3559 4878">
     <span class='ocr_line' id='line_1_105' title="bbox 1965 4805 3559 4878; baseline 0.004 -20"><span class='ocrx_word' id='word_1_732' title='bbox 1965 4805 2127 4861; x_wconf 88' lang='lat' dir='ltr'><strong>malis</strong></span> <span class='ocrx_word' id='word_1_733' title='bbox 2160 4805 2307 4861; x_wconf 89' lang='lat' dir='ltr'><strong>bona</strong></span> <span class='ocrx_word' id='word_1_734' title='bbox 2364 4814 2814 4877; x_wconf 80' lang='lat' dir='ltr'><strong>compensantes.</strong></span> <span class='ocrx_word' id='word_1_735' title='bbox 2855 4810 3044 4878; x_wconf 79' lang='lat' dir='ltr'><strong>Itaque</strong></span> <span class='ocrx_word' id='word_1_736' title='bbox 3094 4810 3281 4866; x_wconf 85' lang='lat' dir='ltr'><strong>missis</strong></span> <span class='ocrx_word' id='word_1_737' title='bbox 3331 4813 3398 4865; x_wconf 83' lang='lat' dir='ltr'><strong>atl</strong></span> <span class='ocrx_word' id='word_1_738' title='bbox 3453 4812 3559 4864; x_wconf 81' lang='lat' dir='ltr'><strong>im-</strong></span> 
     </span>
    </p>
   </div>
   <div class='ocr_carea' id='block_1_106' title="bbox 1962 4901 3555 4974">
    <p class='ocr_par' dir='ltr' id='par_1_106' title="bbox 1962 4901 3555 4974">
     <span class='ocr_line' id='line_1_106' title="bbox 1962 4901 3555 4974; baseline 0.004 -23"><span class='ocrx_word' id='word_1_739' title='bbox 1962 4908 2271 4968; x_wconf 86' lang='lat' dir='ltr'><strong>peratorem</strong></span> <span class='ocrx_word' id='word_1_740' title='bbox 2310 4901 2660 4971; x_wconf 87' lang='lat' dir='ltr'><strong>supplicibus</strong></span> <span class='ocrx_word' id='word_1_741' title='bbox 2691 4902 2886 4974; x_wconf 62' lang='lat' dir='ltr'><strong>legatis</strong></span> <span class='ocrx_word' id='word_1_742' title='bbox 2925 4903 3141 4958; x_wconf 82' lang='lat' dir='ltr'><strong>veniam</strong></span> <span class='ocrx_word' id='word_1_743' title='bbox 3174 4907 3555 4974; x_wconf 78' lang='lat' dir='ltr'><strong>deprecaban-</strong></span> 
     </span>
    </p>
   </div>
   <div class='ocr_carea' id='block_1_107' title="bbox 1966 4990 3561 5067">
    <p class='ocr_par' dir='ltr' id='par_1_107' title="bbox 1966 4990 3561 5067">
     <span class='ocr_line' id='line_1_107' title="bbox 1966 4990 3561 5067; baseline 0.003 -23"><span class='ocrx_word' id='word_1_744' title='bbox 1966 4994 2087 5056; x_wconf 79' lang='lat' dir='ltr'><strong>tur,’</strong></span> <span class='ocrx_word' id='word_1_745' title='bbox 2160 4990 2430 5048; x_wconf 86' lang='lat' dir='ltr'><strong>Romanis</strong></span> <span class='ocrx_word' id='word_1_746' title='bbox 2503 4992 2726 5049; x_wconf 88' lang='lat' dir='ltr'><strong>interim</strong></span> <span class='ocrx_word' id='word_1_747' title='bbox 2800 4996 3167 5064; x_wconf 66' lang='lat' dir='ltr'><strong>pmsentibus</strong></span> <span class='ocrx_word' id='word_1_748' title='bbox 3223 5012 3375 5050; x_wconf 89' lang='lat' dir='ltr'><strong>arma</strong></span> <span class='ocrx_word' id='word_1_749' title='bbox 3436 5013 3561 5067; x_wconf 67' lang='lat' dir='ltr'><strong>quae</strong></span> 
     </span>
    </p>
   </div>
   <div class='ocr_carea' id='block_1_108' title="bbox 1964 5083 3558 5160">
    <p class='ocr_par' dir='ltr' id='par_1_108' title="bbox 1964 5083 3558 5160">
     <span class='ocr_line' id='line_1_108' title="bbox 1964 5083 3558 5160; baseline 0.006 -26"><span class='ocrx_word' id='word_1_750' title='bbox 1964 5083 2305 5151; x_wconf 84' lang='lat' dir='ltr'><strong>repetierant</strong></span> <span class='ocrx_word' id='word_1_751' title='bbox 2377 5098 2668 5156; x_wconf 86' lang='lat' dir='ltr'><strong>equosque</strong></span> <span class='ocrx_word' id='word_1_752' title='bbox 2745 5088 3063 5155; x_wconf 77' lang='lat' dir='ltr'><strong>reddentcs,</strong></span> <span class='ocrx_word' id='word_1_753' title='bbox 3120 5090 3558 5160; x_wconf 79' lang='lat' dir='ltr'><strong>exhibentesque</strong></span> 
     </span>
    </p>
   </div>
   <div class='ocr_carea' id='block_1_109' title="bbox 1964 5176 3555 5250">
    <p class='ocr_par' dir='ltr' id='par_1_109' title="bbox 1964 5176 3555 5250">
     <span class='ocr_line' id='line_1_109' title="bbox 1964 5176 3555 5250; baseline 0.003 -18"><span class='ocrx_word' id='word_1_754' title='bbox 1964 5189 2086 5232; x_wconf 78' lang='lat' dir='ltr'><strong>Sese</strong></span> <span class='ocrx_word' id='word_1_755' title='bbox 2121 5176 2422 5231; x_wconf 85' lang='lat' dir='ltr'><strong>miserabili</strong></span> <span class='ocrx_word' id='word_1_756' title='bbox 2455 5181 2641 5247; x_wconf 84' lang='lat' dir='ltr'><strong>specie</strong></span> <span class='ocrx_word' id='word_1_757' title='bbox 2671 5195 2741 5234; x_wconf 80' lang='lat' dir='ltr'><strong>ex</strong></span> <span class='ocrx_word' id='word_1_758' title='bbox 2774 5181 3143 5250; x_wconf 81' lang='lat' dir='ltr'><strong>cataphractis</strong></span> <span class='ocrx_word' id='word_1_759' title='bbox 3176 5185 3438 5246; x_wconf 84' lang='lat' dir='ltr'><strong>inermes,</strong></span> <span class='ocrx_word' id='word_1_760' title='bbox 3488 5199 3555 5238; x_wconf 81' lang='lat' dir='ltr'><strong>ex</strong></span> 
     </span>
    </p>
   </div>
   <div class='ocr_carea' id='block_1_110' title="bbox 1964 5267 3555 5346">
    <p class='ocr_par' dir='ltr' id='par_1_110' title="bbox 1964 5267 3555 5346">
     <span class='ocr_line' id='line_1_110' title="bbox 1964 5267 3555 5346; baseline 0.007 -25"><span class='ocrx_word' id='word_1_761' title='bbox 1964 5267 2249 5336; x_wconf 89' lang='lat' dir='ltr'><strong>equitibus</strong></span> <span class='ocrx_word' id='word_1_762' title='bbox 2306 5271 2539 5337; x_wconf 87' lang='lat' dir='ltr'><strong>pedites,</strong></span> <span class='ocrx_word' id='word_1_763' title='bbox 2589 5276 2772 5342; x_wconf 85' lang='lat' dir='ltr'><strong>quoad</strong></span> <span class='ocrx_word' id='word_1_764' title='bbox 2831 5276 3032 5331; x_wconf 87' lang='lat' dir='ltr'><strong>iterum</strong></span> <span class='ocrx_word' id='word_1_765' title='bbox 3069 5276 3373 5346; x_wconf 86' lang='lat' dir='ltr'><strong>imperator</strong></span> <span class='ocrx_word' id='word_1_766' title='bbox 3405 5278 3555 5345; x_wconf 83' lang='lat' dir='ltr'><strong>ipsos</strong></span> 
     </span>
    </p>
   </div>
   <div class='ocr_carea' id='block_1_111' title="bbox 1966 5362 3550 5438">
    <p class='ocr_par' dir='ltr' id='par_1_111' title="bbox 1966 5362 3550 5438">
     <span class='ocr_line' id='line_1_111' title="bbox 1966 5362 3550 5438; baseline 0.01 -26"><span class='ocrx_word' id='word_1_767' title='bbox 1966 5362 2246 5430; x_wconf 86' lang='lat' dir='ltr'><strong>supplices</strong></span> <span class='ocrx_word' id='word_1_768' title='bbox 2284 5366 2529 5431; x_wconf 78' lang='lat' dir='ltr'><strong>excepit,</strong></span> <span class='ocrx_word' id='word_1_769' title='bbox 2568 5365 2636 5422; x_wconf 92' lang='lat' dir='ltr'><strong>iis</strong></span> <span class='ocrx_word' id='word_1_770' title='bbox 2679 5367 2996 5438; x_wconf 76' lang='lat' dir='ltr'><strong>ignoscetis.</strong></span> <span class='ocrx_word' id='word_1_771' title='bbox 3049 5370 3156 5424; x_wconf 70' lang='lat' dir='ltr'><strong>Sed</strong></span> <span class='ocrx_word' id='word_1_772' title='bbox 3190 5371 3259 5426; x_wconf 85' lang='lat' dir='ltr'><strong>de</strong></span> <span class='ocrx_word' id='word_1_773' title='bbox 3300 5372 3384 5426; x_wconf 82' lang='lat' dir='ltr'><strong>bis</strong></span> <span class='ocrx_word' id='word_1_774' title='bbox 3418 5373 3550 5427; x_wconf 86' lang='lat' dir='ltr'><strong>bac-</strong></span> 
     </span>
    </p>
   </div>
   <div class='ocr_carea' id='block_1_112' title="bbox 1966 5462 2153 5508">
    <p class='ocr_par' dir='ltr' id='par_1_112' title="bbox 1966 5462 2153 5508">
     <span class='ocr_line' id='line_1_112' title="bbox 1966 5462 2153 5508; baseline -0.011 -1"><span class='ocrx_word' id='word_1_775' title='bbox 1966 5462 2153 5508; x_wconf 87' lang='lat' dir='ltr'><strong>tenus.</strong></span> 
     </span>
    </p>
   </div>
   <div class='ocr_carea' id='block_1_113' title="bbox 2073 5544 3452 5617">
    <p class='ocr_par' dir='ltr' id='par_1_113' title="bbox 2073 5544 3452 5617">
     <span class='ocr_line' id='line_1_113' title="bbox 2073 5544 3452 5617; baseline 0.011 -19"><span class='ocrx_word' id='word_1_776' title='bbox 2073 5545 2164 5600; x_wconf 73' lang='lat'><strong>25.</strong></span> <span class='ocrx_word' id='word_1_777' title='bbox 2202 5544 2279 5600; x_wconf 84' lang='lat' dir='ltr'><strong>De</strong></span> <span class='ocrx_word' id='word_1_778' title='bbox 2325 5548 2561 5617; x_wconf 77' lang='lat' dir='ltr'><strong>appulsis</strong></span> <span class='ocrx_word' id='word_1_779' title='bbox 2608 5551 2677 5605; x_wconf 84' lang='lat' dir='ltr'><strong>ad</strong></span> <span class='ocrx_word' id='word_1_780' title='bbox 2714 5553 2899 5609; x_wconf 78' lang='lat' dir='ltr'><strong>urbem</strong></span> <span class='ocrx_word' id='word_1_781' title='bbox 2953 5554 3159 5612; x_wconf 76' lang='lat' dir='ltr'><strong>Venetis</strong></span> <span class='ocrx_word' id='word_1_782' title='bbox 3208 5556 3452 5613; x_wconf 69' lang='lat' dir='ltr'><strong>navibw.</strong></span> 
     </span>
    </p>
   </div>
   <div class='ocr_carea' id='block_1_114' title="bbox 2039 5630 3554 5721">
    <p class='ocr_par' dir='ltr' id='par_1_114' title="bbox 2039 5630 3554 5721">
     <span class='ocr_line' id='line_1_114' title="bbox 2039 5630 3554 5721; baseline 0.009 -30"><span class='ocrx_word' id='word_1_783' title='bbox 2039 5637 2285 5708; x_wconf 83' lang='lat' dir='ltr'><strong>Contigit</strong></span> <span class='ocrx_word' id='word_1_784' title='bbox 2319 5648 2504 5696; x_wconf 79' lang='lat' dir='ltr'><strong>autem</strong></span> <span class='ocrx_word' id='word_1_785' title='bbox 2553 5655 2683 5701; x_wconf 89' lang='lat' dir='ltr'><strong>ante</strong></span> <span class='ocrx_word' id='word_1_786' title='bbox 2743 5630 2859 5703; x_wconf 70' lang='lat' dir='ltr'><strong>haec</strong></span> <span class='ocrx_word' id='word_1_787' title='bbox 2911 5665 3056 5704; x_wconf 83' lang='lat' dir='ltr'><strong>anno</strong></span> <span class='ocrx_word' id='word_1_788' title='bbox 3097 5650 3224 5705; x_wconf 81' lang='lat' dir='ltr'><strong>huic</strong></span> <span class='ocrx_word' id='word_1_789' title='bbox 3254 5651 3554 5721; x_wconf 83' lang='lat' dir='ltr'><strong>superiori,</strong></span> 
     </span>
    </p>
   </div>
   <div class='ocr_carea' id='block_1_115' title="bbox 1967 5729 3558 5811">
    <p class='ocr_par' dir='ltr' id='par_1_115' title="bbox 1967 5729 3558 5811">
     <span class='ocr_line' id='line_1_115' title="bbox 1967 5729 3558 5811; baseline 0.011 -28"><span class='ocrx_word' id='word_1_790' title='bbox 1967 5729 2063 5783; x_wconf 89' lang='lat' dir='ltr'><strong>sed</strong></span> <span class='ocrx_word' id='word_1_791' title='bbox 2116 5730 2309 5784; x_wconf 88' lang='lat' dir='ltr'><strong>eodem</strong></span> <span class='ocrx_word' id='word_1_792' title='bbox 2364 5747 2559 5791; x_wconf 88' lang='lat' dir='ltr'><strong>mense</strong></span> <span class='ocrx_word' id='word_1_793' title='bbox 2605 5751 2671 5792; x_wconf 86' lang='lat' dir='ltr'><strong>ac</strong></span> <span class='ocrx_word' id='word_1_794' title='bbox 2724 5738 2816 5795; x_wconf 87' lang='lat' dir='ltr'><strong>die</strong></span> <span class='ocrx_word' id='word_1_795' title='bbox 2852 5743 3059 5811; x_wconf 89' lang='lat' dir='ltr'><strong>quibus</strong></span> <span class='ocrx_word' id='word_1_796' title='bbox 3121 5743 3287 5797; x_wconf 87' lang='lat' dir='ltr'><strong>modo</strong></span> <span class='ocrx_word' id='word_1_797' title='bbox 3332 5753 3558 5800; x_wconf 80' lang='lat' dir='ltr'><strong>narrata</strong></span> 
     </span>
    </p>
   </div>
   <div class='ocr_carea' id='block_1_116' title="bbox 1967 5828 3561 5908">
    <p class='ocr_par' dir='ltr' id='par_1_116' title="bbox 1967 5828 3561 5908">
     <span class='ocr_line' id='line_1_116' title="bbox 1967 5828 3561 5908; baseline 0.014 -34"><span class='ocrx_word' id='word_1_798' title='bbox 1967 5829 2118 5893; x_wconf 76' lang='lat' dir='ltr'><strong>gesta</strong></span> <span class='ocrx_word' id='word_1_799' title='bbox 2142 5833 2295 5889; x_wconf 80' lang='lat' dir='ltr'><strong>sunt,</strong></span> <span class='ocrx_word' id='word_1_800' title='bbox 2319 5828 2598 5897; x_wconf 86' lang='lat' dir='ltr'><strong>appellere</strong></span> <span class='ocrx_word' id='word_1_801' title='bbox 2631 5830 2698 5886; x_wconf 87' lang='lat' dir='ltr'><strong>ad</strong></span> <span class='ocrx_word' id='word_1_802' title='bbox 2725 5833 2914 5891; x_wconf 81' lang='lat' dir='ltr'><strong>urbem</strong></span> <span class='ocrx_word' id='word_1_803' title='bbox 2933 5849 3000 5891; x_wconf 80' lang='lat' dir='ltr'><strong>ex</strong></span> <span class='ocrx_word' id='word_1_804' title='bbox 3021 5835 3277 5908; x_wconf 85' lang='lat' dir='ltr'><strong>Aquileia</strong></span> <span class='ocrx_word' id='word_1_805' title='bbox 3303 5835 3561 5896; x_wconf 70' lang='lat' dir='ltr'><strong>triremes</strong></span> 
     </span>
    </p>
   </div>
  </div>
