4024 6412
315 407 419 467 361

1184 405 1282 464 DE
1322 402 1764 464 ANDRONICO
1804 396 2269 463 ΡΑΙᾹΞΟῙΩΟΟ
2309 405 2452 464 LiB.
2503 406 2601 465 ιν.

3470 398 3577 460 1‘62

310 511 561 576 δεσπόζει
591 512 699 565 τῶν
725 513 905 567 τόπων
927 510 1001 577 ὼς
1020 513 1301 585 πατρικῶν
1323 515 1567 583 κλήρων,
1593 516 1691 567 καὶ
1718 514 1886 568 καθυ-
1915 521 1959 572 Λ
1987 515 2047 566 οὺ
2081 515 2401 585 νυκτιλόχου
2442 515 2642 584 τρόπον
2666 555 2680 576 ,
2722 511 2875 581 παρὰ
2921 511 3126 585 γνῶαιν
3175 512 3282 563 τῶν
3313 512 3580 581 ἐντυγχα-

310 605 557 659 ποκλίνει
588 606 716 669 τοὺς
747 604 1084 677 προῦχοντας
1119 605 1225 658 τῶν
1269 605 1399 675 τῇδε
1421 605 1668 674 Περσῶν,
1701 604 1795 666 οὓς
1824 605 1888 670 δὴ

312 702 596 768 σατράπας
628 699 828 752 ἐκεῖνοι
852 697 1099 751 καλοῦσι.
1136 698 1243 750 Καὶ
1276 700 1324 749 οἱ
1359 697 1456 767 μὲν
1490 697 1708 759 ἑκόντες
1738 690 1919 749 dima-~

309 805 404 852 τες
431 789 765 852 ἐδουλοῦντο,
791 791 1074 859 Ἀμούριος
1096 790 1153 841 δὲ
1177 792 1204 843 ό
1233 789 1325 843 τοῦ
1359 787 1489 859 Ἀλῆ
1520 789 1702 858 πατὴρ
1731 787 1895 839 ὑπελ-

312 880 424 935 θὼν
458 881 737 949 Τοχάρους
770 881 865 933 καὶ
893 879 1128 950 οὐλαμὸν
1157 880 1218 944 ἐξ
1246 880 1424 934 αὐτῶν
1451 879 1891 950 προσλαϐόμενος

310 971 461 1031 ὅλαις
485 971 684 1036 ὁρμαῖς
710 969 1051 1039 ἀντέπραττε
1082 968 1158 1036 τῷ
1189 968 1405 1037 Μελήκ.
1438 968 1513 1021 Οὐ
1542 968 1649 1037 μὴν
1673 966 1729 1019 δὲ
1754 966 1892 1018 ἀλλὰ

312 1063 408 1115 καὶ
447 1062 720 1131 πολέμους
774 1062 909 1131 πρὸς
958 1061 1122 1113 αὐτὸν
1166 1061 1414 1130 ἐκφέρων
1465 1058 1890 1128 κατετροποῦτο,

312 1152 453 1205 ὥστε
487 1154 579 1204 καὶ
607 1152 963 1221 ἀπηυδηκότα
987 1155 1100 1213 τοῖς
1130 1152 1275 1214 ὅλοις
1307 1150 1526 1219 σῦναμα
1556 1148 1775 1217 γυναικὶ
1797 1147 1891 1200 καὶ

314 1242 470 1305 ἰδίοις
494 1242 697 1311 γνῶναι
722 1241 931 1311 βασιλεῖ
963 1243 1326 1310 προσχωρεῖν.
1360 1240 1524 1292 Ὅθεν
1545 1240 1638 1292 καὶ
1666 1239 1767 1306 τὴν
1796 1237 1888 1289 τοῦ

313 1335 521 1388 Πόντου
552 1333 874 1388 καταλαϐεῖν
918 1333 1270 1402 Ἡράκλειαν.
1307 1331 1578 1385 Κάκεῖθεν
1629 1335 1694 1400 τῇ
1741 1331 1894 1382 Κων-

314 1427 601 1478 σταντίνου
633 1425 996 1495 ἐπιδημήσας,
1046 1426 1167 1475 ἐπεὶ
1201 1422 1454 1491 βασιλεὺς
1486 1426 1544 1485 ὲς
1597 1421 1891 1490 Νύμφαιον

310 1517 607 1583 ἀπεδήμει,
636 1514 733 1583 τὴν
766 1514 863 1584 μὲν
900 1513 1134 1580 σύζυγον
1179 1512 1305 1581 τῇδε
1339 1512 1762 1580 καταλιμπάνει,
1796 1511 1894 1563 αὐ-

310 1605 405 1667 τὸς
431 1604 489 1657 δὲ
517 1604 612 1658 σὺν
642 1606 753 1663 τοῖς
779 1605 914 1672 ἀμφ’
947 1605 1108 1656 αὑτὸν
1149 1601 1232 1671 ἐφ’
1269 1605 1506 1672 ἡμέραις
1538 1601 1754 1664 ἀνεθεὶς
1785 1602 1891 1654 τῶν

309 1699 378 1750 ἐκ
393 1699 495 1766 τῆς
511 1696 630 1749 ὁδοῦ
651 1695 855 1759 κόπων,
878 1698 981 1747 ὑπὸ
1005 1695 1271 1765 βασιλικῴ
1300 1695 1595 1766 ποδηγέτῃ,
1625 1694 1890 1763 βατιλὲως

310 1788 722 1859 προστάξαντος
753 1789 1041 1853 ἀκουσθὲν,
1075 1790 1175 1856 τῆς
1205 1790 1296 1841 ἐπὶ
1323 1789 1383 1841 τὸ
1428 1787 1719 1857 Νύμφαιον
1755 1790 1886 1841 ἵετο.

321 1882 490 1935 Ἀλλά
534 1898 636 1934 που
669 1881 799 1949 περὶ
844 1881 903 1932 τὸ
928 1881 1289 1949 ’Λτραμύτιον
1323 1878 1584 1946 γεγονὼς,
1624 1877 1734 1930 εἴτε
1765 1880 1893 1945 παρ’
1924 1859 1970 1919 Β

307 1974 476 2030 ἄλλου
511 1969 699 2041 μαθὼν
726 1973 833 2023 εἴτε
866 1971 967 2040 μὴν
991 1973 1086 2024 καὶ⁵
1120 1971 1280 2031 αὐτὸς
1309 1970 1663 2037 ὑποτοπήσας
1696 1969 1770 2030 ὼς
1801 1971 1901 2022 οὐκ

309 2067 396 2128 εἰς
436 2066 601 2118 καλὸν
627 2064 826 2116 ἐσεῖτλί
856 2064 904 2115 οἱ
935 2065 967 2132 ἠ
1000 2064 1133 2133 πρὸς
1177 2062 1268 2115 τὸν
1294 2062 1505 2114 ἄνακτα
1527 2061 1731 2128 ἄφιξις,
1764 2078 1903 2126 γνω-

313 2158 548 2227 σιμαχεῖ
573 2173 635 2208 τε
667 2155 890 2215 αὐτίκα,
918 2156 1012 2208 καὶ
1044 2153 1234 2223 καιροῦ
1268 2152 1589 2221 λαϐόμενος,
1621 2152 1715 2205 τοῦ
1743 2152 1903 2222 ποδη-

309 2247 477 2316 γέτου
500 2246 553 2318 (ό
592 2246 637 2298 δ’
663 2243 727 2317 ἦν
748 2246 776 2297 ὁ
796 2246 1125 2318 Ἀϐράμπαξ
1157 2243 1657 2315 πρωθιερακάριος)
1680 2242 1775 2305 τὰς
1809 2259 1903 2296 πο-

308 2335 555 2409 λυωρίας
570 2336 950 2408 παρενεγκὼν,
977 2336 1205 2388 αὐτόθεν
1226 2334 1494 2403 ἐκφεύγει
1516 2334 1730 2399 ννκ.ὸς,
1762 2333 1900 2402 πλὴν

314 2521 373 2577 in
404 2521 548 2576 urbe
577 2508 797 2582 relicta,
824 2518 942 2590 ipse
986 2519 1184 2577 ducem
1217 2519 1431 2575 itineris
1452 2518 1520 2574 ab
1569 2519 1901 2590 imperatore

315 2614 554 2670 missum
645 2627 882 2683 sequens
973 2611 1122 2683 (nam
1189 2611 1380 2668 audito
1440 2613 1723 2683 Augustus
1782 2614 1902 2681 ejus

315 2706 566 2781 adventu
597 2721 720 2759 eum
747 2704 812 2758 ad
846 2719 906 2760 se
935 2702 1284 2773 invitaverat)
1318 2702 1674 2774 Nymphaeum
1709 2717 1904 2757 versus

317 2799 426 2854 iter
462 2797 717 2853 intendit.
758 2797 865 2852 Sed
920 2810 1047 2851 cum
1099 2810 1271 2867 prope
1309 2796 1679 2864 Atramytium
1720 2796 1901 2850 eundo

321 2891 694 2961 pervenisset,
720 2891 837 2944 sive
869 2888 1100 2943 alterius
1133 2887 1418 2942 admonitu
1449 2889 1561 2942 sive
1586 2886 1902 2957 suspicione

329 2985 568 3056 prepria,
601 2991 869 3052 concepta
904 2979 1294 3051 desperatione
1326 2978 1573 3048 prosperi
1607 2992 1900 3033 successus

331 3077 487 3134 istius
517 3093 631 3132 suae
665 3075 1023 3145 profectionis
1075 3073 1143 3127 ad
1190 3073 1519 3142 Augustum,
1582 3071 1898 3141 aliquandiu

1996 607 2196 657 νόντων
2221 584 2407 673 δῆθεν,
2451 606 2568 657 ἀλλ’
2601 605 2860 674 ἐμφανῶς
2892 606 2986 658 καὶ
3012 584 3382 675 θαρρούντως,
3406 606 3482 668 ὼς
3513 605 3582 674 ἦν

1990 715 2076 761 τις
2108 698 2194 750 ἐπ’
2220 699 2380 751 αὐτὸν
2407 698 2495 761 τοι,
2527 698 2754 752 αὐτόθεν
2780 698 3293 767 ἐπεξελευσόμενος.
3343 699 3582 769 Πέρσαις

1993 804 2050 839 τε
2079 784 2233 849 αὖθις
2269 788 2656 858 παραγίνεται,
2694 790 2789 842 καὶ
2821 789 2948 841 λαόν
2998 788 3349 855 συναγηοχὼς
3381 786 3457 854 τῷ
3487 803 3585 838 πε-

1996 879 2164 949 ριόντι
2190 880 2291 948 τῆς
2315 883 2503 951 φήμης
2519 880 2616 934 τοῦ
2643 880 2906 951 προτέρου
2937 881 3169 950 κράτους
3199 881 3295 931 καὶ
3330 878 3582 947 μείζονος

1992 968 2197 1039 ἔχεται.
2241 971 2351 1023 Καὶ
2377 969 2631 1025 τοσοῦτον
2660 971 3093 1039 κραταιούμενος
3127 969 3408 1038 ὲνισχύετο
3437 968 3578 1021 ὥστε

1993 1062 2088 1114 καὶ
2134 1062 2296 1115 αὑτὸν
2333 1061 2630 1133 ’Δμούριον
2663 1064 2736 1131 μὴ
2793 1063 3152 1114 συνοίσουσαν
3200 1060 3282 1112 ἔτι
3313 1063 3424 1122 τοῖς
3456 1058 3583 1133 καθ’

1994 1150 2156 1204 αὐτὸν
2184 1151 2478 1221 πράγμασι
2503 1152 2606 1220 τὴν
2644 1153 2738 1205 ἀπ’
2773 1152 2989 1204 ἐκείνου
3037 1151 3331 1221 ἀφηνιασιν
3363 1148 3589 1217 δοκιμά-

1996 1259 2164 1295 σαντα
2205 1243 2411 1311 γνῶναί
2454 1245 2505 1296 oi
2555 1244 2696 1297 ἑπτὰ
2730 1243 2950 1312 σύναμα
2998 1245 3159 1296 παισὶ
3187 1242 3310 1296 καθ’
3344 1243 3585 1294 ἱκετεῖαν

1994 1333 2425 1403 παραγενέσθαι,
2454 1334 2548 1388 καὶ
2570 1333 2768 1404 δώροις
2810 1334 3288 1404 ὲκμειλιξάμενον,
3333 1333 3417 1405 [Ρ.
3451 1333 3584 1404 2‘27!

1992 1419 2110 1475 εἶτα
2130 1422 2458 1478 δουλεύοντα
2483 1426 2721 1497 ἀγαπᾷν.
2755 1426 2945 1479 Ταῦτα
2976 1428 3140 1495 γνοὺς
3158 1426 3253 1480 καὶ
3279 1426 3588 1495 δοκιμάσας

1994 1514 2345 1587 ξυμφέροντά
2405 1519 2455 1570 oi
2480 1557 2495 1579 ,
2534 1518 2715 1571 λαϐὼν
2758 1521 2888 1582 τοὺς
2937 1519 3132 1582 παῖδας
3185 1518 3403 1587 σύναμα
3435 1517 3588 1570 πλεί-

1995 1621 2163 1667 στοις,
2189 1605 2373 1659 ἱκέτου
2424 1607 2720 1676 αὐτομολεῖ
2754 1610 3015 1677 σχήματι.
3063 1609 3122 1661 '0
3155 1608 3212 1661 δὲ
3252 1611 3364 1670 τοῖς
3391 1608 3589 1677 προτέ-

1996 1712 2111 1765 ροις
2142 1696 2460 1765 ἀπομηνῑων
2501 1699 2595 1750 καὶ
2627 1698 2792 1766 μηδὲν
2822 1698 3088 1766 καθυφεὶς
3113 1697 3208 1751 τοῦ
3243 1698 3403 1750 κότου
3425 1698 3582 1750 δέκτο

1990 1776 2097 1855 ’μὲν
2129 1786 2299 1856 δῶρα,
2336 1789 2498 1841 πόνον
2526 1789 2567 1838 δ’
2596 1789 2906 1857 ἀμέγαρτον
2943 1789 3192 1857 ὄφελλεν.
3238 1787 3328 1851 Ὠς
3352 1788 3461 1856 γὰρ
3493 1788 3588 1857 μό-

2000 1880 2084 1940 λις
2115 1879 2387 1947 εἰσαχθεὶς
2439 1879 2578 1948 μετὰ
2630 1881 2738 1932 τῶν
2789 1880 2980 1950 δώρων
3011 1881 3121 1951 πρὸ
3161 1880 3338 1933 ποδῶν
3366 1881 3584 1932 ἐκαλιν-

2001 1969 2145 2022 δεῖτο
2189 1972 2281 2022 καὶ
2314 1971 2692 2035 καθικέτευεν,
2741 1972 2953 2033 ἐκεῖνος
2982 1970 3050 2024 τὰ
3094 1971 3264 2024 πάλαι
3296 1969 3579 2039 προῦφερε

2003 2064 2093 2112 καὶ
2127 2060 2337 2129 πικρῶς
2386 2060 2628 2126 ὠνείδιζε
2679 2063 2772 2114 καὶ
2812 2062 3113 2132 ἀπήλεγχε,
3146 2063 3240 2115 καὶ
3270 2063 3422 2125 τέλος
3455 2063 3584 2115 σκύ-

2003 2169 2101 2217 φον
2153 2152 2298 2206 οἴνου
2349 2153 2531 2206 λαϐὼν
2573 2153 2649 2217 ὡς
2696 2156 2996 2222 πιόμενος,
3051 2158 3166 2216 τοῖς
3222 2155 3352 2225 περὶ
3417 2155 3582 2207 αὑτὸν

2004 2246 2370 2314 συγκείμενον
2394 2246 2452 2298 ὃν
2474 2246 2642 2299 αὐτοῦ
2668 2247 2730 2299 τὸ
2752 2246 3018 2315 ξύμϐολον
3043 2246 3315 2313 δείξαντος
3340 2247 3423 2318 (τὸ
3446 2246 3489 2301 δ’
3518 2243 3586 2317 ἦν

2003 2337 2079 2400 ὼς
2102 2336 2265 2407 δῆθεν
2294 2339 2704 2409 σκορδινιῶντος
2735 2339 2828 2395 καὶ
2856 2338 2955 2402 τὰς
2997 2341 3187 2410 χεῖρας
3210 2338 3584 2409 ὲκτείναντος)

2005 2517 2252 2586 abjectus
2284 2520 2349 2572 ad
2381 2518 2503 2588 ejus
2542 2520 2719 2597 pedes
2757 2520 2990 2591 supplex
3032 2522 3299 2577 Amurius
3331 2522 3588 2578 volveba-

2004 2618 2119 2673 tur.
2155 2610 2246 2667 ille
2281 2620 2465 2667 vetera
2503 2614 2627 2680 ejus
2678 2613 2972 2669 malefacta
3003 2614 3255 2684 protulit,
3291 2629 3591 2683 amaraque

2003 2703 2346 2771 exprobrans
2397 2718 2522 2757 eum
2561 2704 2880 2759 omniman
2911 2704 3133 2774 dignum
3170 2721 3273 2761 nec
3315 2706 3423 2760 ulla
3450 2709 3589 2762 satis

2002 2795 2359 2850 excusatione
2380 2796 2727 2865 purgabilem
2751 2796 3072 2851 declaravit;
3094 2798 3335 2853 Tandem
3355 2808 3586 2855 extensa

2006 2894 2239 2953 utraque
2271 2899 2462 2951 manu,
2491 2886 2757 2957 scyphum
2790 2885 2962 2941 altera
3004 2886 3131 2942 vino
3167 2887 3385 2957 plenum
3428 2893 3586 2958 quasi

2002 2975 2282 3031 bibiturus
2315 2991 2541 3030 sumens
2568 3016 2583 3038 ,
2613 2979 2831 3046 signum
2869 2976 3040 3032 edidit
3072 2977 3139 3032 de
3171 2994 3278 3049 quo
3303 2989 3429 3034 ante
3461 2996 3588 3035 cum

2003 3069 2122 3124 suis
2145 3056 2502 3134 convenerat,
2532 3079 2591 3124 ut
2614 3069 2778 3123 simul
2802 3070 3066 3124 nimirum
3102 3070 3280 3141 ipsum
3299 3082 3591 3128 cernerent

324 3170 685 3225 deliberando
717 3169 954 3223 luctatus
998 3166 1282 3221 damnavit
1338 3164 1576 3236 denique
1603 3164 1894 3219 consilium
1930 3200 1971 3256 ο
2007 3174 2204 3215 manus
2248 3160 2460 3216 diverse
2489 3158 2816 3235 iactantem,
2876 3159 3040 3215 sicuti
3069 3174 3101 3215 θ
3143 3175 3341 3217 somno
3393 3176 3590 3232 exper-

320 3273 377 3317 et
404 3269 593 3331 empto
664 3260 934 3316 absistere
988 3257 1298 3331 constituit.
1372 3255 1712 3325 Captatoque
1772 3271 1896 3309 mox

318 3363 593 3423 tempore,
624 3351 804 3422 palam
837 3358 1066 3421 questus
1111 3349 1395 3403 observari
1447 3363 1568 3402 sese
1625 3347 1901 3401 curiosius

317 3447 806 3518 suspiciosiusque
838 3460 867 3499 a
902 3443 1202 3498 deductore
1230 3440 1299 3495 ad
1353 3454 1412 3496 se
1447 3439 1617 3494 misso
1656 3440 1797 3510 (erat
1856 3441 1901 3493 is

314 3543 639 3612 Ahrampax
675 3538 1165 3610 prothieracarius)
1207 3551 1371 3605 quam
1405 3535 1658 3589 benevoli
1685 3535 1901 3589 comitis

317 3638 563 3691 oflicittm
616 3642 889 3704 posceret,
937 3632 1065 3687 inde
1104 3638 1271 3684 noctu
1306 3629 1542 3699 aufugit,
1578 3642 1686 3682 non
1717 3636 1899 3681 tamen

318 3728 578 3787 nocturni
637 3723 979 3781 insidiatoris
1032 3722 1161 3786 ritu,
1213 3721 1383 3775 vitata
1437 3722 1701 3773 comitum
1761 3732 1900 3773 eon-

318 3822 554 3875 scientia
603 3819 834 3879 scilicet,
866 3830 1057 3870 vcrum
1089 3814 1269 3882 palam
1303 3821 1358 3867 et
1403 3811 1674 3874 fidenter;
1702 3825 1812 3879 pra:
1843 3825 1903 3865 se

318 3914 530 3976 ferens,
576 3910 623 3964 si
656 3910 782 3978 quis
816 3923 909 3976 per
966 3908 1075 3960 vim
1127 3905 1422 3975 prohibere
1476 3911 1792 3964 conaretur,
1847 3906 1899 3956 in

317 4018 445 4058 eum
479 4016 539 4055 se
573 4000 761 4055 statim
817 4000 1081 4066 impetum
1140 3995 1436 4049 facturum.
1496 3993 1574 4047 lta
1608 4007 1802 4046 rursus
1833 3995 1899 4045 ad

318 4098 524 4153 Persas
571 4111 629 4150 se
683 4094 903 4162 recipit,
972 4091 1314 4159 collectaque
1374 4104 1539 4143 manu
1584 4087 1902 4142 melioribus

317 4205 486 4258 quam
545 4188 697 4256 prius
753 4201 869 4238 rem
930 4182 1097 4252 329
1144 4197 1331 4250 gerere
1392 4180 1559 4249 cmpit
1613 4178 1900 4245 auspiciis.

320 4279 480 4334 Unde
505 4288 554 4331 et
585 4280 739 4330 fama:
765 4276 1138 4330 celebritatem
1176 4280 1229 4326 et
1262 4272 1521 4340 majorem
1557 4269 1725 4352 priori
1751 4268 1901 4326 brevi

317 4379 625 4444 potentiam
687 4370 945 4438 adeptus,
982 4375 1196 4420 tantum
1259 4366 1489 4418 iuvalttit
1530 4373 1670 4421 utet
1718 4368 1899 4438 ipsum

317 4464 634 4524 Amnrium,
673 4462 833 4529 plane
880 4471 1200 4529 persuasum
1259 4455 1404 4509 haud
1437 4456 1554 4512 suis
1607 4458 1674 4511 de
1703 4471 1903 4515 caetero

2004 3248 2278 3321 giscentes
2328 3253 2528 3315 solent,
2563 3252 2791 3308 ensibus
2823 3262 3048 3324 repente
3088 3255 3299 3309 strictis
3328 3256 3588 3311 concide-

2004 3354 2125 3399 rent
2151 3344 2457 3413 supplices;
2500 3344 2653 3412 quod
2680 3345 2913 3415 impigre
2945 3346 3024 3399 illi
3060 3361 3088 3400 a
3128 3346 3247 3401 vise
3281 3347 3465 3400 stetim
3514 3348 3591 3403 si-

2002 3450 2110 3505 guo
2169 3435 2440 3490 facientes
2496 3436 2772 3490 funestam
2811 3435 3043 3491 Amurio
3101 3447 3154 3491 ct
3188 3436 3313 3492 [iliis
3369 3452 3585 3494 ctenatn

2003 3526 2308 3596 praebuere.
2346 3527 2423 3595 Ex
2463 3528 2563 3581 ista
2597 3527 2859 3599 tragoedia
2892 3528 3076 3582 divina
3113 3529 3349 3598 quadam
3408 3535 3589 3601 provi-

2002 3620 2190 3674 dentia
2217 3630 2471 3674 servatus
2494 3618 2678 3684 ilales,
2710 3634 2854 3673 unus
2908 3619 3119 3673 Atttttrii
3180 3620 3437 3687 filiorum,
3489 3623 3590 3677 do-

2003 3711 2119 3767 lore
2145 3712 2336 3778 iraque
2363 3710 2610 3774 ardebat,
2632 3712 3008 3766 excarnificati
3040 3712 3158 3766 dire
3185 3714 3354 3782 patris
3388 3731 3589 3770 cruen—

2006 3812 2114 3856 tam
2173 3801 2464 3871 imaginem
2526 3803 2710 3857 animo
2777 3802 2996 3856 infixam
3049 3803 3464 3869 circumferens,
3526 3823 3590 3862 ac

2004 3894 2123 3949 dies
2143 3902 2444 3962 noctesque
2470 3895 2523 3947 in
2553 3893 2885 3962 cogitatione
2913 3895 3213 3950 ulciscendi
3247 3907 3353 3950 tam
3379 3900 3586 3955 infandi

2006 3984 2230 4039 sceleris
2252 3991 2530 4053 perstans,
2549 3998 2649 4038 nec
2672 3999 2909 4052 unquam
2939 3984 3008 4039 ab
3032 4000 3098 4040 eo
3121 3996 3318 4040 conatu
3341 3988 3444 4041 sibi
3465 4004 3589 4055 par-

2006 4087 2113 4131 tem
2131 4077 2335 4146 quietis
2357 4077 2524 4130 ullam
2545 4076 2861 4146 capiendam
2880 4091 3130 4131 ccnsens.
3154 4077 3235 4132 Ad
3257 4080 3404 4135 hunc
3423 4083 3584 4135 tinent

2007 4167 2298 4221 conciliata
2322 4166 2486 4237 330
2506 4167 2610 4222 sibi
2652 4182 2817 4221 manu
2878 4182 2987 4220 non
3057 4168 3271 4224 modica
3294 4169 3585 4225 Persarum

2010 4258 2443 4311 latrucinabatur
2475 4258 2936 4321 circumcursans,
2971 4273 3036 4311 ac
3063 4257 3222 4327 plane
3269 4274 3379 4329 pra:
3426 4277 3485 4315 se
3516 4263 3594 4315 fe-

2007 4364 2138 4405 rens
2173 4359 2267 4402 aut
2296 4349 2562 4402 ultionem
2596 4363 2656 4403 se
2706 4358 2995 4419 capturum
3027 4350 3095 4404 de
3147 4349 3350 4406 Meleco
3388 4360 3483 4407 aut
3526 4356 3588 4409 in

2003 4443 2121 4510 ejus
2153 4442 2231 4496 rei
2265 4450 2467 4496 conatu
2490 4441 2899 4496 occubiturum.
2955 4442 3090 4496 Dum
3145 4457 3279 4512 ergo
3339 4444 3588 4501 incursae

321 4558 490 4612 rebus
541 4554 656 4607 fere
718 4548 1124 4604 conducibilem
1186 4562 1217 4600 a
1255 4545 1477 4613 Meleco}
1522 4547 1894 4616 rebellionem,
1933 4553 1979 4611 ι)
2007 4534 2250 4588 millibus
2286 4544 2468 4588 νθειθῑ
2493 4533 2747 4601 regiones
2804 4543 2859 4588 θι
2922 4534 3079 4588 Omni
3137 4537 3349 4590 τθιίοηθ
3394 4551 3591 4593 (⁵01156-

321 4647 629 4719 perpuierit
655 4644 721 4698 ad
756 4641 1050 4697 consilium
1086 4636 1389 4691 ambiendaa
1431 4637 1750 4706 suppliciter
1780 4642 1903 4708 ejus

322 4740 536 4813 gratim,
569 4752 633 4790 ac
666 4734 966 4804 praemissis
1019 4729 1305 4784 delinitum
1372 4730 1698 4785 muneribus
1759 4733 1904 4787 ultro

320 4831 565 4890 adeundi
600 4826 967 4896 cum’septem
1000 4823 1145 4886 filiis,
1179 4829 1232 4874 et
1255 4820 1359 4890 ipsi
1395 4836 1456 4875 se
1486 4821 1721 4876 libenter
1751 4823 1905 4877 dein-

318 4941 455 4996 ceps
485 4922 818 4978 serviturum
853 4915 1168 4987 profitendi.
1234 4911 1331 4966 llis
1390 4927 1581 4967 secum
1638 4914 1904 4967 Amurius

319 5016 666 5075 constitutis.
699 5011 844 5083 quod
905 5009 1038 5063 nihil
1070 5007 1161 5060 tali
1219 5005 1454 5059 articulo
1518 5020 1699 5059 rerum
1744 5021 1904 5074 posse

321 5111 521 5166 utilius
584 5107 692 5161 sibi
751 5102 1047 5157 consulere
1090 5105 1328 5168 putaret,
1387 5096 1567 5150 ductis
1623 5111 1729 5150 una
1780 5097 1902 5152 filiis

321 5200 626 5268 antploque
660 5191 1016 5255 asscclarum}
1045 5188 1332 5251 comitatu,
1383 5185 1648 5255 supplicis
1688 5184 1756 5240 ad
1788 5184 1902 5238 Me-

322 5292 501 5343 lecum
541 5282 838 5351 transfugit
867 5280 1080 5333 habitu.
1118 5275 1286 5330 Melec
1329 5289 1616 5329 rancoretu
1661 5284 1900 5331 vetetent

324 5382 511 5435 animo
552 5374 776 5446 penitus
811 5369 1089 5425 conditum
1132 5379 1383 5429 servans,
1413 5366 1646 5434 plusque
1672 5366 1735 5416 ad
1766 5364 1901 5418 iram

322 5472 493 5524 veteri
526 5464 791 5521 memoria
820 5462 1153 5530 iniuriarum
1189 5471 1353 5528 quam
1417 5456 1577 5511 novis
1610 5456 1802 5510 officiis
1834 5456 1901 5510 ad

322 5560 762 5619 benevoletttiattt
807 5563 1017 5617 motus,

357 5696 512 5748 Dona
550 5689 765 5761 quidem
802 5682 1024 5750 accepit,
1051 5680 1198 5735 mala
1211 5681 1303 5735 sed
1323 5680 1613 5734 cumulavit
1643 5683 1857 5737 acerba.

328 5827 394 5884 Ut
417 5826 564 5882 enim
593 5836 738 5889 {egre
769 5817 1117 5872 introductus
1143 5823 1267 5884 post
1321 5818 1600 5885 prremissa
1645 5833 1875 5874 munera

640 5915 919 5974 Puaor.
952 5914 1067 5972 Gn.
1104 5910 1205 5972 CX
1225 5911 1382 5972 LIV.

2007 4628 2164 4681 rendi
2222 4641 2347 4681 cum
2408 4625 2584 4690 hostet
2615 4627 2940 4684 certaminis
3002 4627 3329 4685 occasiones
3378 4640 3585 4700 captat,

2008 4717 2155 4773 haud
2189 4718 2366 4789 impar
2392 4716 2584 4773 Meleci
2644 4716 2713 4773 ad
2743 4732 2978 4789 pugnam
3004 4718 3256 4784 audacia,
3307 4735 3412 4775 suo
3445 4722 3590 4777 hunc

2007 4810 2119 4864 fato
2149 4824 2497 4880 perurgente,
2525 4808 2646 4863 Hali
2688 4809 2915 4879 objecit.
2967 4808 3402 4866 Committuntur
3456 4829 3588 4882 ergo

2006 4903 2153 4957 inter
2181 4917 2302 4958 sese
2340 4901 2501 4958 Hales
2521 4910 2577 4956 et
2611 4902 2808 4968 Melec,
2838 4901 3297 4971 ferocissimeque
3349 4905 3587 4959 invicem

2008 5004 2221 5065 petunt.
2257 4996 2360 5050 Sed
2400 4994 2663 5050 Meleeutn
2695 4993 2918 5049 fortuna
2955 4994 3199 5049 deseruit
3229 5014 3241 5049 :
3278 5013 3400 5051 nam
3466 4999 3588 5067 ejus

2008 5102 2184 5156 equus
2216 5088 2346 5141 totis
2374 5087 2609 5143 habenis
2638 5085 2846 5142 effusus
2891 5088 2945 5142 in
2984 5103 3207 5144 cursum
3237 5090 3401 5160 pedes
3429 5102 3591 5147 ante—

2008 5180 2185 5233 riores
2234 5177 2467 5242 inﬂexit,
2522 5182 3199 5249 sessoremqueﬁmaximo
3253 5184 3461 5251 impetu
3522 5187 3578 5240 in

1980 5286 2179 5339 'gelttta
2221 5270 2450 5336 pronum
2487 5269 2717 5338 abjecit;
2750 5286 2860 5338 quo
2914 5273 3100 5326 statim
3129 5275 3175 5329 is
3222 5288 3253 5326 a
3284 5290 3412 5328 casu
3451 5292 3584 5332 ense

2006 5359 2301 5419 confossus
2337 5357 2560 5411 interiit.
2604 5356 2702 5410 Hic
2756 5375 3051 5415 successus
3087 5362 3319 5426 ﬂaiem,
3366 5366 3588 5418 nomine

2000 5452 2112 5520 jam
2154 5452 2325 5520 patris
2350 5448 2416 5503 ad
2444 5464 2604 5503 suum
2631 5450 2819 5505 addito
2870 5453 3160 5507 Amun‘um
3216 5470 3439 5523 quoque
3489 5471 3587 5510 vo-

2005 5551 2210 5605 catum,
2244 5541 2303 5593 in
2334 5554 2593 5609 magnam
2648 5542 3039 5596 conﬁdentiam
3095 5544 3326 5597 inﬂavit.
3360 5542 3586 5599 Subito-

2004 5650 2111 5705 que
2140 5632 2267 5689 inde
2301 5633 2648 5702 congregatis
2683 5637 2897 5702 magnis
2946 5637 3122 5703 copiis
3174 5634 3449 5689 Romanas
3499 5651 3587 5689 re-

2003 5727 2193 5796 giones
2250 5723 2658 5778 incursionibus
2722 5726 3040 5790 infestabat,
3099 5727 3338 5779 nendum
3395 5737 3577 5779 tamen

2006 5824 2099 5872 aut
2160 5816 2391 5869 multum
2452 5815 2682 5871 fidenter
2748 5824 2842 5871 aut
2896 5819 3050 5872 valde
3106 5820 3430 5880 perniciose,
3480 5817 3581 5873 sed

3190 5914 3259 5971 12
