4024 6420
502 383 605 441 ἷςιέῗὶ

1693 384 2023 446 GEORGII
2065 384 2548 448 PACllYMElixE
3668 396 3759 460 3M

498 498 695 557 αὐτοὺς
724 496 823 558 τὰς
854 495 1068 557 σπάθας
1106 496 1505 563 γυμνώσαντας
1558 501 1932 554 κατακόπτειν
1956 501 2084 561 τοὺς
2114 502 2159 557 Α
2189 499 2393 564 πλάτος
2424 501 2630 556 ἄϐατον
2682 503 3059 573 καταστήσας,
3091 506 3166 568 ὡς
3201 508 3258 560 ὲν
3291 510 3404 571 τοῖς
3434 510 3662 579 πρώτοις
3682 514 3756 566 λό-

502 590 709 652 ίκέτας,
743 589 954 641 ἐκείνου
985 589 1044 641 τὸ
1081 589 1358 659 σύμϐολον
1398 589 1582 655 δόντος
1613 591 1950 661 είσπηδῶσιν
1982 592 2084 643 αύ·

497 684 626 737 τίκα
661 681 757 736 καὶ
788 683 976 736 ἀθὶίαν
1035 682 1218 752 θοίνην
1257 685 1466 737 ἐκεῖνόν
1504 702 1564 737 τε
1619 685 1717 739 καὶ
1753 686 1944 739 παῖδας
1971 685 2084 737 δει-

498 775 678 829 κνῦσι.
708 776 879 827 Τοῦτο
918 776 995 845 τῷ
1038 775 1169 845 Ἀλῇ
1216 778 1377 839 πόνος
1405 771 1473 845 ἦν
1505 779 1735 832 καὶτῶν
1785 777 2086 847 συμφορῶν

499 871 532 937 ὴ
575 868 802 939 ἐσχάτη,
836 868 989 919 παιδί
1023 885 1085 935 γε
1119 868 1233 922 ὕντι
1264 868 1358 921 τοῦ
1389 871 1857 941 κρεουργηθὲντος
1897 870 1989 923 καὶ
2024 868 2087 921 ἐκ

498 976 646 1020 τινος
676 961 930 1031 προνοίας
963 961 1343 1030 περισωθέντι,
1373 963 1467 1015 καὶ
1487 962 1547 1015 τὸ
1565 965 1676 1025 τοῖς
1705 963 1917 1033 ὁμοίοις
1946 963 2089 1032 ἀμύ-

502 1055 691 1105 νεσθαι
746 1053 928 1121 πάσης
960 1052 1216 1121 ἀσχολίας
1254 1053 1560 1125 ὑπέρτερον
1596 1056 1895 1122 ἐλογίζετο.
1944 1057 2086 1108 Ἱκα-

501 1148 623 1208 νοῦς
657 1147 712 1199 δὲ
739 1146 826 1199 διὰ
856 1145 1032 1199 ταῦτα
1060 1147 1537 1216 προσεταιρίζεται
1569 1148 1677 1201 τῶν
1710 1149 1961 1219 Περσῶν,
1997 1151 2087 1202 καὶ

501 1239 701 1307 τρόπον
731 1239 1018 1309 ληΐστορος
1051 1238 1331 1309 περιθέει,
1384 1240 1637 1310 ἐμφανὴς
1668 1239 1744 1294 ὢν
1773 1242 1805 1311 ἢ
1843 1242 2086 1311 ἀμυνούο

503 1348 663 1399 μενος
690 1332 722 1402 ἢ
751 1332 1111 1400 πεσούμενος.
1151 1332 1237 1395 Ὠς
1260 1331 1318 1385 δὲ
1355 1333 1716 1404 κατατρέχων
1743 1334 1963 1403 ἠρήμου
1990 1335 2088 1398 τάς

497 1425 681 1494 χώρας
714 1425 809 1476 καὶ
843 1424 941 1492 τὴν
973 1422 1340 1490 ἀνταγώνισιν
1380 1423 1630 1487 ἔσπευδε,
1664 1425 1725 1477 τὸ
1761 1425 1854 1477 τοῦ
1894 1427 2088 1495 Μελὴκ

499 1517 649 1584 λῆμα
680 1516 739 1568 τὸ
767 1516 1039 1586 μόρσιμον
1073 1516 1333 1585 ἐρεθίζει,
1367 1516 1462 1569 καὶ
1508 1516 1696 1569 τοῦτον
1724 1517 1917 1586 ἐκείνῳ
1944 1519 2090 1571 συνί-

502 1627 663 1678 στησι
717 1610 861 1663 κατὰ
901 1611 1163 1680 πόλεμον.
1219 1604 1296 1664 Ob
1340 1611 1403 1681 δὴ
1439 1611 1812 1682 συρραγέντος
1863 1611 2087 1679 σφάλλει

499 1702 592 1753 τὸν
626 1700 816 1771 Μελὴκ
844 1703 876 1773 ὴ
909 1702 1069 1771 τύχη,
1102 1702 1198 1756 καὶ
1223 1704 1250 1756 6
1286 1702 1452 1766 ἵππος
1480 1704 1587 1774 ὅλῳ
1618 1703 1817 1774 ῥυτῆρι
1847 1704 2088 1775 φερόμεο

502 1812 591 1855 νος
627 1793 979 1861 συγκάμπτει
1012 1795 1092 1846 τὼ
1120 1795 1268 1859 πόδε,
1308 1794 1405 1847 καὶ
1432 1794 1523 1847 τὸν
1550 1794 1818 1865 ἐπιϐάτην
1854 1795 1976 1864 μεθ’
2008 1797 2087 1849 ὅτι

502 1887 766 1954 πλείστης
795 1889 892 1957 τῆς
913 1886 1097 1957 ῥύμης
1115 1888 1207 1940 ἐπὶ
1233 1886 1360 1954 γόνυ
1389 1890 1776 1957 συγκατασπᾷ,
1803 1888 1895 1941 καὶ
1926 1888 2089 1957 ἔργον

505 1983 706 2034 αὐτίκα
740 1981 957 2048 σπάθης
992 1985 1019 2033 ὁ
1043 1980 1226 2033 πεσὼν
1255 1980 1486 2049 γίνεται.
1535 1981 1722 2033 Ταῦτα
1785 1982 1879 2033 τὸν
1924 1979 2089 2050 Ἀλῆν

500 2079 707 2146 ἐπῆρεν
757 2079 835 2140 εἰς
892 2077 1059 2143 ὄγκον
1092 2076 1418 2146 ’Ᾱμούριον,
1477 2074 1775 2128 κάντεῦθεν
1838 2075 2089 2142 συνάγων

506 2168 797 2230 πλείστους
831 2168 1016 2228 κακῶς,
1050 2165 1179 2236 ἕδρα
1206 2166 1274 2219 τὰ
1319 2165 1625 2235 Ῥωμαίων.
1651 2163 1818 2218 Οθπω
1855 2165 1910 2219 δὲ
1944 2164 2090 2234 μάλα

501 2258 567 2326 δὴ
595 2261 689 2309 καὶ
717 2257 772 2319 ἐς
801 2244 974 2318 τέλος,
1014 2255 1121 2319 ἕως
1146 2248 1207 2309 οῦ
1244 2255 1525 2325 δαιμόνιόν
1560 2273 1610 2308 τι
1640 2256 1854 2327 μήνιμα
1889 2255 2089 2326 (τίγὰρ

503 2351 571 2403 ἂν
597 2349 726 2403 ἄλλο
752 2348 846 2401 καὶ
876 2346 1023 2401 εἴποι
1051 2362 1137 2411 τις
1163 2348 1204 2413 ;)
1236 2345 1378 2399 κατὰ
1420 2345 1710 2414 Ῥωμαίων
1742 2346 2041 2415 ἐφύσησεν,
2064 2345 2093 2397 δ

505 2441 571 2509 δὴ
605 2442 698 2493 καὶ
730 2438 965 2502 λέξεται.
1008 2436 1098 2499 Ὠς
1152 2436 1260 2507 γὰρ
1292 2436 1472 2506 πέραν
1500 2438 1841 2508 Σαγγάρεως
1887 2437 2096 2506 διατρί-

507 2535 622 2586 ϐων
654 2535 766 2593 τοῖς
806 2531 913 2585 ἀνὰ
939 2528 1131 2583 τοῦτον
1163 2529 1444 2600 φρουρίοις
1485 2530 1727 2601 ίσχυρῶς
1763 2528 2095 2598 άντεκρούε·

509 2641 590 2687 το,
620 2622 657 2677 ἃ
688 2622 903 2691 φθάσας
931 2624 959 2675 6
991 2621 1247 2691 βασιλεὺς
1269 2620 1536 2691 συνῴκισε
1562 2620 1781 2691 Μιχαὴλ
1808 2621 1903 2675 καὶ⁸
1929 2639 2092 2674 σταυ-

510 2719 626 2786 ροῖς
664 2713 953 2783 μηκίστοις
986 2715 1049 2765 ὲκ
1078 2710 1314 2783 δένδρων
1345 2711 1857 2781 ἀξινοκοπηθέντων
1890 2712 2094 2779 μεταξὺ

507 2806 899 2877 κατωχύρωσε,
960 2804 1122 2875 μέχρι
1174 2805 1267 2858 καὶ
1321 2804 1377 2866 ἐς
1419 2802 1617 2857 ἑκατὸν
1652 2803 1820 2867 πόδας
1850 2802 1912 2856 τὸ
1946 2803 2098 2867 ἐντὸς

511 2989 926 3047 dissimulanter
962 2996 1015 3041 et
1049 2987 1259 3050 leviter,
1301 2987 1477 3042 donec
1528 3002 1657 3042 eum
1710 2988 1897 3043 divina
1946 3003 2099 3059 quae-

514 3083 642 3137 dam
677 3080 814 3135 ultio
836 3080 969 3149 (quo
988 3078 1135 3132 enim
1158 3079 1269 3132 alio
1293 3079 1418 3147 quis
1445 3079 1671 3134 nomine
1718 3095 1904 3135 casum
1967 3089 2101 3137 tunc

2189 610 2307 661 γοις
2331 594 2615 663 ἐλέγομεν,
2654 597 2749 648 καὶ
2775 590 2842 667 ἦν
2864 595 2940 665 τῷ
2968 597 3153 669 Πέρση
3179 602 3411 672 στερρόν
3442 603 3681 657 ἐντεῦθεν
3705 606 3759 659 τὸ

2187 688 2285 757 τῆς
2317 689 2671 758 καταδρομῆς
2698 688 2949 756 κώλυμα,
2988 692 3221 760 Κρονίου
3259 694 3431 762 μηνὸς
3463 695 3524 747 ἐκ
3551 696 3639 749 τοῦ
3663 716 3758 749 παι

2194 779 2457 849 ραχρῆμα
2488 780 2516 830 6
2567 781 2813 848 ποταμὸς
2869 782 3285 852 μετοχετεύεται
3339 787 3434 837 καὶ
3484 786 3633 855 ζητεῖ
3675 788 3759 860 τήν

2190 868 2434 922 παλαιὰν
2457 868 2669 939 κοίτην,
2695 871 2817 923 καθ’
2849 870 2917 938 ἢν
2948 874 3093 945 καὶή
3125 874 3558 941 ’1ουστινιάνειος
3592 896 3763 934 ποντο-

2190 956 2426 1027 γέφυρα.
2458 958 2726 1030 ’Ὕστερον
2756 962 2811 1014 δὲ
2848 966 3335 1034 μετοχετευθέντος
3382 969 3476 1021 τοῦ
3505 971 3758 1041 ποταμοῦ,

2190 1050 2281 1101 τὸν
2310 1050 2367 1116 ἐξ
2400 1051 2607 1105 ἐκείνου
2636 1053 2859 1108 Μέλανα
2890 1056 3207 1127 ὑπεδέχετο,
3247 1058 3332 1130 [Ρ.
3364 1060 3495 1133 228]
3532 1063 3588 1115 οὐ
3619 1066 3763 1118 τόσον

2191 1140 2341 1204 ὄντα,
2376 1143 2494 1194 ἀλλ’
2522 1144 2709 1197 ἱκανὸν
2738 1146 2877 1209 τέως
2905 1148 3001 1200 καὶ
3036 1150 3224 1203 τοῦτον
3258 1153 3320 1203 ἐκ
3356 1153 3559 1221 βάθους
3582 1155 3765 1224 αὑτάρι

2146 1261 2150 1265 -
2191 1250 2320 1296 κους
2340 1232 2439 1304 τὴν
2466 1236 2576 1287 τῶν
2594 1235 2807 1307 ἐχθρῶν
2833 1238 3181 1294 ἀποκωλύειν
3211 1242 3423 1311 ἔφοδον.
3446 1246 3577 1298 Τότε
3601 1248 3763 1299 τοίνυν

2190 1323 2250 1389 ἐξ
2269 1323 2498 1394 ὄμϐρων
2526 1329 2553 1379 6
2582 1328 2890 1400 Σαγγάριος
2914 1330 3332 1405 πλημμυρήσας
3358 1337 3461 1406 τῆς
3490 1338 3619 1402 ίδίας
3646 1357 3763 1407 μετ-

2192 1418 2337 1489 αίρει
2370 1421 2465 1472 καὶ
2494 1420 2651 1485 αὖθις
2686 1423 2894 1493 κοίτης,
2916 1420 2984 1495 ἧς
3016 1427 3079 1478 ἐκ
3131 1427 3365 1480 παλαιοῦ
3399 1429 3520 1482 ποτ’
3552 1431 3768 1483 ἐκκοιτι-

2193 1509 2341 1572 σθεὶς
2365 1510 2686 1574 ἐπελάὸετο,
2721 1514 2818 1567 καὶ
2853 1516 2990 1585 πρὸς
3036 1517 3136 1587 τὴν
3182 1521 3463 1591 προτέραν
3494 1522 3761 1591 ἁνέτρεχε,

2191 1603 2287 1655 καὶ
2337 1595 2399 1653 ού
2434 1604 2535 1673 μὲν
2590 1604 2830 1675 ἀπέστη,
2886 1608 3250 1677 περαιοῦσθαι
3285 1612 3383 1664 καὶ
3434 1612 3512 1682 τῷ
3570 1614 3767 1682 τυχόντι

2193 1697 2460 1765 παρεῖχεν
2481 1738 2496 1763 ,
2526 1689 2588 1749 οῦ
2618 1696 2662 1750 δ’
2709 1698 3009 1752 ἐπελάϐετο
3045 1702 3422 1773 πλημμυρῶν,
3478 1702 3550 1773 μὴ
3576 1704 3603 1756 ὅ
3633 1703 3681 1773 γ’
3709 1706 3763 1757 ἐκ

2191 1791 2291 1858 τῆς
2315 1786 2656 1860 πλημμύρας
2686 1788 2847 1859 βάθος
2896 1790 3068 1843 ἐδίδου
3100 1795 3177 1862 τῷ
3213 1793 3472 1864 ῥεύματι,
3503 1794 3633 1847 ἀλλὰ
3677 1796 3761 1848 καὶ

2192 1880 2320 1953 χοῦν
2365 1883 2429 1934 ὲκ
2477 1882 2865 1953 μιλτοπαρῄων
2897 1882 3071 1953 ὀρέων
3102 1885 3368 1952 κατάγων
3412 1887 3507 1940 καὶ
3556 1887 3762 1956 χέραδος

2195 1976 2379 2029 ἱκανὸν
2415 1975 2701 2045 προσέχων
2730 1977 2827 2028 καὶ
2849 1976 3017 2046 πόρον
3044 1977 3212 2029 ἐτίθει
3241 1978 3320 2047 τῷ
3353 1995 3420 2030 πε
3431 1980 3529 2049 ρᾷι
3553 1979 3762 2035 Θέλοντι.

2193 2066 2283 2132 Τῷ
2307 2082 2388 2118 τοι
2416 2066 2511 2119 καὶ
2550 2068 2599 2118 οἱ
2624 2066 2681 2118 ἐν
2708 2067 2821 2129 τοῖς
2852 2066 3032 2137 πέραν
3066 2067 3352 2137 φρουρίοις
3387 2070 3763 2148 συνῳκηκότες,

2193 2157 2297 2228 τὴν
2344 2158 2502 2227 ξένην
2554 2157 2753 2219 ἰδόντες
2806 2159 3142 2229 μετάστασιν
3176 2162 3271 2213 καὶ
3305 2162 3525 2229 γνόντες
3576 2163 3629 2216 ὲν
3663 2162 3765 2233 χρῷ

2193 2250 2446 2303 κινδύνου
2478 2249 2783 2319 γενόμενοι,
2833 2250 3225 2307 ἀπανίσταντο.
3285 2254 3363 2305 Ού
3416 2254 3520 2323 μὴν
3555 2254 3600 2307 δ’
3625 2253 3763 2316 αὖθις

2194 2337 2287 2390 ἐπὶ
2312 2337 2447 2392 πολὺ
2479 2339 2539 2391 τὸ
2567 2339 2754 2408 σχῆμα
2772 2338 2929 2392 τοῦτο
2954 2340 3030 2410 τῷ
3055 2341 3287 2412 ποταμῷ
3310 2337 3401 2413 ἦν,
3422 2343 3535 2395 ἀλλ’
3553 2344 3608 2406 ἐς
3634 2344 3762 2413 μῆνα

2196 2428 2523 2498 προσχώσας
2562 2430 2722 2501 μόνον
2754 2431 3088 2503 ὑπέστρεφε.
3139 2436 3248 2487 Καὶ
3280 2434 3351 2506 ἦν
3383 2439 3416 2508 ή
3449 2439 3511 2489 ἐκ
3551 2438 3637 2491 τοῦ
3673 2456 3762 2490 πα-

2195 2516 2349 2570 λαιοῦ
2380 2518 2733 2589 ἀποχώρησις
2766 2521 2861 2573 καί⁵
2888 2523 3000 2574 τῶν
3034 2525 3092 2575 ἐν
3125 2528 3239 2587 τοῖς
3291 2528 3571 2598 φρουρίοις
3604 2528 3763 2596 φυγῆς

2197 2610 2293 2663 καὶ
2320 2610 2419 2678 τῆς
2450 2610 2560 2663 τῶν
2582 2612 2794 2681 ἐχθρῶν
2816 2613 3270 2684 διαπεραιώσεως
3294 2618 3580 2690 προφανὴς
3610 2620 3760 2681 αἰτία,

2197 2702 2276 2771 τῷ
2304 2703 2478 2772 περᾷν
2498 2702 2694 2773 ἀνέδην
2714 2705 2837 2767 τοὺς
2867 2705 3227 2775 βουλομένους
3247 2725 3261 2741 ·
3306 2712 3339 2781 ή
3371 2710 3414 2762 δ’
3446 2711 3505 2777 ἐξ
3550 2711 3764 2779 ὑπογύου

2199 2796 2422 2859 ἐσαῦθις
2466 2782 2857 2871 ἀνυποστροιρὴ
2905 2802 3020 2865 τοῖς
3067 2803 3169 2855 κάν
3202 2803 3385 2875 τούτῳ
3416 2805 3649 2879 περῶσιν
3692 2806 3764 2856 εὖ·

2201 2979 2525 3051 depressum
2566 2982 2865 3037 substravit
2904 2981 3161 3048 fundum,
3232 3002 3348 3056 qua
3386 2988 3582 3044 volenti
3631 2987 3766 3043 cuili-

2203 3071 2295 3127 bet
2322 3072 2560 3127 transire
2588 3074 2820 3143 pedibus
2850 3074 3074 3129 licebat.
3106 3075 3219 3132 Hac
3244 3079 3622 3134 animadversa
3654 3082 3764 3131 mira

516 3176 756 3230 maxime
781 3172 1011 3229 noxium
1069 3172 1357 3242 inopinato
1401 3172 1803 3226 incurrrentem
1870 3185 2102 3227 rocave-
2131 3187 2175 3247 ο
2212 3165 2524 3221 mutatione
2555 3165 2651 3237 qui
2684 3167 2979 3222 ulteriores
3012 3186 3170 3226 arces
3213 3174 3481 3239 praesidio
3517 3174 3762 3236 tenebant,

512 3270 646 3337 rit?)
695 3265 980 3322 tumefecit
1033 3264 1300 3319 adversus
1337 3265 1653 3330 Romanos;
1709 3279 1870 3334 quem
1909 3279 2098 3319 casum

517 3363 607 3417 hic
640 3360 897 3416 referam.
930 3357 1070 3411 Cum
1106 3356 1251 3410 enim
1288 3354 1459 3411 llales
1496 3356 1728 3409 antehac
1783 3355 1925 3409 ultra
1965 3356 2102 3410 San-

512 3456 685 3522 garim
713 3465 1069 3508 commorans
1091 3450 1285 3521 positis
1314 3448 1424 3503 illic
1454 3449 1677 3503 arcibus
1716 3449 1893 3504 valide
1925 3448 2102 3515 repri-

512 3547 743 3608 leretur,
771 3558 909 3613 quas
941 3557 1100 3596 arces
1140 3542 1438 3611 imperator
1484 3541 1808 3596 condiderat
1845 3541 2099 3607 Michael,

514 3648 564 3691 et
613 3645 770 3705 septo
802 3632 1702 3705 exteriusrpraetentodecussatim
1759 3632 2100 3702 objectorum

516 3729 822 3798 iungentium
853 3727 1124 3796 stipitum,
1154 3739 1220 3779 ex
1272 3724 1567 3779 arboribus
1595 3724 1777 3779 securi
1808 3724 2100 3788 dedolatis,

524 3824 700 3893 perite
726 3819 1056 3884 muniverat,
1094 3819 1331 3888 spatium
1359 3817 1503 3870 ultra
1536 3816 1875 3870 munitiones
1901 3820 2100 3886 pedum

515 3923 736 3969 centum
765 3911 858 3965 illo
877 3910 1204 3966 antemurali
1235 3910 1397 3979 plane
1423 3908 1632 3962 invium
1669 3918 1722 3962 et
1756 3908 2099 3963 inaccessum

519 4006 766 4060 hostibus
801 4003 1033 4067 faciens,
1067 3999 1610 4070 quemadmodumin
1644 3999 1920 4068 prioribus
1944 3999 2101 4055 libris

516 4100 779 4157 diximus,
811 4103 861 4148 et
887 4104 1007 4150 erat
1042 4095 1146 4147 hoc
1184 4091 1366 4146 Persae
1392 4106 1455 4143 ex
1488 4105 1550 4144 ea
1596 4101 1752 4160 parte
1813 4091 2103 4161 insupera-

518 4192 626 4245 bile
658 4188 1040 4243 iucursionum
1078 4182 1449 4248 obstaculum,
1506 4181 1705 4237 Martio
1731 4197 1861 4237 ecce
1911 4198 2100 4239 mense

512 4291 741 4351 repente
771 4278 973 4332 fluvius
1008 4276 1227 4329 alveum
1252 4273 1486 4327 mutavit
1537 4273 1875 4343 repetiitque
1920 4274 2101 4329 cubile

514 4373 829 4440 antiquum,
867 4369 935 4423 ad
961 4366 1108 4437 quod
1146 4366 1275 4420 olim
1312 4364 1490 4419 fuerat
1548 4365 1930 4421 Justinianeus
1962 4381 2099 4437 pons

514 4470 885 4520 constructus.
947 4458 1145 4513 Postea
1178 4456 1430 4511 traducto
1465 4458 1591 4512 inde
1643 4458 1801 4530 331
1868 4459 2098 4530 Sangari

2207 3260 2409 3325 territi,
2440 3261 2584 3327 quod
2616 3276 2676 3316 se
2708 3263 2855 3315 fossa
2892 3263 3186 3319 destitutos
3214 3265 3309 3318 inv
3325 3268 3555 3321 adabilis
3584 3267 3767 3327 amnis,

2204 3352 2455 3422 obiectos
2490 3352 2751 3423 deinceps
2782 3354 3189 3413 incursionibus
3224 3358 3477 3414 hostium
3508 3360 3643 3414 hami
3669 3360 3765 3428 pari

2204 3443 2269 3496 ad
2303 3443 2670 3497 resistendum
2696 3460 2943 3511 numero,
2973 3448 3284 3503 certissimo
3300 3450 3510 3520 capitis
3532 3448 3767 3519 periculo.

2204 3532 2481 3599 viderent,
2516 3535 2852 3591 stationibus
2892 3537 3101 3592 relictis
3139 3539 3432 3596 abierunt.
3479 3543 3589 3596 Non
3610 3549 3765 3594 tamen

2204 3628 2296 3681 diu
2334 3628 2478 3682 ineo
2510 3637 2654 3683 statu
2685 3627 2944 3699 Sangaris
2970 3631 3187 3695 ntausit,
3217 3634 3313 3687 sed
3356 3649 3476 3688 cum
3510 3649 3603 3704 per
3632 3648 3763 3684 meu-

2204 3731 2320 3771 sem
2354 3716 2677 3773 inundasset
2718 3735 2911 3789 magna
2949 3729 3111 3776 terrae
3138 3737 3201 3775 ac
3233 3722 3334 3778 luti
3368 3726 3415 3779 vi
3452 3726 3627 3780 alveos
3676 3721 3758 3772 nb-

2206 3810 2428 3876 limans,
2464 3813 2758 3882 recepitse
2817 3815 2869 3867 in
2902 3829 3026 3868 eum
3081 3815 3227 3871 unde
3296 3834 3472 3888 nuper
3530 3818 3759 3886 migrarat

2205 3902 2446 3968 alveum,
2475 3906 2631 3973 quasi
2668 3904 2737 3958 ad
2773 3904 2876 3959 hoe
2906 3913 3117 3959 tantum
3148 3923 3207 3963 se
3240 3911 3523 3975 movisset,
3562 3917 3617 3963 ut
3644 3921 3761 3976 pne.

2204 3994 2447 4051 sidiariis
2482 4003 2771 4062 terrorem,
2796 4014 2907 4067 quo
2942 4002 3005 4051 ad
3036 3997 3217 4069 fugam
3257 4014 3595 4073 raperentur.
3622 4001 3758 4053 inut--

2203 4094 2363 4153 teret,
2405 4087 2663 4143 hostibus
2720 4098 2910 4143 contra
2944 4100 2997 4143 et
3046 4090 3327 4146 fiduciam"
3366 4101 3420 4149 et
3474 4092 3754 4163 facultatem
3816 4121 3843 4155 ς

2204 4180 2345 4235 intra
2368 4190 2619 4235 nostrum
2654 4181 2989 4251 irrumpendi
3023 4183 3247 4238 limitem
3300 4187 3474 4241 daret.
3524 4184 3649 4238 Nam
3678 4183 3757 4232 lia—

2203 4288 2323 4326 rum
2348 4274 2579 4326 duarum
2645 4286 2831 4327 rerum
2888 4289 2993 4327 una
3034 4274 3123 4327 illa
3171 4289 3342 4330 causa
3394 4277 3495 4330 fcit
3543 4271 3758 4329 lluminis

2203 4366 2397 4430 motio,
2431 4366 2877 4421 commoditatem
2915 4368 3092 4421 cuivis
3123 4370 3343 4424 obviam
3374 4372 3615 4440 praebens
3640 4367 3759 4417 vado

2206 4460 2551 4515 transeundi.
2580 4458 2684 4514 Sed
2730 4476 2829 4515 uec
2877 4461 2997 4529 ejus
3046 4463 3100 4515 in
3140 4463 3383 4531 priorem
3438 4465 3640 4516 alveum
3688 4471 3760 4510 re-

516 4559 683 4613 llielas
711 4556 848 4608 alter
882 4552 1081 4607 fluvius
1113 4560 1482 4615 successerat,
1547 4566 1659 4605 non
1744 4551 1836 4605 ille
1869 4551 2093 4619 quidem
2123 4546 2177 4607 D
2202 4567 2424 4624 gressus
2460 4553 2606 4607 malo
2652 4553 2977 4608 medicinam
3029 4553 3177 4609 fecit.
3242 4555 3575 4611 Obtimatum
3632 4549 3756 4605 enim

517 4650 662 4704 mole
693 4660 959 4716 aquarum
1004 4658 1101 4714 par
1124 4642 1320 4713 priori,
1365 4653 1626 4698 caeterum
1688 4643 1826 4698 satis
1885 4643 2097 4698 habens

515 4737 832 4795 altitudinis
882 4736 948 4789 ad
1017 4734 1401 4804 impediendos
1488 4736 1752 4789 incursus
1818 4733 2100 4788 hostium.

500 4832 671 4891 ,Tunc
706 4829 869 4899 igitur
888 4843 953 4881 ex
981 4820 1155 4882 multo
1184 4826 1360 4881 imbre
1390 4827 1701 4881 redundans
1728 4826 1988 4896 Sangaris
2009 4839 2104 4879 cu-

514 4926 624 4980 bile
657 4926 854 4977 iterum
893 4921 1143 4985 mulavit,
1178 4935 1244 4974 ex
1282 4935 1350 4975 eo
1392 4920 1535 4987 quod
1569 4918 1659 4974 diu
1715 4934 1880 4972 manu
1933 4916 2103 4971 dedu-

514 5027 645 5073 ctus
685 5024 1075 5087 occupaverat,
1103 5016 1159 5069 in
1191 5014 1341 5084 prius
1379 5027 1711 5076 recurrens;
1736 5021 1935 5065 etcum
1980 5010 2104 5080 qui-

515 5108 637 5165 dem
662 5110 808 5164 unde
841 5110 1094 5177 migravit
1128 5094 1364 5171 alveum,
1384 5121 1539 5175 aqua:
1568 5119 1864 5174 pauperem
1886 5111 1939 5158 et
1960 5103 2107 5157 vado

517 5202 699 5258 cuivis
731 5202 1018 5256 meabilem
1043 5199 1287 5269 reliquit,
1309 5213 1435 5253 eum
1460 5212 1619 5267 quem
1647 5196 1922 5251 inundans
1946 5211 2105 5267 rcpe-

514 5297 602 5351 tiit
634 5294 1056 5363 haudquaquam
1085 5291 1222 5346 adeo
1249 5290 1543 5359 complevit
1568 5329 1582 5353 ,
1605 5300 1662 5342 ut
1700 5303 1763 5343 ea
1806 5291 2099 5344 transitum

514 5387 852 5442 excluderet.
880 5385 1146 5441 Etsienim
1167 5383 1292 5436 illuc
1318 5383 1484 5435 traxit
1501 5396 1694 5451 agmen
1722 5381 1914 5450 ingens
1934 5396 2103 5451 aqua-

513 5498 661 5546 rum,
682 5496 787 5535 nou
817 5480 883 5533 iis
913 5486 1094 5532 tamen
1117 5475 1266 5530 dedit
1296 5473 1651 5529 sufﬁcientem
1673 5472 2099 5543 profunditatem

519 5573 776 5641 trajectui
811 5571 1052 5642 peditum
1076 5575 1130 5623 et
1165 5567 1409 5637 equitum
1440 5567 1701 5620 arcendo.
1762 5565 1940 5620 Causa
1980 5566 2099 5631 eius

518 5668 592 5719 rei
626 5665 747 5729 fuit,
791 5663 936 5733 quod
972 5659 1140 5713 simul
1174 5657 1287 5711 limi
1316 5657 1612 5727 plurimum
1645 5667 1698 5711 et
1736 5666 1897 5711 terra:
1922 5658 2099 5710 rubrae

516 5774 579 5807 (ιχ
617 5757 893 5819 argillosis
925 5754 1138 5805 derastr
1176 5750 1456 5804 montibus
1486 5749 1711 5803 invexit.
1760 5751 1891 5815 Qua:
1924 5761 2098 5803 mate-

516 5850 595 5899 ria
629 5844 919 5901 subsidens
945 5843 1229 5912 aquislate
1262 5842 1811 5912 superstagnantibus
1848 5857 1956 5898 non
1991 5842 2099 5897 alte

2206 4653 2498 4714 utrumque
2526 4661 2589 4699 ac
2634 4646 2867 4715 pedibus
2930 4647 3219 4701 meabilem
3283 4648 3500 4717 reliquit
3556 4641 3756 4697 illirium

2206 4734 2595 4809 magnitudine
2617 4740 2835 4807 aggeris
2872 4754 2936 4793 ac
2969 4741 3212 4793 materia:
3238 4755 3333 4809 per
3358 4739 3585 4794 eluviem
3622 4736 3759 4787 iuve-

2204 4841 2327 4886 ctte.
2364 4828 2458 4885 His
2492 4831 2934 4899 inopinatissime
2967 4833 3046 4886 sic
3069 4835 3237 4902 gestis
3277 4843 3498 4902 repente
3553 4829 3764 4896 impera-

2204 4923 2306 4978 W‘i
2337 4923 2499 4994 332
2531 4924 2814 4979 multiatur
2835 4926 2994 4994 plena
3056 4940 3177 4980 esse
3240 4925 3631 4979 mediterranea
3675 4917 3761 4969 ho-

2205 5017 2396 5072 stium.
2455 5015 2591 5071 Nam
2630 5027 2911 5087 utcunque
2944 5017 3102 5072 Hales
3160 5017 3420 5073 Amurius
3458 5018 3510 5070 in
3555 5008 3758 5067 simula-

2204 5110 2353 5164 tione
2377 5110 2612 5180 quadam
2644 5112 2799 5181 pacis
2832 5126 2890 5165 se
2924 5112 3191 5166 hactenus
3214 5111 3500 5165 continens
3531 5102 3758 5175 quiesce-

2202 5203 2317 5268 bat,
2354 5212 2531 5257 tamen
2563 5202 2742 5258 efferri
2800 5204 2951 5257 brevi
2996 5203 3164 5274 coepit
3219 5200 3567 5256 aemulatione
3610 5188 3757 5260 paulo

2205 5303 2327 5366 post
2388 5307 2703 5351 secutorum
2763 5311 3124 5351 successuum
3192 5295 3460 5357 Atmanis,
3520 5284 3752 5343 viciniam

2202 5387 2398 5441 Nicaea
2433 5402 2693 5457 prospere
2752 5387 3111 5454 incursantis,
3160 5402 3266 5443 nou
3300 5396 3523 5457 parvum
3579 5392 3634 5432 se
3662 5373 3755 5427 im-

2202 5481 2441 5549 peratori
2477 5479 2804 5534 beneficium
2867 5480 3168 5535 contulisse
3200 5489 3478 5549 reputans,
3551 5472 3593 5527 si
3626 5481 3679 5521 se
3707 5461 3755 5514 in

2206 5571 2355 5639 pacis
2407 5571 2762 5625 observantia
2820 5579 3032 5626 teneret
3076 5575 3320 5642 quandiu
3355 5570 3444 5623 alii
3494 5569 3545 5619 in
3598 5566 3755 5615 terras

2204 5664 2419 5734 imperii
2450 5679 2558 5719 non
2614 5665 3006 5734 irrumperent.
3065 5666 3204 5721 Illud
3255 5680 3387 5721 vero
3448 5657 3585 5722 exigi
3633 5667 3661 5704 2
3702 5660 3755 5702 8°

2204 5756 2349 5810 haud
2378 5772 2594 5826 aequum
2633 5772 2776 5820 esse,
2837 5767 2892 5811 ut
2958 5757 3151 5826 praeda:
3215 5757 3503 5810 multorum
3556 5748 3752 5810 impune

2206 5846 2439 5901 aliorum
2481 5847 2685 5915 rapinis
2721 5848 2925 5901 abacta:
2946 5840 3165 5917 ‘partcm
3212 5848 3324 5916 ipse
3359 5842 3457 5897 sibi
3492 5851 3589 5891 non
3635 5826 3751 5879 arti-
