4024 6402
391 368 495 431 365

1295 376 1393 436 DE
1434 376 1879 440 ANDRONICO
1910 378 2373 443 PALIEOLOGO
2407 384 2675 448 LIB.IV.

3528 392 3637 456 368

387 478 605 547 θέτησε.
632 479 710 549 τῷ
748 482 924 554 περᾷν
960 483 1049 538 διὰ
1086 485 1183 556 τῆς
1222 489 1609 559 προσχώσεως.
1644 490 1828 545 Ταῦτα
1865 508 1957 560 γε-
1993 506 2035 563 Α
2065 493 2308 561 ἀσφαλὲς
2339 495 2587 551 ἐντεῦθεν
2622 497 2857 567 ἔχοντες,
2912 498 3136 565 στάντες
3171 500 3395 557 ἔϐαλλον
3430 506 3637 571 ὀϊστοῖς

381 570 532 638 γόνει
562 572 625 625 ἐκ
658 574 988 643 παραδόξου,
1026 579 1121 632 καὶ
1153 578 1362 648 βασιλεῖ
1394 583 1691 650 ἠγγέλλετο
1717 583 1799 637 ὅτι
1823 584 1956 654 πλῆ-

383 677 479 731 ρες
532 663 743 733 ἐχθρῶν
771 665 831 720 τὸ
879 669 1192 738 μεσόγαιον,
1232 673 1282 725 εί
1327 673 1421 726 καὶ
1476 674 1639 745 Ἀλῆς
1665 675 1955 745 Ἀμούριος

378 753 728 829 είρήνηννκαὶ
754 757 808 819 ἒς
831 759 949 812 τόδε
975 762 1442 833 σχηματιζόμενος
1468 765 1777 836 ἐφησύχαζε
1794 768 1950 827 τέως.

390 841 557 897 Ἀλλὰ
591 846 658 900 τὰ
699 847 774 915 τῷ
799 849 1010 918 ’Λτμὰν
1042 851 1111 904 τὰ
1135 855 1263 922 περὶ
1289 854 1389 923 τὴν
1425 853 1663 910 Νίκαιαν
1692 857 1957 927 κατατρέ-

382 950 534 1003 χοντι
568 937 859 1011 ἐσύστερον
897 942 1400 1013 ἀριστουργηθέντα
1446 947 1541 999 καὶ
1576 944 1769 1001 τοῦτον
1817 948 1953 1019 ὲπῆ-

385 1043 502 1097 ρεν,
533 1029 724 1100 ἱκανὴν
756 1033 1156 1105 φιλοφροσύνην
1178 1034 1407 1100 δόξαντα
1437 1038 1849 1107 καταπράττειν
1877 1039 1954 1107 τῷ

379 1117 614 1187 βασιλεῖ,
657 1122 815 1192 ειπερ
872 1124 1147 1194 είρηνεύοι
1201 1126 1275 1197 μὴ
1310 1126 1706 1180 εἰσϐαλλόντων
1737 1127 1949 1181 ἄλλων

377 1213 428 1264 εἰ
459 1211 505 1263 δ’
534 1213 647 1279 οὖν,
678 1213 817 1268 ἀλλὰ
853 1216 949 1269 καὶ
995 1216 1156 1279 αὐτὸς
1192 1218 1429 1284 ἁρπάζοι
1471 1218 1542 1274 τὰ
1587 1222 1702 1283 τοῖς
1735 1220 1952 1283 πολλοῖς

374 1304 725 1374 ἀπαγόμενοι.
762 1308 972 1377 Ἀτμὰν
1025 1311 1207 1364 τοίνυν
1244 1310 1352 1364 τῶν
1386 1313 1532 1381 ἀμφὶ
1583 1313 1682 1383 τὴν
1716 1314 1954 1367 Νίκαιαν

374 1395 564 1449 τόπων
590 1398 809 1470 ἀπάρας
841 1401 922 1470 (τὸ
963 1402 1070 1473 γὰρ
1099 1400 1314 1474 συμϐὰν
1345 1404 1611 1475 πρότερον
1631 1404 1709 1474 τῷ
1734 1404 1954 1467 Μουζά-

375 1486 513 1541 λωνι
537 1490 760 1560 σφάλμα
791 1495 885 1547 καὶ
936 1494 1100 1548 πλέον
1127 1494 1353 1563 ὥγκωσε
1388 1494 1619 1566 τοῦτον),
1650 1497 1776 1560 τοὺς
1802 1496 1953 1565 ὀρει-

374 1579 506 1644 νοὺς
538 1581 763 1636 διελθὼν
798 1586 1060 1655 σίφωνας,
1099 1586 1318 1654 ἕτοιμος
1347 1582 1417 1658 ἦν
1459 1587 1753 1642 καταθέειν
1800 1590 1950 1642 Ἅλι-

374 1672 587 1737 ζώνων.
634 1676 795 1731 Ἀλλά
829 1680 959 1749 πρὶν
992 1679 1153 1734 αὑτὸν
1179 1678 1475 1746 εἰσϐαλεῖν,
1506 1680 1713 1750 πλῆθος
1740 1678 1953 1751 ἐχθρῶν

372 1768 664 1838 συναχθὲν,
698 1773 780 1834 είς
809 1771 1005 1825 ἑκατὸν
1031 1768 1279 1826 ποσωθὲν
1307 1775 1401 1827 καὶ
1436 1760 1654 1843 μόνους,
1687 1775 1816 1844 περί
1846 1789 1950 1827 που

2065 586 2159 638 καὶ
2213 587 2594 651 κυκλώσαντες
2648 589 2989 658 ἐτοξάξοντο,
3040 595 3130 648 καὶ
3164 592 3278 649 τῶν
3332 597 3638 652 διωκόντων

2061 673 2313 727 τοσοῦτον
2363 681 2810 755 περιγεγόνεισαν
2860 682 2997 737 ὥστε
3028 687 3123 739 καὶ
3151 688 3314 742 αὐτὸν
3345 695 3639 763 κατασχεῖν

2062 765 2154 817 τὸν
2182 767 2333 832 σφῶν
2369 768 2765 838 ἐξηγούμενον⁸
2799 775 2903 827 κᾶν
2938 774 3024 846 [Ρ.
3062 778 3188 849 229]
3222 778 3535 852 ἀπήγαγον,
3571 786 3639 855 ἦν

2067 857 2139 924 μή
2171 874 2254 920 τις
2281 859 2392 910 τῶν
2430 863 2531 929 τῆς
2567 861 2876 935 Ῥωμαϊκῆς
2898 869 3179 938 φάλαγγος
3207 872 3357 944 λῆμα
3390 881 3639 944 γενναῖον

2063 947 2263 1016 φέρων,
2327 954 2568 1023 στερρῶς
2629 957 2888 1025 ἐμπεσὼν
2934 961 3030 1014 καὶ
3095 969 3469 1034 περιγεγονὼς
3528 969 3639 1023 τῶν

2061 1035 2323 1103 ἀγόντων.
2353 1042 2448 1093 τοῦ
2482 1043 2652 1097 ἵππου
2685 1047 2847 1113 μόνου
2871 1051 3177 1120 τρωθέντος
3203 1055 3413 1110 ἐκεῖνον
3437 1058 3639 1122 ἐξείλε-

2060 1143 2140 1183 το.
2174 1129 2344 1185 Τοῦτο
2372 1134 2594 1202 γεγονός
2623 1153 2681 1191 τε
2712 1139 2806 1192 καὶ
2838 1142 3108 1197 ἀκουσοὲν
3152 1147 3247 1201 ἐπὶ
3272 1147 3436 1202 πλέον
3487 1168 3637 1223 παρ-

2060 1216 2268 1314 ώτρυνε
2322 1224 2412 1279 τὸν
2443 1226 2673 1298 Ἀτμὰν,
2732 1236 2824 1286 καὶ
2866 1237 3213 1308 ὑπερηφάνει
3263 1243 3290 1295 ό
3318 1216 3632 1314 βάρϐαροςο

2060 1312 2119 1406 ξς
2142 1312 2301 1367 τόσον
2326 1317 2433 1387 γὰρ
2461 1317 2522 1373 τὸ
2560 1324 2687 1395 περὶ
2711 1326 2875 1399 αρτὸν
2908 1332 3229 1403 στράτευμα
3273 1312 3632 1406 cuneatim,

2060 1403 2202 1459 ὥστε
2232 1408 2326 1461 καὶ
2359 1409 2570 1481 Πέρσας
2598 1415 2792 1482 ἄλλους
2819 1422 2883 1473 ὲκ
2904 1424 3014 1474 τῶν
3039 1427 3166 1494 περὶ
3189 1403 3504 1502 Μαίανδρον
3537 1403 3637 1487 erat;

2063 1500 2420 1593 ραγεγονότας
2478 1509 2802 1577 συμμάχους
2855 1511 2998 1583 ἔχειν
3030 1520 3124 1569 καὶ
3162 1520 3301 1588 πρός
3334 1500 3431 1593 τὴν
3466 1541 3637 1578 κατα-

2059 1585 2272 1683 ϐρομην
2302 1593 2677 1667 συλλήπτορας
2710 1603 2946 1668 ἱκανούς.
2982 1609 3153 1662 Τοῦτο
3182 1585 3227 1663 δ”
3248 1610 3315 1683 ἦν
3339 1585 3434 1668 καὶ
3455 1616 3517 1669 τὸ
3542 1618 3636 1671 τὸν

2073 1676 2361 1749 ’Δμούριον
2411 1686 2654 1757 ἑπηρκὸς
2700 1693 2795 1747 καὶ
2836 1700 3031 1751 πεῖσαν
3083 1709 3508 1774 παρασπονδεῖν,
3538 1708 3638 1779 ζηο

2059 1769 2399 1830 λοτυποΰντα
2436 1779 2572 1843 τέως
2603 1785 2652 1835 εἰ
2690 1776 2765 1838 ὧν
2794 1790 2958 1853 αὐτὸς
2991 1796 3131 1847 κατᾶ
3171 1799 3274 1868 τὴν
3312 1802 3452 1869 πρὸς
3481 1804 3640 1872 βασι-

368 1859 473 1929 τὴν
502 1862 809 1933 Τελεμαίαν
852 1865 1237 1935 καταδαρθεῖσι
1269 1868 1381 1930 τοῖς
1429 1867 1561 1935 περὶ
1590 1865 1685 1919 τὸν
1727 1866 1946 1930 Μουζά-
1983 1859 2025 1915 Β
2057 1860 2209 1960 ῗξλέα
2244 1867 2402 1935 χάριν
2429 1872 2719 1943 ἀπέσχετο,
2764 1881 2936 1937 ταῦτα
2971 1859 3245 1957 μακρόθεν
3283 1859 3637 1960 ἐσϐάλλοντες

369 1952 519 2007 λωνα
556 1954 782 2009 ἐπιστὰν
806 1958 862 2022 ἐξ
900 1956 1235 2028 ἀπροόπτου,
1288 1958 1523 2022 ἐκείνοις
1556 1957 1657 2027 μὲν
1692 1957 1765 2021 ὠς
1802 1959 1951 2023 εἰκὸς

368 2046 623 2117 ταραχὴν
656 2047 987 2117 ἐμϐάλλουσι
1011 2050 1111 2121 τὴν
1150 2052 1440 2121 μεγίστην,
1475 2050 1647 2105 πολλὰ
1670 2051 1725 2105 δὲ
1754 2049 1951 2104 λαϐόν-

366 2153 487 2200 τες,
517 2139 614 2192 καὶ
640 2141 843 2204 αὐτοὺς
892 2141 951 2194 ὲν
997 2144 1382 2214 σαυρωτῆρσιν
1423 2143 1640 2210 ὑσσοὺς,
1689 2143 1952 2214 ὑποστρὲ·

367 2246 592 2299 φουσιν.
639 2228 728 2295 Ὠς
754 2232 813 2286 δὲ
863 2235 1156 2297 συστάντες
1208 2230 1471 2306 Ῥωμαῖοι
1524 2240 1652 2297 τοὺς
1691 2238 1950 2300 ἐπιόντας

363 2321 621 2386 ἐδίωκον,
654 2322 947 2377 Excivere}:
991 2323 1180 2393 ὀρεινὰ
1217 2321 1731 2395 προκαταλαϐόντες
1764 2329 1859 2381 καὶ
1887 2329 1950 2381 rb

364 2509 522 2569 peret
549 2500 815 2567 aliquam.
844 2502 1041 2558 Atman
1075 2503 1241 2573 igitur
1262 2518 1293 2559 e
1330 2502 1468 2560 locis
1519 2505 1667 2560 circa
1701 2505 1943 2562 Nicaeam

366 2605 596 2645 movens
624 2591 775 2661 (nam
798 2607 921 2661 qua:
955 2593 1106 2662 prius
1137 2593 1411 2649 Iluzaloni
1444 2595 1752 2666 contigerat
1772 2596 1947 2652 oll'cn-

364 2683 460 2738 aio
512 2682 733 2740 animos
768 2684 846 2738 illi
898 2685 1176 2756 augebat),
1227 2695 1605 2757 transgressus
1655 2696 1947 2745 montanos

366 2775 665 2845 Sipliones,
700 2785 927 2847 paratus
947 2785 1067 2833 erat
1104 2778 1170 2832 ad
1226 2779 1588 2835 incursandos
1633 2780 1943 2836 Halizones.

366 2868 479 2922 Sed
508 2869 831 2939 priusquam
862 2869 917 2925 in
971 2870 1097 2926 illos
1160 2871 1413 2932 irrueret,
1477 2870 1701 2927 collecta
1750 2886 1946 2926 manus

372 2959 637 3027 hostium,
694 2969 914 3015 centum
953 2961 1195 3016 solorum
1239 2964 1481 3031 capitum
1514 2976 1623 3017 non
1671 2960 1944 3019 excedens

378 3063 688 3117 numerum,
722 3051 868 3106 circa
922 3052 1245 3109 Telemaaam
1286 3054 1482 3123 sapitis
1536 3069 1602 3110 ex
1646 3054 1944 3125 improviso

369 3140 762 3212 superveniens
791 3138 1062 3200 Muzalonl
1113 3158 1237 3202 cum
1271 3146 1407 3213 suis,
1469 3147 1557 3203 his
1590 3147 1834 3219 quidem,
1887 3158 1944 3203 ut

2042 1951 2209 2007 ’ἄλλοι
2235 1963 2916 2031 παρακερδαίνοιεν.Ἀλλὰ
2943 1951 3010 2030 ad:
3045 1951 3143 2047 μέν
3168 1983 3343 2052 τούτῳ
3375 1951 3636 2057 πεπραγ;

2061 2049 2198 2114 μένα
2268 2055 2461 2124 μικρὸν
2495 2050 2655 2129 ἦσαν,
2688 2065 2791 2117 κᾶν
2828 2066 2989 2131 αὐτὸς
3023 2072 3122 2123 οὐκ
3154 2049 3423 2142 ἀνίστατο
3455 2049 3634 2148 π’ράτ-

2235 2144 2354 2198 τότε
2404 2149 2450 2200 δ’
2499 2149 2704 2220 Ἀτμὰν
2759 2157 3010 2225 ἐπιστὰς,
3063 2163 3158 2216 καὶ
3202 2167 3351 2233 ἄγων
3380 2144 3639 2235 μὲν-τοὺς

2060 2230 2246 2299 ἰδίους,
2288 2235 2437 2302 ἄγων
2469 2241 2525 2293 δὲ
2573 2247 2666 2299 καίι⁸
2701 2248 2933 2313 πολλοὺς
2981 2257 3123 2309 κατὰ
3156 2261 3476 2329 συμμαχίαν
3512 2261 3635 2315 ἐτέ-

2062 2338 2188 2389 ρους
2226 2324 2645 2398 ἐξωρμημένους
2702 2340 2844 2391 κατὰ
2903 2342 3107 2397 λύσσαν
3139 2346 3306 2403 πάλαι
3334 2350 3445 2403 τῶν
3496 2353 3639 2406 κατὰ

2059 2498 2201 2552 xima
2239 2513 2422 2571 posset
2473 2514 2773 2579 rapacitate
2814 2526 3178 2587 graSsaretur,
3208 2532 3390 2581 tamen
3438 2531 3636 2601 exigua

2057 2591 2227 2647 videri
2253 2607 2502 2666 poterant
2527 2603 2728 2661 damna
2764 2617 2888 2679 qure
2924 2615 3001 2667 rei
3030 2611 3295 2672 Ruinanze
3341 2591 3636 2690 inferebat,

2056 2961 2273 3016 auxiliis
2299 2964 2770 3030 ferocissimorum
2798 2978 3096 3050 latronum,
3132 2988 3223 3059 qui
3256 3006 3397 3046 saeva
3425 2993 3633 3051 dudum

2055 3054 2110 3109 in
2141 3073 2240 3154 nos
2266 3062 2506 3119 instincti
2536 3068 2687 3127 rabie
2715 3086 2745 3126 e
2776 3076 3020 3143 partibus
3041 3054 3420 3154 Paphlagoniae
3444 3103 3635 3144 recens

2054 3149 2120 3199 ad
2153 3147 2331 3217 ipsum
2365 3169 2758 3227 convenerant,
2796 3169 2970 3233 parati
3005 3170 3203 3228 animis
3246 3176 3429 3233 delere
3472 3179 3638 3236 deso-

1607 3213 1623 3219 _
1821 3213 1825 3214 ν
2171 3213 2188 3217 _
2796 3213 2970 3233 μη..
3005 3213 3203 3228 ..........,
3247 3213 3429 3233 “me...
3472 3213 3638 3236 υσθυ-

367 3252 468 3306 par
496 3234 602 3291 fuit
635 3237 733 3291 tali
764 3244 909 3293 statu
943 3230 1324 3307 deprehensis,
1360 3241 1829 3309 perturbationem
1863 3241 1945 3296 in-
1975 3213 2017 3273 ο
2053 3237 2277 3309 lareque
2313 3242 2466 3301 obvia
2504 3262 2724 3318 cuncta,
2773 3257 3021 3331 nihilque
3070 3264 3252 3320 facere
3298 3271 3490 3340 reliqui
3538 3290 3638 3329 ex-

359 3325 498 3394 jecit
523 3327 842 3391 maximam,
872 3341 979 3397 qua
1012 3327 1231 3383 barbari
1261 3328 1431 3400 adjuti
1468 3344 1594 3384 cum
1637 3330 1740 3384 alia
1776 3333 1946 3386 multa

362 3424 482 3470 tum
516 3417 707 3472 hastas
735 3418 880 3487 ipsas
909 3419 1217 3475 decussatis
1251 3421 1540 3492 impositas
1572 3422 1625 3476 in
1659 3423 1783 3478 valli
1815 3439 1951 3478 cra-

363 3518 487 3563 tem
519 3509 802 3580 stipitibus
842 3510 1120 3566 auferunt.
1178 3511 1247 3568 Ut
1305 3522 1486 3570 antem
1510 3515 1746 3585 receptis
1797 3532 1827 3571 e
1856 3535 1951 3572 su-

366 3597 483 3654 bita
547 3602 996 3658 consternatione
1050 3603 1251 3659 animis
1303 3603 1537 3659 Romani
1590 3618 1757 3660 manu
1803 3607 1947 3663 facta

361 3691 605 3748 insecuti
635 3692 906 3763 fugientes
938 3704 1090 3759 sunt,
1148 3695 1225 3749 illi
1280 3705 1406 3750 nota
1475 3699 1610 3768 ipsis
1674 3701 1944 3755 montium

357 3779 494 3853 juga
523 3791 843 3850 tenuerunt,
876 3785 1114 3856 indeque
1147 3800 1346 3842 securo
1368 3788 1479 3858 jam
1509 3789 1563 3845 in
1598 3788 1719 3846 loco
1776 3792 1949 3847 stabi-

362 3876 445 3932 liti
476 3877 946 3947 sagittisnostros
988 3879 1355 3951 impetebant,
1412 3883 1654 3954 undique
1691 3897 1787 3952 per
1840 3887 1946 3941 cir-

358 3974 573 4025 cuitum
604 3976 843 4039 superne
860 3970 1200 4041 iaculantes;
1243 3982 1568 4043 tantumque
1601 3978 1948 4034 circumven-

359 4067 435 4124 tis
469 4066 537 4122 iis
563 4067 657 4138 qui
710 4081 772 4123 se
818 4067 1252 4137 insequebantur
1289 4068 1714 4135 praevaluernnt,
1777 4080 1833 4125 ιιι
1890 4083 1945 4129 et

358 4154 543 4229 ipsum
602 4159 796 4212 harum
873 4159 1067 4215 ducem
1133 4161 1662 4229 comprehenderent
1725 4165 1943 4234 abegis-

357 4259 614 4320 sentque,
646 4252 749 4305 nisi
794 4250 1067 4322 quispiam
1138 4267 1169 4306 e
1212 4251 1456 4307 Romana
1524 4254 1802 4324 phalange
1846 4272 1942 4326 ge-

360 4359 563 4399 neroso
607 4354 829 4399 evectus
868 4346 1073 4414 impetu
1126 4344 1504 4400 vehementem
1561 4346 1791 4403 fecisset
1842 4350 1942 4402 im-

356 4436 700 4506 pressionem
738 4438 791 4490 in
842 4437 1132 4504 barbaros,
1167 4445 1275 4492 tam
1320 4437 1534 4493 fortiter
1586 4453 1701 4493 rem
1741 4457 1937 4508 gerens

2055 3336 2240 3386 tremte
2291 3338 2597 3394 crudelitati
2669 3343 2994 3417 diripiendis
3057 3336 3508 3430 abduce-udisque
3578 3367 3634 3422 in

2053 3423 2444 3482 servitudinem
2497 3431 2661 3499 plane
2698 3443 2970 3495 universis
3018 3445 3215 3500 ineolis
3258 3450 3474 3506 illoru-u
3520 3464 3635 3511 tra-

2051 3523 2260 3570 ctuum.
2325 3519 2438 3575 Hus
2495 3523 2584 3577 ille
2628 3544 2751 3583 cum
2807 3535 2923 3589 suis
2972 3541 3250 3599 veteribus
3286 3559 3635 3617 aggregass;~t

2051 3606 2247 3675 cupiis,
2279 3611 2593 3670 universum
2648 3618 2759 3675 illic
2811 3627 3114 3683 exercitum
3157 3648 3262 3688 una
3299 3606 3486 3693 secum
3531 3642 3633 3694 lia-

2052 3693 2232 3751 bebat.
2282 3698 2580 3772 Oppositus
2620 3709 2694 3763 illi
2742 3715 2919 3770 stabat
2969 3735 3127 3779 unica
3182 3727 3347 3779 tutela
3399 3693 3630 3785 Romani

2053 3788 2243 3847 limitis
2290 3793 2536 3866 Muzalo;
2568 3802 2658 3870 qui
2699 3808 2991 3864 recensitis
3035 3814 3172 3878 suis,
3226 3818 3535 3889 collataque
3575 3824 3629 3878 in

2052 3896 2218 3936 unum
2271 3900 2535 3954 quantum
2589 3908 2876 3964 supererat
2913 3901 3281 3961 Romanarum
3321 3914 3627 3981 copiarum,

2048 3985 2312 4043 quantum
2352 3976 2724 4055 Alanicarum,
2764 3992 2849 4045 vix
2900 3999 3201 4055 numeratis
3224 4001 3384 4056 simul
3423 4004 3631 4077 indige-

2051 4070 2135 4122 nis
2163 4070 2325 4125 simul
2354 4078 2560 4132 exteris
2602 4080 2709 4134 duo
2751 4082 2917 4137 millia
2960 4087 3195 4143 militum
3223 4093 3498 4163 explebat.
3528 4070 3632 4152 lib

2050 4170 2281 4216 tremum
2335 4175 2515 4221 tamen
2574 4170 2872 4229 Muzaloais
2920 4172 3098 4234 oculis
3127 4190 3181 4234 et
3209 4184 3394 4239 animo
3429 4189 3630 4245 obver-

2047 4268 2176 4306 sans
2207 4256 2506 4322 periculum
2540 4261 2800 4318 Romanae
2827 4266 2904 4319 rei
2943 4269 3224 4325 audaciam
3253 4277 3300 4329 ei
3335 4288 3501 4348 atque
3531 4283 3630 4335 im-

2049 4354 2232 4412 petum
2287 4361 2386 4414 pro
2430 4353 2541 4407 aris
2584 4351 2832 4425 focisque
2863 4357 3176 4418 decertandi
3206 4377 3398 4423 contra
3437 4373 3628 4440 plures

2045 4437 2230 4504 dabat,
2259 4438 2400 4495 haud
2443 4443 2870 4505 abhorrentibus
2896 4467 2923 4506 a
2950 4453 3107 4510 ducis
3134 4465 3404 4517 sententia
3435 4437 3631 4534 pleris-

363 4538 424 4584 ω
454 4529 704 4598 (“Siccus
752 4530 843 4593 iis,
887 4544 989 4584 suo
1029 4538 1241 4584 “mum
1305 4545 1446 4600 equo
1498 4534 1746 4586 sauciam
1773 4575 1785 4597 ,
1823 4535 1938 4604 ipse
1974 4544 2016 4601 ο
2043 4544 2149 4598 que
2198 4531 2448 4602 militum,
2488 4536 2611 4592 licet
2645 4555 2760 4595 sua:
2805 4547 3041 4603 consciis
3067 4554 3385 4619 paucitatis.
3433 4529 3501 4611 fit
3533 4560 3629 4613 ha-

365 4622 662 4678 incolumis
693 4623 925 4676 liberum
958 4624 1232 4693 captivum
1279 4623 1579 4680 reduxerit.
1610 4622 1769 4695 333
1827 4627 1937 4680 lluc

357 4716 436 4772 ita
486 4724 699 4787 gestum
751 4722 804 4771 et
855 4715 962 4769 late
1013 4716 1343 4770 celebratum
1414 4718 1590 4788 magis
1657 4718 1939 4788 magisque

366 4810 622 4865 incitavit
662 4811 946 4862 Atmanem
977 4846 992 4872 ,
1028 4804 1439 4879 Barbarumque
1490 4809 1543 4864 in
1595 4811 1792 4864 fastum
1847 4828 1941 4865 ex-

357 4902 532 4958 tulit:
567 4903 704 4956 adeo
746 4900 891 4955 enim
937 4898 1049 4967 jam
1096 4898 1213 4968 ejus
1264 4901 1432 4969 copiae
1479 4913 1653 4956 auctae
1704 4916 1937 4955 numero

353 5003 517 5053 erant
548 5037 565 5062 ,
596 5001 655 5048 ut
694 5001 749 5048 et
782 4992 980 5047 Persas
1012 4992 1149 5048 alios
1196 5008 1225 5049 e
1261 4992 1577 5063 regionibus
1626 4995 1826 5051 vicinis
1869 4996 1937 5050 ad

354 5105 418 5146 se
446 5089 595 5142 ultro
621 5095 882 5141 coeuntes
912 5084 1092 5141 socios
1119 5083 1341 5138 haberet
1376 5093 1430 5139 et
1466 5084 1534 5139 ad
1560 5086 1936 5143 incursionem

354 5180 605 5253 quolibet
632 5177 1058 5249 promovendam
1105 5176 1387 5245 adjutores
1422 5178 1668 5232 idoneos.
1723 5177 1837 5233 lloc
1886 5189 1939 5232 et

351 5275 584 5331 Amurio
607 5271 920 5343 superbiam
952 5269 1170 5341 adjecit.
1205 5269 1318 5326 Hoc
1350 5271 1427 5325 illi
1455 5273 1734 5341 persuasit
1763 5273 1938 5328 foedus

354 5365 632 5436 frangere,
680 5364 1031 5420 aemulatione
1076 5362 1337 5417 instinCto
1375 5377 1563 5451 avara,
1619 5378 1726 5433 qua
1762 5366 1811 5420 ei
1854 5364 1938 5417 vi-

354 5457 590 5514 debatur
629 5452 976 5510 intolerabile
1013 5468 1074 5510 se
1117 5454 1336 5525 quidem
1374 5455 1665 5524 promissae
1705 5457 1939 5524 impera-

355 5549 460 5603 tori
518 5547 644 5602 tldei
696 5547 962 5623 religione
1009 5546 1250 5601 vinctum
1312 5544 1591 5600 abstinere
1648 5560 1847 5601 manus
1906 5561 1937 5601 a

355 5639 534 5709 praeda
559 5639 829 5704 Romana,
855 5638 1072 5693 interim
1099 5638 1227 5693 dum
1250 5636 1398 5692 illam
1440 5638 1533 5692 alii
1561 5638 1773 5708 longius
1806 5655 1933 5708 pro-

355 5731 480 5786 fecti
506 5742 672 5787 tutam
706 5734 760 5786 in
808 5720 910 5786 su'a
956 5730 1106 5785 lucra
1164 5739 1461 5786 verterent.
1520 5730 1627 5786 Sed
1683 5734 1935 5801 quamvis

353 5823 499 5880 haud
526 5837 663 5879 sane
712 5822 818 5879 sibi
849 5821 1108 5875 Amuriu‘s
1145 5822 1404 5891 parcebat
1434 5820 1567 5892 quin
1599 5836 1765 5891 quam
1815 5836 1935 5876 ma-

2046 4621 2254 4676 lmisset
2302 4624 2403 4678 ista
2463 4625 2663 4684 ﬁducia
2716 4647 3058 4703 successum,
3119 4643 3512 4717 vicissentque.
3571 4662 3632 4707 ut

2043 4714 2263 4782 plurimi
2313 4717 2616 4786 afﬁrmant,
2649 4724 2694 4778 si
2728 4734 2820 4779 aut
2872 4729 3032 4797 plane
3071 4748 3264 4791 omnes
3313 4714 3633 4810 conspiras-

2046 4816 2166 4859 ευιιι
2208 4809 2259 4862 in
2292 4825 2621 4878 generosum
2655 4816 2756 4872 hoc
2802 4821 3170 4889 propositum,
3197 4837 3293 4882 aut
3328 4830 3381 4883 in
3407 4809 3473 4885 eo
3498 4838 3637 4888 con;

2041 4898 2236 4952 cor-des
2267 4914 2716 4969 perseverassent
2751 4910 3109 4982 unanimique
3145 4913 3467 4975 fortitudine
3494 4923 3626 4978 telis

2044 4989 2252 5045 viribus
2281 5000 2336 5046 et
2374 4993 2576 5048 animis
2612 4998 2666 5050 in
2698 4996 2842 5054 istud
2884 5004 3131 5071 pra-lium
3171 5008 3432 5067 ruissent.
3464 5010 3629 5086 33E.

2040 5080 2199 5139 Nunc
2227 5086 2382 5141 multi
2426 5105 2490 5144 ex
2528 5089 2687 5159 ipsis,
2724 5093 2806 5148 vel
2855 5093 3057 5152 innatae
3095 5097 3440 5171 indulgentes
3474 5080 3626 5176 igua:-

2040 5177 2161 5238 vim,
2189 5178 2271 5232 vel
2313 5180 2651 5251 refrigerato,
2704 5188 2748 5240 si
2784 5201 2945 5255 quem
3001 5194 3322 5263 concepisse
3376 5196 3478 5252 visi
3509 5198 3629 5253 fut:-

2044 5278 2188 5335 rant,
2226 5273 2420 5327 ardore
2460 5284 2682 5331 strenue
2736 5278 3054 5350 dimicandi,
3103 5301 3301 5357 segnes
3331 5292 3628 5360 ancipitesn

2039 5375 2147 5430 que
2177 5362 2484 5432 torpebant.
2545 5365 2600 5420 ln
2653 5368 2739 5424 his
2788 5380 2946 5427 erant
3002 5390 3144 5445 quos
3191 5378 3371 5432 adhuc
3435 5384 3627 5435 urebat

2041 5450 2200 5505 dolor
2248 5456 2620 5522 contumelia,
2672 5468 2730 5513 ut
2764 5464 3051 5532 putabant,
3095 5467 3427 5539 iniuriaeque
3456 5487 3622 5527 acce—

2041 5553 2164 5612 p133,
2190 5558 2315 5599 cum
2350 5550 2474 5616 equi
2511 5553 2830 5622 nummique
2870 5556 3197 5628 ipsis-erepti
3226 5561 3420 5617 Alanis
3459 5564 3621 5623 auri-.-

2040 5635 2156 5691 buti
2202 5636 2442 5701 fuerant,
2474 5657 2583 5711 quo
2620 5643 2924 5703 Romanam
2955 5650 3205 5705 militiam
3235 5652 3466 5721 peri-isse
3498 5652 3626 5711 fun-

2040 5727 2192 5782 ditus
2217 5732 2610 5801 querebantur,
2665 5737 2922 5807 taediique
2970 5741 3097 5795 inale
3140 5756 3205 5796 ac
3244 5743 3432 5799 livoris
3470 5743 3618 5812 pleni

2042 5837 2145 5877 nec
2177 5827 2595 5881 consentiebant
2626 5831 2865 5894 caeteris,
2908 5848 3008 5888 nec
3050 5834 3313 5904 impetum
3355 5836 3687 5948 εκριιιίιιεο,Χ
