4024 6412
422 306 433 359 γ’
468 348 571 410 3m

1697 352 1740 411 Ο
1754 351 1955 412 EORG
1970 351 2021 410 Il
2069 352 2260 410 PACI]
2273 352 2549 412 YMERE

3616 350 3711 409 368

471 470 855 539 Παφλαγονίαν
910 468 1116 538 μερῶν,
1177 468 1430 538 ἑτοίμους
1488 466 1793 534 ἐξαλείφειν
1841 482 1898 516 τε
1948 465 2040 516 καὶ
2070 467 2109 523 Α
2144 461 2439 533 πολεμίους
2469 463 2565 514 καὶ
2594 461 2698 515 ὑπὸ
2732 460 2864 514 πόδα
2893 474 3198 529 χωρουντες
3250 458 3344 510 καὶ
3376 455 3572 529 λέχριοί
3601 474 3704 518 πως

468 565 705 631 ἀπάγειν
733 564 803 616 τὰ
831 564 967 632 πρὸς
1008 563 1168 615 ποσὶν
1220 563 1286 615 ἐκ
1316 560 1520 629 πολλῆς
1552 560 1899 629 ἰταμότητος,
1927 557 2044 610 ἐκεῖ

470 671 575 707 που
627 653 834 715 πάντας
888 655 1136 721 συνῆγεν.
1189 654 1251 704 Οί
1282 644 1325 703 8⁵
1352 651 1495 719 ἀμφὶ
1535 649 1626 703 τὸν
1680 647 2041 711 Μουζάλωνα,

468 751 593 802 ὅσον
631 746 939 817 Ῥωμαϊκὸν
973 749 1069 800 καὶ
1117 746 1240 799 ὅσον
1294 744 1599 809 Ἀλανικὸν,
1638 743 1760 795 ὅσον
1794 739 2043 808 ἰθαγενές

469 843 563 897 καὶ
589 844 711 896 ὅσον
745 839 965 904 ἔξωθεν,
1003 838 1156 908 μόλις
1206 855 1308 891 που
1340 838 1468 906 περὶ
1494 836 1586 889 δύο
1618 835 1864 904 χιλιάδας
1898 831 2044 885 συνί-

472 949 657 984 στατο.
690 932 878 999 Ὅμως
930 946 993 998 γε
1052 931 1232 998 μέντοι
1261 928 1321 980 τὸ
1356 928 1446 981 ἐπὶ
1474 926 1574 995 τῆς
1620 924 1827 987 οἰκείας
1865 924 2038 993 μάχε-

472 1023 591 1074 σθαι
626 1000 825 1090 πολλὴν
856 1021 1008 1088 σφίσι
1050 1018 1221 1088 ῥοπὴν
1250 1019 1341 1069 ἐπὶ
1369 1017 1446 1085 τῷ
1471 1015 1673 1084 τολμᾷν
1722 1014 1857 1083 πρὸς
1890 1012 2041 1064 πλεί-

472 1130 628 1174 στους
665 1111 868 1179 ὀλίγοις
923 1110 1117 1163 ἐδίδου.
1156 1108 1278 1162 Κᾶν
1310 1107 1407 1161 καὶ
1463 1103 1850 1174 περιγενέσθαι
1899 1104 2041 1168 σφᾶς

412 1256 415 1261 ,
469 1201 829 1272 ξ’)μϐεϐήκοι,
882 1199 1040 1269 εἴπερ
1076 1198 1331 1267 γνησίαις
1378 1195 1647 1265 καρδίαις,
1704 1194 1778 1256 ὡς
1824 1193 2039 1254 πολλοῖς

469 1296 710 1362 ἐλέγετο,
739 1292 940 1361 ὥρμων
962 1290 1058 1344 καὶ
1076 1289 1176 1357 τῆς
1204 1289 1382 1358 μάχης
1407 1286 1893 1354 ἀντελαμϐάνοντο.
1924 1283 2039 1336 Νῦν

467 1381 511 1432 δ’
544 1381 659 1434 ἀλλ’
693 1380 1139 1451 ἐρρᾳθυμηκότες
1180 1371 1290 1429 οἷον
1340 1376 1435 1429 παλ¹
1484 1376 1691 1445 νάρκην
1752 1375 2036 1435 παθίντες.

468 1474 565 1541 οὐχ
592 1466 756 1543 ἦττον
804 1476 866 1525 ἐκ
900 1471 1150 1534 δυσνοίας
1188 1470 1219 1540 ἢ
1258 1469 1535 1531 ἀϐουλίας,
1595 1460 1942 1537 ἀφῃρημένοι
1980 1467 2037 1531 ἐξ

469 1562 709 1629 ὑπογύου
742 1564 835 1615 καὶ
866 1563 1063 1625 ἵππους
1095 1560 1190 1614 καὶ
1227 1561 1487 1630 χρήματα
1545 1557 1630 1611 διὰ
1654 1557 1752 1629 τὴν
1796 1558 2035 1626 ἐπισυμ-

469 1659 640 1710 fﬁciam
671 1656 778 1708 τῶν
812 1654 1053 1708 Ἀλανῶν
1106 1655 1268 1708 ἕνεκα
1314 1653 1373 1719 ἐξ
1405 1652 1665 1706 ἁπάντων
1698 1650 2034 1712 συντέλειαν,

465 1748 563 1809 τὰς
620 1745 795 1816 ὁρμάς
851 1746 899 1799 τ’
938 1744 1247 1798 ἐπεκλῶντο
1278 1744 1372 1798 καὶ
1423 1743 1789 1814 ἀτολμότερον
1847 1740 2038 1811 συνερ-

466 1844 749 1921 ῥήγνυντο.
788 1839 853 1893 Ὃ
883 1838 977 1891 καὶ
1004 1838 1119 1899 ταῖς
1149 1835 1388 1906 Πέρσαις
1416 1834 1665 1904 μεγάλην
1713 1831 1888 1901 ῥοπὴν
1918 1831 2036 1882 ἐνε-

464 1938 629 1993 ποίει,
680 1936 774 1987 καὶ
830 1932 1033 2002 μᾶλλον
1068 1929 1312 1999 ἐτόλμων
1360 1925 1480 1980 κατ’
1514 1924 1711 1992 ὀλίγων
1762 1921 2034 1975 πλεῖστοι.

464 2030 619 2082 Οὕτω
652 2026 708 2079 δὲ
764 2027 863 2094 τῆς
919 2024 1100 2094 μάχης
1157 2018 1518 2089 άνισουμένης
1551 2017 1644 2070 καὶ
1701 2014 1897 2084 πλήθει
1945 2014 2037 2066 καὶ

462 2121 694 2193 γνώμῃ,
752 2120 1014 2173 πίπτουσι
1051 2115 1151 2185 μὲν
1200 2115 1300 2167 οὐκ
1351 2112 1544 2181 ὀλίγοι,
1603 2111 1867 2178 φεύγουσι
1912 2107 1959 2159 δ’
1988 2105 2036 2158 οί

462 2211 812 2274 πλείους,καὶ
843 2210 908 2279 τῇ
932 2204 1275 2276 Νικομηδείᾳ
1305 2203 1536 2271 ἐγγύθεν
1560 2199 1693 2271 οὔσῃ
1722 2200 1860 2268 μετὰ
1885 2213 2037 2267 περι-

463 2298 666 2369 φανοῦς
703 2299 803 2367 τῆς
853 2295 1065 2366 τροπῆς
1118 2292 1496 2354 διεκπαίοντες
1555 2286 2036 2343 συνεισδάλλουσιν

461 2392 697 2454 ἀκλεῶς.
722 2388 950 2454 Ἔδοξαν
979 2386 1034 2439 δέ
1068 2385 1189 2439 τότε
1224 2387 1319 2438 καὶ
1349 2385 1405 2446 ἐς
1437 2381 1571 2436 πολὺ
1601 2383 1861 2454 χρήσιμοι
1878 2380 2037 2432 Ἀλα-

386 2508 395 2517 ~
462 2488 539 2538 νοὶ
578 2484 835 2544 πεσόντες
864 2478 1083 2543 πλείους
1114 2477 1254 2547 ὑπὲρ
1293 2476 1584 2545 Ῥωμαίων
1607 2493 1618 2506 -
1651 2473 1727 2544 τῷ
1757 2476 1865 2544 γὰρ
1887 2472 2036 2542 πεζῷ

464 2575 641 2643 πολλῷ
668 2591 728 2642 γε
760 2573 873 2625 δντι
910 2570 1144 2632 διδόντες
1174 2568 1359 2623 ἄνεσιν
1385 2569 1464 2629 είς
1497 2566 1557 2618 τὸ
1587 2564 1813 2634 φεύγειν
1852 2563 2036 2615 κλινά-

463 2687 561 2739 σης
593 2668 692 2739 ἤδη
722 2667 819 2735 τῆς
852 2663 1054 2735 μάχης,
1082 2661 1239 2715 αὐτοὶ
1287 2659 1387 2731 μὲν
1418 2656 1880 2729 περικυκλοῦντες
1911 2656 2035 2717 τοὺς

452 2828 590 2888 bant
630 2826 927 2898 quidquam
970 2819 1325 2893 aggrediendi
1359 2818 1494 2875 viris
1521 2819 1785 2892 dignum;
1824 2834 2035 2890 parque

460 2924 631 2994 frigus
662 2922 720 2974 in
773 2930 1007 2989 pugnant
1046 2914 1285 2986 protrusi
1335 2912 1393 2969 in
1442 2914 1560 2984 ipsa
1604 2913 1723 2968 acie
1757 2925 2036 2967 monstra-

458 3023 609 3070 runt.
635 3013 693 3067 ld
721 3011 865 3081 quod
899 3008 1081 3064 Persis
1129 3005 1573 3061 animadversum
1615 3005 1851 3060 addebat
1881 3005 2034 3059 vide-

2147 554 2541 625 ἐπιτιθέμενοι,
2576 553 3002 624 περιαργοῦντες
3041 553 3314 624 ἐπίτηδες,
3334 553 3532 613 ὀϊστοῖς
3563 553 3710 605 ἔϐαλ-

2144 646 2234 699 λον
2261 646 2356 699 καὶ
2396 648 2594 711 πεζοὺς
2624 647 2750 708 τοὺς
2779 646 2915 708 τέως
2951 646 3184 705 ἱππότας
3210 644 3503 696 ἐδείκνυον.
3533 645 3708 707 ιιεζῶν

2144 737 2202 791 δὲ
2236 740 2394 805 νέφος
2426 740 2647 791 ἐκείνων
2685 736 3103 805 συνειλούμενον
3134 735 3285 803 σφίσι
3317 737 3412 787 καὶ
3440 735 3708 789 διεκπιίον

2143 830 2210 880 τὰ
2247 829 2433 897 πρόσω
2460 827 2794 892 ἀπεσώζετο.
2835 829 3065 882 Ἐκεῖνοι
3111 827 3167 879 δὲ
3198 826 3297 893 τῆς
3326 826 3509 878 αὐτῶν
3541 844 3708 892 σωτη-

2147 920 2270 988 ρίας
2300 919 2385 990 [Ρ.
2414 918 2542 991 250]
2578 919 2701 982 τοὺς
2750 919 2872 972 καθ’
2905 918 3102 981 αὐτοὺς
3135 916 3564 988 προϐαλλόμενοι
3596 933 3704 969 κιν-

2142 1009 2332 1071 δύνους
2381 1012 2626 1079 συνεχεῖς
2657 1010 2910 1063 ἔπιπτον.
2966 1009 3075 1062 Καὶ
3109 1008 3262 1061 οὐδὲν
3314 1002 3383 1077 ἦν
3423 1007 3482 1058 τὸ
3533 1008 3707 1062 λοιπὸν

2143 1102 2237 1152 καὶ
2266 1100 2325 1153 τὸ
2356 1102 2513 1171 νικᾷν
2542 1102 2759 1172 Πέρσας
2790 1103 2885 1154 καὶ
2933 1101 3339 1169 διασπαρέντας
3370 1100 3528 1154 ἄλλον
3552 1101 3704 1153 ἀλλα-

2142 1192 2237 1261 χοῦ
2263 1191 2623 1261 κατατρέχειν
2651 1192 2717 1246 τὰ
2739 1192 3062 1261 πρόσχωροι,
3086 1189 3194 1243 τῶν
3222 1190 3436 1245 πολλῶν
3472 1191 3711 1243 ἐντεῦθεν

2142 1286 2220 1345 είς
2245 1283 2436 1353 ῥᾳδίαν
2463 1282 2739 1352 προνομὴν
2768 1283 3039 1351 κειμένων
3070 1283 3211 1335 κατὰ
3241 1281 3449 1351 πολλὴν
3484 1284 3707 1352 ἐρημίαν

2139 1374 2249 1427 τῶν
2292 1373 2630 1428 κωλυόντων.
2669 1368 2845 1445 Ἦρξε
2889 1374 3071 1428 τοίνυν
3111 1373 3286 1428 ταῦτα
3330 1374 3586 1445 μεγάλων
3610 1391 3704 1426 κα-

2141 1466 2253 1520 κῶν
2280 1466 2466 1536 ἁπάσῃ
2493 1468 2559 1537 τῇ
2612 1465 2787 1537 χώρᾳ,
2832 1468 2921 1520 ἐπὶ
2975 1469 3188 1538 καιροῖς
3231 1466 3573 1536 ἀναγκαίοις,
3604 1469 3708 1529 τοῖς

2138 1558 2248 1611 τῶν
2283 1558 2511 1627 καρπῶν
2544 1557 2830 1627 συλλογῆς,
2876 1560 2987 1610 τῶν
3036 1560 3135 1629 μὲν
3189 1561 3580 1629 ἀπαγομένων,
3608 1558 3708 1609 τῶν

2137 1648 2196 1702 δὲ
2232 1648 2641 1717 σφαττομένων,
2687 1648 2807 1702 ἔστι
2857 1648 2903 1704 δ’
2928 1644 3003 1703 ὧν
3040 1652 3137 1703 καὶ
3189 1650 3528 1723 φευγόντων,
3557 1648 3610 1700 εί
3635 1664 3707 1709 τις

2139 1739 2234 1792 καὶ
2285 1738 2732 1809 προαπανίστατο
2758 1740 2865 1794 τῶν
2893 1740 3084 1795 δεινῶν
3115 1741 3209 1795 καὶΙ
3239 1740 3486 1813 φρουρίῳ
3517 1742 3618 1793 τινί
3646 1741 3709 1792 τὰ

2140 1830 2263 1883 καθ’
2300 1830 2462 1883 αὑτὸν
2491 1830 2801 1885 ἐπίστευεν.

2140 1928 2253 1987 κς¹.
2285 1922 2613 1992 Καταφυγὴ
2639 1920 2757 1975 τῶν
2783 1922 2898 1987 ἔξω
2923 1925 3165 1980 πανοικὶ
3192 1924 3344 1993 πρὸς
3366 1924 3482 1995 τὴν
3513 1925 3702 1978 πόλιν.

2212 2015 2298 2087 [Ρ.
2332 2016 2459 2087 251]
2492 2012 2646 2079 Εἶδες
2673 2017 2729 2069 δὲ
2761 2017 2883 2070 τότε
2914 2018 3010 2072 καὶ
3041 2019 3169 2080 τοὺς
3207 2018 3472 2088 ἐνδοτέρω
3514 2034 3697 2069 σκευα·

2140 2107 2474 2177 γωγοῦντας,
2503 2110 2599 2162 καὶ
2626 2109 2849 2179 οἰκτρὰν
2878 2108 3006 2163 θέαν
3043 2116 3270 2179 περαιου
3281 2110 3476 2180 μένους
3509 2109 3584 2170 είς
3612 2110 3702 2159 π-ῧ-

2139 2203 2242 2266 λιν,
2280 2203 2617 2271 ἀπογνόντας
2648 2203 2748 2273 ήδη
2784 2200 3018 2274 τὴντῶν
3054 2203 3199 2258 ίδίων
3222 2204 3522 2273 σωτηρίαν.
3557 2202 3703 2255 K216

2140 2295 2383 2367 πορθμὸς
2432 2287 2589 2358 οὗτος
2626 2296 2861 2367 ἑκάστης
2919 2296 3238 2367 μυρμηκιὰν
3279 2294 3582 2365 ἀνθρώπων
3615 2294 3699 2344 καὶ

2140 2389 2292 2453 ζώων
2322 2388 2552 2459 ἐδέχετο,
2605 2390 2705 2442 οὐκ
2757 2388 2886 2442 ἀνευ
2928 2389 3227 2459 συμφορῶν
3268 2387 3382 2441 τῶν
3431 2386 3692 2455 μεγίστων

2137 2480 2588 2548 ἀπαλλαγέντων·
2623 2480 2745 2533 οὐδὲ
2775 2479 2882 2550 γὰρ
2907 2474 2975 2555 ἦν
2997 2481 3143 2543 ὅστις
3173 2480 3232 2533 οὐ
3265 2482 3377 2533 τῶν
3404 2479 3546 2532 ίδίων
3571 2480 3697 2532 ἀπε-

2140 2571 2326 2641 θρήνει
2380 2572 2479 2641 τὴν
2517 2572 2796 2641 στέρησιν,
2860 2571 2959 2640 τῆς
3008 2571 3108 2641 μὲν
3138 2570 3587 2639 άνακαλουμένης
3616 2569 3698 2619 τὸν

2137 2662 2330 2733 ἄνδρα,
2356 2662 2454 2731 τῆς
2479 2661 2535 2715 δὲ
2587 2662 2678 2716 τὸν
2705 2662 2819 2716 υίὸν
2848 2662 2880 2734 ἢ
2913 2662 3019 2734 μὴν
3050 2662 3149 2736 τὴν
3193 2663 3497 2733 θυγατέρα,
3545 2660 3698 2729 άλλη(

2142 2856 2261 2911 quae
2301 2840 2521 2897 diverse
2575 2839 2628 2894 in
2678 2840 2879 2896 multas
2910 2840 3075 2896 simul
3116 2849 3306 2911 partes
3344 2840 3594 2895 Romanae
3622 2839 3696 2893 di-

2141 2927 2308 2982 tionis
2342 2928 2733 2997 irrumperent.
2768 2927 2836 2982 Et
2882 2925 3191 2985 sufficiebat
3221 2932 3310 2986 vel
3340 2931 3570 3003 exiguus
3610 2945 3696 2981 nn-

2140 3034 2325 3072 merus
2360 3018 2433 3072 rei
2474 3018 2675 3089 ubique
2722 3035 2789 3074 ex
2842 3022 3087 3090 ipsorum
3120 3024 3399 3077 sententia
3444 3019 3694 3089 gerendae,

459 3105 582 3159 “ce'
614 3103 720 3158 “"3
739 3101 972 3165 animos:
995 3110 1355 3202 magnamque.
1391 3094 1702 3202 Γδξυιιδξθῖη
1728 3094 2031 3202 Ρειξιοίοτθεο
2058 3140 2102 3202 C
2137 3118 2359 3178 prepter
2395 3108 2730 3164 debilitatem
2772 3118 2827 3166 et
2857 3111 3266 3167 destitutionem
3320 3114 3375 3169 in
3410 3113 3500 3168 illo
3541 3110 3698 3165 limite

457 3212 665 3267 eosque
688 3194 932 3259 timidos,
959 3191 1243 3247 obterendi
1268 3189 1560 3245 tribuebat.
1597 3189 1677 3243 ita
1710 3189 1848 3243 male
1879 3205 2030 3243 com-

455 3297 650 3362 parato
673 3290 815 3343 inter
837 3288 965 3341 hinc
1000 3299 1204 3355 paucos
1252 3284 1355 3339 sibi
1386 3281 1689 3338 difﬁdentes
1723 3292 1777 3337 et
1800 3282 2028 3347 debiles,

455 3385 608 3439 illinc
644 3381 910 3451 plurimos
955 3379 1162 3448 optime
1204 3376 1479 3431 animatos
1529 3372 1809 3443 fortesque
1848 3384 2029 3428 certa-

456 3477 623 3537 mine.
677 3473 923 3544 przelium
971 3471 1324 3527 commissum
1355 3477 1459 3533 est,
1495 3484 1563 3524 eo
1589 3468 1683 3537 qui
1723 3472 2030 3537 cxsliectari

455 3567 645 3621 debuit
678 3571 901 3627 eventu,
952 3570 1010 3615 ut
1050 3568 1365 3615 nostrorum
1407 3559 1669 3613 nimirum
1715 3575 1819 3612 non
1874 3558 2029 3628 pauci

456 3658 734 3721 caderent,
773 3653 993 3724 plurimi
1046 3652 1317 3721 fugerent,
1372 3659 1425 3704 ct
1464 3651 1518 3703 in
1566 3650 1755 3705 urbem
1795 3649 2028 3706 vicinam

457 3749 831 3804 Nicomediam
879 3746 1041 3815 plane
1090 3744 1195 3798 fusi
1260 3757 1361 3798 nec
1414 3742 1832 3797 dissimulanter
1879 3743 2031 3810 victi,

453 3842 628 3899 cladis
679 3840 821 3910 pleni
850 3837 1242 3906 dedecorisque
1269 3833 1646 3903 confugerent.
1681 3835 2034 3891 Demonstra-

458 3937 586 3985 runt
624 3943 681 3983 se
706 3926 999 3981 occasione
1031 3925 1133 3981 ista
1160 3923 1315 3978 valde
1349 3922 1511 3979 utiles
1543 3921 1805 3980 Romanis
1828 3924 1984 3978 Alani
2012 3943 2026 3991 ;

454 4038 683 4093 quorum
717 4021 907 4090 utique
959 4017 1116 4073 mu‘lti
1152 4029 1251 4085 pro
1296 4016 1471 4071 salute
1510 4024 1824 4071 nostrorum
1868 4032 2031 4071 occu-

454 4115 692 4169 buerint.
736 4110 988 4166 Videutes
1016 4108 1218 4180 quippe
1249 4107 1571 4162 inclinatam
1604 4107 2033 4163 irrevocabiliter

454 4208 520 4262 ad
559 4206 739 4275 fugam
787 4205 957 4258 aciem
1005 4201 1336 4273 pedestrem,
1385 4215 1509 4269 quae
1546 4200 1781 4255 maxime
1832 4216 2029 4255 nume-

451 4312 579 4355 rosa
611 4305 749 4363 erat,
785 4295 1022 4366 spatium
1068 4292 1169 4362 ipsi
1208 4293 1273 4347 ad
1313 4291 1480 4347 vitam
1513 4292 1567 4346 in
1601 4300 1720 4346 tuto
1742 4292 2029 4347 locandam

452 4407 555 4448 suo
595 4404 792 4460 magno
838 4388 1083 4458 periculo
1130 4387 1273 4441 ultro
1307 4386 1561 4441 adeundo
1609 4387 1912 4455 praebuere,
1955 4385 2034 4441 si-

451 4483 673 4553 quidem
729 4480 1050 4535 desilientes
1100 4492 1166 4532 ex
1206 4478 1383 4548 equis,
1417 4485 1472 4533 et
1510 4493 1711 4548 magno
1739 4480 1925 4533 animo
1963 4477 2029 4533 ad
2061 4487 2113 4547 υ

451 4567 891 4640 persequendum
922 4575 1302 4624 consternatos
1349 4570 1770 4639 erumpentibus
1795 4571 2031 4625 circum-

451 4661 561 4715 fusi
592 4659 866 4725 hostibus,
902 4659 1234 4728 eosdcmque
1261 4659 1483 4730 oblique
1514 4676 1543 4715 a
1597 4661 1866 4717 lateribus
1897 4677 2028 4732 pro-

453 4753 586 4808 cella
629 4751 859 4807 telorum
905 4753 1247 4820 impetentes,
1299 4760 1446 4808 stare
1481 4755 1783 4823 quamlibet
1828 4755 2030 4811 invitos

452 4850 770 4913 coegerunt,
821 4843 1099 4913 plerisque
1150 4843 1398 4914 ipsorum
1454 4861 1719 4915 equorum
1767 4847 1916 4902 caede
1961 4863 2028 4901 ex

453 4936 733 5004 equitibus
764 4935 816 4989 in
864 4935 1104 5003 peditum
1136 4936 1385 4992 ordinem
1421 4937 1683 4992 redactis.
1714 4936 1873 4993 Unde
1897 4954 2028 4993 con-

453 5027 574 5096 tigit
603 5039 794 5093 agmen
824 5026 956 5079 illud
1008 5027 1246 5095 peditum
1277 5037 1588 5083 naturarum
1632 5029 1754 5083 loco
1795 5039 2024 5093 motum,

446 5123 505 5171 .et
535 5115 583 5170 si
617 5115 894 5185 equitatus
925 5117 1274 5181 incurrisset,
1303 5119 1461 5188 plane
1488 5121 1818 5188 periturum,
1851 5122 2024 5174 otium

450 5218 565 5259 suae
596 5205 760 5262 saluti
804 5208 1175 5276 prospiciendi
1211 5209 1480 5271 nancisci,
1508 5219 1691 5278 empta
1730 5209 1835 5278 ipsi
1870 5225 2025 5264 com-

447 5297 712 5352 moditate
746 5297 850 5352 ista
887 5302 1061 5368 pretio
1108 5302 1396 5370 sanguinis
1430 5309 1483 5355 et
1514 5303 1637 5356 vitae
1680 5304 2020 5368 Alanorum;

445 5399 680 5455 quorum
716 5390 969 5456 permulti
1003 5405 1234 5460 corpora
1265 5392 1507 5458 tegendae
1540 5399 1851 5447 nostrorum
1884 5392 2024 5464 fugat

444 5476 805 5534 obtendentes
833 5482 1126 5538 transfossi
1161 5484 1499 5537 ceciderunt.
1537 5483 1809 5541 Caeterum
1841 5486 2024 5542 Persae

447 5568 585 5623 adeo
637 5579 861 5627 strenue
900 5573 1061 5643 335
1108 5576 1192 5630 usi
1234 5575 1462 5630 victoria
1494 5586 1640 5640 sunt,
1676 5590 1735 5634 ut
1779 5579 2021 5636 medium

440 5657 655 5713 nullum
701 5661 1068 5719 intercederet
1100 5667 1337 5735 spatium
1400 5667 1543 5721 inter
1581 5671 1790 5724 cladem
1845 5672 2020 5725 nostri

445 5752 719 5807 exercitus
746 5762 799 5809 et
824 5756 1261 5814 distributionem
1289 5759 1510 5813 illorum
1534 5765 1585 5815 in
1613 5778 1810 5817 manus
1840 5766 2019 5819 varias

2135 3201 2479 3271 interiusque
2512 3212 2813 3258 extremam
2853 3206 3125 3270 omnium,
3159 3207 3387 3262 nemine
3411 3206 3517 3277 iam
3553 3218 3697 3276 pror-

2134 3310 2231 3349 sus
2265 3294 2474 3365 uspiam
2506 3306 2861 3366 comparente
2886 3299 2980 3367 qui
3028 3298 3279 3356 subditos
3330 3301 3554 3370 imperio
3600 3298 3697 3350 Ro-

2135 3400 2296 3441 mano
2328 3395 2593 3442 tueretur.
2635 3387 2816 3453 Quare
2843 3405 3036 3446 omnes
3065 3400 3118 3447 et
3147 3394 3341 3447 omnia
3377 3399 3559 3461 parata
3590 3389 3694 3442 illic

2134 3478 2311 3545 praeda
2358 3479 2646 3549 quibusvis
2697 3481 2888 3537 tollere
2935 3484 3285 3542 curantibus.
3321 3485 3591 3555 iacebant.
3623 3482 3697 3534 lu-

2133 3569 2373 3637 gentium
2418 3570 2531 3625 ltaac
2562 3571 2727 3641 igitur
2761 3572 2983 3627 fuerunt
3018 3574 3173 3628 initia
3207 3576 3506 3638 malorum,
3546 3571 3698 3642 gemi-

2132 3672 2297 3716 nante
2320 3662 2485 3716 etiam
2525 3662 2932 3720 incommodum
2968 3668 3394 3737 importunitate
3433 3664 3696 3736 temporiS.

2133 3754 2277 3835 quod
2307 3752 2419 3807 haec
2441 3752 2739 3811 Muzalonis
2759 3757 2939 3812 clades
2974 3758 3167 3815 incidit
3208 3759 3259 3814 in
3287 3759 3534 3815 aestivam
3566 3769 3694 3809 mes-

2126 3860 2268 3919 sem,
2296 3861 2403 3916 qua
2436 3855 2759 3916 tempestate
2782 3851 2963 3905 cuncti
2994 3861 3151 3906 erant
3176 3852 3378 3908 intenti
3404 3844 3692 3909 collectioni

2133 3948 2186 3992 ct
2246 3938 2620 4007 importationi
2661 3939 2879 4010 frugum
2936 3944 2991 3997 in
3041 3945 3257 4012 horrea,
3297 3947 3414 4002 vice
3443 3943 3593 4013 citius
3643 3937 3689 3990 lli

2135 4028 2351 4098 quidem
2407 4029 2865 4099 abllucebauturr
2896 4033 2974 4088 illi
3017 4037 3458 4100 trucidabantur,
3504 4033 3601 4087 nisi
3649 4025 3691 4082 si

2135 4121 2229 4190 qui
2278 4121 2419 4175 mala
2477 4122 2580 4177 iSta
2617 4123 2739 4193 fuga
2784 4135 2993 4180 matura
3042 4131 3449 4197 praevertisscnt
3491 4133 3694 4191 sreque

2134 4214 2296 4268 alicui
2328 4215 2500 4271 obviae
2531 4231 2590 4271 se
2624 4231 2690 4272 ac
2722 4233 2821 4272 sua
2847 4220 3232 4279 credidissent.

2135 4372 2224 4428 26.
2260 4372 2608 4446 Concursalio
2652 4390 2776 4446 rure
2818 4376 3113 4446 degentium
3161 4395 3280 4432 cum
3315 4380 3428 4433 suis
3470 4373 3694 4430 omnibus

2560 4445 2615 4497 in
2639 4444 2817 4498 urbem
2843 4444 3075 4516 cunfugii
3101 4464 3287 4504 causa.

2208 4572 2455 4630 Vidisses
2494 4584 2627 4630 tunc
2659 4577 2944 4633 citeriores
2972 4579 3292 4638 Nicomedia
3332 4581 3477 4638 ruris
3503 4576 3696 4633 incolas

2132 4676 2423 4723 commsata
2455 4667 2789 4736 supellectile
2806 4671 3012 4739 trepide
3040 4672 3092 4726 in
3121 4674 3311 4729 urbem
3341 4678 3692 4729 accurrentes,

2131 4766 2186 4811 et
2225 4757 2535 4812 miserabile
2575 4760 2951 4827 spectaculum
2992 4763 3169 4818 obviis
3220 4766 3512 4821 oﬂerentes
3554 4760 3692 4813 luctu

2131 4857 2187 4903 et
2248 4848 2582 4917 planctibus,
2619 4850 2822 4919 quibus
2866 4852 2945 4906 uti
2987 4854 3275 4925 desperata
3312 4858 3486 4912 salute
3518 4867 3574 4906 se
3605 4848 3697 4899 uti—

2131 4938 2238 4993 seri
2262 4937 2621 4992 cruciabam:
2650 4941 3086 5012 cernebaturque
3116 4949 3361 5015 quotidie
3396 4946 3448 4999 in
3476 4940 3693 5006 trajecut

2130 5032 2247 5095 illo,
2278 5030 2422 5084 velut
2450 5030 2675 5085 densum
2710 5031 3061 5089 formicarum
3097 5053 3289 5108 agmen
3322 5052 3445 5094 sese
3479 5030 3691 5086 trudens

2130 5127 2356 5181 terrore,
2391 5119 2688 5173 multitudo
2728 5121 2933 5176 mistim
2986 5123 3271 5179 hominum
3301 5138 3353 5181 et
3386 5121 3697 5177 bestiarum.

2126 5207 2234 5264 Nec
2257 5211 2547 5279 quisquam
2576 5225 2640 5264 ea
2670 5211 2783 5265 ibat
2812 5228 2921 5269 non
2954 5215 3171 5282 ejulans
3199 5232 3263 5272 ac
3290 5218 3531 5287 plorans,
3558 5201 3690 5273 quod

2128 5304 2379 5359 maximis
2416 5305 2652 5373 iacturis
2692 5322 2833 5375 aegre
2872 5308 3040 5363 vitam
3094 5311 3442 5370 redemisset,
3493 5296 3692 5356 nemine

2127 5395 2240 5450 fere
2264 5412 2371 5449 non
2403 5400 2709 5468 cnjuspiam
2751 5416 2815 5453 ex
2852 5402 3061 5459 intimis
3105 5404 3456 5459 amissionem
3503 5396 3692 5447 lamen-

2134 5494 2306 5542 tante.
2359 5489 2485 5544 Haec
2526 5492 2748 5560 quidem
2789 5494 2969 5546 virum
3018 5496 3273 5549 abactum
3329 5500 3418 5546 aut
3462 5482 3688 5540 oceisum

2124 5578 2257 5635 flens
2297 5581 2645 5648 inclamabat,
2689 5585 2777 5638 illa
2821 5585 2990 5641 filium
3027 5599 3121 5642 aut
3161 5590 3349 5651 filiam,
3374 5582 3477 5637 alia
3510 5581 3686 5629 nomen

2125 5673 2270 5724 aliud
2339 5672 2569 5728 affectus
2624 5682 2683 5730 et
2752 5679 3105 5747 cognationis
3173 5679 3452 5748 proximae.
3505 5654 3685 5719 Cum-ti

2123 5777 2301 5819 autem
2335 5768 2723 5823 miserabiliter
2755 5768 2805 5821 in
2855 5771 3074 5837 publico
3101 5772 3342 5837 iacentes
3381 5752 3686 5832 pI'Ol‘lllllbd'
