  <div class='ocr_page' id='page_1' title='image "/cluster/home/n/w/nwhite01/storage/ocr_20150623/144:no.2/coo.31924054870492/192.png"; bbox 0 0 4024 6396; ppageno 0'>
   <div class='ocr_carea' id='block_1_1' title="bbox 345 435 456 500">
    <p class='ocr_par' dir='ltr' id='par_1_1' title="bbox 345 435 456 500">
     <span class='ocr_line' id='line_1_1' title="bbox 345 435 456 500; baseline 0.081 -9"><span class='ocrx_word' id='word_1_1' title='bbox 345 435 456 500; x_wconf 72' lang='lat'><strong>309</strong></span> 
     </span>
    </p>
   </div>
   <div class='ocr_carea' id='block_1_2' title="bbox 1254 434 2706 499">
    <p class='ocr_par' dir='ltr' id='par_1_2' title="bbox 1254 434 2706 499">
     <span class='ocr_line' id='line_1_2' title="bbox 1254 434 2706 499; baseline -0.003 -1"><span class='ocrx_word' id='word_1_2' title='bbox 1254 438 1354 499; x_wconf 85' lang='lat' dir='ltr'><strong>DE</strong></span> <span class='ocrx_word' id='word_1_3' title='bbox 1396 437 1850 499; x_wconf 80' lang='lat' dir='ltr'><strong>ANDRONICO</strong></span> <span class='ocrx_word' id='word_1_4' title='bbox 1892 438 2361 498; x_wconf 75' lang='lat' dir='ltr'><strong>PAL/EOLOGO</strong></span> <span class='ocrx_word' id='word_1_5' title='bbox 2407 437 2557 496; x_wconf 85' lang='lat' dir='ltr'><strong>LIB.</strong></span> <span class='ocrx_word' id='word_1_6' title='bbox 2605 434 2706 496; x_wconf 75' lang='lat' dir='ltr'><strong>IV.</strong></span> 
     </span>
    </p>
   </div>
   <div class='ocr_carea' id='block_1_3' title="bbox 3537 425 3642 489">
    <p class='ocr_par' dir='ltr' id='par_1_3' title="bbox 3537 425 3642 489">
     <span class='ocr_line' id='line_1_3' title="bbox 3537 425 3642 489; baseline 0.019 -3"><span class='ocrx_word' id='word_1_7' title='bbox 3537 425 3642 489; x_wconf 74' lang='lat'><strong>370</strong></span> 
     </span>
    </p>
   </div>
   <div class='ocr_carea' id='block_1_4' title="bbox 348 536 3644 619">
    <p class='ocr_par' dir='ltr' id='par_1_4' title="bbox 348 536 3644 619">
     <span class='ocr_line' id='line_1_4' title="bbox 348 536 3644 619; baseline -0.003 -22"><span class='ocrx_word' id='word_1_8' title='bbox 348 544 576 613; x_wconf 76' lang='grc' dir='ltr'>ἀδελφόν</span> <span class='ocrx_word' id='word_1_9' title='bbox 606 561 665 597; x_wconf 87' lang='grc' dir='ltr'><strong>τε</strong></span> <span class='ocrx_word' id='word_1_10' title='bbox 718 544 813 599; x_wconf 72' lang='grc' dir='ltr'>καὶ</span> <span class='ocrx_word' id='word_1_11' title='bbox 853 545 1111 617; x_wconf 80' lang='grc' dir='ltr'>ἀδελφὴν,</span> <span class='ocrx_word' id='word_1_12' title='bbox 1144 549 1239 602; x_wconf 74' lang='grc' dir='ltr'>καὶ</span> <span class='ocrx_word' id='word_1_13' title='bbox 1290 549 1458 619; x_wconf 74' lang='grc' dir='ltr'>ἄλλης</span> <span class='ocrx_word' id='word_1_14' title='bbox 1486 550 1615 605; x_wconf 71' lang='grc' dir='ltr'>ἄλλο</span> <span class='ocrx_word' id='word_1_15' title='bbox 1657 567 1708 604; x_wconf 90' lang='grc' dir='ltr'><strong>τι</strong></span> <span class='ocrx_word' id='word_1_16' title='bbox 1741 563 1941 617; x_wconf 74' lang='grc' dir='ltr'>συγγεο</span> <span class='ocrx_word' id='word_1_17' title='bbox 1970 550 2019 608; x_wconf 75' lang='grc' dir='ltr'><strong>Α</strong></span> <span class='ocrx_word' id='word_1_18' title='bbox 2046 547 2142 619; x_wconf 81' lang='grc' dir='ltr'>λὴν</span> <span class='ocrx_word' id='word_1_19' title='bbox 2178 547 2342 618; x_wconf 79' lang='grc' dir='ltr'>μέχρι</span> <span class='ocrx_word' id='word_1_20' title='bbox 2373 547 2467 599; x_wconf 79' lang='grc' dir='ltr'><strong>καὶ</strong></span> <span class='ocrx_word' id='word_1_21' title='bbox 2501 542 2894 616; x_wconf 81' lang='grc' dir='ltr'>’Λτραμυτίου,</span> <span class='ocrx_word' id='word_1_22' title='bbox 2925 542 3059 595; x_wconf 80' lang='grc' dir='ltr'>ὅπου</span> <span class='ocrx_word' id='word_1_23' title='bbox 3100 539 3196 593; x_wconf 70' lang='grc' dir='ltr'>καὶ</span> <span class='ocrx_word' id='word_1_24' title='bbox 3227 536 3481 608; x_wconf 71' lang='grc' dir='ltr'>βασιλεὺς</span> <span class='ocrx_word' id='word_1_25' title='bbox 3512 538 3644 589; x_wconf 66' lang='grc' dir='ltr'>ἐπες-</span> 
     </span>
    </p>
   </div>
   <div class='ocr_carea' id='block_1_5' title="bbox 347 636 1941 711">
    <p class='ocr_par' dir='ltr' id='par_1_5' title="bbox 347 636 1941 711">
     <span class='ocr_line' id='line_1_5' title="bbox 347 636 1941 711; baseline 0.001 -22"><span class='ocrx_word' id='word_1_26' title='bbox 347 638 499 700; x_wconf 76' lang='grc' dir='ltr'>νείας</span> <span class='ocrx_word' id='word_1_27' title='bbox 521 636 716 705; x_wconf 69' lang='grc' dir='ltr'>ὄνομα,</span> <span class='ocrx_word' id='word_1_28' title='bbox 750 638 971 692; x_wconf 77' lang='grc' dir='ltr'>πάντων</span> <span class='ocrx_word' id='word_1_29' title='bbox 999 637 1058 692; x_wconf 82' lang='grc' dir='ltr'>δὲ</span> <span class='ocrx_word' id='word_1_30' title='bbox 1103 639 1356 702; x_wconf 74' lang='grc' dir='ltr'><strong>ἐλεεινῶς</strong></span> <span class='ocrx_word' id='word_1_31' title='bbox 1382 640 1786 711; x_wconf 81' lang='grc' dir='ltr'><strong>προκειμένων,</strong></span> <span class='ocrx_word' id='word_1_32' title='bbox 1834 639 1941 693; x_wconf 87' lang='grc' dir='ltr'><strong>τῶν</strong></span> 
     </span>
    </p>
   </div>
   <div class='ocr_carea' id='block_1_6' title="bbox 349 730 1943 803">
    <p class='ocr_par' dir='ltr' id='par_1_6' title="bbox 349 730 1943 803">
     <span class='ocr_line' id='line_1_6' title="bbox 349 730 1943 803; baseline 0.001 -21"><span class='ocrx_word' id='word_1_33' title='bbox 349 730 451 800; x_wconf 77' lang='grc' dir='ltr'>μὲν</span> <span class='ocrx_word' id='word_1_34' title='bbox 478 730 631 794; x_wconf 82' lang='grc' dir='ltr'>ἐντὸς</span> <span class='ocrx_word' id='word_1_35' title='bbox 676 730 909 793; x_wconf 77' lang='grc' dir='ltr'>πόλεως,</span> <span class='ocrx_word' id='word_1_36' title='bbox 948 731 1058 784; x_wconf 85' lang='grc' dir='ltr'><strong>τῶν</strong></span> <span class='ocrx_word' id='word_1_37' title='bbox 1086 730 1143 785; x_wconf 82' lang='grc' dir='ltr'>δὲ</span> <span class='ocrx_word' id='word_1_38' title='bbox 1197 733 1294 786; x_wconf 78' lang='grc' dir='ltr'>καὶ</span> <span class='ocrx_word' id='word_1_39' title='bbox 1338 733 1498 797; x_wconf 74' lang='grc' dir='ltr'>ἐκτὸς</span> <span class='ocrx_word' id='word_1_40' title='bbox 1527 732 1660 803; x_wconf 88' lang='grc' dir='ltr'>παρ’</span> <span class='ocrx_word' id='word_1_41' title='bbox 1692 732 1943 800; x_wconf 74' lang='grc' dir='ltr'>αἰγιαλὸν</span> 
     </span>
    </p>
   </div>
   <div class='ocr_carea' id='block_1_7' title="bbox 343 822 1943 895">
    <p class='ocr_par' dir='ltr' id='par_1_7' title="bbox 343 822 1943 895">
     <span class='ocr_line' id='line_1_7' title="bbox 343 822 1943 895; baseline -0.003 -17"><span class='ocrx_word' id='word_1_42' title='bbox 343 824 577 886; x_wconf 81' lang='grc' dir='ltr'>είκαίως</span> <span class='ocrx_word' id='word_1_43' title='bbox 630 823 1165 893; x_wconf 82' lang='grc' dir='ltr'>κατασποδουμένων</span> <span class='ocrx_word' id='word_1_44' title='bbox 1195 864 1208 887; x_wconf 92' lang='grc'><strong>,</strong></span> <span class='ocrx_word' id='word_1_45' title='bbox 1254 823 1485 893; x_wconf 82' lang='grc' dir='ltr'>λείψανα</span> <span class='ocrx_word' id='word_1_46' title='bbox 1524 824 1802 895; x_wconf 81' lang='grc' dir='ltr'><strong>φερόντων</strong></span> <span class='ocrx_word' id='word_1_47' title='bbox 1850 822 1943 875; x_wconf 62' lang='grc' dir='ltr'><strong>καὶ¹</strong></span> 
     </span>
    </p>
   </div>
   <div class='ocr_carea' id='block_1_8' title="bbox 343 914 1944 988">
    <p class='ocr_par' dir='ltr' id='par_1_8' title="bbox 343 914 1944 988">
     <span class='ocr_line' id='line_1_8' title="bbox 343 914 1944 988; baseline -0.004 -18"><span class='ocrx_word' id='word_1_48' title='bbox 343 914 493 985; x_wconf 79' lang='grc' dir='ltr'>ζωῆς</span> <span class='ocrx_word' id='word_1_49' title='bbox 523 916 618 968; x_wconf 74' lang='grc' dir='ltr'><strong>καὶ</strong></span> <span class='ocrx_word' id='word_1_50' title='bbox 648 916 787 985; x_wconf 85' lang='grc' dir='ltr'>βίου.</span> <span class='ocrx_word' id='word_1_51' title='bbox 836 916 1026 988; x_wconf 84' lang='grc' dir='ltr'>Νήπια</span> <span class='ocrx_word' id='word_1_52' title='bbox 1054 915 1113 969; x_wconf 85' lang='grc' dir='ltr'>δὲ</span> <span class='ocrx_word' id='word_1_53' title='bbox 1152 915 1249 970; x_wconf 78' lang='grc' dir='ltr'>καὶ</span> <span class='ocrx_word' id='word_1_54' title='bbox 1277 921 1534 983; x_wconf 83' lang='grc' dir='ltr'>γυναῖκες</span> <span class='ocrx_word' id='word_1_55' title='bbox 1585 917 1680 968; x_wconf 79' lang='grc' dir='ltr'>καὶ</span> <span class='ocrx_word' id='word_1_56' title='bbox 1731 914 1944 985; x_wconf 73' lang='grc' dir='ltr'>οἰκτροὶ</span> 
     </span>
    </p>
   </div>
   <div class='ocr_carea' id='block_1_9' title="bbox 344 1006 1937 1078">
    <p class='ocr_par' dir='ltr' id='par_1_9' title="bbox 344 1006 1937 1078">
     <span class='ocr_line' id='line_1_9' title="bbox 344 1006 1937 1078; baseline 0.003 -19"><span class='ocrx_word' id='word_1_57' title='bbox 344 1006 658 1076; x_wconf 81' lang='grc' dir='ltr'>πρεσϐῦται</span> <span class='ocrx_word' id='word_1_58' title='bbox 689 1006 1045 1078; x_wconf 85' lang='grc' dir='ltr'>προκείμενοι</span> <span class='ocrx_word' id='word_1_59' title='bbox 1070 1009 1189 1073; x_wconf 86' lang='grc' dir='ltr'>ταῖς</span> <span class='ocrx_word' id='word_1_60' title='bbox 1222 1008 1365 1073; x_wconf 80' lang='grc' dir='ltr'>ὁδοῖς</span> <span class='ocrx_word' id='word_1_61' title='bbox 1414 1007 1600 1077; x_wconf 79' lang='grc' dir='ltr'><strong>ἀλγεῖν</strong></span> <span class='ocrx_word' id='word_1_62' title='bbox 1631 1007 1806 1061; x_wconf 76' lang='grc' dir='ltr'>ἐποίει</span> <span class='ocrx_word' id='word_1_63' title='bbox 1841 1010 1937 1063; x_wconf 80' lang='grc' dir='ltr'><strong>καὶ</strong></span> 
     </span>
    </p>
   </div>
   <div class='ocr_carea' id='block_1_10' title="bbox 344 1099 1946 1172">
    <p class='ocr_par' dir='ltr' id='par_1_10' title="bbox 344 1099 1946 1172">
     <span class='ocr_line' id='line_1_10' title="bbox 344 1099 1946 1172; baseline 0.002 -21"><span class='ocrx_word' id='word_1_64' title='bbox 344 1100 437 1152; x_wconf 77' lang='grc' dir='ltr'><strong>τὸν</strong></span> <span class='ocrx_word' id='word_1_65' title='bbox 473 1101 636 1170; x_wconf 83' lang='grc' dir='ltr'>μόνον</span> <span class='ocrx_word' id='word_1_66' title='bbox 665 1102 954 1156; x_wconf 83' lang='grc' dir='ltr'>ἀκούοντα.</span> <span class='ocrx_word' id='word_1_67' title='bbox 985 1102 1134 1172; x_wconf 83' lang='grc' dir='ltr'>Πλὴν</span> <span class='ocrx_word' id='word_1_68' title='bbox 1187 1100 1437 1155; x_wconf 74' lang='grc' dir='ltr'>ἐντεῦθεν</span> <span class='ocrx_word' id='word_1_69' title='bbox 1484 1099 1715 1171; x_wconf 85' lang='grc' dir='ltr'>στρατὸς</span> <span class='ocrx_word' id='word_1_70' title='bbox 1755 1101 1855 1171; x_wconf 84' lang='grc' dir='ltr'>μὲν</span> <span class='ocrx_word' id='word_1_71' title='bbox 1885 1106 1946 1156; x_wconf 79' lang='grc' dir='ltr'>τὸ</span> 
     </span>
    </p>
   </div>
   <div class='ocr_carea' id='block_1_11' title="bbox 343 1193 1945 1266">
    <p class='ocr_par' dir='ltr' id='par_1_11' title="bbox 343 1193 1945 1266">
     <span class='ocr_line' id='line_1_11' title="bbox 343 1193 1945 1266; baseline 0 -20"><span class='ocrx_word' id='word_1_72' title='bbox 343 1195 451 1264; x_wconf 76' lang='grc' dir='ltr'>μὲν</span> <span class='ocrx_word' id='word_1_73' title='bbox 485 1194 700 1259; x_wconf 79' lang='grc' dir='ltr'>ξενικόν</span> <span class='ocrx_word' id='word_1_74' title='bbox 748 1194 1151 1266; x_wconf 84' lang='grc' dir='ltr'>περαιούμενον</span> <span class='ocrx_word' id='word_1_75' title='bbox 1195 1193 1406 1259; x_wconf 85' lang='grc' dir='ltr'><strong>ἀκλεῶς</strong></span> <span class='ocrx_word' id='word_1_76' title='bbox 1440 1194 1773 1265; x_wconf 79' lang='grc' dir='ltr'>ὑπέστρεφε,</span> <span class='ocrx_word' id='word_1_77' title='bbox 1812 1194 1872 1246; x_wconf 83' lang='grc' dir='ltr'>τὸ</span> <span class='ocrx_word' id='word_1_78' title='bbox 1899 1193 1945 1246; x_wconf 84' lang='grc' dir='ltr'>δ’</span> 
     </span>
    </p>
   </div>
   <div class='ocr_carea' id='block_1_12' title="bbox 343 1285 1948 1358">
    <p class='ocr_par' dir='ltr' id='par_1_12' title="bbox 343 1285 1948 1358">
     <span class='ocr_line' id='line_1_12' title="bbox 343 1285 1948 1358; baseline 0.001 -21"><span class='ocrx_word' id='word_1_79' title='bbox 343 1288 602 1355; x_wconf 75' lang='grc' dir='ltr'>ἰῦαγενὲς</span> <span class='ocrx_word' id='word_1_80' title='bbox 637 1287 735 1340; x_wconf 80' lang='grc' dir='ltr'><strong>καὶ</strong></span> <span class='ocrx_word' id='word_1_81' title='bbox 764 1287 1049 1358; x_wconf 84' lang='grc' dir='ltr'>αὐτόχθον,</span> <span class='ocrx_word' id='word_1_82' title='bbox 1082 1289 1178 1342; x_wconf 78' lang='grc' dir='ltr'>καὶ</span> <span class='ocrx_word' id='word_1_83' title='bbox 1199 1287 1382 1342; x_wconf 85' lang='grc' dir='ltr'>αὐτῶν</span> <span class='ocrx_word' id='word_1_84' title='bbox 1409 1285 1599 1341; x_wconf 74' lang='grc' dir='ltr'>οἰκιῶν</span> <span class='ocrx_word' id='word_1_85' title='bbox 1627 1289 1948 1357; x_wconf 77' lang='grc' dir='ltr'>ἐκκεχωρη-</span> 
     </span>
    </p>
   </div>
   <div class='ocr_carea' id='block_1_13' title="bbox 340 1380 1945 1452">
    <p class='ocr_par' dir='ltr' id='par_1_13' title="bbox 340 1380 1945 1452">
     <span class='ocr_line' id='line_1_13' title="bbox 340 1380 1945 1452; baseline 0.001 -20"><span class='ocrx_word' id='word_1_86' title='bbox 340 1380 443 1442; x_wconf 71' lang='grc' dir='ltr'><strong>κὸς</strong></span> <span class='ocrx_word' id='word_1_87' title='bbox 473 1383 589 1443; x_wconf 85' lang='grc' dir='ltr'>τοῖς</span> <span class='ocrx_word' id='word_1_88' title='bbox 620 1381 856 1451; x_wconf 75' lang='grc' dir='ltr'><strong>ἐχθροῖς,</strong></span> <span class='ocrx_word' id='word_1_89' title='bbox 920 1382 981 1446; x_wconf 79' lang='grc' dir='ltr'>ἐξ</span> <span class='ocrx_word' id='word_1_90' title='bbox 1036 1382 1338 1450; x_wconf 76' lang='grc' dir='ltr'><strong>ἀναγκαίου</strong></span> <span class='ocrx_word' id='word_1_91' title='bbox 1389 1380 1574 1452; x_wconf 79' lang='grc' dir='ltr'><strong>ἐζήτει</strong></span> <span class='ocrx_word' id='word_1_92' title='bbox 1605 1381 1713 1451; x_wconf 84' lang='grc' dir='ltr'><strong>ὅπη</strong></span> <span class='ocrx_word' id='word_1_93' title='bbox 1745 1398 1808 1448; x_wconf 85' lang='grc' dir='ltr'><strong>γε</strong></span> <span class='ocrx_word' id='word_1_94' title='bbox 1849 1380 1945 1434; x_wconf 77' lang='grc' dir='ltr'><strong>καὶ</strong></span> 
     </span>
    </p>
   </div>
   <div class='ocr_carea' id='block_1_14' title="bbox 339 1472 1945 1545">
    <p class='ocr_par' dir='ltr' id='par_1_14' title="bbox 339 1472 1945 1545">
     <span class='ocr_line' id='line_1_14' title="bbox 339 1472 1945 1545; baseline 0.002 -21"><span class='ocrx_word' id='word_1_95' title='bbox 339 1474 635 1541; x_wconf 79' lang='grc' dir='ltr'>ἀποφυγὺν</span> <span class='ocrx_word' id='word_1_96' title='bbox 652 1473 986 1544; x_wconf 70' lang='grc' dir='ltr'>σωθήσεται.</span> <span class='ocrx_word' id='word_1_97' title='bbox 1002 1474 1222 1545; x_wconf 76' lang='grc' dir='ltr'>Ἐχθροὶ</span> <span class='ocrx_word' id='word_1_98' title='bbox 1249 1475 1304 1529; x_wconf 79' lang='grc' dir='ltr'>δὲ</span> <span class='ocrx_word' id='word_1_99' title='bbox 1320 1474 1460 1538; x_wconf 82' lang='grc' dir='ltr'>τέως</span> <span class='ocrx_word' id='word_1_100' title='bbox 1484 1473 1699 1527; x_wconf 84' lang='grc' dir='ltr'>πολλῶν</span> <span class='ocrx_word' id='word_1_101' title='bbox 1729 1472 1945 1544; x_wconf 74' lang='grc' dir='ltr'>ἐμπλη-</span> 
     </span>
    </p>
   </div>
   <div class='ocr_carea' id='block_1_15' title="bbox 342 1566 1943 1638">
    <p class='ocr_par' dir='ltr' id='par_1_15' title="bbox 342 1566 1943 1638">
     <span class='ocr_line' id='line_1_15' title="bbox 342 1566 1943 1638; baseline 0.001 -20"><span class='ocrx_word' id='word_1_102' title='bbox 342 1567 575 1630; x_wconf 77' lang='grc' dir='ltr'>σθέντες</span> <span class='ocrx_word' id='word_1_103' title='bbox 613 1569 721 1620; x_wconf 85' lang='grc' dir='ltr'>τῶν</span> <span class='ocrx_word' id='word_1_104' title='bbox 756 1567 1018 1637; x_wconf 80' lang='grc' dir='ltr'><strong>ἀνωτέρω</strong></span> <span class='ocrx_word' id='word_1_105' title='bbox 1044 1568 1238 1638; x_wconf 85' lang='grc' dir='ltr'>ἀνέδην</span> <span class='ocrx_word' id='word_1_106' title='bbox 1268 1567 1497 1630; x_wconf 75' lang='grc' dir='ltr'>ἐκείνοις</span> <span class='ocrx_word' id='word_1_107' title='bbox 1529 1566 1943 1632; x_wconf 78' lang='grc' dir='ltr'>ὲνεσπατάλων,</span> 
     </span>
    </p>
   </div>
   <div class='ocr_carea' id='block_1_16' title="bbox 338 1659 1947 1731">
    <p class='ocr_par' dir='ltr' id='par_1_16' title="bbox 338 1659 1947 1731">
     <span class='ocr_line' id='line_1_16' title="bbox 338 1659 1947 1731; baseline 0 -18"><span class='ocrx_word' id='word_1_108' title='bbox 338 1660 658 1727; x_wconf 71' lang='grc' dir='ltr'><strong>ἀπάγοντες</strong></span> <span class='ocrx_word' id='word_1_109' title='bbox 688 1659 790 1731; x_wconf 81' lang='grc' dir='ltr'>μὲν</span> <span class='ocrx_word' id='word_1_110' title='bbox 822 1660 1223 1731; x_wconf 75' lang='grc' dir='ltr'><strong>αἰχμαλώτους,</strong></span> <span class='ocrx_word' id='word_1_111' title='bbox 1254 1660 1560 1728; x_wconf 74' lang='grc' dir='ltr'>ἀπάγοντες</span> <span class='ocrx_word' id='word_1_112' title='bbox 1592 1660 1650 1713; x_wconf 81' lang='grc' dir='ltr'>δὲ</span> <span class='ocrx_word' id='word_1_113' title='bbox 1683 1660 1779 1714; x_wconf 76' lang='grc' dir='ltr'>καὶ</span> <span class='ocrx_word' id='word_1_114' title='bbox 1832 1659 1947 1724; x_wconf 80' lang='grc' dir='ltr'><strong>ζῶα</strong></span> 
     </span>
    </p>
   </div>
   <div class='ocr_carea' id='block_1_17' title="bbox 344 1752 1949 1824">
    <p class='ocr_par' dir='ltr' id='par_1_17' title="bbox 344 1752 1949 1824">
     <span class='ocr_line' id='line_1_17' title="bbox 344 1752 1949 1824; baseline 0.001 -18"><span class='ocrx_word' id='word_1_115' title='bbox 344 1756 441 1806; x_wconf 79' lang='grc' dir='ltr'><strong>καὶ</strong></span> <span class='ocrx_word' id='word_1_116' title='bbox 472 1753 627 1806; x_wconf 80' lang='grc' dir='ltr'>λείαν</span> <span class='ocrx_word' id='word_1_117' title='bbox 669 1755 851 1806; x_wconf 81' lang='grc' dir='ltr'>πᾶσαν</span> <span class='ocrx_word' id='word_1_118' title='bbox 887 1754 982 1807; x_wconf 72' lang='grc' dir='ltr'><strong>καὶ</strong></span> <span class='ocrx_word' id='word_1_119' title='bbox 1027 1753 1194 1806; x_wconf 77' lang='grc' dir='ltr'>αὐτὸν</span> <span class='ocrx_word' id='word_1_120' title='bbox 1244 1753 1309 1824; x_wconf 78' lang='grc' dir='ltr'>δὴ</span> <span class='ocrx_word' id='word_1_121' title='bbox 1340 1753 1435 1806; x_wconf 74' lang='grc' dir='ltr'><strong>τὸν</strong></span> <span class='ocrx_word' id='word_1_122' title='bbox 1475 1752 1691 1822; x_wconf 81' lang='grc' dir='ltr'>καρπὸν</span> <span class='ocrx_word' id='word_1_123' title='bbox 1721 1755 1823 1823; x_wconf 83' lang='grc' dir='ltr'>τῆς</span> <span class='ocrx_word' id='word_1_124' title='bbox 1845 1752 1949 1821; x_wconf 81' lang='grc' dir='ltr'><strong>γῆς</strong></span> 
     </span>
    </p>
   </div>
   <div class='ocr_carea' id='block_1_18' title="bbox 341 1841 1949 1913">
    <p class='ocr_par' dir='ltr' id='par_1_18' title="bbox 341 1841 1949 1913">
     <span class='ocr_line' id='line_1_18' title="bbox 341 1841 1949 1913; baseline 0.001 -19"><span class='ocrx_word' id='word_1_125' title='bbox 341 1844 438 1896; x_wconf 68' lang='grc' dir='ltr'><strong>τὸν</strong></span> <span class='ocrx_word' id='word_1_126' title='bbox 475 1843 741 1907; x_wconf 75' lang='grc' dir='ltr'>ἐπέτειον,</span> <span class='ocrx_word' id='word_1_127' title='bbox 781 1841 944 1908; x_wconf 78' lang='grc' dir='ltr'>ζώοις</span> <span class='ocrx_word' id='word_1_128' title='bbox 979 1845 1092 1907; x_wconf 85' lang='grc' dir='ltr'>τοῖς</span> <span class='ocrx_word' id='word_1_129' title='bbox 1135 1845 1200 1897; x_wconf 81' lang='grc' dir='ltr'><strong>ὲκ</strong></span> <span class='ocrx_word' id='word_1_130' title='bbox 1246 1845 1345 1913; x_wconf 87' lang='grc' dir='ltr'>τῆς</span> <span class='ocrx_word' id='word_1_131' title='bbox 1380 1844 1529 1907; x_wconf 84' lang='grc' dir='ltr'>λείας</span> <span class='ocrx_word' id='word_1_132' title='bbox 1566 1842 1949 1913; x_wconf 72' lang='grc' dir='ltr'>διευθετούμεο</span> 
     </span>
    </p>
   </div>
   <div class='ocr_carea' id='block_1_19' title="bbox 344 1934 1944 2006">
    <p class='ocr_par' dir='ltr' id='par_1_19' title="bbox 344 1934 1944 2006">
     <span class='ocr_line' id='line_1_19' title="bbox 344 1934 1944 2006; baseline 0.001 -18"><span class='ocrx_word' id='word_1_133' title='bbox 344 1955 450 1999; x_wconf 75' lang='grc' dir='ltr'>νοι,</span> <span class='ocrx_word' id='word_1_134' title='bbox 482 1938 580 1988; x_wconf 73' lang='grc' dir='ltr'><strong>καὶ</strong></span> <span class='ocrx_word' id='word_1_135' title='bbox 611 1938 639 1990; x_wconf 81' lang='grc' dir='ltr'>ὅ</span> <span class='ocrx_word' id='word_1_136' title='bbox 683 1953 736 1989; x_wconf 88' lang='grc' dir='ltr'><strong>τι</strong></span> <span class='ocrx_word' id='word_1_137' title='bbox 776 1937 871 1990; x_wconf 72' lang='grc' dir='ltr'><strong>καὶ</strong></span> <span class='ocrx_word' id='word_1_138' title='bbox 906 1934 1084 2001; x_wconf 78' lang='grc' dir='ltr'>ἔδοξεν</span> <span class='ocrx_word' id='word_1_139' title='bbox 1131 1936 1375 2006; x_wconf 83' lang='grc' dir='ltr'>ἀσφαλὲς</span> <span class='ocrx_word' id='word_1_140' title='bbox 1411 1935 1835 2006; x_wconf 79' lang='grc' dir='ltr'>μεταφέροντες.</span> <span class='ocrx_word' id='word_1_141' title='bbox 1869 1936 1944 1990; x_wconf 83' lang='grc' dir='ltr'><strong>Οὐ</strong></span> 
     </span>
    </p>
   </div>
   <div class='ocr_carea' id='block_1_20' title="bbox 351 2028 1945 2102">
    <p class='ocr_par' dir='ltr' id='par_1_20' title="bbox 351 2028 1945 2102">
     <span class='ocr_line' id='line_1_20' title="bbox 351 2028 1945 2102; baseline -0.001 -19"><span class='ocrx_word' id='word_1_142' title='bbox 351 2031 464 2102; x_wconf 69' lang='grc' dir='ltr'>μὴν</span> <span class='ocrx_word' id='word_1_143' title='bbox 492 2031 551 2083; x_wconf 78' lang='grc' dir='ltr'>δὲ</span> <span class='ocrx_word' id='word_1_144' title='bbox 609 2030 706 2082; x_wconf 72' lang='grc' dir='ltr'><strong>καὶ</strong></span> <span class='ocrx_word' id='word_1_145' title='bbox 742 2028 853 2083; x_wconf 84' lang='grc' dir='ltr'><strong>τῶν</strong></span> <span class='ocrx_word' id='word_1_146' title='bbox 886 2030 1219 2101; x_wconf 78' lang='grc' dir='ltr'>κατωτέρων</span> <span class='ocrx_word' id='word_1_147' title='bbox 1269 2030 1640 2100; x_wconf 73' lang='grc' dir='ltr'>Νικομηδείας</span> <span class='ocrx_word' id='word_1_148' title='bbox 1684 2030 1945 2102; x_wconf 75' lang='grc' dir='ltr'>ἥπτοντο,</span> 
     </span>
    </p>
   </div>
   <div class='ocr_carea' id='block_1_21' title="bbox 345 2121 1947 2195">
    <p class='ocr_par' dir='ltr' id='par_1_21' title="bbox 345 2121 1947 2195">
     <span class='ocr_line' id='line_1_21' title="bbox 345 2121 1947 2195; baseline 0 -19"><span class='ocrx_word' id='word_1_149' title='bbox 345 2123 505 2176; x_wconf 72' lang='grc' dir='ltr'>οὔπω</span> <span class='ocrx_word' id='word_1_150' title='bbox 562 2122 898 2195; x_wconf 68' lang='grc' dir='ltr'>θαρροῦντες</span> <span class='ocrx_word' id='word_1_151' title='bbox 950 2121 1082 2186; x_wconf 77' lang='grc' dir='ltr'>ἴσως</span> <span class='ocrx_word' id='word_1_152' title='bbox 1141 2122 1242 2194; x_wconf 82' lang='grc' dir='ltr'>τὴν</span> <span class='ocrx_word' id='word_1_153' title='bbox 1288 2122 1570 2192; x_wconf 72' lang='grc' dir='ltr'>εἰσϐολήν·</span> <span class='ocrx_word' id='word_1_154' title='bbox 1622 2121 1782 2194; x_wconf 70' lang='grc' dir='ltr'>ἐπῄει</span> <span class='ocrx_word' id='word_1_155' title='bbox 1838 2122 1947 2192; x_wconf 72' lang='grc' dir='ltr'><strong>γὰρ</strong></span> 
     </span>
    </p>
   </div>
   <div class='ocr_carea' id='block_1_22' title="bbox 348 2211 1946 2282">
    <p class='ocr_par' dir='ltr' id='par_1_22' title="bbox 348 2211 1946 2282">
     <span class='ocr_line' id='line_1_22' title="bbox 348 2211 1946 2282; baseline 0.002 -18"><span class='ocrx_word' id='word_1_156' title='bbox 348 2214 587 2278; x_wconf 74' lang='grc' dir='ltr'>ἐκείνοις</span> <span class='ocrx_word' id='word_1_157' title='bbox 614 2212 901 2281; x_wconf 76' lang='grc' dir='ltr'>φοϐεῖσθαι</span> <span class='ocrx_word' id='word_1_158' title='bbox 954 2211 1054 2282; x_wconf 82' lang='grc' dir='ltr'>τὴν</span> <span class='ocrx_word' id='word_1_159' title='bbox 1098 2212 1159 2278; x_wconf 81' lang='grc' dir='ltr'>ἐξ</span> <span class='ocrx_word' id='word_1_160' title='bbox 1186 2212 1435 2281; x_wconf 75' lang='grc' dir='ltr'>ἐγγίονος</span> <span class='ocrx_word' id='word_1_161' title='bbox 1478 2212 1690 2280; x_wconf 79' lang='grc' dir='ltr'>ἔφοδον,</span> <span class='ocrx_word' id='word_1_162' title='bbox 1738 2214 1835 2267; x_wconf 81' lang='grc' dir='ltr'><strong>καὶ</strong></span> <span class='ocrx_word' id='word_1_163' title='bbox 1872 2215 1946 2279; x_wconf 84' lang='grc' dir='ltr'>ὡς</span> 
     </span>
    </p>
   </div>
   <div class='ocr_carea' id='block_1_23' title="bbox 350 2305 1950 2378">
    <p class='ocr_par' dir='ltr' id='par_1_23' title="bbox 350 2305 1950 2378">
     <span class='ocr_line' id='line_1_23' title="bbox 350 2305 1950 2378; baseline 0.001 -20"><span class='ocrx_word' id='word_1_164' title='bbox 350 2307 521 2378; x_wconf 78' lang='grc' dir='ltr'>ἱερῶν</span> <span class='ocrx_word' id='word_1_165' title='bbox 552 2307 794 2361; x_wconf 70' lang='grc' dir='ltr'>ἀῦίκτων</span> <span class='ocrx_word' id='word_1_166' title='bbox 813 2305 894 2358; x_wconf 74' lang='grc' dir='ltr'>ἔτι</span> <span class='ocrx_word' id='word_1_167' title='bbox 925 2305 1035 2359; x_wconf 84' lang='grc' dir='ltr'><strong>τῶν</strong></span> <span class='ocrx_word' id='word_1_168' title='bbox 1061 2305 1162 2375; x_wconf 83' lang='grc' dir='ltr'>τῆς</span> <span class='ocrx_word' id='word_1_169' title='bbox 1187 2306 1396 2369; x_wconf 87' lang='grc' dir='ltr'>πόλεως</span> <span class='ocrx_word' id='word_1_170' title='bbox 1431 2306 1769 2376; x_wconf 80' lang='grc' dir='ltr'>προαστείων</span> <span class='ocrx_word' id='word_1_171' title='bbox 1793 2306 1950 2361; x_wconf 76' lang='grc' dir='ltr'>ἀπεί-</span> 
     </span>
    </p>
   </div>
   <div class='ocr_carea' id='block_1_24' title="bbox 348 2399 1950 2472">
    <p class='ocr_par' dir='ltr' id='par_1_24' title="bbox 348 2399 1950 2472">
     <span class='ocr_line' id='line_1_24' title="bbox 348 2399 1950 2472; baseline -0.001 -18"><span class='ocrx_word' id='word_1_172' title='bbox 348 2418 536 2472; x_wconf 84' lang='grc' dir='ltr'>χοντο,</span> <span class='ocrx_word' id='word_1_173' title='bbox 578 2402 626 2454; x_wconf 85' lang='grc' dir='ltr'><strong>εί</strong></span> <span class='ocrx_word' id='word_1_174' title='bbox 655 2403 888 2464; x_wconf 73' lang='grc' dir='ltr'>καὶτοῖς</span> <span class='ocrx_word' id='word_1_175' title='bbox 937 2400 1062 2471; x_wconf 78' lang='grc' dir='ltr'>τῇδε</span> <span class='ocrx_word' id='word_1_176' title='bbox 1093 2399 1202 2454; x_wconf 85' lang='grc' dir='ltr'><strong>τῶν</strong></span> <span class='ocrx_word' id='word_1_177' title='bbox 1256 2399 1449 2453; x_wconf 83' lang='grc' dir='ltr'>δεινῶν</span> <span class='ocrx_word' id='word_1_178' title='bbox 1477 2400 1950 2471; x_wconf 82' lang='grc' dir='ltr'>προσδοκωμένων</span> 
     </span>
    </p>
   </div>
   <div class='ocr_carea' id='block_1_25' title="bbox 348 2490 1950 2565">
    <p class='ocr_par' dir='ltr' id='par_1_25' title="bbox 348 2490 1950 2565">
     <span class='ocr_line' id='line_1_25' title="bbox 348 2490 1950 2565; baseline -0.001 -17"><span class='ocrx_word' id='word_1_179' title='bbox 348 2494 664 2562; x_wconf 75' lang='grc' dir='ltr'>ἀναστολῆς</span> <span class='ocrx_word' id='word_1_180' title='bbox 695 2494 825 2556; x_wconf 73' lang='grc' dir='ltr'>ἔδει,</span> <span class='ocrx_word' id='word_1_181' title='bbox 856 2494 965 2553; x_wconf 70' lang='grc' dir='ltr'><strong>καὶ¹</strong></span> <span class='ocrx_word' id='word_1_182' title='bbox 984 2494 1060 2557; x_wconf 86' lang='grc' dir='ltr'>ὼς</span> <span class='ocrx_word' id='word_1_183' title='bbox 1089 2490 1159 2564; x_wconf 77' lang='grc' dir='ltr'>ἦν</span> <span class='ocrx_word' id='word_1_184' title='bbox 1188 2492 1591 2547; x_wconf 79' lang='grc' dir='ltr'>ἀνεστέλλοντο.</span> <span class='ocrx_word' id='word_1_185' title='bbox 1628 2495 1702 2547; x_wconf 83' lang='grc' dir='ltr'><strong>Οὐ</strong></span> <span class='ocrx_word' id='word_1_186' title='bbox 1729 2492 1950 2565; x_wconf 75' lang='grc' dir='ltr'>γάρζὲν-</span> 
     </span>
    </p>
   </div>
   <div class='ocr_carea' id='block_1_26' title="bbox 346 2581 1947 2658">
    <p class='ocr_par' dir='ltr' id='par_1_26' title="bbox 346 2581 1947 2658">
     <span class='ocr_line' id='line_1_26' title="bbox 346 2581 1947 2658; baseline -0.002 -18"><span class='ocrx_word' id='word_1_187' title='bbox 346 2587 530 2641; x_wconf 77' lang='grc' dir='ltr'>ταῦοα</span> <span class='ocrx_word' id='word_1_188' title='bbox 572 2587 733 2656; x_wconf 87' lang='grc' dir='ltr'>μόνον</span> <span class='ocrx_word' id='word_1_189' title='bbox 750 2581 819 2658; x_wconf 77' lang='grc' dir='ltr'>ἦν</span> <span class='ocrx_word' id='word_1_190' title='bbox 857 2586 916 2638; x_wconf 83' lang='grc' dir='ltr'>τὸ</span> <span class='ocrx_word' id='word_1_191' title='bbox 953 2584 1149 2652; x_wconf 77' lang='grc' dir='ltr'>δεινὸν,</span> <span class='ocrx_word' id='word_1_192' title='bbox 1184 2582 1322 2638; x_wconf 73' lang='grc' dir='ltr'>ἀλλὰ</span> <span class='ocrx_word' id='word_1_193' title='bbox 1348 2582 1419 2636; x_wconf 80' lang='grc' dir='ltr'>τὰ</span> <span class='ocrx_word' id='word_1_194' title='bbox 1461 2584 1559 2638; x_wconf 77' lang='grc' dir='ltr'>μὲν</span> <span class='ocrx_word' id='word_1_195' title='bbox 1594 2584 1713 2639; x_wconf 81' lang='grc' dir='ltr'>κατ’</span> <span class='ocrx_word' id='word_1_196' title='bbox 1750 2585 1947 2639; x_wconf 82' lang='grc' dir='ltr'>ἀνατο-</span> 
     </span>
    </p>
   </div>
   <div class='ocr_carea' id='block_1_27' title="bbox 348 2758 1952 2831">
    <p class='ocr_par' dir='ltr' id='par_1_27' title="bbox 348 2758 1952 2831">
     <span class='ocr_line' id='line_1_27' title="bbox 348 2758 1952 2831; baseline -0.005 -12"><span class='ocrx_word' id='word_1_197' title='bbox 348 2760 512 2826; x_wconf 83' lang='lat' dir='ltr'><strong>bant,</strong></span> <span class='ocrx_word' id='word_1_198' title='bbox 546 2761 768 2831; x_wconf 88' lang='lat' dir='ltr'><strong>quidam</strong></span> <span class='ocrx_word' id='word_1_199' title='bbox 804 2760 946 2815; x_wconf 85' lang='lat' dir='ltr'><strong>intra</strong></span> <span class='ocrx_word' id='word_1_200' title='bbox 982 2759 1197 2827; x_wconf 82' lang='lat' dir='ltr'><strong>urbem,</strong></span> <span class='ocrx_word' id='word_1_201' title='bbox 1221 2759 1313 2815; x_wconf 90' lang='lat' dir='ltr'><strong>alii</strong></span> <span class='ocrx_word' id='word_1_202' title='bbox 1348 2769 1500 2815; x_wconf 83' lang='lat' dir='ltr'><strong>extra</strong></span> <span class='ocrx_word' id='word_1_203' title='bbox 1528 2773 1627 2830; x_wconf 91' lang='lat' dir='ltr'><strong>per</strong></span> <span class='ocrx_word' id='word_1_204' title='bbox 1663 2759 1831 2815; x_wconf 81' lang='lat' dir='ltr'><strong>maris</strong></span> <span class='ocrx_word' id='word_1_205' title='bbox 1860 2758 1952 2814; x_wconf 90' lang='lat' dir='ltr'><strong>lit-</strong></span> 
     </span>
    </p>
   </div>
   <div class='ocr_carea' id='block_1_28' title="bbox 351 2849 1948 2920">
    <p class='ocr_par' dir='ltr' id='par_1_28' title="bbox 351 2849 1948 2920">
     <span class='ocr_line' id='line_1_28' title="bbox 351 2849 1948 2920; baseline -0.002 -14"><span class='ocrx_word' id='word_1_206' title='bbox 351 2861 467 2917; x_wconf 85' lang='lat' dir='ltr'><strong>tus,</strong></span> <span class='ocrx_word' id='word_1_207' title='bbox 497 2852 551 2904; x_wconf 92' lang='lat' dir='ltr'><strong>in</strong></span> <span class='ocrx_word' id='word_1_208' title='bbox 583 2851 807 2920; x_wconf 78' lang='lat' dir='ltr'><strong>pulvere</strong></span> <span class='ocrx_word' id='word_1_209' title='bbox 844 2859 1128 2905; x_wconf 76' lang='lat' dir='ltr'><strong>versantes</strong></span> <span class='ocrx_word' id='word_1_210' title='bbox 1159 2851 1390 2905; x_wconf 89' lang='lat' dir='ltr'><strong>miseras</strong></span> <span class='ocrx_word' id='word_1_211' title='bbox 1443 2849 1704 2918; x_wconf 83' lang='lat' dir='ltr'><strong>reliquias</strong></span> <span class='ocrx_word' id='word_1_212' title='bbox 1732 2850 1855 2903; x_wconf 70' lang='lat' dir='ltr'><strong>vitze</strong></span> <span class='ocrx_word' id='word_1_213' title='bbox 1883 2864 1948 2904; x_wconf 90' lang='lat' dir='ltr'><strong>ac</strong></span> 
     </span>
    </p>
   </div>
   <div class='ocr_carea' id='block_1_29' title="bbox 308 2941 1951 3015">
    <p class='ocr_par' dir='ltr' id='par_1_29' title="bbox 308 2941 1951 3015">
     <span class='ocr_line' id='line_1_29' title="bbox 308 2941 1951 3015; baseline -0.002 -16"><span class='ocrx_word' id='word_1_214' title='bbox 308 2952 309 2959; x_wconf 85' lang='lat'>‘</span> <span class='ocrx_word' id='word_1_215' title='bbox 356 2945 493 3015; x_wconf 83' lang='lat' dir='ltr'><strong>spei.</strong></span> <span class='ocrx_word' id='word_1_216' title='bbox 538 2943 758 2997; x_wconf 77' lang='lat' dir='ltr'><strong>Parvuli</strong></span> <span class='ocrx_word' id='word_1_217' title='bbox 784 2951 969 2997; x_wconf 90' lang='lat' dir='ltr'><strong>autem</strong></span> <span class='ocrx_word' id='word_1_218' title='bbox 995 2951 1050 2996; x_wconf 88' lang='lat' dir='ltr'><strong>et</strong></span> <span class='ocrx_word' id='word_1_219' title='bbox 1072 2942 1330 2997; x_wconf 81' lang='lat' dir='ltr'><strong>mulieres</strong></span> <span class='ocrx_word' id='word_1_220' title='bbox 1352 2956 1626 3010; x_wconf 87' lang='lat' dir='ltr'><strong>senesque</strong></span> <span class='ocrx_word' id='word_1_221' title='bbox 1655 2941 1951 2997; x_wconf 84' lang='lat' dir='ltr'><strong>miserandi</strong></span> 
     </span>
    </p>
   </div>
   <div class='ocr_carea' id='block_1_30' title="bbox 365 3034 1942 3103">
    <p class='ocr_par' dir='ltr' id='par_1_30' title="bbox 365 3034 1942 3103">
     <span class='ocr_line' id='line_1_30' title="bbox 365 3034 1942 3103; baseline -0.002 -10"><span class='ocrx_word' id='word_1_222' title='bbox 365 3037 515 3093; x_wconf 70' lang='lat' dir='ltr'><strong>strati</strong></span> <span class='ocrx_word' id='word_1_223' title='bbox 581 3043 788 3093; x_wconf 90' lang='lat' dir='ltr'><strong>temere</strong></span> <span class='ocrx_word' id='word_1_224' title='bbox 832 3051 928 3103; x_wconf 90' lang='lat' dir='ltr'><strong>per</strong></span> <span class='ocrx_word' id='word_1_225' title='bbox 979 3036 1098 3089; x_wconf 83' lang='lat' dir='ltr'><strong>vias</strong></span> <span class='ocrx_word' id='word_1_226' title='bbox 1150 3049 1258 3088; x_wconf 87' lang='lat' dir='ltr'><strong>non</strong></span> <span class='ocrx_word' id='word_1_227' title='bbox 1310 3035 1485 3089; x_wconf 89' lang='lat' dir='ltr'><strong>solum</strong></span> <span class='ocrx_word' id='word_1_228' title='bbox 1529 3034 1778 3091; x_wconf 78' lang='lat' dir='ltr'><strong>videntes</strong></span> <span class='ocrx_word' id='word_1_229' title='bbox 1808 3036 1942 3090; x_wconf 81' lang='lat' dir='ltr'><strong>hor-</strong></span> 
     </span>
    </p>
   </div>
   <div class='ocr_carea' id='block_1_31' title="bbox 358 3125 1953 3198">
    <p class='ocr_par' dir='ltr' id='par_1_31' title="bbox 358 3125 1953 3198">
     <span class='ocr_line' id='line_1_31' title="bbox 358 3125 1953 3198; baseline -0.001 -14"><span class='ocrx_word' id='word_1_230' title='bbox 358 3131 527 3184; x_wconf 86' lang='lat' dir='ltr'><strong>rcudo</strong></span> <span class='ocrx_word' id='word_1_231' title='bbox 570 3126 910 3198; x_wconf 89' lang='lat' dir='ltr'><strong>spectaculo,</strong></span> <span class='ocrx_word' id='word_1_232' title='bbox 965 3125 1059 3181; x_wconf 89' lang='lat' dir='ltr'><strong>sed</strong></span> <span class='ocrx_word' id='word_1_233' title='bbox 1116 3136 1172 3180; x_wconf 90' lang='lat' dir='ltr'><strong>et</strong></span> <span class='ocrx_word' id='word_1_234' title='bbox 1226 3125 1513 3182; x_wconf 77' lang='lat' dir='ltr'><strong>audientes</strong></span> <span class='ocrx_word' id='word_1_235' title='bbox 1559 3126 1953 3184; x_wconf 88' lang='lat' dir='ltr'><strong>immedicabili</strong></span> 
     </span>
    </p>
   </div>
   <div class='ocr_carea' id='block_1_32' title="bbox 353 3214 1952 3285">
    <p class='ocr_par' dir='ltr' id='par_1_32' title="bbox 353 3214 1952 3285">
     <span class='ocr_line' id='line_1_32' title="bbox 353 3214 1952 3285; baseline 0 -10"><span class='ocrx_word' id='word_1_236' title='bbox 353 3221 606 3275; x_wconf 71' lang='lat' dir='ltr'><strong>cordolio</strong></span> <span class='ocrx_word' id='word_1_237' title='bbox 652 3217 1035 3272; x_wconf 85' lang='lat' dir='ltr'><strong>vulnerabant.</strong></span> <span class='ocrx_word' id='word_1_238' title='bbox 1084 3214 1353 3271; x_wconf 70' lang='lat' dir='ltr'><strong>Cmterum</strong></span> <span class='ocrx_word' id='word_1_239' title='bbox 1408 3216 1667 3285; x_wconf 88' lang='lat' dir='ltr'><strong>indidem,</strong></span> <span class='ocrx_word' id='word_1_240' title='bbox 1720 3219 1822 3275; x_wconf 86' lang='lat' dir='ltr'><strong>hoc</strong></span> <span class='ocrx_word' id='word_1_241' title='bbox 1867 3229 1952 3275; x_wconf 87' lang='lat' dir='ltr'><strong>est</strong></span> 
     </span>
    </p>
   </div>
   <div class='ocr_carea' id='block_1_33' title="bbox 352 3306 1952 3379">
    <p class='ocr_par' dir='ltr' id='par_1_33' title="bbox 352 3306 1952 3379">
     <span class='ocr_line' id='line_1_33' title="bbox 352 3306 1952 3379; baseline -0.002 -15"><span class='ocrx_word' id='word_1_242' title='bbox 352 3308 697 3374; x_wconf 76' lang='lat' dir='ltr'><strong>Nicomedia,</strong></span> <span class='ocrx_word' id='word_1_243' title='bbox 738 3307 904 3379; x_wconf 77' lang='lat'><strong>333</strong></span> <span class='ocrx_word' id='word_1_244' title='bbox 949 3315 1072 3375; x_wconf 89' lang='lat' dir='ltr'><strong>post</strong></span> <span class='ocrx_word' id='word_1_245' title='bbox 1103 3306 1313 3362; x_wconf 80' lang='lat' dir='ltr'><strong>cladem</strong></span> <span class='ocrx_word' id='word_1_246' title='bbox 1362 3319 1721 3362; x_wconf 81' lang='lat' dir='ltr'><strong>memoratam</strong></span> <span class='ocrx_word' id='word_1_247' title='bbox 1759 3309 1952 3362; x_wconf 87' lang='lat' dir='ltr'><strong>militia</strong></span> 
     </span>
    </p>
   </div>
   <div class='ocr_carea' id='block_1_34' title="bbox 353 3400 1956 3474">
    <p class='ocr_par' dir='ltr' id='par_1_34' title="bbox 353 3400 1956 3474">
     <span class='ocr_line' id='line_1_34' title="bbox 353 3400 1956 3474; baseline -0.002 -16"><span class='ocrx_word' id='word_1_248' title='bbox 353 3403 583 3474; x_wconf 80' lang='lat' dir='ltr'><strong>quidem</strong></span> <span class='ocrx_word' id='word_1_249' title='bbox 645 3413 831 3456; x_wconf 79' lang='lat' dir='ltr'><strong>extera</strong></span> <span class='ocrx_word' id='word_1_250' title='bbox 898 3400 1130 3469; x_wconf 78' lang='lat' dir='ltr'><strong>inglorie</strong></span> <span class='ocrx_word' id='word_1_251' title='bbox 1196 3401 1630 3455; x_wconf 85' lang='lat' dir='ltr'><strong>revertebatur:</strong></span> <span class='ocrx_word' id='word_1_252' title='bbox 1687 3401 1956 3472; x_wconf 72' lang='lat' dir='ltr'><strong>indigenze</strong></span> 
     </span>
    </p>
   </div>
   <div class='ocr_carea' id='block_1_35' title="bbox 348 3493 1957 3564">
    <p class='ocr_par' dir='ltr' id='par_1_35' title="bbox 348 3493 1957 3564">
     <span class='ocr_line' id='line_1_35' title="bbox 348 3493 1957 3564; baseline -0.003 -10"><span class='ocrx_word' id='word_1_253' title='bbox 348 3512 488 3554; x_wconf 53' lang='lat' dir='ltr'><strong>vitro</strong></span> <span class='ocrx_word' id='word_1_254' title='bbox 537 3496 760 3557; x_wconf 82' lang='lat' dir='ltr'><strong>milites,</strong></span> <span class='ocrx_word' id='word_1_255' title='bbox 803 3493 895 3563; x_wconf 81' lang='lat' dir='ltr'><strong>qui</strong></span> <span class='ocrx_word' id='word_1_256' title='bbox 956 3493 1152 3548; x_wconf 90' lang='lat' dir='ltr'><strong>domos</strong></span> <span class='ocrx_word' id='word_1_257' title='bbox 1201 3507 1333 3548; x_wconf 90' lang='lat' dir='ltr'><strong>suas</strong></span> <span class='ocrx_word' id='word_1_258' title='bbox 1392 3503 1686 3564; x_wconf 83' lang='lat' dir='ltr'><strong>occupatas</strong></span> <span class='ocrx_word' id='word_1_259' title='bbox 1719 3495 1831 3563; x_wconf 88' lang='lat' dir='ltr'><strong>jam</strong></span> <span class='ocrx_word' id='word_1_260' title='bbox 1889 3495 1957 3549; x_wconf 88' lang='lat' dir='ltr'><strong>ab</strong></span> 
     </span>
    </p>
   </div>
   <div class='ocr_carea' id='block_1_36' title="bbox 355 3586 1953 3657">
    <p class='ocr_par' dir='ltr' id='par_1_36' title="bbox 355 3586 1953 3657">
     <span class='ocr_line' id='line_1_36' title="bbox 355 3586 1953 3657; baseline 0.001 -15"><span class='ocrx_word' id='word_1_261' title='bbox 355 3590 516 3643; x_wconf 87' lang='lat' dir='ltr'><strong>hoste</strong></span> <span class='ocrx_word' id='word_1_262' title='bbox 544 3588 779 3652; x_wconf 88' lang='lat' dir='ltr'><strong>scirent,</strong></span> <span class='ocrx_word' id='word_1_263' title='bbox 833 3587 925 3642; x_wconf 86' lang='lat' dir='ltr'><strong>ubi</strong></span> <span class='ocrx_word' id='word_1_264' title='bbox 977 3587 1242 3655; x_wconf 87' lang='lat' dir='ltr'><strong>deinceps</strong></span> <span class='ocrx_word' id='word_1_265' title='bbox 1278 3586 1583 3657; x_wconf 79' lang='lat' dir='ltr'><strong>perfugium</strong></span> <span class='ocrx_word' id='word_1_266' title='bbox 1621 3587 1686 3640; x_wconf 89' lang='lat' dir='ltr'><strong>ad</strong></span> <span class='ocrx_word' id='word_1_267' title='bbox 1719 3588 1953 3643; x_wconf 89' lang='lat' dir='ltr'><strong>salutem</strong></span> 
     </span>
    </p>
   </div>
   <div class='ocr_carea' id='block_1_37' title="bbox 355 3680 1958 3751">
    <p class='ocr_par' dir='ltr' id='par_1_37' title="bbox 355 3680 1958 3751">
     <span class='ocr_line' id='line_1_37' title="bbox 355 3680 1958 3751; baseline -0.001 -14"><span class='ocrx_word' id='word_1_268' title='bbox 355 3690 669 3751; x_wconf 83' lang='lat' dir='ltr'><strong>captarent.</strong></span> <span class='ocrx_word' id='word_1_269' title='bbox 724 3680 878 3734; x_wconf 88' lang='lat' dir='ltr'><strong>varie</strong></span> <span class='ocrx_word' id='word_1_270' title='bbox 924 3680 1160 3750; x_wconf 90' lang='lat' dir='ltr'><strong>quisque</strong></span> <span class='ocrx_word' id='word_1_271' title='bbox 1193 3687 1440 3735; x_wconf 66' lang='lat' dir='ltr'><strong>aestuans</strong></span> <span class='ocrx_word' id='word_1_272' title='bbox 1473 3680 1790 3735; x_wconf 79' lang='lat' dir='ltr'><strong>necessario</strong></span> <span class='ocrx_word' id='word_1_273' title='bbox 1813 3695 1958 3745; x_wconf 72' lang='lat' dir='ltr'><strong>quae-</strong></span> 
     </span>
    </p>
   </div>
   <div class='ocr_carea' id='block_1_38' title="bbox 357 3770 1957 3828">
    <p class='ocr_par' dir='ltr' id='par_1_38' title="bbox 357 3770 1957 3828">
     <span class='ocr_line' id='line_1_38' title="bbox 357 3770 1957 3828; baseline 0.001 -2"><span class='ocrx_word' id='word_1_274' title='bbox 357 3773 542 3826; x_wconf 79' lang='lat' dir='ltr'><strong>rebat.</strong></span> <span class='ocrx_word' id='word_1_275' title='bbox 579 3772 644 3825; x_wconf 75' lang='lat' dir='ltr'><strong>At</strong></span> <span class='ocrx_word' id='word_1_276' title='bbox 696 3770 888 3827; x_wconf 88' lang='lat' dir='ltr'><strong>hostes</strong></span> <span class='ocrx_word' id='word_1_277' title='bbox 941 3775 1185 3826; x_wconf 89' lang='lat' dir='ltr'><strong>corrasis</strong></span> <span class='ocrx_word' id='word_1_278' title='bbox 1240 3771 1512 3826; x_wconf 85' lang='lat' dir='ltr'><strong>hactenus</strong></span> <span class='ocrx_word' id='word_1_279' title='bbox 1539 3772 1784 3825; x_wconf 91' lang='lat' dir='ltr'><strong>omnium</strong></span> <span class='ocrx_word' id='word_1_280' title='bbox 1817 3772 1957 3828; x_wconf 87' lang='lat' dir='ltr'><strong>ulte-</strong></span> 
     </span>
    </p>
   </div>
   <div class='ocr_carea' id='block_1_39' title="bbox 359 3862 1959 3935">
    <p class='ocr_par' dir='ltr' id='par_1_39' title="bbox 359 3862 1959 3935">
     <span class='ocr_line' id='line_1_39' title="bbox 359 3862 1959 3935; baseline -0.002 -15"><span class='ocrx_word' id='word_1_281' title='bbox 359 3868 573 3920; x_wconf 91' lang='lat' dir='ltr'><strong>riorum</strong></span> <span class='ocrx_word' id='word_1_282' title='bbox 606 3865 889 3935; x_wconf 79' lang='lat' dir='ltr'><strong>regionum</strong></span> <span class='ocrx_word' id='word_1_283' title='bbox 933 3863 1156 3934; x_wconf 77' lang='lat' dir='ltr'><strong>praedis,</strong></span> <span class='ocrx_word' id='word_1_284' title='bbox 1196 3862 1267 3918; x_wconf 92' lang='lat' dir='ltr'><strong>iis</strong></span> <span class='ocrx_word' id='word_1_285' title='bbox 1299 3878 1359 3919; x_wconf 89' lang='lat' dir='ltr'><strong>se</strong></span> <span class='ocrx_word' id='word_1_286' title='bbox 1405 3863 1735 3920; x_wconf 88' lang='lat' dir='ltr'><strong>incubantes</strong></span> <span class='ocrx_word' id='word_1_287' title='bbox 1766 3865 1959 3933; x_wconf 82' lang='lat' dir='ltr'><strong>ingur-</strong></span> 
     </span>
    </p>
   </div>
   <div class='ocr_carea' id='block_1_40' title="bbox 360 3956 1957 4030">
    <p class='ocr_par' dir='ltr' id='par_1_40' title="bbox 360 3956 1957 4030">
     <span class='ocr_line' id='line_1_40' title="bbox 360 3956 1957 4030; baseline 0.001 -20"><span class='ocrx_word' id='word_1_288' title='bbox 360 3961 636 4030; x_wconf 58' lang='lat' dir='ltr'><strong>gitubaul,</strong></span> <span class='ocrx_word' id='word_1_289' title='bbox 665 3958 836 4025; x_wconf 85' lang='lat' dir='ltr'><strong>raptis</strong></span> <span class='ocrx_word' id='word_1_290' title='bbox 862 3958 1292 4027; x_wconf 86' lang='lat' dir='ltr'><strong>intemperanter</strong></span> <span class='ocrx_word' id='word_1_291' title='bbox 1322 3957 1638 4019; x_wconf 85' lang='lat' dir='ltr'><strong>abutentes,</strong></span> <span class='ocrx_word' id='word_1_292' title='bbox 1674 3956 1957 4012; x_wconf 77' lang='lat' dir='ltr'><strong>trahentes</strong></span> 
     </span>
    </p>
   </div>
   <div class='ocr_carea' id='block_1_41' title="bbox 362 4047 1958 4120">
    <p class='ocr_par' dir='ltr' id='par_1_41' title="bbox 362 4047 1958 4120">
     <span class='ocr_line' id='line_1_41' title="bbox 362 4047 1958 4120; baseline -0.001 -16"><span class='ocrx_word' id='word_1_293' title='bbox 362 4052 709 4120; x_wconf 80' lang='lat' dir='ltr'><strong>captivorum</strong></span> <span class='ocrx_word' id='word_1_294' title='bbox 741 4048 1026 4103; x_wconf 88' lang='lat' dir='ltr'><strong>hominum</strong></span> <span class='ocrx_word' id='word_1_295' title='bbox 1063 4056 1338 4115; x_wconf 84' lang='lat' dir='ltr'><strong>catervas,</strong></span> <span class='ocrx_word' id='word_1_296' title='bbox 1358 4047 1557 4118; x_wconf 87' lang='lat' dir='ltr'><strong>captivi</strong></span> <span class='ocrx_word' id='word_1_297' title='bbox 1581 4047 1797 4118; x_wconf 88' lang='lat' dir='ltr'><strong>pecoris</strong></span> <span class='ocrx_word' id='word_1_298' title='bbox 1833 4063 1958 4117; x_wconf 84' lang='lat' dir='ltr'><strong>gre-</strong></span> 
     </span>
    </p>
   </div>
   <div class='ocr_carea' id='block_1_42' title="bbox 365 4140 1958 4212">
    <p class='ocr_par' dir='ltr' id='par_1_42' title="bbox 365 4140 1958 4212">
     <span class='ocr_line' id='line_1_42' title="bbox 365 4140 1958 4212; baseline 0.003 -19"><span class='ocrx_word' id='word_1_299' title='bbox 365 4158 489 4212; x_wconf 77' lang='lat' dir='ltr'><strong>ges,</strong></span> <span class='ocrx_word' id='word_1_300' title='bbox 547 4148 820 4205; x_wconf 81' lang='lat' dir='ltr'><strong>armenta,</strong></span> <span class='ocrx_word' id='word_1_301' title='bbox 865 4142 1150 4206; x_wconf 87' lang='lat' dir='ltr'><strong>mandras,</strong></span> <span class='ocrx_word' id='word_1_302' title='bbox 1180 4155 1287 4194; x_wconf 91' lang='lat' dir='ltr'><strong>una</strong></span> <span class='ocrx_word' id='word_1_303' title='bbox 1345 4154 1470 4195; x_wconf 89' lang='lat' dir='ltr'><strong>cum</strong></span> <span class='ocrx_word' id='word_1_304' title='bbox 1510 4140 1691 4195; x_wconf 89' lang='lat' dir='ltr'><strong>omnis</strong></span> <span class='ocrx_word' id='word_1_305' title='bbox 1739 4140 1958 4211; x_wconf 82' lang='lat' dir='ltr'><strong>generis</strong></span> 
     </span>
    </p>
   </div>
   <div class='ocr_carea' id='block_1_43' title="bbox 363 4220 1957 4301">
    <p class='ocr_par' dir='ltr' id='par_1_43' title="bbox 363 4220 1957 4301">
     <span class='ocr_line' id='line_1_43' title="bbox 363 4220 1957 4301; baseline 0 -18"><span class='ocrx_word' id='word_1_306' title='bbox 363 4231 572 4301; x_wconf 76' lang='lat' dir='ltr'><strong>praeda,</strong></span> <span class='ocrx_word' id='word_1_307' title='bbox 605 4230 905 4298; x_wconf 46' lang='lat' dir='ltr'><strong>praesertim</strong></span> <span class='ocrx_word' id='word_1_308' title='bbox 936 4220 1121 4284; x_wconf 84' lang='lat' dir='ltr'><strong>autem</strong></span> <span class='ocrx_word' id='word_1_309' title='bbox 1149 4229 1331 4284; x_wconf 90' lang='lat' dir='ltr'><strong>fructu</strong></span> <span class='ocrx_word' id='word_1_310' title='bbox 1358 4239 1626 4299; x_wconf 78' lang='lat' dir='ltr'><strong>segetum,</strong></span> <span class='ocrx_word' id='word_1_311' title='bbox 1659 4245 1800 4300; x_wconf 88' lang='lat' dir='ltr'><strong>quas</strong></span> <span class='ocrx_word' id='word_1_312' title='bbox 1826 4231 1957 4284; x_wconf 89' lang='lat' dir='ltr'><strong>anui</strong></span> 
     </span>
    </p>
   </div>
   <div class='ocr_carea' id='block_1_44' title="bbox 368 4321 1958 4392">
    <p class='ocr_par' dir='ltr' id='par_1_44' title="bbox 368 4321 1958 4392">
     <span class='ocr_line' id='line_1_44' title="bbox 368 4321 1958 4392; baseline -0.003 -14"><span class='ocrx_word' id='word_1_313' title='bbox 368 4334 475 4378; x_wconf 77' lang='lat' dir='ltr'><strong>t.-m</strong></span> <span class='ocrx_word' id='word_1_314' title='bbox 486 4331 693 4392; x_wconf 80' lang='lat' dir='ltr'><strong>pestate</strong></span> <span class='ocrx_word' id='word_1_315' title='bbox 709 4329 948 4376; x_wconf 83' lang='lat' dir='ltr'><strong>maturas</strong></span> <span class='ocrx_word' id='word_1_316' title='bbox 962 4321 1319 4392; x_wconf 74' lang='lat' dir='ltr'><strong>collegerant,</strong></span> <span class='ocrx_word' id='word_1_317' title='bbox 1334 4337 1401 4377; x_wconf 78' lang='lat' dir='ltr'><strong>ex</strong></span> <span class='ocrx_word' id='word_1_318' title='bbox 1416 4322 1593 4392; x_wconf 88' lang='lat' dir='ltr'><strong>iisque</strong></span> <span class='ocrx_word' id='word_1_319' title='bbox 1607 4322 1757 4391; x_wconf 87' lang='lat' dir='ltr'><strong>larga</strong></span> <span class='ocrx_word' id='word_1_320' title='bbox 1771 4336 1958 4390; x_wconf 90' lang='lat' dir='ltr'><strong>manu,</strong></span> 
     </span>
    </p>
   </div>
   <div class='ocr_carea' id='block_1_45' title="bbox 368 4414 1957 4487">
    <p class='ocr_par' dir='ltr' id='par_1_45' title="bbox 368 4414 1957 4487">
     <span class='ocr_line' id='line_1_45' title="bbox 368 4414 1957 4487; baseline -0.002 -17"><span class='ocrx_word' id='word_1_321' title='bbox 368 4432 494 4487; x_wconf 74' lang='lat' dir='ltr'><strong>qua:</strong></span> <span class='ocrx_word' id='word_1_322' title='bbox 533 4417 704 4469; x_wconf 86' lang='lat' dir='ltr'><strong>multa</strong></span> <span class='ocrx_word' id='word_1_323' title='bbox 759 4416 999 4484; x_wconf 86' lang='lat' dir='ltr'><strong>undique</strong></span> <span class='ocrx_word' id='word_1_324' title='bbox 1055 4414 1352 4483; x_wconf 68' lang='lat' dir='ltr'><strong>praedando</strong></span> <span class='ocrx_word' id='word_1_325' title='bbox 1405 4424 1819 4485; x_wconf 83' lang='lat' dir='ltr'><strong>congesserant,</strong></span> <span class='ocrx_word' id='word_1_326' title='bbox 1864 4414 1957 4484; x_wconf 81' lang='lat' dir='ltr'><strong>ju-</strong></span> 
     </span>
    </p>
   </div>
   <div class='ocr_carea' id='block_1_46' title="bbox 372 4506 1966 4578">
    <p class='ocr_par' dir='ltr' id='par_1_46' title="bbox 372 4506 1966 4578">
     <span class='ocr_line' id='line_1_46' title="bbox 372 4506 1966 4578; baseline -0.003 -14"><span class='ocrx_word' id='word_1_327' title='bbox 372 4520 556 4565; x_wconf 86' lang='lat' dir='ltr'><strong>nienta</strong></span> <span class='ocrx_word' id='word_1_328' title='bbox 585 4510 916 4578; x_wconf 63' lang='lat' dir='ltr'><strong>pascebant;</strong></span> <span class='ocrx_word' id='word_1_329' title='bbox 951 4506 1187 4577; x_wconf 89' lang='lat' dir='ltr'><strong>denique</strong></span> <span class='ocrx_word' id='word_1_330' title='bbox 1212 4522 1425 4561; x_wconf 89' lang='lat' dir='ltr'><strong>summa</strong></span> <span class='ocrx_word' id='word_1_331' title='bbox 1458 4508 1777 4571; x_wconf 84' lang='lat' dir='ltr'><strong>securitate,</strong></span> <span class='ocrx_word' id='word_1_332' title='bbox 1809 4506 1966 4576; x_wconf 74' lang='lat' dir='ltr'><strong>quid-</strong></span> 
     </span>
    </p>
   </div>
   <div class='ocr_carea' id='block_1_47' title="bbox 368 4590 2041 4671">
    <p class='ocr_par' dir='ltr' id='par_1_47' title="bbox 368 4590 2041 4671">
     <span class='ocr_line' id='line_1_47' title="bbox 368 4590 2041 4671; baseline -0.001 -17"><span class='ocrx_word' id='word_1_333' title='bbox 368 4601 502 4671; x_wconf 80' lang='lat' dir='ltr'><strong>quid</strong></span> <span class='ocrx_word' id='word_1_334' title='bbox 529 4602 661 4669; x_wconf 87' lang='lat' dir='ltr'><strong>ipsis</strong></span> <span class='ocrx_word' id='word_1_335' title='bbox 692 4600 1120 4668; x_wconf 81' lang='lat' dir='ltr'><strong>placuerat,quo</strong></span> <span class='ocrx_word' id='word_1_336' title='bbox 1152 4599 1352 4652; x_wconf 89' lang='lat' dir='ltr'><strong>vellent</strong></span> <span class='ocrx_word' id='word_1_337' title='bbox 1374 4613 1605 4669; x_wconf 88' lang='lat' dir='ltr'><strong>cumque</strong></span> <span class='ocrx_word' id='word_1_338' title='bbox 1629 4599 1962 4654; x_wconf 86' lang='lat' dir='ltr'><strong>transfereu-</strong></span> <span class='ocrx_word' id='word_1_339' title='bbox 1999 4590 2041 4644; x_wconf 78' lang='grc' dir='ltr'>ο</span> 
     </span>
    </p>
   </div>
   <div class='ocr_carea' id='block_1_48' title="bbox 373 4688 1968 4748">
    <p class='ocr_par' dir='ltr' id='par_1_48' title="bbox 373 4688 1968 4748">
     <span class='ocr_line' id='line_1_48' title="bbox 373 4688 1968 4748; baseline -0.001 0"><span class='ocrx_word' id='word_1_340' title='bbox 373 4703 479 4748; x_wconf 86' lang='lat' dir='ltr'><strong>tes.</strong></span> <span class='ocrx_word' id='word_1_341' title='bbox 503 4689 619 4745; x_wconf 86' lang='lat' dir='ltr'><strong>Non</strong></span> <span class='ocrx_word' id='word_1_342' title='bbox 654 4701 838 4744; x_wconf 77' lang='lat' dir='ltr'><strong>tamen</strong></span> <span class='ocrx_word' id='word_1_343' title='bbox 871 4690 1048 4744; x_wconf 85' lang='lat' dir='ltr'><strong>adhuc</strong></span> <span class='ocrx_word' id='word_1_344' title='bbox 1074 4690 1367 4746; x_wconf 88' lang='lat' dir='ltr'><strong>citeriores</strong></span> <span class='ocrx_word' id='word_1_345' title='bbox 1408 4688 1724 4745; x_wconf 82' lang='lat' dir='ltr'><strong>Nicomedia</strong></span> <span class='ocrx_word' id='word_1_346' title='bbox 1757 4700 1968 4747; x_wconf 86' lang='lat' dir='ltr'><strong>tractus</strong></span> 
     </span>
    </p>
   </div>
   <div class='ocr_carea' id='block_1_49' title="bbox 369 4782 1968 4854">
    <p class='ocr_par' dir='ltr' id='par_1_49' title="bbox 369 4782 1968 4854">
     <span class='ocr_line' id='line_1_49' title="bbox 369 4782 1968 4854; baseline 0.001 -15"><span class='ocrx_word' id='word_1_347' title='bbox 369 4785 734 4854; x_wconf 76' lang='lat' dir='ltr'><strong>attingebant,</strong></span> <span class='ocrx_word' id='word_1_348' title='bbox 789 4782 1071 4848; x_wconf 89' lang='lat' dir='ltr'><strong>nondum,</strong></span> <span class='ocrx_word' id='word_1_349' title='bbox 1120 4791 1184 4837; x_wconf 90' lang='lat' dir='ltr'><strong>ut</strong></span> <span class='ocrx_word' id='word_1_350' title='bbox 1234 4793 1319 4837; x_wconf 90' lang='lat' dir='ltr'><strong>est</strong></span> <span class='ocrx_word' id='word_1_351' title='bbox 1365 4784 1700 4849; x_wconf 84' lang='lat' dir='ltr'><strong>verisimile,</strong></span> <span class='ocrx_word' id='word_1_352' title='bbox 1751 4794 1868 4839; x_wconf 88' lang='lat' dir='ltr'><strong>tuto</strong></span> <span class='ocrx_word' id='word_1_353' title='bbox 1908 4801 1968 4840; x_wconf 88' lang='lat' dir='ltr'><strong>se</strong></span> 
     </span>
    </p>
   </div>
   <div class='ocr_carea' id='block_1_50' title="bbox 370 4872 1963 4944">
    <p class='ocr_par' dir='ltr' id='par_1_50' title="bbox 370 4872 1963 4944">
     <span class='ocr_line' id='line_1_50' title="bbox 370 4872 1963 4944; baseline 0 -14"><span class='ocrx_word' id='word_1_354' title='bbox 370 4878 506 4931; x_wconf 88' lang='lat' dir='ltr'><strong>illnc</strong></span> <span class='ocrx_word' id='word_1_355' title='bbox 538 4877 856 4944; x_wconf 83' lang='lat' dir='ltr'><strong>irrupturos</strong></span> <span class='ocrx_word' id='word_1_356' title='bbox 883 4874 1200 4942; x_wconf 89' lang='lat' dir='ltr'><strong>opinantes.</strong></span> <span class='ocrx_word' id='word_1_357' title='bbox 1230 4872 1550 4931; x_wconf 80' lang='lat' dir='ltr'><strong>Metuebant</strong></span> <span class='ocrx_word' id='word_1_358' title='bbox 1586 4874 1845 4931; x_wconf 67' lang='lat' dir='ltr'><strong>videlicpt</strong></span> <span class='ocrx_word' id='word_1_359' title='bbox 1874 4892 1963 4941; x_wconf 91' lang='lat' dir='ltr'><strong>ne,</strong></span> 
     </span>
    </p>
   </div>
   <div class='ocr_carea' id='block_1_51' title="bbox 370 4968 1964 5041">
    <p class='ocr_par' dir='ltr' id='par_1_51' title="bbox 370 4968 1964 5041">
     <span class='ocr_line' id='line_1_51' title="bbox 370 4968 1964 5041; baseline -0.002 -16"><span class='ocrx_word' id='word_1_360' title='bbox 370 4972 416 5025; x_wconf 90' lang='lat' dir='ltr'><strong>si</strong></span> <span class='ocrx_word' id='word_1_361' title='bbox 444 4971 904 5041; x_wconf 83' lang='lat' dir='ltr'><strong>proveherentur,</strong></span> <span class='ocrx_word' id='word_1_362' title='bbox 960 4981 1028 5022; x_wconf 77' lang='lat' dir='ltr'><strong>ex</strong></span> <span class='ocrx_word' id='word_1_363' title='bbox 1084 4968 1219 5022; x_wconf 89' lang='lat' dir='ltr'><strong>urbe</strong></span> <span class='ocrx_word' id='word_1_364' title='bbox 1247 4973 1395 5022; x_wconf 85' lang='lat' dir='ltr'><strong>retro</strong></span> <span class='ocrx_word' id='word_1_365' title='bbox 1437 4968 1632 5022; x_wconf 88' lang='lat' dir='ltr'><strong>relicta</strong></span> <span class='ocrx_word' id='word_1_366' title='bbox 1660 4968 1877 5037; x_wconf 57' lang='lat' dir='ltr'><strong>erupti»</strong></span> <span class='ocrx_word' id='word_1_367' title='bbox 1911 4971 1964 5022; x_wconf 91' lang='lat' dir='ltr'><strong>in</strong></span> 
     </span>
    </p>
   </div>
   <div class='ocr_carea' id='block_1_52' title="bbox 371 5058 1963 5132">
    <p class='ocr_par' dir='ltr' id='par_1_52' title="bbox 371 5058 1963 5132">
     <span class='ocr_line' id='line_1_52' title="bbox 371 5058 1963 5132; baseline -0.002 -16"><span class='ocrx_word' id='word_1_368' title='bbox 371 5062 525 5132; x_wconf 87' lang='lat' dir='ltr'><strong>ipsos</strong></span> <span class='ocrx_word' id='word_1_369' title='bbox 578 5061 752 5115; x_wconf 84' lang='lat' dir='ltr'><strong>fieret.</strong></span> <span class='ocrx_word' id='word_1_370' title='bbox 798 5059 1112 5129; x_wconf 83' lang='lat' dir='ltr'><strong>Eademque</strong></span> <span class='ocrx_word' id='word_1_371' title='bbox 1162 5058 1465 5116; x_wconf 80' lang='lat' dir='ltr'><strong>formidine</strong></span> <span class='ocrx_word' id='word_1_372' title='bbox 1511 5061 1963 5124; x_wconf 84' lang='lat' dir='ltr'><strong>continebantur,</strong></span> 
     </span>
    </p>
   </div>
   <div class='ocr_carea' id='block_1_53' title="bbox 373 5147 1967 5219">
    <p class='ocr_par' dir='ltr' id='par_1_53' title="bbox 373 5147 1967 5219">
     <span class='ocr_line' id='line_1_53' title="bbox 373 5147 1967 5219; baseline 0.001 -17"><span class='ocrx_word' id='word_1_373' title='bbox 373 5164 444 5202; x_wconf 90' lang='lat' dir='ltr'><strong>ne</strong></span> <span class='ocrx_word' id='word_1_374' title='bbox 506 5148 769 5204; x_wconf 81' lang='lat' dir='ltr'><strong>Suburbia</strong></span> <span class='ocrx_word' id='word_1_375' title='bbox 816 5147 1061 5201; x_wconf 88' lang='lat' dir='ltr'><strong>civitatis</strong></span> <span class='ocrx_word' id='word_1_376' title='bbox 1116 5154 1377 5216; x_wconf 86' lang='lat' dir='ltr'><strong>tanquam</strong></span> <span class='ocrx_word' id='word_1_377' title='bbox 1426 5160 1587 5202; x_wconf 87' lang='lat' dir='ltr'><strong>sacra</strong></span> <span class='ocrx_word' id='word_1_378' title='bbox 1647 5149 1967 5219; x_wconf 69' lang='lat' dir='ltr'><strong>contingi-re</strong></span> 
     </span>
    </p>
   </div>
   <div class='ocr_carea' id='block_1_54' title="bbox 371 5238 1969 5310">
    <p class='ocr_par' dir='ltr' id='par_1_54' title="bbox 371 5238 1969 5310">
     <span class='ocr_line' id='line_1_54' title="bbox 371 5238 1969 5310; baseline 0 -15"><span class='ocrx_word' id='word_1_379' title='bbox 371 5241 663 5295; x_wconf 83' lang='lat' dir='ltr'><strong>auderent.</strong></span> <span class='ocrx_word' id='word_1_380' title='bbox 696 5238 812 5294; x_wconf 60' lang='lat' dir='ltr'><strong>Etsi</strong></span> <span class='ocrx_word' id='word_1_381' title='bbox 860 5254 1051 5309; x_wconf 89' lang='lat' dir='ltr'><strong>parum</strong></span> <span class='ocrx_word' id='word_1_382' title='bbox 1086 5253 1151 5292; x_wconf 89' lang='lat' dir='ltr'><strong>ea</strong></span> <span class='ocrx_word' id='word_1_383' title='bbox 1212 5253 1301 5293; x_wconf 88' lang='lat' dir='ltr'><strong>res</strong></span> <span class='ocrx_word' id='word_1_384' title='bbox 1353 5238 1466 5293; x_wconf 91' lang='lat' dir='ltr'><strong>illic</strong></span> <span class='ocrx_word' id='word_1_385' title='bbox 1513 5239 1841 5310; x_wconf 72' lang='lat' dir='ltr'><strong>degentibus</strong></span> <span class='ocrx_word' id='word_1_386' title='bbox 1887 5258 1969 5295; x_wconf 88' lang='lat' dir='ltr'><strong>re-</strong></span> 
     </span>
    </p>
   </div>
   <div class='ocr_carea' id='block_1_55' title="bbox 372 5331 1966 5401">
    <p class='ocr_par' dir='ltr' id='par_1_55' title="bbox 372 5331 1966 5401">
     <span class='ocr_line' id='line_1_55' title="bbox 372 5331 1966 5401; baseline 0.001 -13"><span class='ocrx_word' id='word_1_387' title='bbox 372 5334 661 5389; x_wconf 54' lang='lat' dir='ltr'><strong>missionis</strong></span> <span class='ocrx_word' id='word_1_388' title='bbox 689 5331 934 5393; x_wconf 68' lang='lat' dir='ltr'><strong>aderret,</strong></span> <span class='ocrx_word' id='word_1_389' title='bbox 957 5331 1223 5386; x_wconf 90' lang='lat' dir='ltr'><strong>continuo</strong></span> <span class='ocrx_word' id='word_1_390' title='bbox 1243 5331 1434 5401; x_wconf 81' lang='lat' dir='ltr'><strong>utique</strong></span> <span class='ocrx_word' id='word_1_391' title='bbox 1461 5340 1677 5387; x_wconf 87' lang='lat' dir='ltr'><strong>terrore</strong></span> <span class='ocrx_word' id='word_1_392' title='bbox 1708 5334 1966 5390; x_wconf 82' lang='lat' dir='ltr'><strong>sollicitis</strong></span> 
     </span>
    </p>
   </div>
   <div class='ocr_carea' id='block_1_56' title="bbox 369 5422 1969 5495">
    <p class='ocr_par' dir='ltr' id='par_1_56' title="bbox 369 5422 1969 5495">
     <span class='ocr_line' id='line_1_56' title="bbox 369 5422 1969 5495; baseline 0.001 -15"><span class='ocrx_word' id='word_1_393' title='bbox 369 5437 425 5480; x_wconf 88' lang='lat' dir='ltr'><strong>et</strong></span> <span class='ocrx_word' id='word_1_394' title='bbox 453 5442 576 5494; x_wconf 67' lang='lat' dir='ltr'><strong>quae</strong></span> <span class='ocrx_word' id='word_1_395' title='bbox 603 5425 846 5480; x_wconf 88' lang='lat' dir='ltr'><strong>nondum</strong></span> <span class='ocrx_word' id='word_1_396' title='bbox 885 5424 1261 5493; x_wconf 86' lang='lat' dir='ltr'><strong>patiebantur,</strong></span> <span class='ocrx_word' id='word_1_397' title='bbox 1294 5423 1399 5480; x_wconf 86' lang='lat' dir='ltr'><strong>sibi</strong></span> <span class='ocrx_word' id='word_1_398' title='bbox 1432 5433 1691 5494; x_wconf 89' lang='lat' dir='ltr'><strong>tanquam</strong></span> <span class='ocrx_word' id='word_1_399' title='bbox 1728 5422 1969 5495; x_wconf 61' lang='lat' dir='ltr'><strong>praesen-</strong></span> 
     </span>
    </p>
   </div>
   <div class='ocr_carea' id='block_1_57' title="bbox 374 5517 1968 5590">
    <p class='ocr_par' dir='ltr' id='par_1_57' title="bbox 374 5517 1968 5590">
     <span class='ocr_line' id='line_1_57' title="bbox 374 5517 1968 5590; baseline 0.002 -18"><span class='ocrx_word' id='word_1_400' title='bbox 374 5520 450 5574; x_wconf 91' lang='lat' dir='ltr'><strong>tia</strong></span> <span class='ocrx_word' id='word_1_401' title='bbox 493 5520 851 5588; x_wconf 81' lang='lat' dir='ltr'><strong>lingentibus,</strong></span> <span class='ocrx_word' id='word_1_402' title='bbox 896 5517 1224 5573; x_wconf 76' lang='lat' dir='ltr'><strong>fruebantur</strong></span> <span class='ocrx_word' id='word_1_403' title='bbox 1262 5526 1445 5573; x_wconf 89' lang='lat' dir='ltr'><strong>tamen</strong></span> <span class='ocrx_word' id='word_1_404' title='bbox 1478 5518 1688 5585; x_wconf 89' lang='lat' dir='ltr'><strong>miseri,</strong></span> <span class='ocrx_word' id='word_1_405' title='bbox 1724 5528 1784 5573; x_wconf 90' lang='lat' dir='ltr'><strong>ut</strong></span> <span class='ocrx_word' id='word_1_406' title='bbox 1815 5532 1968 5590; x_wconf 86' lang='lat' dir='ltr'><strong>pote-</strong></span> 
     </span>
    </p>
   </div>
   <div class='ocr_carea' id='block_1_58' title="bbox 373 5611 2007 5687">
    <p class='ocr_par' dir='ltr' id='par_1_58' title="bbox 373 5611 2007 5687">
     <span class='ocr_line' id='line_1_58' title="bbox 373 5611 2007 5687; baseline 0.002 -21"><span class='ocrx_word' id='word_1_407' title='bbox 373 5620 520 5674; x_wconf 83' lang='lat' dir='ltr'><strong>rant,</strong></span> <span class='ocrx_word' id='word_1_408' title='bbox 579 5613 763 5680; x_wconf 86' lang='lat' dir='ltr'><strong>quiete</strong></span> <span class='ocrx_word' id='word_1_409' title='bbox 811 5612 1191 5683; x_wconf 87' lang='lat' dir='ltr'><strong>qualicunque</strong></span> <span class='ocrx_word' id='word_1_410' title='bbox 1222 5625 1322 5681; x_wconf 90' lang='lat' dir='ltr'><strong>per</strong></span> <span class='ocrx_word' id='word_1_411' title='bbox 1373 5611 1537 5666; x_wconf 88' lang='lat' dir='ltr'><strong>istam</strong></span> <span class='ocrx_word' id='word_1_412' title='bbox 1570 5612 1646 5667; x_wconf 92' lang='lat' dir='ltr'><strong>ita</strong></span> <span class='ocrx_word' id='word_1_413' title='bbox 1681 5629 1967 5684; x_wconf 63' lang='lat' dir='ltr'><strong>suspensae</strong></span> <span class='ocrx_word' id='word_1_414' title='bbox 1998 5684 2007 5687; x_wconf 26' lang='grc' dir='ltr'><em>ν</em></span> 
     </span>
    </p>
   </div>
   <div class='ocr_carea' id='block_1_59' title="bbox 371 5704 1969 5778">
    <p class='ocr_par' dir='ltr' id='par_1_59' title="bbox 371 5704 1969 5778">
     <span class='ocr_line' id='line_1_59' title="bbox 371 5704 1969 5778; baseline 0.003 -19"><span class='ocrx_word' id='word_1_415' title='bbox 371 5705 712 5759; x_wconf 86' lang='lat' dir='ltr'><strong>incursionis</strong></span> <span class='ocrx_word' id='word_1_416' title='bbox 740 5704 954 5760; x_wconf 82' lang='lat' dir='ltr'><strong>hostilis</strong></span> <span class='ocrx_word' id='word_1_417' title='bbox 984 5719 1217 5773; x_wconf 90' lang='lat' dir='ltr'><strong>moram,</strong></span> <span class='ocrx_word' id='word_1_418' title='bbox 1240 5719 1304 5761; x_wconf 84' lang='lat' dir='ltr'><strong>ac</strong></span> <span class='ocrx_word' id='word_1_419' title='bbox 1328 5706 1746 5776; x_wconf 81' lang='lat' dir='ltr'><strong>comparatione</strong></span> <span class='ocrx_word' id='word_1_420' title='bbox 1764 5711 1969 5778; x_wconf 85' lang='lat' dir='ltr'><strong>pariter</strong></span> 
     </span>
    </p>
   </div>
   <div class='ocr_carea' id='block_1_60' title="bbox 373 5794 1968 5870">
    <p class='ocr_par' dir='ltr' id='par_1_60' title="bbox 373 5794 1968 5870">
     <span class='ocr_line' id='line_1_60' title="bbox 373 5794 1968 5870; baseline 0.004 -21"><span class='ocrx_word' id='word_1_421' title='bbox 373 5794 681 5849; x_wconf 84' lang='lat' dir='ltr'><strong>infelicium</strong></span> <span class='ocrx_word' id='word_1_422' title='bbox 733 5797 1036 5851; x_wconf 87' lang='lat' dir='ltr'><strong>multorum</strong></span> <span class='ocrx_word' id='word_1_423' title='bbox 1089 5811 1218 5853; x_wconf 86' lang='lat' dir='ltr'><strong>sese</strong></span> <span class='ocrx_word' id='word_1_424' title='bbox 1272 5798 1731 5855; x_wconf 87' lang='lat' dir='ltr'><strong>consolabantur.</strong></span> <span class='ocrx_word' id='word_1_425' title='bbox 1780 5798 1968 5870; x_wconf 85' lang='lat' dir='ltr'><strong>Neque</strong></span> 
     </span>
    </p>
   </div>
   <div class='ocr_carea' id='block_1_61' title="bbox 372 5888 1969 5949">
    <p class='ocr_par' dir='ltr' id='par_1_61' title="bbox 372 5888 1969 5949">
     <span class='ocr_line' id='line_1_61' title="bbox 372 5888 1969 5949; baseline 0.003 -5"><span class='ocrx_word' id='word_1_426' title='bbox 372 5888 520 5944; x_wconf 87' lang='lat' dir='ltr'><strong>enim</strong></span> <span class='ocrx_word' id='word_1_427' title='bbox 563 5897 682 5943; x_wconf 88' lang='lat' dir='ltr'><strong>erat</strong></span> <span class='ocrx_word' id='word_1_428' title='bbox 739 5889 935 5946; x_wconf 88' lang='lat' dir='ltr'><strong>melior</strong></span> <span class='ocrx_word' id='word_1_429' title='bbox 968 5888 1218 5947; x_wconf 85' lang='lat' dir='ltr'><strong>conditio</strong></span> <span class='ocrx_word' id='word_1_430' title='bbox 1250 5893 1571 5949; x_wconf 86' lang='lat' dir='ltr'><strong>securiorve</strong></span> <span class='ocrx_word' id='word_1_431' title='bbox 1607 5899 1789 5949; x_wconf 87' lang='lat' dir='ltr'><strong>status</strong></span> <span class='ocrx_word' id='word_1_432' title='bbox 1838 5894 1969 5948; x_wconf 56' lang='lat' dir='ltr'><strong>reti.</strong></span> 
     </span>
    </p>
   </div>
   <div class='ocr_carea' id='block_1_62' title="bbox 2048 632 3644 711">
    <p class='ocr_par' dir='ltr' id='par_1_62' title="bbox 2048 632 3644 711">
     <span class='ocr_line' id='line_1_62' title="bbox 2048 632 3644 711; baseline -0.009 -16"><span class='ocrx_word' id='word_1_433' title='bbox 2048 642 2311 711; x_wconf 79' lang='grc' dir='ltr'>χωρίαζε,</span> <span class='ocrx_word' id='word_1_434' title='bbox 2336 642 2404 693; x_wconf 84' lang='grc' dir='ltr'>τὰ</span> <span class='ocrx_word' id='word_1_435' title='bbox 2446 639 2713 709; x_wconf 82' lang='grc' dir='ltr'>ἀνωτέρω</span> <span class='ocrx_word' id='word_1_436' title='bbox 2747 638 2927 691; x_wconf 80' lang='grc' dir='ltr'>πάντα</span> <span class='ocrx_word' id='word_1_437' title='bbox 2958 636 3082 706; x_wconf 81' lang='grc' dir='ltr'>δίχα</span> <span class='ocrx_word' id='word_1_438' title='bbox 3127 633 3234 689; x_wconf 78' lang='grc' dir='ltr'>τῶν</span> <span class='ocrx_word' id='word_1_439' title='bbox 3281 632 3644 703; x_wconf 79' lang='grc' dir='ltr'>ὀχυρωτάτων</span> 
     </span>
    </p>
   </div>
   <div class='ocr_carea' id='block_1_63' title="bbox 2047 723 3645 805">
    <p class='ocr_par' dir='ltr' id='par_1_63' title="bbox 2047 723 3645 805">
     <span class='ocr_line' id='line_1_63' title="bbox 2047 723 3645 805; baseline -0.008 -16"><span class='ocrx_word' id='word_1_440' title='bbox 2047 738 2329 805; x_wconf 82' lang='grc' dir='ltr'>φρουρίων</span> <span class='ocrx_word' id='word_1_441' title='bbox 2378 735 2491 796; x_wconf 85' lang='grc' dir='ltr'>τοῖς</span> <span class='ocrx_word' id='word_1_442' title='bbox 2531 732 2747 803; x_wconf 71' lang='grc' dir='ltr'>ἐχθροῖς</span> <span class='ocrx_word' id='word_1_443' title='bbox 2781 733 2858 794; x_wconf 80' lang='grc' dir='ltr'><strong>εἰς</strong></span> <span class='ocrx_word' id='word_1_444' title='bbox 2893 728 3174 801; x_wconf 75' lang='grc' dir='ltr'>προνομὴν</span> <span class='ocrx_word' id='word_1_445' title='bbox 3217 727 3463 789; x_wconf 81' lang='grc' dir='ltr'>ἔκειντο,</span> <span class='ocrx_word' id='word_1_446' title='bbox 3496 723 3563 777; x_wconf 74' lang='grc' dir='ltr'>τὰ</span> <span class='ocrx_word' id='word_1_447' title='bbox 3588 723 3645 776; x_wconf 84' lang='grc' dir='ltr'>δὲ</span> 
     </span>
    </p>
   </div>
   <div class='ocr_carea' id='block_1_64' title="bbox 2047 817 3647 897">
    <p class='ocr_par' dir='ltr' id='par_1_64' title="bbox 2047 817 3647 897">
     <span class='ocr_line' id='line_1_64' title="bbox 2047 817 3647 897; baseline -0.004 -19"><span class='ocrx_word' id='word_1_448' title='bbox 2047 825 2383 897; x_wconf 78' lang='grc' dir='ltr'>προσωτέρω</span> <span class='ocrx_word' id='word_1_449' title='bbox 2416 825 2539 895; x_wconf 78' lang='grc' dir='ltr'>περί</span> <span class='ocrx_word' id='word_1_450' title='bbox 2581 842 2680 878; x_wconf 87' lang='grc' dir='ltr'><strong>που</strong></span> <span class='ocrx_word' id='word_1_451' title='bbox 2709 824 2808 895; x_wconf 82' lang='grc' dir='ltr'>τὴν</span> <span class='ocrx_word' id='word_1_452' title='bbox 2830 823 3133 894; x_wconf 80' lang='grc' dir='ltr'>Ἀχυράους</span> <span class='ocrx_word' id='word_1_453' title='bbox 3159 822 3252 874; x_wconf 73' lang='grc' dir='ltr'><strong>καὶ</strong></span> <span class='ocrx_word' id='word_1_454' title='bbox 3286 819 3527 883; x_wconf 78' lang='grc' dir='ltr'>Κύζικον</span> <span class='ocrx_word' id='word_1_455' title='bbox 3552 817 3647 872; x_wconf 78' lang='grc' dir='ltr'><strong>καὶ</strong></span> 
     </span>
    </p>
   </div>
   <div class='ocr_carea' id='block_1_65' title="bbox 2047 907 3647 989">
    <p class='ocr_par' dir='ltr' id='par_1_65' title="bbox 2047 907 3647 989">
     <span class='ocr_line' id='line_1_65' title="bbox 2047 907 3647 989; baseline -0.008 -19"><span class='ocrx_word' id='word_1_456' title='bbox 2047 916 2240 986; x_wconf 76' lang='grc' dir='ltr'>Πηγὰς</span> <span class='ocrx_word' id='word_1_457' title='bbox 2281 917 2377 970; x_wconf 74' lang='grc' dir='ltr'><strong>καὶ</strong></span> <span class='ocrx_word' id='word_1_458' title='bbox 2410 915 2678 984; x_wconf 81' lang='grc' dir='ltr'>Λοφάδιον</span> <span class='ocrx_word' id='word_1_459' title='bbox 2708 914 2873 989; x_wconf 78' lang='grc' dir='ltr'>ὀλίγῳ</span> <span class='ocrx_word' id='word_1_460' title='bbox 2902 914 3010 967; x_wconf 77' lang='grc' dir='ltr'>τινὶ</span> <span class='ocrx_word' id='word_1_461' title='bbox 3055 912 3393 982; x_wconf 80' lang='grc' dir='ltr'>διαστήματι</span> <span class='ocrx_word' id='word_1_462' title='bbox 3430 909 3504 978; x_wconf 80' lang='grc' dir='ltr'>τῷ</span> <span class='ocrx_word' id='word_1_463' title='bbox 3538 907 3647 961; x_wconf 65' lang='grc' dir='ltr'><strong>ἀπο</strong></span> 
     </span>
    </p>
   </div>
   <div class='ocr_carea' id='block_1_66' title="bbox 2048 998 3647 1079">
    <p class='ocr_par' dir='ltr' id='par_1_66' title="bbox 2048 998 3647 1079">
     <span class='ocr_line' id='line_1_66' title="bbox 2048 998 3647 1079; baseline -0.006 -16"><span class='ocrx_word' id='word_1_464' title='bbox 2048 1008 2323 1079; x_wconf 83' lang='grc' dir='ltr'>θαλάσσης</span> <span class='ocrx_word' id='word_1_465' title='bbox 2355 1008 2643 1079; x_wconf 76' lang='grc' dir='ltr'>ἐλεύθερον</span> <span class='ocrx_word' id='word_1_466' title='bbox 2676 1010 2899 1079; x_wconf 84' lang='grc' dir='ltr'>περιῆν.</span> <span class='ocrx_word' id='word_1_467' title='bbox 2932 998 3161 1077; x_wconf 79' lang='grc' dir='ltr'>Προύσῃ</span> <span class='ocrx_word' id='word_1_468' title='bbox 3206 1005 3263 1059; x_wconf 81' lang='grc' dir='ltr'>δὲ</span> <span class='ocrx_word' id='word_1_469' title='bbox 3313 1006 3406 1057; x_wconf 75' lang='grc' dir='ltr'><strong>καὶ</strong></span> <span class='ocrx_word' id='word_1_470' title='bbox 3438 1001 3647 1069; x_wconf 75' lang='grc' dir='ltr'>Νικαίᾳ</span> 
     </span>
    </p>
   </div>
   <div class='ocr_carea' id='block_1_67' title="bbox 2046 1090 3647 1171">
    <p class='ocr_par' dir='ltr' id='par_1_67' title="bbox 2046 1090 3647 1171">
     <span class='ocr_line' id='line_1_67' title="bbox 2046 1090 3647 1171; baseline -0.006 -17"><span class='ocrx_word' id='word_1_471' title='bbox 2046 1105 2166 1164; x_wconf 79' lang='grc' dir='ltr'>ταῖς</span> <span class='ocrx_word' id='word_1_472' title='bbox 2214 1100 2414 1164; x_wconf 84' lang='grc' dir='ltr'>πύλαις</span> <span class='ocrx_word' id='word_1_473' title='bbox 2468 1100 2704 1171; x_wconf 76' lang='grc' dir='ltr'>ἐπέχραε</span> <span class='ocrx_word' id='word_1_474' title='bbox 2736 1099 2803 1151; x_wconf 78' lang='grc' dir='ltr'><strong>τὰ</strong></span> <span class='ocrx_word' id='word_1_475' title='bbox 2850 1098 3022 1162; x_wconf 65' lang='grc' dir='ltr'>δεινὰ,</span> <span class='ocrx_word' id='word_1_476' title='bbox 3057 1097 3321 1151; x_wconf 72' lang='grc' dir='ltr'>ἁπάντων</span> <span class='ocrx_word' id='word_1_477' title='bbox 3380 1093 3467 1166; x_wconf 79' lang='grc' dir='ltr'><strong>[Ρ.</strong></span> <span class='ocrx_word' id='word_1_478' title='bbox 3513 1090 3647 1164; x_wconf 68' lang='lat'><strong>9.32]</strong></span> 
     </span>
    </p>
   </div>
   <div class='ocr_carea' id='block_1_68' title="bbox 2049 1186 3647 1262">
    <p class='ocr_par' dir='ltr' id='par_1_68' title="bbox 2049 1186 3647 1262">
     <span class='ocr_line' id='line_1_68' title="bbox 2049 1186 3647 1262; baseline -0.006 -16"><span class='ocrx_word' id='word_1_479' title='bbox 2049 1192 2158 1247; x_wconf 86' lang='grc' dir='ltr'><strong>τῶν</strong></span> <span class='ocrx_word' id='word_1_480' title='bbox 2187 1190 2292 1256; x_wconf 78' lang='grc' dir='ltr'><strong>ἔξω</strong></span> <span class='ocrx_word' id='word_1_481' title='bbox 2324 1191 2829 1262; x_wconf 84' lang='grc' dir='ltr'>προνομευθέντων,</span> <span class='ocrx_word' id='word_1_482' title='bbox 2872 1190 2967 1244; x_wconf 73' lang='grc' dir='ltr'>καὶ</span> <span class='ocrx_word' id='word_1_483' title='bbox 3013 1190 3185 1242; x_wconf 82' lang='grc' dir='ltr'>δεινὸν</span> <span class='ocrx_word' id='word_1_484' title='bbox 3244 1187 3303 1240; x_wconf 76' lang='grc' dir='ltr'>τὸ</span> <span class='ocrx_word' id='word_1_485' title='bbox 3344 1186 3517 1248; x_wconf 66' lang='grc' dir='ltr'>πάθος</span> <span class='ocrx_word' id='word_1_486' title='bbox 3551 1186 3647 1237; x_wconf 73' lang='grc' dir='ltr'><strong>καὶ</strong></span> 
     </span>
    </p>
   </div>
   <div class='ocr_carea' id='block_1_69' title="bbox 2048 1277 3647 1355">
    <p class='ocr_par' dir='ltr' id='par_1_69' title="bbox 2048 1277 3647 1355">
     <span class='ocr_line' id='line_1_69' title="bbox 2048 1277 3647 1355; baseline -0.006 -17"><span class='ocrx_word' id='word_1_487' title='bbox 2048 1283 2491 1355; x_wconf 75' lang='grc' dir='ltr'>ἀπαραμύθητον</span> <span class='ocrx_word' id='word_1_488' title='bbox 2528 1283 2591 1337; x_wconf 82' lang='grc' dir='ltr'>τὸ</span> <span class='ocrx_word' id='word_1_489' title='bbox 2628 1284 2867 1354; x_wconf 76' lang='grc' dir='ltr'>συμϐὰν,</span> <span class='ocrx_word' id='word_1_490' title='bbox 2897 1282 3157 1337; x_wconf 82' lang='grc' dir='ltr'>ἁπάντων</span> <span class='ocrx_word' id='word_1_491' title='bbox 3212 1281 3410 1350; x_wconf 78' lang='grc' dir='ltr'>ὀλίγων</span> <span class='ocrx_word' id='word_1_492' title='bbox 3443 1277 3647 1345; x_wconf 73' lang='grc' dir='ltr'>ἐξαπο-</span> 
     </span>
    </p>
   </div>
   <div class='ocr_carea' id='block_1_70' title="bbox 2048 1371 3648 1446">
    <p class='ocr_par' dir='ltr' id='par_1_70' title="bbox 2048 1371 3648 1446">
     <span class='ocr_line' id='line_1_70' title="bbox 2048 1371 3648 1446; baseline -0.005 -18"><span class='ocrx_word' id='word_1_493' title='bbox 2048 1375 2300 1429; x_wconf 81' lang='grc' dir='ltr'>λωλότων</span> <span class='ocrx_word' id='word_1_494' title='bbox 2334 1376 2542 1446; x_wconf 80' lang='grc' dir='ltr'>μηνῶν.</span> <span class='ocrx_word' id='word_1_495' title='bbox 2587 1376 2695 1430; x_wconf 73' lang='grc' dir='ltr'><strong>Καὶ</strong></span> <span class='ocrx_word' id='word_1_496' title='bbox 2730 1375 2922 1446; x_wconf 82' lang='grc' dir='ltr'>ὥσπερ</span> <span class='ocrx_word' id='word_1_497' title='bbox 2963 1375 3116 1438; x_wconf 82' lang='grc' dir='ltr'>Θείας</span> <span class='ocrx_word' id='word_1_498' title='bbox 3147 1373 3320 1445; x_wconf 79' lang='grc' dir='ltr'>ὀργῆς</span> <span class='ocrx_word' id='word_1_499' title='bbox 3353 1371 3449 1425; x_wconf 72' lang='grc' dir='ltr'><strong>καὶ</strong></span> <span class='ocrx_word' id='word_1_500' title='bbox 3486 1372 3648 1441; x_wconf 79' lang='grc' dir='ltr'>μηνί-</span> 
     </span>
    </p>
   </div>
   <div class='ocr_carea' id='block_1_71' title="bbox 2053 1467 3644 1542">
    <p class='ocr_par' dir='ltr' id='par_1_71' title="bbox 2053 1467 3644 1542">
     <span class='ocr_line' id='line_1_71' title="bbox 2053 1467 3644 1542; baseline 0.007 -18"><span class='ocrx_word' id='word_1_501' title='bbox 2053 1487 2228 1542; x_wconf 87' lang='grc' dir='ltr'>ματος</span> <span class='ocrx_word' id='word_1_502' title='bbox 2253 1470 2540 1542; x_wconf 82' lang='grc' dir='ltr'>δαιμονίου</span> <span class='ocrx_word' id='word_1_503' title='bbox 2571 1470 2633 1526; x_wconf 83' lang='grc' dir='ltr'><strong>τδ</strong></span> <span class='ocrx_word' id='word_1_504' title='bbox 2665 1471 3071 1542; x_wconf 81' lang='grc' dir='ltr'>πάσχειν,οὖτω</span> <span class='ocrx_word' id='word_1_505' title='bbox 3111 1471 3204 1524; x_wconf 81' lang='grc' dir='ltr'>καὶ</span> <span class='ocrx_word' id='word_1_506' title='bbox 3237 1469 3388 1532; x_wconf 82' lang='grc' dir='ltr'>Θείας</span> <span class='ocrx_word' id='word_1_507' title='bbox 3418 1467 3644 1539; x_wconf 73' lang='grc' dir='ltr'>ἀντιλὴ⁴</span> 
     </span>
    </p>
   </div>
   <div class='ocr_carea' id='block_1_72' title="bbox 2051 1560 3651 1636">
    <p class='ocr_par' dir='ltr' id='par_1_72' title="bbox 2051 1560 3651 1636">
     <span class='ocr_line' id='line_1_72' title="bbox 2051 1560 3651 1636; baseline 0.002 -22"><span class='ocrx_word' id='word_1_508' title='bbox 2051 1564 2199 1633; x_wconf 78' lang='grc' dir='ltr'>ψεως</span> <span class='ocrx_word' id='word_1_509' title='bbox 2246 1564 2413 1634; x_wconf 81' lang='grc' dir='ltr'>μόνης</span> <span class='ocrx_word' id='word_1_510' title='bbox 2444 1565 2536 1618; x_wconf 73' lang='grc' dir='ltr'><strong>καὶ</strong></span> <span class='ocrx_word' id='word_1_511' title='bbox 2594 1563 3087 1636; x_wconf 30' lang='grc' dir='ltr'>συμπαθείαςκτοῦ</span> <span class='ocrx_word' id='word_1_512' title='bbox 3142 1564 3454 1634; x_wconf 80' lang='grc' dir='ltr'>κρείττονος</span> <span class='ocrx_word' id='word_1_513' title='bbox 3486 1560 3546 1612; x_wconf 78' lang='grc' dir='ltr'>τὸ</span> <span class='ocrx_word' id='word_1_514' title='bbox 3580 1563 3651 1617; x_wconf 67' lang='grc' dir='ltr'>τᾶι</span> 
     </span>
    </p>
   </div>
   <div class='ocr_carea' id='block_1_73' title="bbox 2050 1651 2980 1728">
    <p class='ocr_par' dir='ltr' id='par_1_73' title="bbox 2050 1651 2980 1728">
     <span class='ocr_line' id='line_1_73' title="bbox 2050 1651 2980 1728; baseline -0.001 -18"><span class='ocrx_word' id='word_1_515' title='bbox 2050 1655 2204 1710; x_wconf 83' lang='grc' dir='ltr'>δεινὰ</span> <span class='ocrx_word' id='word_1_516' title='bbox 2242 1655 2437 1725; x_wconf 81' lang='grc' dir='ltr'>στῆναι</span> <span class='ocrx_word' id='word_1_517' title='bbox 2473 1656 2622 1719; x_wconf 77' lang='grc' dir='ltr'>εἰκὸς</span> <span class='ocrx_word' id='word_1_518' title='bbox 2657 1651 2728 1728; x_wconf 76' lang='grc' dir='ltr'>ἦν</span> <span class='ocrx_word' id='word_1_519' title='bbox 2754 1657 2980 1710; x_wconf 81' lang='grc' dir='ltr'>ἐννοεῖν.</span> 
     </span>
    </p>
   </div>
   <div class='ocr_carea' id='block_1_74' title="bbox 2052 1769 3648 1893">
    <p class='ocr_par' dir='ltr' id='par_1_74' title="bbox 2052 1769 3648 1893">
     <span class='ocr_line' id='line_1_74' title="bbox 2052 1769 3648 1893; baseline 0 -68"><span class='ocrx_word' id='word_1_520' title='bbox 2052 1769 2157 1836; x_wconf 78' lang='grc' dir='ltr'><strong>κζ’.</strong></span> <span class='ocrx_word' id='word_1_521' title='bbox 2184 1771 2323 1839; x_wconf 73' lang='grc' dir='ltr'>Περὶ</span> <span class='ocrx_word' id='word_1_522' title='bbox 2351 1771 2461 1838; x_wconf 81' lang='grc' dir='ltr'>τῆς</span> <span class='ocrx_word' id='word_1_523' title='bbox 2486 1769 2605 1824; x_wconf 85' lang='grc' dir='ltr'><strong>τῶν</strong></span> <span class='ocrx_word' id='word_1_524' title='bbox 2631 1771 2958 1893; x_wconf 52' lang='grc' dir='ltr'>ἀρέιερέἑυῖ</span> <span class='ocrx_word' id='word_1_525' title='bbox 2986 1769 3378 1838; x_wconf 73' lang='grc' dir='ltr'>ἐνοχλήσεως</span> <span class='ocrx_word' id='word_1_526' title='bbox 3408 1770 3506 1831; x_wconf 69' lang='grc' dir='ltr'>καί</span> <span class='ocrx_word' id='word_1_527' title='bbox 3541 1771 3648 1825; x_wconf 86' lang='grc' dir='ltr'>τοῦ</span> 
     </span>
     <span class='ocr_line' id='line_1_75' title="bbox 2738 1857 3049 1893; baseline 0 0"><span class='ocrx_word' id='word_1_528' title='bbox 2738 1858 2788 1893; x_wconf 87' lang='lat' dir='ltr'><strong>n.</strong></span> <span class='ocrx_word' id='word_1_529' title='bbox 2824 1859 2855 1893; x_wconf 87' lang='lat' dir='ltr'><em>v</em></span> <span class='ocrx_word' id='word_1_530' title='bbox 2896 1857 2928 1893; x_wconf 85' lang='grc' dir='ltr'><strong>ο</strong></span> <span class='ocrx_word' id='word_1_531' title='bbox 2955 1859 3049 1893; x_wconf 80' lang='lat' dir='ltr'><strong>ac.</strong></span> 
     </span>
    </p>
   </div>
   <div class='ocr_carea' id='block_1_75' title="bbox 2738 1857 3049 1907">
    <p class='ocr_par' dir='ltr' id='par_1_75' title="bbox 2738 1857 3049 1907">
     <span class='ocr_line' id='line_1_76' title="bbox 2738 1857 3049 1907; baseline 0.013 -15"><span class='ocrx_word' id='word_1_532' title='bbox 2738 1857 3049 1907; x_wconf 57' lang='lat' dir='ltr'><strong>mtuoptac.</strong></span> 
     </span>
    </p>
   </div>
   <div class='ocr_carea' id='block_1_76' title="bbox 2136 1925 3646 2002">
    <p class='ocr_par' dir='ltr' id='par_1_76' title="bbox 2136 1925 3646 2002">
     <span class='ocr_line' id='line_1_77' title="bbox 2136 1925 3646 2002; baseline -0.001 -18"><span class='ocrx_word' id='word_1_533' title='bbox 2136 1930 2300 1984; x_wconf 85' lang='grc' dir='ltr'>Ἀλλὰ</span> <span class='ocrx_word' id='word_1_534' title='bbox 2329 1929 2503 1984; x_wconf 80' lang='grc' dir='ltr'>ταῦτα</span> <span class='ocrx_word' id='word_1_535' title='bbox 2532 1930 2632 1999; x_wconf 81' lang='grc' dir='ltr'>μὲν</span> <span class='ocrx_word' id='word_1_536' title='bbox 2673 1931 2731 1995; x_wconf 81' lang='grc' dir='ltr'>ἐς</span> <span class='ocrx_word' id='word_1_537' title='bbox 2767 1931 3040 1985; x_wconf 80' lang='grc' dir='ltr'>τοσοῦτον.</span> <span class='ocrx_word' id='word_1_538' title='bbox 3086 1931 3203 1984; x_wconf 78' lang='grc' dir='ltr'><strong>Οὐκ</strong></span> <span class='ocrx_word' id='word_1_539' title='bbox 3231 1925 3301 2002; x_wconf 80' lang='grc' dir='ltr'>ἦν</span> <span class='ocrx_word' id='word_1_540' title='bbox 3324 1930 3379 1984; x_wconf 79' lang='grc' dir='ltr'>δὲ</span> <span class='ocrx_word' id='word_1_541' title='bbox 3404 1931 3514 2002; x_wconf 78' lang='grc' dir='ltr'><strong>ἄρα</strong></span> <span class='ocrx_word' id='word_1_542' title='bbox 3551 1933 3646 1986; x_wconf 76' lang='grc' dir='ltr'><strong>καὶ</strong></span> 
     </span>
    </p>
   </div>
   <div class='ocr_carea' id='block_1_77' title="bbox 2049 2022 3646 2094">
    <p class='ocr_par' dir='ltr' id='par_1_77' title="bbox 2049 2022 3646 2094">
     <span class='ocr_line' id='line_1_78' title="bbox 2049 2022 3646 2094; baseline 0.001 -19"><span class='ocrx_word' id='word_1_543' title='bbox 2049 2022 2332 2094; x_wconf 79' lang='grc' dir='ltr'>ἀρχιερεῖς</span> <span class='ocrx_word' id='word_1_544' title='bbox 2363 2022 2662 2093; x_wconf 75' lang='grc' dir='ltr'>ἡσυχάζειν</span> <span class='ocrx_word' id='word_1_545' title='bbox 2695 2023 2793 2076; x_wconf 74' lang='grc' dir='ltr'><strong>καὶ</strong></span> <span class='ocrx_word' id='word_1_546' title='bbox 2851 2023 2925 2093; x_wconf 78' lang='grc' dir='ltr'>μὴ</span> <span class='ocrx_word' id='word_1_547' title='bbox 2961 2023 3029 2077; x_wconf 81' lang='grc' dir='ltr'><strong>δι’</strong></span> <span class='ocrx_word' id='word_1_548' title='bbox 3063 2024 3225 2093; x_wconf 76' lang='grc' dir='ltr'>ὄχλου</span> <span class='ocrx_word' id='word_1_549' title='bbox 3277 2024 3537 2093; x_wconf 87' lang='grc' dir='ltr'>μεγίστου</span> <span class='ocrx_word' id='word_1_550' title='bbox 3570 2023 3646 2093; x_wconf 81' lang='grc' dir='ltr'>τῷ</span> 
     </span>
    </p>
   </div>
   <div class='ocr_carea' id='block_1_78' title="bbox 2051 2109 3650 2184">
    <p class='ocr_par' dir='ltr' id='par_1_78' title="bbox 2051 2109 3650 2184">
     <span class='ocr_line' id='line_1_79' title="bbox 2051 2109 3650 2184; baseline -0.002 -19"><span class='ocrx_word' id='word_1_551' title='bbox 2051 2112 2374 2184; x_wconf 74' lang='grc' dir='ltr'>πατριᾴρχῃ</span> <span class='ocrx_word' id='word_1_552' title='bbox 2432 2109 2681 2180; x_wconf 86' lang='grc' dir='ltr'>γίνεσθαι</span> <span class='ocrx_word' id='word_1_553' title='bbox 2735 2111 2831 2165; x_wconf 77' lang='grc' dir='ltr'>τοῦ</span> <span class='ocrx_word' id='word_1_554' title='bbox 2885 2112 2985 2181; x_wconf 82' lang='grc' dir='ltr'>τῆς</span> <span class='ocrx_word' id='word_1_555' title='bbox 3049 2112 3277 2180; x_wconf 78' lang='grc' dir='ltr'>Ἐφέσου</span> <span class='ocrx_word' id='word_1_556' title='bbox 3332 2114 3427 2165; x_wconf 76' lang='grc' dir='ltr'><strong>καὶ</strong></span> <span class='ocrx_word' id='word_1_557' title='bbox 3484 2114 3650 2167; x_wconf 79' lang='grc' dir='ltr'>πάλιν</span> 
     </span>
    </p>
   </div>
   <div class='ocr_carea' id='block_1_79' title="bbox 2062 2196 3651 2273">
    <p class='ocr_par' dir='ltr' id='par_1_79' title="bbox 2062 2196 3651 2273">
     <span class='ocr_line' id='line_1_80' title="bbox 2062 2196 3651 2273; baseline -0.003 -17"><span class='ocrx_word' id='word_1_558' title='bbox 2062 2202 2317 2257; x_wconf 79' lang='grc' dir='ltr'>Ἰωάννου</span> <span class='ocrx_word' id='word_1_559' title='bbox 2354 2202 2450 2256; x_wconf 71' lang='grc' dir='ltr'>καὶ</span> <span class='ocrx_word' id='word_1_560' title='bbox 2478 2202 2576 2273; x_wconf 82' lang='grc' dir='ltr'>τῆς</span> <span class='ocrx_word' id='word_1_561' title='bbox 2608 2202 2820 2256; x_wconf 73' lang='grc' dir='ltr'>ἐκείνου</span> <span class='ocrx_word' id='word_1_562' title='bbox 2852 2201 3207 2272; x_wconf 72' lang='grc' dir='ltr'>ἀνορθὼσεως</span> <span class='ocrx_word' id='word_1_563' title='bbox 3254 2202 3440 2257; x_wconf 69' lang='grc' dir='ltr'>ἕνεκα.</span> <span class='ocrx_word' id='word_1_564' title='bbox 3477 2196 3565 2265; x_wconf 78' lang='grc' dir='ltr'>Εἷς</span> <span class='ocrx_word' id='word_1_565' title='bbox 3595 2202 3651 2261; x_wconf 72' lang='grc' dir='ltr'>δέ</span> 
     </span>
    </p>
   </div>
   <div class='ocr_carea' id='block_1_80' title="bbox 2049 2290 3648 2371">
    <p class='ocr_par' dir='ltr' id='par_1_80' title="bbox 2049 2290 3648 2371">
     <span class='ocr_line' id='line_1_81' title="bbox 2049 2290 3648 2371; baseline -0.001 -21"><span class='ocrx_word' id='word_1_566' title='bbox 2049 2315 2132 2362; x_wconf 87' lang='grc' dir='ltr'><strong>τις</strong></span> <span class='ocrx_word' id='word_1_567' title='bbox 2157 2298 2340 2351; x_wconf 85' lang='grc' dir='ltr'>αὐτῶν</span> <span class='ocrx_word' id='word_1_568' title='bbox 2373 2299 2421 2367; x_wconf 83' lang='grc' dir='ltr'><strong>(ὁ</strong></span> <span class='ocrx_word' id='word_1_569' title='bbox 2452 2297 2761 2368; x_wconf 71' lang='grc' dir='ltr'>Σηλυϐρίας</span> <span class='ocrx_word' id='word_1_570' title='bbox 2796 2290 2949 2361; x_wconf 75' lang='grc' dir='ltr'>οὗτος</span> <span class='ocrx_word' id='word_1_571' title='bbox 2973 2292 3043 2368; x_wconf 81' lang='grc' dir='ltr'>ἦν</span> <span class='ocrx_word' id='word_1_572' title='bbox 3087 2297 3354 2368; x_wconf 84' lang='grc' dir='ltr'>Ἱλαρίων)</span> <span class='ocrx_word' id='word_1_573' title='bbox 3385 2300 3477 2351; x_wconf 80' lang='grc' dir='ltr'><strong>καὶ</strong></span> <span class='ocrx_word' id='word_1_574' title='bbox 3505 2298 3648 2371; x_wconf 69' lang='grc' dir='ltr'>μέγχ</span> 
     </span>
    </p>
   </div>
   <div class='ocr_carea' id='block_1_81' title="bbox 2049 2388 3649 2461">
    <p class='ocr_par' dir='ltr' id='par_1_81' title="bbox 2049 2388 3649 2461">
     <span class='ocr_line' id='line_1_82' title="bbox 2049 2388 3649 2461; baseline 0.001 -21"><span class='ocrx_word' id='word_1_575' title='bbox 2049 2406 2104 2443; x_wconf 89' lang='grc' dir='ltr'><strong>τι</strong></span> <span class='ocrx_word' id='word_1_576' title='bbox 2154 2391 2296 2444; x_wconf 83' lang='grc' dir='ltr'><strong>κατὰ</strong></span> <span class='ocrx_word' id='word_1_577' title='bbox 2348 2388 2442 2443; x_wconf 80' lang='grc' dir='ltr'><strong>τοῦ</strong></span> <span class='ocrx_word' id='word_1_578' title='bbox 2500 2391 2978 2461; x_wconf 80' lang='grc' dir='ltr'>πατριαρχοῦντος</span> <span class='ocrx_word' id='word_1_579' title='bbox 3034 2389 3359 2460; x_wconf 79' lang='grc' dir='ltr'>ἐφθέγξατο,</span> <span class='ocrx_word' id='word_1_580' title='bbox 3416 2390 3477 2444; x_wconf 80' lang='grc' dir='ltr'>οὐ</span> <span class='ocrx_word' id='word_1_581' title='bbox 3528 2391 3649 2443; x_wconf 75' lang='grc' dir='ltr'>τότε</span> 
     </span>
    </p>
   </div>
   <div class='ocr_carea' id='block_1_82' title="bbox 2052 2483 3651 2555">
    <p class='ocr_par' dir='ltr' id='par_1_82' title="bbox 2052 2483 3651 2555">
     <span class='ocr_line' id='line_1_83' title="bbox 2052 2483 3651 2555; baseline 0 -19"><span class='ocrx_word' id='word_1_582' title='bbox 2052 2483 2312 2553; x_wconf 82' lang='grc' dir='ltr'>πρώτως,</span> <span class='ocrx_word' id='word_1_583' title='bbox 2365 2483 2482 2538; x_wconf 84' lang='grc' dir='ltr'>ἀλλ’</span> <span class='ocrx_word' id='word_1_584' title='bbox 2509 2484 2602 2538; x_wconf 85' lang='grc' dir='ltr'>ὅτε</span> <span class='ocrx_word' id='word_1_585' title='bbox 2629 2483 2694 2555; x_wconf 72' lang='grc' dir='ltr'>δὴ</span> <span class='ocrx_word' id='word_1_586' title='bbox 2729 2485 3079 2554; x_wconf 80' lang='grc' dir='ltr'>πατριάρχης</span> <span class='ocrx_word' id='word_1_587' title='bbox 3120 2484 3216 2537; x_wconf 69' lang='grc' dir='ltr'><strong>ἐπὶ</strong></span> <span class='ocrx_word' id='word_1_588' title='bbox 3258 2485 3327 2554; x_wconf 79' lang='grc' dir='ltr'><strong>τῇ</strong></span> <span class='ocrx_word' id='word_1_589' title='bbox 3359 2484 3459 2552; x_wconf 80' lang='grc' dir='ltr'>τῆς</span> <span class='ocrx_word' id='word_1_590' title='bbox 3494 2483 3651 2552; x_wconf 85' lang='grc' dir='ltr'>Παμ-</span> 
     </span>
    </p>
   </div>
   <div class='ocr_carea' id='block_1_83' title="bbox 2055 2574 3652 2650">
    <p class='ocr_par' dir='ltr' id='par_1_83' title="bbox 2055 2574 3652 2650">
     <span class='ocr_line' id='line_1_84' title="bbox 2055 2574 3652 2650; baseline -0.001 -21"><span class='ocrx_word' id='word_1_591' title='bbox 2055 2576 2401 2648; x_wconf 85' lang='grc' dir='ltr'>μακαρίστου</span> <span class='ocrx_word' id='word_1_592' title='bbox 2417 2579 2555 2650; x_wconf 78' lang='grc' dir='ltr'>μονῇ</span> <span class='ocrx_word' id='word_1_593' title='bbox 2585 2577 2889 2649; x_wconf 83' lang='grc' dir='ltr'>ἀναχωρῶν</span> <span class='ocrx_word' id='word_1_594' title='bbox 2911 2577 3020 2630; x_wconf 81' lang='grc' dir='ltr'>τῶν</span> <span class='ocrx_word' id='word_1_595' title='bbox 3050 2576 3351 2647; x_wconf 83' lang='grc' dir='ltr'>φροντίδων</span> <span class='ocrx_word' id='word_1_596' title='bbox 3383 2574 3652 2645; x_wconf 82' lang='grc' dir='ltr'>καθῆστο,</span> 
     </span>
    </p>
   </div>
   <div class='ocr_carea' id='block_1_84' title="bbox 2053 2753 3652 2826">
    <p class='ocr_par' dir='ltr' id='par_1_84' title="bbox 2053 2753 3652 2826">
     <span class='ocr_line' id='line_1_85' title="bbox 2053 2753 3652 2826; baseline 0.001 -19"><span class='ocrx_word' id='word_1_597' title='bbox 2053 2770 2287 2825; x_wconf 85' lang='lat' dir='ltr'><strong>quorum</strong></span> <span class='ocrx_word' id='word_1_598' title='bbox 2316 2770 2413 2826; x_wconf 90' lang='lat' dir='ltr'><strong>per</strong></span> <span class='ocrx_word' id='word_1_599' title='bbox 2443 2762 2615 2809; x_wconf 89' lang='lat' dir='ltr'><strong>totum</strong></span> <span class='ocrx_word' id='word_1_600' title='bbox 2674 2753 2951 2809; x_wconf 85' lang='lat' dir='ltr'><strong>Orientem</strong></span> <span class='ocrx_word' id='word_1_601' title='bbox 3013 2754 3385 2824; x_wconf 77' lang='lat' dir='ltr'><strong>Atramytium</strong></span> <span class='ocrx_word' id='word_1_602' title='bbox 3451 2768 3652 2823; x_wconf 87' lang='lat' dir='ltr'><strong>usque,</strong></span> 
     </span>
    </p>
   </div>
   <div class='ocr_carea' id='block_1_85' title="bbox 2053 2846 3658 2917">
    <p class='ocr_par' dir='ltr' id='par_1_85' title="bbox 2053 2846 3658 2917">
     <span class='ocr_line' id='line_1_86' title="bbox 2053 2846 3658 2917; baseline 0.001 -17"><span class='ocrx_word' id='word_1_603' title='bbox 2053 2846 2145 2902; x_wconf 87' lang='lat' dir='ltr'><strong>ubi</strong></span> <span class='ocrx_word' id='word_1_604' title='bbox 2183 2846 2570 2903; x_wconf 82' lang='lat' dir='ltr'><strong>diversabatur</strong></span> <span class='ocrx_word' id='word_1_605' title='bbox 2618 2846 2918 2916; x_wconf 89' lang='lat' dir='ltr'><strong>imperator</strong></span> <span class='ocrx_word' id='word_1_606' title='bbox 2951 2866 2964 2900; x_wconf 91' lang='lat'><strong>:</strong></span> <span class='ocrx_word' id='word_1_607' title='bbox 3003 2846 3271 2901; x_wconf 87' lang='lat' dir='ltr'><strong>ulteriora</strong></span> <span class='ocrx_word' id='word_1_608' title='bbox 3301 2846 3506 2917; x_wconf 90' lang='lat' dir='ltr'><strong>quippe</strong></span> <span class='ocrx_word' id='word_1_609' title='bbox 3534 2849 3658 2902; x_wconf 83' lang='lat' dir='ltr'><strong>uni-</strong></span> 
     </span>
    </p>
   </div>
   <div class='ocr_carea' id='block_1_86' title="bbox 2053 2938 3651 3011">
    <p class='ocr_par' dir='ltr' id='par_1_86' title="bbox 2053 2938 3651 3011">
     <span class='ocr_line' id='line_1_87' title="bbox 2053 2938 3651 3011; baseline 0.004 -22"><span class='ocrx_word' id='word_1_610' title='bbox 2053 2951 2233 2999; x_wconf 84' lang='lat' dir='ltr'><strong>versa,</strong></span> <span class='ocrx_word' id='word_1_611' title='bbox 2267 2944 2464 3007; x_wconf 61' lang='lat' dir='ltr'><strong>praeter</strong></span> <span class='ocrx_word' id='word_1_612' title='bbox 2492 2951 2648 2993; x_wconf 86' lang='lat' dir='ltr'><strong>arces</strong></span> <span class='ocrx_word' id='word_1_613' title='bbox 2682 2938 3108 3003; x_wconf 88' lang='lat' dir='ltr'><strong>munitissimas,</strong></span> <span class='ocrx_word' id='word_1_614' title='bbox 3133 2940 3389 2996; x_wconf 88' lang='lat' dir='ltr'><strong>hostibus</strong></span> <span class='ocrx_word' id='word_1_615' title='bbox 3420 2940 3472 2994; x_wconf 92' lang='lat' dir='ltr'><strong>in</strong></span> <span class='ocrx_word' id='word_1_616' title='bbox 3509 2956 3651 3011; x_wconf 76' lang='lat' dir='ltr'><strong>prte-</strong></span> 
     </span>
    </p>
   </div>
   <div class='ocr_carea' id='block_1_87' title="bbox 2055 3028 3755 3103">
    <p class='ocr_par' dir='ltr' id='par_1_87' title="bbox 2055 3028 3755 3103">
     <span class='ocr_line' id='line_1_88' title="bbox 2055 3028 3755 3103; baseline 0.005 -21"><span class='ocrx_word' id='word_1_617' title='bbox 2055 3028 2179 3082; x_wconf 77' lang='lat' dir='ltr'><strong>dum</strong></span> <span class='ocrx_word' id='word_1_618' title='bbox 2222 3029 2472 3099; x_wconf 81' lang='lat' dir='ltr'><strong>exposita</strong></span> <span class='ocrx_word' id='word_1_619' title='bbox 2510 3029 2794 3097; x_wconf 76' lang='lat' dir='ltr'><strong>iacebant.</strong></span> <span class='ocrx_word' id='word_1_620' title='bbox 2860 3028 3267 3101; x_wconf 83' lang='lat' dir='ltr'><strong>Longinquiora</strong></span> <span class='ocrx_word' id='word_1_621' title='bbox 3303 3035 3469 3088; x_wconf 92' lang='lat' dir='ltr'><strong>modo</strong></span> <span class='ocrx_word' id='word_1_622' title='bbox 3499 3049 3651 3103; x_wconf 81' lang='lat' dir='ltr'><strong>quae-</strong></span> <span class='ocrx_word' id='word_1_623' title='bbox 3754 3058 3755 3061; x_wconf 51' lang='grc' dir='ltr'><strong>η</strong></span> 
     </span>
    </p>
   </div>
   <div class='ocr_carea' id='block_1_88' title="bbox 2055 3120 3657 3195">
    <p class='ocr_par' dir='ltr' id='par_1_88' title="bbox 2055 3120 3657 3195">
     <span class='ocr_line' id='line_1_89' title="bbox 2055 3120 3657 3195; baseline 0.002 -20"><span class='ocrx_word' id='word_1_624' title='bbox 2055 3120 2181 3175; x_wconf 88' lang='lat' dir='ltr'><strong>dam</strong></span> <span class='ocrx_word' id='word_1_625' title='bbox 2216 3120 2426 3174; x_wconf 86' lang='lat' dir='ltr'><strong>circum</strong></span> <span class='ocrx_word' id='word_1_626' title='bbox 2488 3120 2773 3190; x_wconf 84' lang='lat' dir='ltr'><strong>Achyraos</strong></span> <span class='ocrx_word' id='word_1_627' title='bbox 2839 3128 2892 3176; x_wconf 87' lang='lat' dir='ltr'><strong>et</strong></span> <span class='ocrx_word' id='word_1_628' title='bbox 2948 3120 3210 3192; x_wconf 89' lang='lat' dir='ltr'><strong>Cyzicum</strong></span> <span class='ocrx_word' id='word_1_629' title='bbox 3254 3138 3318 3178; x_wconf 90' lang='lat' dir='ltr'><strong>ac</strong></span> <span class='ocrx_word' id='word_1_630' title='bbox 3345 3120 3519 3195; x_wconf 83' lang='lat' dir='ltr'><strong>Pegas</strong></span> <span class='ocrx_word' id='word_1_631' title='bbox 3549 3123 3657 3178; x_wconf 88' lang='lat' dir='ltr'><strong>Lo-</strong></span> 
     </span>
    </p>
   </div>
   <div class='ocr_carea' id='block_1_89' title="bbox 2058 3211 3655 3283">
    <p class='ocr_par' dir='ltr' id='par_1_89' title="bbox 2058 3211 3655 3283">
     <span class='ocr_line' id='line_1_90' title="bbox 2058 3211 3655 3283; baseline 0.004 -18"><span class='ocrx_word' id='word_1_632' title='bbox 2058 3213 2449 3283; x_wconf 82' lang='lat' dir='ltr'><strong>phadiumquc,</strong></span> <span class='ocrx_word' id='word_1_633' title='bbox 2484 3211 2684 3283; x_wconf 66' lang='lat' dir='ltr'><strong>exiguo</strong></span> <span class='ocrx_word' id='word_1_634' title='bbox 2714 3227 2743 3267; x_wconf 90' lang='lat' dir='ltr'><strong>a</strong></span> <span class='ocrx_word' id='word_1_635' title='bbox 2778 3214 2915 3267; x_wconf 90' lang='lat' dir='ltr'><strong>mari</strong></span> <span class='ocrx_word' id='word_1_636' title='bbox 2965 3212 3285 3277; x_wconf 87' lang='lat' dir='ltr'><strong>intervallo,</strong></span> <span class='ocrx_word' id='word_1_637' title='bbox 3337 3215 3507 3270; x_wconf 86' lang='lat' dir='ltr'><strong>libera</strong></span> <span class='ocrx_word' id='word_1_638' title='bbox 3563 3231 3655 3271; x_wconf 89' lang='lat' dir='ltr'><strong>su-</strong></span> 
     </span>
    </p>
   </div>
   <div class='ocr_carea' id='block_1_90' title="bbox 2065 3304 3658 3375">
    <p class='ocr_par' dir='ltr' id='par_1_90' title="bbox 2065 3304 3658 3375">
     <span class='ocr_line' id='line_1_91' title="bbox 2065 3304 3658 3375; baseline 0.004 -22"><span class='ocrx_word' id='word_1_639' title='bbox 2065 3313 2343 3373; x_wconf 62' lang='lat' dir='ltr'><strong>pererant.</strong></span> <span class='ocrx_word' id='word_1_640' title='bbox 2373 3305 2564 3361; x_wconf 67' lang='lat' dir='ltr'><strong>Prusre</strong></span> <span class='ocrx_word' id='word_1_641' title='bbox 2604 3304 2828 3375; x_wconf 87' lang='lat' dir='ltr'><strong>quidem</strong></span> <span class='ocrx_word' id='word_1_642' title='bbox 2870 3320 2934 3360; x_wconf 90' lang='lat' dir='ltr'><strong>ac</strong></span> <span class='ocrx_word' id='word_1_643' title='bbox 2974 3304 3179 3361; x_wconf 53' lang='lat' dir='ltr'><strong>Nicaea!</strong></span> <span class='ocrx_word' id='word_1_644' title='bbox 3209 3306 3414 3361; x_wconf 87' lang='lat' dir='ltr'><strong>bellum</strong></span> <span class='ocrx_word' id='word_1_645' title='bbox 3449 3314 3503 3362; x_wconf 90' lang='lat' dir='ltr'><strong>et</strong></span> <span class='ocrx_word' id='word_1_646' title='bbox 3544 3308 3658 3362; x_wconf 80' lang='lat' dir='ltr'><strong>ela-</strong></span> 
     </span>
    </p>
   </div>
   <div class='ocr_carea' id='block_1_91' title="bbox 2067 3395 3653 3469">
    <p class='ocr_par' dir='ltr' id='par_1_91' title="bbox 2067 3395 3653 3469">
     <span class='ocr_line' id='line_1_92' title="bbox 2067 3395 3653 3469; baseline 0.003 -20"><span class='ocrx_word' id='word_1_647' title='bbox 2067 3395 2163 3450; x_wconf 80' lang='lat' dir='ltr'><strong>des</strong></span> <span class='ocrx_word' id='word_1_648' title='bbox 2198 3395 2303 3450; x_wconf 90' lang='lat' dir='ltr'><strong>sub</strong></span> <span class='ocrx_word' id='word_1_649' title='bbox 2336 3396 2480 3466; x_wconf 88' lang='lat' dir='ltr'><strong>ipsas</strong></span> <span class='ocrx_word' id='word_1_650' title='bbox 2510 3397 2744 3452; x_wconf 80' lang='lat' dir='ltr'><strong>admotae</strong></span> <span class='ocrx_word' id='word_1_651' title='bbox 2775 3405 2965 3467; x_wconf 89' lang='lat' dir='ltr'><strong>portas</strong></span> <span class='ocrx_word' id='word_1_652' title='bbox 2988 3406 3166 3462; x_wconf 91' lang='lat' dir='ltr'><strong>erant,</strong></span> <span class='ocrx_word' id='word_1_653' title='bbox 3199 3397 3458 3453; x_wconf 88' lang='lat' dir='ltr'><strong>omnibus</strong></span> <span class='ocrx_word' id='word_1_654' title='bbox 3489 3400 3653 3469; x_wconf 80' lang='lat'><strong>337</strong></span> 
     </span>
    </p>
   </div>
   <div class='ocr_carea' id='block_1_92' title="bbox 2066 3488 3653 3563">
    <p class='ocr_par' dir='ltr' id='par_1_92' title="bbox 2066 3488 3653 3563">
     <span class='ocr_line' id='line_1_93' title="bbox 2066 3488 3653 3563; baseline 0.005 -25"><span class='ocrx_word' id='word_1_655' title='bbox 2066 3502 2188 3557; x_wconf 82' lang='lat' dir='ltr'><strong>quae</strong></span> <span class='ocrx_word' id='word_1_656' title='bbox 2221 3488 2428 3543; x_wconf 89' lang='lat' dir='ltr'><strong>circum</strong></span> <span class='ocrx_word' id='word_1_657' title='bbox 2487 3491 2652 3546; x_wconf 89' lang='lat' dir='ltr'><strong>urbes</strong></span> <span class='ocrx_word' id='word_1_658' title='bbox 2691 3490 2816 3546; x_wconf 89' lang='lat' dir='ltr'><strong>illas</strong></span> <span class='ocrx_word' id='word_1_659' title='bbox 2865 3490 3084 3547; x_wconf 87' lang='lat' dir='ltr'><strong>fuerant</strong></span> <span class='ocrx_word' id='word_1_660' title='bbox 3126 3492 3376 3561; x_wconf 90' lang='lat' dir='ltr'><strong>undique</strong></span> <span class='ocrx_word' id='word_1_661' title='bbox 3416 3492 3653 3563; x_wconf 76' lang='lat' dir='ltr'><strong>direptis</strong></span> 
     </span>
    </p>
   </div>
   <div class='ocr_carea' id='block_1_93' title="bbox 2066 3581 3658 3644">
    <p class='ocr_par' dir='ltr' id='par_1_93' title="bbox 2066 3581 3658 3644">
     <span class='ocr_line' id='line_1_94' title="bbox 2066 3581 3658 3644; baseline 0.006 -11"><span class='ocrx_word' id='word_1_662' title='bbox 2066 3594 2131 3634; x_wconf 87' lang='lat' dir='ltr'><strong>ac</strong></span> <span class='ocrx_word' id='word_1_663' title='bbox 2164 3581 2407 3637; x_wconf 87' lang='lat' dir='ltr'><strong>vastatis.</strong></span> <span class='ocrx_word' id='word_1_664' title='bbox 2447 3582 2571 3637; x_wconf 87' lang='lat' dir='ltr'><strong>Dira</strong></span> <span class='ocrx_word' id='word_1_665' title='bbox 2605 3584 2892 3640; x_wconf 89' lang='lat' dir='ltr'><strong>calamitas</strong></span> <span class='ocrx_word' id='word_1_666' title='bbox 2946 3601 3048 3641; x_wconf 88' lang='lat' dir='ltr'><strong>nec</strong></span> <span class='ocrx_word' id='word_1_667' title='bbox 3090 3588 3475 3644; x_wconf 89' lang='lat' dir='ltr'><strong>consolatione</strong></span> <span class='ocrx_word' id='word_1_668' title='bbox 3508 3589 3658 3642; x_wconf 80' lang='lat' dir='ltr'><strong>leva-</strong></span> 
     </span>
    </p>
   </div>
   <div class='ocr_carea' id='block_1_94' title="bbox 2070 3672 3759 3750">
    <p class='ocr_par' dir='ltr' id='par_1_94' title="bbox 2070 3672 3759 3750">
     <span class='ocr_line' id='line_1_95' title="bbox 2070 3672 3759 3750; baseline 0.006 -23"><span class='ocrx_word' id='word_1_669' title='bbox 2070 3672 2193 3729; x_wconf 89' lang='lat' dir='ltr'><strong>bilis</strong></span> <span class='ocrx_word' id='word_1_670' title='bbox 2234 3673 2346 3728; x_wconf 79' lang='lat' dir='ltr'><strong>ulla</strong></span> <span class='ocrx_word' id='word_1_671' title='bbox 2395 3684 2595 3730; x_wconf 89' lang='lat' dir='ltr'><strong>cuncta</strong></span> <span class='ocrx_word' id='word_1_672' title='bbox 2649 3676 2761 3733; x_wconf 92' lang='lat' dir='ltr'><strong>late</strong></span> <span class='ocrx_word' id='word_1_673' title='bbox 2789 3686 3182 3750; x_wconf 85' lang='lat' dir='ltr'><strong>occupaverat,</strong></span> <span class='ocrx_word' id='word_1_674' title='bbox 3226 3680 3507 3736; x_wconf 81' lang='lat' dir='ltr'><strong>universis</strong></span> <span class='ocrx_word' id='word_1_675' title='bbox 3544 3680 3656 3736; x_wconf 87' lang='lat' dir='ltr'><strong>illis</strong></span> <span class='ocrx_word' id='word_1_676' title='bbox 3749 3705 3759 3715; x_wconf 83' lang='lat'><strong>-</strong></span> 
     </span>
    </p>
   </div>
   <div class='ocr_carea' id='block_1_95' title="bbox 2068 3766 3655 3844">
    <p class='ocr_par' dir='ltr' id='par_1_95' title="bbox 2068 3766 3655 3844">
     <span class='ocr_line' id='line_1_96' title="bbox 2068 3766 3655 3844; baseline 0.005 -26"><span class='ocrx_word' id='word_1_677' title='bbox 2068 3766 2283 3836; x_wconf 88' lang='lat' dir='ltr'><strong>populis</strong></span> <span class='ocrx_word' id='word_1_678' title='bbox 2316 3782 2618 3838; x_wconf 78' lang='lat' dir='ltr'><strong>paucorum</strong></span> <span class='ocrx_word' id='word_1_679' title='bbox 2653 3770 2833 3840; x_wconf 86' lang='lat' dir='ltr'><strong>spatio</strong></span> <span class='ocrx_word' id='word_1_680' title='bbox 2876 3771 3153 3827; x_wconf 90' lang='lat' dir='ltr'><strong>mensium</strong></span> <span class='ocrx_word' id='word_1_681' title='bbox 3189 3771 3438 3828; x_wconf 88' lang='lat' dir='ltr'><strong>funditus</strong></span> <span class='ocrx_word' id='word_1_682' title='bbox 3471 3774 3655 3844; x_wconf 91' lang='lat' dir='ltr'><strong>perdi-</strong></span> 
     </span>
    </p>
   </div>
   <div class='ocr_carea' id='block_1_96' title="bbox 2069 3858 3650 3933">
    <p class='ocr_par' dir='ltr' id='par_1_96' title="bbox 2069 3858 3650 3933">
     <span class='ocr_line' id='line_1_97' title="bbox 2069 3858 3650 3933; baseline 0.003 -19"><span class='ocrx_word' id='word_1_683' title='bbox 2069 3859 2159 3914; x_wconf 87' lang='lat' dir='ltr'><strong>tis.</strong></span> <span class='ocrx_word' id='word_1_684' title='bbox 2194 3858 2274 3914; x_wconf 88' lang='lat' dir='ltr'><strong>Ac</strong></span> <span class='ocrx_word' id='word_1_685' title='bbox 2302 3860 2444 3916; x_wconf 90' lang='lat' dir='ltr'><strong>sicut</strong></span> <span class='ocrx_word' id='word_1_686' title='bbox 2470 3860 2671 3916; x_wconf 75' lang='lat' dir='ltr'><strong>divinae</strong></span> <span class='ocrx_word' id='word_1_687' title='bbox 2710 3860 2814 3916; x_wconf 87' lang='lat' dir='ltr'><strong>fuit</strong></span> <span class='ocrx_word' id='word_1_688' title='bbox 2845 3862 2938 3917; x_wconf 83' lang='lat' dir='ltr'><strong>irae</strong></span> <span class='ocrx_word' id='word_1_689' title='bbox 2988 3864 3260 3933; x_wconf 84' lang='lat' dir='ltr'><strong>justaeque</strong></span> <span class='ocrx_word' id='word_1_690' title='bbox 3295 3880 3557 3933; x_wconf 86' lang='lat' dir='ltr'><strong>superum</strong></span> <span class='ocrx_word' id='word_1_691' title='bbox 3592 3866 3650 3919; x_wconf 91' lang='lat' dir='ltr'><strong>in</strong></span> 
     </span>
    </p>
   </div>
   <div class='ocr_carea' id='block_1_97' title="bbox 2069 3952 3653 4026">
    <p class='ocr_par' dir='ltr' id='par_1_97' title="bbox 2069 3952 3653 4026">
     <span class='ocr_line' id='line_1_98' title="bbox 2069 3952 3653 4026; baseline 0.001 -20"><span class='ocrx_word' id='word_1_692' title='bbox 2069 3953 2277 4007; x_wconf 84' lang='lat' dir='ltr'><strong>scelera</strong></span> <span class='ocrx_word' id='word_1_693' title='bbox 2320 3962 2507 4010; x_wconf 88' lang='lat' dir='ltr'><strong>nostra</strong></span> <span class='ocrx_word' id='word_1_694' title='bbox 2537 3952 3059 4019; x_wconf 86' lang='lat' dir='ltr'><strong>animadversionis,</strong></span> <span class='ocrx_word' id='word_1_695' title='bbox 3102 3972 3203 4012; x_wconf 87' lang='lat' dir='ltr'><strong>nos</strong></span> <span class='ocrx_word' id='word_1_696' title='bbox 3239 3958 3344 4026; x_wconf 87' lang='lat' dir='ltr'><strong>pati</strong></span> <span class='ocrx_word' id='word_1_697' title='bbox 3386 3959 3539 4022; x_wconf 83' lang='lat' dir='ltr'><strong>talia,</strong></span> <span class='ocrx_word' id='word_1_698' title='bbox 3572 3960 3653 4014; x_wconf 77' lang='lat' dir='ltr'><strong>sic</strong></span> 
     </span>
    </p>
   </div>
   <div class='ocr_carea' id='block_1_98' title="bbox 2071 4046 3655 4108">
    <p class='ocr_par' dir='ltr' id='par_1_98' title="bbox 2071 4046 3655 4108">
     <span class='ocr_line' id='line_1_99' title="bbox 2071 4046 3655 4108; baseline 0.003 -8"><span class='ocrx_word' id='word_1_699' title='bbox 2071 4046 2163 4101; x_wconf 89' lang='lat' dir='ltr'><strong>uni</strong></span> <span class='ocrx_word' id='word_1_700' title='bbox 2221 4047 2430 4103; x_wconf 64' lang='lat' dir='ltr'><strong>caelesti</strong></span> <span class='ocrx_word' id='word_1_701' title='bbox 2488 4048 2795 4104; x_wconf 73' lang='lat' dir='ltr'><strong>clementia:</strong></span> <span class='ocrx_word' id='word_1_702' title='bbox 2844 4064 2909 4104; x_wconf 88' lang='lat' dir='ltr'><strong>ac</strong></span> <span class='ocrx_word' id='word_1_703' title='bbox 2963 4051 3356 4108; x_wconf 71' lang='lat' dir='ltr'><strong>misericordiae</strong></span> <span class='ocrx_word' id='word_1_704' title='bbox 3408 4053 3655 4106; x_wconf 82' lang='lat' dir='ltr'><strong>numinis</strong></span> 
     </span>
    </p>
   </div>
   <div class='ocr_carea' id='block_1_99' title="bbox 2069 4137 3652 4213">
    <p class='ocr_par' dir='ltr' id='par_1_99' title="bbox 2069 4137 3652 4213">
     <span class='ocr_line' id='line_1_100' title="bbox 2069 4137 3652 4213; baseline 0.004 -20"><span class='ocrx_word' id='word_1_705' title='bbox 2069 4137 2326 4209; x_wconf 85' lang='lat' dir='ltr'><strong>imputari</strong></span> <span class='ocrx_word' id='word_1_706' title='bbox 2367 4155 2465 4210; x_wconf 89' lang='lat' dir='ltr'><strong>par</strong></span> <span class='ocrx_word' id='word_1_707' title='bbox 2525 4142 2629 4196; x_wconf 90' lang='lat' dir='ltr'><strong>fuit</strong></span> <span class='ocrx_word' id='word_1_708' title='bbox 2663 4141 2917 4198; x_wconf 88' lang='lat' dir='ltr'><strong>inducias</strong></span> <span class='ocrx_word' id='word_1_709' title='bbox 2943 4143 3066 4198; x_wconf 87' lang='lat' dir='ltr'><strong>illas</strong></span> <span class='ocrx_word' id='word_1_710' title='bbox 3118 4144 3387 4198; x_wconf 91' lang='lat' dir='ltr'><strong>malorum</strong></span> <span class='ocrx_word' id='word_1_711' title='bbox 3431 4146 3652 4213; x_wconf 89' lang='lat' dir='ltr'><strong>quales-</strong></span> 
     </span>
    </p>
   </div>
   <div class='ocr_carea' id='block_1_100' title="bbox 2069 4231 3651 4303">
    <p class='ocr_par' dir='ltr' id='par_1_100' title="bbox 2069 4231 3651 4303">
     <span class='ocr_line' id='line_1_101' title="bbox 2069 4231 3651 4303; baseline 0.004 -19"><span class='ocrx_word' id='word_1_712' title='bbox 2069 4245 2309 4300; x_wconf 89' lang='lat' dir='ltr'><strong>cunque,</strong></span> <span class='ocrx_word' id='word_1_713' title='bbox 2329 4247 2451 4302; x_wconf 61' lang='lat' dir='ltr'><strong>quae</strong></span> <span class='ocrx_word' id='word_1_714' title='bbox 2474 4231 2735 4287; x_wconf 74' lang='lat' dir='ltr'><strong>Barbarie</strong></span> <span class='ocrx_word' id='word_1_715' title='bbox 2769 4237 3016 4303; x_wconf 78' lang='lat' dir='ltr'><strong>progredi</strong></span> <span class='ocrx_word' id='word_1_716' title='bbox 3052 4234 3283 4288; x_wconf 88' lang='lat' dir='ltr'><strong>ulterius</strong></span> <span class='ocrx_word' id='word_1_717' title='bbox 3312 4236 3651 4302; x_wconf 76' lang='lat' dir='ltr'><strong>verentibus,</strong></span> 
     </span>
    </p>
   </div>
   <div class='ocr_carea' id='block_1_101' title="bbox 2073 4321 3657 4399">
    <p class='ocr_par' dir='ltr' id='par_1_101' title="bbox 2073 4321 3657 4399">
     <span class='ocr_line' id='line_1_102' title="bbox 2073 4321 3657 4399; baseline 0.006 -24"><span class='ocrx_word' id='word_1_718' title='bbox 2073 4321 2331 4379; x_wconf 68' lang='lat' dir='ltr'><strong>Romanae</strong></span> <span class='ocrx_word' id='word_1_719' title='bbox 2379 4326 2543 4394; x_wconf 88' lang='lat' dir='ltr'><strong>plebi,</strong></span> <span class='ocrx_word' id='word_1_720' title='bbox 2578 4326 2705 4381; x_wconf 90' lang='lat' dir='ltr'><strong>licet</strong></span> <span class='ocrx_word' id='word_1_721' title='bbox 2746 4326 2900 4382; x_wconf 90' lang='lat' dir='ltr'><strong>nullo</strong></span> <span class='ocrx_word' id='word_1_722' title='bbox 2949 4336 3218 4398; x_wconf 63' lang='lat' dir='ltr'><strong>protectae</strong></span> <span class='ocrx_word' id='word_1_723' title='bbox 3260 4329 3517 4399; x_wconf 64' lang='lat' dir='ltr'><strong>praesidio</strong></span> <span class='ocrx_word' id='word_1_724' title='bbox 3561 4331 3657 4385; x_wconf 89' lang='lat' dir='ltr'><strong>ad-</strong></span> 
     </span>
    </p>
   </div>
   <div class='ocr_carea' id='block_1_102' title="bbox 2072 4417 3653 4491">
    <p class='ocr_par' dir='ltr' id='par_1_102' title="bbox 2072 4417 3653 4491">
     <span class='ocr_line' id='line_1_103' title="bbox 2072 4417 3653 4491; baseline 0.004 -22"><span class='ocrx_word' id='word_1_725' title='bbox 2072 4428 2266 4470; x_wconf 80' lang='lat' dir='ltr'><strong>versus</strong></span> <span class='ocrx_word' id='word_1_726' title='bbox 2309 4429 2424 4480; x_wconf 88' lang='lat' dir='ltr'><strong>eos,</strong></span> <span class='ocrx_word' id='word_1_727' title='bbox 2463 4417 2506 4471; x_wconf 93' lang='lat' dir='ltr'><strong>si</strong></span> <span class='ocrx_word' id='word_1_728' title='bbox 2563 4417 2836 4484; x_wconf 86' lang='lat' dir='ltr'><strong>venirent,</strong></span> <span class='ocrx_word' id='word_1_729' title='bbox 2867 4419 3277 4491; x_wconf 81' lang='lat' dir='ltr'><strong>contingebant,</strong></span> <span class='ocrx_word' id='word_1_730' title='bbox 3336 4420 3556 4491; x_wconf 69' lang='lat' dir='ltr'><strong>aliqund</strong></span> <span class='ocrx_word' id='word_1_731' title='bbox 3600 4426 3653 4476; x_wconf 87' lang='lat' dir='ltr'><strong>in</strong></span> 
     </span>
    </p>
   </div>
   <div class='ocr_carea' id='block_1_103' title="bbox 2072 4506 2810 4563">
    <p class='ocr_par' dir='ltr' id='par_1_103' title="bbox 2072 4506 2810 4563">
     <span class='ocr_line' id='line_1_104' title="bbox 2072 4506 2810 4563; baseline 0.003 -2"><span class='ocrx_word' id='word_1_732' title='bbox 2072 4516 2318 4562; x_wconf 75' lang='lat' dir='ltr'><strong>extrema</strong></span> <span class='ocrx_word' id='word_1_733' title='bbox 2342 4506 2497 4563; x_wconf 88' lang='lat' dir='ltr'><strong>clade</strong></span> <span class='ocrx_word' id='word_1_734' title='bbox 2533 4507 2810 4563; x_wconf 88' lang='lat' dir='ltr'><strong>solatium.</strong></span> 
     </span>
    </p>
   </div>
   <div class='ocr_carea' id='block_1_104' title="bbox 2069 4642 3658 4765">
    <p class='ocr_par' dir='ltr' id='par_1_104' title="bbox 2069 4642 3658 4765">
     <span class='ocr_line' id='line_1_105' title="bbox 2069 4642 3658 4765; baseline 0.002 -68"><span class='ocrx_word' id='word_1_735' title='bbox 2069 4645 2162 4698; x_wconf 67' lang='lat'><strong>27.</strong></span> <span class='ocrx_word' id='word_1_736' title='bbox 2195 4642 2268 4699; x_wconf 86' lang='lat' dir='ltr'><strong>De</strong></span> <span class='ocrx_word' id='word_1_737' title='bbox 2307 4644 2450 4699; x_wconf 73' lang='lat' dir='ltr'><strong>novis</strong></span> <span class='ocrx_word' id='word_1_738' title='bbox 2498 4645 2637 4697; x_wconf 83' lang='lat' dir='ltr'><strong>inter</strong></span> <span class='ocrx_word' id='word_1_739' title='bbox 2687 4643 2957 4765; x_wconf 71' lang='lat' dir='ltr'><strong>epbiseopos</strong></span> <span class='ocrx_word' id='word_1_740' title='bbox 3012 4646 3182 4699; x_wconf 76' lang='lat' dir='ltr'><strong>turbis</strong></span> <span class='ocrx_word' id='word_1_741' title='bbox 3224 4655 3274 4700; x_wconf 81' lang='lat' dir='ltr'><strong>ef</strong></span> <span class='ocrx_word' id='word_1_742' title='bbox 3313 4649 3455 4701; x_wconf 81' lang='lat' dir='ltr'><strong>dicto</strong></span> <span class='ocrx_word' id='word_1_743' title='bbox 3506 4648 3658 4718; x_wconf 66' lang='lat' dir='ltr'><strong>Sely-</strong></span> 
     </span>
     <span class='ocr_line' id='line_1_106' title="bbox 2773 4731 2983 4765; baseline 0 0"><span class='ocrx_word' id='word_1_744' title='bbox 2773 4731 2983 4765; x_wconf 69' lang='grc' dir='ltr'>ιἰιιηδιδ.</span> 
     </span>
    </p>
   </div>
   <div class='ocr_carea' id='block_1_105' title="bbox 2773 4731 2983 4769">
    <p class='ocr_par' dir='ltr' id='par_1_105' title="bbox 2773 4731 2983 4769">
     <span class='ocr_line' id='line_1_107' title="bbox 2773 4731 2983 4769; baseline 0.01 -3"><span class='ocrx_word' id='word_1_745' title='bbox 2773 4731 2983 4769; x_wconf 70' lang='grc' dir='ltr'>ιἰιληδιδ.</span> 
     </span>
    </p>
   </div>
   <div class='ocr_carea' id='block_1_106' title="bbox 2143 4873 3657 4943">
    <p class='ocr_par' dir='ltr' id='par_1_106' title="bbox 2143 4873 3657 4943">
     <span class='ocr_line' id='line_1_108' title="bbox 2143 4873 3657 4943; baseline 0.005 -19"><span class='ocrx_word' id='word_1_746' title='bbox 2143 4873 2208 4927; x_wconf 92' lang='lat' dir='ltr'><strong>Et</strong></span> <span class='ocrx_word' id='word_1_747' title='bbox 2241 4873 2355 4928; x_wconf 70' lang='lat' dir='ltr'><strong>haec</strong></span> <span class='ocrx_word' id='word_1_748' title='bbox 2385 4873 2601 4943; x_wconf 86' lang='lat' dir='ltr'><strong>quidem</strong></span> <span class='ocrx_word' id='word_1_749' title='bbox 2645 4873 2697 4927; x_wconf 90' lang='lat' dir='ltr'><strong>in</strong></span> <span class='ocrx_word' id='word_1_750' title='bbox 2734 4874 2878 4927; x_wconf 89' lang='lat' dir='ltr'><strong>hunc</strong></span> <span class='ocrx_word' id='word_1_751' title='bbox 2905 4874 3124 4928; x_wconf 90' lang='lat' dir='ltr'><strong>modum</strong></span> <span class='ocrx_word' id='word_1_752' title='bbox 3179 4891 3236 4929; x_wconf 88' lang='lat' dir='ltr'><strong>se</strong></span> <span class='ocrx_word' id='word_1_753' title='bbox 3262 4874 3557 4939; x_wconf 82' lang='lat' dir='ltr'><strong>habebant,</strong></span> <span class='ocrx_word' id='word_1_754' title='bbox 3597 4890 3657 4932; x_wconf 91' lang='lat' dir='ltr'><strong>ut</strong></span> 
     </span>
    </p>
   </div>
   <div class='ocr_carea' id='block_1_107' title="bbox 2074 4950 3657 5040">
    <p class='ocr_par' dir='ltr' id='par_1_107' title="bbox 2074 4950 3657 5040">
     <span class='ocr_line' id='line_1_109' title="bbox 2074 4950 3657 5040; baseline 0.004 -20"><span class='ocrx_word' id='word_1_755' title='bbox 2074 4966 2343 5023; x_wconf 82' lang='lat' dir='ltr'><strong>hactenus</strong></span> <span class='ocrx_word' id='word_1_756' title='bbox 2392 4950 2665 5033; x_wconf 78' lang='lat' dir='ltr'><strong>diximus;</strong></span> <span class='ocrx_word' id='word_1_757' title='bbox 2701 4967 2945 5036; x_wconf 89' lang='lat' dir='ltr'><strong>episcopi</strong></span> <span class='ocrx_word' id='word_1_758' title='bbox 2970 4976 3151 5021; x_wconf 87' lang='lat' dir='ltr'><strong>autem</strong></span> <span class='ocrx_word' id='word_1_759' title='bbox 3204 4980 3449 5036; x_wconf 87' lang='lat' dir='ltr'><strong>perstare</strong></span> <span class='ocrx_word' id='word_1_760' title='bbox 3481 4972 3657 5040; x_wconf 70' lang='lat' dir='ltr'><strong>quieti</strong></span> 
     </span>
    </p>
   </div>
   <div class='ocr_carea' id='block_1_108' title="bbox 2073 5056 3653 5132">
    <p class='ocr_par' dir='ltr' id='par_1_108' title="bbox 2073 5056 3653 5132">
     <span class='ocr_line' id='line_1_110' title="bbox 2073 5056 3653 5132; baseline 0.001 -18"><span class='ocrx_word' id='word_1_761' title='bbox 2073 5075 2180 5114; x_wconf 91' lang='lat' dir='ltr'><strong>non</strong></span> <span class='ocrx_word' id='word_1_762' title='bbox 2218 5068 2496 5131; x_wconf 82' lang='lat' dir='ltr'><strong>poterant,</strong></span> <span class='ocrx_word' id='word_1_763' title='bbox 2537 5073 2638 5114; x_wconf 88' lang='lat' dir='ltr'><strong>nec</strong></span> <span class='ocrx_word' id='word_1_764' title='bbox 2671 5059 2946 5112; x_wconf 88' lang='lat' dir='ltr'><strong>absistere</strong></span> <span class='ocrx_word' id='word_1_765' title='bbox 3000 5074 3030 5112; x_wconf 90' lang='lat' dir='ltr'><strong>a</strong></span> <span class='ocrx_word' id='word_1_766' title='bbox 3075 5056 3399 5115; x_wconf 85' lang='lat' dir='ltr'><strong>facessendo</strong></span> <span class='ocrx_word' id='word_1_767' title='bbox 3434 5077 3653 5132; x_wconf 82' lang='lat' dir='ltr'><strong>gravem</strong></span> 
     </span>
    </p>
   </div>
   <div class='ocr_carea' id='block_1_109' title="bbox 2074 5152 3658 5227">
    <p class='ocr_par' dir='ltr' id='par_1_109' title="bbox 2074 5152 3658 5227">
     <span class='ocr_line' id='line_1_111' title="bbox 2074 5152 3658 5227; baseline 0.003 -19"><span class='ocrx_word' id='word_1_768' title='bbox 2074 5155 2401 5223; x_wconf 69' lang='lat' dir='ltr'><strong>patriarcha:</strong></span> <span class='ocrx_word' id='word_1_769' title='bbox 2448 5155 2759 5209; x_wconf 86' lang='lat' dir='ltr'><strong>molestiam</strong></span> <span class='ocrx_word' id='word_1_770' title='bbox 2782 5195 2799 5221; x_wconf 88' lang='lat'><strong>,</strong></span> <span class='ocrx_word' id='word_1_771' title='bbox 2860 5152 3089 5210; x_wconf 86' lang='lat' dir='ltr'><strong>Joannis</strong></span> <span class='ocrx_word' id='word_1_772' title='bbox 3124 5171 3319 5211; x_wconf 86' lang='lat' dir='ltr'><strong>rursus</strong></span> <span class='ocrx_word' id='word_1_773' title='bbox 3348 5156 3571 5227; x_wconf 83' lang='lat' dir='ltr'><strong>Ephesii</strong></span> <span class='ocrx_word' id='word_1_774' title='bbox 3604 5170 3658 5212; x_wconf 90' lang='lat' dir='ltr'><strong>et</strong></span> 
     </span>
    </p>
   </div>
   <div class='ocr_carea' id='block_1_110' title="bbox 2071 5247 3657 5322">
    <p class='ocr_par' dir='ltr' id='par_1_110' title="bbox 2071 5247 3657 5322">
     <span class='ocr_line' id='line_1_112' title="bbox 2071 5247 3657 5322; baseline 0.001 -21"><span class='ocrx_word' id='word_1_775' title='bbox 2071 5248 2192 5316; x_wconf 84' lang='lat' dir='ltr'><strong>ejus</strong></span> <span class='ocrx_word' id='word_1_776' title='bbox 2225 5248 2585 5303; x_wconf 87' lang='lat' dir='ltr'><strong>restitutionis</strong></span> <span class='ocrx_word' id='word_1_777' title='bbox 2610 5263 2799 5302; x_wconf 90' lang='lat' dir='ltr'><strong>causa.</strong></span> <span class='ocrx_word' id='word_1_778' title='bbox 2829 5247 2983 5302; x_wconf 87' lang='lat' dir='ltr'><strong>Unus</strong></span> <span class='ocrx_word' id='word_1_779' title='bbox 3004 5260 3182 5304; x_wconf 88' lang='lat' dir='ltr'><strong>autem</strong></span> <span class='ocrx_word' id='word_1_780' title='bbox 3219 5250 3464 5321; x_wconf 85' lang='lat' dir='ltr'><strong>ipsorum</strong></span> <span class='ocrx_word' id='word_1_781' title='bbox 3499 5252 3657 5322; x_wconf 70' lang='lat' dir='ltr'><strong>Sely-</strong></span> 
     </span>
    </p>
   </div>
   <div class='ocr_carea' id='block_1_111' title="bbox 2074 5340 3659 5413">
    <p class='ocr_par' dir='ltr' id='par_1_111' title="bbox 2074 5340 3659 5413">
     <span class='ocr_line' id='line_1_113' title="bbox 2074 5340 3659 5413; baseline 0.001 -19"><span class='ocrx_word' id='word_1_782' title='bbox 2074 5340 2355 5404; x_wconf 83' lang='lat' dir='ltr'><strong>briensis,</strong></span> <span class='ocrx_word' id='word_1_783' title='bbox 2401 5340 2488 5395; x_wconf 90' lang='lat' dir='ltr'><strong>cui</strong></span> <span class='ocrx_word' id='word_1_784' title='bbox 2529 5356 2729 5395; x_wconf 89' lang='lat' dir='ltr'><strong>nomen</strong></span> <span class='ocrx_word' id='word_1_785' title='bbox 2769 5348 2888 5396; x_wconf 84' lang='lat' dir='ltr'><strong>erat</strong></span> <span class='ocrx_word' id='word_1_786' title='bbox 2945 5340 3210 5407; x_wconf 84' lang='lat' dir='ltr'><strong>Hilarion,</strong></span> <span class='ocrx_word' id='word_1_787' title='bbox 3261 5358 3427 5413; x_wconf 84' lang='lat' dir='ltr'><strong>grave</strong></span> <span class='ocrx_word' id='word_1_788' title='bbox 3479 5343 3659 5412; x_wconf 56' lang='lat' dir='ltr'><strong>quod»</strong></span> 
     </span>
    </p>
   </div>
   <div class='ocr_carea' id='block_1_112' title="bbox 2070 5433 3653 5503">
    <p class='ocr_par' dir='ltr' id='par_1_112' title="bbox 2070 5433 3653 5503">
     <span class='ocr_line' id='line_1_114' title="bbox 2070 5433 3653 5503; baseline 0.003 -19"><span class='ocrx_word' id='word_1_789' title='bbox 2070 5435 2270 5501; x_wconf 82' lang='lat' dir='ltr'><strong>piama</strong></span> <span class='ocrx_word' id='word_1_790' title='bbox 2300 5433 2611 5503; x_wconf 88' lang='lat' dir='ltr'><strong>patriarcha</strong></span> <span class='ocrx_word' id='word_1_791' title='bbox 2646 5441 2930 5501; x_wconf 85' lang='lat' dir='ltr'><strong>peccatum</strong></span> <span class='ocrx_word' id='word_1_792' title='bbox 2974 5435 3185 5498; x_wconf 85' lang='lat' dir='ltr'><strong>retulit,</strong></span> <span class='ocrx_word' id='word_1_793' title='bbox 3221 5448 3326 5487; x_wconf 88' lang='lat' dir='ltr'><strong>non</strong></span> <span class='ocrx_word' id='word_1_794' title='bbox 3363 5449 3558 5488; x_wconf 73' lang='lat' dir='ltr'><strong>rect-ns</strong></span> <span class='ocrx_word' id='word_1_795' title='bbox 3590 5434 3653 5488; x_wconf 86' lang='lat' dir='ltr'><strong>il-</strong></span> 
     </span>
    </p>
   </div>
   <div class='ocr_carea' id='block_1_113' title="bbox 2076 5525 3656 5596">
    <p class='ocr_par' dir='ltr' id='par_1_113' title="bbox 2076 5525 3656 5596">
     <span class='ocr_line' id='line_1_115' title="bbox 2076 5525 3656 5596; baseline -0.001 -17"><span class='ocrx_word' id='word_1_796' title='bbox 2076 5527 2166 5580; x_wconf 89' lang='lat' dir='ltr'><strong>lud</strong></span> <span class='ocrx_word' id='word_1_797' title='bbox 2199 5525 2443 5596; x_wconf 89' lang='lat' dir='ltr'><strong>quidem,</strong></span> <span class='ocrx_word' id='word_1_798' title='bbox 2477 5525 2569 5579; x_wconf 89' lang='lat' dir='ltr'><strong>sed</strong></span> <span class='ocrx_word' id='word_1_799' title='bbox 2600 5534 2732 5580; x_wconf 91' lang='lat' dir='ltr'><strong>tunc</strong></span> <span class='ocrx_word' id='word_1_800' title='bbox 2764 5535 3038 5594; x_wconf 88' lang='lat' dir='ltr'><strong>patratum</strong></span> <span class='ocrx_word' id='word_1_801' title='bbox 3083 5525 3305 5595; x_wconf 87' lang='lat' dir='ltr'><strong>quando</strong></span> <span class='ocrx_word' id='word_1_802' title='bbox 3344 5525 3656 5593; x_wconf 79' lang='lat' dir='ltr'><strong>patriarcha</strong></span> 
     </span>
    </p>
   </div>
   <div class='ocr_carea' id='block_1_114' title="bbox 2075 5616 3657 5684">
    <p class='ocr_par' dir='ltr' id='par_1_114' title="bbox 2075 5616 3657 5684">
     <span class='ocr_line' id='line_1_116' title="bbox 2075 5616 3657 5684; baseline -0.001 -12"><span class='ocrx_word' id='word_1_803' title='bbox 2075 5618 2216 5673; x_wconf 88' lang='lat' dir='ltr'><strong>idem</strong></span> <span class='ocrx_word' id='word_1_804' title='bbox 2275 5618 2331 5673; x_wconf 93' lang='lat' dir='ltr'><strong>iu</strong></span> <span class='ocrx_word' id='word_1_805' title='bbox 2375 5618 2792 5672; x_wconf 87' lang='lat' dir='ltr'><strong>Pammacaristi</strong></span> <span class='ocrx_word' id='word_1_806' title='bbox 2848 5616 3179 5671; x_wconf 86' lang='lat' dir='ltr'><strong>monasterio</strong></span> <span class='ocrx_word' id='word_1_807' title='bbox 3210 5616 3468 5684; x_wconf 80' lang='lat' dir='ltr'><strong>sepositis</strong></span> <span class='ocrx_word' id='word_1_808' title='bbox 3506 5620 3657 5671; x_wconf 80' lang='lat' dir='ltr'><strong>curis</strong></span> 
     </span>
    </p>
   </div>
   <div class='ocr_carea' id='block_1_115' title="bbox 2073 5704 3657 5778">
    <p class='ocr_par' dir='ltr' id='par_1_115' title="bbox 2073 5704 3657 5778">
     <span class='ocr_line' id='line_1_117' title="bbox 2073 5704 3657 5778; baseline -0.001 -13"><span class='ocrx_word' id='word_1_809' title='bbox 2073 5709 2434 5776; x_wconf 76' lang='lat' dir='ltr'><strong>consideliat;</strong></span> <span class='ocrx_word' id='word_1_810' title='bbox 2468 5710 2632 5778; x_wconf 88' lang='lat' dir='ltr'><strong>idque</strong></span> <span class='ocrx_word' id='word_1_811' title='bbox 2663 5709 2845 5764; x_wconf 71' lang='lat' dir='ltr'><strong>aiebat</strong></span> <span class='ocrx_word' id='word_1_812' title='bbox 2876 5707 3019 5761; x_wconf 90' lang='lat' dir='ltr'><strong>haud</strong></span> <span class='ocrx_word' id='word_1_813' title='bbox 3055 5708 3228 5761; x_wconf 90' lang='lat' dir='ltr'><strong>visum</strong></span> <span class='ocrx_word' id='word_1_814' title='bbox 3255 5720 3285 5758; x_wconf 88' lang='lat' dir='ltr'><strong>a</strong></span> <span class='ocrx_word' id='word_1_815' title='bbox 3311 5721 3389 5772; x_wconf 85' lang='lat' dir='ltr'><strong>se,</strong></span> <span class='ocrx_word' id='word_1_816' title='bbox 3442 5704 3537 5761; x_wconf 87' lang='lat' dir='ltr'><strong>sed</strong></span> <span class='ocrx_word' id='word_1_817' title='bbox 3588 5709 3657 5763; x_wconf 89' lang='lat' dir='ltr'><strong>ab</strong></span> 
     </span>
    </p>
   </div>
   <div class='ocr_carea' id='block_1_116' title="bbox 2072 5797 3659 5870">
    <p class='ocr_par' dir='ltr' id='par_1_116' title="bbox 2072 5797 3659 5870">
     <span class='ocr_line' id='line_1_118' title="bbox 2072 5797 3659 5870; baseline 0 -16"><span class='ocrx_word' id='word_1_818' title='bbox 2072 5800 2180 5854; x_wconf 89' lang='lat' dir='ltr'><strong>alio</strong></span> <span class='ocrx_word' id='word_1_819' title='bbox 2210 5799 2302 5870; x_wconf 91' lang='lat' dir='ltr'><strong>qui</strong></span> <span class='ocrx_word' id='word_1_820' title='bbox 2335 5802 2562 5856; x_wconf 86' lang='lat' dir='ltr'><strong>vidisset</strong></span> <span class='ocrx_word' id='word_1_821' title='bbox 2593 5799 2865 5854; x_wconf 87' lang='lat' dir='ltr'><strong>auditum.</strong></span> <span class='ocrx_word' id='word_1_822' title='bbox 2900 5797 3099 5851; x_wconf 83' lang='lat' dir='ltr'><strong>Verum</strong></span> <span class='ocrx_word' id='word_1_823' title='bbox 3125 5797 3217 5866; x_wconf 89' lang='lat' dir='ltr'><strong>qui</strong></span> <span class='ocrx_word' id='word_1_824' title='bbox 3253 5798 3659 5859; x_wconf 87' lang='lat' dir='ltr'><strong>memorabatur</strong></span> 
     </span>
    </p>
   </div>
   <div class='ocr_carea' id='block_1_117' title="bbox 2074 5890 3657 5962">
    <p class='ocr_par' dir='ltr' id='par_1_117' title="bbox 2074 5890 3657 5962">
     <span class='ocr_line' id='line_1_119' title="bbox 2074 5890 3657 5962; baseline -0.002 -12"><span class='ocrx_word' id='word_1_825' title='bbox 2074 5902 2289 5959; x_wconf 87' lang='lat' dir='ltr'><strong>auctor,</strong></span> <span class='ocrx_word' id='word_1_826' title='bbox 2318 5893 2428 5962; x_wconf 83' lang='lat' dir='ltr'><strong>jam</strong></span> <span class='ocrx_word' id='word_1_827' title='bbox 2456 5901 2572 5949; x_wconf 87' lang='lat' dir='ltr'><strong>erat</strong></span> <span class='ocrx_word' id='word_1_828' title='bbox 2606 5901 2892 5958; x_wconf 84' lang='lat' dir='ltr'><strong>mortuus;</strong></span> <span class='ocrx_word' id='word_1_829' title='bbox 2933 5890 3241 5959; x_wconf 85' lang='lat' dir='ltr'><strong>fueratque,</strong></span> <span class='ocrx_word' id='word_1_830' title='bbox 3269 5892 3396 5947; x_wconf 87' lang='lat' dir='ltr'><strong>dum</strong></span> <span class='ocrx_word' id='word_1_831' title='bbox 3428 5891 3657 5955; x_wconf 84' lang='lat' dir='ltr'><strong>viveret.</strong></span> 
     </span>
    </p>
   </div>
  </div>
