4024 6424
384 385 486 449 371

1588 402 1913 464 GEORGII
1958 407 2447 470 ΡΑΕΗΥΜΕΒίΕ

3532 424 3629 488 372

381 499 481 552 οὐκ
511 502 672 600 αύτὸς
705 502 849 572 ἰδὼν,
884 505 1020 561 ἀλλὰ
1044 512 1179 580 παρ’
1207 512 1406 576 ἰδόντος
1441 514 1701 580 ἀκούσας,
1734 518 1806 579 ὡς
1855 518 1967 570 ἕλε-
1993 523 2041 579 Α
2066 523 2128 575 τὸ
2160 525 2260 592 μὲν
2285 526 2375 577 τὸν
2409 526 2637 596 Ἐρέσου
2679 527 3134 598 ἀποκαταστῆναι
3169 529 3265 583 καὶ
3309 537 3632 600 προσαπεδὲο

381 610 497 669 γεν.
534 596 709 667 Ἀπῆν
751 600 807 683 δὲ
838 603 946 655 τῶν
986 605 1205 669 ζώντων
1238 610 1267 660 δ
1307 611 1509 678 φήσας.
1540 612 1823 683 ἀνάγωγος
1864 616 1960 670 καὶ

380 687 555 753 ἄλλως
584 689 659 742 ὢν
691 693 896 757 ἐκεῖνος
934 699 1028 750 καὶ
1054 700 1145 752 ἐπὶ
1172 702 1447 766 διαὸολχῖς
1477 705 1772 776 γνώριμος.
1798 708 1961 762 Ἀλλὰ

381 782 478 835 καὶ
506 782 565 834 τὸ
592 782 845 856 ἔγκλημα
870 790 1073 860 ἀπᾷδον
1098 792 1231 857 ὅλως
1259 796 1353 849 καὶ
1382 796 1767 868 ψευδολόγημα
1808 803 1959 855 ἀντιο

381 890 541 942 κρυς.
570 877 761 943 Ὅμως
785 882 812 932 ὁ
840 882 1147 952 Σηλυῦρεας
1178 887 1240 943 οὐ
1284 888 1425 947 πάνυ
1449 907 1502 944 τι
1550 893 1644 945 καὶ
1688 893 1849 957 αὐτὸς
1872 911 1964 947 πιυ

384 967 607 1033 στεύων,
636 970 711 1032 ὼς
742 971 907 1041 ἐῴκει
933 976 1128 1044 λέγων,
1159 979 1219 1032 τὸ
1258 981 1351 1037 τοῦ
1384 984 1713 1057 πράγματος
1763 988 1962 1043 ἄτοπον

381 1060 440 1110 ἐν
473 1061 805 1134 ἀπορρήτοις
848 1068 1204 1136 παραλαϐὼν,
1242 1072 1456 1141 βασιλεῖ
1492 1078 1739 1131 πιστεύει
1768 1081 1859 1131 τὸν
1881 1081 1965 1134 λό-

382 1167 499 1218 γον.
527 1154 616 1224 Τῷ
644 1155 701 1207 δὲ
758 1158 901 1225 μέγα
944 1161 1048 1226 μὲν
1081 1163 1374 1218 ἀκούσαντι
1419 1164 1586 1233 ἔδοξε,
1628 1170 1721 1221 καὶ
1755 1169 1965 1240 βαρέως

382 1246 580 1316 ἤνεγκε
620 1248 679 1300 τὺ
706 1249 895 1320 λεχθέν
919 1268 932 1282 ·
999 1256 1148 1322 ὅμως
1182 1257 1236 1309 δὲ
1282 1259 1467 1328 μέντοι
1507 1264 1599 1316 καὶ
1637 1262 1714 1334 μὴ
1742 1265 1967 1318 πιστεύδ

384 1351 538 1389 σαντι
564 1339 722 1410 ἐπῄει
753 1344 1069 1412 φροντίζειν
1092 1348 1187 1403 τοῦ
1219 1350 1277 1400 ἐν
1295 1353 1627 1421 ἀπορρήτοις
1656 1354 1969 1409 διακεῖσθαι

380 1428 473 1480 τὸν
502 1428 681 1497 λόγον,
717 1432 792 1495 dt;
832 1435 1007 1501 ἄλλως
1039 1441 1129 1492 καὶ
1155 1440 1381 1512 ἀπρεπῆ
1426 1444 1557 1499 ὄντα
1599 1445 1661 1499 οὐ
1698 1447 1901 1515 μᾶλλον
1933 1448 1966 1517 ἢ

385 1521 578 1593 ψευδῆ.
642 1526 1105 1594 Διαφυλάττεσθαι
1158 1536 1269 1604 γὰρ
1323 1537 1417 1589 καὶ
1469 1537 1569 1601 τὰς
1612 1538 1723 1591 τῶν
1757 1540 1968 1594 πολλῶν

390 1614 645 1678 ὑπονοίας
671 1618 820 1683 ἄξιον
848 1624 1147 1693 ἐκεκρίκει.
1170 1626 1313 1696 Πλὴν
1347 1629 1443 1679 καὶ
1478 1630 1572 1683 τοῦ
1597 1634 1971 1703 προσανένέγ-

389 1723 585 1769 καντος
643 1714 1021 1780 κατεγνώκει,
1070 1716 1145 1778 ὡς
1182 1719 1242 1769 τὸ
1286 1719 1440 1783 τέλος
1494 1721 1720 1786 ἔδειξεν.
1762 1723 1845 1777 ὃτι
1880 1725 1973 1778 καὶ

384 1797 522 1863 ὅλως
546 1801 640 1853 ἐπὶ
663 1804 890 1873 τοιούτῳ
923 1807 1018 1861 καὶ
1054 1810 1212 1892 παρα
1233 1811 1479 1865 τοιούτου
1534 1814 1847 1868 πιστεύσειε
1880 1815 1970 1869 λέ-

387 1907 596 1958 γοντοῖ.
629 1889 737 1949 Ἦν
783 1898 955 1952 ταῦτα
976 1939 991 1964 ,
1035 1902 1129 1957 καὶ
1168 1889 1216 1956 οί
1251 1903 1353 1973 μὲν
1383 1905 1662 1976 ἀρχιερεῖς
1693 1909 1787 1960 καὶ
1814 1907 1970 1972 αὖθις

386 1983 478 2037 διὰ
510 1985 569 2039 τὸ
598 1987 692 2040 τοῦ
727 1991 1070 2061 πατριάρχου
1102 1994 1241 2064 πρὸς
1271 1996 1469 2061 αὐτοὺς
1640 1999 1771 2072 2551
1797 2002 1973 2069 ἀμφί-

389 2094 609 2147 γνωμον
631 2083 758 2152 περὶ
791 2085 898 2137 τῶν
939 2088 1078 2142 κατὰ
1114 2088 1206 2141 τὸν
1241 2089 1469 2158 Ἑφέσου
1494 2094 1837 2161 πραγμάτων
1864 2113 1972 2147 πα-

388 2174 629 2247 τριάρχῃ
665 2177 910 2249 ἐπεῖχον,
948 2181 1047 2233 καὶ
1077 2182 1137 2234 οὐ
1168 2182 1427 2251 καθαρῶς
1460 2186 1763 2255 είρήνευον.
1794 2183 1976 2241 *Ησαν

389 2266 433 2316 δ’
454 2266 652 2331 οἵτινες
689 2271 898 2323 τούτων
950 2273 1045 2325 καὶ
1072 2271 1512 2344 ὡμογνωμόνουν
1546 2277 1623 2349 τῷ
1660 2278 1978 2351 πατριάρχῃ

392 2358 488 2409 καὶ
513 2360 650 2430 πρὸς
690 2363 818 2425 τοὺς
836 2362 1058 2427 λοιποὺς
1087 2366 1423 2439 διεφέροντο.
1453 2370 1673 2424 Βασιλεί
1697 2371 1754 2424 δὲ
1800 2373 1980 2427 πάντα

388 2448 594 2518 τρόπον
621 2450 687 2505 τὰ
708 2453 808 2522 τῆς
836 2455 1057 2526 εἰρήνης
1080 2458 1362 2529 στέργοντι
1379 2460 1477 2513 οὐκ
1495 2455 1828 2532 ἧνήρεμεῖν,
1843 2462 1980 2516 ἀλλὰ

398 2628 565 2682 homo
595 2630 1027 2685 contumeliosus
1058 2643 1111 2688 et
1150 2635 1511 2693 calumniator
1544 2651 1728 2696 notus.
1759 2642 1981 2698 Crimen

397 2736 564 2789 porro
607 2733 723 2778 eral
786 2739 1017 2793 prorsus
1077 2726 1385 2788 abhorrens
1431 2747 1460 2785 a
1505 2733 1985 2791 verisimilitudine

395 2815 571 2878 omni,
606 2828 930 2886 merumque
960 2820 1332 2877 mendacium.
1368 2822 1491 2878 Prae
1519 2838 1577 2878 se
1609 2824 1821 2883 ferebat
1850 2826 1985 2895 quin

398 2905 565 2959 etiam
603 2904 971 2976 Selybriensis
1003 2909 1141 2979 ipse,
1169 2925 1295 2965 cum
1328 2913 1382 2967 id
1404 2913 1633 2971 alterius
1667 2916 1988 2972 testimonio

396 2998 648 3064 referret,
687 3015 808 3053 sese
845 3000 989 3055 haud
1046 3003 1322 3060 credere:
1356 3017 1582 3079 putasse
1627 3016 1814 3065 tamen
1868 3026 1986 3065 rem

398 3090 773 3160 qualicunque
818 3090 924 3145 ﬁde
960 3107 1165 3150 arcano
1186 3097 1252 3150 ad
1295 3111 1356 3152 se
1383 3097 1617 3153 delatam
1644 3099 1987 3168 imperatori.

2066 634 2193 683 χετο
2227 617 2321 669 καὶ
2347 619 2610 686 συνήργει
2635 623 2746 682 τοῖς
2767 621 3140 689 βουλομένοις,
3169 621 3229 673 τὸ
3255 621 3302 675 δ’
3330 621 3481 685 αὖθις
3504 627 3636 678 ὲκεί-

2065 723 2157 758 νου
2210 708 2373 777 χάριν
2435 711 2785 781 πατριάρχην
2842 712 3320 781 προσαναγκάζειν
3368 714 3428 765 0'5
3462 716 3511 767 0i
3538 718 3637 768 τῶν

2065 795 2296 850 δεόντων
2330 798 2529 853 ἐδόκει.
2566 801 2727 855 Ὅθεν
2749 803 2853 855 κᾶν
2889 803 3140 865 καὶτοὺς
3189 804 3330 874 ὑπὲρ
3370 803 3462 858 τοῦ
3492 807 3641 874 Ἐφέ-

2070 906 2165 941 σου
2215 891 2477 960 λέγοντας
2508 894 2830 965 ἀπεδέχετο,
2885 894 3022 950 ἀλλὰ
3058 896 3119 951 τό
3149 913 3215 963 γε
3261 898 3535 965 σχίζεσθαι
3561 899 3642 953 διὰ

2066 987 2240 1037 ταῦτα
2269 989 2411 1054 σφᾶς
2441 988 2787 1059 πατριάρχου
2813 988 2910 1043 καὶ
2934 988 3054 1040 λίαν
3087 988 3176 1041 διὰ
3202 988 3402 1058 βάρους
3429 985 3527 1060 ἦγε
3556 994 3641 1045 καὶ

2069 1078 2476 1146 προσωνείδιζε,
2506 1081 2600 1134 καί
2625 1097 2766 1135 τισιν
2808 1082 2828 1131 ἒ
2839 1080 3129 1150 μσριθέστε
3144 1097 3235 1150 ρον
3262 1082 3643 1149 προσεφέρετο.

2070 1170 2270 1223 Σκοπῶ
2300 1170 2356 1225 δὲ
2411 1173 2487 1242 μὴ
2543 1171 2860 1242 Πάτροκλος
2894 1168 2962 1243 ἦν
2991 1174 3019 1227 ὁ
3083 1172 3309 1238 Ἐφέσου
3341 1173 3435 1226 καὶ
3468 1172 3527 1224 τὸ
3559 1172 3646 1225 τιιῦ

2070 1264 2287 1318 Αἰνείου
2324 1265 2669 1336 ὲσχεδιάζετο
2697 1265 2938 1326 εἴδωλον,
2972 1266 3067 1333 τῆς
3115 1265 3405 1335 βασιλικῆς
3426 1264 3647 1334 γνώμης

2072 1355 2172 1426 ἤδη
2237 1356 2528 1427 κλινούσης
2584 1358 2723 1427 πρὸς
2754 1357 3078 1411 Ἀθανάσιον
3133 1358 3211 1428 τῷ
3259 1358 3352 1411 τὸν
3407 1359 3649 1428 Ἰωάννην

2072 1447 2637 1521 ἀποπροσποιείσθαι,
2669 1450 2720 1501 εί
2754 1448 2849 1505 καὶ
2883 1450 2941 1501 ὲν
2974 1452 3173 1518 ἀφανεῖ
3199 1449 3354 1503 ταῦτ’
3383 1446 3522 1519 ἦσαν
3548 1450 3645 1503 ἐτι.

2089 1541 2178 1604 Ὠς
2210 1542 2269 1595 δέ
2300 1559 2403 1595 που
2430 1543 2526 1595 καὶ
2557 1542 2618 1596 τὸ
2642 1542 2736 1596 ὑπ’
2770 1541 2960 1595 ὀδόντα
2987 1542 3208 1596 κεῖσθαι
3231 1542 3426 1596 δοκοῦν
3452 1542 3652 1595 ἀνάπυο

2078 1651 2205 1688 στον
2228 1634 2332 1705 ἤδη
2371 1635 2577 1705 ἤρξατο
2625 1636 2893 1704 γίνεσθαι,
2951 1634 3043 1689 καί
3070 1651 3215 1694 τινες
3251 1634 3653 1703 ἀφωσιωμένως

2078 1743 2195 1791 πως
2223 1728 2320 1781 καὶ
2368 1727 2705 1790 ἐπιπολαίως
2737 1728 2804 1781 τὰ
2852 1729 2978 1799 περὶ
3012 1727 3224 1781 ἐκείνου
3261 1727 3566 1798 ᾑνίσσοντο,
3599 1727 3655 1779 τὸ

2077 1819 2288 1872 ἐκείνου
2323 1818 2602 1891 σχίζεσθαι
2628 1821 2839 1882 ἑαυτοῖς
2859 1817 3350 1889 εὐπροσωπότερον
3369 1817 3655 1872 καθιστάν-

2075 1928 2189 1978 τες,
2236 1911 2357 1964 τότε
2392 1911 2650 1981 βασιλεὺς
2698 1911 2791 1964 τὸν
2831 1910 3065 1979 πρώτως
3108 1911 3506 1980 ὑπομνήσαντα
3540 1911 3658 1978 περὶ

2075 2003 2269 2056 τούτου
2305 2002 2630 2058 ὑπώπτευεν
2658 2044 2673 2069 ,
2723 2003 2798 2067 ὼς
2839 2003 2935 2057 καὶ
2976 2002 3162 2065 ἄλλοις
3192 2001 3341 2056 είποι
3370 2001 3461 2055 τὸν
3488 1999 3655 2064 λόγον,

2079 2098 2184 2152 κᾶν
2218 2096 2382 2150 αὑτὸν
2428 2096 2504 2167 μὴ
2557 2095 2968 2151 σκανδαλίσειεν
2999 2093 3275 2157 ὑπειπὼν,
3329 2093 3510 2154 ἄλλοις
3538 2092 3659 2151 ίσως

2078 2188 2250 2242 εἰπὼν
2286 2189 2478 2260 μῶμον
2518 2188 2899 2260 προστρίψειε.
2963 2188 3064 2240 Διὰ
3113 2187 3293 2249 τοῦτο,
3333 2184 3431 2237 καὶ
3458 2185 3524 2254 τῇ
3571 2178 3661 2234 τοῦ

2080 2279 2426 2351 πατριάρχου
2457 2279 2679 2349 θαρρῶν
2728 2279 3049 2350 σεμνότητι,
3106 2277 3437 2346 ἐκφαυλίζει
3464 2276 3553 2328 τὸν
3584 2273 3664 2326 λό-

2081 2389 2199 2440 γον,
2226 2373 2320 2428 καὶ
2344 2374 2435 2426 τὸν
2464 2371 2698 2445 πρώτως
2728 2373 2955 2427 εἰπόντα
2990 2372 3150 2442 δῆλον
3178 2369 3663 2441 καθίστησιν.”Αρι

2086 2471 2250 2541 ρητον
2281 2468 2380 2538 μὲν
2408 2467 2518 2541 γὰρ
2544 2463 2683 2520 εἶναι
2716 2467 2810 2520 atati.
2841 2465 3093 2530 ἄπιστον,
3120 2467 3215 2520 καὶ
3246 2465 3379 2518 λίαν
3416 2463 3664 2534 ὠρέγετο,

2086 2645 2287 2701 minari
2328 2645 2656 2713 episcopos,
2716 2643 2956 2712 graviter
3009 2642 3357 2709 increpabat,
3395 2640 3553 2695 etiam
3580 2651 3666 2692 es-

2087 2738 2448 2807 probratione
2504 2748 2613 2790 non
2646 2734 2954 2790 abstinens.
3011 2730 3131 2788 Non
3167 2732 3536 2789 dissimulabo
3583 2729 3664 2783 hic

2090 2843 2274 2887 tamen
2309 2826 2742 2897 speculationem
2784 2825 3084 2896 quamdam
3141 2840 3346 2879 meam.
3394 2822 3531 2891 Quis
3569 2819 3665 2875 scit

2094 2937 2162 2976 an
2195 2918 2506 2989 capessenti
2532 2917 2613 2972 sic
2662 2916 2982 2985 imperatori
3029 2928 3253 2971 causam
3307 2911 3551 2984 Ephesii,
3580 2906 3666 2964 cui
3700 2972 3707 2979 ,

2092 3015 2262 3069 sciret
2302 3009 2587 3067 adversari
2629 3007 2995 3077 patriarcbam
3025 3046 3040 3072 ,
3089 3022 3200 3061 non
3233 3005 3385 3061 aliud
3408 3002 3666 3059 occultius

2093 3108 2150 3161 in
2181 3114 2366 3159 mente
2425 3102 2637 3157 fuerit?
2671 3099 2831 3166 Quis,
2881 3101 3127 3170 inquam,
3166 3106 3392 3170 praestet
3421 3110 3526 3151 non
3570 3093 3668 3148 hoc

400 3188 566 3250 prout
601 3181 754 3243 fecit,
788 3184 1034 3240 indicare
1070 3200 1129 3241 se
1161 3186 1384 3245 debere.
1420 3188 1722 3259 Imperator
1756 3191 1859 3245 hoc
1885 3206 1984 3245 au-
2015 3206 2057 3264 ε
2094 3200 2171 3253 illi
2213 3203 2535 3267 prmiextum
2575 3194 2749 3249 fuisse
2805 3207 3017 3247 merum
3048 3230 3064 3257 ,
3101 3202 3155 3246 et
3179 3190 3333 3246 velut
3378 3186 3506 3245 illud
3536 3200 3565 3239 e
3596 3181 3669 3237 fa-

400 3278 515 3333 dito
563 3280 823 3339 momenti
870 3281 1152 3351 permagni
1207 3289 1416 3338 temere
1469 3283 1676 3339 moveri
1708 3284 1984 3354 negotium

396 3370 666 3441 judicavit
688 3412 705 3436 ,
774 3375 1120 3445 graviterque
1176 3374 1300 3430 tulit
1333 3375 1387 3429 id
1420 3374 1488 3430 ad
1520 3389 1581 3432 se
1612 3375 1878 3431 delatum.
1907 3376 1988 3431 Ac

401 3465 609 3521 nullam
645 3466 777 3525 licet
810 3468 971 3523 tidem
1021 3467 1285 3523 delationi
1328 3467 1618 3532 adhibens,
1675 3468 1779 3524 sibi
1825 3468 1989 3525 enixe

404 3557 712 3612 curandqu
770 3559 1111 3619 existimavit
1171 3574 1240 3615 ne
1297 3559 1365 3615 ad
1405 3561 1593 3631 plures
1622 3559 1755 3617 dicti
1792 3563 1990 3616 notitia

408 3658 682 3714 manaret,
710 3649 878 3723 338
907 3661 1266 3723 praeterquam
1296 3653 1603 3711 indecentis
1631 3666 1684 3708 et
1717 3655 1993 3711 meutione

404 3746 525 3814 ipsa
555 3742 789 3811 infandi,
815 3748 1002 3812 etiam,
1032 3753 1093 3801 ut
1117 3730 1178 3801 8e
1205 3746 1411 3803 dabant
1442 3745 1667 3811 indicia,
1687 3748 1989 3803 mendacis.

406 3828 852 3895 Praeverti'enim
891 3849 1148 3910 oportere
1177 3839 1530 3910 suspiciones
1578 3840 1880 3896 multorum
1915 3854 1992 3895 ωα-

408 3946 579 4000 quum
615 3931 851 3988 censuit.
884 3930 993 3988 Sed
1026 3940 1116 3997 et,
1148 3941 1309 4003 prout
1335 3948 1399 3989 ex
1435 3933 1752 3988 consecutis
1793 3933 1858 3987 ad
1892 3949 1991 3988 cx-

405 4033 644 4079 tremum
695 4024 973 4094 apparuit,
1017 4025 1339 4083 succensuit
1372 4024 1622 4088 delatori,
1653 4023 1797 4095 quod
1826 4041 1856 4080 e
1885 4035 1993 4080 tam

410 4116 513 4170 levi
546 4125 770 4188 tamque
800 4116 1062 4172 sublestate
1117 4116 1243 4172 lidei
1292 4126 1520 4172 auctore
1569 4116 1843 4189 cognitam
1877 4131 1993 4171 rem

410 4218 617 4263 tantam
651 4225 761 4263 non
794 4210 956 4265 modo
995 4225 1103 4266 non
1140 4210 1591 4280 contempsisset,
1623 4219 1681 4264 ut
1708 4209 1994 4275 debuerat,

408 4314 602 4354 verum
626 4300 813 4367 etiam,
841 4309 899 4353 ut
920 4300 1219 4356 deferendo
1252 4308 1652 4356 monstraverat
1679 4340 1694 4364 ,
1733 4299 1998 4356 credidis-

409 4398 517 4445 set.
552 4388 687 4442 Dum
724 4389 838 4446 baec
884 4390 961 4445 ita
991 4405 1051 4448 se
1102 4391 1389 4458 baberent,
1448 4392 1670 4446 interim
1730 4391 1996 4462 episcOpi,

409 4484 555 4552 quod
590 4484 695 4538 sibi
729 4483 1009 4537 adversari
1053 4486 1421 4552 patriarcham
1456 4485 1661 4540 scirent
1689 4485 1741 4537 in
1776 4485 1998 4556 negotio

2091 3289 2237 3345 bulis
2304 3288 2373 3343 ad
2423 3300 2619 3343 vanam
2675 3283 2912 3353 speciem
2971 3281 3247 3352 obiectum
3296 3282 3461 3336 inane
3494 3276 3670 3332 [linea

2091 3381 2473 3441 simulacrum,
2504 3378 2573 3434 ad
2601 3392 2757 3433 usum
2788 3372 3103 3445 indulgendi
3125 3383 3408 3444 concepta:
3430 3370 3540 3442 iam
3566 3378 3670 3421 tum

2093 3487 2314 3529 arcana:
2363 3470 2632 3527 voluntati
2668 3466 2975 3541 reponendi
3011 3465 3378 3521 Athanasium
3426 3465 3483 3517 in
3527 3458 3670 3513 thro,

2094 3582 2224 3619 ntun
2255 3605 2270 3629 ,
2304 3579 2468 3635 quam
2526 3563 2595 3617 ad
2632 3577 2745 3617 rem
2796 3560 2900 3615 sibi
2933 3559 3151 3614 videbat
3182 3558 3298 3613 fore
3350 3557 3535 3613 utilem
3570 3549 3674 3603 fac-

2095 3660 2298 3717 tionem
2331 3657 2628 3712 tuultorum
2661 3653 2967 3709 antistitum
3008 3664 3037 3703 a
3073 3648 3283 3704 Joanne
3321 3664 3467 3704 nunc
3502 3639 3673 3715 ponti-

2097 3751 2198 3805 ﬁce
2225 3763 2547 3805 aversorum
2577 3747 2647 3802 ob
2680 3745 2902 3815 Ephesii
2951 3749 3205 3815 negatam
3245 3741 3318 3795 ab
3349 3756 3417 3796 eo
3462 3735 3673 3792 restitu-

2099 3845 2324 3899 tionem.
2362 3841 2468 3899 Sed
2509 3840 2626 3896 hatc
2643 3841 2991 3903 omittamus,
3015 3853 3138 3908 qua:
3166 3837 3210 3893 si
3238 3836 3359 3906 jam
3385 3830 3548 3906 339
3569 3837 3672 3883 tum

2096 3944 2258 3993 erant
2296 3973 2312 3998 ,
2341 3933 2397 3988 in
2436 3932 2657 3988 occulto
2704 3940 2857 3987 certe
2891 3930 3247 3986 tenebantur.
3293 3925 3456 3981 Tunc
3504 3929 3674 3975 autem

2097 4030 2282 4086 evenit
2330 4037 2411 4092 ut,
2453 4028 2614 4097 cujus
2648 4025 3025 4087 meminimus,
3079 4018 3312 4077 Joannis
3362 4012 3676 4091 patriarchae

2097 4121 2310 4180 crimen
2341 4119 2484 4174 clam
2512 4117 2641 4173 olim
2671 4118 3157 4172 immurmuratum
3198 4122 3521 4168 enotescere
3550 4102 3679 4161 inci-

2099 4223 2287 4283 peret,
2319 4222 2376 4268 et
2396 4226 2426 4265 a
2459 4210 2789 4283 quibusdam
2827 4206 3139 4264 verecunde
3164 4206 3388 4276 quidem
3420 4218 3486 4258 ac
3530 4192 3679 4270 quasi

2101 4304 2249 4358 aliud
2269 4302 2505 4373 agendo,
2545 4309 2729 4357 tamen
2753 4302 2835 4356 sic
2868 4300 3091 4369 oblique
3124 4299 3453 4354 innueretur
3492 4304 3551 4348 ut
3592 4285 3681 4358 qui

2102 4412 2214 4452 rem
2243 4407 2630 4467 compererant
2659 4400 3057 4465 agnoscerent;
3095 4394 3241 4463 quod
3268 4389 3471 4445 infensi
3492 4380 3701 4442 Joanui'

2103 4488 2351 4559 episcopi
2384 4501 2582 4556 magna
2613 4496 2731 4540 arte
2762 4484 3063 4549 faciebant,
3096 4485 3179 4541 sic
3211 4482 3315 4537 sibi
3347 4475 3682 4552 plausibilio-
3716 4544 3717 4547 η

410 4578 643 4632 Joannis
672 4577 912 4645 Ephesii,
960 4577 1105 4631 haud
1139 4577 1431 4634 cessabant
1462 4579 1674 4633 instare
1708 4578 1857 4631 circa
1894 4567 2068 4655 ltoch
2106 4600 2220 4638 re...
2248 4589 2625 4652 praeparantes
2656 4579 2939 4634 obtentum
2964 4578 3033 4632 ab
3068 4590 3136 4631 eo
3161 4591 3284 4632 sese
3319 4565 3678 4630 discindendi.

410 4672 514 4738 illi,
537 4685 639 4726 nec
658 4670 826 4726 corde
854 4670 1073 4725 sincero
1103 4685 1226 4727 cum
1252 4686 1319 4725 eo
1337 4673 1842 4729 communicabant.
1875 4671 1994 4727 Non

414 4776 601 4823 tamen
627 4780 691 4820 ex
724 4779 915 4819 eorum
959 4779 1191 4819 numero
1214 4767 1443 4820 deerant
1472 4766 1563 4835 qui
1600 4775 1785 4836 partes
1822 4766 1996 4835 patri-

327 4884 345 4899 ο»
415 4858 597 4913 arcbtc
618 4867 987 4928 sequerentur
1012 4870 1067 4914 et
1100 4859 1169 4913 ab
1192 4859 1315 4914 aliis
1334 4875 1395 4913 ea
1422 4874 1588 4915 causa
1613 4859 1993 4915 dissentirent.

415 4953 549 5019 Quae
570 4967 808 5010 cernens
843 4952 1166 5022 imperator,
1196 4968 1293 5022 pro
1329 4967 1429 5007 suo
1461 4952 1691 5022 antiquo
1718 4950 1999 5021 proposito

413 5047 568 5116 pacis
599 5045 1101 5101 ecclesiasticorum
1136 5044 1288 5099 omni
1344 5045 1557 5100 ratione
1613 5045 1996 5115 procurandae,

414 5137 563 5192 haud
596 5137 699 5193 sibi
726 5137 1057 5193 cessandum
1086 5136 1141 5192 in
1173 5137 1278 5192 hac
1304 5139 1549 5207 pacanda
1592 5136 1865 5193 discordia
1895 5153 2000 5208 pu-

416 5232 592 5298 tavit;
633 5232 690 5286 in
743 5246 855 5301 quo
901 5231 1234 5288 restitutioni
1281 5232 1502 5303 quidem
1560 5231 1802 5301 Ephesii,
1832 5246 1999 5301 quam

416 5325 577 5381 multi
612 5325 906 5396 urgebant,
930 5339 1043 5380 non
1067 5324 1233 5379 modo
1257 5324 1514 5379 assentiri
1541 5339 1599 5381 se
1629 5326 1998 5389 monstrabat,

418 5418 517 5474 sed
548 5420 598 5474 ei
631 5419 773 5480 ultro
816 5419 1204 5490 promovenda:
1242 5426 1490 5487 paratam
1536 5419 1834 5476 exhibebat
1873 5433 2003 5486 opes

417 5526 563 5566 ram.
590 5508 796 5583 'l‘antcn
852 5511 996 5566 idem
1042 5512 1162 5579 ejus
1198 5510 1279 5566 rei
1310 5512 1485 5579 gratia
1515 5510 1624 5564 vim
1680 5508 1870 5566 inferri
1907 5527 2004 5580 pa-

419 5603 682 5659 triarcha:
702 5605 851 5659 haud
885 5605 1081 5660 decere
1115 5602 1420 5674 judicabat.
1461 5601 1615 5657 Unde
1636 5643 1650 5670 ,
1686 5619 2001 5673 quanquam

421 5698 662 5754 libenter
685 5698 903 5753 audiret
941 5711 1282 5768 quaecunque
1304 5710 1402 5764 pro
1426 5695 1660 5767 Ephesio
1690 5696 2005 5767 allegaban-

423 5798 536 5850 tur,
581 5789 970 5848 molestissime
1020 5787 1235 5844 ferebat
1262 5802 1482 5842 omnem
1517 5789 1851 5844 mentionem
1887 5788 2004 5842 dis—

426 5883 744 5941 ccssioaisa
773 5897 1056 5940 sacrorum
1086 5882 1364 5947 principe;
1398 5893 1449 5938 et
1475 5898 1613 5947 quos
1645 5882 1858 5941 audiret
1885 5895 2005 5945 eam

2099 4677 2267 4732 istam
2309 4673 2751 4745 pr0palationem
2789 4671 2868 4725 rei
2911 4686 2939 4723 a
2977 4684 3037 4724 se
3082 4677 3237 4723 tanto
3281 4667 3470 4723 studio
3501 4663 3682 4719 celata)

2103 4770 2407 4839 imperator
2466 4766 2736 4828 sentiens,
2794 4778 2921 4819 eum
2988 4762 3082 4833 qui
3145 4763 3249 4819 sibi
3287 4763 3501 4833 primus
3540 4757 3680 4811 illam

2102 4865 2429 4930 indicasset,
2475 4859 2884 4933 Selybriensem
2913 4859 3101 4915 violati
3135 4860 3328 4915 arcani
3370 4863 3680 4926 suspectum

2105 4957 2331 5023 habuit;
2362 4965 2420 5011 et
2449 4955 2504 5010 in
2539 4970 2658 5011 eam
2713 4954 2967 5010 incubuit
3006 4960 3219 5023 partem
3254 4963 3312 5009 ut
3340 4951 3591 5007 crederet
3625 4944 3684 4996 il-

2104 5050 2217 5104 lum
2275 5048 2649 5119 indulgentem
2687 5047 2963 5117 prurigini
3004 5046 3262 5113 maligna:
3311 5043 3434 5099 aliis
3468 5048 3682 5109 quoque

2106 5140 2521 5205 manifestasse,
2582 5140 2731 5208 quod
2765 5124 2971 5194 frustra
2996 5138 3046 5193 ei
3074 5136 3272 5192 fuisset
3296 5152 3326 5191 a
3354 5152 3416 5193 se
3439 5134 3683 5200 impense

2107 5232 2556 5288 commendatum
2636 5246 2705 5287 ne
2758 5231 2986 5286 omnino
3059 5231 3377 5285 mortalium
3432 5227 3681 5292 cuiquam

2109 5326 2368 5395 aperiret.
2402 5325 2467 5381 Et
2496 5325 2642 5379 hunc
2678 5323 2904 5395 quidem
2931 5323 3111 5394 ipsum
3139 5337 3325 5377 coram
3357 5319 3683 5386 redarguere

2107 5418 2350 5475 levitatis
2380 5418 2530 5473 illius
2571 5417 2720 5472 baud
2749 5416 2957 5482 voluit,
3003 5431 3074 5472 ne
3112 5415 3234 5472 sine
3287 5426 3469 5484 Operae
3511 5405 3682 5479 pretio

2108 5527 2235 5569 eum
2280 5511 2525 5567 irritaret
2558 5526 2574 5564 :
2617 5509 2772 5565 illum
2803 5517 2987 5567 tamen
3019 5523 3089 5565 eo
3121 5506 3340 5563 nomine
3375 5501 3519 5574 apud
3551 5498 3682 5553 alios

2110 5603 2464 5674 vituperavit,
2496 5617 2560 5657 ac
2588 5601 2767 5659 fretus
2799 5602 3071 5673 gravitate
3092 5611 3336 5669 notaque
3358 5590 3682 5667 patriarcha

2112 5698 2427 5754 innocentia
2482 5712 2590 5751 non
2637 5694 2912 5752 dubitavit
2957 5694 3171 5749 crimen
3219 5692 3272 5746 id
3313 5697 3490 5744 totum
3536 5682 3680 5737 falsa

2109 5790 2401 5847 calumnia)
2421 5787 2763 5854 adscribere,
2782 5783 3171 5856 conquereudo
3188 5781 3258 5838 de
3279 5795 3344 5838 eo
3364 5778 3461 5850 qui
3478 5774 3679 5847 primus

2111 5888 2450 5951 vulgaverat,
2482 5885 2629 5956 quod
2675 5884 2794 5941 luce
2847 5882 3295 5952 indignissimum
3325 5873 3497 5945 premi
3537 5880 3680 5926 tene-
