4024 6398
323 402 435 464 373

1217 401 1318 461 DE
1356 395 1804 460 ANDBONICO
1834 392 2302 454 PAL/EOLOGO
2344 395 2494 455 LlB.
2536 396 2633 458 ιν.

3493 376 3601 456 δτι

320 516 397 579 ὡς
434 515 594 587 ἐῴκει
618 530 631 544 ’
666 512 1105 584 ύπολαλουμένου
1143 514 1199 568 δὲ
1234 516 1326 568 καὶ
1356 514 1489 583 παρ’
1523 513 1722 575 ἄλλων,
1750 509 1911 569 αὐτὸς
1937 504 1991 562 Δ
2018 505 2249 574 πρώτως
2275 506 2485 559 εἰπόντι
2514 505 2701 569 κακῶς
2732 501 2868 575 εἶχε,
2903 504 2998 559 καὶ
3046 506 3261 558 συνῦδθυ
3288 506 3475 574 ἐζήτει
3511 508 3603 558 ὲκ-

321 605 693 676 άναγκασθεὶς
733 608 973 676 φανερὰν
997 605 1292 675 καθίστησι
1312 605 1413 676 τὴν
1436 605 1795 676 κατηγορίαν,
1813 604 1911 657 καὶ

322 703 399 764 ὼς
430 701 698 771 ὑδριστὴν
727 702 830 754 οὐκ
860 700 1042 765 αἰτίας
1086 701 1229 755 ἀνίει
1269 700 1359 753 τὸν
1391 699 1658 769 φάμενον.
1694 695 1911 749 Ἀκούει

321 793 503 847 ταῦτα
534 795 628 846 καὶ
662 794 1033 866 πατριάρχης,
1068 794 1161 847 καὶ
1185 793 1261 856 ὠς
1310 794 1461 852 εἰκὸς
1489 788 1911 860 δεινοπαθήσας,

322 885 451 939 ἐπεὶ
478 884 538 937 ού
571 885 767 953 περιῆν
791 884 1068 953 ὁπρώτως
1099 884 1364 949 ἐπειπὼν,
1396 883 1473 945 ὡς
1503 882 1742 949 ἐλέγετο,
1764 877 1915 946 αὐτῷ

322 978 390 1045 δὴ
422 977 732 1046 Σηλυϐρίας
754 978 856 1045 τὴν
884 975 1251 1045 συκοφαντίαν
1281 976 1560 1047 ἐπέτριϐε,
1588 974 1682 1028 καὶ
1713 971 1916 1040 συνόδῳ

326 1069 634 1135 ἐπεγκαλεῖ
660 1068 841 1137 ζητῶν
881 1068 981 1138 τὴν
1010 1069 1290 1133 ἐκδίκησιν
1341 1066 1542 1136 ἑαυτῷ,
1576 1067 1680 1120 κᾶν
1708 1066 1917 1126 ἐκεῖνος

323 1164 404 1225 ὡς
452 1161 600 1231 εἶχεν
659 1161 929 1215 ὲπειλύων
966 1163 1058 1215 τὸν
1112 1160 1272 1231 λόγον
1317 1159 1495 1223 ἄλλως
1538 1158 1727 1226 ἔλεγεν
1770 1156 1917 1221 ὲξει-

324 1271 479 1308 πειν.
1002 1303 1019 1321 ,

326 1352 441 1411 κη’.
483 1342 939 1411 Ὕϐριοπὰθησις
961 1343 1329 1410 πατριάρχου
1350 1342 1447 1395 διὰ
1468 1343 1586 1409 τὴν
1606 1356 1919 1410 συκοφαν-

782 1416 916 1467 τίαν
949 1413 1047 1467 καὶ
1082 1413 1468 1482 ἀναχώρησις

411 1528 547 1594 Παρ’
575 1527 641 1595 ἦν
694 1528 875 1581 αἰτίαν
911 1528 1006 1582 καὶ
1045 1526 1133 1600 [Ρ.
1175 1528 1305 1600 254]
1347 1528 1604 1599 βασιλεὺς
1639 1527 1781 1598 (οὐδὲ
1811 1526 1924 1596 γὰρ

327 1622 404 1691 ἦν
453 1621 687 1690 ψεύδους
738 1621 1050 1693 γράφεσθαι
1105 1621 1333 1692 βασιλέα
1367 1639 1430 1690 γε
1481 1622 1632 1691 ὄντα)
1667 1622 1761 1674 ἐπὶ
1808 1622 1923 1681 τοῖς

329 1712 607 1777 τοιούτοις
643 1714 1085 1782 συκοφαντοῦντα
1113 1715 1412 1785 διελέγχειν
1452 1715 1922 1785 ἀναγκαζόμενος,

329 1806 360 1859 ὃ
395 1810 538 1870 τέως
572 1808 873 1876 άνέκφορον
905 1808 1167 1875 ἠϐούλετο
1200 1808 1403 1879 μένειν,
1441 1810 1536 1862 ἐπὶ
1574 1808 1788 1863 πολλῶν
1816 1808 1930 1872 ἐξέ-

332 1919 407 1968 φε
422 1916 537 1967 ρεν,
568 1901 718 1962 ὅπως
744 1903 837 1953 καὶ
859 1902 947 1954 ὅτε
979 1900 1073 1954 καὶ
1106 1902 1158 1953 τί
1203 1901 1520 1971 προσελθὼν
1559 1902 1766 1955 είπειεν
1799 1903 1827 1954 ὁ
1857 1902 1934 1953 εἰ-

336 1993 487 2045 πεῖιν.
539 1993 692 2054 Τέως
725 1992 783 2046 δὲ
811 1994 980 2056 πολὺς
1007 1994 1401 2066 προσετρίϐετο
1445 1993 1694 2047 ἐντεῦθεν
1722 1994 1937 2063 μῶμος,

336 2083 748 2154 ἀμφοτέρωθεν
771 2085 1340 2154 ἀντιδιατεινομένων.
1366 2086 1479 2139 Καὶ
1507 2085 1597 2139 διὰ
1629 2084 1803 2138 ταῦτα
1836 2101 1942 2138 πα-

334 2180 620 2247 τριάρχης
656 2178 847 2241 δεινῶς
895 2177 1245 2247 ὑϐριοπαθῶν
1277 2174 1367 2250 ἦν,
1396 2181 1508 2253 ,καὶ
1555 2176 1679 2231 οὔτε
1719 2175 1942 2248 βασιλέα

341 2269 794 2339 προσαπδέχετο
828 2270 1087 2323 κινοῦντα
1144 2272 1236 2324 τὸν
1285 2272 1469 2340 λόγον,
1530 2269 1667 2337 ἀλλὰ
1710 2269 1806 2323 καὶ⁸
1863 2269 1944 2336 τῷ

348 2455 470 2509 bris
509 2467 729 2523 semper
767 2455 1129 2524 Oportuisset.
1181 2452 1274 2509 Sic
1310 2454 1608 2522 imperator
1659 2454 1712 2510 id
1761 2456 1940 2524 ipsum

352 2546 507 2613 quod
540 2560 775 2610 summe,
810 2555 867 2597 ut
907 2545 1077 2601 videri
1117 2545 1310 2609 voluit,
1347 2545 1631 2615 cupiverat
1676 2536 1944 2601 indictum

357 2639 928 2706 imtnemoratumque
969 2645 1232 2707 perpetuo
1288 2639 1458 2703 sileri,
1494 2654 1618 2692 cum
1665 2631 1947 2695 susurrari

359 2732 432 2783 ab
463 2732 589 2785 aliis
639 2730 1024 2792 intellexisset,
1066 2731 1352 2801 publicare
1393 2733 1512 2802 ipse
1569 2741 1795 2788 coactus
1828 2742 1906 2789 ρει
1934 2773 1948 2798 ,

360 2823 449 2891 [ter
472 2837 545 2874 rm
582 2821 853 2876 incusans
887 2821 1295 2893 Selyhriensem
1319 2861 1334 2885 ,
1369 2821 1464 2890 qui
1493 2822 1808 2893 prodiderat
1840 2823 1950 2891 pri-

366 2930 515 2976 mus,
550 2923 607 2966 ut
632 2915 1097 2968 contumeliosum
1117 2922 1172 2968 et
1201 2914 1804 2984 sycophantam.Audit
1834 2916 1951 2969 haec

369 3007 705 3076 patriarcha,
728 3014 782 3061 et
816 3016 977 3076 prout
1010 3022 1107 3076 par
1139 3006 1264 3066 fuit.
1291 3006 1627 3077 indignatus,
1659 3017 1949 3078 postquam

370 3099 422 3151 in
451 3099 594 3154 vivis
627 3114 737 3152 non
792 3107 1082 3168 supererat
1121 3099 1214 3168 qui
1277 3099 1393 3153 falsi
1450 3102 1699 3155 criminis
1759 3111 1951 3156 auctor

2015 601 2255 671 δίκησιν,
2282 602 2331 655 εί
2364 602 2646 655 πιστεύειν
2679 601 2881 655 θέλοιεν
2915 602 2989 665 ὼς
3023 601 3119 655 καὶ
3146 599 3303 654 αὐτοὶ
3330 617 3604 669 συκοφαν-

2017 693 2140 748 τίαν
2167 693 2261 746 τὸν
2285 693 2464 762 λόγον,
2496 693 2571 758 ὡς
2600 694 2841 761 λέγουσι,
2869 694 3136 762 κρίνουσι.
3164 692 3254 761 Τῷ
3285 709 3365 744 τοι
3392 693 3486 745 καὶ
3524 690 3604 760 τῷ

2025 782 2122 852 μὲν
2144 782 2327 850 ζητεῖν
2348 783 2697 854 πατριάρχην
2713 783 2899 837 δίκαια
2923 782 3237 850 ξύμπαντες
3257 781 3599 851 ὡμολόγουν,

2025 873 2164 943 πρὸς
2190 873 2250 927 δὲ
2292 874 2355 927 τὸ
2385 874 2773 939 καταδικάζειν
2805 875 2898 928 τὸν
2916 866 3151 938 ’λέξοντα
3192 874 3606 943 διαμφιγνωμο-

2022 963 2241 1028 νοῦντες
2279 960 2454 1035 ἦσαν·
2504 966 2641 1036 μηδὲ
2679 967 2788 1036 γὰρ
2816 958 3071 1019 κάκεῖνον
3111 963 3340 1018 αὐτόθεν
3370 962 3606 1031 ἐκφῆναι

2020 1056 2113 1109 τὸν
2139 1057 2320 1125 λόγον,
2363 1058 2487 1127 μηδ’
2514 1058 2589 1121 ὡς
2619 1057 2961 1129 κατηγορίαν
3011 1055 3308 1121 συνθεῖναι,
3339 1054 3477 1108 ἀλλὰ
3512 1055 3610 1124 βα-

2023 1147 2161 1200 σιλεῖ
2189 1145 2501 1212 πιστεῦσαι,
2535 1146 2677 1201 ὥστε
2711 1149 2894 1216 μεῖναι
2938 1147 3032 1198 καὶ
3060 1145 3117 1197 ὲν
3163 1143 3497 1213 ἀπορρήτοις
3531 1141 3613 1193 οἶ-

2020 1239 2199 1291 εσθαι.
2247 1238 2334 1301 Ὧς
2363 1239 2417 1290 δὲ
2449 1237 2712 1300 πολλάκις
2745 1239 2773 1290 δ
2829 1237 2928 1307 μὲν
2968 1236 3317 1307 πατριάρχης
3351 1235 3606 1303 συνιστᾷν

2025 1327 2348 1399 βουλόμενος
2379 1330 2600 1385 σύνοδον
2626 1331 2719 1382 ἐπὶ
2747 1330 2958 1393 τούτοις
2987 1330 3114 1391 τοὺς
3142 1329 3422 1398 ἀρχιερεῖς
3451 1343 3609 1394 μετε-

2023 1424 2296 1493 πέμπετο,
2352 1425 2550 1477 ἐκεῖνοι
2599 1422 2657 1476 δὲ
2685 1426 2732 1475 οἱ
2785 1423 2884 1492 μὲν
2917 1424 3212 1491 συνήγοντο
3257 1419 3352 1474 καὶ
3402 1418 3614 1486 ἕτοιμοι

2022 1511 2164 1586 ἦσαν
2202 1518 2385 1584 κρῖναι
2436 1515 2531 1568 καὶ
2580 1513 2968 1576 καταδικάζειν
3010 1511 3103 1564 τὸν
3134 1511 3379 1579 φάμενον
3418 1508 3491 1570 ὡς
3518 1510 3617 1559 οὐκ

2025 1604 2305 1676 εῠσχημον
2328 1604 2390 1657 ὃν
2427 1605 2535 1658 οὐδ’
2570 1605 2746 1666 ἄλλως
2793 1602 3075 1674 εὐπρεπὲς
3113 1603 3250 1672 πρὸς
3283 1599 3509 1670 βασιλέα
3534 1597 3622 1650 λέ-

2025 1714 2146 1764 γειν
2171 1697 2418 1760 τοιαῦτα,
2450 1697 2499 1749 οἱ
2525 1696 2583 1749 δὲ
2632 1695 2814 1757 αἰτίας
2849 1695 2947 1763 τῆς
2982 1691 3274 1762 ἁποφυγῆς
3308 1689 3621 1759 πλαττόμε-

2031 1808 2112 1843 νοι
2139 1789 2236 1857 τὴν
2271 1787 2456 1857 ἄφιξιν
2494 1788 2878 1854 ὑπερετίθεντο
2909 1785 3003 1840 καὶ
3032 1784 3113 1855 τῷ
3147 1781 3456 1852 Σηλυόρίας
3487 1780 3624 1846 ἀγα-

2039 1882 2138 1943 θὰς
2193 1881 2540 1951 ὑπερέτεινον
2601 1880 2699 1942 τὰς
2758 1879 3011 1944 ἐλπίδας,
3076 1876 3247 1930 ταῦτα
3298 1874 3346 1928 δ’
3401 1871 3623 1926 ἐποίουν

2039 1972 2305 2032 πολλάκις
2335 1969 2543 2023 ἔννοιαν
2573 1968 2809 2032 διδόντες
2834 1969 2911 2028 ὼς
2944 1966 3232 2041 ἐπα).γοῖεν
3253 1966 3344 2017 καὶ
3376 1957 3522 2017 οὗτοι
3549 1962 3624 2031 μὴ

2041 2065 2137 2117 καὶ
2164 2064 2506 2133 πατριάρχου
2534 2061 2718 2129 σφίσιν
2739 2058 3251 2130 ὁμογνωμονοῦντος
3280 2057 3371 2109 ἐπὶ
3391 2056 3502 2116 τοῖς
3524 2051 3620 2105 τοῦ

2055 2157 2281 2226 Ἐφέσου
2308 2158 2649 2226 πράγμασιν,
2670 2154 2921 2207 ὥστεκαὶ
2962 2149 3295 2205 κινδυνεύειν
3325 2147 3628 2219 σχίζεσθαι,

2042 2250 2164 2304 τότε
2197 2248 2540 2319 πατριάρχης
2568 2246 2833 2314 ἀπσλγῶν
2874 2247 2984 2307 τοῖς
3015 2241 3384 2309 τελουμένοις,
3414 2238 3535 2292 ἐπεί
3561 2255 3629 2306 γε

2047 2431 2429 2504 proferendum
2490 2428 2637 2501 quod
2677 2437 2866 2483 tenere
2913 2426 3190 2481 occultum
3226 2421 3541 2483 debuisset,
3580 2426 3633 2473 et

2047 2526 2104 2579 in
2138 2541 2264 2579 eum
2315 2509 2550 2577 maxime
2604 2523 2696 2590 qui
2749 2519 2938 2574 falsam
2970 2518 3018 2572 ei
3051 2513 3383 2570 calumniam
3427 2511 3635 2580 primus

2050 2619 2345 2673 indicasset
2375 2614 2593 2671 infenso
2621 2623 2740 2668 erat
2781 2611 2965 2665 animo
2987 2650 3000 2670 .
3035 2606 3416 2673 vindicarique
3457 2601 3635 2656 scelus

2051 2712 2218 2779 hujus
2246 2723 2440 2764 severo
2468 2706 2660 2781 synodi
2696 2703 2909 2774 judicio
2938 2700 3239 2771 poscebat;
3271 2695 3638 2761 utebaturque

2051 2810 2118 2864 ad
2171 2814 2323 2862 tanto
2374 2804 2650 2859 ciiicacius
2706 2801 2756 2854 id
2794 2799 3055 2870 judicium
3093 2794 3396 2864 urgendum
3429 2787 3640 2860 profes-

2052 2901 2211 2955 sione
2240 2897 2345 2952 sibi
2395 2895 2541 2950 facta
2592 2894 2888 2947 multorum
2947 2906 2976 2945 e
3023 2887 3301 2950 Patribus,
3355 2880 3635 2953 sigillatim

2054 2989 2449 3047 affirmantium
2477 3000 2585 3042 non
2612 2986 2865 3040 dubitare
2887 2998 2946 3038 se
2976 2981 3106 3051 quin
3135 2978 3330 3033 falsum
3350 2982 3404 3031 et
3431 2974 3642 3029 calum-

2063 3087 2219 3141 niose
2257 3083 2495 3137 amotum
2547 3086 2727 3134 totum
2789 3079 2841 3131 id
2874 3077 3084 3130 crimen
3142 3079 3331 3136 esset;
3389 3068 3532 3139 quod
3566 3081 3638 3135 qu

362 3191 736 3259 aliegabatnr,
789 3191 896 3261 ipsi
931 3190 1271 3263 Selybriensi
1304 3193 1592 3248 calumnia:
1626 3194 1803 3249 dicam
1847 3195 1951 3249 im-
1978 3198 2019 3255 (ι
2056 3161 2324 3243 dicerent,
2362 3190 2460 3232 eos
2491 3172 2799 3245 patriarcha
2830 3167 3195 3263 contendebat
3244 3177 3440 3263 sensus
3484 3161 3641 3217 istius

362 3284 555 3352 ινιίςῐι,
616 3292 961 3354 questusque
1009 3285 1075 3338 de
1112 3284 1206 3339 ilio
1263 3286 1404 3354 apud
1464 3286 1735 3358 synodum
1798 3287 1955 3356 petiit,

359 3378 637 3431 canonice
667 3393 780 3429 rem
813 3377 1071 3446 cognosci
1105 3377 1486 3447 vindicarique
1510 3387 1720 3433 tantum
1746 3380 1952 3440 scelus,

362 3475 676 3521 exv'tisante
720 3468 814 3522 illo
866 3478 1134 3537 quantum
1194 3476 1442 3537 p0terat,
1510 3469 1655 3524 haud
1713 3484 1771 3525 se
1811 3471 1956 3525 malo

365 3562 556 3613 animo
587 3559 916 3614 enuntiasse
962 3560 1071 3616 sub
1107 3572 1314 3616 arcano
1346 3560 1490 3630 quod
1518 3576 1583 3617 ex
1621 3562 1729 3616 alio
1761 3563 1957 3616 rescis-

365 3663 473 3708 ΒΜ.

363 3747 459 3802 28,
514 3746 827 3819 Indignatio
864 3747 1202 3817 'patriarcluv
1239 3757 1454 3817 propter
1501 3749 1852 3816 calumniam,
1910 3757 1960 3803 et

905 3834 1136 3873 recessus
1168 3820 1426 3888 ejusdem.

447 3931 576 3986 Haec
641 3931 759 4000 ipsa
823 3931 1195 4002 expostulatio
1248 3934 1579 3999 patriarchae
1629 3935 1963 4003 querelaquc

372 4025 522 4092 apud
556 4024 826 4094 synodum
869 4038 993 4078 cum
1045 4039 1236 4079 curam
1289 4026 1609 4094 imperatori
1649 4024 1962 4095 adjecisset,

375 4136 447 4173 ne
477 4119 721 4185 cuipiam
758 4118 941 4171 minus
984 4118 1143 4187 plene
1175 4119 1243 4172 de
1264 4133 1335 4173 re
1361 4127 1474 4172 tota
1500 4119 1697 4173 edocto
1719 4120 1964 4185 suspicio

376 4212 527 4265 forte
561 4211 613 4264 in
649 4211 828 4279 ipsum
859 4209 1193 4271 oboriretur,
1228 4218 1487 4275 tanquam
1515 4210 1661 4278 quod
1686 4210 1967 4269 audivisse

376 4321 443 4359 ex
482 4303 591 4355 alio
627 4303 805 4355 aiebat
837 4300 1000 4371 340
1023 4316 1118 4370 per
1153 4317 1213 4355 se
1244 4301 1363 4370 ipse
1390 4302 1771 4368 conduxisset,
1800 4320 1966 4358 causa

379 4397 485 4463 fuit
515 4395 836 4463 diligentius
873 4394 1230 4449 asseverandi
1272 4396 1601 4450 delationem
1641 4398 1706 4451 ad
1740 4414 1801 4454 se
1853 4399 1967 4453 fac-

380 4500 515 4549 luti),
554 4504 730 4557 eoque
762 4489 936 4556 magis
987 4502 1050 4541 ac
1082 4488 1258 4555 magis
1287 4488 1604 4555 divulgandi
1638 4491 1779 4558 quod
1812 4492 1969 4546 enixe

2058 3276 2142 3330 sui
2199 3274 2483 3327 veritatem
2539 3268 2737 3322 debere
2772 3265 2989 3320 sancite
3022 3259 3334 3331 puniendo.
3374 3264 3426 3308 ut
3464 3266 3641 3307 mere-

2059 3369 2245 3431 batur,
2273 3364 2367 3419 illo
2389 3363 2481 3432 qui
2507 3371 2715 3414 temere
2741 3372 2951 3428 primus
2975 3353 3260 3410 eﬂ'utiisset
3287 3350 3337 3403 id
3368 3346 3511 3416 quod
3538 3344 3639 3413 ipsi

2059 3455 2196 3510 nihil
2229 3453 2375 3507 aliud
2398 3467 2562 3521 quam
2609 3458 2766 3502 atrox
2799 3446 3264 3512 falsissimumque
3288 3437 3640 3494 maledictum

2059 3564 2181 3605 esse
2234 3547 2563 3617 iudicarent.
2625 3543 2703 3597 Ac
2748 3541 2897 3610 juste
2926 3537 3148 3609 quidem
3185 3529 3518 3589 commoveri
3552 3545 3648 3597 pu-

2062 3642 2363 3696 triarcham
2423 3645 2479 3692 et
2531 3651 2646 3693 sua:
2716 3634 2918 3688 famam
2972 3628 3300 3684 innocentia:
3356 3623 3647 3692 'sutiragiis

2064 3734 2258 3806 synodi
2292 3731 2526 3788 stabiliri
2559 3728 2697 3784 velle
2729 3742 2837 3782 non
2870 3723 3144 3779 im’merito
3181 3720 3491 3775 fatebantur
3520 3731 3646 3786 pas—

2064 3830 2165 3885 sim
2219 3842 2459 3883 omnes:
2493 3821 2788 3886 damnari,
2853 3829 3014 3890 prout
3065 3815 3306 3885 petebat,
3362 3812 3648 3880 pmnisque

2065 3920 2264 3990 subjici
2289 3918 2526 3989 primum
2548 3913 2989 3970 denuntiatorem
3020 3906 3142 3963 falsi
3173 3906 3301 3960 licet
3321 3904 3436 3973 ejus
3467 3900 3653 3956 erimi-

2066 4014 2173 4079 nis,
2206 4009 2629 4079 haudquaquam
2663 4018 2857 4059 omnes
2891 4000 3009 4071 pari
3048 4013 3317 4054 consensu
3355 3993 3653 4048 censebant

2065 4121 2306 4176 aequum.
2334 4103 2507 4159 Erant
2537 4099 2684 4155 enim
2718 4097 2811 4167 qui
2837 4109 2987 4150 reum
3014 4092 3172 4146 Venia
3205 4084 3647 4160 prosequendum

2068 4195 2488 4259 contenderent,
2522 4189 2781 4261 quoniam
2817 4201 2928 4241 non
2971 4184 3089 4253 ipse
3112 4198 3141 4236 a
3168 4198 3230 4237 se
3250 4191 3509 4247 tanquam
3546 4176 3653 4229 sibi

2068 4295 2412 4359 compertum
2476 4281 2803 4355 patriarchae
2867 4276 3129 4333 delictum
3204 4273 3414 4343 primus
3463 4278 3655 4323 auctor

2070 4384 2397 4446 detulisset,
2458 4394 2637 4449 neque
2666 4375 2788 4447 ejus
2840 4371 3249 4429 accusationem
3284 4365 3652 4427 instituisset,

2073 4480 2167 4537 sed
2192 4492 2309 4534 rem
2355 4487 2557 4529 arcano
2584 4471 2690 4528 sibi
2722 4468 2996 4540 cognitam
3030 4461 3347 4534 imperatori
3384 4457 3657 4514 credidis-

382 4584 438 4635 iu
472 4597 678 4635 arcano
715 4597 938 4636 manere
992 4588 1302 4645 studuerat,
1332 4583 1462 4636 dun:
1514 4582 1725 4638 scilicet
1779 4583 1952 4637 multis

2070 4583 2175 4637 set,
2216 4571 2319 4627 sub
2350 4568 2440 4624 fidi
2470 4565 2674 4623 silentii
2712 4561 2961 4619 custodia
2999 4557 3313 4623 tenendam,
3345 4564 3404 4608 ut
3435 4552 3653 4622 quidem

383 4675 622 4729 sollicite
668 4674 930 4737 inculcat,
965 4673 1112 4743 quis,
1149 4674 1394 4741 quando,
1429 4688 1535 4743 qua
1570 4674 1782 4728 ratione
1815 4675 1881 4728 ad
1913 4689 1972 4729 se

384 4766 663 4820 accedens
731 4765 864 4820 illud
926 4766 1258 4835 patriarchae
1310 4768 1519 4821 crimen
1574 4767 1870 4831 detulerit;
1909 4783 1973 4822 ac

384 4858 597 4915 scilicet
632 4858 1035 4931 Selybrienscm
1077 4859 1374 4914 delatorem
1410 4860 1652 4929 graviter
1681 4861 1970 4927 incusans,

383 4955 481 5023 qui
516 4953 760 5007 vicissim
794 4954 925 5007 dum
971 4969 1029 5008 se
1064 4952 1205 5022 apud
1237 4955 1527 5023 plerosque
1559 4961 1795 5024 purgare
1826 4962 1978 5010 sata-

388 5048 492 5116 git,
535 5054 824 5115 postquam
871 5051 992 5099 erat
1044 5053 1390 5100 contestatus
1429 5046 1575 5099 bono
1616 5059 1675 5100 se
1709 5046 1894 5101 animo
1924 5055 1979 5102 et

387 5142 509 5191 sine
558 5138 668 5191 ulla
700 5136 1076 5191 calumniandi
1109 5137 1391 5190 voluntate
1426 5138 1677 5206 Augusto
1725 5138 1827 5191 sub
1875 5136 1979 5193 fide

389 5230 579 5285 arcani
612 5228 921 5283 declarasse
979 5229 1125 5297 quod
1165 5228 1342 5299 ipsmn
1396 5243 1506 5282 non
1552 5228 1723 5283 latere
1766 5230 1982 5297 publice

390 5328 663 5379 interesse
694 5330 1003 5393 potaverat,
1037 5324 1362 5391 erumpebat
1392 5323 1444 5376 iu
1481 5332 1725 5375 mutuam
1769 5322 1981 5393 vitupe-

393 5420 672 5473 rationem
736 5415 932 5487 ipsius,
995 5417 1088 5487 qui
1143 5416 1399 5471 videlicet
1461 5416 1659 5471 secreti
1720 5416 1983 5488 religione

394 5512 600 5566 violata
650 5523 767 5564 rem
802 5509 943 5564 clam
992 5508 1238 5564 auditam
1277 5509 1455 5575 palam
1489 5509 1854 5565 enuntiasset.
1880 5511 1985 5565 Per

396 5606 497 5658 has
525 5603 919 5657 contentiones
952 5601 1119 5657 latius
1151 5616 1405 5671 sparsura
1438 5616 1694 5656 sermone
1737 5602 1987 5655 celebra-

397 5699 562 5754 batur
595 5696 923 5766 patriarcha:
957 5697 1192 5760 crimen,
1231 5708 1339 5749 non
1387 5694 1508 5749 sine
1540 5695 1693 5765 gravi
1743 5694 1865 5762 ejus
1901 5692 1987 5748 in-

398 5789 607 5853 famia;
645 5804 753 5859 qua
786 5788 877 5843 ille
924 5788 1127 5844 acriter
1158 5796 1471 5843 commotus
1510 5799 1612 5840 nec
1641 5784 1988 5854 imperatoris

398 5884 818 5941 excusationem
878 5881 1237 5949 admittebat,
1271 5888 1524 5937 coactum
1573 5894 1630 5936 se
1670 5878 1866 5935 aientis
1912 5878 1977 5932 ad

2073 4663 2450 4722 existimabat.
2500 4658 2634 4715 Cum
2672 4663 2853 4711 autem
2909 4653 3081 4708 nihilo
3132 4651 3314 4706 secius
3347 4644 3657 4717 patriarcha

2077 4760 2421 4817 incumberet
2480 4755 2532 4809 in
2592 4750 2937 4823 propositum
3001 4744 3280 4818 synodalis
3341 4741 3529 4810 iudicii
3564 4737 3660 4792 ad-

2077 4868 2268 4911 versus
2298 4849 2706 4920 Selybriensem
2727 4841 2974 4926 urgendi,
2997 4842 3435 4902 convocaretque
3461 4830 3661 4897 smpius

2076 4962 2139 5003 ea
2162 4946 2229 5002 de
2254 4955 2421 5000 causa
2443 4938 2713 5010 synodum
2736 4941 2792 4989 et
2821 4929 3142 4987 nominatim
3168 4926 3452 4996 episcopos
3475 4936 3663 4977 accer-

2077 5047 2245 5103 seret,
2277 5037 2474 5091 horum
2516 5028 2684 5099 aliqui
2721 5020 3144 5088 conveniebant,
3178 5025 3569 5088 promptosque
3602 5030 3662 5070 se

2082 5128 2394 5203 praebebant
2421 5125 2484 5178 ad
2515 5116 2873 5191 judicandum
2896 5108 3487 5177 condemnandumque
3512 5106 3665 5203 Hila—

2081 5195 2314 5281 rionrm,
2334 5214 2479 5285 quod
2504 5221 2693 5267 contra
2713 5223 2874 5280 quam
2898 5203 3310 5262 convenieusac
3327 5202 3529 5256 decens
3550 5195 3666 5249 fue-

2078 5322 2185 5376 rat,
2244 5310 2402 5381 341
2455 5307 2579 5361 talia
2632 5300 2948 5372 imperatori
3001 5297 3235 5351 dixisset
3292 5311 3306 5348 :
3367 5290 3458 5345 alii
3513 5288 3664 5341 fictis

2082 5404 2442 5480 prastextibus
2476 5412 2759 5453 accessum
2806 5396 2870 5449 ad
2903 5391 3172 5463 synodum
3209 5384 3571 5445 excusabant,
3597 5393 3664 5433 eo

2084 5473 2205 5571 ipso
2246 5491 2586 5567 Selybriensi
2638 5488 2904 5543 addentes
2940 5486 3183 5538 animum
3218 5491 3483 5548 spemque
3515 5473 3667 5542 judi-

2085 5569 2159 5648 cii
2192 5586 2503 5643 declinandi
2538 5583 2820 5637 facientes.
2845 5576 3002 5644 Quod
3034 5575 3124 5629 isti
3153 5586 3275 5626 cum
3304 5569 3506 5637 saepius
3542 5581 3669 5635 age-

2088 5689 2234 5749 rent,
2297 5679 2457 5736 facile
2509 5673 2924 5745 iutelligendum
2971 5684 3078 5723 non
3146 5661 3416 5732 imperitis
3478 5674 3666 5715 rerum

2091 5776 2297 5834 dabant
2346 5770 2532 5827 ulcisci
2584 5782 2680 5822 eos
2743 5766 2798 5818 in
2840 5763 2946 5816 hoc
2981 5755 3260 5829 proprium
3311 5752 3582 5815 dolorem,
3614 5760 3671 5805 et

2091 5871 2431 5932 occasionem
2476 5862 2723 5931 arripere
2789 5853 3031 5911 vicissim
3087 5862 3229 5919 aegre
3271 5845 3511 5903 faciendi
3570 5858 3672 5915 pa-
