4024 6446
391 398 502 458 375

388 603 615 654 ἐκείνων
657 603 982 671 περιέμενεν
1025 602 1229 671 ἄφιξιν,
1269 608 1465 658 αὐτίκα
1507 616 1742 679 συντόνῳ
1792 613 1971 681 ψυχῆς

387 695 771 763 καταστήματι
802 696 894 747 καὶ
942 696 1141 757 ἱκανῶς
1175 697 1421 767 ἐνοέρμῳ
1459 700 1522 751 ὲκ
1558 701 1727 767 λύπης
1761 704 1976 771 ἀποχω-

391 787 496 853 ρεῖ,
527 785 839 839 τελευταῖον
872 787 1045 839 εἰπὼν
1080 791 1158 847 είς
1192 794 1313 849 τοὺς
1342 790 1454 842 τότ’
1486 793 1763 860 ἀρχιερεῖς
1796 789 1830 863 ἦ
1866 796 1972 867 μὴν

387 876 482 929 τοῦ
516 878 704 931 λοιποῦ
757 879 832 948 μὴ
864 877 1003 933 εἶναι
1047 882 1211 949 μέσον
1240 883 1436 945 αὐτῶν,
1481 884 1584 937 κᾶν
1608 887 1635 937 ὃ
1662 903 1713 938 τι
1746 888 1973 951 ποιοῖεν,

390 972 485 1022 καὶ
516 972 679 1040 ὅρκον
712 973 1087 1042 ἐπιπροσῦεὶς,
1114 974 1187 1036 ὥς
1222 990 1365 1037 τινες
1411 978 1670 1046 ἥκουσαν.
1727 981 1786 1032 '0
1812 981 1856 1032 δ’
1886 982 1978 1050 ὄρ-

390 1080 486 1126 κος
516 1062 601 1134 [Ρ.
634 1063 764 1134 9.35]
798 1065 1082 1130 ἰδιωτικῶς
1108 1085 1226 1132 πως
1253 1069 1422 1133 οὕτως
1450 1072 1752 1141 ἐξενεχθείς
1773 1091 1786 1105 ’
1829 1091 1848 1125 ι
1893 1073 1979 1128 Νὰ

389 1150 532 1221 ἧμαι
562 1154 746 1217 δοῦλος
778 1156 872 1210 τοῦ
904 1157 1162 1225 Χριστοῦ.
1190 1162 1252 1214 οὐ
1286 1162 1391 1230 μὴν
1415 1164 1536 1231 είμὶ
1570 1165 1687 1233 μεθ’
1723 1166 1898 1233 ὑμῶν,
1929 1166 1981 1219 εί

396 1245 470 1315 μὴ
498 1246 565 1299 τὰ
594 1247 826 1312 γένοιτο.
869 1265 887 1299 ι
924 1248 997 1301 Τὸ
1022 1250 1066 1300 δ’
1097 1246 1184 1321 ἦν,
1214 1254 1260 1304 εί
1309 1255 1382 1321 μὴ
1423 1256 1450 1306 δ
1485 1257 1787 1326 Ση).υ6ρίας
1820 1259 1983 1312 κολά-

395 1334 559 1397 ζοιτο.
613 1336 879 1408 Πέμπτην
931 1340 1031 1408 μὲν
1060 1338 1153 1393 οὖν
1188 1338 1290 1410 ἦγε
1346 1344 1464 1396 τότε
1516 1346 1620 1415 μὴν
1689 1348 1978 1417 Ἀνθεστη-

1603 407 1933 468 GEORGII
1981 414 2467 478 l‘ACliYhitﬂlirE

391 508 688 570 συνοδικῶς
716 512 1138 583 προκαθήμενος
1168 515 1307 582 μέείρ
1336 534 1359 575 ς
1515 520 1609 581 τῇς
1640 521 1849 587 ἡμέρας
1877 523 1972 588 τὴ)
2006 532 2047 579 Α

3558 419 3670 477 3Τ5

2174 527 2274 581 κο’.
2311 532 2673 597 Παραίτησις
2701 532 2807 586 τοῦ
2846 531 3214 599 πατριάρχου
3255 527 3579 584 Ἰωάννου.

2154 636 2169 664 t
2209 619 2458 671 Δέσποτά
2500 638 2602 688 μου
2632 621 2753 689 ἅγιε
2800 621 3043 692 βασιλεῦ,
3079 622 3172 674 καὶ
3202 621 3368 689 ὑμεῖς
3407 618 3674 670 δεσπόται

2082 724 2182 773 μου
2214 708 2359 774 διγιοι
2396 710 2549 779 άρχιε
2562 713 2695 781 ρείς,
2726 710 2836 778 ἐγὼ
2882 712 2941 763 τὸ
2970 710 3188 779 πρῶτον
3223 707 3567 777 ἁμαρτωλὸν
3590 709 3671 759 εί-

2077 796 2179 857 δὼς
2207 798 2448 864 ἐμαυτὸν
2493 800 2671 853 πάντα
2713 798 2980 868 ἔπραττον
3024 799 3165 869 ὑπὲρ
3199 798 3295 851 τοῦ
3330 797 3438 865 τῆς
3480 797 3670 864 ἀμαρ-

2076 887 2196 947 τίας
2232 890 2494 957 ρυσθῆναι
2549 907 2635 959 με.
2675 892 2891 944 Μᾶλλον
2924 892 2978 944 δὲ
3025 890 3292 959 ἔπραττον
3345 887 3450 957 μὲν
3489 886 3671 952 ὀλίγα,

2078 979 2139 1029 τὸ
2185 978 2346 1032 πλέον
2379 979 2422 1031 δ’
2478 981 2743 1052 ἐθάρρουν
2783 984 2858 1042 είς
2890 985 2949 1033 το
2998 978 3395 1046 ἀνεξάντλητον
3438 975 3675 1041 πέλαγος

2078 1072 2178 1137 τῆς
2206 1070 2299 1122 τοῦ
2333 1071 2468 1125 Θεοῦ
2510 1072 2937 1141 φιλανθρωπίας,
2980 1074 3118 1140 ὅπερ
3151 1071 3436 1131 πλουσίως
3491 1066 3675 1136 ὲξέχεέ

2079 1178 2142 1214 τε
2179 1167 2272 1216 καὶ
2304 1164 2571 1232 διηνεκῶς
2602 1166 2782 1234 ὲκχέει
2817 1166 2952 1233 πρός
2985 1182 3045 1217 τε
3076 1164 3320 1225 δικαίους
3358 1163 3460 1215 καὶ
3490 1163 3678 1230 ἁμαρ-

2079 1253 2288 1315 τωλοὺς
2330 1256 2427 1306 καὶ⁸
2456 1256 2593 1323 πρὸς
2639 1254 2944 1323 πᾶσανίτὴν
2990 1254 3081 1308 ὑπ’
3109 1254 3268 1306 αὑτὸν
3318 1252 3529 1306 κτίσιν.
3566 1250 3679 1303 Καὶ

2082 1346 2260 1413 τούτῳ
2307 1346 2452 1415 μόνῳ
2490 1348 2706 1417 θαρρῶν
2747 1346 2963 1414 διήνυον
3009 1346 3178 1416 ἡδέως
3220 1346 3315 1397 τὸν
3348 1346 3492 1412 ὲμον
3540 1343 3676 1412 βίον.

398 1426 552 1494 ριὼν,
584 1429 765 1497 ἡμέρα
795 1430 839 1483 δ’
866 1426 934 1502 ἦν
969 1434 1001 1501 ἠ
1049 1434 1154 1501 πρὸ
1185 1436 1276 1486 τοῦ
1311 1435 1586 1489 Σαϐὁάτου
1627 1440 1978 1509 Παρασκευὴ,
2030 1486 2059 1497 χ
2088 1433 2170 1505 ΙΡ.
2209 1434 2335 1507 256]
2374 1434 2503 1489 Εἶτα
2537 1435 2906 1504 ἀναγκασθεὶς
2936 1437 3036 1490 ὅσα
3065 1432 3173 1488 οἶδε
3212 1435 3374 1498 Θεὸς,
3405 1434 3677 1501 κρίμασιν

396 1520 492 1572 καὶ
527 1523 724 1590 μικρὸν
761 1526 1114 1594 ὲφησυχὰσας
1145 1529 1209 1594 τῇ
1238 1528 1406 1599 κέλ).ῃ
1447 1529 1583 1597 πρὸς
1613 1531 1852 1601 ἑσπέραν
1886 1534 1983 1587 σὺν

393 1614 509 1674 τοῖς
545 1614 697 1674 ἰδίοις
729 1619 1062 1687 μεταχωρεῖ,
1101 1620 1193 1669 καὶ
1235 1620 1369 1686 πρὶς
1400 1620 1495 1690 τὴν
1526 1621 1626 1689 τῆς
1674 1625 1986 1693 Παμμακαο

399 1706 586 1774 ρίστου
620 1710 807 1778 μονὴν,
844 1711 979 1762 ὅπου
1009 1712 1101 1763 καὶ
1128 1712 1332 1765 εἴθιστο
1360 1715 1716 1783 καταμένειν,
1750 1717 1983 1783 γίνεται,

396 1797 559 1864 ἀφεὶς
609 1799 702 1851 ἕνα
738 1801 847 1854 τῶν
894 1802 1060 1856 αὑτοῦ
1105 1803 1136 1872 ἣ
1182 1806 1274 1856 καὶ
1328 1805 1580 1875 δεύτερον
1626 1807 1693 1860 τὰ
1728 1808 1823 1860 τοῦ
1878 1826 1981 1860 πα-

397 1890 708 1958 τριαρχεὶοιι
762 1894 1017 1961 κατέχειν
1063 1896 1155 1946 καὶ
1212 1897 1452 1948 διοικεῖν.
1512 1897 1619 1948 Καὶ
1657 1897 1829 1950 ταῦτα
1882 1899 1981 1967 μὲν

397 1985 604 2047 ἐκεῖνος
647 1986 934 2055 ἔπραττεν,
975 1990 1036 2040 οὐ
1090 1991 1193 2057 μὴν
1230 1991 1277 2043 δ’
1308 1991 1450 2043 ὥστε
1495 1993 1542 2043 οἱ
1595 1993 1691 2045 καὶ
1731 1994 1985 2058 καθάπαξ

401 2076 764 2130 ἀπαλλάττειν
789 2078 1045 2146 ἔγνωστο,
1072 2081 1187 2132 ἀλλ’
1212 2082 1285 2142 ὡς
1310 2082 1566 2146 πολλάκις
1590 2084 1793 2136 είΟιττο
1815 2085 1985 2155 πράτ-

402 2184 539 2231 τειν,
572 2168 716 2232 οὕτω
743 2171 835 2223 καὶ
879 2171 1040 2225 πάλιν
1079 2172 1514 2241 ὑπελαμϐάνετο.
1560 2175 1729 2237 Αὐτὸς
1769 2176 1825 2228 δὲ
1861 2175 1984 2244 μεῠ⁹

404 2262 616 2330 ἡμέρας
658 2264 753 2315 καὶ
783 2264 1118 2333 παραίτησιν
1152 2265 1437 2331 σχεδιάςας
1480 2267 1687 2336 πέμπει
1723 2268 1857 2333 πρὶς
1891 2268 1984 2337 βα-

410 2354 561 2419 σιλέα
589 2353 761 2417 οὕτως
795 2354 1024 2425 ἔχουσαν
1057 2358 1146 2409 ἐπὶ
1180 2357 1411 2422 λέξεων*
1944 2366 1957 2392 ⁸

410 2532 683 2599 ιγίσιτοιιπι,
711 2537 762 2588 in
791 2536 974 2590 odium
1002 2539 1121 2606 ejus
1155 2542 1372 2596 duritici
1407 2558 1509 2612 qua
1556 2544 1689 2611 ipsis
1725 2542 1985 2597 assentiri

410 2635 691 2681 recusaret
728 2629 784 2683 in
829 2631 1175 2687 restitutione
1204 2631 1433 2689 Joannis
1460 2634 1755 2704 Ephesini;
1788 2650 1892 2704 qua
1929 2649 1985 2689 re

412 2726 625 2773 tantum
658 2717 1100 2787 olft-ndebantur,
1136 2732 1192 2777 ut
1220 2724 1377 2778 facile
1406 2737 1692 2794 appareret
1722 2742 1828 2779 non
1862 2740 1986 2795 pro.

411 2810 500 2861 cui
554 2810 750 2866 abesse
801 2813 924 2869 illos
960 2828 987 2866 a
1036 2816 1265 2870 consilio
1308 2818 1662 2872 abscimlendi
1698 2833 1755 2871 se
1795 2819 1864 2871 ab
1895 2834 1981 2874 eo.

408 2902 551 2957 istas
599 2903 793 2957 horum
852 2907 1331 2973 tergiversationes
1400 2911 1604 2963 fert-bat
1669 2911 1983 2979 patriarcha

409 2993 817 3056 molestissime,
855 2997 1106 3067 adeoque
1145 3002 1233 3054 die
1284 3005 1543 3069 quaiam,
1581 3016 1703 3056 eum
1743 3005 1987 3059 collecta:

409 3087 515 3140 sibi
566 3088 968 3157 morigerorutn
1035 3093 1343 3147 antistitum
1409 3103 1635 3172 synodo
1683 3098 1985 3164 praesidens

2086 1521 2168 1587 οἷς
2194 1523 2336 1579 οἶδεν
2368 1526 2551 1590 αὐτὸς,
2576 1527 2820 1597 ἀνήχθην
2855 1529 2934 1590 εἰς
2979 1526 3070 1579 τὸν
3110 1526 3525 1595 πατριιρχικὸν
3557 1524 3678 1593 Θρό-

2087 1634 2197 1671 νον,
2229 1618 2525 1690 ’Υὸρίσθην
2546 1604 2681 1688 μετὰ
2698 1620 2868 1674 ταῦτα
2886 1622 2983 1673 ὅσα
3005 1615 3113 1672 οἶδε
3136 1620 3238 1680 πᾶς
3258 1620 3286 1668 ὁ
3314 1615 3559 1669 ἐνταῦθα
3588 1617 3680 1669 καὶ

2089 1710 2245 1772 ἐκτὸς
2292 1709 2441 1773 λαός.
2485 1692 2797 1782 Ἐὶζυπήθην
2845 1711 2934 1763 διὰ
2982 1710 3153 1765 ταῦτα
3195 1710 3394 1773 πολλὰ,
3442 1709 3567 1777 οὐχὶ
3596 1707 3681 1759 διὰ

2088 1798 2188 1869 τὴν
2219 1800 2359 1868 ἐμὴν
2390 1802 2708 1865 ὑπόστασιν,
2743 1796 2849 1853 οἵδε
2877 1800 3028 1865 Θεὸς,
3056 1800 3190 1854 ἀλλὰ
3219 1800 3309 1852 διὰ
3334 1799 3396 1851 τὸ
3423 1799 3526 1866 τῆς
3564 1798 3684 1849 Ἐκ-

2087 1892 2317 1957 adquia;
2362 1892 2510 1946 ἅπαν
2572 1893 2869 1962 πλήρωμα,
2919 1888 2986 1961 ἧς
3032 1893 3267 1962 Χριστὸς
3302 1892 3405 1944 καὶ
3454 1892 3545 1943 διὰ
3585 1891 3683 1957 τῆς

2085 1984 2308 2053 χάριτος
2355 1984 2567 2037 ἐκείνου
2615 1982 2725 2051 ἐγὼ
2772 1983 3006 2052 κεφαλή.
3054 1983 3221 2043 Εἰδὼς
3269 1984 3463 2034 τοίνυν
3508 1983 3583 2043 ὼς
3622 1981 3681 2033 οὺ

2085 2076 2193 2127 τῶν
2218 2076 2560 2143 πρεπόντων,
2592 2076 2652 2127 οὐ
2685 2075 2795 2128 τῶν
2830 2074 3053 2127 δικαίων
3081 2074 3159 2131 ὃν.
3197 2075 3379 2135 οὕτως
3417 2072 3684 2143 ὑϐρισμέ-

2086 2185 2176 2220 νον
2205 2167 2577 2237 ἀποφέρεσθαι
2618 2168 2957 2236 πατριάρχου
3011 2166 3252 2234 ἀξίωμα,
3305 2166 3683 2231 ἀναγκασθεὶς

2086 2260 2278 2328 ὤμοσα
2299 2262 2399 2328 τὴν
2431 2261 2596 2339 αὐτοῦ
2622 2260 2919 2330 ἀποϐολήν.
2952 2262 3059 2311 Καὶ
3089 2259 3278 2326 ἴστημι
3311 2256 3410 2311 τοῦ
3444 2255 3680 2323 φυλάξαι

2084 2351 2209 2414 τοὺς
2235 2352 2428 2421 λόγους
2466 2370 2592 2423 μου,
2616 2351 2711 2405 καὶ
2740 2352 3038 2422 ἀποδίδωμι
3074 2352 3186 2409 ἰδοὺ
3218 2353 3320 2416 τὰς
3354 2352 3527 2425 εὐχάς
3557 2368 3680 2418 μου,

2360 2535 2446 2589 99.
2485 2535 2760 2587 Abdicatio
2784 2533 3106 2599 patriarcha:
3139 2531 3404 2586 Joannis.

2164 2650 2181 2679 ‹
2229 2628 2455 2683 Domine
2495 2629 2569 2682 mi
2604 2638 2796 2683 sancte
2843 2628 3160 2697 imperator,
3210 2639 3434 2694 vosque
3466 2623 3673 2679 domin.

2088 2723 2193 2773 mei
2249 2736 2313 2775 ac
2347 2720 2521 2774 sancti
2553 2719 2850 2783 antistites,
2882 2733 2982 2788 ego
3033 2718 3272 2787 primum
3329 2722 3674 2787 peccatorem

2089 2830 2174 2867 tne
2203 2815 2383 2868 sciens
2414 2811 2553 2866 nihil
2587 2827 2697 2867 non
2724 2812 2807 2881 egi
2835 2826 2944 2880 quo
2969 2809 3256 2865 liberarem
3294 2824 3387 2863 me
3422 2812 3673 2879 peccato,

2088 2916 2181 2960 aut
2225 2906 2432 2976 potius,
2461 2919 2583 2960 cum
2633 2904 2703 2959 ad
2737 2906 2838 2959 hoc
2888 2903 3057 2957 multa
3093 2917 3190 2973 pro
3226 2917 3350 2956 mea
3385 2899 3675 2956 imbecilli-

2089 3011 2198 3053 tate
2231 2999 2460 3069 egerim,
2494 3014 2592 3069 pro
2631 2997 2712 3053 rei
2772 2997 2969 3051 merito
3023 3010 3086 3050 ac
3120 2994 3453 3063 ditiicultate
3502 3005 3672 3061 pauca

2088 3093 2195 3160 egi.
2230 3090 2567 3161 Praecipuam
2603 3105 2734 3145 vero
2784 3089 3041 3144 ﬁduciam
3085 3087 3444 3142 constituens
3495 3085 3551 3138 in
3583 3098 3674 3152 pe-

408 3181 639 3233 aliorum
667 3182 960 3236 adventum
999 3199 1174 3254 usque
1207 3184 1274 3240 ad
1312 3201 1589 3255 vesperam
1636 3187 1845 3243 frustra
1890 3206 1984 3243 εχ·
2012 3186 2057 3251 C
2093 3187 2213 3254 iugo
2242 3183 2575 3237 iuexhausto
2603 3182 2802 3236 divina:
2834 3180 3215 3249 benignitatis.
3252 3181 3407 3249 quod
3437 3175 3675 3232 liberali-

412 3282 741 3340 Spectasset,
800 3286 1024 3342 repente
1052 3278 1328 3332 eunt-italo
1352 3275 1357 3279 ’
1382 3280 1587 3348 impetu
1628 3281 1756 3349 aegri
1791 3282 1983 3347 animi,

413 3380 606 3434 magna
669 3367 766 3421 ira:
818 3367 1135 3438 dolorisque
1205 3372 1612 3441 significatione
1678 3388 1984 3442 exsurgens

409 3456 566 3520 abiit,
599 3467 904 3517 extremum
939 3461 1004 3515 ad
1042 3472 1337 3531 praesentes
1368 3466 1680 3533 iepisc0pos
1733 3467 1987 3535 prolocu-

411 3558 501 3602 tus
531 3549 596 3602 de
637 3558 834 3605 certet-0
874 3567 934 3607 se
975 3568 1256 3621 nunquam
1290 3558 1525 3623 amplius
1570 3559 1808 3612 medium
1845 3560 1987 3613 inter

408 3635 559 3699 iustis
618 3651 1028 3704 consessurunt,
1083 3642 1348 3711 quidquid
1392 3646 1458 3697 ad
1503 3661 1563 3701 se
1612 3648 1984 3702 revocandum

413 3726 774 3793 intulit-eatur;
813 3730 1142 3801 adiecitque,
1170 3746 1229 3788 ttt
1267 3734 1487 3804 quidam
1527 3738 1805 3803 audivere,
1836 3741 1989 3811 jura-

413 3834 481 3868 nu
502 3828 656 3872 ntum
688 3820 1003 3887 vulgaribus
1033 3825 1184 3879 hisce
1215 3836 1540 3896 conceptum
1571 3831 1755 3886 verbis
1784 3849 1799 3885 :
1829 3850 1848 3883 ι
1885 3831 1988 3887 Per

407 3924 672 3979 quantum
725 3928 919 3969 servus
967 3916 1172 3972 ChriSti
1230 3933 1375 3983 sum,
1410 3935 1515 3974 non
1572 3924 1669 3975 ero
1723 3923 1986 3995 deinceps

409 4002 716 4065 Vobiscum,
752 4006 805 4059 ui
832 4005 946 4061 haec
978 4008 1131 4072 flant,
1173 4028 1192 4060 ι
1231 4011 1334 4065 hoc
1367 4020 1449 4065 cst
1476 4012 1582 4067 nisi
1617 4012 1986 4083 Selybriensis

411 4096 694 4163 puniatur.
731 4095 852 4151 Dies
878 4107 994 4152 erat
1035 4101 1221 4170 quinta
1251 4099 1377 4155 Julii
1422 4104 1649 4170 mensis,
1686 4106 1986 4176 eademque

349 4188 357 4195 '
412 4185 549 4241 feria
598 4200 749 4243 sexta
806 4190 1168 4247 hebdomadis
1218 4196 1332 4249 sive
1381 4193 1684 4254 Parasceve
1735 4199 1982 4270 Sabbati,

310 4340 317 4346 _
413 4283 636 4346 quando
662 4281 741 4335 sic
766 4297 823 4341 se
858 4270 1166 4353 proripiens
1198 4300 1227 4338 e
1255 4290 1463 4356 synodo
1487 4288 1727 4348 Joannes
1758 4296 1991 4362 patriar-

414 4372 543 4434 cha,
582 4370 710 4429 inde
739 4375 1019 4442 paululum
1059 4378 1112 4430 in
1160 4378 1295 4431 cella
1330 4393 1726 4448 commoratus,
1758 4387 1864 4441 sub
1895 4404 1992 4443 ηοω

413 4475 560 4516 ctem
592 4479 716 4527 cum
768 4464 1134 4524 familiaribus
1172 4467 1337 4529 domo
1388 4474 1703 4530 cxcessitet
1742 4475 1795 4529 in
1829 4475 1989 4532 Pant-

414 4557 697 4615 macaristi
736 4560 1151 4626 monasterium,
1190 4561 1283 4616 ubi
1325 4562 1521 4621 solitus
1567 4573 1685 4619 erat
1716 4568 1983 4626 diversari

417 4647 759 4717 patriarchio
789 4649 1122 4719 digrediens,
1157 4655 1431 4721 migravit,
1472 4672 1580 4715 uno
1610 4656 1872 4721 duntaxat
1908 4662 1989 4715 al-

422 4751 609 4805 terove
657 4756 885 4803 suorum
933 4744 985 4797 in
1024 4746 1487 4813 patriarcbalihus
1534 4752 1728 4808 relicto
1760 4755 1992 4819 aedibus,

417 4834 512 4904 qui
547 4849 641 4890 eas
663 4843 951 4891 servarent
979 4848 1033 4897 et
1059 4854 1146 4894 res
1167 4843 1570 4908 patriarchatus
1608 4859 1991 4914 procurarent.

416 4928 599 4995 Atque
629 4926 745 4980 haec
782 4927 1003 4998 quidem
1035 4928 1124 4982 ille
1158 4929 1306 4993 fecit,
1330 4930 1475 4991 haud
1509 4947 1575 4987 eo
1608 4934 1791 4990 animo
1818 4945 1875 4989 ut
1901 4953 1995 5006 pe-

416 5019 568 5077 nitus
600 5026 654 5075 et
687 5019 1122 5077 irrevocabiliter
1155 5022 1529 5091 patriarchatu
1566 5024 1784 5081 cederet
1817 5044 1830 5079 :
1870 5029 1991 5097 sed,

417 5122 584 5183 prout
628 5113 738 5183 jam
788 5115 990 5183 saepius
1041 5131 1141 5172 usu
1188 5125 1435 5182 venerat,
1481 5131 1708 5187 sperans
1744 5128 1991 5189 rogatum

419 5219 480 5259 se
498 5203 588 5269 iri,
617 5213 672 5258 et
693 5220 723 5257 a
748 5204 984 5264 sollicite
1006 5208 1326 5277 urgentibus
1350 5215 1409 5263 ut
1432 5208 1612 5265 redire
1637 5209 1811 5272 vellet,
1830 5209 1992 5280 342

417 5297 512 5350 ubi
547 5311 655 5357 non
685 5296 789 5349 alia
822 5298 1137 5354 conditione
1183 5314 1536 5355 assensurum
1567 5314 1627 5363 se
1659 5309 1993 5360 monstraret

416 5406 582 5460 quam
614 5392 659 5446 si
702 5407 825 5461 quae
866 5394 1092 5461 optabat
1130 5394 1346 5458 ﬁerent,
1378 5392 1493 5448 fore
1521 5400 1583 5447 ut
1626 5394 1736 5447 voti
1767 5408 1991 5463 compos

416 5493 721 5537 resumeret
770 5499 925 5536 usum
965 5486 1268 5552 potestatis.
1308 5484 1364 5539 ln
1395 5485 1497 5539 hac
1538 5493 1718 5539 tamen
1766 5484 1993 5539 simula-

417 5576 570 5627 tione
620 5575 942 5633 recusandae
993 5576 1139 5631 sedis
1193 5591 1304 5641 uno
1353 5577 1525 5645 gradu
1580 5592 1726 5630 nunc
1774 5576 1991 5645 longius

419 5682 582 5733 quam
614 5674 771 5721 antea
799 5681 1149 5736 progressus.
1201 5679 1326 5735 post
1368 5668 1485 5722 dies
1529 5670 1737 5737 aliquot
1770 5668 1990 5724 abdica-

423 5759 587 5825 t'ouis
621 5757 908 5813 formulam
955 5757 1325 5825 conscriptam
1357 5760 1420 5811 ad
1457 5761 1839 5833 imperatorem
1888 5759 1989 5814 mi-

422 5858 510 5919 με,
549 5849 630 5902 his
665 5849 824 5921 plane
853 5857 1173 5919 conceptam
1208 5853 1405 5911 verbis.

2090 3287 2171 3332 ter
2196 3285 2250 3331 et
2278 3274 2474 3331 ell‘udit
2501 3275 2765 3332 hactenus
2795 3283 2849 3328 et
2873 3272 3103 3328 effundit
3127 3271 3515 3327 indesinenter
3537 3269 3675 3322 Deus

2088 3367 2144 3424 in
2196 3374 2518 3436 peccatores
2554 3366 2765 3435 pariter
2816 3379 2881 3419 ac
2925 3364 3129 3433 justos,
3166 3363 3425 3433 adeoque
3460 3361 3517 3415 in
3559 3356 3676 3413 uni-

2088 3473 2280 3514 versas
2315 3456 2798 3515 indiscriminatim
2841 3465 3126 3510 creaturas
3158 3469 3313 3521 suas,
3371 3455 3476 3509 hac
3507 3452 3673 3507 fretus

2090 3554 2205 3605 Sola
2238 3550 2410 3605 vitam
2462 3547 2708 3604 suaviter
2740 3561 2913 3602 meam
2949 3545 3134 3617 exegi.
3180 3545 3397 3602 Deinde
3427 3552 3668 3606 coactus,

2092 3654 2251 3709 prout
2288 3642 2430 3699 Deus
2477 3643 2650 3704 novit,
2688 3641 2912 3711 judiciis
2943 3656 3062 3710 quae
3114 3640 3230 3709 ipse
3264 3642 3397 3708 scit,
3450 3648 3672 3694 evectus

2090 3754 2209 3792 sum
2231 3737 2284 3791 in
2306 3734 2726 3805 patriarchalem
2765 3734 3042 3788 thronum.
3078 3733 3305 3803 lnjuriis
3338 3733 3584 3804 posthaec
3610 3744 3672 3784 ac

2090 3816 2443 3883 contumeliis
2477 3843 2597 3881 sum
2637 3824 2865 3881 alTectus
2902 3826 3048 3880 notis
3081 3826 3367 3891 universo,
3398 3825 3491 3894 qui
3535 3823 3672 3875 intra

2091 3921 2295 3990 quique
2323 3928 2475 3974 extra
2503 3919 2693 3973 urbem
2728 3924 2835 3980 est,
2863 3917 3087 3985 populo.
3120 3915 3198 3969 Ex
3231 3916 3442 3984 quibus
3476 3922 3669 3982 magno

2091 4013 2281 4069 dolore
2314 4027 2434 4067 sum
2469 4009 2731 4068 amictus.
2765 4022 2872 4062 non
2902 4009 3125 4078 privata:
3159 4023 3291 4062 meae
3319 4008 3555 4077 jactura
3580 4009 3670 4055 aut

2094 4107 2409 4178 ignominiae
2444 4120 2611 4162 causa
2654 4106 2823 4177 (Deus
2863 4103 3058 4176 novit),
3093 4104 3185 4159 sed
3218 4114 3447 4172 propter
3476 4102 3669 4155 damna

2093 4198 2219 4252 inde
2272 4196 2636 4253 redundantia
2697 4197 2748 4249 in
2787 4195 3104 4249 universum
3139 4192 3402 4248 Ecclesiae
3452 4203 3666 4257 corpus}.

2092 4291 2252 4361 cujus
2301 4290 2536 4360 primum
2586 4288 2874 4353 Christus,
2904 4287 3099 4341 deinde
3132 4301 3230 4355 per
3267 4288 3394 4354 ejus
3446 4286 3666 4354 gratiam

2093 4400 2193 4453 ego
2240 4392 2405 4452 caput
2450 4396 2593 4437 sum.
2629 4379 2822 4436 Sciens
2873 4380 3040 4449 igitur
3084 4393 3183 4434 nec
3210 4379 3415 4432 decens
3456 4373 3668 4442 necju-

2095 4485 2239 4529 stum
2277 4489 2401 4528 esse
2431 4474 2513 4527 sic
2542 4471 2901 4531 deformatam
2930 4470 3280 4526 contumeliis
3311 4465 3668 4523 circumferre

2099 4567 2422 4638 patriarcha:
2445 4566 2790 4634 dignitatem,
2816 4574 3040 4619 coactus
3062 4562 3245 4633 juravi
3281 4577 3367 4616 me
3397 4561 3543 4615 illam
3572 4554 3666 4607 ab-

2098 4656 2433 4710 dicaturum.
2480 4654 2546 4707 Et
2597 4663 2797 4725 praesto
2842 4669 2962 4708 sum
2994 4661 3220 4722 paratus
3262 4649 3488 4720 exsequi
3525 4640 3666 4715 quod

2094 4748 2248 4813 dixi;
2285 4747 2566 4817 reddoque
2593 4763 2659 4800 en
2687 4754 2811 4802 vota
2845 4761 2987 4811 mea,
3017 4761 3136 4814 qua:
3175 4746 3547 4801 distinxerunt
3575 4738 3663 4790 la-

2097 4841 2184 4895 bia
2228 4856 2347 4894 mea
2377 4840 2429 4893 in
2456 4839 2812 4895 tribulatione
2852 4853 2995 4893 mea.
3021 4837 3231 4893 Abdico
3259 4836 3406 4892 enim
3434 4829 3665 4901 patriar-

2095 4932 2306 4993 cltalem
2345 4930 2647 4995 thronum;
2697 4940 2751 4986 et
2798 4947 2866 4985 ne
2911 4938 3231 4998 praetextum
3286 4929 3341 4982 in
3386 4930 3661 4996 posterum

2096 5025 2265 5079 ulltttn
2300 5023 2462 5094 343
2507 5025 2750 5092 praebere
2790 5022 2978 5076 videar
3006 5020 3280 5084 scandali,
3320 5030 3498 5072 meum
3535 5022 3665 5080 quo-

2095 5131 2201 5186 que
2245 5115 2440 5171 abdico
2490 5114 2881 5178 sacerdotium,
2923 5128 3178 5184 maguum
3214 5112 3346 5166 mihi
3394 5118 3577 5163 revera
3609 5106 3660 5153 et

2093 5209 2373 5280 quantivis
2416 5209 2585 5264 decus
2637 5210 2820 5280 pretii.
2863 5206 2988 5263 llaec
3039 5216 3164 5261 nota
3221 5205 3364 5261 facio
3404 5194 3659 5257 divinitus

2094 5304 2282 5358 electae
2332 5301 2609 5373 majestati
2675 5312 2782 5357 tua:
2824 5309 2879 5357 et
2925 5299 3166 5356 dominis
3208 5299 3347 5354 meis
3396 5284 3657 5385 episeopf'

2093 5395 2296 5459 Christi
2347 5409 2445 5464 per
2500 5394 2640 5448 banc
2698 5393 2803 5448 rite
2872 5392 3249 5461 consignatam
3299 5381 3657 5442 abdicationis

2094 5486 2425 5551 formulam;
2455 5499 2551 5554 per
2595 5498 2762 5553 quam
2798 5493 2853 5539 et
2875 5483 3089 5552 plenam
3130 5479 3415 5551 impertior
3447 5468 3652 5569 veniat"

2094 5585 2204 5643 tam
2261 5576 2329 5630 iis
2369 5576 2458 5646 qui
2496 5591 2584 5631 me
2615 5576 2898 5638 laeserunt,
2929 5590 3092 5645 quam
3142 5574 3234 5642 qui
3269 5562 3534 5639 c00perati
3576 5562 3654 5611 eis

2094 5669 2148 5721 in
2178 5683 2265 5722 me
2300 5667 2546 5722 laedendo
2598 5676 2726 5723 sunt
2772 5668 2979 5739 quique
3021 5667 3222 5721 abduci
3255 5681 3313 5721 se
3346 5658 3490 5733 passi
3532 5656 3652 5709 sunt

2094 5760 2161 5819 ad
2212 5760 2300 5814 his
2337 5760 2493 5814 ﬁdem
2531 5761 2919 5817 adhibendam.
2973 5760 3186 5828 Quibus
3226 5753 3459 5814 cunctis,
3509 5751 3649 5837 οριος

2092 5851 2359 5939 prepitius
2409 5852 2679 5911 condonet
2733 5853 2872 5923 hanc
2909 5853 3129 5925 culpam
3190 5852 3353 5921 Deus.
3403 5837 3551 5902 Unde
3601 5842 3643 5891 si
