4024 6398
223 415 347 474 377

221 612 492 679 αιτοῦμαι
537 614 647 682 γὰρ
694 615 784 666 τὸν
836 616 1233 684 πατριαρχικδν
1268 617 1494 686 θρόνον⁸
1532 618 1607 679 ὡς
1657 617 1722 670 ἂν
1761 618 1818 671 δὲ

220 706 323 755 καὶ
356 704 431 772 μὴ
460 706 738 774 πρόφασις
783 708 863 768 εἰς
909 708 968 759 τὸ
1010 707 1133 775 ἑξῆς
1169 708 1306 773 δόξω
1359 708 1683 768 σκανδάλου,
1717 711 1815 761 σὺν

219 795 381 864 αὐτῷ
415 800 510 848 καὶ
539 796 640 865 τὴν
669 798 810 867 ὲμὴν
836 798 1208 868 παραιτοῦμαι
1239 799 1559 869 ἱερωσύνην,
1589 802 1649 852 τὸ
1673 801 1816 867 μέγα

215 884 400 948 ὅντως
430 886 554 954 ἐμοὶ
586 886 776 955 χρῆμα
824 887 1040 942 καὶτοῦ
1079 887 1281 950 παντὸς
1315 889 1591 955 ἀντάξιον.
1630 889 1818 943 Ταῦτα

210 976 422 1044 τίθημι
467 974 728 1043 γνώριμα
775 979 839 1046 τῇ
883 978 948 1029 ἐκ
978 978 1111 1031 Θεοῦ
1164 978 1415 1049 βασιλείᾳ
1460 996 1552 1032 σου
1582 979 1815 1041 καὶτοῖς

213 1067 522 1129 δεσπόταις
552 1084 657 1135 μου
686 1070 796 1129 τοῖς
825 1069 1141 1138 ἀρχιερεῦσι
1172 1069 1410 1139 Χριστοῦ
1433 1070 1520 1122 διὰ
1547 1072 1641 1141 τῆς
1670 1087 1815 1138 παρ-

212 1157 502 1224 αιτήσεως
546 1157 750 1226 ταύτης
774 1198 786 1217 ,
812 1155 878 1210 δι’
905 1153 973 1230 ἧς
1011 1163 1103 1211 καὶ
1134 1160 1343 1215 τελείαν
1400 1160 1549 1229 νέμω
1601 1159 1816 1230 συγχώ-

214 1264 392 1317 ρησιν
422 1252 535 1310 τοῖς
563 1265 624 1301 τε
648 1248 904 1317 ὑϐρίσασι
926 1254 1036 1311 τοῖς
1065 1268 1123 1303 τε
1148 1253 1227 1313 είς
1253 1249 1409 1303 τοῦτο
1445 1251 1815 1320 συνεργήσασι

212 1340 314 1390 καὶ
338 1341 461 1401 τοῖς
483 1341 805 1410 προαχθείσι
825 1341 1035 1409 τούτοις
1065 1342 1376 1408 πιστεῦσαι,
1407 1342 1502 1395 καὶ
1527 1342 1682 1403 ἵλεως
1714 1345 1816 1393 αὑ-

211 1432 336 1490 τοῖς
361 1430 454 1497 εἴη
477 1431 564 1484 διὰ
587 1431 743 1484 τοῦτο
770 1431 921 1493 Θεός.
938 1433 1039 1484 ’Ἂν
1057 1432 1111 1486 δέ
1134 1449 1184 1485 τι
1216 1433 1393 1502 συμϐῇ
1414 1434 1493 1494 εἰς
1517 1433 1586 1485 τὰ
1609 1433 1815 1503 ψυχικὰ

214 1525 315 1573 καὶ
336 1523 425 1585 είς
448 1524 514 1575 τὰ
532 1524 815 1590 ςιυματικὰ
834 1526 912 1585 εἰς
931 1525 1028 1593 τὴν
1048 1526 1210 1591 ἁγίαν
1229 1524 1320 1577 τοῦ
1340 1524 1472 1577 Θεοῦ
1493 1524 1815 1590 Ἐκκλησίαν

213 1614 249 1681 ἢ
270 1615 357 1673 εἰς
374 1615 469 1665 τὸν
492 1614 618 1669 λαὸν
642 1613 735 1667 τοῦ
758 1614 913 1677 Θεοῦ,
936 1615 1114 1673 ἁθώός
1133 1598 1247 1684 εἰμι
1263 1619 1329 1685 τῇ
1353 1615 1542 1685 χάριτι
1570 1614 1661 1668 τοῦ
1684 1615 1816 1683 Χρ-

215 1703 357 1757 στοῦ
380 1722 512 1772 μου.
540 1726 556 1757 ι
580 1703 703 1775 Εἶχε
723 1706 818 1760 καὶ
841 1707 1163 1778 ὑπογραφὴν
1181 1709 1357 1777 τήνδε’
1385 1727 1403 1760 ι
1443 1708 1694 1775 Ἰωάννης
1720 1723 1816 1774 μο-

217 1798 394 1864 ναλὸς
443 1798 471 1848 δ
518 1799 867 1867 χρηματίσας
917 1800 1261 1870 πατριάρχης
1295 1799 1813 1870 Κωνςταντινουλτό-

1086 417 1184 474 DE
1225 416 1680 477 ANDllONlCO
1716 419 2179 481 PALASOLOGO
2222 425 2373 487 LIB.
2422 427 2521 485 IV.

218 527 291 589 ἃς
328 523 625 576 διέστειλαν
657 525 723 577 τὰ
776 525 926 596 χείλη
980 545 1079 595 μου
1110 530 1166 580 ἐν
1212 530 1278 597 τῇ
1315 526 1490 596 θλίψει
1518 546 1640 596 μου.
1676 531 1826 596 Παρ-
1850 532 1901 588 Α
1927 532 1986 583 οὐ
2020 537 2297 602 παρεῖχεν.
2332 532 2581 603 Ἡμέρας
2628 535 2737 607 γὰρ
2770 539 3004 609 ἑκάστης
3053 539 3377 610 ἠγγέλλοντο
3429 541 3498 596 τὰ
3597 548 3605 555 ”

3378 429 3483 490 373

1884 654 1901 673 κ
1925 625 2096 687 δεινὰ,
2126 628 2218 678 καὶ
2248 628 2306 678 οὐ
2348 629 2470 680 καθ’
2497 628 2557 681 ’ἐν
2582 646 2634 681 τι
2665 630 2849 698 μέρος,
2879 631 3013 684 ἀλλὰ
3042 632 3377 699 πανταχόθεν
3400 633 3498 684 καὶ

1927 720 2175 786 πανταχῆ
2228 721 2549 790 συρρέοντα,
2597 721 2658 772 οὑ
2704 721 2847 774 κατὰ
2892 722 2993 790 γῆν
3032 723 3215 789 μόνον,
3248 722 3362 774 ἀλλ’
3395 724 3495 791 ’ήδη

1926 809 2184 861 καὶκατὰ
2215 810 2514 866 θάλασσαν.
2542 814 2816 882 Πρότερον
2844 814 2943 882 μὲν
2975 815 3085 882 γὰρ
3115 816 3369 884 πειραταὶ
3402 832 3500 867 κα-

1923 901 2245 964 ταλαϐόντες
2277 903 2500 956 Τένεδον
2521 906 2684 973 νῆσον
2718 906 2793 965 ὡς
2829 906 2967 959 ἰδίαν
2998 903 3166 974 εἶχον,
3203 907 3296 958 καὶ
3317 907 3501 975 ὁρμη-

1922 994 2098 1061 τηρίῳ
2136 993 2413 1062 ἐχρῶντο,
2465 997 2720 1062 κάκεῖθεν
2771 998 3136 1061 ἀναπλέοντες
3194 999 3286 1051 καὶ
3347 997 3495 1050 πόλλ’

1922 1085 2055 1137 ἄττα
2102 1084 2212 1135 τῶν
2262 1085 2451 1137 δεινῶν
2496 1088 2828 1158 πράττοντες
2875 1092 2932 1143 ἐν
2979 1088 3152 1159 ταύτῃ
3205 1090 3299 1141 καὶ
3338 1086 3497 1150 αὖθις

1923 1177 2301 1245 προσώκελλοι
2346 1179 2800 1248 ὑποστρέφοντες.
2840 1181 2973 1232 Τότε
3026 1181 3071 1233 δ’
3112 1181 3225 1233 ἀλλ’
3274 1181 3497 1232 ἐκείνων

1923 1272 2017 1323 καὶ
2049 1272 2283 1324 ἑκόντων
2314 1274 2450 1325 κατὰ
2476 1274 2640 1342 φόϐον
2672 1273 3116 1339 ἀπαλλαξάντων,
3142 1274 3201 1326 τὸ
3231 1272 3498 1343 Περσικὸν

1922 1361 2047 1411 ὅσον
2099 1360 2184 1431 [Ρ.
2217 1361 2343 1432 257]
2385 1358 2452 1430 ἦν
2498 1362 2759 1429 ἐνδοτέρω
2819 1364 3318 1430 ναυπηγησάμενον
3376 1362 3497 1421 ταῖς

1924 1451 2202 1504 Κυκλάσιν
2251 1453 2521 1522 ἐπέχραον
2565 1452 2661 1503 καὶ
2714 1451 2897 1514 κακῶς
2937 1453 3174 1514 ἐποίουν,
3206 1451 3299 1502 καὶ
3341 1449 3500 1501 τοῦτο

1926 1539 2027 1607 μὲν
2074 1542 2208 1609 Χίῳ,
2260 1542 2419 1592 τοῦτο
2446 1542 2501 1593 δὲ
2543 1542 2708 1608 Σάμῳ
2738 1541 2834 1592 καὶ
2888 1541 3172 1611 Καρπάθῳ
3203 1539 3295 1592 καὶ
3358 1539 3496 1607 αὐτῇ

1937 1629 2104 1698 Ῥόδῳ
2153 1633 2248 1684 καὶ
2292 1631 2514 1705 πολλοῖς
2541 1632 2636 1682 σὺν
2667 1631 2857 1692 αὑταῖς
2893 1633 3108 1699 ἑτέραις
3141 1632 3241 1682 οὐκ
3287 1630 3497 1694 ὀλίγαις

1924 1720 2353 1787 προσϐάλλοντες
2375 1724 2492 1783 ταῖς
2520 1721 2677 1772 ναυσὶ
2697 1721 2794 1781 τὰς
2818 1722 2950 1781 τέως
2983 1719 3351 1789 ἐνῳκισμένας
3379 1734 3500 1786 σχει-

1923 1812 2011 1864 δὸν
2042 1814 2332 1880 ἀοικήτους
2364 1812 2705 1882 εἰργάζοντο.
2739 1813 2852 1865 Οὐκ
2882 1808 2949 1882 ἧν
2985 1812 3028 1864 δ’
3059 1813 3194 1872 ὅλως
3238 1811 3359 1862 οὐδὲ
3389 1812 3498 1871 τοῖς

213 1886 386 1948 λεωςο
404 1888 616 1945 »Ταῦτα
632 1889 847 1958 γράψας
867 1908 926 1942 τε
945 1894 1037 1943 καὶ
1056 1892 1380 1960 ὑπογράψας
1395 1892 1488 1945 καὶ
1511 1892 1585 1960 τῷ
1608 1861 1817 1959 βαστλεῖ
1845 1875 1891 1934 Β
1921 1901 1978 1951 ὲν
2015 1904 2078 1970 τῇ
2109 1861 2268 1971 γῇιτε
2313 1861 2777 1970 καὶδίίπέιρώταις
2812 1861 3098 1955 ἀνοίπνέειν
3143 1861 3248 1954 τίῦν
3281 1902 3498 1970 μόχθων

214 1982 584 2042 ἀποστείλας,
608 1982 701 2033 καὶ
720 1983 858 2034 αὐτὰ
877 1982 946 2034 τὰ
961 1984 1058 2051 τῆς
1080 1982 1494 2053 ἀρχιερωσύνης
1515 1985 1806 2049 ἀπαμφία-

217 2072 489 2138 σάμενος,
506 2073 617 2140 ἁφη
627 2071 797 2141 σύχαζ
801 2088 825 2123 ε
842 2075 951 2134 τοῖς
971 2074 1330 2142 ἐγνωσμένοις
1358 2074 1631 2142 ἐμμένων.
1649 2075 1809 2125 Βασι-

217 2163 355 2225 λεὺς
400 2165 457 2214 δὲ
493 2164 787 2237 δεξάμενος
820 2163 917 2233 τὴν
948 2167 1280 2234 παραίτησιν
1314 2166 1422 2218 οὐδ’
1458 2165 1650 2234 ἤθελεν
1676 2166 1808 2216 ἀνα-

220 2256 496 2308 πτύσσειν
528 2256 587 2320 ἐξ
617 2256 924 2321 εὐλαϐείας,
958 2256 1093 2311 ἀλλὰ
1137 2261 1270 2326 πυρὶ
1300 2258 1519 2321 διδόναι,
1554 2258 1676 2308 ἐπεὶ
1708 2257 1807 2309 καὶ

222 2348 417 2402 ἄλλοτε
454 2348 608 2402 ταῦτ’
636 2349 923 2419 ἔπραττεν.
967 2350 1121 2422 Ἐπεὶ
1167 2348 1210 2401 δ’
1243 2347 1677 2419 ἀναγνωτοέντος
1716 2348 1808 2400 τὸν

222 2442 582 2511 πατριάρχην
627 2442 792 2509 ἤκουε
839 2440 1068 2509 λέγοντα
1100 2440 1175 2503 ὡς
1218 2441 1428 2511 ὀμᾶσοι,
1461 2442 1518 2493 ὲν
1566 2440 1809 2508 φροντίδι

224 2531 470 2603 μεγίστῃ
501 2526 591 2601 ἦν,
623 2535 715 2585 κσι·ι
744 2534 772 2585 ὅ
799 2549 852 2584 τι
881 2535 1009 2603 περὶ⁹
1058 2533 1265 2587 τούτων
1294 2518 1570 2603 ἀρχιερεῖς
1601 2533 1813 2601 ἀποφή-

224 2639 414 2680 ναιντο
463 2622 764 2681 διεσκόπει.
815 2623 889 2674 Τὸ
932 2624 1030 2693 μὲν
1076 2623 1170 2676 οὖν
1222 2624 1341 2693 ἅμα
1388 2622 1662 2675 δεικνύναι
1716 2624 1811 2675 καὶ

226 2715 511 2779 ἐξετάζειν
557 2716 771 2786 ἐφιέναι
800 2717 869 2768 τὰ
914 2716 1197 2785 ἐφεστῶτα
1230 2719 1297 2787 τῇ
1361 2717 1625 2786 Ῥωμαῖδι
1665 2716 1809 2769 κακὰ

232 2893 355 2959 quid
394 2909 465 2947 ex
493 2907 559 2947 ea
607 2893 904 2962 perniciem
936 2892 1181 2949 inferens
1213 2894 1504 2949 animabus
1544 2902 1638 2947 aut
1687 2908 1814 2947 cor-

242 2985 461 3054 poribus
521 2984 578 3039 in
648 2983 947 3040 Ecclesiam
1013 2984 1102 3040 Dei
1153 2994 1399 3039 sanctam
1452 2994 1549 3038 aut
1601 2985 1652 3039 in
1715 2985 1809 3039 Dei

241 3078 494 3147 populum
549 3077 773 3133 evenire
820 3078 1123 3147 contingat,
1178 3077 1447 3135 innocens
1501 3078 1659 3148 hujus
1713 3093 1814 3148 ego

233 3164 327 3238 per
359 3169 571 3225 Christi
603 3171 711 3225 mei
740 3171 968 3241 gratiam
1023 3187 1169 3225 sum.
1215 3191 1234 3224 ι
1269 3170 1548 3227 Hactenus
1595 3171 1815 3226 abdica-

230 3265 343 3329 tio;
380 3279 507 3334 quae
543 3272 599 3318 et
630 3264 825 3319 habuit
852 3264 1313 3334 subscriptionem
1350 3265 1511 3319 talem
1540 3281 1553 3317 :
1597 3282 1616 3316 ι
1648 3264 1815 3319 Joan-

229 3370 327 3410 nes
358 3355 694 3420 monachus,
750 3356 845 3426 qui
877 3371 1026 3411 eram
1072 3356 1383 3424 patriarcha
1422 3355 1813 3411 Constantino-

225 3446 393 3517 polis.
435 3466 455 3498 ι
490 3445 592 3501 His
623 3444 843 3515 scriptis
868 3454 923 3500 et
953 3445 1285 3515 subscriptis
1317 3455 1483 3516 atque
1517 3445 1582 3503 ad
1640 3446 1810 3515 impe-

228 3546 476 3592 ratorem
519 3535 731 3601 missis,
764 3535 900 3604 ipsis
930 3520 1196 3605 prteterca
1228 3547 1423 3605 sponte
1470 3544 1672 3591 exutus
1713 3550 1812 3605 pa-

230 3628 576 3683 triarehatus
600 3625 926 3695 insignibus,
950 3625 1275 3694 quiescebat
1300 3626 1354 3680 in
1380 3627 1548 3681 semel
1578 3626 1814 3681 decretis

233 3728 517 3789 perstans.
587 3715 704 3771 Hoc
790 3717 1060 3786 scriptum
1124 3717 1417 3786 accipienti
1495 3717 1813 3788 imperatori

232 3814 503 3880 impetum
541 3807 731 3878 injecit
773 3807 966 3877 religio
993 3806 1240 3878 quaedam
1275 3808 1441 3862 animi
1474 3824 1582 3865 non
1614 3810 1816 3864 admit-

232 3903 382 3959 tendi
416 3917 520 3958 nec
569 3901 805 3972 legendi,
852 3900 946 3957 sed
1002 3910 1167 3971 prout
1223 3901 1362 3956 alias
1412 3901 1469 3954 in
1527 3917 1588 3956 re
1647 3902 1814 3957 simili

233 3996 460 4061 fecerat,
497 3993 890 4061 inexplieatum
943 3992 1057 4063 igni
1097 3992 1373 4047 tradendi.
1419 3992 1665 4049 Tandem
1718 4005 1805 4048 tao

232 4104 356 4145 men
388 4086 458 4141 ad
493 4086 547 4141 id
583 4085 913 4140 audiendum
943 4085 1074 4139 dum
1104 4087 1378 4156 legeretur
1407 4086 1691 4151 inductus,
1720 4086 1812 4140 ubi

234 4178 446 4233 audivit
477 4176 753 4231 dicentem
786 4176 1160 4245 patriareham
1189 4192 1247 4232 se
1289 4177 1530 4245 jnrasse,
1568 4179 1625 4233 in
1659 4180 1813 4233 solli-

231 4268 483 4325 citudine
529 4267 635 4327 init
666 4268 930 4331 maxima,
976 4277 1031 4324 et
1078 4268 1158 4323 rei
1186 4268 1458 4339 judicium
1496 4273 1816 4341 permittere

232 4360 533 4417 sententiis
563 4359 944 4429 episcoporum
980 4359 1275 4430 cogitabat.
1314 4360 1420 4415 Sed
1446 4360 1610 4415 simul
1648 4363 1813 4418 etiam

234 4450 561 4506 recurrebat
592 4450 779 4503 animo
810 4449 954 4504 haud
983 4464 1105 4505 esse
1135 4467 1280 4506 nune
1313 4459 1527 4521 tempus
1558 4462 1815 4523 opportu-

1918 1993 2028 2046 οὐδ’
2059 1995 2117 2055 ὲς
2159 1993 2366 2063 βραχύο
2402 1994 2527 2047 ὅσον
2555 1996 2663 2063 γὰρ
2691 1996 2812 2047 ὅσον
2851 2000 2944 2047 καὶ
2986 1997 3141 2063 δίκη-ι
3166 1996 3356 2063 ἀγρίου
3392 2012 3496 2048 πυ·-

1920 2085 2033 2152 ρδς,
2063 2085 2130 2136 τὰ
2162 2085 2313 2147 ἐντὸς
2361 2087 2772 2148 κατεὸόσκοντο,
2818 2087 2910 2139 καὶ
2962 2085 3082 2138 καθ’
3133 2089 3342 2155 ἡμέραν
3380 2089 3497 2140 νέαι

1919 2176 2037 2228 δύαι
2073 2176 2399 2246 ἠγγέλλοντο
2426 2178 2518 2230 καὶ
2551 2178 2777 2247 βασιλέα
2803 2179 2935 2247 πρὸς
2963 2180 3161 2242 ἑαυτὰς
3185 2180 3491 2241 ἀντέσπων,

1918 2268 2012 2320 καὶ
2060 2268 2266 2331 ἀτελεῖς
2323 2270 2688 2340 μετήλλαττον
2745 2271 2843 2334 τὰς
2886 2272 3172 2341 φροντίδας
3219 2271 3498 2340 φροντίδες

1918 2359 2123 2430 ἕτεραι.
2150 2362 2222 2415 Τὸ
2258 2363 2358 2431 μὲν
2395 2350 2490 2415 οὖν
2524 2363 2592 2415 τὰ
2628 2363 2721 2415 τοῦ
2757 2356 3096 2432 πατριάρχου
3133 2361 3500 2431 ζητεῖ-καύτό-

1922 2452 2012 2506 θεν
2043 2453 2300 2523 δυσχερὲς
2329 2451 2419 2525 ἦν,
2457 2455 2550 2508 καὶ
2583 2457 2610 2506 ὀ
2637 2454 2823 2525 καιρὸς
2850 2456 2949 2508 οὐκ
2982 2456 3213 2508 ἐνεδίδου
3242 2472 3255 2483 ο
3281 2457 3417 2517 τέως
3440 2453 3498 2506 δὲ

1891 2546 1895 2550 ’
1923 2546 2114 2613 καιρὸν
2140 2545 2322 2616 ἐζήτει
2358 2547 2450 2599 τὸν
2484 2546 2700 2599 εὔθετον
2729 2547 2822 2600 καὶ
2847 2548 3126 2616 ἁρμόδιον.

1959 2634 2023 2689 λ’.
2059 2637 2192 2702 Περὶ
2230 2637 2350 2690 τῶν
2387 2638 2538 2690 κατὰ
2573 2637 2677 2691 τὸν
2718 2637 3134 2706 Κουξίμπαξιν
3172 2635 3460 2703 Τόχαρον.

2011 2726 2289 2780 Ἐντεῦθεν
2330 2729 2425 2780 καὶ
2462 2728 2566 2780 τῶν
2598 2731 2739 2781 κατὰ
2767 2729 2938 2798 Θύρας
2966 2732 3058 2781 καὶ
3098 2728 3377 2796 λγγυτέρω
3404 2724 3496 2780 ἐπὶ

1922 2916 2238 2970 quanquam
2268 2903 2319 2957 hi
2355 2903 2597 2960 latrones
2626 2904 2823 2959 deinde
2847 2905 3004 2960 veriti
3031 2919 3099 2959 ne
3132 2920 3236 2959 non
3267 2905 3403 2959 satis
3427 2901 3495 2958 ad

1921 3004 2232 3050 extremum
2278 3005 2392 3050 tuta
2437 2997 2573 3067 ipsis
2622 3012 2684 3053 ea
2737 2999 3092 3060 statioloret,
3133 2999 3257 3053 inde
3301 3004 3499 3068 sponte

1927 3096 2294 3154 recesserant,
2331 3096 2513 3145 tamen
2564 3080 2648 3146 his
2701 3092 2863 3146 modo
2912 3100 3260 3148 successerat
3293 3090 3496 3145 malum

1924 3178 1978 3231 in
2004 3179 2192 3233 eodem
2218 3192 2418 3249 genere
2442 3181 2686 3250 gravius.
2712 3180 2924 3236 Etenim
2953 3191 3217 3250 quantum
3250 3180 3498 3235 Persica-

1918 3284 2042 3323 rum
2084 3271 2367 3339 copiarum
2398 3270 2454 3325 in
2487 3271 2751 3325 interiora
2792 3281 3058 3326 terrarum
3090 3270 3302 3340 imperii
3335 3285 3500 3338 pene-

1914 3370 2174 3427 traverat,
2225 3362 2506 3418 aedillcatis
2549 3362 2886 3432 armatisque
2930 3364 3159 3417 navibus
3211 3361 3481 3432 Cyclades

1916 3455 2128 3510 insulas
2167 3457 2531 3510 incursabant
2581 3456 2832 3525 maleque
2868 3456 3182 3521 vexabant;
3221 3463 3276 3509 et
3326 3455 3493 3508 modo

1915 3548 2071 3611 Chio,
2121 3563 2248 3603 mox
2301 3547 2466 3603 Samo
2510 3555 2564 3602 et
2617 3548 2916 3619 Carpatho,
2963 3547 3068 3618 ipsi
3136 3547 3268 3617 quin
3328 3548 3494 3599 etiam

1916 3640 2137 3704 Rhodo,
2191 3639 2489 3709 multisque
2523 3649 2719 3709 praater
2754 3642 2856 3695 has
2902 3641 3047 3706 aliis,
3080 3654 3205 3694 cum
3258 3639 3494 3692 navibus

1916 3748 2025 3787 non
2055 3732 2251 3802 paucis
2301 3731 2489 3787 infesti
2520 3733 2871 3802 appellentes,
2921 3732 3127 3787 dudum
3182 3732 3494 3801 frequentes

1917 3821 2114 3879 incolis
2162 3821 2369 3877 insulas
2413 3822 2526 3892 jam
2574 3836 2746 3892 prope
2780 3823 3092 3877 desiderant
3122 3830 3177 3877 et
3218 3821 3494 3874 inhabite-

1919 3914 2055 3969 biles
2106 3913 2370 3969 fecerant.
2427 3911 2539 3969 Nec
2587 3928 2719 3969 vero
2781 3913 3000 3967 interim
3053 3927 3082 3965 a
3135 3910 3492 3967 terreStrihus

1915 4007 2220 4061 latrociniis
2255 4008 2597 4071 cessabatur,
2637 4017 2729 4062 aut
2753 4007 2978 4062 omnino
3004 4005 3328 4061 miserrimis
3356 4020 3489 4059 eon-

1918 4096 2146 4151 tinentis
2197 4098 2389 4153 incolis
2441 4099 2742 4168 quidquam
2796 4096 2882 4151 vel
2934 4097 3117 4152 brevis
3168 4096 3495 4165 interspira-

1919 4187 2088 4242 menti
2117 4189 2362 4244 laborum
2388 4197 2442 4242 et
2473 4198 2741 4243 terrorum
2770 4188 3032 4242 atrocium
3064 4186 3489 4241 concedebatur.

1918 4264 2022 4333 Sed
2053 4279 2214 4347 plane
2248 4278 2500 4331 intimum
2537 4278 2837 4342 Romaniae,
2874 4278 3028 4357 velut
3057 4278 3194 4333 silva
3223 4285 3488 4344 concepta

1916 4372 2134 4442 penitus
2183 4372 2461 4435 incendio,
2514 4372 2565 4424 vi
2620 4354 3171 4426 natnxnm'indomita
3230 4369 3492 4426 continue

1917 4464 2224 4534 grassantis
2289 4464 2716 4528 absumebatur;
2771 4478 3035 4531 novaque
3093 4470 3227 4532 quot
3295 4461 3492 4517 diebus

233 4561 363 4601 num
399 4542 725 4605 inchoanda:
758 4543 837 4598 rei
873 4551 1056 4608 tantae,
1096 4542 1257 4598 malis
1289 4544 1531 4614 undique
1573 4545 1811 4615 ingenti-

1918 4557 2261 4611 calamitates
2289 4555 2708 4616 nuntiabantur,
2736 4570 2900 4611 curas
2938 4554 3294 4626 imperatoris
3326 4554 3391 4607 ad
3432 4567 3492 4606 se

230 4639 339 4695 bus
367 4638 423 4693 in
452 4653 567 4691 rem
594 4635 901 4690 Romanam
927 4635 1333 4707 ingruentibus.
1366 4636 1643 4704 Quorsum
1669 4639 1818 4694 enim

1922 4648 1990 4703 ab
2016 4648 2163 4703 omni
2198 4647 2302 4702 alio
2349 4648 2568 4716 negotio
2600 4646 2902 4700 trahentes.
2933 4644 3087 4700 Unde
3115 4647 3164 4699 is
3194 4644 3492 4713 cogebatur

233 4727 697 4784 communicanda
749 4726 1021 4796 episcopis
1055 4734 1109 4782 et
1164 4743 1357 4783 eorum
1411 4727 1823 4801 deliberationi-
1921 4740 2209 4794 inchoatas
2246 4737 2669 4793 deliberationes
2721 4737 2789 4792 de
2834 4739 2997 4791 modo
3035 4734 3311 4789 avertendi
3350 4735 3491 4788 mala

234 4824 339 4879 bus
368 4818 774 4878 committenda
807 4819 1155 4875 abdicatione
1192 4820 1296 4877 ista
1328 4837 1470 4876 novo
1506 4838 1566 4878 se
1596 4840 1660 4878 ac
1695 4840 1819 4895 per-

232 4916 472 4969 moleste
553 4912 842 4966 intricaret
916 4912 1174 4982 negotio,
1245 4928 1371 4968 cum
1443 4916 1813 4987 undecunque

230 5010 569 5063 obrueretur
603 5003 833 5074 trepidis
884 5004 1134 5073 quatidie
1178 5005 1388 5061 nuntiis
1439 5007 1812 5068 indicantibus

234 5099 402 5175 344.
436 5114 547 5157 non
600 5112 761 5151 unam
811 5097 1051 5166 aliquam
1080 5097 1294 5168 imperii
1337 5108 1545 5169 partem
1595 5108 1807 5170 gravis-

234 5193 377 5248 sime
409 5190 684 5253 laborare,
715 5187 807 5243 sed
835 5197 1100 5258 quantum
1133 5199 1291 5243 terrae
1315 5204 1377 5244 ac
1405 5191 1573 5247 maris
1598 5193 1807 5250 ditione

235 5283 697 5352 amplectebatur,
765 5287 938 5333 totum
995 5295 1102 5334 uno
1152 5290 1400 5350 tempore
1451 5284 1650 5352 perire.
1684 5284 1807 5341 lam

234 5375 382 5441 enim
416 5372 736 5437 continente
769 5370 1025 5434 universa
1075 5370 1131 5428 in
1181 5372 1416 5441 praedam
1461 5375 1609 5437 data,
1658 5392 1809 5432 mare

236 5466 417 5532 ipsum
455 5462 704 5529 infestari
736 5463 1037 5531 latrociniis
1077 5456 1344 5534 cceperat,
1388 5468 1610 5523 Tenedo
1642 5472 1806 5540 paulo

234 5565 363 5610 ante
389 5569 418 5606 a
456 5554 650 5621 piratis
695 5563 991 5635 occupata,
1032 5557 1124 5624 qui
1176 5556 1300 5611 inde
1345 5572 1718 5629 erumpentes,
1756 5572 1812 5618 et

233 5662 302 5700 eo
341 5653 519 5699 tutum
572 5653 847 5714 receptum
884 5645 1168 5711 habentes,
1204 5664 1299 5715 per
1330 5653 1626 5707 continuas
1655 5669 1811 5723 gras-

237 5731 480 5786 sationes
515 5730 653 5784 nihil
683 5746 936 5809 securum
970 5733 1061 5786 illo
1094 5736 1285 5805 pelago
1326 5738 1717 5806 navigantibus
1757 5751 1812 5797 et

141 5814 145 5821 ’
237 5836 349 5876 orae
391 5823 755 5893 undequaque
808 5823 1091 5880 maritith
1152 5827 1353 5883 accolis
1402 5830 1676 5893 sinebant.
1732 5835 1809 5889 Ac

1919 4830 2265 4901 gravissima,
2305 4830 2624 4885 recentibus
2653 4828 3031 4896 urgentiorum
3065 4827 3302 4883 cladium
3327 4834 3491 4907 atque

1916 4923 2298 4978 discriminum
2379 4928 2766 4978 consternatus
2833 4920 3082 4985 nuntiis,
3138 4916 3491 4987 imperfectas

1914 5015 2189 5082 emittere,
2250 5016 2349 5069 bas
2406 5030 2529 5070 mox
2583 5013 2732 5083 ipsas
2776 5012 3009 5066 infectas
3037 5011 3155 5081 pari
3185 5010 3490 5064 tristiorum

1913 5106 2347 5162 sollicitudinum
2379 5106 2697 5161 avocatione
2719 5104 3037 5159 relicturus.
3072 5103 3173 5158 Hic
3206 5103 3279 5157 illi
3307 5102 3494 5173 deplo-

1910 5197 2220 5252 ratissimus
2257 5196 2575 5267 reipublicae
2601 5204 2780 5250 status
2812 5194 3094 5249 difﬁcilem
3128 5209 3276 5248 nunc
3298 5192 3493 5248 redde-

1910 5289 2003 5344 bat
2059 5289 2470 5358 inquisitionem
2548 5289 2616 5343 de
2674 5288 2841 5343 rebus
2901 5288 3261 5357 patriarchas;
3323 5300 3491 5354 quare

1914 5389 2127 5445 tempus
2168 5378 2218 5432 ei
2246 5389 2431 5447 aptum
2470 5379 3061 5447 accommodatumque
3088 5374 3308 5446 negotio
3339 5391 3489 5446 qua:-

1912 5469 2135 5523 rendum
2176 5469 2715 5538 exspeetandumque
2744 5469 3054 5539 judicabat.

2108 5574 2115 5580 ‘
2176 5561 2263 5616 50.
2294 5561 2368 5615 De
2396 5561 2546 5616 rebus
2578 5560 2927 5630 Cuximpaxis
2967 5558 3218 5615 Tochari.

1985 5652 2147 5726 35,5
2180 5652 2349 5720 Quale
2379 5653 2601 5707 minime
2635 5661 2767 5707 tunc
2796 5652 3008 5716 aderat,
3048 5649 3269 5721 quando
3294 5646 3487 5717 utique

1916 5761 2039 5799 cum
2072 5746 2310 5799 maxime
2359 5747 2479 5800 sitae
2509 5746 2572 5799 ad
2611 5756 2800 5815 portas
2836 5754 2893 5801 et
2927 5745 3011 5799 his
3049 5743 3343 5796 virinieres
3388 5755 3486 5794 ur-

1918 5837 2012 5901 hes
2042 5853 2100 5893 ac
2139 5847 2293 5893 terra:
2325 5853 2353 5893 a
2394 5835 2706 5893 Nicomedia
2750 5851 2919 5905 usque
2960 5835 3026 5890 ad
3061 5833 3257 5889 fretum
3304 5832 3483 5887 Thra-
