4024 6428
532 427 638 488 3Τ)

1745 424 2072 487 GEORGII
2101 424 2585 487 PACHYMER/E
3670 438 3761 502 δερ

533 542 696 596 πλέον
745 541 1107 612 κακουμένων
1153 542 1244 614 (τὰ
1282 543 1326 596 δ’
1352 538 1492 614 ἦσαν
1521 544 1588 598 τὰ
1631 545 1694 597 ὲκ
1742 544 2115 615 Νικομηδείας
2143 556 2188 612 Α
2221 558 2337 594 νοια
2398 542 2628 612 ὤνησεν.
2670 544 2729 599 ’0
2783 545 2883 614 μὲν
2910 543 3019 615 γὰρ
3076 547 3173 610 τὰς
3220 550 3512 620 ἐπιγαμίας
3554 556 3674 627 πρὸς
3713 562 3762 615 τὶ

534 635 631 686 καὶ
673 632 836 702 μέχρι
888 631 1136 703 πορθμοῦ
1186 634 1512 703 Θρᾳκικοῡ),
1539 635 1661 687 ἐπεὶ
1691 634 1793 688 οὐκ
1828 631 1896 705 ἦν
1924 634 2119 705 μετελι

538 729 650 781 θεῖν
676 727 903 795 πολέμῳ
936 727 1036 789 τὰς
1062 728 1238 796 μάχας
1274 731 1369 780 καὶ
1399 728 1475 797 τῷ
1508 728 1727 798 φανερῷ
1752 728 2122 798 προσϐάλλον·

538 835 673 882 τας,
728 818 904 881 ἄλλως
952 818 1095 887 ἔγνω
1150 819 1613 890 μεταχειριεῖσθαι
1677 820 1745 873 τὰ
1799 820 1940 872 κατὰ
1993 819 2120 881 τοὺς

537 911 787 980 ἐχθρούς.
832 913 943 964 Καί
995 912 1090 964 τὸν
1133 911 1510 980 Κουξίμπαξιν
1564 913 1826 982 Τόχαρον,
1863 912 1920 974 ὃς
1970 911 2120 982 Νογᾷ

544 982 922 1080 μὲνδῴκείωτο.
964 1004 1154 1065 πάλαι,
1199 1006 1269 1056 τὰ
1319 1005 1544 1073 Περσῶν
1571 1004 1617 1057 δ’
1666 1003 1822 1055 ἔσεὸε
1868 1004 1962 1057 καὶ
2012 1003 2121 1057 τῶν

542 1096 669 1163 περὶ
697 1099 902 1148 ἐκεῖνον
932 1098 1121 1165 μάγων
1141 1099 1212 1149 τὰ
1239 1097 1506 1167 κράτιστα
1530 1093 1619 1167 ἦν,
1650 1096 1877 1167 ὕστερον
1903 1095 1950 1149 δ’
1979 1096 2123 1149 ὲκεί-

540 1204 633 1240 νου
666 1189 1010 1253 ἀπολωλότος
1034 1191 1113 1259 τῷ
1144 1191 1353 1244 ἐκεῖθεν
1383 1190 1500 1260 πλῷ
1530 1192 1666 1261 πρὸς
1689 1192 1815 1254 τοὺς
1846 1190 1967 1244 κατ’
1991 1191 2123 1243 ἀνα-

538 1281 700 1349 τολὴν
734 1282 947 1350 Πέρσας
991 1282 1272 1351 χρώμενος
1301 1284 1400 1337 ὅσα
1434 1284 1652 1350 γυναικὶ
1696 1284 1791 1335 καὶ
1839 1284 2026 1335 παισὶν
2062 1282 2121 1347 ἐξ

539 1371 857 1432 ἀντιπνοίας
881 1373 1206 1442 περιπίπτει
1227 1375 1341 1436 τοῖς
1363 1374 1501 1427 κατὰ
1524 1373 1622 1445 τὴν
1649 1373 1916 1442 Ποντικὴν
1954 1372 2124 1440 Ἠρά-

539 1463 723 1515 κλειτιν
769 1464 1084 1533 Ῥωμαίοις,
1115 1466 1208 1518 καὶ
1246 1465 1471 1534 βασιλέα
1509 1464 1982 1534 ἐπικαλεσάμενος
2011 1463 2121 1517 σώ-

538 1554 691 1617 ζετ.ί
721 1570 780 1605 τε
822 1554 916 1607 καὶ
962 1555 1030 1610 τὰ
1081 1555 1427 1625 Χριστιανῶν
1483 1558 1722 1626 αἱρεῖται
1773 1554 1869 1607 καὶ
1900 1552 2121 1607 πανοικὶ

540 1645 886 1714 βαπτίζεται,
918 1646 1215 1700 κάντεῦθεν
1245 1648 1489 1718 ᾠκείωτο
1519 1648 1751 1718 βασιλεῖ.
1782 1645 1917 1699 Τότε
1942 1646 2120 1699 τοίνυν

540 1717 795 1799 βασιλεὺς
821 1739 1062 1809 κρυπτόν
1086 1757 1136 1791 τι
1164 1743 1257 1794 καὶ
1285 1740 1503 1792 συνετὸν
1530 1740 1868 1808 πειρώμενος
1896 1738 2119 1801 ἐννοεῖν,

539 1829 790 1899 κηδεύειν
824 1830 1011 1886 τοῦτον
1043 1834 1135 1885 ἐπὶ
1168 1833 1401 1903 θυγατρὶ
1443 1832 1535 1886 τὸν
1566 1831 1994 1899 Σολυμάμπαξιν
2024 1830 2119 1895 ἐγ-

537 1924 725 1991 χωρεῖ,
764 1923 822 1985 ὃς
860 1923 925 1993 δὴ
972 1924 1067 1978 καὶ
1112 1925 1222 1979 τῶν
1268 1925 1493 1994 πλησίον
1543 1926 1752 1996 ἐχθρῶν
1797 1924 2120 1994 ἡγεμόνευε,

536 2014 630 2066 καὶ
667 2016 804 2084 μετὰ
838 2014 932 2068 τοῦ
960 2017 1022 2069 τδ
1051 2018 1216 2087 κῆδος
1250 2018 1519 2087 προϐῆναι
1549 2020 1643 2070 καὶ
1671 2017 1834 2070 αὑτὸν
1869 2016 2116 2086 ἡγεμόνα

534 2104 644 2157 τῶν
676 2106 815 2159 κατὰ
861 2107 962 2174 τὴν
1011 2108 1389 2179 Νικομήδειαν
1425 2110 1679 2180 καθιστᾷ,
1735 2109 1821 2177 ἐφ’
1856 2104 2010 2177 ᾧπερ
2059 2106 2121 2173 ἐξ

534 2199 756 2267 ἀγάπης
778 2197 861 2270 [Ρ.
880 2198 1009 2270 258]
1041 2202 1136 2255 καὶ
1163 2201 1478 2270 συγγενείας
1510 2201 1693 2270 ὄνησίς
1719 2219 1801 2265 τις
1840 2202 1950 2264 τοῖς
1988 2202 2123 2254 Ῥω-

539 2291 717 2359 μαίων
755 2293 1042 2363 πράγμασι
1082 2293 1305 2361 γίνοιτο,
1339 2294 1440 2350 κᾶν
1472 2294 1629 2349 οὐδὲν
1658 2295 1715 2358 ἐς
1739 2293 1899 2347 τόσον
1927 2295 1960 2364 ἡ
1992 2292 2116 2346 επί-

464 2504 465 2507 η
535 2467 676 2522 ciam
715 2469 984 2527 dirimens
1038 2472 1451 2527 barbariearum
1514 2474 1897 2530 incursionum
1956 2476 2117 2531 malis

533 2561 974 2619 intolerabilibus
1027 2574 1344 2620 urerentur.
1407 2565 1502 2621 liis
1571 2571 1833 2635 quoniam
1907 2568 2116 2623 mederi

535 2656 677 2711 bello
736 2666 928 2725 aperto
985 2666 1039 2711 et
1090 2660 1406 2714 commissis
1456 2675 1613 2729 tequo
1663 2675 1858 2729 campo
1911 2661 2116 2730 puellis

533 2744 677 2797 male
736 2752 960 2826 paratus
1008 2760 1038 2798 a
1097 2763 1156 2801 re
1206 2748 1429 2803 militari
1487 2750 1743 2817 nequiret
1795 2750 2114 2818 imperator,

531 2839 696 2892 aliam
735 2839 872 2893 inire
913 2841 1054 2893 viam
1102 2843 1293 2894 statuit
1328 2842 1514 2898 hostes
1560 2844 1877 2909 coercendi,
1913 2846 2116 2899 utenth

528 2931 785 2985 videlicet
819 2933 884 2986 ad
916 2932 970 2986 id
1012 2948 1177 3001 Opera
1222 2936 1585 3005 Cuximpaxis
1615 2935 1872 2991 Tochari.
1913 2935 2118 2991 Fuerat

529 3024 620 3078 hic
658 3025 787 3078 olim
829 3024 994 3096 Nogaa
1037 3026 1348 3092 familiaris,
1399 3031 1780 3099 superstitioni
1819 3040 1949 3086 tunc
1988 3030 2119 3087 Per-

530 3130 718 3172 sarum
768 3117 1043 3184 addictus,
1091 3121 1228 3173 adeo
1272 3131 1330 3175 ut
1380 3122 1524 3175 inter
1558 3124 1833 3194 principes
1880 3125 1994 3179 illic
2025 3143 2116 3180 sa-

2224 636 2506 705 συμφέρον
2536 636 2729 700 ἐποίει,
2762 641 2860 690 καὶ
2884 639 2977 690 ἐπὶ
3028 638 3273 708 βεϐαίαις
3295 644 3411 705 ταῖς
3447 644 3647 700 ἐλπίσιν
3672 651 3761 721 ὥρο

2226 741 2337 794 μει,
2376 728 2493 792 εἴγε
2529 728 2673 779 κατὰ
2710 730 3030 795 συγγένειαν
3078 730 3504 798 συνεγγίζοντες,
3544 741 3691 791 ταυτὸ
3717 742 3764 795 δὲ

2223 817 2380 870 τοῦτο
2410 822 2503 871 καὶ
2551 822 2663 881 τοῖς
2693 821 2900 885 τόποις,
2930 823 2958 874 ὁ
2988 821 3088 890 μὲν
3120 822 3331 891 βασιλεῖ
3370 826 3624 882 δουλεύων
3654 849 3765 900 προ·

2222 913 2397 963 νοοῖτο
2437 910 2745 980 Ῥωμαίων,
2786 915 2814 965 ό
2843 913 2900 965 δὲ
2942 914 3003 965 τὸ
3042 914 3207 983 κῆδος
3239 916 3330 968 καὶ
3374 918 3469 977 τὰς
3517 922 3766 988 συνθεσίας

2222 1000 2535 1071 αἰδούμενος
2576 1005 2934 1058 ἀνακόπτοιτο
2961 1006 3063 1067 τὰς
3090 1006 3286 1075 ὁρμάς.
3318 1008 3382 1059 Οἱ
3409 1010 3483 1070 δὲ,
3516 1013 3542 1063 ό
3577 1012 3669 1078 μὲν
3697 1018 3764 1077 εἰς

2222 1094 2447 1164 είρήνην
2501 1096 2733 1162 ὲνάγων,
2765 1099 2793 1150 ὁ
2841 1097 2898 1150 δὲ
2962 1098 3346 1169 σπενδόμενος,
3404 1102 3550 1170 ὅμως
3598 1106 3653 1157 τὸ
3678 1107 3769 1160 τῶν

2223 1187 2561 1256 προσχώρων
2598 1190 2879 1260 συμφέρον
2925 1191 3027 1244 οὐκ
3058 1193 3274 1263 ἤνυτον.
3307 1195 3526 1248 Μᾶλλον
3571 1197 3661 1262 μὲν
3695 1195 3768 1252 οὗι

2222 1278 2309 1332 διὰ
2335 1278 2510 1333 ταῦτα
2544 1281 2725 1337 αίτίαν
2758 1283 2851 1338 καὶ
2880 1284 3182 1353 ἀμφότεροι
3212 1287 3610 1356 ἀπηνέγκαντο,
3643 1292 3666 1343 ὁ
3690 1291 3770 1358 μὲν

2229 1374 2725 1443 παρασπονδήσεως
2774 1376 2871 1445 τῆς
2923 1376 3062 1448 πρὸς
3109 1376 3356 1447 βασιλέα,
3386 1379 3415 1430 ό
3451 1379 3506 1432 δὲ
3553 1380 3770 1444 δυσνοίας

2221 1465 2318 1531 τῆς
2362 1466 2500 1536 πρὸς
2548 1466 2876 1537 Ῥωμαίους.
2935 1470 3293 1540 Περιέρχεται
3322 1472 3428 1542 γὰρ
3483 1471 3691 1525 ἄλλοθεν
3722 1474 3770 1526 τὸ

2223 1556 2392 1609 κακόν
2413 1571 2427 1586 ’
2466 1557 2524 1610 τὸ
2556 1558 2600 1611 δ’
2644 1554 2713 1629 ἦν
2743 1558 2803 1612 τὸ
2836 1562 2899 1614 ὲκ
2936 1559 3031 1613 τοῦ
3091 1562 3354 1631 Ἀμούρη,
3389 1562 3548 1616 ἄλλον
3577 1563 3771 1633 Περσῶν

2225 1649 2555 1719 στρατηγοῦ,
2587 1650 2645 1714 ὃς
2693 1652 2789 1704 καὶ
2837 1652 3121 1705 καταθέων
3172 1653 3498 1716 Μεσοθινίας
3547 1654 3771 1723 συχνάκις

2221 1739 2323 1809 τὴν
2375 1742 2769 1812 Σολυμάμπαξι
2827 1746 2990 1815 χάριν
3024 1747 3099 1808 ὡς
3132 1745 3285 1799 οὐδὲν
3347 1747 3566 1799 όνοῦσαν
3610 1748 3767 1816 ἀπήμ-

2225 1830 2408 1887 6λυνε.
2453 1832 2524 1886 Τδ
2555 1834 2663 1905 γὰρ
2715 1836 2855 1888 κατὰ
2888 1836 3179 1899 συστάσεις
3224 1835 3324 1889 καὶ
3377 1837 3520 1900 ἰδίως
3553 1836 3664 1888 καθ’
3693 1837 3771 1888 ἕνα

2227 1926 2499 1996 μάχεσθαι
2548 1930 2611 1981 ἐκ
2666 1916 2759 1983 τοῦ
2792 1930 2866 1999 μὴ
2910 1931 3006 1985 ἕνα
3055 1928 3195 1986 εἶναι
3243 1933 3338 1987 τδν
3379 1934 3690 2004 κυριεύοντα
3718 1930 3773 2002 ἦν

2225 2019 2464 2084 πάντως.
2512 2023 2650 2092 Παρ’
2682 2025 2749 2095 ἣν
2788 2024 2968 2078 αἰτίαν
3019 2027 3111 2079 καὶ
3164 2028 3433 2098 δυσχερὴς
3467 2028 3541 2097 τῷ
3595 2028 3773 2097 βασιῖεἱ

2225 2114 2321 2166 καὶ
2354 2114 2537 2183 σχεδόν
2562 2115 2822 2171 ἀδύνατος
2851 2120 2882 2187 ἡ
2913 2119 3023 2170 τῶν
3046 2120 3555 2188 ἐπισυμῦαινόντων
3582 2120 3773 2190 διόρθωσ

2228 2220 2311 2264 σις
2352 2205 2654 2274 ἐνομίζετο,
2687 2207 2779 2260 τοῦ
2810 2210 2909 2278 μὲν
2939 2210 3108 2274 ἔνθεν,
3148 2210 3241 2264 τοῦ
3274 2211 3320 2264 δ’
3360 2211 3563 2265 ἐκεῖθεν
3587 2209 3774 2281 ὁρμών-

2223 2310 2352 2357 των,
2387 2297 2481 2350 καὶ
2517 2298 2656 2351 κατὰ
2685 2300 2910 2369 γνώμας
2946 2300 3338 2372 διαφερόντων,
3368 2305 3461 2356 καὶ
3489 2302 3610 2354 λαὸν
3639 2301 3773 2369 ἀγόν-

2224 2469 2417 2526 nullus
2454 2470 2505 2525 in
2550 2473 2947 2542 rempublicam
2979 2476 3192 2531 exstitit
3237 2475 3476 2533 fructus.
3511 2478 3616 2533 Etsi
3647 2477 3771 2531 enim

2224 2562 2668 2633 Solymampaxis
2719 2566 3072 2622 matrimonio
3124 2569 3228 2623 sibi
3278 2570 3533 2639 privatim
3580 2569 3684 2623 utili
3718 2568 3773 2621 li-

2223 2655 2414 2711 benter
2474 2658 2611 2711 inito
2670 2659 2813 2712 haud
2873 2660 3155 2715 invidebat
3214 2662 3353 2730 quin
3413 2663 3467 2716 in
3528 2662 3771 2715 Romanos

2227 2762 2449 2817 quoque
2481 2764 2610 2818 pars
2658 2751 3069 2807 commoditatis
3100 2752 3284 2822 aliqua
3321 2768 3386 2808 ex
3420 2770 3483 2808 eo
3532 2753 3770 2807 redunda-

2224 2850 2330 2902 ret,
2368 2841 2480 2894 imo
2531 2840 2699 2895 etiam
2750 2843 2895 2898 inter
2956 2844 3148 2898 icenda
3186 2855 3351 2913 pacta
3402 2848 3649 2915 nuptialia
3684 2860 3769 2898 non

2222 2932 2444 2988 dubiam
2482 2948 2631 2999 spem
2669 2932 2873 2988 fecerat
2909 2934 3151 3000 volendi,
3189 2952 3353 2992 novae
3386 2936 3770 2993 necessitudinis

2223 3027 2534 3092 occasione,
2584 3025 2883 3095 coniuncte
2930 3026 3190 3097 deinceps
3222 3044 3341 3084 non
3404 3031 3574 3084 solum
3619 3030 3775 3082 animo

2221 3118 2316 3171 sed
2361 3117 2525 3171 etiam
2573 3118 2678 3171 loci
2729 3120 3140 3189 propinquitate
3189 3134 3323 3175 cum
3359 3121 3671 3191 Cttximpaxi
3714 3120 3779 3172 vi-

532 3228 754 3266 crornm
808 3227 997 3282 magos
1049 3214 1130 3267 vel
1171 3215 1224 3267 in
1281 3215 1477 3284 primis
1524 3215 1642 3284 ipse
1701 3228 2105 3271 numerarctur.
2141 3227 2186 3286 α
2221 3224 2371 3272 Vere,
2421 3222 2485 3265 ac
2514 3212 2715 3279 pariter
2750 3225 2875 3264 cum
2905 3226 2972 3266 eo
3011 3227 3111 3283 pro
3162 3229 3223 3269 se
3261 3230 3491 3286 quoque
3520 3216 3772 3270 consulere

531 3304 725 3360 Postea
773 3304 919 3376 Nega
955 3309 1252 3371 exstincto,
1295 3323 1468 3363 uxore
1520 3324 1584 3364 ac
1641 3310 1765 3365 filiis
1825 3313 1879 3365 in
1919 3327 2113 3366 navem

529 3399 826 3468 impositis,
866 3401 981 3455 vela
1017 3401 1143 3456 inde
1172 3400 1298 3457 fecit
1323 3418 1518 3459 versus
1556 3401 1865 3459 Orientales
1896 3402 2115 3474 Persas,

531 3492 626 3545 sed
657 3502 818 3545 vento
860 3492 1117 3561 repulsus
1158 3492 1350 3547 incidit
1402 3493 1454 3546 in
1509 3507 1705 3547 manus
1742 3492 2115 3549 Romanorum

531 3582 850 3637 Heracleam
898 3583 1175 3638 Ponticam
1210 3585 1612 3647 obtinentium;
1649 3584 1741 3637 ubi
1771 3598 1878 3637 non
1910 3583 2116 3637 frustra

532 3675 823 3743 implorata
886 3674 1237 3742 imperatoris
1283 3674 1458 3742 gratia
1525 3674 1822 3730 incolumis
1869 3675 2120 3743 liberque

533 3776 787 3821 servatus
838 3781 1035 3835 sponte
1075 3768 1449 3821 Christianam
1504 3766 1751 3838 suscepit
1794 3767 2116 3834 religionem

534 3841 743 3912 et'cum
776 3858 939 3911 domo
969 3859 1226 3913 universa
1256 3858 1572 3927 baptizatus
1603 3869 1707 3922 est,
1751 3872 1817 3912 ex
1846 3872 1957 3927 quo
1980 3858 2117 3911 cha-

535 3965 634 4004 rus
665 3950 1007 4019 intimusque
1032 3950 1280 4022 Augusto
1308 3951 1477 4021 coepit
1507 3966 1652 4006 esse.
1686 3948 1786 4006 Cui
1815 3957 1929 4005 tota
1960 3965 2121 4019 saga-

535 4043 704 4099 citate
736 4045 936 4100 mcntis
960 4046 1172 4100 intento
1207 4044 1589 4115 disquiremlis
1619 4044 1726 4100 viis
1759 4043 2117 4099 levandarum

532 4148 629 4190 aut
659 4137 1078 4193 minuendarttm
1124 4154 1247 4208 qua:
1294 4148 1527 4195 cunctos
1561 4137 1677 4194 fere
1709 4139 1814 4194 sibi
1863 4138 2118 4194 subditos

504 4224 911 4299 'opprimcrent
947 4232 1213 4295 cladium,
1238 4231 1496 4302 quiddam
1519 4232 1583 4286 ad
1618 4232 1722 4287 hoc
1755 4231 2118 4302 percallidum

531 4339 597 4379 ac
637 4323 866 4377 solerter
918 4325 1292 4393 excogitatum
1355 4328 1470 4378 fore
1513 4325 1689 4379 visum
1741 4331 1847 4389 est,
1895 4325 1971 4378 uti
2018 4324 2122 4378 hoc

533 4419 684 4470 velut
723 4419 885 4470 hamo
938 4420 1002 4470 ad
1051 4434 1220 4471 unum
1260 4435 1326 4472 ex
1376 4418 1795 4499 infestatoribus
1836 4418 2120 4471 Romanis:

532 4508 797 4567 Barbaris
826 4520 921 4565 aut
950 4512 1002 4564 in
1038 4520 1222 4581 partes
1246 4512 1631 4566 attrahemlum
1672 4522 1766 4567 aut
1792 4522 1941 4567 certe
1958 4513 2120 4566 miti-

2224 3302 2462 3356 subditis
2518 3303 2893 3370 imperatoris,
2936 3313 2994 3358 ut
3047 3320 3157 3374 quo
3198 3315 3458 3377 tempore
3509 3322 3678 3372 socer,
3725 3318 3774 3358 et

2221 3394 2405 3449 officio
2442 3395 2807 3464 subjectionis
2840 3398 3020 3466 palam
3057 3399 3386 3466 imperatori
3417 3401 3625 3471 iuratae,
3651 3412 3755 3451 com

2224 3486 2410 3541 missis
2444 3487 2513 3542 ab
2541 3503 2605 3542 eo
2640 3487 2746 3543 sibi
2776 3487 3040 3544 Romanis
3067 3490 3297 3559 provide
3315 3499 3419 3557 ret,
3453 3494 3637 3547 emlem
3665 3491 3779 3559 ipse.

2225 3594 2435 3632 memor
2456 3579 2742 3634 affinitatis
2767 3590 2818 3634 et
2840 3580 3110 3636 reveritus
3143 3586 3570 3638 conventionem
3591 3583 3780 3641 factam,

2225 3672 2546 3740 reprimeret
2587 3672 2823 3740 impetus
2872 3670 3242 3727 Barbarorum
3287 3660 3656 3745 depraztlandae
3696 3675 3769 3727 de-

2226 3762 2576 3829 solandatquc
2631 3762 2910 3817 Romaniae
2964 3763 3617 3831 iuuninentiutn,—-etsi
3663 3764 3776 3823 hate,

2225 3855 2473 3922 inquam,
2506 3854 2951 3927 Solymampaxis
2988 3865 3043 3910 et
3068 3871 3132 3909 ex
3175 3858 3366 3912 animo
3409 3858 3711 3924 promisisse
3736 3862 3777 3904 ct

2224 3947 2364 4002 bona
2416 3949 2520 4003 fide
2574 3958 2830 4019 praestare
2864 3950 3106 4005 voluisse
3148 3953 3304 4007 visus
3358 3962 3478 4017 est,
3527 3963 3692 4006 tamen
3738 3949 3776 4001 is

2222 4056 2519 4095 successus
2553 4040 2674 4103 fuit,
2713 4046 2773 4094 ut
2805 4043 2945 4110 apud
2980 4042 3118 4095 nihil
3158 4041 3293 4097 inde
3342 4042 3631 4097 levamenti
3668 4053 3776 4093 sen—

2226 4134 2425 4186 tientes
2461 4128 2739 4188 ftmnanos
2768 4132 2994 4187 infamia
3034 4144 3267 4203 uterque
3322 4135 3616 4194 laboraret.
3646 4144 3779 4188 socer

2223 4226 2446 4295 quidem
2482 4226 2783 4295 fmdifragze
2821 4225 3065 4295 perfidia:
3098 4240 3224 4295 erga
3270 4226 3677 4297 imperatorem,
3701 4236 3781 4290 ge-

2224 4334 2323 4372 ner
2364 4326 2546 4372 autem
2601 4320 2725 4372 mali
2763 4330 2928 4388 atque.
2962 4318 3144 4373 infesti
3197 4322 3370 4375 nihilo
3428 4337 3574 4375 nunc
3625 4319 3781 4373 minus

2224 4426 2388 4481 quam
2418 4418 2578 4465 antea
2608 4412 2661 4464 in
2696 4411 2976 4466 Romanos
3008 4413 3196 4466 animi.
3230 4414 3468 4468 Aliunde
3498 4428 3655 4483 porro
3686 4425 3783 4463 ma-

2224 4498 2338 4553 lum
2371 4499 2675 4563 oriebatur,
2701 4515 2766 4553 ex
2809 4501 2984 4553 altero
3014 4500 3273 4555 videlicet
3328 4511 3473 4558 duce
3514 4504 3780 4558 Persarqu

528 4605 795 4672 gamlum,
823 4614 879 4658 ut
918 4603 1256 4661 moderatius
1291 4605 1532 4661 saeviret.
1581 4606 1762 4660 Palam
1794 4606 1962 4674 igitur
1992 4622 2119 4675 per-

2226 4591 2452 4658 Amura,
2480 4591 2575 4660 qui
2599 4590 2807 4647 crebris
2835 4599 2969 4646 tunc
2989 4593 3402 4651 incursionibus
3424 4593 3783 4649 Mesothiniam

533 4699 707 4763 misit,
743 4698 903 4765 cujus
948 4702 1161 4754 scilicet
1203 4699 1280 4754 illi
1318 4701 1394 4755 rei
1423 4700 1563 4755 clam
1598 4710 1790 4753 auctor
1825 4700 2025 4763 fuerat,
2058 4708 2118 4754 ut

529 4787 699 4841 ﬁliam
767 4788 1178 4861 Solymampaxi
1241 4791 1574 4854 collocaret,
1652 4791 1776 4843 duci
1834 4791 2117 4845 extrrcitus

533 4878 903 4936 Barbarorum
937 4883 1153 4937 vicinia:
1193 4881 1507 4945 insidentis,
1543 4890 1601 4935 ut
1652 4883 1732 4937 sic
1763 4899 1884 4938 eum
1933 4898 2120 4937 ncces-

530 4971 779 5027 situdine
803 4976 986 5043 generi
1021 4975 1323 5029 obnoxium
1357 4975 1718 5045 Cuximpaxis
1749 4975 1955 5030 habens
1980 4975 2119 5029 deli-

533 5067 678 5121 nirct
735 5068 1167 5136 conciliaretqtte
1233 5067 1490 5137 imperio,
1543 5068 1704 5137 cujus
1758 5070 1875 5137 ipse
1932 5078 2118 5137 partes

535 5167 906 5224 sequeretur;
944 5157 1089 5227 quod
1129 5166 1185 5212 ut
1226 5168 1513 5214 constaret
1554 5158 1920 5224 manifestius,
1966 5175 2114 5211 eum-

535 5248 663 5302 dem
725 5247 995 5301 affinitate
1036 5249 1142 5303 ista
1171 5250 1283 5317 jam
1337 5258 1623 5306 contracta
1661 5266 1913 5306 socerum
1962 5250 2122 5323 Soly-

543 5339 852 5408 mampaxis
892 5339 1210 5410 regionibus
1243 5339 1578 5397 Nicomediae
1625 5342 1961 5397 circumsitis
2006 5343 2124 5397 vice

538 5447 639 5486 sua
690 5432 933 5501 praefecit
983 5433 1323 5500 imperator,
1365 5449 1595 5503 sperans
1651 5435 2120 5506 Solymampaxim

535 5524 815 5580 charitate
864 5526 1054 5581 uxoris
1091 5543 1154 5580 ac
1198 5528 1372 5582 soceri
1418 5528 1747 5583 verecundia
1786 5536 2125 5597 temperatu-

539 5632 661 5691 rum
690 5635 717 5672 a
752 5621 1022 5683 nocendo,
1056 5620 1249 5675 saltem
1289 5630 1394 5674 tam
1423 5620 1805 5686 inclementer,
1832 5637 2125 5675 commen-

539 5707 683 5764 datis
715 5720 822 5763 tam
875 5710 1159 5780 conjuncti
1204 5711 1306 5765 sibi
1345 5711 1505 5766 ducis
1537 5711 1801 5767 custodiae
1833 5708 2123 5765 Rotnanis.

540 5803 666 5858 "33¢:
711 5806 995 5873 Augustus
1040 5802 1262 5871 quidem
1319 5803 1619 5873 prudenter
1671 5804 1745 5857 ita
1793 5803 2124 5857 consuluit:

544 5908 804 5952 ca‘tcrum
840 5898 1001 5953 istius
1054 5895 1219 5968 346
1254 5897 1608 5968 providentiae
1650 5895 1981 5966 pcrcxiguus
2032 5902 2127 5947 aut

2228 4695 2454 4741 vastans
2504 4686 2740 4756 gratiam
2772 4684 3215 4754 Solymampaxis
3246 4695 3302 4740 ut
3349 4691 3417 4742 ad
3456 4688 3591 4743 nihil
3620 4684 3786 4738 utilem

2230 4780 2285 4834 in
2322 4779 2523 4833 animis
2573 4776 2951 4833 Romanorum
2989 4778 3309 4834 hebetabat.
3342 4779 3417 4835 Ea
3450 4780 3647 4849 quippe
3674 4790 3789 4827 con-

2229 4871 2365 4925 ditio
2404 4878 2535 4925 tunc
2571 4886 2753 4925 rerum
2787 4878 2931 4933 erat,
2970 4879 3029 4923 ut
3073 4872 3309 4941 quisque
3339 4873 3540 4928 ducum
3580 4871 3790 4924 istorum

2230 4966 2597 5020 Barbarorum
2658 4964 2899 5032 propriis
2954 4964 3213 5018 instructi
3273 4964 3484 5034 copiis,
3545 4977 3643 5015 nec
3708 4954 3789 5010 ulli

2229 5056 2602 5113 communiter
2641 5055 2914 5124 superiori
2946 5065 3230 5123 parentes,
3272 5071 3367 5110 sua
3408 5053 3515 5109 sibi
3549 5046 3789 5121 privatim

2230 5148 2458 5203 consilia
2486 5147 2775 5212 haberent,
2808 5162 2912 5201 nec
2946 5148 3224 5201 SOciorum
3273 5146 3360 5199 vel
3397 5142 3691 5198 auctoritas
3720 5134 3790 5186 vel

2233 5242 2547 5312 exetnplum
2581 5239 2883 5310 quidquam
2918 5240 3060 5309 apud
3092 5239 3398 5310 quetttlibet
3440 5236 3678 5306 ipsarum
3707 5225 3794 5278 ob-

2231 5339 2435 5391 tineret
2462 5334 2741 5405 ponderis.
2770 5331 2944 5399 Quam
2978 5333 3048 5387 ob
3074 5348 3300 5387 causam
3330 5329 3573 5385 difﬁcilis
3605 5339 3665 5380 ac
3695 5321 3794 5373 fere

2234 5427 2589 5499 insperabilis
2629 5426 2947 5495 imperatori
2994 5425 3334 5480 censebatur
3371 5422 3634 5475 malorum
3678 5422 3796 5509 tunc

2237 5519 2527 5589 imperium
2577 5515 2997 5580 inundantium,
3052 5531 3149 5585 per
3213 5513 3377 5570 istam
3435 5505 3795 5565 conventionis

2238 5625 2362 5666 cum
2397 5610 2581 5679 aliquo
2610 5625 2674 5663 ex
2713 5608 3155 5677 satrapisviam,
3190 5607 3423 5663 curatio.
3459 5602 3647 5670 utique
3681 5605 3792 5648 cum

2239 5720 2340 5759 nec
2371 5701 2760 5768 roniprehendi
2806 5716 2997 5755 onutes
3027 5715 3136 5753 una
3181 5695 3644 5752 conftntleratio:=e
3682 5698 3795 5755 pOS'

2241 5803 2381 5857 sent,
2423 5802 2476 5847 et
2529 5807 2640 5847 uno
2692 5807 2881 5847 eorum
2937 5803 3032 5844 aut
3083 5793 3256 5845 altero
3303 5797 3555 5843 cessante
3589 5781 3673 5835 alii
3720 5771 3793 5826 vel

2241 5891 2405 5946 etiam
2442 5887 2698 5944 licentius
2731 5886 3068 5957 Ltet'iusquc
3106 5886 3505 5955 prccdarentur,
3531 5891 3634 5931 uno
3663 5866 3797 5924 vide.
