4024 6398
184 393 279 462 38!

1052 403 1152 462 DE
1191 402 1645 463 ANDRONICO
1680 399 2146 463 PALIEOLOGO
2190 404 2340 464 LIB.
2384 405 2484 467 ιν.

3378 405 3486 471 382

181 527 288 564 των
308 501 561 561 ’ἕκαστον
598 510 690 563 ἐπὶ
739 512 989 565 τοσοῦτον
1022 513 1288 581 ἀγόμενον
1330 516 1414 583 ἐφ’
1446 514 1569 566 ὅσον
1600 513 1693 565 καὶ
1724 514 1782 562 το
1815 517 1853 569 Α
1887 514 2026 566 mea
2059 516 2291 577 κανόνας
2327 516 2773 587 διερευνώμενος.
2809 513 2939 570 Τότ⁹⁵
2977 517 3061 586 ἐφ’
3097 516 3332 589 ἡμέραις
3354 536 3485 570 συν-

185 601 502 671 κερδαίνειν
538 601 727 670 σφίσιν
766 605 828 655 ἐκ
873 603 966 655 τοῦ
1001 604 1261 674 πολεμεῖν
1295 605 1493 666 ἔσοιτο,
1538 608 1586 657 εί
1618 604 1672 656 δὲ
1706 602 1782 672 μὴ

186 693 394 747 θέλοιεν
437 693 708 762 πολεμεῖν
739 695 789 747 oi
838 695 1200 762 προάγοντες,
1237 697 1461 766 ἐτέρους
1517 692 1786 764 ζητοῦντα

187 788 312 849 τοὺς
341 786 601 850 ἄξοντας,
644 778 721 839 ὧν
756 784 850 840 καὶ
901 794 1227 856 μαχομένων
1264 789 1416 841 αὐτοὶ
1450 788 1786 858 κερδαίνοιεν

190 876 587 947 πολεμοῦντες.
612 876 784 930 Τοῦτο
810 894 873 930 συ
883 876 1159 946 μὸεϐηκὸς
1182 878 1274 932 καὶ
1291 878 1364 949 τῷ
1387 878 1785 947 Συλυμὰμπαξι

189 958 423 1042 ἀχρείαν
454 971 631 1023 ἐποίει
678 969 978 1040 Ῥωμαίοις
1029 972 1130 1041 τὴν
1157 973 1255 1040 τῆς
1286 971 1575 1041 ἀνακωχῆς
1603 972 1784 1041 χάριν,

188 1060 298 1114 τῶν
330 1062 429 1113 ὑπ’
471 1061 624 1132 αὐτῷ
650 1063 1147 1132 στρατηγουμένων
1176 1064 1314 1127 τέως
1343 1065 1551 1134 ἑτέροις
1582 1064 1790 1116 συνιόν-

189 1168 320 1214 των,
350 1152 452 1202 καὶ
500 1151 569 1204 τὰ
624 1151 765 1205 αὐτὰ
810 1153 1123 1222 Ῥωμαίους
1169 1154 1422 1225 δρώντων
1467 1156 1547 1207 ὅσ’
1576 1154 1642 1208 ἂν
1683 1155 1789 1209 κᾶν

192 1244 281 1296 ὑπ’
336 1245 492 1312 αὐτῷ
542 1245 604 1298 τὸ
650 1246 782 1316 πρὶν
836 1248 1245 1319 ὲστρατήγηντο
1291 1248 1583 1319 ἔπραττον.
1627 1250 1790 1303 Ἀλλὰ

192 1331 257 1383 τὰ
306 1333 570 1386 ἐντεῦθεν
639 1336 1023 1406 ὲπισυμσάντα
1088 1339 1366 1408 είρήσεται
1419 1339 1561 1391 κατὰ
1625 1339 1790 1391 τόπον

197 1424 444 1477 ἐσαῦθις.

197 1514 293 1567 λα’.
328 1516 658 1572 Συνοδικαὶ
682 1519 936 1587 σκέψεις
974 1523 1105 1588 περὶ
1142 1521 1252 1589 τῆς
1281 1524 1387 1576 τοῦ
1422 1522 1789 1591 :zarpta'rzov

682 1664 687 1668 _
779 1593 1220 1659 παραιτήσεως.

267 1698 405 1750 Τότε
446 1699 501 1751 δὲ
533 1699 785 1769 βασιλεὺς
816 1701 989 1757 δεινὸν
1020 1704 1224 1772 οἰηθεὶς
1253 1706 1301 1756 εί
1335 1705 1426 1758 καὶ
1457 1704 1621 1757 πλέον
1652 1705 1787 1772 deos-

202 1787 340 1852 Euro
373 1788 466 1861 [P.
496 1791 629 1864 2'59]
673 1791 765 1845 τοῦ
795 1791 895 1864 τὴν
951 1793 1280 1863 Ἐκκλησίαν
1328 1795 1592 1866 καθιστᾷν
1633 1795 1790 1864 (μηδὲ

1888 606 2179 674 αγομένων
2229 608 2436 679 σχίσμα
2471 611 2707 677 γεγόνει.
2761 610 2958 683 Καὶᾴοί
3013 608 3114 680 μὲν
3163 611 3484 684 πατριάρχῃ

1893 697 2282 766 προσκείμενοι
2334 696 2405 749 τὰ
2462 698 2560 766 τῆς
2614 699 2999 766 παραιτήσεως
3049 700 3149 751 οὐκ
3196 696 3483 767 ἐδέχοντο.

1889 789 2146 856 ὑϐρίσθαι
2181 791 2290 859 γὰρ
2333 789 2518 856 ἔλεγον
2558 789 2767 853 τοῦτον,
2802 792 2893 843 καὶ
2935 791 3184 859 ἀνάγκην
3233 784 3378 843 εἶναι
3407 790 3482 861 μὴ

1888 882 2305 950 ἐκδικοὺμενον,
2343 883 2848 953 ὑϐριοπαοήσαντα,
2881 885 3148 954 ἐκχωρεῖν
3177 883 3483 947 αἱρεῖσοαμ

1891 972 2031 1027 ὥστε
2058 974 2150 1027 καὶ
2182 977 2283 1043 τῆς
2318 976 2560 1037 ἐκδικίας
2595 976 2735 1028 κατά
2771 976 2972 1046 τρόπον
3005 975 3291 1044 προὸἁσης
3319 975 3482 1027 αὐτὸν

1899 1067 1990 1117 καὶ
2025 1061 2182 1128 αὖθις
2213 1069 2515 1133 ἐπανήκειν
2550 1069 2645 1119 καὶ
2674 1068 2772 1136 τὴν
2807 1068 2976 1135 τιμὴν
3008 1065 3306 1136 λαμϐάνειν
3340 1065 3485 1119 ἕτοι-

1895 1175 1995 1226 μον
2026 1157 2299 1224 γίνεσθαι.
2339 1158 2545 1226 ’⁷ορκον
2582 1158 2637 1209 δὲ
2689 1159 2814 1227 μηδ’
2856 1151 2996 1210 εἶναι
3042 1158 3100 1209 τὸ
3130 1158 3418 1226 παράπαν,
3455 1157 3485 1210 ὃ

1896 1253 1960 1321 δὴ
1993 1253 2086 1304 καὶ
2122 1252 2229 1303 ἀπὸ
2254 1251 2486 1319 θλίψεως
2511 1250 2887 1318 διεφθέγξατο,
2911 1248 3154 1319 ταραχὴν
3182 1251 3239 1303 δὲ
3280 1231 3484 1310 μᾶλλον

1893 1343 2176 1413 λογισμῶν
2222 1345 2284 1396 ἐκ
2328 1343 2492 1412 ζήλου
2540 1342 2683 1404 τινὸς
2721 1342 3132 1411 ἀνοιδουμένην,
3168 1342 3229 1407 ἐξ
3261 1343 3483 1396 ὀλίσθου

1896 1433 2264 1502 προαχθεῖσαν
2282 1431 2508 1502 γνώμης
2542 1433 2631 1484 καὶ
2659 1432 2757 1485 οὐκ
2788 1433 2850 1484 ἐκ
2869 1448 3015 1495 τινος
3046 1433 3365 1494 εὐσταθείας
3388 1434 3488 1486 καὶ

1900 1525 2384 1595 μεμεριμνημένου
2433 1525 2634 1576 σκοποῦ
2667 1540 2725 1576 τε
2774 1524 2866 1577 καὶ
2906 1523 3314 1584 καταστάσεως.
3337 1525 3396 1575 Οἱ
3428 1523 3486 1576 δὲ

1896 1619 2228 1677 ἁπεναντίας
2261 1620 2349 1668 καὶ
2378 1617 2476 1687 τὴν
2499 1618 2829 1685 παραίτησιν
2855 1617 2928 1676 ὼς
2949 1615 3342 1686 λελογισμένην
3365 1617 3484 1667 ἐδέ-

1895 1728 2050 1783 χοντο
2086 1712 2176 1762 καὶ
2201 1709 2292 1761 τόν
2327 1710 2480 1775 λόγον
2512 1707 2585 1770 ὡς
2628 1708 2790 1777 ὅρκον
2824 1706 3065 1773 ἄφυκτον
3094 1706 3309 1776 ἔκρινον
3336 1725 3350 1737 ο
3385 1706 3484 1759 καὶ

1898 1806 2009 1873 γὰρ
2048 1806 2145 1856 καὶ
2177 1803 2338 1855 αὐτὸν
2380 1802 2445 1871 δὴ
2492 1802 2585 1854 ἐπὶ
2617 1805 2681 1870 τῇ
2716 1800 2815 1870 τῆς
2847 1802 3241 1869 παραιτήσεως
3266 1798 3483 1852 ἐκθέσει

118 1901 124 1907 ο
203 1884 307 1949 γὰρ
361 1885 457 1935 ἐπ’
506 1884 697 1956 ἀγαθῷ
733 1882 873 1940 εἶναι
924 1890 1036 1952 τοῖς
1085 1886 1371 1959 Ῥωμαίων
1412 1889 1705 1958 πράγμασι
1738 1887 1798 1940 τὸ
1826 1866 1872 1925 Β
1901 1866 2203 1967 ὁμολογεῖν,
2237 1897 2328 1948 καὶ
2370 1866 2534 1963 εὐχὴν
2567 1866 2703 1960 πρδνς
2746 1866 2877 1946 Θεὸν
2907 1866 3194 1962 ὀνομάζειν
3222 1893 3281 1945 τὸ
3311 1909 3484 1962 προα-

204 1974 275 2044 pi;
316 1976 374 2027 ὲν
424 1978 768 2031 καταστάσει
806 1979 907 2045 τὴν
966 1979 1297 2050 Ἐκκλησίαν
1346 1976 1541 2050 εἶναι),
1603 1980 1797 2050 μικρὸν

203 2066 481 2138 ἀφέμενος
514 2068 627 2120 τῶν
676 2068 783 2133 ἔξω
822 2071 1121 2140 φροντίδων
1166 2072 1339 2126 ἐδίδου
1375 2074 1470 2126 καὶ
1515 2076 1633 2137 ταῖς
1659 2074 1799 2144 ὑπὲρ

201 2158 297 2227 τῆς
337 2159 673 2232 Ἐκκλησίας
706 2163 1024 2232 μερίμναις,
1054 2164 1155 2234 ἤδη
1184 2165 1277 2217 καὶ
1302 2165 1466 2218 πάλιν
1492 2166 1797 2237 ἀρχομένης

204 2250 622 2319 κραδαενεσθαι.
661 2255 773 2307 Καὶ
809 2254 874 2326 δὴ
921 2256 1180 2319 συνόδους
1236 2259 1459 2325 συνῆγε,
1499 2259 1590 2310 καὶ
1637 2256 1798 2323 ἱερῶν

205 2343 419 2418 ἀνδρῶν,
472 2345 786 2418 σύνταγμα,
839 2350 964 2401 ὅσον
1016 2345 1084 2422 ἦν
1116 2349 1176 2415 te
1218 2350 1522 2420 ἀρχιερέων
1551 2351 1645 2404 καὶ
1676 2351 1798 2404 ὅσον

203 2436 265 2486 ὲκ
293 2434 586 2505 κληρικῶν
614 2454 675 2490 τε
724 2439 818 2491 καὶ
853 2439 1126 2509 μοναχῶν,
1166 2442 1247 2504 εἰς
1295 2441 1493 2495 ταυτὸν
1545 2440 1797 2507 καθίστα,

202 2529 296 2580 καὶ
328 2528 733 2600 ευνδιημέρευε
761 2530 999 2598 τούτοις,
1022 2532 1093 2585 τὰ
1120 2533 1246 2602 περὶ
1282 2531 1380 2602 τῆς
1412 2535 1799 2604 παραιτήσεως

204 2705 333 2760 licet
364 2705 521 2770 hinc,
552 2705 664 2761 alio
697 2707 826 2763 inde
865 2709 1062 2763 aemula
1110 2709 1458 2765 incessanter
1500 2711 1803 2780 rapacitate

211 2800 576 2865 initiantibus,
604 2800 842 2855 consilio
874 2818 1051 2872 usque
1083 2802 1329 2859 discordi
1354 2812 1408 2858 et
1443 2812 1631 2873 parata
1655 2818 1803 2858 sem-

214 2905 305 2957 per
330 2894 617 2945 voluntate
651 2892 933 2946 contraria
971 2893 1038 2946 iis
1069 2907 1192 2960 quze
1213 2893 1382 2947 duces
1413 2893 1502 2947 alii
1541 2893 1807 2948 decerne-

224 2992 343 3036 rent
375 2984 668 3054 sequendi.
717 2983 951 3040 Militum
998 2996 1206 3048 autem,
1252 2986 1350 3055 qui
1405 2986 1509 3040 sub
1569 2986 1803 3040 istorum

228 3076 501 3132 merebant
529 3078 730 3150 signis,
767 3089 925 3149 parta
954 3095 1052 3132 usu
1088 3080 1305 3133 licentia
1342 3091 1651 3135 castrorum
1687 3097 1806 3133 mu-

1901 1988 2052 2058 χθὲν,
2088 1986 2485 2055 διεσταλμένην
2522 1988 2630 2047 τοῖς
2656 1985 2821 2038 αὐτοῦ
2857 1985 3078 2055 χείλεσι.
3115 1987 3222 2039 Καὶ
3250 1984 3488 2052 διεφιλοο

1900 2080 2115 2134 νείκουν
2146 2080 2417 2141 ἐντεῦθεν,
2442 2079 2490 2130 oi
2537 2078 2634 2146 μὲν
2666 2077 2841 2141 ἔνθεν,
2876 2079 2923 2130 οἱ
2965 2077 3010 2129 δ’
3041 2079 3250 2129 ἐκεῖθεν
3285 2078 3354 2128 τὰ
3385 2072 3486 2144 τῆς

1899 2170 2127 2240 γνώμης
2165 2169 2400 2240 ἔχοντες.
2446 2170 2556 2222 Καὶ
2595 2169 2655 2223 οὐ
2684 2168 2939 2221 τοσοῦτον
2971 2169 3099 2239 περὶ
3129 2168 3230 2237 τῆς
3279 2185 3486 2237 παραι-

1899 2265 2110 2331 τήσεως
2164 2261 2349 2330 σφίσιν
2386 2262 2414 2313 ὁ
2448 2261 2601 2325 λόγος
2635 2255 2702 2327 ἦν
2732 2260 2853 2312 ὅσον
2901 2263 3030 2328 περὶ
3066 2259 3159 2311 τοῦ
3210 2259 3400 2329 ὅρκου,
3435 2258 3487 2311 ει

1901 2357 2080 2419 ἔξεστι
2106 2355 2241 2417 τέως
2270 2353 2598 2423 παριδόντας
2629 2354 2791 2405 αὐτὸν
2828 2352 3161 2420 ἀναγκάζειν
3192 2352 3288 2405 καὶ
3325 2347 3487 2415 αὖθις

1901 2447 2254 2517 πατριὰρχην
2288 2446 2388 2514 τὴν
2420 2444 2593 2515 ἀρχὴν
2622 2445 2895 2513 δέχεσθαι.
2924 2444 3033 2495 Καὶ
3057 2445 3169 2505 τοῖς
3208 2442 3308 2512 μὲν
3332 2441 3490 2495 ἀπώ-

1906 2554 2069 2607 μοτον
2107 2536 2244 2600 ὅλως
2276 2536 2452 2589 ἐδόκει
2491 2536 2584 2589 τὸν
2612 2535 2938 2605 ψευδορκὶας
2968 2534 3167 2588 ἁλόντα
3210 2533 3487 2604 πατριάρ-

1907 2733 2062 2774 acres
2102 2731 2263 2773 curas
2293 2713 2634 2769 stabilienda:
2677 2713 2825 2783 pacis
2856 2710 3134 2775 Ecclesiae,
3187 2725 3310 2780 qua:
3349 2723 3490 2764 con-

1911 2812 2021 2867 cuti
2075 2824 2269 2863 rursus
2340 2805 2673 2874 incipiebat;
2722 2803 3073 2873 congregavit
3129 2801 3391 2872 synodos,
3435 2807 3492 2853 et

1907 2914 2190 2956 sacrorum
2221 2897 2503 2952 hominum
2533 2903 2861 2950 conventum
2911 2893 3172 2958 instituit,
3221 2900 3491 2961 quantum

1909 2992 1975 3045 ad
2012 3005 2233 3044 manum
2264 2987 2367 3042 fuit
2398 2989 2802 3057 episc0p0rum,
2836 2992 3101 3054 quantum
3161 2983 3492 3037 clericorum

1910 3094 1964 3139 et
1992 3082 2412 3142 monachorum.
2440 3080 2493 3133 in
2534 3093 2700 3132 unum
2752 3093 2976 3147 cogens.
3010 3075 3147 3129 Cum
3202 3075 3287 3129 his
3344 3081 3493 3128 totos

224 3172 510 3251 tenuiorum
533 3214 549 3237 ,
583 3172 940 3242 cupidissima
975 3169 1285 3243 praedarum
1309 3173 1547 3228 aviditas
1574 3171 1808 3228 faciebat
1837 3209 1878 3266 Ο
1913 3176 2029 3244 ipsc
2058 3174 2293 3228 durabat
2330 3172 2472 3235 dies,
2529 3169 2931 3240 patientissime
2991 3167 3312 3238 disquirens
3361 3164 3493 3235 quid

211 3266 371 3339 357
399 3267 546 3320 utab
578 3280 644 3319 eo
665 3273 1005 3334 satraparum
1026 3280 1185 3334 quem
1215 3264 1503 3334 quiescere
1536 3265 1805 3339 viderent,

211 3360 397 3413 statim
426 3359 496 3412 ad
527 3358 695 3411 alium
728 3373 860 3412 suos
899 3356 964 3410 ad
995 3357 1217 3426 rapinas
1250 3336 1639 3411 immittcntem
1662 3369 1811 3412 tran-

211 3454 411 3519 sirent,
446 3451 629 3506 securi
666 3449 978 3519 disciplinae
1011 3450 1294 3515 militaris,
1348 3459 1405 3503 et
1454 3465 1618 3504 unam
1652 3450 1810 3503 unice

212 3551 560 3616 spectantes,
598 3558 721 3612 quae
753 3542 871 3596 sola
914 3541 1029 3597 illis
1057 3548 1177 3596 erat
1208 3540 1451 3597 bellandi
1481 3538 1643 3604 ratio,
1671 3537 1809 3593 lucri

214 3639 318 3693 sibi
369 3652 440 3692 ex
474 3645 638 3706 rapto
671 3634 1001 3690 conficiendi
1048 3633 1522 3689 commoditatem.
1560 3633 1620 3688 Id
1665 3632 1812 3702 quod

217 3742 344 3785 tunc
381 3726 798 3800 Solymampaxi
836 3727 1193 3799 contingens,
1227 3733 1286 3780 ut
1320 3725 1579 3780 nimirum
1612 3723 1813 3779 milites

217 3838 341 3876 eum
391 3823 479 3876 sui
527 3819 895 3875 abstinentem
938 3819 1052 3888 jam
1115 3833 1146 3873 a
1209 3817 1422 3886 rapinis
1482 3817 1811 3872 desererent

220 3914 747 3986 transfugerentque
779 3912 845 3967 ad
877 3914 1139 3967 Amnram
1190 3911 1245 3965 in
1277 3908 1547 3964 Bouiania
1586 3907 1813 3963 latroci-

220 4020 467 4074 nantem,
524 4007 742 4062 obstitit
793 4007 1091 4075 quominus
1143 4014 1368 4076 sperato
1410 4019 1475 4060 ex
1523 4011 1643 4074 ejus
1688 4018 1811 4056 eum

218 4098 549 4171 Citximpaxi
578 4101 844 4154 societate
868 4098 1181 4168 urgentium
1208 4097 1477 4153 malorum
1502 4098 1815 4152 laxamento

219 4195 488 4271 quopiam
531 4191 768 4246 Romani
820 4192 1171 4254 fruerentur,
1223 4189 1489 4245 militibus
1545 4189 1665 4259 ejus
1717 4203 1816 4258 per

220 4288 524 4343 transitum
581 4286 650 4341 ad
694 4285 802 4341 alia
845 4284 1045 4340 infesta
1099 4284 1383 4340 Romaniae
1423 4293 1606 4339 castra
1654 4281 1814 4336 malis

221 4379 423 4434 iisdem
482 4375 702 4445 imperii
745 4374 994 4431 subditos
1028 4390 1178 4429 nunc
1214 4373 1572 4437 vexantibus,
1614 4371 1815 4440 quibus

220 4484 389 4529 antea
429 4472 657 4526 eosdem
710 4469 1031 4534 affecerant,
1077 4483 1204 4523 cum
1255 4465 1498 4521 nondum
1534 4462 1815 4519 conciliati

1909 3269 2068 3338 juxta
2104 3280 2347 3321 canones
2381 3264 2447 3317 de
2481 3262 2808 3331 patriarchae
2851 3260 3196 3315 abdicatione
3246 3267 3493 3313 statuen-

1914 3363 2043 3415 dum
2092 3360 2393 3415 videretur.
2431 3354 2736 3410 Celebratis
2772 3368 2870 3424 per
2900 3354 3020 3407 dies
3060 3351 3270 3421 aliquot
3309 3351 3499 3406 istius-

1915 3452 2064 3508 modi
2121 3450 2511 3512 conventibus,
2540 3448 2715 3504 scindi
2748 3449 2839 3516 qui
2881 3447 3164 3501 coiverant
3206 3453 3497 3513 cceperunt

1915 3544 1971 3600 in
1994 3546 2130 3599 dans
2165 3542 2512 3612 potissimum
2547 3540 2872 3595 sententias.
2901 3537 3040 3592 Nam
3074 3537 3168 3607 qui
3232 3535 3492 3590 favebant

1915 3638 2265 3710 patriarchae,
2299 3632 2701 3689 abdicationem
2755 3631 2874 3702 ejus
2921 3630 3342 3698 haudquaquam
3398 3627 3500 3680 ad-

1915 3725 2238 3780 mittendam
2271 3723 2663 3794 opinabantur,
2694 3722 2894 3790 quippe
2927 3726 3105 3788 quam‘
3134 3719 3381 3773 dicerent
3414 3716 3500 3770 in-

1916 3818 2027 3872 vito
2053 3823 2350 3878 extortam,
2373 3814 2524 3883 justa
2562 3813 2902 3883 impatientia
2933 3811 3275 3883 gravissimae
3307 3819 3503 3864 contu-

1917 3910 2125 3977 meliae;
2159 3909 2317 3977 cujus
2367 3921 2494 3961 eum
2554 3905 2959 3974 reparationem
2990 3901 3157 3975 348
3203 3903 3503 3970 impetrare

1916 4001 2012 4057 diu
2054 3999 2307 4071 flagitans
2338 3997 2696 4067 nequivisset,
2726 3996 3057 4050 necessitate
3103 3995 3331 4048 adactus
3363 4006 3501 4061 qua-
3560 4036 3568 4044 .

1917 4092 2041 4147 dam
2076 4091 2144 4146 ad
2178 4090 2311 4144 illud
2341 4098 2646 4144 extremum
2677 4087 2969 4144 consilium
3001 4100 3109 4139 non
3148 4096 3254 4139 tam
3286 4083 3503 4137 venerit

1916 4201 2082 4256 quam
2152 4183 2203 4239 vi
2262 4193 2449 4237 trusus
2500 4180 2662 4235 fuerit
2732 4177 3115 4234 renuntianda;
3191 4172 3501 4244 dignitatis.

1917 4280 2101 4346 Quare
2137 4292 2244 4331 non
2281 4274 2449 4329 videri
2501 4272 2726 4327 dubium
2765 4271 2899 4342 quin
2952 4278 3176 4340 paratus
3233 4268 3279 4321 is
3311 4267 3382 4322 sit
3431 4264 3499 4319 ad

1918 4369 2301 4445 resumendam
2328 4366 2778 4434 retinendamque
2808 4361 3230 4432 patriarchalem
3267 4368 3511 4430 potesta-.

1922 4476 2051 4529 tem,
2081 4462 2264 4527 simul,
2289 4459 2438 4530 quod
2463 4460 2584 4530 jure
2609 4457 2871 4528 postulat,
2914 4457 3062 4527 jusla
3089 4453 3509 4509 calumniator-is

220 4564 672 4639 Solymampaxis
694 4564 852 4634 signa
879 4567 1258 4632 sequerentur.
1291 4557 1398 4613 Sed
1429 4571 1552 4628 quae
1573 4553 1814 4610 indidem
1851 4558 1895 4615 D
1924 4556 2279 4612 damnatione
2314 4563 2579 4626 purgatus
2632 4552 2735 4606 rite
2767 4550 2934 4606 fuerit
2987 4549 3202 4604 macula
3251 4547 3505 4604 criminis

220 4663 325 4716 alia
380 4657 520 4714 oriri
574 4656 775 4713 deinde
822 4655 965 4711 mala
999 4654 1256 4725 contigit,
1304 4666 1406 4709 suo
1457 4650 1658 4705 iterum
1692 4646 1814 4703 loco

222 4755 565 4810 referentur.

221 4848 312 4903 51.
352 4843 641 4916 Synodica:
685 4837 1092 4916 deliberationes
1118 4837 1263 4891 circa
1302 4837 1626 4907 patriarcha:
1666 4838 1817 4892 abdi-

873 4910 1158 4962 cationem.

291 5031 567 5085 Caeterum
597 5027 697 5080 hac
731 5023 1094 5094 qualicunque
1122 5021 1293 5077 rebus
1325 5021 1583 5076 Romanis
1616 5035 1682 5076 ex
1714 5019 1818 5077 fua-

222 5119 617 5178 dereduorum
672 5126 1022 5185 satraparum
1072 5114 1415 5170 remissionis
1463 5114 1646 5170 oblata
1696 5129 1815 5184 spe,

223 5231 351 5285 quae
382 5227 554 5284 quam
587 5224 727 5266 vana
762 5216 933 5273 esset,
969 5224 1072 5264 usu
1099 5208 1377 5278 posterius
1400 5208 1696 5278 apparuit;
1737 5206 1821 5262 in-

224 5309 437 5381 ducias
478 5304 795 5375 urgentium
844 5317 1103 5359 curarum
1158 5309 1356 5356 nactus
1402 5302 1619 5355 interim
1670 5301 1820 5355 velut

227 5402 508 5470 quasdam
543 5398 866 5468 imperator,
900 5410 1066 5464 grave
1108 5410 1208 5450 nec
1224 5392 1679 5449 committendum
1717 5392 1820 5447 sibi

227 5490 443 5562 putavit
482 5489 848 5561 supersedere
905 5486 1145 5555 amplius
1191 5486 1417 5540 conatui
1466 5484 1821 5540 restituenda:

229 5579 662 5651 tranquillitatis
694 5579 981 5641 Ecclesiae,
1014 5579 1176 5648 cujus
1213 5578 1514 5649 gliscentes
1544 5577 1817 5631 turbatio-

231 5691 329 5730 nes
363 5676 417 5729 in
449 5672 776 5744 reipublicae
824 5670 1002 5741 ipsius
1032 5685 1097 5725 ac
1151 5678 1330 5726 status
1372 5669 1583 5736 politici
1619 5670 1823 5722 redun-

232 5763 363 5822 dare
390 5765 704 5836 periculum
758 5762 1124 5833 intelligebat.
1177 5757 1451 5832 lmpendit
1489 5761 1655 5833 igitur
1698 5760 1822 5814 bre-

238 5873 357 5913 vem
400 5857 554 5913 illaut
589 5871 621 5911 a
675 5852 1144 5911 sollicitudinibus
1195 5854 1408 5924 imperii
1463 5853 1709 5921 requiem
1766 5849 1822 5904 in
1874 5923 1887 5936 ι

1922 4650 2060 4704 falso
2127 4649 2377 4718 impacti.
2421 4644 2534 4701 Nec
2586 4659 2718 4699 vero
2768 4657 2890 4721 quae
2932 4646 3100 4696 verba
3159 4639 3504 4708 perturbatio

1918 4743 2021 4815 ipsi
2049 4758 2207 4813 aegrae
2240 4740 2430 4796 dolore
2456 4739 2608 4809 gravi
2639 4737 2839 4792 mentis
2886 4733 3183 4804 expressit,
3235 4747 3335 4800 pro
3370 4747 3505 4789 vera

1915 4834 2277 4907 jurisjurandi
2345 4832 2578 4888 formula
2621 4839 2876 4900 oportere
2938 4827 3133 4895 accipi.
3175 4824 3507 4894 Prolapsnm

1920 4928 1975 4982 in
2008 4929 2127 4981 limo
2159 4941 2286 4979 eum
2319 4925 2432 4980 acri
2460 4923 2627 4978 animi
2655 4933 2916 4975 aarumna:
2945 4933 3110 4973 sensu
3165 4916 3513 4981 gravissimas

1919 5020 2204 5075 mstuantis
2256 5032 2506 5087 angore:
2566 5029 2675 5070 non
2707 5023 2909 5075 autem,
2972 5024 3027 5064 ut
3059 5010 3125 5063 ad
3184 5009 3511 5079 religionem

1915 5114 2216 5183 juramenti
2255 5114 2357 5167 rite
2386 5109 2845 5165 consciscendam
2888 5122 3027 5176 opus
3082 5103 3283 5169 fuerat,
3328 5102 3517 5158 libero

1921 5209 2022 5264 sibi
2051 5205 2360 5261 constantis
2390 5203 2605 5258 arbitrii
2632 5201 2863 5270 judicio,
2911 5199 3004 5253 illa
3030 5198 3303 5253 volentem
3330 5196 3511 5251 scien-

1923 5306 2144 5368 temque
2180 5292 2498 5364 protulisse.
2525 5290 2812 5346 Contraria
2838 5289 2921 5344 his
2948 5297 3065 5343 erat
3092 5287 3256 5342 factio
3286 5286 3513 5341 abdicas

1926 5392 2127 5445 tionem
2159 5397 2217 5442 ut
2261 5400 2432 5441 ratam
2466 5385 2883 5453 legitimamque
2925 5381 3355 5452 acceptantium,
3384 5393 3510 5434 ver-

1927 5482 2103 5550 baque
2152 5479 2205 5533 in
2253 5494 2319 5534 ea
2375 5477 2577 5547 posita-
2611 5473 2986 5529 irrevocabilis
3040 5471 3337 5544 juramenti
3394 5470 3511 5526 vim

1925 5584 2135 5630 certam
2174 5573 2421 5628 obtinere
2449 5569 2837 5640 iudicantium.
2874 5564 3011 5619 Nam
3039 5575 3093 5620 et
3131 5564 3308 5632 ipsum
3346 5561 3397 5614 id
3427 5559 3512 5614 fa-

1928 5663 2026 5719 teri
2055 5663 2147 5733 qui
2183 5678 2342 5716 suum
2373 5659 2578 5729 optime
2612 5671 2834 5713 sensum
2870 5655 3084 5719 calluit,
3136 5653 3190 5706 in
3217 5654 3333 5723 ipsa
3368 5650 3511 5705 serio

1926 5766 2022 5826 pto
2081 5754 2242 5810 edita:
2282 5752 2648 5808 abdicationis
2701 5749 2934 5804 formula
2988 5747 3280 5809 Joannem,
3335 5741 3515 5797 nomi-

1930 5847 2111 5904 nando
2147 5848 2199 5904 id
2229 5857 2414 5902 votum
2444 5861 2473 5899 a
2498 5858 2557 5899 se
2602 5841 2713 5897 Deo
2741 5839 2947 5896 factum
3011 5837 3157 5907 quod
3221 5853 3319 5893 sua
3366 5836 3509 5893 labia
