4024 6440
537 433 646 497 383

1748 425 2073 488 GEORGII
2103 421 2295 484 I’ACH
2312 423 2592 483 YMERAE
3719 418 3812 482 3%

536 570 643 624 χην
703 549 1024 604 τούντεῦθεν
1072 549 1166 602 καὶ
1212 543 1354 603 εἶναι
1409 550 1506 603 καὶ
1533 547 1934 619 ὀνομάζεσθαιο
1965 548 2014 598 οἱ
2065 543 2120 596 δὲ
2151 546 2198 601 Δ
2233 546 2364 615 παρ’
2394 547 2600 598 ἐκεῖνον
2643 543 2878 612 ἀφίξεως
2912 559 3097 606 ενεκα,
3142 540 3499 610 συνέπεμπον
3537 539 3589 593 δέ
3621 544 3666 594 οἱ
3703 544 3813 607 τοὺς

539 645 760 715 βίϐλους
785 643 1122 696 ἀνέπτυσσον
1151 644 1242 695 καὶ
1266 644 1509 714 ἱστορίας
1542 643 1877 714 προέτεινον,
1907 639 2002 694 καὶ
2024 637 2128 691 ποῦ

538 738 641 804 μ’τν
697 733 1000 786 Ψλαδιανδν
1058 732 1144 805 [Ρ.
1197 730 1324 804 240]
1376 736 1657 805 προσῆγον
1709 734 1991 805 ὀμόσαντα
2031 731 2130 802 τὴν

535 826 871 894 χειροτονίαν
902 825 977 895 μὴ
1008 824 1261 893 δέχεσθαι
1281 825 1378 878 καὶ
1407 824 1708 896 δεξάμενον
1746 826 1996 895 ὕστερον,
2026 822 2130 876 ποῦ

533 916 593 969 δὲ
645 918 736 969 τὸν
768 917 862 968 ἐπὶ
898 915 987 969 τοῦ
1048 916 1288 985 μεγάλου
1320 916 1605 970 Βασιλείου
1654 917 1912 987 Βιάνορα,
1965 915 2133 984 θερα-

535 1009 856 1060 πευσάντων
885 1008 995 1060 τῶν
1026 1009 1200 1074 ἁγίων
1238 1009 1366 1071 τοὺς
1415 1008 1643 1063 ἐκείνων
1675 1010 1876 1079 ὅρκους
1908 1006 2133 1078 τρόποις

534 1100 847 1167 οἰκονομίας
904 1098 1001 1153 καὶ⁵
1061 1103 1444 1169 πνευματικῆς
1502 1100 1912 1162 καταστάσεως.
1962 1096 2130 1151 Ταῦτ’

536 1190 727 1257 ἔλεγον
773 1190 1303 1261 διαγνωμονοῦντες,
1339 1193 1433 1244 καὶ
1478 1192 1572 1245 ἐπὶ
1624 1191 1834 1252 τούτοις
1866 1192 1894 1243 ὁ
1941 1189 2132 1260 χρόνος

536 1284 805 1352 ἐτρίϐετο.
841 1284 1012 1345 Μόλις
1051 1286 1191 1355 μετὰ
1220 1286 1317 1355 τὴν
1349 1285 1551 1356 πολλὴν
1580 1285 2006 1355 διαφιλονεικίαν
2037 1285 2132 1336 καὶ

536 1374 637 1445 τὴν
675 1376 779 1428 ὑπὸ
814 1376 1023 1445 βασιλεῖ
1048 1377 1294 1447 ἀκροατῇ
1326 1395 1390 1445 γε
1426 1379 1522 1432 καὶ
1553 1377 1884 1448 διαγνώμονι
1915 1377 2132 1430 συνδιά-

542 1467 764 1535 σκεψιν.
806 1468 929 1520 ἐπεὶ
960 1468 1059 1521 οὐκ
1090 1465 1157 1539 ἦν
1189 1469 1511 1539 συμϐαίνειν
1540 1470 1639 1533 τὰς
1666 1468 1892 1538 γνώμας
1929 1469 2130 1532 αὐτῶν,

541 1560 623 1621 εἰς
660 1559 795 1611 πολὺ
843 1560 936 1611 τοῦ
976 1559 1172 1629 καιροῦ
1208 1561 1693 1631 κατατεινομένου,
1735 1560 1980 1629 ἔγνωσαν
2014 1561 2131 1629 ἅμα

541 1650 785 1718 πέμπειν
843 1654 929 1703 καὶ
987 1654 1198 1722 ἐρωτᾷν
1250 1653 1459 1703 ἐκεῖνον
1522 1653 1689 1705 αὑτὸν
1745 1654 2130 1723 πατριάρκηνν

540 1742 687 1803 ὅπως
720 1742 833 1811 ἔχοι
864 1742 1088 1811 γνώμης
1140 1743 1234 1795 καὶ
1270 1744 1297 1795 ὅ
1326 1760 1378 1795 τι
1408 1742 1557 1809 λέγει
1588 1744 1680 1796 ἐπί
1726 1760 1787 1795 τε
1820 1747 1884 1813 τῇ
1926 1761 2128 1814 παραι-

543 1835 701 1902 τήσει
742 1834 833 1885 καὶ
858 1833 950 1885 ἐπὶ
981 1834 1055 1901 τῷ
1086 1834 1447 1905 φημιζομένῳ
1472 1835 1650 1904 ὅρκῳ·
1684 1834 1745 1888 τὸ
1772 1836 1881 1905 γὰρ
1905 1836 2128 1896 εὐλαϐὲς

543 1929 641 1979 καὶ
674 1927 878 1980 ἁπλοῦν
914 1927 1006 1980 τοῦ
1039 1929 1231 1998 ἀνδρὸς
1257 1929 1519 1998 ἐχέγγυον
1550 1926 1695 1999 εἶχον
1721 1929 1900 1997 λέγειν
1925 1931 2132 1983 ἐκεῖνον

540 2021 610 2071 τὰ
652 2022 831 2088 πάσης
867 2020 1198 2083 ἀποδείξεως
1227 2023 1483 2092 κρείττω,
1517 2024 1599 2090 ἐφ’
1626 2016 1706 2086 οἷς
1737 2022 1845 2093 ἄρα
1875 2023 2134 2092 διημφισ-

543 2112 741 2179 6ήτουν
788 2112 1061 2178 ἀλλήλοις.
1107 2113 1217 2165 Καὶ
1268 2113 1332 2183 δὴ
1384 2114 1570 2183 ὴξίουν
1623 2115 1721 2184 μὲν
1786 2114 2132 2185 πατριάρχην

558 2202 996 2273 Ἀλεξανδρείας,
1033 2205 1147 2256 ἐκεῖ
1184 2204 1281 2257 καὶ
1312 2205 1474 2259 αὑτὸν
1508 2203 2003 2276 προκαθεζόμενον.
2036 2206 2134 2275 τῆς

548 2377 928 2433 distinxerim.
992 2384 1174 2450 Atque
1223 2380 1277 2434 in
1335 2380 1435 2434 hoc
1488 2380 1575 2433 isti
1640 2380 1830 2434 obnixi
1892 2380 2132 2449 stabant,

549 2470 906 2525 contentione
947 2480 1098 2525 certa
1142 2486 1248 2524 non
1284 2472 1502 2535 cedere,
1538 2471 1664 2529 aliis
1718 2471 1893 2525 nihilo
1946 2472 2138 2526 remis-

550 2561 669 2617 sius
702 2562 1159 2631 repugnantibus.
1204 2560 1316 2616 Nee
1371 2577 1499 2631 spes
1547 2563 1845 2632 apparebat
1884 2563 2137 2619 ﬁniendae

552 2656 951 2720 altercationis,
983 2671 1105 2726 quae
1135 2656 1314 2710 minus
1342 2656 1491 2709 circa
1524 2655 1924 2711 abdicationem
1962 2658 2134 2727 ipsam

550 2763 718 2817 quam
745 2748 889 2801 circa
941 2748 1106 2801 verba
1161 2747 1251 2801 illa
1290 2748 1589 2817 jurarnenti
1652 2749 1891 2817 speciem
1946 2750 2139 2817 prtefe-

550 2840 727 2894 reutia
747 2848 1051 2896 exarserat.
1073 2838 1260 2908 quue
1285 2855 1369 2893 res
1382 2840 1697 2905 devenerat,
1722 2850 1780 2892 ut
1797 2852 2138 2910 qurereretur

550 2945 680 2982 nmn
708 2930 923 2983 etiamsi
956 2931 1097 2982 forte
1132 2944 1253 2982 sese
1285 2929 1376 2982 ille
1406 2929 1803 2983 obstrinxisset
1851 2930 2139 2998 qualicun-

551 3037 658 3087 que
689 3022 1025 3091 iuramento,
1053 3021 1191 3075 solvi
1223 3032 1287 3074 ea
1323 3021 1591 3091 religione
1625 3022 1850 3075 deberet
1883 3022 2139 3092 adigique

555 3113 724 3165 nihilo
756 3113 940 3166 secius
967 3114 1031 3165 ad
1066 3115 1455 3167 resumendam
1490 3112 1697 3167 Sedem.
1727 3111 1781 3165 lu
1818 3129 1929 3182 quo
1980 3116 2141 3168 velte-

555 3217 771 3258 IIIi‘lIICl‘
799 3207 1244 3259 adversabantur
1280 3205 1371 3274 qui
1424 3219 1548 3259 eum
1589 3205 1691 3260 rite
1727 3220 1791 3260 ac
1821 3207 1999 3261 valide
2049 3224 2132 3261 re.
2162 3224 2204 3279 ο

555 3298 836 3349 ηιιυιὲιιεκο
870 3294 1306 3359 contendebant,
1363 3296 1636 3348 nefarium
1694 3306 1745 3349 et
1796 3300 2137 3353 exsecrabile

553 3397 863 3450 censentes,
889 3387 1059 3442 seruet
1094 3387 1321 3457 perjurii
1363 3396 1727 3456 compertum,
1766 3391 2137 3459 patriarrbam

553 3478 753 3530 deinde
783 3486 993 3533 ct‘esse
1031 3487 1086 3532 et
1123 3479 1422 3533 nominari.
1449 3478 1654 3533 Contra
1692 3480 1787 3533 alii
1840 3480 2011 3536 libros
2056 3499 2143 3537 re—

556 3571 831 3638 plicabam
869 3580 1104 3634 veteres,
1141 3571 1519 3640 bistoriasque
1544 3572 1876 3639 allegabaut.
1910 3573 1974 3625 Et
2000 3589 2143 3627 nunc

554 3662 775 3727 quidem
844 3662 1162 3716 Flavianum
1228 3663 1626 3731 producebant,
1687 3664 1783 3731 qui
1853 3675 2139 3733 pOSIquaut

550 3753 797 3820 jus‘assvt
835 3768 894 3807 se.
950 3738 1355 3808 ordinationem
1417 3769 1526 3809 non
1578 3763 1957 3822 accepturum.
2020 3771 2140 3809 eam

560 3845 760 3898 deinde
850 3857 1031 3899 tamen
1109 3846 1428 3914 acceperit:
1506 3861 1630 3901 mox
1690 3849 1854 3903 etiam
1904 3858 2146 3917 tempore

557 3939 725 4010 3&9
755 3944 932 4008 magni
971 3941 1154 3996 Basilii
1192 3943 1341 4011 paria
1377 3943 1587 3998 dictum
1623 3946 1800 4014 egisse
1831 3946 2143 4013 Bianorem,

560 4037 769 4086 santtis
797 4035 1053 4088 videlicet
1096 4036 1350 4091 Patribus
1391 4038 1541 4107 ipsos
1586 4037 1851 4107 religione
1912 4040 2147 4109 jurisju-

563 4128 717 4180 randi
752 4128 1118 4184 liberantibus
1157 4131 1672 4186 accommodatioue
1695 4132 1868 4202 quieti
1902 4141 2037 4187 tunc
2065 4151 2150 4188 re-

564 4232 682 4271 rum
717 4231 1019 4287 opportuna
1069 4232 1121 4274 et
1154 4221 1289 4290 ipsis
1331 4222 1596 4292 inSpirata
1647 4223 1935 4280 divinitus.
1992 4225 2145 4279 Talia

563 4310 823 4378 u:rinqne
875 4312 1220 4365 irrevocabili
1252 4313 1552 4381 pertinacia
1594 4315 1990 4370 contendentes
2017 4315 2149 4369 alle-

563 4401 788 4467 gabant.
825 4406 1000 4470 Atque
1033 4403 1344 4470 huiusmodi
1377 4403 1579 4473 jurgiis
1628 4415 1842 4475 tempus
1897 4408 2151 4461 absume-

571 4494 752 4559 batur,
795 4494 974 4562 quoad
1014 4496 1100 4547 vix
1134 4496 1351 4549 tandem
1378 4506 1501 4564 post
1541 4498 1765 4551 multam
1803 4499 1950 4552 illam
1987 4500 2151 4554 alter-

564 4585 840 4656 cntionem
871 4599 921 4639 et
948 4586 1229 4643 imlefcssc
1258 4589 1792 4658 eunetispraesentis
1839 4603 2149 4662 cunctaque

564 4684 771 4728 aiter-te
799 4676 1073 4730 audientis
1120 4690 1540 4750 cooperantem,
1600 4690 1765 4750 prout
1806 4692 2039 4751 poterat,
2080 4685 2147 4738 ad

564 4768 770 4836 a‘iquiil
807 4770 1044 4838 denique
1071 4771 1482 4827 decernendum
1541 4773 1997 4830 deliberationem
2041 4777 2145 4831 im-

566 4863 857 4930 peratoris,
912 4880 1035 4915 eum
1092 4864 1253 4918 aliter
1285 4864 1500 4921 inﬁnite
1536 4867 1823 4922 discordes
1856 4868 1913 4922 in
1976 4884 2146 4923 unum

566 4955 686 5023 cogi
729 4957 1017 5008 sententiae
1041 4957 1353 5024 nequirent,
1383 4967 1722 5013 conventum
1756 4974 1984 5015 assensu
2017 4977 2153 5016 cun-

567 5057 778 5101 (‘lttl‘tlill
816 5058 900 5100 est
931 5049 1071 5103 mitti
1096 5061 1353 5119 oportere
1386 5052 1483 5122 qui
1517 5052 1698 5121 ipsum
1749 5052 2155 5122 intermgarent

568 5141 962 5208 putrim‘t‘llam,
997 5159 1104 5212 quo
1158 5144 1343 5197 animo
1382 5143 1795 5199 abdicationem
1843 5146 2154 5215 scripserit,

566 5232 807 5300 quidque
838 5245 1019 5289 mente
1048 5246 1293 5290 verSaret
1326 5251 1450 5290 cum
1483 5236 1576 5290 illa
1632 5236 2002 5307 iurisiurandi
2044 5238 2154 5292 for-

570 5343 711 5379 lttall!
753 5325 1100 5393 pia-ferentia
1132 5328 1403 5397 proferret
1432 5331 1617 5383 verba.
1655 5328 1787 5382 Eam
1841 5331 1988 5384 enim
2021 5346 2157 5385 con-

563 5417 915 5471 stabatinter
961 5431 1156 5470 omnes
1210 5432 1334 5471 esse
1365 5417 1740 5470 sinceritatem
1797 5427 1852 5473 et
1884 5419 2155 5488 simplici-

567 5520 733 5564 tatem
769 5511 896 5570 viri.
928 5526 1050 5580 quae
1103 5510 1348 5578 pignoris
1407 5511 1528 5565 loco
1573 5522 1717 5566 esset
1767 5512 1951 5566 idonei
2008 5513 2153 5570 haud

566 5604 712 5655 aliud
748 5604 924 5671 ipsum
955 5604 1021 5656 de
1066 5603 1229 5656 rebus
1256 5602 1336 5656 illi
1379 5603 1473 5656 uni
1506 5618 1571 5656 ex
1605 5603 1813 5659 intima:
1864 5606 2153 5663 admonitu

567 5698 923 5752 conscientim
963 5697 1449 5767 perspectissimis,
1503 5698 1571 5752 de
1597 5699 1800 5768 quibus
1837 5717 1984 5755 nunc
2033 5704 2154 5756 dis-

565 5790 1345 5859 erptaretair.’reSponsuruin,
1371 5805 1534 5859 quam
1588 5790 1733 5859 quod
1764 5806 1952 5847 revera
1978 5805 2148 5850 esset.

569 5879 753 5949 Ifuquc
807 5892 1063 5951 rogarunt
1099 5882 1464 5950 pazriztrebam
1497 5871 1948 5949 Aleraudrinum,
1978 5885 2069 5950 qui
2106 5894 2157 5940 et

2181 4557 2230 4615 D

2235 637 2599 707 συνεροῦντας
2633 638 2733 699 καὶ,
2774 636 2868 690 δύο
2899 637 3199 707 ἀρχιερεῖς,
3248 635 3345 686 τόν
3386 650 3445 685 τε
3481 634 3700 703 Κρήτης
3729 636 3815 687 Νι-

2232 728 2474 795 κηφόρον
2502 729 2597 781 καὶ
2653 728 2746 780 τὸν
2786 729 3086 797 Περγάμου
3132 726 3437 797 Ἀρσένιον.
3479 723 3546 779 Οἳ
3590 727 3680 777 καὶ
3708 728 3818 780 ἐπι-

2234 819 2457 882 στάντες
2482 824 2610 889 περὶ
2640 822 2737 889 τῆς
2776 824 3167 891 παραιτήσεως
3208 817 3307 872 καὶ
3338 816 3437 871 τοῦ
3473 817 3634 885 λόγου
3663 817 3734 883 ὡς
3760 821 3815 873 ὲκ

2233 912 2455 965 συνόδου
2486 914 2667 981 πάσης
2692 913 2785 967 καὶ
2811 912 3081 984 βασιλέως
3111 910 3566 965 διεπυνθάνοντο.

2232 1028 2334 1100 λβ⁰.
2378 1029 2519 1097 Περὶ
2560 1028 2672 1097 τῆς
2706 1030 2855 1097 πρὸς
2893 1027 3182 1100 Ἰωάννην
3220 1026 3329 1100 τοῦ
3376 1025 3819 1100 Ἀλεξανδρείας
3864 1016 3869 1023 ’

2430 1101 2685 1170 ἀφίξεως
2714 1100 2811 1153 καὶ
2852 1098 2961 1165 τῆς
2995 1097 3343 1168 ἀπολογίας·
3369 1097 3639 1150 ἐκείνου.

2316 1191 2375 1245 Ὀ
2403 1191 2459 1245 δὲ
2494 1191 2589 1243 τὸν
2614 1190 2882 1259 ἀπόλογον
2912 1192 3036 1243 ὅσον
3061 1185 3129 1259 ἦν
3160 1186 3479 1257 συντεμὼν,
3506 1191 3692 1258 γραφῇ
3731 1205 3820 1259 ση-

2236 1283 2412 1352 μήνας
2455 1283 2799 1337 ἀπέστειλεν.
2837 1277 2946 1334 Ἶιν
2993 1281 3036 1334 δ’
3077 1281 3162 1333 ἐπ’
3190 1280 3371 1348 αὐτῆς
3400 1281 3582 1333 εἰπεῖν
3613 1281 3708 1349 τῆς
3735 1280 3816 1333 λέ-

2234 1375 2371 1440 ξεως
2411 1375 2613 1445 ἔχουσα
2657 1374 2865 1438 οὕτως·
2901 1392 2920 1424 σ
2970 1374 3222 1427 Δέσποτα
3247 1370 3534 1442 ξμου.ὅ.γιε
3589 1371 3815 1441 βασιλεῦ,

2233 1464 2600 1536 διεμηνύσατὸ
2648 1468 2798 1537 μοιή
2832 1466 3073 1537 κραταιὰ
3114 1466 3209 1518 καὶ
3258 1463 3400 1532 ἁγία
3438 1463 3686 1535 βασιλεία
3731 1481 3814 1517 σου

2234 1558 2329 1609 καὶ
2360 1560 2392 1627 ἡ
2426 1556 2547 1610 θεία
2591 1560 2683 1611 καὶ
2716 1558 2837 1626 ἱερά
2888 1557 3128 1620 σύνοδος,
3178 1557 3323 1627 μετὰ
3375 1555 3475 1609 τοῦ
3529 1556 3815 1624 ἀγιιιιτάτου

2234 1651 2436 1704 πάππα
2468 1653 2560 1705 καὶ
2590 1652 2933 1723 πατριάρχου
2979 1649 3398 1719 Ἀλεξανδρείας
3425 1648 3522 1702 καὶ
3556 1648 3692 1717 μετὰ
3720 1648 3813 1701 τῶν

2233 1744 2326 1796 δύο
2352 1743 2677 1813 ἀρχιερέων,
2701 1742 2788 1795 ἵνα
2818 1742 3201 1811 παραδηλωσω
3220 1742 3285 1809 τῇ
3318 1741 3567 1808 κραταιᾴ
3592 1740 3680 1791 καὶ
3704 1740 3816 1807 ἁγίᾳ

2238 1833 2486 1903 βασιλείᾳ
2521 1832 2606 1906 [Ρ.
2639 1831 2769 1903 2-H]
2805 1849 2898 1884 σου
2953 1832 3102 1892 ὅπως
3135 1830 3245 1899 ἔχω
3288 1830 3525 1898 γνώμης
3566 1832 3690 1899 περὶ
3730 1828 3811 1880 τοῦ

2239 1923 2549 1993 συμϐάντος
2581 1923 2662 1984 εἰς
2693 1920 2794 1989 ἐμὲ
2820 1920 2998 1986 λόγου,
3031 1919 3112 1972 ἔτι
3134 1920 3189 1971 δὲ
3224 1918 3321 1972 καὶ
3351 1919 3483 1988 περὶ
3509 1917 3609 1985 τῆς
3640 1932 3813 1984 παραι-

2236 2010 2447 2083 τήσεώς
2477 2029 2599 2080 μου.
2652 2012 2756 2063 Καὶ
2788 2009 2895 2063 ἔδει
2927 2008 3002 2080 μὴ
3032 2010 3092 2062 τὸ
3125 2008 3394 2078 παράπαν
3427 2006 3810 2076 ἀποκρίνασθαί

2240 2121 2332 2174 με,
2372 2103 2475 2171 τῆς
2513 2101 2651 2172 ἐμῆς
2683 2101 3068 2170 παραιτήσεως
3116 2099 3304 2166 σαφῶς
3339 2096 3692 2165 παριστώσης
3726 2095 3810 2162 τὴν

2239 2198 2377 2270 ἐμὴν
2405 2197 2662 2268 βούλησιν
2683 2212 2697 2226 ·
2731 2193 2854 2248 ἐπεὶ
2891 2192 2948 2245 δὲ
2977 2183 3132 2263 μόλις
3176 2190 3272 2245 νῦν
3308 2189 3627 2261 ὲρωτῶμαι,
3657 2188 3726 2249 ὡς
3760 2187 3809 2238 ὲν

2239 2382 2441 2452 ipsein
2502 2381 2693 2452 primis
2749 2381 2870 2450 eius
2920 2394 3216 2435 consessus
3240 2375 3535 2432 subselliis
3584 2372 3805 2434 sedebat,

2240 2472 2391 2527 adire
2423 2472 2489 2526 ad
2521 2471 2788 2527 Joannem
2814 2486 2877 2525 ea
2916 2486 3079 2524 «ausa
3118 2486 3183 2523 ne
3211 2478 3564 2538 gravaretur.
3594 2462 3806 2517 Addide-

2239 2575 2368 2621 runt
2389 2566 2439 2620 ei
2473 2564 2767 2636 legationis
2800 2564 2963 2634 Iiujus
2994 2564 3175 2618 socius
3207 2563 3354 2616 duos
3379 2560 3686 2628 episcopos,
3718 2550 3799 2605 Ni-

2239 2660 2544 2729 cephorum
2580 2658 2903 2714 Cretensem
2943 2663 2998 2710 et
3053 2654 3356 2710 Arsenium
3394 2651 3802 2721 Pergamenum;

2240 2753 2332 2822 qui
2357 2761 2412 2807 et
2446 2750 2675 2822 preteeti
2699 2750 2764 2804 ad
2797 2748 3056 2803 Joannem
3094 2747 3163 2801 ab
3201 2760 3267 2801 eo
3301 2744 3529 2799 nomine
3562 2742 3804 2796 universa:

2238 2844 2431 2916 synodi
2466 2853 2518 2897 et
2564 2840 2917 2911 imperatoris
2969 2839 3336 2910 quarsierunt,
3380 2834 3511 2904 quid
3571 2832 3634 2885 de
3674 2829 3805 2883 abdi-

2239 2936 2457 2990 catione
2489 2949 2589 2988 sua
2615 2933 2793 3002 deque
2822 2931 3138 2994 verborum,
3165 2927 3379 2998 quibus
3420 2925 3634 2994 iurasse
3676 2921 3803 2973 visus

2240 3038 2405 3091 esset,
2439 3042 2565 3081 vera
2594 3026 2821 3079 notione
2851 3024 2969 3094 ipse
2994 3022 3249 3078 sentiret.

2241 3142 2331 3197 3‘2.
2372 3140 2442 3194 De
2492 3138 2844 3193 Alexandrini
2890 3136 2960 3190 ad
3000 3136 3262 3190 Jonnnem
3321 3148 3533 3188 accessu
3574 3138 3621 3182 et
3667 3125 3802 3195 hujus

2898 3221 3171 3275 responso.

2314 3301 2408 3356 Ille
2441 3317 2571 3356 vero
2595 3298 2866 3371 quidquid
2908 3313 3074 3369 super
3099 3296 3186 3352 bis
3235 3293 3686 3365 respondendum
3725 3290 3804 3343 lia-

2243 3392 2396 3448 beret
2426 3393 2616 3463 paucis
2643 3392 2990 3461 complexus,
3017 3389 3226 3458 scripto
3259 3388 3650 3458 consignatum
3677 3382 3805 3435 misit

2246 3482 2398 3537 ltisce
2435 3482 2503 3536 ad
2533 3484 2775 3538 litteram
2804 3489 3069 3551 concepto
3130 3480 3326 3532 verbi
3358 3497 3371 3534 :
3415 3498 3432 3529 ι
3484 3477 3698 3531 Domine
3743 3471 3802 3524 mi

2245 3585 2432 3629 sancte
2471 3574 2791 3644 imperator,
2825 3571 3171 3626 denuntiavit
3207 3569 3355 3623 mihi
3393 3578 3585 3638 potens
3622 3574 3672 3619 et
3697 3578 3803 3616 sau-

2246 3675 2329 3721 sta
2358 3664 2613 3734 maiestas
2641 3672 2754 3729 tua,
2810 3676 2914 3718 uec
2987 3677 3096 3716 uou
3134 3661 3326 3715 divina
3362 3661 3529 3733 350
3563 3669 3612 3711 et
3664 3667 3798 3710 saera

2248 3760 2509 3829 synodus,
2541 3772 2635 3823 per
2657 3755 3063 3811 sanctissimum
3112 3767 3309 3821 papam
3356 3762 3411 3807 et
3462 3749 3797 3822 patriarcliam

2246 3839 2614 3910 Alexandriae.
2647 3860 2701 3903 et
2727 3850 2867 3903 duos
2907 3848 3221 3917 episcopos.
3255 3855 3316 3900 ut
3344 3846 3673 3901 declararem
3718 3854 3800 3907 μοι

2250 3942 2386 3997 lenti
2416 3957 2479 3996 ac
2535 3951 2738 3996 sancta:
2786 3940 3060 4006 maiestati
3101 3950 3207 3992 tua:
3262 3940 3397 4008 quid
3458 3936 3703 3990 sentirem
3743 3929 3799 3983 dc

2248 4037 2436 4092 verbis
2491 4036 2822 4103 quibusdam
2858 4076 2873 4098 ,
2918 4050 3041 4103 qua:
3084 4034 3219 4087 milii
3278 4034 3525 4103 proferre
3578 4027 3797 4095 contigit,

2252 4130 2493 4197 itemque
2532 4131 2596 4181 de
2620 4126 2965 4180 abdicatione
2999 4139 3140 4179 mea.
3181 4123 3254 4179 De
3278 4125 3369 4181 bis
3397 4124 3537 4196 opus
3570 4138 3670 4177 non
3700 4125 3799 4171 erat

2252 4219 2552 4290 quidquam
2583 4218 2810 4272 omnino
2832 4217 3151 4286 responderi
3180 4233 3212 4271 a
3243 4232 3354 4282 me,
3390 4232 3517 4271 cum
3543 4213 3669 4270 satis
3702 4223 3800 4262 ma-

2252 4313 2454 4368 nifeste
2486 4323 2721 4366 mentem
2761 4326 2823 4364 ac
2873 4312 3211 4366 voluntatem
3254 4327 3431 4367 meam
3492 4310 3609 4380 ipsa
3640 4300 3798 4369 expri-
3855 4312 3863 4319 '

2254 4413 2368 4461 mat
2390 4405 2687 4459 abdicatio.
2720 4401 2990 4469 Quoniam
3023 4414 3205 4458 autem
3240 4419 3393 4459 nunc
3446 4418 3587 4471 :egre
3608 4396 3799 4452 tandem

2255 4497 2463 4568 incipio
2498 4496 2707 4567 rogari,
2737 4496 2978 4551 breviter
3025 4505 3230 4551 sancta:
3283 4511 3350 4551 ac
3404 4492 3610 4566 potenti
3660 4485 3803 4554 maje-

2257 4592 2386 4647 Stati
2423 4601 2527 4646 tum
2562 4592 2667 4646 hoc
2700 4589 3030 4661 respondeo.
3059 4587 3173 4659 Ego
3204 4606 3267 4643 ex
3304 4590 3491 4643 multis
3513 4588 3620 4659 jam
3665 4577 3805 4635 annis

2258 4684 2654 4739 constitueram
2690 4683 2836 4753 apud
2865 4698 2950 4736 me
2997 4698 3099 4738 nec
3134 4683 3326 4751 jurare
3363 4682 3480 4752 ipse
3522 4691 3620 4733 nec
3652 4671 3806 4744 jusiII-

2258 4778 2490 4832 randum
2524 4778 2596 4832 ab
2643 4777 2750 4831 alio
2777 4775 3018 4845 exigere,
3068 4790 3247 4843 neque
3296 4769 3676 4828 contumeliam
3729 4774 3805 4813 re-

2261 4868 2627 4940 prehensione
2654 4869 2874 4940 dignam
2926 4881 3023 4922 ore
3075 4866 3347 4936 proferre,
3399 4863 3492 4919 sed
3551 4870 3596 4915 el
3651 4865 3806 4920 ηθίμίθ

2262 4894 2627 4923 ‘IrCllCIISIUIIC
2654 4894 2874 4940 ιιιειιξιιιι
2926 4894 3023 4922 υϊΰ
3076 4894 3347 4936 μιήυιτπησ,
3399 4894 3492 4919 acu
3551 4894 3596 4915 ει
3651 4894 3803 4920 "“I""

2239 4894 2517 5028 ,‘tuiquam
2545 4956 2685 5010 male
2712 4954 2921 5024 precari
2952 4972 2967 5010 :
2994 4962 3049 5007 et
3082 4952 3368 5009 observavi
3396 4962 3566 5019 usque
3604 4944 3652 4996 in
3679 4942 3805 4993 lium:

2247 5041 2404 5104 idiem
2436 5047 2641 5103 Christi
2667 5046 2772 5099 mei
2800 5046 2999 5113 gratia.
3035 5043 3178 5098 Idem
3214 5054 3392 5098 tamen
3443 5041 3507 5094 ad
3553 5040 3805 5091 assevera—

2248 5132 2465 5196 tionem
2508 5140 2785 5193 dietorum
2844 5153 3092 5193 meorum
3146 5150 3419 5206 usurpare
3467 5145 3585 5188 sum
3634 5121 3806 5179 soiiltls

2259 5233 2505 5305 vulgaris
2552 5230 2958 5287 consuetudine
2989 5229 3281 5293 sermonis,
3323 5238 3383 5283 ut
3415 5219 3677 5290 simpli?ia
3722 5219 3807 5305 “_"°

2244 5301 2517 5397 Tcuiquam
2549 5326 2711 5380 noxia
2753 5332 2848 5379 aut
2877 5323 3175 5393 juramenti
3226 5323 3336 5376 vim
3364 5314 3636 5374 habentia.
3664 5301 3806 5402 "f'i’a

2248 5396 2413 5473 Ilaec:
2451 5435 2470 5468 ι
2506 5417 2613 5471 Per
2667 5423 2937 5487 quantum
2989 5415 3169 5468 habeo
3223 5406 3652 5468 misericordiam
3688 5396 3804 5491 Dfi;

2240 5493 2355 5580 iper
2383 5521 2648 5581 quantum
2685 5524 2805 5564 sum
2833 5522 3027 5563 servus
3056 5505 3185 5573 Dei,
3236 5520 3331 5575 per
3366 5507 3619 5571 quantum
3667 5484 3802 5585 veli":

2238 5586 2537 5677 ‘pmuitens
2573 5603 2736 5657 mori.
2781 5621 2799 5654 ι
2856 5600 3049 5670 Itaque
3088 5608 3143 5652 et
3191 5596 3327 5650 illud
3364 5589 3505 5662 quod
3539 5600 3628 5677 εκ-
3657 5583 3803 5677 animi

2261 5665 2634 5755 amaritudine
2666 5696 2731 5749 ad
2765 5693 2960 5749 fratres
3017 5706 3168 5746 meos
3201 5679 3546 5761 pronuntiavi
3587 5665 3801 5741 ejusdem

2261 5790 2471 5853 formm,
2506 5802 2616 5841 non
2665 5794 2724 5839 ut
2751 5782 3051 5855 juramenti
3113 5781 3223 5836 vim
3273 5777 3520 5834 obtinere
3570 5763 3802 5831 reputans

2260 5885 2395 5947 dixi,
2432 5881 2527 5937 sed
2555 5879 2905 5950 simpliciter,
2939 5883 3101 5945 prout
3138 5890 3242 5929 usu
3281 5873 3440 5934 longo
3468 5857 3605 5926 loqui
3636 5858 3799 5906 assuc'
