4024 6406
190 364 305 423 385

1050 368 1150 426 DE
1197 368 1639 430 ANDIiONlCO
1672 369 2139 432 PAIZ/EOIDGO
2186 375 2335 435 LIB.
2372 377 2465 435 ιν.
3344 374 3450 437 3'38

187 474 388 542 βραχεῖ
414 471 574 526 τοῦτο
613 475 987 546 ἀποκρίνομαι
1018 480 1153 548 πρὸς
1180 479 1281 549 τὴν
1308 480 1471 546 ἁγίαν
1519 482 1617 534 καὶ
1650 498 1782 550 κρα-
1811 489 1852 542 Α
1881 484 2116 554 ἀριθμὸν
2144 486 2296 549 ὄντες
2322 487 2418 540 καὶ
2446 485 2690 551 δέξαιντο
2713 486 2807 555 τὴν
2841 488 3175 559 παραίτησίν
3211 505 3313 559 μου
3337 495 3474 547 ὄνοι.

182 560 350 613 ταιὰν
410 559 691 629 βασιλείαν
737 580 855 627 σου,
894 566 976 617 ὄτι
1023 568 1134 634 ἐγὼ
1183 570 1248 619 ὲκ
1300 569 1512 622 πολλῶν
1542 571 1641 640 ἤδη
1672 572 1784 624 τῶν

185 650 404 720 χρόνων
445 651 653 721 ὲθέμην
681 654 739 706 ὲν
776 655 997 723 ἐμαυτῷ
1034 659 1169 726 μήτε
1200 657 1397 727 ὀμόσαι
1439 660 1566 728 μήθ’
1592 660 1783 730 ἕτερον

185 743 357 811 ἓρκον
390 742 653 812 ζητῆσαι,
701 744 832 814 μηδὲ
862 743 1021 814 ὓϐριν
1056 747 1315 815 μέμψεως
1353 748 1511 813 ἀξίαν
1545 750 1636 802 τοῦ
1671 752 1790 802 στό-

191 852 365 905 ματος
401 839 785 903 προενεγκεῖν,
837 836 972 891 ἀλλὰ
1018 839 1152 908 μηδέ
1193 857 1299 891 τινι
1345 840 1785 908 καταράσασθαι.

186 930 305 980 Καὶ
346 929 747 998 ἐφυλασσόμην
775 930 937 999 μέχρι
966 930 1063 999 τῆς
1088 931 1249 1002 δεῦρο
1283 935 1522 1002 Χριστοῦ
1556 952 1659 1004 μου
1688 935 1789 1005 χά-

188 1036 325 1090 ριτι.
370 1021 521 1090 Πλὴν
555 1015 702 1090 εἶχον
737 1024 817 1085 είς
856 1022 1230 1095 πληροφορίαν
1282 1024 1393 1078 τῶν
1448 1026 1622 1093 λόγων
1683 1044 1785 1096 μου

184 1111 677 1183 καᾊπαράπσσιν
721 1114 870 1168 ἁπλᾶ
918 1117 1010 1168 καὶ
1054 1116 1129 1185 μὴ
1164 1116 1491 1184 βλάπτοντα,
1542 1118 1677 1188 μηδὲ
1705 1122 1787 1184 είς

183 1204 724 1281 ὅρκον-λογιζόμενα
762 1206 954 1270 ταῦτα,
989 1209 1054 1261 νὰ
1084 1208 1193 1277 ἔχω
1218 1209 1278 1262 τὸ
1326 1210 1474 1274 ἔλεος
1496 1211 1588 1264 τοῦ
1624 1212 1783 1276 Θεοῦ,

183 1296 253 1349 νὰ
286 1292 439 1366 ἧμαι
464 1296 652 1361 δοῦλος
682 1297 778 1350 τοῦ
824 1297 986 1365 Θεοῦ,
1017 1303 1109 1353 καὶ
1135 1302 1201 1356 να
1246 1302 1505 1357 ἀποθάνω
1532 1305 1589 1357 ὲν
1617 1321 1787 1373 μετα-

181 1386 336 1457 νοίᾳ.
375 1387 543 1440 Ὥστε
578 1388 672 1441 καὶ
705 1390 901 1454 ἐκεῖνο,
933 1390 1071 1461 ὅπερ
1101 1392 1451 1464 ἐφθεγξάμην
1475 1394 1583 1447 ἀπὸ
1605 1411 1784 1464 παραι-

181 1478 490 1547 λυπήσεως
518 1479 627 1532 τῶν
664 1480 909 1550 ἀδελφῶν
961 1501 1087 1551 μου,
1115 1485 1214 1553 οὐχ
1239 1483 1316 1547 ὡς
1365 1487 1532 1555 ὅρκον
1571 1484 1783 1553 λογιζό-

185 1587 360 1639 μενος
411 1565 591 1636 εἷπον,
622 1573 737 1624 ἀλλ’
792 1573 979 1637 ἁπλῶς
1028 1575 1167 1644 ἔχων
1200 1579 1263 1630 ὲκ
1295 1577 1581 1647 συνηθείας
1620 1577 1780 1631 τοῦτο

1890 571 1949 628 εὖ
1984 576 2049 629 ἂν
2082 576 2217 657 ἔχοι,
2250 579 2406 646 κάγὼ
2431 579 2552 632 τότε
2598 582 2659 632 τὸ
2705 581 2867 649 τυχὸν
2893 581 2992 633 οὐκ
3041 582 3171 650 ὲρῶ,
3212 582 3348 635 ἀλλὰ
3376 584 3475 649 τῆς

1901 667 2228 738 Ἐκκλησίας
2283 672 2645 741 ἐκστήσομαι,
2678 674 2771 724 καὶ
2822 672 3012 739 ὄψεται
3048 671 3248 737 Κύριος
3296 672 3474 739 ἐαυτῷ

1890 760 2148 828 ποιμένα,
2186 762 2391 830 κάμοῦ,
2421 765 2535 830 εῐγε
2569 763 2859 833 βούλοιντο,
2909 764 3026 830 μετ’
3051 764 3229 814 αὐτῶν
3262 764 3477 815 συνδυα-

1889 850 2235 920 σκξψαμένου
2267 855 2394 923 περὶ
2422 854 2513 906 τοῦ
2546 853 2725 906 νεύσει
2776 854 2909 906 Θεοῦ
2942 854 3039 923 τὴν
3071 853 3233 905 αὐτοῦ
3281 854 3475 920 κυῦερ-

1888 945 2141 1011 νῆσοντος
2186 944 2533 1014 Ἐκκλησίαν.
2575 947 2634 998 El
2674 947 2717 998 δ’
2766 946 3144 1012 ἁπολειφθείἐν
3177 961 3322 1004 τινες
3365 944 3473 995 τῶν

1859 1023 2211 1103 ’ἀρχιερέωψ
2258 1036 2386 1105 ἄχρι
2421 1038 2512 1090 καὶ
2545 1037 2710 1106 τριῶν
2742 1037 2906 1104 λέγω,
2948 1036 3023 1107 μὴ
3069 1037 3345 1104 δεχόμενοι
3375 1035 3471 1104 τὴν

1886 1126 2025 1195 ἐμὴν
2055 1128 2407 1197 παραίτησιν,
2442 1130 2566 1198 μηδ’
2587 1129 2661 1192 ὡς
2682 1130 2979 1190 κανονικῶς
3012 1130 3297 1198 προὸἀσης
3331 1129 3467 1180 ἀποα

1884 1217 2187 1287 δεχόμενοι,
2221 1220 2378 1287 κάγὼ
2412 1219 2530 1289 μετ’
2555 1220 2736 1279 αὐτῶν
2764 1221 3004 1290 δηλονότι
3030 1221 3225 1288 ἔσομαι
3254 1222 3347 1273 καὶ
3372 1223 3468 1287 τῆς

1885 1307 2174 1377 δεδομένης
2210 1326 2302 1377 μοι
2342 1310 2495 1379 παρὰ
2522 1309 2616 1362 τοῦ
2654 1309 2968 1378 Πνεύματος
3006 1310 3099 1362 τοῦ
3139 1309 3293 1377 ἁγίου
3321 1309 3470 1372 ἐξου-

1892 1398 2013 1460 σίας
2037 1401 2139 1452 οὐκ
2165 1400 2570 1470 ἀποστήσομαι,
2604 1401 2719 1469 ἅμα
2757 1401 2857 1469 μὲν
2889 1401 3204 1470 φειδόμενος
3237 1399 3346 1452 τῶν
3370 1400 3470 1467 ψυ-

1885 1488 1998 1559 χῶν
2028 1489 2138 1543 τῶν
2181 1490 2380 1554 ἀδίκως
2414 1492 2508 1544 καὶ
2543 1492 2868 1560 παραλόγως
2919 1491 3293 1544 κατειπόντων
3343 1507 3468 1557 μου»

1886 1580 2004 1650 ἅμα
2035 1581 2091 1634 δὲ
2125 1581 2217 1634 καὶ¹
2243 1582 2350 1635 τῶν
2376 1582 2681 1650 ἐκκλησιῶν
2710 1582 2794 1654 [Ρ.
2823 1581 2952 1654 242]
2986 1581 3467 1652 προμηθούμενος,

182 1663 407 1731 λέγειν.
440 1663 516 1716 Τὸ
557 1664 616 1717 δὲ
658 1659 758 1735 ἦν·
792 1666 876 1719 Νὰ
908 1662 1049 1739 ἧμαι
1089 1668 1272 1732 δοῦλος
1298 1670 1394 1722 τοῦ
1421 1669 1579 1735 Θεοῦ,
1614 1670 1675 1724 οὐ
1710 1670 1786 1742 μὴ
1849 1670 1974 1734 ,ἵνα
2004 1670 2080 1742 μὴ
2103 1672 2286 1724 τέλεον
2316 1673 2624 1726 ἀπόλωνται
2649 1676 2714 1743 τῇ
2747 1674 2855 1726 τῶν
2879 1671 3339 1744 ὑπερμαχούντων
3368 1671 3467 1737 τῆς

187 1756 239 1807 εί
275 1756 359 1825 μὴ
403 1756 530 1825 μεθ’
579 1756 738 1826 ὑμῶν
782 1760 1000 1827 ὑπάγω,
1025 1760 1269 1830 δηλονότι
1295 1762 1357 1816 τό
1403 1779 1466 1831 γε
1499 1763 1595 1818 νῦν
1637 1763 1781 1832 ἔχον,

190 1849 518 1919 ἀφίσταμαι
545 1851 606 1914 ἐξ
637 1850 811 1920 ὑμῶν.
846 1853 958 1922 Οὐχ
981 1853 1143 1922 ὅρκον
1162 1854 1220 1906 δὲ
1245 1854 1405 1908 τοῦτο
1434 1855 1782 1925 ἐλογιζόμην,

196 1940 393 2007 μαθὼν
430 1940 529 1992 καὶΙ
572 1939 743 1994 ταῦτα
778 1943 928 2012 παρὰ
964 1941 1057 1995 τοῦ
1104 1942 1341 2011 μεγάλου
1388 1944 1601 2015 Πατρδς
1631 1943 1786 2015 ἡμῶν

195 2031 516 2097 Βασιλείου,
549 2032 800 2098 λέγοντος
828 2035 885 2087 ὲν
911 2036 1024 2096 τοῖς
1053 2035 1263 2103 ἠθικοῖς
1302 2035 1468 2089 αὑτοῦ
1503 2036 1681 2103 λόγοις
1703 2037 1789 2089 ὅτι

191 2125 325 2178 ἔνθα
350 2127 415 2179 τὸ
452 2126 518 2180 νὰ
575 2127 819 2196 τίθεμεν,
855 2129 955 2198 οὐχ
1000 2128 1163 2197 ὅρκον
1199 2128 1640 2200 παραδηλοῦμεν,
1670 2131 1785 2185 ἀλλ’

194 2221 324 2273 ἔνθα
354 2221 419 2274 τὸ
465 2220 559 2291 μά.
596 2222 659 2275 Ei
707 2220 763 2274 δέ
789 2238 874 2283 τις
913 2220 1343 2291 ἐπιλαμϐάνεται
1380 2239 1481 2289 μου
1513 2223 1610 2292 τῆς
1650 2240 1789 2293 παρ-

197 2314 472 2382 αιτήσεως
540 2314 616 2376 ὡς
672 2308 894 2367 κάκεῖσε
970 2314 1275 2383 γράψαντος
1339 2315 1429 2368 διὰ
1480 2316 1570 2368 τὸν
1622 2316 1787 2385 ὅρκον

197 2407 546 2477 ὲξὲρχεσθαι,
578 2406 798 2478 πρῶτον
830 2406 932 2476 μὲν
983 2405 1282 2474 λογιζέσθω
1325 2407 1408 2460 ὅτι
1462 2408 1568 2460 ἀπὸ
1611 2409 1783 2477 ἄκρας

196 2501 644 2571 παραλυπήσεως
689 2500 1018 2572 γέγραπται,
1070 2500 1146 2562 ὼς
1191 2501 1354 2553 κάκεῖ
1403 2501 1781 2571 παρεδήλωσα.

200 2593 419 2653 Ἀλλως
456 2609 517 2644 τε
546 2593 640 2645 καὶ
676 2591 891 2646 ἐδόκουν
912 2591 1292 2661 ἀπαλλαγῆναι
1319 2591 1421 2661 τῆς
1460 2592 1787 2662 Ἐκκλησίας

200 2686 519 2756 εἰρηνικῶς.
568 2685 724 2737 Ἐπεὶ
762 2684 820 2738 δὲ
860 2684 1147 2754 συμϐαίνει
1189 2684 1631 2748 σκανδαλίζεσθαι
1660 2686 1786 2750 τοὺς

203 2778 477 2847 ἀρχιερεῖς
499 2776 590 2829 διὰ
609 2775 814 2846 ταύτην
839 2775 915 2838 ὡς
937 2775 1011 2845 μὴ
1033 2774 1332 2837 κανονικῶς
1353 2776 1781 2845 προϐεϐηκυῖαν,

205 2872 251 2921 εί
301 2868 401 2938 μὲν
456 2867 596 2937 ὁμοῦ
646 2868 886 2935 γένοιντο
944 2866 1184 2929 ἅπαντες
1238 2867 1644 2937 τεσσαράκοντα
1694 2868 1784 2920 τὸν

218 3062 420 3111 veram,
442 3046 671 3115 protuli.
710 3046 768 3101 Id
798 3056 980 3102 autem
1010 3045 1113 3102 fuit
1139 3062 1155 3102 :
1192 3064 1213 3099 ι
1252 3046 1355 3100 Per
1377 3058 1643 3114 quantum
1675 3064 1788 3101 srr-

215 3156 313 3193 vus
336 3139 425 3194 Dei
457 3155 606 3205 sum,
651 3153 759 3192 non
793 3152 913 3192 sum
965 3138 1267 3191 vobiscum.
1328 3136 1475 3192 Vado
1533 3138 1781 3193 videlicet

198 3232 306 3303 jam
337 3246 489 3285 nunc
514 3243 569 3285 et
591 3231 827 3286 abst-edo
859 3247 888 3284 a
916 3230 1091 3284 vobis.
1130 3247 1150 3280 ι
1178 3228 1335 3296 Quod
1386 3230 1638 3295 equidem
1689 3230 1784 3300 ju-
1809 3209 1853 3264 (ἶ

202 3335 512 3380 ramentum
552 3339 676 3378 csse
708 3323 933 3379 minime
991 3322 1199 3389 putavi,
1235 3336 1531 3391 persuasus
1566 3324 1623 3375 in
1684 3323 1786 3377 hoc

203 3418 540 3471 auctoritate
573 3416 750 3485 magni
777 3414 957 3468 Patris
998 3415 1169 3468 nostri
1202 3414 1409 3473 Basilii.
1443 3413 1676 3468 dicentis
1728 3415 1781 3467 in

206 3510 323 3565 suis
350 3508 568 3564 Ethicis
616 3506 1005 3561 sermonibus:
1038 3523 1057 3555 ι
1100 3503 1202 3559 Ubi
1233 3505 1300 3558 νά
1348 3505 1621 3574 ponimus,
1675 3519 1781 3559 non

201 3604 581 3674 juramentum
626 3600 1020 3670 signiﬁcamus,
1066 3598 1160 3653 sed
1215 3608 1425 3651 tantum
1485 3598 1573 3651 ubi
1627 3598 1723 3666 μά.
1756 3616 1774 3649 ι

204 3695 368 3762 Quod
402 3695 451 3750 si
478 3692 637 3764 351
675 3694 799 3763 quis
823 3690 937 3746 haec
960 3706 1079 3760 qua:
1104 3705 1248 3744 nunc
1272 3690 1392 3741 tlico
1419 3689 1662 3742 refellere
1688 3703 1782 3741 co-

197 3796 359 3842 netur
380 3802 451 3840 ex
494 3786 678 3840 verbis
696 3783 1060 3839 abdicationis
1090 3796 1243 3846 mem,
1283 3780 1337 3835 in
1384 3796 1488 3850 qua
1524 3782 1671 3836 clare
1686 3780 1783 3847 ,vi-

197 3879 337 3934 deor
372 3878 560 3933 fassus
619 3891 709 3930 me
745 3877 982 3945 iurasse,
1022 3873 1259 3944 primum
1305 3874 1528 3943 quidem
1569 3880 1782 3936 reputet

200 3975 255 4028 in
277 3985 501 4029 summa
547 3983 633 4023 me
665 3968 797 4022 illud
829 3983 892 4022 ex
952 3966 1098 4019 acris
1149 3980 1315 4020 sensu
1356 3964 1559 4019 doloris
1604 3964 1780 4017 animi

198 4066 644 4138 perturbatione,
704 4068 865 4130 prout
904 4059 1103 4113 ibidem
1132 4056 1420 4121 ’indieavi,
1472 4056 1779 4125 scripsisse,

198 4166 579 4226 praetereaque
618 4152 670 4207 id
723 4152 973 4221 posuisse
1013 4159 1286 4219 quatenus
1345 4156 1538 4218 pacate
1594 4164 1784 4202 assen-

198 4253 427 4305 tientem
463 4262 565 4302 nec
609 4253 998 4315 repugnantem
1040 4242 1278 4297 cessioni
1327 4256 1459 4296 meae
1495 4256 1526 4295 a
1562 4256 1647 4295 me
1690 4241 1784 4292 de-

196 4346 303 4400 seri
348 4342 610 4411 putabam
641 4337 964 4392 Ecclesiam.
994 4334 1149 4400 Quod
1193 4334 1321 4402 quia
1381 4348 1542 4387 secus
1575 4347 1632 4387 se
1687 4331 1783 4383 lia-

199 4437 332 4490 bere
368 4432 534 4485 modo
565 4429 835 4498 intelligo,
892 4442 1014 4481 cum
1072 4424 1371 4494 contigerit
1418 4421 1779 4478 scandalizari

1886 1764 2145 1833 ἀληθείας
2179 1765 2551 1835 ἀποχωρήσει.
2578 1766 2701 1820 Ὅτι
2731 1766 2786 1818 δὲ
2820 1767 2914 1820 καὶ
2936 1765 3205 1836 ἠδικήθην
3231 1764 3381 1831 παρὰ
3406 1779 3465 1813 τε

1884 1857 1981 1925 τῆς
2029 1858 2187 1924 ἁγία.
2223 1856 2500 1925 βασιλείας
2532 1874 2624 1909 σου
2661 1858 2753 1909 καὶ
2789 1858 2938 1927 παρα
2984 1856 3093 1909 τῶν
3136 1855 3460 1925 ἀρχιερέων,
3542 1900 3545 1903 .

1887 1947 2108 2017 εὔδηλον
2135 1964 2150 1980 ο
2190 1947 2333 2001 ὀκτὼ
2379 1949 2487 2018 γὰρ
2535 1949 3004 2019 παραδραμόντων
3052 1948 3238 2018 μηνῶν
3279 1949 3335 1998 ἐν
3382 1941 3463 2009 οἷς

1889 2037 2213 2109 ὑϐριζόμην,
2244 2039 2502 2108 οὐδεμίαν
2532 2041 2788 2107 ἐποίησεν
2828 2041 3104 2108 ἐκδίκησιν
3138 2041 3170 2108 ἡ
3206 2038 3333 2104 ἁγία
3364 2038 3461 2107 βα-

1889 2128 2063 2183 σιλεία
2103 2147 2195 2182 σου
2233 2132 2309 2192 είς
2339 2130 2462 2199 ἐμὲ,
2494 2130 2618 2183 οὔτε
2656 2134 2690 2201 ἡ
2720 2132 2956 2193 σύνοδος.
2992 2133 3155 2184 Ὅσον
3202 2130 3246 2183 δ’
3281 2130 3463 2183 una.

1888 2220 1977 2274 θεν
2028 2221 2309 2291 ἐπισυμϐῇ
2341 2226 2406 2292 τῇ
2450 2223 2766 2294 Ἐκκλησία,
2815 2223 3031 2287 πάντως
3065 2223 3163 2276 οὐκ
3212 2223 3321 2290 ἐγὼ
3369 2224 3461 2275 τὸν

1888 2316 2028 2386 ὑπὲρ
2059 2317 2248 2369 τούτου
2281 2317 2543 2372 ἀποδώσω
2572 2316 2749 2383 λόγον.
2781 2316 2967 2369 Ταῦτα
2996 2315 3084 2368 διὰ
3132 2314 3191 2367 τὸ
3222 2314 3462 2383 ἀσφαλὲς

1886 2408 2179 2478 γεγραφὼς
2222 2412 2288 2479 τῇ
2328 2410 2564 2480 κραταιᾷ
2611 2411 2704 2462 καὶ
2739 2409 2871 2480 ἁγίᾳ
2907 2408 3152 2478 βασιλείᾳ
3192 2426 3281 2460 σου
3321 2409 3464 2475 πέμ-

1890 2518 1994 2553 πω.
2027 2502 2241 2555 Γένοιτο
2265 2501 2321 2554 δὲ
2349 2503 2488 2572 αὐτῇ
2536 2502 2670 2555 Θεοῦ
2705 2502 3097 2571 κυϐερνωμένη
3137 2502 3297 2570 χειρὶ,
3339 2501 3461 2552 ὅσον

1888 2591 2126 2659 ἀσφαλὲς
2156 2597 2250 2645 καὶ
2288 2593 2587 2662 ἀτάραχον,
2624 2596 2690 2661 τῇ
2720 2590 2886 2645 αὐτοῦ
2933 2590 3459 2662 πραγματεύσασθαι

1900 2682 2215 2756 Ἐκκλησία.
2260 2704 2277 2736 ι
2313 2685 2499 2739 Ταῦτα
2541 2685 2817 2755 δεξαμένῳ
2854 2686 2921 2737 τὰ
2958 2686 3260 2755 γράμματα
3302 2685 3458 2748 βασι-

1887 2774 1968 2827 λεῖ
2003 2776 2249 2828 ὑπονοεῖν
2296 2775 2454 2845 ἐπῄει
2491 2777 2568 2841 ὡς
2598 2778 2659 2829 οὑ
2707 2781 2932 2847 γνησίας
2965 2776 3156 2846 φρενὸς
3198 2776 3292 2828 καὶ
3322 2776 3460 2841 γνὼ-

1892 2879 1997 2934 μης
2026 2864 2122 2917 τοῦ
2154 2868 2492 2937 πατριάρχου
2524 2866 2717 2933 ταῦτα,
2751 2869 2890 2922 ἀλλά
2916 2884 3075 2921 τινων
3116 2867 3289 2920 ἄλλων
3323 2867 3455 2919 ὐπο-

1889 3045 2130 3101 oblocuti
2164 3045 2296 3100 mihi
2338 3054 2489 3110 sunt,
2522 3044 2685 3099 simul
2734 3042 3027 3111 providens
3081 3040 3353 3103 ecclesiis,
3391 3054 3458 3092 ne

1890 3139 2137 3194 funditus
2167 3146 2391 3208 pereant
2423 3151 2523 3206 pro
2577 3137 2802 3190 veritate
2836 3133 3290 3205 propugnantium
3326 3133 3456 3185 abs-

1887 3246 2070 3287 cessu.
2121 3230 2346 3286 Passum
2400 3243 2568 3299 porro
2632 3243 2715 3281 me
2770 3227 3026 3296 injuriam
3081 3240 3109 3279 a
3147 3236 3234 3278 tua
3266 3231 3457 3277 sancta

1889 3326 2170 3391 majestate
2234 3335 2398 3392 atque
2455 3323 2526 3375 ab
2587 3320 2879 3390 episc0pis.
2940 3316 3287 3372 manifestum
3348 3325 3452 3369 cst.

1886 3415 2022 3471 Octo
2046 3417 2190 3469 enim
2219 3414 2329 3483 jam
2368 3414 2568 3478 elapsis
2601 3413 2881 3466 mensibus
2911 3426 2976 3465 ex
3011 3424 3121 3478 quo
3156 3423 3276 3462 sum
3321 3405 3455 3460 aﬂ'c-

1887 3521 2008 3563 ctus
2035 3507 2387 3565 contumelia.
2455 3504 2655 3559 nullam
2687 3503 2755 3557 de
2810 3517 2875 3556 ea
2931 3500 3252 3564 vindictam,
3307 3500 3453 3552 unde

1887 3609 2155 3672 purgatus
2188 3614 2287 3669 ego
2341 3597 2463 3652 labe
2506 3596 2677 3651 videri
2736 3610 2975 3665 possem,
3026 3594 3208 3662 exegit
3267 3602 3455 3647 sancta

1884 3693 2143 3760 majestas
2209 3702 2297 3745 tua
2371 3705 2545 3757 neque
2627 3688 2892 3759 synodus.
2965 3686 3457 3755 Quantumcunque

1884 3784 2046 3855 352
2082 3792 2261 3836 autem
2300 3780 2425 3835 inde
2456 3780 2508 3833 in
2564 3779 2823 3834 damnum
2866 3777 3122 3833 Ecclesia:
3179 3778 3454 3832 redunda-

1888 3878 2048 3939 verit,
2078 3875 2210 3928 mihi
2244 3874 2404 3943 plane
2437 3888 2543 3926 non
2575 3871 2958 3942 imputabitur,
2996 3884 3095 3923 nec
3122 3884 3152 3924 a
3179 3884 3265 3923 me
3296 3869 3455 3936 hujus

1886 3977 2162 4041 repetetur
2204 3970 2364 4021 ratio.
2416 3965 2539 4019 Haec
2577 3966 2643 4018 ad
2677 3966 3030 4037 securitatem
3064 3978 3093 4015 a
3131 3977 3214 4015 me
3253 3963 3454 4030 scripta

1885 4059 2088 4131 potenti
2114 4066 2165 4111 et
2207 4066 2409 4112 saneta:
2474 4055 2745 4126 maiestati
2783 4063 2887 4109 tua:
2917 4055 3109 4108 mitto:
3174 4056 3455 4122 contingat

1885 4164 2065 4208 autem
2098 4150 2198 4219 ipsi
2236 4149 2327 4203 Dei
2366 4164 2525 4203 manu
2574 4139 2915 4218 gubernatis,
2955 4156 3156 4217 quanta
3202 4163 3337 4216 opus
3370 4156 3454 4201 est

1886 4247 2152 4301 securitas
2179 4251 2233 4297 ct
2283 4243 2657 4311 tranquillitas
2719 4241 2784 4295 ad
2840 4239 3235 4295 consulendum
3278 4243 3452 4309 ipsius

1887 4335 2165 4389 Ecclesiae.
2199 4351 2217 4383 ι
2258 4330 2369 4386 Has
2392 4331 2683 4397 accipienti
2720 4330 2933 4384 litteras
2966 4330 3279 4398 imperatori
3309 4331 3454 4383 venit

1887 4427 1941 4481 in
1979 4432 2213 4480 mentem
2278 4422 2547 4492 suspicari
2595 4437 2701 4476 non
2743 4423 2859 4475 bene
2890 4438 2956 4475 ex
2991 4436 3116 4475 vera
3155 4422 3240 4476 sui
3286 4422 3452 4475 animi

200 4525 487 4580 antistites
512 4520 582 4574 oh
616 4533 792 4573 meam
819 4516 978 4569 istaut
1011 4515 1341 4578 cessionem,
1382 4524 1546 4581 quam
1583 4517 1781 4578 negant

1887 4511 2155 4573 sententia
2210 4514 2459 4585 proferre
2515 4513 2909 4583 patriarcbam,
2968 4513 3061 4566 sed
3124 4511 3452 4564 deferentmu

202 4614 477 4666 canonice
520 4608 741 4668 factam,
776 4605 909 4659 illud
942 4604 1160 4659 declaro
1189 4617 1204 4655 :
1240 4601 1295 4656 Si
1320 4615 1510 4654 omnes
1536 4597 1782 4668 episcopi

204 4716 441 4758 numero
473 4699 838 4770 quadraginta
876 4698 926 4749 in
977 4710 1110 4749 mea:
1145 4691 1533 4748 admissionem
1580 4692 1786 4746 cessio-

201 4797 289 4851 nis
319 4791 732 4855 consenserint,
768 4790 881 4845 sint
909 4802 1042 4841 sane
1102 4786 1193 4839 illa
1236 4793 1397 4839 rata:
1458 4799 1566 4839 non
1592 4780 1598 4785 ’
1624 4799 1786 4852 repu-

199 4888 404 4957 gnabo.
466 4898 569 4938 nec
624 4883 853 4936 verbum
916 4888 1108 4933 contra
1170 4878 1402 4942 Itiscam,
1439 4877 1589 4932 seda
1627 4877 1784 4932 clavo

202 4980 469 5035 Ecclesiae
529 4964 832 5038 absistam,
895 4971 1312 5042 providebitque
1366 4969 1470 5024 sibi
1518 4969 1785 5025 Dominus

202 5083 528 5141 pastorem;
595 5081 660 5120 ac
714 5080 799 5118 me
853 5077 1107 5133 quoque,
1176 5063 1220 5117 si
1277 5062 1591 5126 voluerint,
1649 5061 1784 5130 ipsis

200 5169 545 5230 cooperante
572 5156 977 5223 consiliumque
1001 5153 1347 5212 conferente.
1380 5160 1514 5205 nutu
1568 5150 1660 5203 Dei
1691 5152 1784 5205 de.

200 5257 405 5325 ligetur
440 5252 536 5321 qni
580 5251 701 5320 ejus
738 5245 1042 5301 Ecclesium
1103 5245 1392 5316 gubernet.
1463 5243 1558 5297 Sin
1599 5251 1782 5297 autem

202 5349 287 5403 bis
307 5342 746 5416 repugnaverint
775 5338 940 5407 aliqui
965 5337 1271 5391 antistitum
1300 5336 1508 5405 (etiam,
1537 5335 1781 5402 inquam,

201 5451 314 5495 tres
354 5435 644 5503 tantum),
690 5445 791 5487 nec
821 5444 998 5484 meam
1049 5439 1338 5497 acceptare
1380 5426 1782 5481 abdicationem

202 5531 480 5589 voluerint
513 5536 608 5582 aut
663 5535 726 5581 ut
778 5524 1044 5579 canonice
1089 5531 1266 5577 actam
1329 5519 1641 5581 admittere,
1683 5535 1785 5590 ego

206 5643 328 5683 cum
359 5624 502 5696 ipsis
534 5620 749 5678 scilicet
780 5632 898 5682 ero,
924 5624 979 5671 et
998 5614 1121 5669 data
1145 5613 1280 5667 mibi
1310 5625 1340 5665 a
1362 5610 1571 5681 Spiritu
1597 5624 1785 5667 sancto

207 5726 477 5789 potestate
544 5727 658 5767 non
721 5708 1002 5769 decedam,
1058 5705 1220 5760 simul
1276 5702 1497 5772 quidem
1551 5718 1783 5772 parcens

212 5812 500 5868 animabus
543 5816 738 5863 eorum
795 5802 889 5871 qui
960 5798 1166 5868 injuste
1219 5806 1273 5852 et
1328 5795 1783 5851 irrationabiliter

1889 4608 2330 4680 suggestionibus
2360 4606 2726 4675 quorumdam
2777 4605 3038 4668 aliorum,
3096 4604 3297 4673 quibus
3342 4604 3457 4671 epi-

1888 4701 2095 4771 scopali
2176 4699 2442 4769 dignitate
2505 4698 2748 4769 prmditis
2794 4706 2943 4753 esset
2998 4697 3108 4767 jam
3160 4698 3454 4751 commissa

1886 4792 2168 4847 contentio
2219 4791 2484 4846 adversus
2531 4805 2628 4844 eos
2684 4790 2777 4860 qui
2836 4788 3134 4843 contrariis
3189 4788 3242 4841 in
3301 4789 3451 4841 illum

1887 4887 2085 4940 studiis
2144 4883 2441 4939 ferrentur.
2479 4879 2685 4936 Tamen
2722 4896 2915 4935 rursus
2951 4887 3226 4934 conventu
3268 4880 3455 4932 habito

1887 4991 2209 5045 reaponsum
2243 4973 2472 5029 Joannis
2509 4975 2882 5028 communicat
2927 4973 3169 5044 synollo;
3221 4980 3274 5024 et
3319 4986 3453 5040 quo-

1887 5070 2031 5121 niam
2061 5067 2311 5120 videatur
2340 5066 2431 5135 qui
2482 5062 2812 5119 abdicaverit
2847 5065 3111 5133 paenitere
3151 5061 3491 5116 abdicatio-°

1886 5161 1973 5213 nis
2002 5159 2175 5221 factae,
2207 5159 2337 5226 quid
2372 5157 2463 5211 tali
2499 5172 2627 5210 casn
2661 5156 2732 5209 sit
2772 5157 3064 5226 agendum,
3112 5163 3171 5208 ut
3209 5169 3456 5208 commn-

1886 5252 2030 5302 niter
2084 5252 2377 5301 consulant
2431 5259 2575 5303 orat.
2627 5248 2782 5302 Tunc
2811 5263 2939 5301 vero
2968 5248 3175 5302 exarsit
3206 5263 3353 5310 acre,
3407 5247 3454 5303 si

1886 5349 2449 5408 nnquam,certatnen
2480 5381 2494 5403 ,
2554 5340 2819 5393 ambabus
2876 5353 2975 5408 pro
3015 5354 3076 5393 se
3109 5354 3326 5408 quaque
3374 5338 3454 5392 l‘a-

1886 5433 2159 5484 ctionibus
2214 5431 2415 5485 obnixe
2459 5432 2715 5501 utrinque.
2778 5433 3128 5495 instantibus,
3188 5433 3456 5487 studiosis

1886 5521 2105 5590 quidem
2138 5520 2366 5575 Joannis
2415 5523 2769 5575 vehementer
2823 5523 3268 5577 asseverantibus
3321 5522 3450 5588 αῖςγὶ

1886 5615 2076 5668 tlolore
2105 5615 2255 5682 gravi
2291 5628 2355 5667 ac
2378 5615 2682 5683 perturbati
2712 5614 2833 5684 ejus
2882 5615 3070 5675 animi,
3130 5628 3237 5665 non
3297 5612 3454 5665 llbl'fi

1884 5704 2099 5759 consilii
2136 5705 2359 5772 verique
2387 5713 2598 5774 partum
2630 5705 2841 5759 arbitrii
2881 5706 3279 5760 abdicationem
3309 5717 3451 5757 esse.

1888 5801 1962 5849 Ac
1991 5811 2112 5849 eum
2156 5796 2229 5848 sit
2274 5796 2557 5865 professus
2603 5812 2729 5852 cum
2787 5798 2962 5853 tribus
3013 5797 3143 5852 solis
3178 5793 3453 5863 episcopis
