4024 6422
609 362 715 425 38'!
950 371 959 381 '
1812 362 2138 424 GEORGII
2187 362 2547 424 PACIIYME
2563 363 2605 421 Β
2621 363 2680 422 Ε
3046 369 3048 372 ’
3730 384 3813 447 3ἒέ8

609 482 983 552 δαλλομένων,
1026 474 1105 544 οἷς
1157 477 1226 553 ἦν
1268 481 1631 553 ἀμφισϐητεῖν
1664 479 2011 553 ἀρχιερεῦσιν
2059 474 2172 531 οὖσι
2210 482 2249 536 Α
2281 492 2342 543 γε
2376 478 2467 528 καὶ
2498 477 2601 545 πρδ
2633 476 2726 528 τοῦ
2767 476 2937 530 ταῦτα
2987 478 3255 530 κινεῖσθαι
3288 481 3576 550 πέμποντος
3621 491 3707 558 μὲν
3750 500 3813 561 εἰς

608 576 745 646 πρὸς
776 577 901 637 τοὺς
945 573 1066 626 κατ’
1095 574 1304 626 ἐκείνου
1350 573 1788 638 σπουδάζοντας·
1826 574 1983 640 ὅμως.
2008 572 2065 624 δὲ
2093 572 2184 624 καὶ
2292 565 2462 633 μονὰς
2504 564 2598 618 τοῦ
2649 565 2729 618 ἔτι
2780 568 3268 639 πατριαρχοῦντθῖο
3321 573 3613 641 πέμποντος
3658 582 3706 635 δὲ
3739 593 3812 639 καὶ

608 666 765 730 αὖθις
798 665 1014 731 ξύναξιν
1044 667 1304 729 καθιστὰς
1333 669 1399 736 τῇ
1433 667 1637 734 συνόδῳ
1668 665 1734 718 τὰ
1761 665 1857 734 τῆς
1893 664 2187 732 ἀπολογίας
2287 658 2370 720 είς
2410 657 2510 727 τὴν
2543 658 2714 729 αὐτὴν
2756 659 3105 729 Ἐκκλησίαν,
3162 664 3256 715 καὶ
3314 663 3506 719 παύειν
3556 670 3611 722 τὸ
3649 673 3812 730 ἑαυτοῦ

608 758 908 822 κοινοῦται,
953 760 1044 811 καὶ
1084 758 1165 810 ὅτι
1203 758 1530 827 μεταμέλειν
1580 758 1728 810 δοκεῖ
1757 756 1834 827 τῷ
1885 773 2187 827 παραιτου-
2291 750 2634 819 μνημόσυνον
2664 753 3052 821 ἐπιτρέποντος
3085 754 3159 817 ὡς
3184 753 3342 824 δῆθεν
3381 765 3814 832 παραιτησαμένου

614 851 763 918 μένῳ
825 848 921 918 τῆς
970 850 1377 918 παραιτήσεως,
1427 847 1955 901 συνδιασκέτττεσθαι
2022 848 2180 912 ἀξιοῖ.
2288 844 2384 895 καὶ
2413 841 2852 910 ἀποϐεϐληκότος
2895 845 2988 898 τὸν
3023 846 3177 931 ἱερέα
3211 850 3566 907 παντάπασιν.
3604 852 3680 924 [Ρ.
3706 856 3813 929 285]

610 941 748 994 Τότε
777 942 957 994 τοίνυν
981 943 1184 1013 στερρά
1212 958 1296 1004 τις
1320 941 1616 1009 φιλονεικία
1640 943 1736 993 καὶ
1767 941 2048 1010 ἑκατέροις
2073 940 2187 1000 τοῖς
2299 932 2437 987 Ἀλλ’
2461 935 2660 987 ἐκεῖνοι
2684 936 2784 1005 τὴν
2817 938 2926 990 ἀπό
2957 955 3017 992 τε
3050 940 3270 995 συνόδου
3315 942 3409 995 καὶ
3438 942 3679 1011 βασιλέως
3711 948 3820 1001 ἀπο-

522 1016 539 1032 ”
614 1034 807 1103 μέρεσι
834 1033 1065 1101 γίνεται,
1101 1033 1209 1087 τῶν
1239 1034 1337 1103 μὲν
1373 1034 1514 1098 ὑπὲρ
1552 1033 1761 1086 ἐκείνου
1793 1033 2061 1101 λεγόντων
2091 1033 2185 1084 καὶ
2287 1023 2620 1078 κατάστασιν
2665 1026 3011 1097 ἐκδεχόμενοι
3064 1032 3367 1102 κατασιγᾷν
3399 1034 3505 1088 οὐδ’
3550 1034 3673 1099 ὅλως
3699 1039 3820 1091 ἐπεί-

616 1123 818 1193 μᾶλλον
856 1124 1305 1194 ίσχυριζομένων,
1340 1125 1416 1188 ὼς
1464 1124 1924 1196 παραλυπήσεως,
1955 1126 2013 1176 οὐ
2048 1140 2184 1193 προ·

610 1212 876 1283 αιρέσεως
913 1216 945 1286 ἡ
976 1216 1327 1283 παραίτησις,
1382 1216 1475 1267 καὶ
1523 1216 1602 1267 ὅτι
1638 1215 1687 1267 εί
1737 1216 1832 1267 καὶ
1869 1215 1960 1267 ἐπὶ
2004 1217 2183 1284 τρισὶν

609 1300 927 1369 ἀρχιερεῦσι
980 1302 1071 1354 καὶ
1126 1302 1306 1371 μόνοις
1357 1303 1609 1356 ἵστασθαι
1669 1302 1958 1371 βούλεται,
2011 1308 2184 1357 τόσων

611 1390 1018 1460 προσκειμένων
1040 1393 1232 1461 ἐκείνῳ
1263 1391 1441 1462 πολλῷ
1464 1409 1526 1460 γε
1550 1392 1886 1465 δικαιότερον
1909 1394 2181 1456 ἵστασθαι,

607 1478 718 1532 τῶν
744 1479 802 1533 δὲ
827 1482 1031 1544 τούτοις
1058 1483 1469 1553 ἀνθισταμένων
1499 1485 1661 1554 ὅρκον
1686 1481 1825 1541 εἶναι
1850 1486 2185 1556 διατεινομέ-

608 1587 717 1623 νων
748 1572 838 1623 τὸν
871 1572 1047 1640 λόγον,
1079 1574 1170 1625 καὶ
1201 1575 1361 1644 ὅρκον
1386 1577 1594 1646 φρίκης
1626 1577 1844 1647 μεστὸν,
1878 1579 1975 1632 καὶ
1996 1579 2180 1632 ἱκανὸν

608 1666 836 1720 κωλύειν
889 1670 1187 1740 ἱερωσύνης
1238 1672 1728 1743 παραϐαινόμενον.
1778 1672 1875 1737 Οἷς
1920 1675 1985 1746 δὴ
2031 1678 2125 1731 καὶ
2154 1678 2184 1731 ὁ

607 1755 858 1825 βασιλεὺς
892 1762 1150 1825 ἐπιεικῶς
1177 1765 1576 1833 ὁμογνωμονῶν
1601 1762 1689 1837 ἦν,
1713 1764 1792 1835 τῷ
1830 1768 1928 1837 μὲν
1954 1769 2179 1835 πλείονι,

604 1847 683 1911 ὡς
716 1848 903 1919 ἐῴκει,
936 1852 1006 1903 δι’
1056 1852 1236 1923 ἄκραν
1266 1854 1556 1910 εὐλάϐειαν
1599 1858 1698 1927 τὴν
1730 1859 1823 1913 ἐπὶ
1867 1860 1960 1913 τὸν
1993 1862 2181 1931 ὅρκον,

605 1937 685 2007 τῷ
718 1941 762 1990 δ’
796 1940 995 2010 ἀδήλῳ,
1045 1937 1219 2010 οἶμαι,
1252 1945 1349 1997 καὶ
1403 1946 1605 2000 σκοπὸν
1634 1948 1775 2018 ἔχων
1820 1951 1948 2013 τοὺς
1987 1952 2181 2021 Ἀρσε-

606 2030 816 2093 νιάτας,
847 2034 897 2085 εἰ
922 2035 1222 2103 εἰρηνεύειν
1244 2038 1463 2091 δύναιτο
1482 2038 1621 2109 (οὐδὲ
1646 2042 1755 2111 γὰρ
1788 2044 1983 2112 μικρὸν
2005 2044 2181 2098 ὠδύνα

603 2121 697 2173 τὴν
729 2122 951 2190 βασιλέα
982 2127 1041 2178 τὸ
1071 2129 1294 2181 ἐκείνων
1321 2130 1543 2199 σχίσμα,
1575 2132 1650 2195 ὡς
1693 2133 1907 2203 ἔδειξε).
1940 2137 2183 2204 προσλα-

606 2212 819 2268 ὕεσθαι.
849 2216 918 2268 Ἢ
952 2217 1060 2286 μὴν
1084 2218 1256 2283 ἄλλως
1300 2224 1394 2274 καὶ
1421 2222 1487 2275 δι’
1532 2223 1728 2278 Ἀθανά
1742 2243 1870 2292 τιον,
1902 2227 2095 2297 ἄδηλον
2122 2229 2181 2283 ὃν

607 2300 667 2362 ἐς
700 2301 841 2357 τότε.
870 2301 1084 2357 Τούτων
1115 2308 1206 2359 ἐπὶ
1253 2310 1386 2364 πολὺ
1421 2314 1759 2382 τριϐομένων
1801 2318 1894 2369 καὶ
1939 2320 2048 2371 τῶν
2084 2322 2182 2391 ἀρ-

606 2391 835 2461 χιερέων
868 2394 941 2465 μὴ
973 2398 1382 2465 συμϐαινόντων
1422 2402 1676 2473 ἀλλήλοις
1714 2408 1965 2479 μετέωρα
1992 2410 2060 2463 τὰ
2085 2412 2183 2482 τῆς

608 2484 935 2553 ἀποφάσεως
987 2483 1147 2557 ἦσαν,
1189 2493 1286 2545 καὶ
1335 2494 1486 2546 οὐδὲν
1532 2496 1723 2565 ἤνυτον
1771 2501 2182 2571 συνερχόμενοι.

613 2574 710 2628 Διά
737 2575 893 2630 τοῦτο
925 2580 1017 2631 καὶ
1042 2580 1120 2633 ἔτι
1143 2583 1544 2654 ἐμνημονεύετο
1572 2588 1674 2657 μὲν
1711 2590 1983 2662 Ἰωάννης,
2012 2596 2061 2646 oi
2089 2595 2186 2647 αύ-

610 2665 705 2720 τοῦ
735 2667 790 2721 δὲ
819 2669 879 2722 τὸ
927 2678 1316 2751 πατριαρχεῖον
1362 2677 1590 2748 διῴκουν
1632 2684 1976 2752 κατέχοντες.
2007 2688 2184 2739 καίτοι

608 2842 732 2914 ejus
761 2847 1063 2904 cessionem
1096 2866 1204 2905 non
1264 2854 1678 2913 admittentibus
1731 2865 1878 2914 stare
1910 2875 1971 2916 se
2008 2860 2183 2929 ,velle,

613 2950 740 2991 cum
783 2946 862 2993 tot
893 2956 1013 2995 eam
1054 2944 1305 3012 rejiciant
1326 2946 1672 3019 retinereque
1702 2952 1878 3020 ipsum
1901 2952 2185 3009 mordicus

615 3028 672 3084 in
702 3033 1068 3100 patriarcbatu
1110 3037 1299 3101 velint,
1342 3049 1550 3109 quanto
1580 3051 1666 3098 est
1694 3043 1906 3113 aequius
1959 3047 2183 3103 credere

612 3136 741 3176 cum
779 3123 864 3178 his
896 3123 1047 3178 illum
1084 3129 1272 3182 stare?
1310 3128 1515 3185 Contra
1553 3132 1931 3188 obtendebant
1986 3135 2183 3191 adver-

613 3214 747 3269 sarii
805 3217 972 3272 verba
1032 3234 1155 3287 quae.
1203 3223 1505 3291 protulisse
1556 3223 1822 3281 Joannem
1874 3229 2182 3293 constabat,

611 3307 750 3363 nihil
788 3310 968 3365 minus
998 3327 1161 3381 quam
1190 3315 1538 3369 verissimum
1586 3317 1751 3388 idque
1788 3318 2038 3375 horroris
2070 3321 2184 3390 ple-

2285 1115 2440 1168 θοντο
2471 1116 2532 1170 τὸ
2567 1117 2811 1171 Ἰωάννου
2847 1121 3037 1191 ὄνομα.

2372 1206 2475 1276 λγ’.
2509 1210 2649 1278 Περὶ
2679 1208 2791 1279 τῆς
2817 1210 3184 1282 δοκιμασίας
3217 1215 3339 1269 τῶν
3375 1215 3759 1289 Ἀρσονιαζῶν.

2355 1299 2445 1369 Τῷ
2478 1299 2661 1370 μέντοι
2689 1319 2752 1369 γε
2779 1301 2990 1373 βασιλεῖ
3015 1303 3168 1359 ἐνθεν
3203 1306 3305 1376 μὲν
3351 1308 3543 1380 ὁρῶντι
3601 1311 3689 1379 τὴν
3739 1314 3814 1363 ἐπὶ

2284 1390 2363 1461 τῷ
2394 1394 2775 1464 παραιτεῖσθαι
2824 1396 3083 1460 πολλάκις
3138 1398 3386 1452 εὐκολίαν
3438 1400 3530 1452 τοῦ
3590 1401 3813 1463 Ἰωάννου,

2285 1483 2438 1538 ἐνθεν
2470 1485 2514 1539 δ’
2542 1482 2700 1548 αὖθις
2733 1489 3115 1562 ύπονοουμένῳ
3138 1493 3238 1561 τὴν
3268 1494 3377 1546 τῶν
3418 1492 3749 1562 ’Δρσενιατῶν
3772 1497 3815 1555 ὲς

2285 1574 2515 1646 ἔσχατον
2540 1578 2771 1651 ἀντοχὴν
2792 1620 2807 1646 ,
2841 1583 2916 1645 ὼς
2946 1583 3058 1634 οὐδ’
3080 1584 3147 1635 ἂν
3188 1585 3604 1653 είρηνευσόπων
3652 1584 3812 1644 ἄλλως,

2285 1669 2335 1721 εί
2370 1669 2530 1738 μήγε
2563 1672 2687 1723 καθ’
2715 1672 2913 1736 αὐτοὺς
2949 1673 3020 1726 τὰ
3043 1674 3144 1743 τῆς
3188 1675 3510 1745 Ἐκκλησίας
3556 1677 3813 1743 πράγματα

2285 1760 2526 1828 γένοιντο
2553 1764 2667 1830 ικαὶ
2693 1764 2801 1835 γὰρ
2833 1767 2927 1818 καὶ
2971 1766 3066 1818 τοῦ
3109 1765 3397 1821 Ὑακίνθου
3437 1766 3495 1831 ἐξ
3555 1765 3812 1835 ἀνθρώπων

2213 1826 2257 1883 Β
2287 1826 2570 1921 γεγονότος
2602 1826 2799 1910 ἐκείνοι
2831 1861 2897 1926 τῇ
2927 1857 3023 1910 τοῦ
3074 1859 3304 1913 Μωσελὲ
3359 1826 3493 1929 μονῇ
3542 1826 3811 1927 προᾷκαοή.

2286 1961 2437 2014 μενοι
2472 1945 2699 2010 πολλοὺς
2732 1945 2875 2017 εῐχον
2906 1948 3157 2017 ἐξωτέρω
3186 1950 3314 2013 τοὺς
3353 1949 3705 2010 σπουδαστὰς,
3735 1947 3808 1998 καί

2279 2038 2406 2098 τοὺς
2430 2037 2609 2090 αὐτῶν
2637 2041 2863 2109 νεκροὺς
2895 2040 2984 2093 ἴσα
3016 2044 3108 2094 καὶ
3129 2042 3470 2112 όμολογητὰς
3495 2041 3701 2110 ἐτίμων,
3730 2039 3808 2091 καὶ

2284 2127 2510 2191 πολλοὺς
2540 2128 2784 2182 ἐντεῦθεν
2812 2130 3122 2202 ἐπήγοντο),
3153 2132 3333 2187 ἐννοιά
3384 2149 3466 2195 τις
3513 2129 3677 2201 ἐπῄει.
3729 2128 3807 2198 ἤδη

2281 2221 2376 2271 καὶ
2409 2222 2520 2282 τοῖς
2546 2220 2826 2289 λογισμοῖς
2849 2223 3012 2276 αὐτοῦ
3044 2224 3452 2295 προκαθίσασα,
3504 2224 3685 2294 μήπως
3716 2217 3810 2286 θεῷ

2281 2307 2471 2363 δοκοῦν
2487 2311 2559 2362 τὰ
2580 2310 2805 2375 τούτων,
2835 2314 2862 2364 ό
2878 2313 2935 2365 δὲ
2967 2313 3035 2365 τὰ
3069 2313 3259 2384 πόρρω
3274 2313 3483 2376 διώκοι,
3509 2311 3601 2365 καὶ
3617 2300 3683 2363 ὧν
3707 2306 3809 2367 ἴσως

2281 2401 2640 2457 τελέσθεντων
2671 2404 2825 2458 οὐδὲν
2855 2405 3103 2475 ὀνήῖστον
3133 2407 3369 2473 γένοιτο,
3432 2405 3522 2457 καὶ
3564 2402 3644 2454 διὰ
3685 2396 3808 2451 ταῦθ’

2281 2493 2509 2559 ὀδηγούν
2544 2495 2605 2548 τὸ
2630 2495 2785 2548 Θεῖον
2816 2495 2918 2567 τὴν
2938 2496 3033 2549 τοῦ
3075 2497 3329 2551 Ἰωάννου
3361 2496 3493 2567 πρὸς
3543 2497 3599 2546 τὸ
3647 2505 3807 2558 πατρι-

2283 2585 2536 2655 αρχεύειν
2574 2587 2792 2655 ἐμποιεῖ
2837 2588 3071 2659 νάρκην,
3116 2588 3364 2659 εὐχερῶς
3424 2580 3809 2654 παραιτουμένου

2284 2678 2394 2730 κάκ
2423 2677 2523 2747 τῆς
2548 2679 2813 2748 τυχούσης
2838 2679 3190 2748 προφάσεως.
3216 2677 3312 2749 Τῷ
3335 2694 3413 2730 τοι
3447 2675 3536 2729 καὶ
3575 2683 3807 2740 γνωσιμα-

2281 2852 2586 2911 familiares
2608 2853 2665 2911 in
2718 2855 3180 2925 patriarcbalibus
3224 2858 3492 2929 degentes
3527 2851 3715 2909 aedibus
3742 2861 3810 2903 rcis

2286 2963 2384 3017 pro
2416 2963 2482 3002 co
2505 2949 2653 3003 velut
2685 2951 2996 3020 patriarcha
3038 2953 3523 3018 administrabant,
3580 2957 3811 3010 utcunque

2290 3042 2442 3108 prius
2469 3056 2635 3109 quam
2669 3041 2788 3096 haec
2818 3056 3193 3110 moverentur,
3219 3045 3411 3101 missis
3469 3043 3579 3113 ipse
3615 3039 3813 3095 Joannes

2290 3145 2386 3200 per
2412 3131 2742 3185 monasteria
2786 3143 2840 3186 et
2872 3132 2925 3187 in
2978 3134 3154 3204 ipsam
3192 3135 3499 3191 Ecclesiam
3541 3130 3695 3188 certis
3742 3128 3815 3181 lto-

2292 3219 2553 3283 minibus,
2604 3220 2946 3290 permisisset
2984 3237 3015 3277 a
3061 3223 3143 3277 sui
3192 3224 3815 3279 commemorationem-

2289 3310 2426 3374 sari,
2484 3311 2630 3365 velut
2676 3312 2771 3381 qui
2822 3313 2932 3382 jam
2989 3314 3091 3368 rite
3122 3315 3443 3372 abdicasset
3502 3313 3817 3378 cessissetqtle

610 3415 741 3454 num
776 3416 899 3456 esse
933 3403 1326 3472 jnramentum,
1392 3407 1611 3463 abunde
1666 3410 1962 3476 idoneum,
2017 3413 2101 3467 vel
2137 3413 2184 3467 si
2287 3404 2514 3458 omnino
2549 3405 2882 3462 sacerdotio.
2948 3404 3146 3462 Verum
3185 3409 3285 3473 illi,
3326 3409 3454 3481 quid
3512 3405 3734 3479 synodus
3775 3406 3817 3454 et

616 3493 763 3548 aliud
804 3493 1044 3560 deesset,
1072 3499 1308 3552 arcendo
1347 3515 1377 3553 a
1409 3502 1720 3557 sacerdotio
1749 3506 1843 3573 qui
1886 3515 2182 3569 transgres~

2282 3495 2593 3563 imperator
2646 3496 2792 3550 circa
2873 3495 2978 3551 hoc
3055 3507 3376 3554 statuerent
3443 3501 3817 3566 exspectantes.

611 3599 710 3639 sus
736 3586 785 3639 id
823 3587 917 3641 sit.
947 3586 1007 3641 In
1044 3588 1238 3643 borum
1288 3594 1611 3647 sententiam
1662 3596 2002 3666 aliquantum
2059 3614 2185 3667 pro-
2291 3585 2716 3657 haudquaquam
2771 3595 2905 3643 θωη
2959 3590 3210 3656 PerillaSi
3257 3607 3466 3647 ηοωθη
3517 3587 3725 3644 Joannis
3755 3593 3820 3636 ’θ’

612 3677 855 3747 pendere
884 3678 1183 3748 imperator
1211 3683 1535 3748 videbatur;
1568 3688 1727 3757 cujus
1756 3690 1834 3744 rei
1868 3704 2034 3745 causa
2065 3708 2186 3759 quae

613 3766 851 3822 maxime
877 3784 937 3823 se
965 3773 1297 3837 ostentabat,
1356 3784 1476 3830 erat
1532 3780 1778 3847 quaedam
1834 3781 2081 3836 exactior
2131 3790 2187 3836 et

611 3857 911 3914 tutioribus
965 3862 1227 3918 inhaerere
1276 3879 1491 3934 semper
1547 3869 1707 3923 solita
1768 3868 1929 3941 353
1990 3872 2184 3941 religio

606 3949 806 4015 animi,
861 3951 1109 4021 jurisque
1163 3954 1375 4023 jurandi
1432 3962 1759 4014 reverentia.
1797 3960 1958 4016 Forte
2002 3972 2184 4019 tamen

605 4041 836 4095 Suberat
867 4044 1140 4099 occultior
1170 4047 1328 4110 ratio,
1366 4063 1491 4117 spes
1521 4048 1768 4118 quaedam
1801 4051 1903 4117 ipsi
1944 4053 2179 4108 subnata

612 4132 690 4185 rei
732 4134 936 4188 dudum
968 4147 1255 4206 exoptata},
1285 4139 1578 4193 revocandi
1619 4142 1938 4197 Arseniatas
1969 4146 2033 4197 ad
2094 4161 2187 4215 pa-

602 4236 729 4276 cem
761 4226 1048 4280 occasione
1081 4230 1397 4283 mutationis
1427 4230 1768 4298 patriarchae,
1801 4234 1959 4301 cujus
1991 4249 2182 4289 ansam

608 4311 801 4365 offerri
833 4329 929 4381 per
960 4315 1063 4368 hoc
1115 4319 1460 4372 commodam
1492 4335 1590 4373 nec
1635 4322 1737 4375 sibi
1800 4326 2181 4394 negligentiam

610 4404 1008 4460 arbitrabatur.
1048 4406 1199 4461 Haud
1226 4424 1415 4474 parum
1451 4412 1649 4481 quippe
1688 4414 2012 4484 jampridem
2058 4432 2185 4472 cru-

604 4494 791 4550 ciabat
826 4497 1206 4566 imperatorem
1243 4500 1459 4553 illorum
1524 4504 1783 4559 scltisma.
1822 4506 2182 4577 Ostenditque

606 4588 754 4642 adeo
790 4588 953 4658 paulo
985 4600 1106 4659 post
1134 4605 1297 4659 quam
1329 4593 1459 4647 nihil
1494 4610 1749 4651 recusare
1785 4609 2010 4667 paratus
2037 4610 2183 4655 esset

602 4692 723 4748 quo
754 4695 849 4733 eos
880 4679 947 4733 ad
983 4683 1336 4737 concordiam
1370 4683 1676 4742 reduceret.
1719 4688 1831 4741 Nisi
1864 4698 1919 4743 et
1944 4690 2094 4742 aliud
2126 4691 2180 4744 in

606 4769 669 4824 id
698 4772 872 4839 ipsum
908 4786 1130 4827 movens
1150 4775 1418 4844 suspicari
1450 4776 1596 4841 licet,
1622 4778 1751 4831 item
1786 4794 1987 4834 arcano
2015 4782 2181 4836 menti

605 4866 848 4935 Augusti
901 4865 1267 4931 observatum,
1332 4872 1397 4924 de.
1430 4871 1731 4925 Athanasio
1774 4873 2180 4939 expatriarclia,

600 4959 777 5027 'cujus
811 4960 1213 5016 restitutionem
1246 4961 1298 5015 in
1327 4962 1583 5017 thronum
1626 4978 1693 5015 an
1723 4963 1832 5030 jam
1870 4972 1980 5016 tum
2032 4965 2184 5034 cogi-

602 5048 837 5111 Ataverit,
869 5049 919 5102 in
946 5050 1154 5107 incerto
1182 5052 1404 5122 quidem
1446 5062 1554 5117 est,
1601 5068 1705 5106 non
1739 5054 2183 5122 tamenjortasse

603 5139 836 5206 gpeuitus
878 5156 904 5192 a
941 5142 1271 5211 conjectum
1299 5144 1774 5198 verisimilitudine
1826 5146 2087 5201 abhorret
2111 5161 2177 5201 eo

600 5228 723 5300 jam
759 5231 885 5286 hinc
921 5248 1043 5288 eum
1071 5236 1484 5290 dissimulanter
1537 5238 1868 5293 collimasse.
1898 5237 2031 5292 Ulut
2086 5238 2179 5303 sit,

607 5325 1066 5381 altercationibus
1096 5328 1204 5382 isto
1265 5328 1427 5383 modo
1455 5328 1506 5382 in
1564 5329 1788 5400 longum
1853 5332 2068 5396 tractis,
2129 5337 2185 5385 et

604 5417 889 5485 nepiScopis
915 5418 1142 5472 minime
1174 5420 1318 5473 inter
1350 5435 1471 5475 sese
1521 5422 1995 5487 convenientibus,
2056 5437 2185 5492 pen-

612 5507 785 5563 debat
814 5511 865 5562 in
901 5510 1125 5580 ancipiti
1162 5513 1439 5581 negotium
1469 5514 1828 5569 abdicationis
1878 5515 2186 5584 depositio-

616 5597 773 5651 nisve
796 5595 1045 5663 Joannis,
1098 5614 1202 5655 nec
1232 5601 1607 5671 multiplicatis
1639 5604 2044 5673 quantumlibet
2069 5619 2184 5659 caa-

614 5688 766 5743 tibus
795 5689 1095 5759 quidquam
1119 5693 1569 5750 concludebatur.
1609 5694 1792 5761 Quare
1833 5695 2010 5751 adhuc
2034 5712 2186 5752 com-

619 5780 948 5837 memoratio
976 5779 1208 5867 Joanpis
1241 5786 1402 5842 tlebat
1434 5787 1576 5842 inter
1596 5801 1775 5843 sacra.
1808 5785 1950 5853 Quin
1978 5797 2032 5843 et
2061 5788 2182 5858 ejus

2290 3678 2476 3731 ticere.

2535 3771 2623 3824 35.
2657 3774 2731 3825 De
2777 3771 3139 3840 exploratione
3182 3774 3609 3830 Arseniatarum.

2356 3860 2739 3917 33.Cteterum
2780 3864 3099 3932 imperatori
3150 3866 3280 3921 ltinc
3347 3868 3559 3938 quidem
3608 3856 3811 3919 cernenti

2287 3950 2603 4009 facilitatem
2635 3953 2864 4010 Joannis
2885 3957 2938 4009 in
2965 3957 3193 4013 crebras
3217 3961 3455 4016 subinde
3483 3956 3812 4014 abdicationes

2289 4053 2763 4115 prorumpentem,
2807 4047 2933 4103 inde
2964 4056 3147 4102 autem
3180 4049 3405 4106 babenti
3438 4057 3721 4119 suspectam
3747 4044 3811 4096 in-

2287 4133 2579 4189 ﬂexibilem
2608 4135 2673 4189 ad
2699 4148 3003 4192 extremum
3025 4139 3443 4196 Arseniatarum
3478 4134 3813 4209 pertinaciam.

2286 4239 2423 4292 quos
2470 4232 2754 4295 appareret
2810 4242 3096 4296 nunquam
3150 4228 3217 4282 ad
3260 4244 3449 4299 pacem
3507 4219 3813 4282 adducendus

2286 4317 2641 4387 aliteroquam
2679 4316 2934 4373 Ecclesia:
2970 4320 3236 4389 regimine
3275 4337 3447 4390 penes
3477 4321 3623 4390 ipsos
3645 4312 3811 4385 posito.

2287 4409 2552 4478 siquidem
2602 4410 2906 4479 Hyacintho
2942 4410 3052 4477 jam
3091 4424 3309 4467 mortuo
3344 4413 3418 4467 illi
3465 4404 3810 4466 monasterium

2214 4536 2261 4596 D
2289 4500 2486 4555 Mosae
2517 4512 2772 4555 νοθδίυηδ
2799 4501 2964 4573 354
3002 4502 3313 4561 insidentes
3346 4505 3549 4560 multos
3575 4497 3817 4596 habe-baut

2285 4592 2525 4644 exterius
2557 4591 2823 4656 fautores,
2853 4598 2988 4648 adeo
3018 4596 3273 4650 factionis
3306 4597 3546 4664 ipsorum
3578 4587 3819 4648 studiosos

2288 4693 2349 4737 ut
2379 4685 2542 4737 etiam
2576 4692 2825 4751 mortuos
2856 4700 3045 4739 eorum
3079 4687 3225 4741 velut
3250 4688 3591 4743 contessores
3621 4689 3819 4734 venera-

2287 4781 2477 4827 rentur
2510 4778 2819 4845 multosque
2843 4792 2905 4833 ea
2949 4778 3215 4850 religione
3245 4783 3310 4835 ad
3344 4781 3479 4836 istas
3512 4785 3688 4847 partes
3733 4771 3822 4824 imo

2288 4866 2572 4935 plicarcnt.
2597 4869 2843 4935 quasdam
2872 4873 3098 4925 sztborta
3123 4874 3389 4943 cogitatio
3428 4883 3531 4932 est.
3559 4862 3821 4935 autpotius

2286 4958 2495 5012 intimis
2540 4959 2660 5028 ejus
2705 4962 2958 5018 sensibus
3014 4965 3181 5020 tacite
3226 4964 3433 5019 dudum
3473 4962 3708 5017 insidens
3744 4962 3823 5020 per

2288 5050 2430 5103 hanc
2459 5052 2804 5107 occasionem
2834 5055 3094 5121 excitata,
3119 5072 3188 5110 an
3217 5072 3325 5112 non
3355 5056 3493 5110 forte
3523 5054 3629 5108 Deo
3653 5045 3826 5117 proba-

2288 5150 2478 5196 rentur
2509 5141 2740 5199 istorum
2762 5161 2871 5209 res,
2896 5156 2949 5200 et
2969 5149 3088 5217 ipse
3112 5151 3406 5219 longinqua
3434 5147 3825 5217 persequeretur

2288 5234 2484 5303 quibus
2526 5233 2759 5290 forsitan
2803 5238 3065 5307 perlectis
3102 5242 3240 5294 nihil
3288 5240 3356 5294 ad
3411 5247 3674 5294 summam
3710 5224 3825 5326 utile

2287 5324 2647 5394 comiugcret.
2688 5326 2754 5381 Et
2776 5329 2903 5397 quis
2939 5331 3113 5386 sciret
3145 5332 3341 5401 ecquid
3378 5345 3484 5386 non
3516 5330 3733 5381 fortasse
3756 5315 3823 5414 di:

2286 5418 2490 5471 vinitus
2508 5417 2599 5470 illa
2619 5422 2846 5476 satietas
2866 5423 3268 5491 patriarchatus
3290 5432 3351 5479 et
3374 5420 3617 5493 quaedam
3648 5419 3825 5469 sutum!

2287 5508 2515 5565 honoris
2566 5524 2768 5566 nausea
2811 5526 2953 5580 sepe
2985 5513 3163 5581 ipsum
3203 5514 3302 5569 levi
3339 5511 3407 5566 de
3437 5520 3600 5564 causa
3636 5498 3698 5553 ad
3719 5504 3826 5548 ten-

2287 5600 2506 5654 tandum
2522 5604 2833 5658 cessionem
2852 5606 3143 5660 concitans
3160 5604 3358 5661 Joanni
3383 5586 3827 5671 injiceretur?An-

2285 5705 2419 5759 seps
2449 5693 2616 5763 igitur
2644 5693 2816 5749 animi
2850 5708 3017 5765 super
3049 5697 3135 5753 his
3185 5706 3538 5763 aestuansque
3579 5687 3827 5779 alternans

2288 5784 2436 5841 tibus
2483 5788 2797 5854 sententiis,
2851 5803 2978 5844 cum
3031 5792 3401 5848 necessarium
3449 5788 3591 5841 esset
3623 5777 3823 5832 tertium
