4024 6398
180 390 295 447 39‘.)

1062 380 1159 441 DE
1202 374 1647 439 ANDRONICO
1678 370 2154 435 PAI..‘EOLOGO
2195 373 2346 435 LIB.
2388 372 2489 434 ιν.

3373 381 3483 445 3ινο

182 506 302 577 χῶν
335 503 476 569 ὑπὲρ
502 502 731 562 τούτων,
769 501 862 552 καὶ
879 498 955 551 ὅτ’
998 497 1170 557 ἄλλως
1197 494 1411 563 ἀνάγκη
1443 488 1512 561 ἦν
1543 494 1638 546 καὶ
1664 491 1782 563 τρί-
1812 493 1853 551 Α
1886 491 2257 557 περιποιοῖντο
2316 491 2376 542 ἐν
2435 491 2556 553 ταῖς
2617 506 2802 559 τιμαις
2861 492 2944 558 (τὸ
2992 491 3097 564 γὰρ
3151 494 3246 548 τοῦ
3286 498 3489 568 Ἰωσὴφ

185 614 275 650 εον
316 598 410 648 ἐπὶ
442 594 570 647 δυσὶ
605 592 953 661 πατριάρχην
993 587 1457 658 ὲπικηρύττεσθαι
1513 584 1680 640 αὐτοῦ
1724 600 1788 652 γε

182 684 641 757 παραιτουμένου
667 684 797 755 ἤδη,
849 684 943 736 καὶ
971 684 1035 737 τὸ
1062 681 1308 751 ἀπρεπὲς
1346 677 1788 746 δυσωπούμενος,

180 796 328 846 εγνω
366 777 926 848 προκαταλαμϐάνειν
988 775 1251 837 ἐκείνους,
1312 773 1404 825 καὶ
1447 772 1675 840 πέμψας
1733 771 1791 821 ἐν

179 872 530 943 ἀπορρήτοις
581 870 683 940 τὴν
742 871 807 923 ὲκ
869 868 1201 933 Νοστόγγων
1275 862 1792 933 Ταρχανειὼτισσαν

178 964 615 1034 ὁμαιμονοῦσαν
641 961 718 1031 τῷ
750 960 1020 1030 Κομνηνῷ
1063 961 1285 1031 Ἰωάννῃ
1307 957 1400 1011 καὶ
1451 959 1520 1008 τὰ
1565 954 1792 1008 ἐκείνων

176 1058 239 1123 ἐξ
276 1059 465 1126 ἀρχῆς
493 1055 802 1126 φρονοῦσιν
837 1055 962 1122 ἄγει
1004 1053 1132 1124 παρ’
1165 1050 1362 1120 ἑαυτῷ,
1394 1050 1488 1102 καὶ
1516 1047 1793 1101 κοινοῦται

181 1151 359 1220 ταύτῃ
395 1152 458 1202 τδ
508 1149 774 1218 σκέμμα,
828 1149 926 1201 καὶ¹
974 1146 1110 1217 πρὸς
1153 1143 1400 1206 ἐκείνους
1446 1142 1537 1196 διὰ
1588 1142 1794 1207 ταύτης

177 1243 588 1313 πρεσϐεύεται,
624 1242 718 1295 καὶ
751 1242 904 1311 ζητεῖ
930 1241 1056 1302 τοὺς
1115 1235 1341 1291 ἐκείνων
1387 1235 1658 1306 πρώτους,
1701 1233 1794 1286 καὶ

178 1337 439 1406 μάλιστα
461 1336 590 1397 τοὺς
617 1333 870 1402 τυφλοὺς,
916 1330 1168 1399 Λάζαρὸν
1218 1345 1277 1382 τε
1321 1329 1416 1381 τὸν
1472 1326 1795 1397 Γοριανίτην

174 1430 286 1482 καὶ
320 1430 417 1480 τὸν
456 1426 794 1497 Περιστέρην
823 1424 1134 1494 Μακάριον,
1167 1416 1315 1490 ὲφίἶ)
1350 1419 1446 1473 καὶ
1490 1420 1620 1488 περὶ
1668 1417 1795 1470 τού-

175 1538 302 1573 των
330 1520 487 1587 σφίσι
515 1516 1039 1586 συν-διασκέψασθαι.
1080 1516 1189 1569 Kal.
1214 1514 1280 1583 δὴ
1305 1514 1600 1582 ἐφίσταται
1632 1511 1729 1581 μὲν
1757 1511 1791 1578 ἡ

180 1613 413 1681 μοναχῆ
442 1610 617 1680 γραῦς
639 1609 900 1678 ἁσμένοις
931 1609 1043 1671 τοῖς
1073 1607 1346 1677 μοναχοῖς.
1392 1604 1711 1670 ἐκλέγονται
1739 1602 1795 1655 δὲ

180 1705 328 1772 παρ’
360 1700 548 1756 αὐτῶν
569 1704 683 1763 τοῖς
723 1699 944 1768 τυφλοῖς
978 1698 1196 1766 σύναμα
1229 1698 1279 1749 οἱ
1310 1697 1418 1748 τῶν
1464 1694 1640 1750 ἄλλων
1664 1710 1797 1773 προ-

183 1798 443 1865 έχοντες,
478 1797 575 1848 καὶ
602 1798 684 1856 είς
707 1794 867 1846 πέντε
904 1792 1248 1853 ποσωθέντες
1280 1789 1792 1854 ἐξαποστέλλονται.

182 1879 297 1938 Ὧν
326 1886 393 1956 δὴ
428 1883 580 1956 [244]
622 1885 717 1936 καὶ
767 1882 876 1935 τῶν
906 1883 1116 1935 νυκτῶν
1157 1882 1297 1950 ἀωρὶ
1352 1878 1577 1949 μηδενὸς
1630 1879 1793 1933 ἄλλου

187 1977 512 2038 συνειδότος
565 1974 1000 2042 προσόδουοπρὺς
1043 1973 1267 2037 βασιλέα
1317 1970 1717 2041 τυγχανόντων,
1747 1974 1796 2026 οἱ

187 2070 331 2139 περὶ
351 2069 568 2122 τούτων
594 2066 869 2120 κινοῦνται
892 2065 1040 2133 λόγοι
1066 2081 1079 2094 δ
1104 2067 1196 2116 καὶ
1223 2064 1474 2134 βασιλεὺς
1500 2064 1652 2117 οὐδὲν
1672 2063 1799 2116 ἄλλο

191 2160 668 2230 προύργιαίτερον
696 2157 836 2227 ἔχων
864 2158 896 2229 ἦ
929 2158 1081 2219 ὅπως
1116 2157 1212 2225 μὲν
1241 2157 1301 2209 τὸ
1334 2157 1428 2208 ἐπὶ
1444 2159 1564 2218 ταῖς
1594 2155 1800 2226 πράξεο

195 2271 287 2307 σιν
318 2252 634 2322 ἀμώμητον
667 2253 871 2320 σχοῖεν,
906 2251 1000 2302 ἐπί
1033 2267 1091 2302 τε
1122 2249 1427 2319 χειροτονίᾳ
1466 2248 1670 2319 δηλαδὴ
1697 2264 1803 2303 πα-

199 2347 468 2416 τριάρχου
532 2343 772 2409 καὶ-τοῖς
812 2341 1041 2404 λοιποῖς,
1093 2342 1243 2404 ὅπως
1294 2341 1352 2393 δὲ
1400 2342 1492 2394 καὶ
1526 2341 1802 2411 ἀρχιερεῖς

196 2525 428 2580 duobus
460 2522 648 2577 adhuc
705 2521 1063 2588 viventibus,
1124 2520 1424 2577 Athanasio
1472 2528 1526 2574 et
1577 2520 1800 2587 Joanni,

199 2616 582 2690 patriarcham
633 2615 1097 2678 superinducere,
1130 2615 1391 2685 quoniam
1424 2615 1513 2668 hic
1553 2616 1631 2669 illi
1667 2616 1802 2671 sub-

204 2718 441 2779 rogatus
512 2708 627 2777 jam
686 2708 792 2763 rite
834 2707 1227 2771 renuntiasset,
1286 2707 1474 2777 reique
1541 2708 1805 2764 indecen-

208 2802 340 2869 tiam
425 2802 681 2866 veritus,
748 2817 1136 2871 praeoccupare
1185 2816 1602 2871 provocareque
1656 2804 1801 2857 ultro

216 2896 281 2949 ad
337 2908 533 2964 pacein
605 2895 927 2949 Arseniatas
968 2896 1209 2961 statuit;
1251 2909 1565 2965 arcanaque
1628 2897 1803 2951 accita

221 2986 695 3049 Tarchaniotissa,
723 3002 788 3040 ex
839 2986 1045 3041 familia
1098 2985 1531 3056 Nostongorum,
1563 3002 1803 3043 consan-

226 3079 421 3146 guinea
457 3076 689 3132 Joannis
713 3076 1006 3144 Comneni,
1041 3094 1206 3148 quam
1256 3081 1542 3135 mulierem
1592 3082 1803 3137 sciebat

222 3166 308 3221 isti
357 3182 386 3221 a
445 3168 719 3237 principio
752 3179 917 3224 sectae
953 3169 1253 3224 adhaesisse
1304 3185 1578 3241 nosseque
1634 3158 1839 3242 ipsius~

1898 582 2243 649 μνημόσυνον
2279 583 2375 635 καὶ
2407 581 2765 652 προπέποτο),
2796 582 2960 644 πολὺς
3015 580 3085 654 ἦν
3139 586 3308 650 ἀξιῶν
3354 592 3491 657 πρὸς

1893 669 2090 729 ταῦτα,
2128 671 2201 740 μή
2236 687 2368 733 πως,
2406 672 2561 739 φησι,
2595 673 3091 738 καταστορεϐἐντος
3151 678 3351 745 μέρους
3398 680 3491 747 μέ-

1898 780 1988 830 ρος
2016 758 2172 825 αὖθις
2202 764 2524 816 ἀνασοΰοίτο
2554 766 2649 818 καὶ
2683 766 2846 818 πάλιν
2899 768 3146 839 ἁναςῷεν
3189 770 3257 823 τὰ
3322 774 3491 825 σκάνο

1893 858 2048 922 δαλα,
2093 858 2209 913 ἀ)λ“
2238 859 2334 927 ὅλη
2378 876 2458 921 τις
2492 864 2584 913 καὶ
2616 863 2698 928 ἐφ’
2728 862 2874 925 ὅλοις
2920 866 3111 936 εἰρήνη
3171 868 3487 938 ὲπισχεθείη

1896 950 2007 1009 τοῖς
2039 948 2354 1017 πράγμασι.
2383 949 2557 1003 Τοῦτο
2589 951 2718 1020 γὰρ,
2746 955 2902 1021 φησὶ,
2939 955 3034 1007 καὶ
3072 955 3134 1007 τὸ
3195 956 3492 1019 σπουδαζό-

1900 1054 2078 1106 μενον.
2111 1039 2175 1090 Οἱ
2203 1041 2383 1108 μέντοι
2412 1057 2475 1107 γε
2510 1048 2728 1111 μονοιχοί
2756 1044 2824 1096 τὰ
2877 1045 2975 1111 μὲν
3003 1048 3130 1115 περὶ
3175 1047 3268 1100 τοῦ
3329 1065 3493 1118 γενη-

1898 1130 2127 1199 σομένου
2159 1131 2524 1201 πατριάρχου,
2552 1134 2698 1197 ὅπως
2738 1134 2803 1187 ἂν
2850 1137 3154 1210 ψηφισθείη
3209 1142 3302 1194 καὶ
3341 1142 3492 1205 ὅπως

1896 1225 2255 1292 χειροτονοῖτο
2311 1225 2404 1278 καὶ
2450 1225 2532 1289 τίς
2567 1222 2719 1292 οὗτος
2753 1229 2815 1300 δὴ
2843 1232 2937 1285 καὶ
2985 1234 3187 1296 ὁποῖος,
3229 1235 3320 1286 τὸν
3389 1235 3491 1302 μὲν

1897 1315 2043 1385 ἔχειν
2068 1315 2252 1383 ἔλεγον
2283 1317 2377 1369 καὶ
2415 1318 2681 1382 ἐπιεικῶς
2715 1322 2807 1373 ἐπὶ
2845 1323 2923 1391 τῷ
2969 1324 3273 1395 πράγματι,
3314 1326 3488 1391 ἄξιον,

1896 1408 1995 1478 τὴν
2027 1407 2208 1476 ψῆφον
2231 1406 2464 1460 δἀύτοῦ
2515 1410 2609 1464 καὶ
2641 1411 2739 1480 τὴν
2791 1415 3131 1483 χειροτονίαν
3184 1417 3257 1487 μὴ
3320 1419 3494 1487 πράτέ

1897 1514 2012 1550 τειν
2035 1498 2168 1562 ὅλως
2200 1499 2474 1568 ἁπέλεγον
2506 1502 2632 1565 τοὺς
2662 1505 2970 1574 ἀρχιερεῖς·
3012 1509 3150 1577 μηδὲ
3196 1510 3305 1579 γὰρ
3342 1511 3490 1564 ὅσιον

1899 1585 2037 1643 εἶναι
2061 1593 2556 1661 κατασεσεισμένον
2586 1595 2645 1659 ἐξ
2694 1599 2871 1668 ἀρχῆς
2931 1600 3239 1655 ὑποτιθέναι
3274 1605 3364 1656 τὶν
3403 1605 3494 1658 θέ-

1901 1681 2117 1751 μεθλον.
2165 1682 2305 1735 Ἀλλ’
2334 1684 2576 1748 ἐκείνους
2634 1688 2734 1756 μὲν
2788 1691 3094 1759 ἀπρακτεῖν
3146 1693 3206 1746 τὸ
3255 1695 3489 1764 πάμπαν

1900 1773 1997 1827 καὶ
2029 1774 2346 1844 ἡσυχάζειν,
2373 1776 2483 1829 ἔστ’
2516 1778 2581 1832 ἂν
2610 1781 2980 1844 καταστάντος
3012 1787 3352 1856 πατριάρχου
3404 1805 3491 1839 κο-

1903 1866 2075 1936 μίμου
2102 1866 2171 1919 τὰ
2198 1868 2318 1921 κατ’
2340 1869 2536 1931 αὐτοὺς
2556 1870 2913 1939 ὲξετάζοιντο,
2950 1875 3147 1938 αὐτοὺς
3185 1877 3240 1929 δὲ
3271 1878 3366 1929 καὶ
3395 1878 3490 1942 οὓς

1902 1961 2189 2024 κοινωνοὺς
2216 1955 2362 2030 εἶχον
2393 1960 2614 2031 ἑτέρους
2636 1963 2970 2032 ψηφίζεσθαι
2998 1983 3012 1997 ⁸
3054 1972 3381 2037 χειροτονεῖν
3429 1971 3488 2024 δὲ

1900 2051 1989 2104 τὸν
2013 2052 2119 2105 τῶν
2144 2053 2584 2124 Μαρμαριτζίων
2622 2055 2922 2111 ἐπίσκοπον
2977 2061 3392 2131 προσκληθέντα
3423 2065 3487 2115 ἐκ

1901 2141 2125 2209 δύσεως,
2172 2144 2340 2215 ἄνδρα
2399 2147 2634 2217 γηραιὸν
2687 2149 2789 2216 μὲν
2842 2151 2942 2221 ἤδη
2980 2152 3204 2222 καὶτῆς
3255 2155 3489 2217 παλαιᾶς

1900 2236 2116 2307 ἐκείνης
2143 2222 2495 2306 χειροτονίας,
2526 2239 2635 2292 οὐδ’
2660 2241 2797 2303 ὅλως
2846 2241 2902 2294 δὲ
2951 2247 3065 2306 τοῖς
3099 2247 3305 2312 μεταξὺ
3349 2264 3494 2315 πρα-

1900 2327 2079 2401 χθεῖσι
2120 2329 2578 2398 κεκοινωνηκέναι
2621 2332 2871 2398 δόξαντα.
2926 2334 3239 2390 Ὑπέτεινον
3285 2339 3340 2391 δὲ
3397 2341 3490 2392 καὶ

1904 2512 1996 2567 nia
2021 2511 2077 2566 in
2106 2504 2225 2566 hoc'
2262 2512 2486 2580 negotio
2519 2515 2807 2569 conveniri
2844 2525 3105 2586 oportere
3147 2520 3385 2589 primum
3422 2523 3490 2578 de

1903 2619 2136 2675 persona
2186 2606 2541 2674 promovendi
2609 2608 2974 2677 patriarchae,
3020 2619 3134 2665 tum
3195 2615 3263 2669 de
3317 2614 3489 2684 ipsius

1902 2697 2259 2761 electoribus,
2312 2704 2594 2767 postremo
2629 2700 2699 2756 de
2731 2701 2824 2756 illo
2857 2718 2887 2756 a
2911 2719 3020 2772 quo
3067 2704 3115 2760 is
3143 2715 3294 2760 esset
3334 2710 3488 2760 ordi~

1902 2789 2144 2843 nandus.
2163 2788 2241 2844 Ae
2268 2789 2448 2843 virum
2473 2790 2692 2859 quidem
2715 2792 2783 2846 iis
2812 2792 3027 2849 abunde
3054 2804 3309 2849 ornatum
3341 2798 3487 2850 doti-

1905 2881 2012 2937 bus
2035 2890 2091 2937 et
2122 2881 2370 2937 moribus
2392 2882 2484 2952 qui
2522 2884 2945 2952 requirerentur
2972 2885 3026 2938 in
3071 2888 3386 2954 patriarcha
3416 2890 3485 2942 ad

1904 2974 2230 3038 Ecclesiam,
2262 2983 2425 3045 prout
2467 2990 2709 3046 praesens
2739 2976 2861 3045 ejus
2884 2987 3062 3033 status
3087 2992 3358 3048 posceret,
3389 2995 3489 3050 op.

1905 3069 2041 3123 time
2060 3068 2378 3137 regendam,
2414 3069 2617 3124 habere
2648 3086 2707 3124 se
2732 3072 2801 3124 ad
2833 3086 3078 3137 manum,
3101 3074 3261 3149 plane
3280 3075 3488 3128 honore

1900 3162 1999 3217 illo
2045 3160 2479 3231 dignissimum:
2535 3172 2791 3217 ueterum
2842 3165 3160 3233 neutiquam
3208 3165 3293 3220 fus
3343 3182 3484 3234 esse,

218 3260 435 3322 intima,
467 3261 520 3314 ei
566 3260 848 3330 colloquio
877 3273 1093 3315 secreto
1120 3263 1495 3317 communicat
1539 3264 1672 3333 quid
1702 3280 1792 3319 ρο.
1827 3249 1869 3303 C
1904 3267 2084 3320 neque
2118 3252 2167 3305 id
2220 3267 2461 3322 unquam
2512 3269 2572 3308 se
2615 3268 2905 3320 passuros,
2954 3251 3119 3327 hujus
3160 3256 3486 3313 electionem

210 3353 435 3422 gitaret,
466 3354 963 3423 eaqueinterprete
993 3368 1118 3408 cum
1159 3356 1496 3427 primoribus
1529 3359 1800 3413 Arsenia-

210 3451 395 3498 tarum
445 3446 581 3515 agit,
631 3447 791 3500 caecis
849 3446 1109 3516 pracipne
1149 3447 1390 3512 duobus,
1440 3447 1649 3505 Lazaro
1687 3450 1798 3506 Go-

209 3538 415 3593 rianitc
446 3547 503 3594 et
542 3539 779 3595 Macario
818 3537 1120 3603 Peristera,
1154 3551 1212 3595 ut
1247 3543 1513 3612 congredi
1548 3559 1612 3598 ac
1650 3544 1799 3599 deli-
1834 3594 1841 3605 ,

210 3629 410 3685 berare
444 3646 633 3687 secum
658 3630 729 3687 de
761 3631 856 3685 tali
890 3633 1115 3702 negotio
1146 3633 1367 3689 vellent.
1404 3634 1607 3690 Laetum
1651 3638 1798 3693 hunc
1825 3680 1837 3694 .

206 3735 347 3779 anus
375 3723 648 3778 monacha
673 3724 1081 3795 gratulantibus
1114 3726 1402 3781 monachis
1433 3728 1621 3782 attulit
1648 3743 1795 3782 nun-

210 3818 370 3872 tium.
402 3816 696 3884 Eliguntur
726 3819 796 3872 ah
820 3819 908 3874 his
931 3821 1114 3874 subito
1140 3828 1338 3890 praeter
1376 3820 1566 3876 ambos
1616 3835 1795 3878 caecos

209 3911 301 3965 alii
331 3926 363 3965 e
387 3921 557 3967 sectas
584 3911 948 3982 principibus,
971 3928 1276 3981 omnesque
1293 3914 1540 3983 quinque
1562 3928 1795 3970 numero

209 4005 551 4070 mittuntur;
580 4002 784 4075 quibus
803 4007 1131 4076 intempesta
1153 4014 1313 4059 nocte
1330 4006 1552 4060 nemine
1565 4006 1793 4061 conscio

207 4095 613 4151 admissionem
639 4096 706 4151 ad
744 4096 1045 4165 Augustum
1086 4096 1284 4161 nactis,
1311 4095 1476 4167 355
1521 4099 1603 4167 agi
1634 4099 1702 4152 de
1733 4111 1794 4153 re

206 4188 494 4242 communi
520 4188 726 4243 mutuis
753 4189 1013 4259 utrinque
1035 4189 1384 4244 sermonibus
1424 4197 1661 4257 coeptum
1685 4199 1786 4243 est.

204 4276 264 4332 In
295 4277 404 4333 hac
431 4280 763 4334 tractatione
792 4281 1238 4348 antiquissimum
1271 4282 1403 4335 illud
1435 4291 1488 4336 et
1519 4290 1650 4336 ante
1674 4296 1795 4335 om-

205 4368 293 4422 nia
346 4370 797 4425 commendatum
853 4373 1152 4443 imperator
1205 4372 1478 4438 obtinens,
1535 4380 1594 4426 ut
1637 4383 1785 4428 sarta

201 4467 462 4529 tectaque
496 4475 677 4515 rerum
711 4461 928 4530 publice
980 4463 1039 4517 in
1065 4461 1313 4518 Ecclesia
1354 4467 1783 4518 constitutarum

203 4553 514 4607 auctoritas
573 4564 844 4619 maneret,
893 4554 1030 4610 ratis
1074 4555 1330 4610 videlicet
1370 4557 1785 4626 inculpatisque

201 4642 477 4699 habendis
508 4644 859 4700 ordinatione
891 4647 1217 4714 patriarchae
1266 4649 1515 4714 actisque
1568 4648 1787 4704 caeteris

201 4743 315 4789 tum
337 4736 497 4789 nulla
542 4738 810 4790 movenda
855 4737 1132 4807 episcopis
1164 4738 1272 4807 jam
1301 4740 1490 4794 electis
1518 4740 1793 4794 saeratis-

184 4835 307 4895 ‘que
336 4834 523 4881 status
552 4825 798 4895 ipsorum
829 4828 1224 4907 controversia,
1260 4843 1359 4885 nec
1390 4828 1786 4886 intercedendo

198 4918 503 4985 quominus
529 4916 654 4986 jure
694 4933 858 4986 quam
884 4920 1092 4988 optimo
1120 4921 1174 4973 in
1208 4936 1306 4975 sua
1333 4921 1573 4989 quisque
1601 4921 1784 4990 digni-

199 5016 309 5063 tate
338 5010 667 5077 persisteret
706 5009 857 5079 (nam
890 5010 959 5065 de
989 5014 1516 5067 commemoratione
1557 5011 1784 5081 Josephi

197 5115 321 5169 quae
388 5100 598 5154 dudum
645 5110 933 5156 exarserat
981 5104 1279 5167 contentio,
1323 5103 1434 5171 jatn
1483 5111 1784 5158 evanuerat

197 5191 619 5261 deglutitusque
657 5192 840 5247 omnis
874 5192 944 5248 de
979 5193 1072 5248 illa
1109 5208 1168 5249 re
1198 5194 1496 5262 scrupulus
1525 5194 1692 5265 erat),
1726 5196 1784 5250 in

196 5281 317 5336 haec
351 5288 412 5335 ut
457 5283 845 5338 consentirent
869 5285 1197 5348 Arseniatae.
1227 5286 1417 5341 multis
1450 5287 1634 5342 verbis
1664 5302 1784 5343 ma-

196 5389 416 5445 gnoque
460 5374 649 5430 studio
678 5377 929 5446 urgebat,
968 5379 1116 5434 ne‘si
1146 5394 1308 5435 secus
1349 5380 1466 5446 ﬁat,
1501 5380 1777 5449 inquiens,

196 5467 445 5536 pacanda
488 5478 644 5536 parte
679 5484 788 5523 una
822 5484 948 5539 pars
979 5485 1175 5527 rursus
1222 5475 1393 5528 altera
1428 5474 1783 5543 perturbetur

194 5559 516 5627 iterumque
551 5560 888 5629 repullulent
916 5553 1360 5629 scandala-cum
1390 5566 1550 5622 nobis
1582 5583 1784 5622 curan-

196 5650 326 5705 dum
352 5650 427 5705 sit
457 5660 517 5704 ut
535 5653 865 5709 universalis
906 5657 1156 5724 quaedam
1210 5669 1264 5711 et
1298 5659 1573 5715 universis
1597 5675 1780 5731 azqna-

200 5740 391 5795 biliter
425 5744 721 5810 superfusa
758 5760 859 5814 pax
892 5757 1088 5801 cuncta
1146 5749 1544 5818 eumplectatur
1599 5771 1612 5806 :
1670 5755 1778 5806 huc

1905 3345 2146 3415 permitti
2189 3347 2470 3417 suffragiis
2516 3347 2903 3417 episcoporum
2953 3349 3050 3418 qui
3097 3365 3246 3404 nunc
3276 3362 3484 3419 essent,

1900 3441 2106 3509 quippe
2138 3440 2201 3494 ad
2234 3455 2402 3493 unum
2430 3439 2675 3493 omnium
2696 3442 3206 3496 contaminatorum
3233 3445 3317 3499 vel
3349 3438 3488 3498 coh-

1902 3530 2135 3585 scientia
2188 3535 2243 3585 et
2288 3531 2711 3600 participatione
2758 3532 3144 3587 scandalorum
3203 3535 3286 3591 his
3334 3546 3487 3594 retro

1902 3623 2062 3679 annis
2092 3631 2436 3678 versato‘rum
2477 3623 2529 3676 in
2557 3623 2829 3690 Ecclesia,
2859 3626 2941 3680 vel
2966 3627 3297 3697 contagione
3325 3645 3482 3685 com-

1902 3713 2181 3771 munionis
2222 3729 2349 3769 cum
2388 3714 2713 3769 auctoribus
2751 3726 2843 3770 aut
2892 3717 3355 3788 approbatoribus
3390 3735 3489 3776 eo-

1903 3821 2063 3870 rum;
2099 3820 2129 3861 a
2159 3806 2419 3875 qualibus
2440 3806 2604 3861 etiam
2638 3807 2796 3862 electi
2842 3808 3093 3880 plerique
3124 3812 3489 3883 Ordinatique‘

1897 3896 2103 3963 forent,
2133 3899 2260 3954 ideo
2288 3900 2483 3954 merito
2527 3901 2770 3956 universi
2803 3918 2833 3956 a
2866 3904 2991 3971 jure
3017 3905 3265 3976 suffragii
3297 3908 3350 3960 in
3377 3908 3482 3962 hac

1895 3992 2163 4048 electione
2182 3992 2521 4047 removendi.
2553 3992 2689 4047 Cum
2721 3995 2867 4048 enim
2897 3997 3011 4050 hare
3054 3996 3487 4055 [ntidamcntum

1895 4084 2098 4154 negotii
2138 4083 2311 4138 totius
2350 4085 2495 4152 quod
2530 4101 2676 4139 nunc
2704 4094 2961 4155 ageretur
3002 4090 3144 4143 haud
3175 4090 3341 4144 dubie
3385 4092 3479 4156 sit,

1895 4177 2186 4234 manifeste
2216 4191 2488 4246 apparere
2519 4192 2682 4246 quam
2710 4177 2782 4232 sit
2813 4193 3041 4235 necesse
3076 4179 3208 4236 dare
3255 4198 3477 4237 omnem

1892 4284 2112 4341 operam
2131 4277 2264 4324 utea
2288 4285 2683 4339 usquequaque
2697 4279 2888 4327 sancta
2908 4282 2959 4326 et
2980 4273 3485 4342 irreprchcnsibilis

1891 4363 1985 4429 sit,
2008 4378 2076 4417 ne
2101 4362 2148 4418 si
2174 4362 2598 4432 exceptionibus
2636 4365 2942 4433 reperiatur
2971 4365 3236 4432 obnoxia,
3266 4368 3487 4422 caduca

1889 4462 1944 4510 et
1973 4453 2270 4520 instabilis,
2302 4462 2493 4522 utpote
2524 4455 2576 4508 in
2610 4455 2729 4510 solo
2758 4454 2951 4511 mobili
2995 4455 3242 4519 fundata,
3279 4457 3482 4527 depre-

1816 4589 1860 4644 D
1889 4547 2164 4621 henjlatur
2204 4547 2460 4601 universa
2524 4538 2830 4603 structura.
2877 4549 3057 4616 Quare
3092 4550 3319 4603 omnino
3352 4564 3485 4630 esse

1893 4639 2267 4696 necessarium
2290 4654 2480 4695 omnes
2520 4641 2615 4711 qui
2639 4656 2790 4696 nunc
2834 4642 3144 4697 habeantur
3194 4643 3483 4697 antistites

1889 4746 2087 4787 vacare
2107 4730 2398 4802 otiarique,
2424 4747 2524 4787 nec
2554 4732 2671 4802 ejus
2703 4733 2842 4788 ullas
2888 4722 3132 4789 muneris
3155 4735 3323 4807 356
3350 4751 3485 4805 par-
3522 4742 3537 4750 ’

1894 4834 1976 4880 tes
1998 4824 2288 4893 attingere,
2322 4824 2500 4893 quoad
2525 4826 2862 4879 constitutus
2882 4823 2935 4879 in
2966 4832 3161 4880 throno
3197 4828 3483 4897 legitimos

1891 4932 2304 4986 canomcusque
2334 4916 2648 4987 patriarcha
2677 4932 2877 4973 causas
2909 4933 3100 4973 eorum
3132 4933 3481 4988 cognoscere

1891 5009 2070 5079 deque
2103 5008 2173 5064 iis
2200 5023 2298 5078 pro
2333 5017 2606 5077 potestate
2651 5016 2818 5079 queat
2847 5007 3173 5064 decernere.
3209 5009 3477 5065 Calculos

1890 5115 2056 5170 porro
2074 5100 2140 5153 ad
2174 5099 2337 5168 hujus
2371 5100 2699 5154 electionem
2732 5113 2861 5154 sese
2893 5115 2958 5154 ac
2986 5110 3276 5156 consortes
3309 5116 3475 5155 Cotll-r

1890 5191 2171 5247 munionis
2218 5205 2406 5245 secum
2452 5192 2606 5261 ipsis,
2658 5193 2750 5261 qui
2782 5193 2888 5246 soli
2940 5209 3086 5248 nunc
3138 5195 3204 5248 ad
3255 5195 3309 5247 id
3354 5196 3477 5249 sine

1886 5285 2095 5349 idonei,
2128 5283 2374 5339 daturos.
2399 5284 2782 5340 Ordinatorem
2808 5300 2939 5340 vero
2971 5287 3051 5341 sic
3078 5286 3348 5355 designati
3376 5304 3480 5357 ρειαί

1890 5380 2147 5433 triarcha:
2181 5387 2376 5446 putare
2432 5392 2491 5431 se
2511 5379 2905 5433 accersendum
2941 5395 3007 5433 ex
3039 5380 3285 5434 Occiduo
3320 5389 3468 5433 trac-

1891 5481 1944 5525 tu
1969 5470 2263 5540 quemdam
2286 5469 2609 5539 episcopum
2631 5469 3159 5537 Marmaritziorum,
3183 5473 3475 5525 hominem

1888 5564 2042 5618 valde
2073 5578 2285 5628 senem,
2343 5560 2397 5616 et
2422 5561 2791 5620 ordinationis
2821 5564 3155 5635 antiquioris
3187 5580 3352 5632 quam
3410 5569 3473 5615 ut

1886 5656 2030 5726 iulici
2062 5655 2304 5725 potuerit
2334 5655 2455 5709 labe
2486 5655 2593 5708 ulla
2626 5657 3031 5711 "laudabilium
3056 5668 3308 5710 actorum
3364 5670 3468 5726 po-

1883 5724 2087 5805 sterius
2113 5747 2290 5817 palam
2318 5748 2723 5812 ailmissorum;
2748 5764 2776 5801 a
2798 5763 3032 5818 quorum
3062 5757 3115 5801 et
3136 5748 3256 5816 ipse
3279 5748 3475 5801 hactew

198 5834 366 5899 enim,
423 5834 628 5901 aiebat,
685 5839 1039 5905 communia,
1090 5841 1313 5909 opinor,
1366 5854 1614 5897 uestrum
1659 5858 1780 5898 om-
1886 5854 1994 5896 nus
2044 5837 2470 5909 participatione
2510 5838 2663 5893 omni
2717 5854 2778 5895 se
2808 5854 3004 5909 purum
3033 5838 3347 5896 custodisse
3384 5839 3477 5919 vi-l
