4024 6408
662 322 685 351 Ι

561 377 662 445 391

1823 376 2074 437 omne
2095 376 2144 435 ιι
2187 371 2669 436 ιιιιιῖιιγΜΕῐυε
3734 374 3816 449 399

560 489 803 561 χρηστὰς
830 488 1046 552 ἐλπίδας
1075 486 1413 561 ἀρχιερεῦσι,
1436 488 1685 556 λέγοντες
1720 489 1794 558 μὴ
1827 488 2021 550 τελέως
2053 487 2151 540 αὐ·
2182 488 2233 547 Α
2274 481 2609 557 Ἔκκλησίας
2634 487 2927 542 σκάνδαλον
2958 490 3013 553 ἐς
3064 488 3213 553 τέλος
3239 494 3535 562 περιποιεῖν
3564 494 3807 554 δύνασθαι.

560 582 670 635 τῶν
704 581 942 650 ἀφειδεῖν
968 583 1023 645 ἐς
1055 580 1083 633 ὃ
1113 583 1207 634 καὶ
1242 581 1484 652 ἀργοῖεν,
1531 581 1668 634 ἀλλὰ
1702 579 1849 634 κατὰ
1906 579 2007 651 τὴν
2055 578 2148 633 τοῦ

564 674 710 727 θείου
745 674 1019 743 Ταρασίου
1048 672 1246 743 πρᾶξιν
1276 674 1702 742 περιποιεῖσθαι,
1748 673 1890 745 πλὴν
1921 673 2151 726 ἐκείνων

560 768 686 820 ὅσον
720 768 784 819 ἐκ
810 766 903 819 τοῦ
926 766 1309 837 ,γενησομένου
1364 767 1707 836 πατριάρχου
1757 767 2015 836 κανονικὴ
2064 766 2152 833 ἒξ-

563 858 771 921 έτασις,
806 858 882 920 ὡς
908 858 1075 921 είκὺς,
1119 859 1597 928 ἀποδοκιμάσειεν.
1652 860 1740 923 Ὠς
1772 861 1828 913 δὲ
1873 860 1965 913 καὶ
2019 859 2149 930 περὶ

560 950 655 1003 τοῦ
687 951 1121 1021 Μαρμαριτείων
1149 951 1414 1021 ἐζήτησεν
1449 954 1477 1005 ὁ
1521 954 1764 1023 κρατῶν,
1801 956 1894 1006 καὶ
1946 954 2147 1024 πολλὴν

562 1045 621 1097 ὲν
654 1043 865 1107 πολλοῖς
889 1044 1213 1114 ἀδιαφορίαν
1256 1044 1350 1097 τοῦ
1376 1045 1569 1115 ἀνδρὸς
1596 1046 2025 1115 κατεμάνθανεν,
2063 1047 2147 1123 δτι

560 1155 620 1191 τε
643 1139 944 1208 χρημάτων
974 1136 1133 1191 ὢνιον
1170 1140 1270 1208 τὴν
1306 1137 1605 1209 ἱερωσύνην
1652 1139 1855 1208 ποιοίη,
1910 1141 2007 1191 καὶ
2062 1140 2145 1192 ὅτι

562 1228 779 1298 σύναμα
814 1229 1042 1291 πολλοὺς
1065 1230 1400 1299 χειροτονοίη
1434 1230 1490 1281 ἐν
1524 1230 1623 1300 μιᾷ
1661 1230 1781 1300 ἱερᾷ
1812 1228 2002 1299 τελετῇ
2048 1229 2149 1298 τῆς

561 1317 731 1387 αὐτῆς
761 1318 855 1371 ἐπὶ
883 1320 947 1387 τῇ
982 1319 1250 1390 ἱερωσύνῃ
1274 1319 1499 1383 τάξεως,
1551 1320 1643 1372 καὶ
1699 1320 1812 1372 ἀλλ’
1852 1319 1987 1373 ἀττα
2040 1323 2149 1372 τῶν

562 1411 1037 1480 ὲκκλησιαστικῶν
1061 1413 1281 1481 θεσμῶν
1314 1415 1585 1484 ἀπᾴδοντα
1612 1416 1862 1483 πράττοι,
1900 1417 1991 1469 καὶ
2017 1418 2150 1487 pax-
2194 1446 2199 1453 -

561 1502 654 1556 λον
677 1505 759 1557 ὅτι
795 1506 1187 1559 ἐκλελοιπότων
1216 1506 1354 1559 κατά
1399 1507 1551 1559 δύσιν
1577 1509 1670 1560 καὶ
1721 1507 1835 1559 τῶν
1886 1510 1994 1562 ἀπὸ
2045 1506 2145 1580 τῆς

566 1597 807 1665 μεγάλης
833 1598 1049 1650 συνόδου
1075 1598 1382 1668 ἀρχιερέων
1404 1598 1490 1651 διά
1521 1599 1589 1652 τὰ
1617 1600 1726 1651 τῶν
1756 1600 2146 1671 ἐκκλησιαστι-

560 1687 673 1741 κῶν
708 1689 1337 1758 σκανδάλωνέπάλληλα.
1382 1690 1472 1752 Ὠς
1528 1690 1661 1758 γοῦν
1714 1691 1868 1745 ταῦτ’
1930 1694 2144 1747 ἀκούων

557 1782 671 1839 τοῖς
698 1784 950 1848 μοναχοῖς
971 1782 1283 1850 προέτεινεν
1321 1783 1349 1833 ὁ
1376 1782 1613 1851 κρατῶν,
1640 1782 1740 1853 τὴν
1793 1784 1888 1836 τοῦ
1947 1786 2141 1855 καιροῦ

557 1870 753 1922 ἐκεῖνοι
781 1871 1213 1941 προϐαλλόμενοι
1247 1873 1535 1927 δυσκολίαν
1578 1876 1670 1927 καὶ
1712 1876 1773 1928 τὸ
1832 1877 1942 1930 τῶν
1979 1881 2147 1945 φυλαο

556 1959 794 2029 χθέντων
822 1963 1046 2015 σπάνιον
1105 1964 1197 2015 ἐπὶ
1253 1962 1518 2026 τοιούτοις
1569 1968 1804 2035 καιροῖς,
1854 1970 2151 2037 παρέλκειν

557 2053 744 2121 ελεγον
768 2056 944 2108 ταῦτα
979 2056 1054 2116 ὡς
1080 2054 1208 2119 ἄξια
1239 2057 1711 2123 συγγινώσκεσθαι
1742 2075 1755 2088 ·
1781 2061 1988 2115 ἐκεῖνον
2016 2065 2148 2131 γὰρ,

559 2144 664 2198 κᾶν
706 2146 861 2199 πάντ’
893 2146 1007 2216 ἔχοι
1037 2148 1105 2200 τὰ
1134 2145 1503 2217 φημιζόμενα,
1541 2148 1657 2201 ἀλλ’
1690 2146 1781 2204 οὖν
1808 2153 1905 2220 τὴν
1953 2154 2017 2206 ἐκ
2045 2171 2152 2207 πει-

556 2233 709 2287 λαιοῦ
743 2234 893 2307 [245]
929 2236 1261 2306 χειροτονίαν
1304 2237 1398 2289 καὶ
1427 2237 1487 2289 τὸ
1520 2238 1594 2306 μὴ
1642 2242 2147 2310 συγκεκοινωνηκέ-

558 2342 647 2378 ναι
690 2326 838 2391 δόξαι
865 2329 974 2388 τοῖς
1015 2327 1140 2397 χθὲς
1181 2326 1478 2380 τελεσθεῖσι
1508 2330 1603 2381 καὶ
1641 2330 1831 2397 πρώην
1860 2333 1939 2395 είς
1965 2332 2025 2384 τὸ
2053 2334 2153 2403 τῆς

561 2506 777 2562 deatur.
827 2502 1211 2575 Adjungebant
1249 2514 1430 2560 autem
1468 2506 1522 2560 in
1549 2508 1968 2566 delinimentum
2001 2514 2154 2571 durae

570 2597 975 2667 propositionis
1001 2597 1068 2651 de
1103 2597 1465 2665 suspensione
1488 2614 1551 2654 ac
1576 2602 1895 2659 redactione
1925 2605 1977 2659 in
2008 2610 2155 2663 ordi-

563 2705 685 2745 nem
710 2689 1061 2757 praesentium
1081 2690 1464 2759 episcoporum
1483 2693 1655 2750 bonas
1672 2694 1740 2750 de
1758 2697 1890 2767 ipsis
1909 2714 2054 2769 spes,
2074 2702 2157 2756 in-

570 2782 819 2837 dicantes
846 2781 990 2835 haud
1017 2780 1165 2848 ipsos
1188 2782 1349 2851 plane
1379 2798 1443 2839 ac
1476 2784 1528 2837 in
1552 2794 1873 2855 perpetuum
1898 2803 2157 2848 exaucio.

563 2873 794 2937 randos,
822 2873 916 2927 sed
934 2872 1140 2942 judicio
1161 2873 1402 2943 legitime
1418 2890 1543 2930 mox
1563 2881 1784 2933 creandi
1803 2884 2154 2953 patriarchae,

566 2964 834 3020 imitaturi
865 2966 1078 3022 scilicet
1108 2967 1257 3035 quod
1286 2966 1419 3021 olim
1467 2967 1657 3024 fecerit
1687 2972 1846 3029 divus
1874 2975 2153 3046 Tarasius,

567 3058 949 3113 restituendos
1002 3058 1056 3112 in
1119 3059 1431 3129 integrum,
1496 3063 1795 3121 dummodo
1851 3072 2155 3141 tantisper,

2260 578 2444 632 Ταῦτα
2464 580 2714 647 λέγοντες
2733 579 2883 647 δῆλοι
2916 576 3057 651 ἦσαν
3096 583 3381 653 ἀκριϐείας
3434 588 3804 657 καθυφεικὸτες,

2259 671 2347 725 ἵνα
2378 672 2486 741 ἀρα
2510 672 2578 726 τά
2610 673 2710 741 τῆς
2746 674 3033 743 ἀκριϐείας
3063 676 3325 747 πράττειν
3359 677 3646 735 ἐϐούλοντο.
3675 683 3811 737 Bact-

2256 766 2381 829 λεὺς
2411 767 2456 819 δ’
2479 767 2629 837 ὅμως
2663 767 2811 831 ἅπαξ
2838 768 2926 820 διὰ
2957 768 3162 821 σκοποῦ
3192 768 3417 838 θέμενος
3446 771 3636 835 αὐτοὺς
3661 790 3807 844 προσ·

2256 858 2538 921 λαϐέσθαι,
2573 860 2726 912 οὐδὲν
2770 860 3099 930 ὲφιλοκρίνει
3135 860 3269 930 προς
3297 862 3489 925 ταῦτα,
3539 866 3809 936 ἀπεθάρρει

2253 950 2311 1004 δὲ
2341 950 2437 1021 τὴν
2464 951 2802 1022 ἐγχείρησιν,
2842 952 3085 1020 ἀκριϐῶς
3126 950 3304 1015 εἰδὼς,
3362 952 3498 1021 ὅπερ
3545 957 3632 1007 καὶ
3672 972 3811 1023 φανε-

2255 1042 2349 1112 ρξν
2398 1036 2487 1111 ἦν,
2536 1041 2612 1103 ὼς
2676 1040 2809 1111 παρ’
2845 1042 3025 1105 αὐτοῖς
3073 1044 3141 1096 ἂν
3196 1042 3281 1111 ετη
3315 1043 3412 1096 καὶ
3452 1044 3626 1113 μόνοις
3657 1048 3741 1099 καὶ
3760 1050 3810 1100 τὸ

2255 1132 2546 1199 ἐπίμωμον
2569 1132 2758 1185 δοκοῦν
2781 1132 3053 1198 ἐξιᾶσθαι,
3097 1133 3388 1201 ἀκριϐείας
3432 1133 3637 1198 δόξασιν
3681 1138 3808 1188 ἐπει-

2255 1224 2454 1291 λῆφθαι
2501 1224 2576 1287 ὡς
2634 1226 2728 1277 καὶ
2779 1226 2866 1278 διὰ
2914 1226 3118 1296 ταύτην
3163 1225 3405 1296 ἀρχῆθεν
3437 1228 3809 1295 πιστευομένοις

2256 1318 2607 1371 κακοπαθεῖν.
2647 1318 2688 1370 Τ
2692 1318 2735 1387 ᾦ
2760 1335 2841 1370 τοι
2864 1320 2960 1371 καὶ
2999 1320 3105 1372 ὑπὸ
3139 1322 3305 1388 πολλῇ
3358 1319 3690 1390 πληροφορίᾳ
3735 1321 3808 1372 ἐπ’

2253 1406 2437 1469 αὐτοῖς
2465 1407 2527 1459 τὸ
2559 1408 2666 1460 πᾶν
2691 1407 2877 1474 ἐτίθει,
2910 1411 3008 1461 καὶ
3027 1409 3186 1479 δῆλος
3215 1405 3282 1481 ἦν
3313 1410 3536 1473 ἐκείνοις
3562 1412 3807 1479 προσέξων

2251 1498 2280 1551 ὅ
2312 1517 2361 1550 τι
2383 1499 2476 1551 καὶ
2524 1499 2833 1567 πράττοιεν.
2890 1500 3182 1571 Γράμμασί
3208 1517 3266 1555 τε
3323 1501 3395 1554 τὰ
3460 1503 3805 1572 συντεθειμένα

2249 1590 2628 1660 ἠσφαλίζοντο.
2684 1593 2792 1644 Καὶ
2826 1594 2987 1662 μόνον
3022 1590 3091 1663 ἦν
3139 1594 3199 1646 τὸ
3232 1596 3507 1664 ἀρχιερεῖς
3541 1595 3805 1663 δμοφωνεῖν

2249 1687 2339 1738 ἐπὶ
2369 1687 2435 1754 τῇ
2464 1684 2563 1750 τῆς
2594 1687 2979 1754 παραιτήσεως
3008 1686 3095 1739 τοῦ
3157 1687 3409 1740 Ἰωάννου
3442 1688 3720 1757 παραδοχῇ,
3748 1691 3802 1740 τί

2247 1777 2292 1829 δ’
2317 1760 2431 1841 οἷν,
2499 1779 2612 1829 ἀλλ’
2648 1779 2808 1847 ὅρκον
2840 1778 2902 1830 τὸ
2958 1779 3146 1847 λεχθὲν
3191 1778 3502 1846 τιθεμένους
3561 1780 3804 1845 ἀποπροσο

2256 1871 2523 1921 ποιεῖσθαι
2552 1870 2650 1939 τὴν
2675 1870 2885 1921 ἐκείνου
2910 1871 3298 1939 ποιμαντικὴν,
3333 1869 3437 1922 κᾶν
3457 1870 3608 1932 αὐτὸς
3630 1871 3804 1922 ἀνακα-

2254 1957 2410 2027 λῆται
2441 1960 2741 2029 ἱερωσύνην
2772 1960 2834 2011 ἐκ
2869 1959 3285 2028 μεταγνώσεως.
3337 1961 3402 2013 Oi
3428 1960 3526 2028 μὲν
3555 1958 3641 2012 οὖν
3669 1975 3805 2011 συνα·

2254 2052 2472 2119 γόμενοι
2498 2053 2582 2121 ἐφ’
2608 2054 2840 2121 ἡμέραις
2889 2055 3131 2114 ἀπάσαις
3200 2053 3285 2123 διη
3296 2053 3622 2122 μφισϐήτουν
3668 2051 3805 2118 ἀλλήο

2254 2145 2366 2207 λοις
2432 2144 2528 2197 καὶ
2579 2144 3043 2213 ἀμφεγνωμόνουν
3112 2143 3241 2214 περὶ
3305 2143 3396 2196 τοῦ
3458 2142 3706 2195 Ἰωάννου.
3751 2143 3803 2193 Ol

2256 2236 2473 2300 πλείους
2498 2236 2555 2290 δὲ
2586 2236 2682 2289 καὶ⁹
2710 2237 3183 2305 περιφανέστεροι,
3237 2236 3403 2306 ὅρκῖν
3452 2235 3705 2304 τιθέμενοι
3753 2234 3802 2285 τὸ

2254 2333 2463 2401 λεχθὲν,
2500 2332 2882 2401 παραιτήσεως
2914 2333 3011 2391 μὲν
3042 2331 3254 2399 ἐκείνης
3302 2330 3528 2399 ὴλόγουν
3582 2328 3799 2396 πάμπαν,

2255 2519 2756 2588 quomodocunque
2802 2514 3144 2580 reducendi,
3195 2513 3334 2569 nihil
3386 2528 3551 2583 super
3598 2512 3679 2566 his
3729 2509 3800 2563 in-

2256 2611 2480 2679 quirere
2523 2609 2903 2678 scrupulosius
2947 2610 3184 2670 curavit,
3216 2608 3316 2662 sed
3366 2606 3613 2661 ﬁdentem
3646 2613 3693 2657 et
3724 2615 3797 2657 se-

2256 2718 2450 2757 curum
2487 2703 2760 2757 examinis
2798 2701 3074 2756 ulterioris
3104 2701 3353 2755 animum
3384 2699 3447 2753 ad
3484 2699 3557 2752 rei
3584 2695 3798 2765 protinus

2258 2795 2642 2866 aggredienda:
2693 2803 2955 2849 conatum
2999 2793 3308 2862 expedivit,
3367 2803 3540 2855 ratus,
3590 2789 3638 2843 id
3676 2785 3796 2857 quod

2260 2889 2439 2957 palam
2485 2894 2627 2950 erat,
2660 2887 2778 2943 fore
2833 2894 2892 2941 ut
2945 2886 2991 2941 si
3023 2885 3154 2956 quid
3189 2885 3243 2938 lu
3275 2885 3369 2940 his
3410 2877 3798 2953 reprehensibile

2257 2982 2562 3053 videretur,
2595 2981 2714 3049 ejus
2752 2989 2860 3035 tota
2894 2996 3025 3034 cura
3060 2989 3114 3033 et
3157 2979 3410 3035 ofﬁcium
3443 2973 3696 3047 purgandi
3721 2987 3798 3040 ap-

2261 3074 2640 3143 probandique
2689 3073 2821 3128 solis
2878 3072 3198 3125 Arsenianis
3237 3072 3580 3139 judicaretur
3621 3069 3800 3122 inruit--

565 3148 693 3203 dum
729 3149 775 3204 is
811 3149 949 3203 foret
981 3150 1084 3203 rite
1117 3150 1169 3204 in
1192 3151 1322 3206 sede
1337 3154 1675 3211 constitutus
1720 3171 1784 3213 ac
1812 3164 2139 3218 canonicam
2178 3165 2223 3228 C
2260 3165 2407 3227 here,
2435 3181 2668 3233 quorum
2708 3165 2897 3233 utique
2940 3180 3003 3218 ex
3039 3163 3323 3220 sententia
3373 3173 3561 3218 cuncta
3591 3163 3693 3217 litec
3723 3157 3798 3211 lico

563 3243 630 3297 de
662 3250 807 3296 statu
856 3250 911 3297 et
944 3245 1106 3299 rebus
1134 3245 1379 3313 ipsorum
1410 3248 1818 3317 inquisitionem
1845 3254 2155 3323 habuisset,

566 3335 924 3403 usurpatione
940 3336 1120 3390 dubiae
1135 3339 1426 3405 potestatis
1437 3341 1796 3398 abstinerent.
1816 3345 1952 3399 Cum
1970 3359 2153 3405 autem

563 3426 633 3480 de
653 3427 758 3482 isto
781 3425 1240 3484 Marmaritziensi
1261 3444 1462 3497 gnaros
1486 3433 1836 3505 interrOgans
1856 3439 2155 3509 imperator

569 3517 725 3572 valde
745 3518 1146 3575 inemendatam
1177 3524 1229 3576 in
1254 3524 1439 3576 multis
1467 3526 1635 3579 vitam
1672 3528 1788 3595 ejus
1810 3545 1933 3585 esse
1953 3546 2155 3601 c0gno—

564 3613 759 3675 visset,
784 3615 986 3684 quippe
1023 3628 1186 3684 quem
1217 3617 1354 3670 satis
1381 3628 1661 3671 constaret
1696 3624 1920 3687 pecunia
1963 3633 2152 3682 venale

565 3708 928 3763 sacerdotium
967 3707 1180 3769 fecisse,
1212 3716 1474 3777 praeterea
1523 3727 1629 3767 una
1668 3728 1823 3769 sacra
1875 3715 2153 3774 iunctione

568 3802 774 3858 multos
802 3802 965 3858 simul
997 3801 1285 3857 ordinasse
1312 3802 1554 3871 ejusdem
1587 3805 1638 3857 in
1667 3808 1974 3863 sacerdOtio
2006 3812 2154 3863 ordi-

568 3893 673 3958 nis,
707 3904 759 3948 et
785 3896 891 3948 alia
915 3886 1184 3964 quaepiam
1206 3895 1275 3947 ab
1295 3894 1679 3952 ecclesiasticis
1701 3902 1920 3955 statutis
1954 3904 2151 3957 abhor.

568 3985 741 4040 rentia
774 3985 968 4054 egisse,
1005 3999 1068 4038 ac
1091 3999 1194 4040 nec
1226 3985 1346 4055 ejus
1366 3988 1639 4043 ordinatio
1669 3997 1777 4044 tam
1804 4001 1953 4047 certa
1984 4010 2148 4064 quam

566 4080 813 4135 dicerent
856 4078 1158 4145 videretur,
1188 4094 1313 4133 cum
1348 4083 1402 4132 in
1449 4078 1725 4147 Occiduis,
1784 4084 1876 4140 ubi
1908 4090 2148 4157 degeret,

569 4171 839 4227 tractibus
868 4186 898 4223 a
925 4179 1170 4240 tempore
1207 4187 1415 4243 magna:
1448 4176 1642 4245 synodi
1678 4178 1989 4233 continuant
2020 4196 2150 4235 suc-

567 4264 870 4319 cessionem
924 4262 1292 4333 legitimorum
1328 4264 1716 4335 episcoporum
1767 4283 1863 4339 per
1915 4273 2150 4335 subinde

569 4354 679 4409 illic
712 4353 1102 4409 invalescentia
1137 4355 1397 4409 scandala
1425 4355 1592 4411 fuisse
1614 4358 1975 4431 interruptam
2005 4373 2151 4422 recte

568 4447 695 4513 quis
732 4446 905 4512 possit
952 4446 1187 4515 Opinari,
1231 4448 1366 4511 haec,
1425 4449 1666 4517 inquam,
1701 4465 1765 4504 ex
1803 4452 2020 4509 idoneis
2054 4470 2147 4508 an-

571 4540 685 4593 dita
714 4537 944 4592 testibus
969 4555 1092 4592 cum
1118 4540 1488 4607 proposuisset
1524 4543 1806 4597 monachis
1834 4547 2148 4614 imperator,

575 4630 653 4684 illi
680 4629 812 4684 nihil
849 4632 1036 4684 horum
1075 4631 1372 4685 inlltiantes
1410 4641 1623 4688 tantum
1653 4637 2019 4691 obtendebant
2045 4639 2148 4692 dif-

576 4726 874 4781 ﬁcultatem
910 4726 1219 4781 inveniendi
1258 4741 1421 4796 puros
1463 4743 1491 4781 a
1544 4728 1695 4792 labe,
1723 4744 1844 4797 quae
1885 4731 1985 4784 hoc
2014 4740 2152 4784 tem-

577 4832 708 4886 pore
764 4816 1065 4871 Eeclesiam
1122 4827 1362 4886 urgeret,
1416 4828 1669 4889 vpropter
1727 4835 1890 4887 quam
1939 4836 2152 4889 azquum

579 4919 869 4964 censerent
958 4911 1234 4964 conniveri
1322 4911 1389 4964 ad
1485 4912 1588 4965 ista
1644 4911 1820 4978 iisque
1881 4920 1939 4966 ut
1999 4915 2154 4968 venia

574 4999 735 5071 357
766 5000 942 5069 dignis
1006 5001 1235 5069 ignosci,
1283 5004 1546 5073 quoniam
1587 5002 1677 5057 hic
1720 5004 1827 5066 vir,
1876 5015 2155 5076 utcunque

576 5106 891 5161 compertus
929 5095 1158 5150 istorum
1189 5098 1437 5150 omnium
1462 5097 1857 5150 illaudabiliter
1879 5107 2152 5163 actorum,

579 5198 759 5241 tamen
803 5203 944 5242 unus
969 5204 1032 5243 ex
1072 5190 1298 5258 antiqua
1343 5189 1434 5242 illa
1478 5197 1533 5243 ct
1568 5190 1848 5243 scamlalis
1891 5191 2156 5245 anteriori

576 5278 924 5332 ordinatione
970 5287 1307 5349 superesset,
1352 5262 1609 5348 idemque
1659 5297 1718 5334 se
1762 5281 2063 5335 immunem
2125 5297 2155 5336 a

573 5373 966 5426 communione
1029 5386 1229 5426 recens
1335 5371 1717 5423 ordinatorum
1812 5374 2156 5441 maculaeque

574 5462 869 5531 plerosque
913 5462 1213 5516 inﬁcientis
1263 5462 1612 5529 contagione,
1642 5462 1959 5518 custodisse
1995 5472 2157 5533 puta-

586 5566 759 5610 retur.
800 5556 923 5610 llaec
956 5555 1028 5608 illi
1064 5555 1311 5608 dicentes
1353 5555 1643 5611 manifeste
1684 5556 2165 5624 deprchendemu-

586 5656 676 5702 tur
711 5650 855 5702 ultro
898 5649 1130 5701 drﬁcrre
1174 5648 1243 5701 ab
1284 5649 1587 5711 exactione,
1633 5659 1688 5700 nt
1742 5667 1902 5718 quam
1941 5653 2164 5706 allecta-

584 5745 718 5797 bant
750 5741 1095 5796 exactiorem
1131 5755 1574 5809 assequerentur.
1630 5743 1802 5798 Porro
1839 5748 2160 5812 imperator,

588 5834 678 5899 qui
723 5835 891 5889 semel
922 5831 1267 5888 obﬁrmassct
1308 5835 1549 5889 animum
1593 5838 1644 5889 in
1684 5840 1967 5907 proposio
2018 5844 2163 5909 ipsos

2260 3272 2402 3324 rent,
2449 3261 2734 3313 hominum
2767 3259 2971 3328 alioqui
3017 3259 3158 3311 adeo
3203 3258 3487 3312 tenacium
3534 3255 3798 3311 exactioms

2259 3353 2639 3416 Severissitnte,
2700 3361 2761 3404 ut
2817 3365 2928 3403 non
2988 3349 3093 3402 alia
3133 3350 3198 3402 de
3249 3363 3429 3405 causa
3485 3361 3637 3416 quam
3681 3358 3740 3397 ne
3774 3356 3797 3396 a

2256 3459 2476 3499 summo
2507 3443 2813 3513 disciplinae
2853 3441 3031 3511 rigore
3061 3455 3121 3495 se
3158 3440 3242 3493 vel
3273 3440 3558 3495 tantulum
3588 3436 3799 3491 remitte-

2255 3544 2401 3597 rent,
2426 3537 2599 3589 multa
2633 3536 2935 3605 graviaque
2955 3533 3069 3604 jam
3104 3549 3131 3586 a
3164 3544 3341 3589 secta:
3371 3533 3630 3605 principio
3660 3529 3802 3584 luis~e

2216 3669 2225 3681 .
2258 3628 2501 3697 perpessi
2543 3630 2907 3683 crederentur
2935 3636 2989 3680 et
3019 3625 3167 3680 credi
3197 3625 3429 3682 vellent.
3458 3626 3629 3692 Quare
3654 3622 3796 3675 multa

2257 3720 2453 3774 ﬁducia
2510 3728 2681 3775 totum
2738 3721 3019 3790 negotium
3068 3733 3261 3774 eorum
3294 3720 3523 3775 arbitrio
3557 3713 3793 3787 permisit,

2256 3828 2365 3883 pra:
2403 3828 2460 3864 se
2497 3815 2658 3882 plane
2709 3812 2891 3867 l'rrens
2926 3812 3362 3881 approbaturum
3406 3811 3793 3881 adjuturumque

2255 3903 2518 3972 quidquid
2573 3912 2836 3971 agerent;
2891 3903 2945 3956 in
2996 3918 3119 3972 quae
3172 3911 3335 3973 pacta
3383 3903 3514 3957 ﬁdes
3568 3898 3792 3963 utrinque

2256 3996 2466 4051 ﬁrmata
2499 3996 2721 4064 scriptis
2761 4003 2864 4050 est.
2903 3996 3163 4050 ltestahat
3189 3996 3369 4049 solum
3410 4003 3470 4050 ut
3495 3996 3635 4049 locus
3663 3998 3794 4042 novae

2255 4093 2583 4159 promotioni
2634 4092 2954 4159 patriarchze
3011 4092 3162 4144 ﬁeret
3217 4089 3455 4159 legitima
3491 4082 3793 4151 depositione

2252 4183 2373 4250 ejus
2402 4183 2492 4251 qui
2527 4198 2724 4237 nomen
2776 4197 2923 4235 nunc
2970 4181 3105 4235 illud
3155 4179 3346 4236 ferret.
3388 4181 3468 4233 Ad
3516 4177 3651 4247 quod
3680 4181 3793 4240 opus

2251 4283 2369 4327 erat
2399 4273 2693 4327 convenire
2715 4274 2993 4326 antistites
3027 4272 3080 4325 in
3122 4272 3306 4325 valida
3338 4268 3673 4340 agnoscenda
3711 4262 3792 4315 acl-

2254 4363 2628 4431 mittendaque
2655 4361 2888 4416 Joannis
2917 4364 3291 4426 abdicatione,
3322 4364 3404 4417 vel
3436 4357 3707 4415 statuendo
3722 4353 3794 4419 ju-

2258 4456 2550 4526 risjurandi
2603 4471 2791 4509 revera
2841 4458 2948 4507 vim
3009 4458 3212 4509 habere
3261 4470 3388 4524 qua:
3415 4453 3483 4507 ab
3518 4466 3581 4506 eo
3610 4445 3793 4518 prolata

2260 4548 2428 4603 fuisse
2458 4549 2621 4601 verba
2669 4558 2969 4609 constaret,
3008 4547 3293 4601 declarare
3346 4547 3498 4601 illum
3558 4545 3654 4597 hoc
3695 4539 3795 4604 ipso

2256 4656 2381 4696 vere
2417 4644 2630 4708 riteqne
2660 4657 2686 4693 a
2746 4656 2805 4695 se
2847 4640 3108 4708 rejecisse
3156 4638 3483 4710 pastoralem
3530 4633 3796 4689 auctorita-

2258 4742 2389 4797 tem,
2422 4742 2704 4801 utcunque
2757 4747 2902 4786 nunc
2952 4731 3047 4786 ille
3094 4746 3219 4785 sero
3259 4730 3533 4799 paenitens
3570 4730 3799 4779 revocare

2257 4823 2567 4893 depositum
2601 4822 2973 4876 sacerdotium
3009 4835 3403 4888 resumereque
3433 4819 3627 4872 frustra
3656 4822 3801 4865 cona-

2258 4927 2427 4971 retur.
2471 4915 2628 4969 Circa
2668 4917 2781 4969 haec
2827 4913 3145 4984 congregati
3200 4915 3393 4968 diebus
3439 4908 3660 4978 singulis
3705 4901 3802 4954 dis-

2257 5008 2551 5074 ceptahant
2583 5006 2861 5059 antistites
2907 5006 3052 5058 inter
3084 5019 3229 5059 sese.
3265 5003 3514 5072 Plerique
3552 4996 3800 5058 iidemque

2257 5097 2422 5168 358
2473 5098 2798 5151 illustriores
2870 5097 3089 5160 horum,
3165 5094 3414 5164 persuasi
3476 5091 3632 5143 verba
3696 5092 3797 5147 (1⁸⁵³⁵

2256 5189 2496 5244 Joannes
2556 5188 2784 5243 dixisset
2835 5203 3016 5242 veram
3058 5187 3355 5255 jnranienti
3413 5184 3651 5236 obtinere
3684 5172 3793 5228 vini.

2262 5283 2485 5336 minime
2503 5281 2806 5336 habendam
2836 5281 3109 5335 ducebant
3134 5279 3402 5332 rationem
3432 5264 3799 5327 abdicationis,

2259 5392 2379 5446 qu.c
2416 5377 2484 5427 ab
2526 5375 2618 5429 illo
2668 5376 2875 5444 scripta
2908 5379 3335 5433 monstraretur,
3366 5372 3482 5423 sive
3515 5363 3567 5416 in
3598 5374 3655 5412 ea
3691 5365 3799 5424 pe"

2261 5478 2509 5522 maneret
2542 5469 2657 5522 sive
2685 5482 2817 5527 non.
2853 5466 2945 5535 qui
2975 5464 3293 5530 scripserat.
3324 5458 3467 5513 Fieri
3502 5464 3670 5508 autem
3703 5455 3795 5546 non

2261 5576 2424 5631 posse
2481 5562 2894 5614 contendebant
2949 5569 3009 5612 ut
3059 5560 3106 5612 is
3151 5565 3277 5627 post
3326 5555 3429 5607 hoc
3465 5542 3796 5635 dictum‘rile

2263 5630 2583 5717 iungeretur
2641 5649 2976 5713 sacerdotio,
3025 5648 3131 5700 nisi
3182 5644 3457 5717 positione
3493 5630 3793 5692 conditionis

2262 5741 2362 5795 sub
2411 5758 2516 5811 qua
2563 5741 2827 5809 jnrassct,
2867 5741 3130 5810 religione
3173 5730 3531 5807 jurisjnrandi
3577 5724 3793 5811 solvere:

2267 5844 2355 5889 tur
2382 5854 2394 5889 :
2447 5852 2551 5888 non
2590 5838 2729 5890 enim
2762 5838 3002 5905 cjerasse
3027 5831 3280 5890 absolute
3310 5824 3683 5883 satet‘dullumv
3708 5803 3792 5866 δί’*ί
