4024 6400
348 364 459 429 393

1282 367 1379 426 DE
1421 366 1870 428 ANDRONICO
1911 365 2380 426 PALxEOLOGO
2411 366 2556 427 LIB.
2591 366 2691 425 IV.

3512 368 3619 431 394

347 486 454 539 κᾶν
492 484 703 557 ἐμμένῃ
761 483 931 557 ταύτῃ
990 481 1089 536 κᾶν
1139 482 1212 553 μὴ
1245 483 1555 553 ἐκθέμενὶς,
1595 483 1671 555 μὴ
1700 486 1921 539 δυνατὸν
1953 489 1995 544 Α
2027 500 2116 534 νου
2151 483 2243 534 τοῦ
2276 482 2529 551 γέροντος
2558 482 2877 552 ἀντέχεσθαι
2906 483 3180 554 μωμητῶς
3209 476 3377 555 οὗπερ
3416 488 3622 556 προθύ-

342 575 392 628 6'
420 574 560 628 εἶναι
592 575 756 627 αὐτὸν
786 574 1035 646 ἱερᾶσθαι
1067 574 1125 626 τὸ
1151 575 1257 627 ἀπὸ
1292 573 1466 637 τοῦδε,
1502 576 1577 645 μὴ
1621 574 1803 638 δόντος
1838 575 1935 643 δη-

343 666 481 735 λαδὴ
517 667 614 730 τὰς
656 668 808 730 δίκας
836 665 929 719 τοῦ
954 665 1257 736 Σηλυϐρίας
1275 666 1374 735 τῆς
1403 668 1482 729 εἰς
1504 666 1668 720 αὑτὸν
1684 665 1895 736 ὕϐρεως
1918 684 1931 696 ν

348 759 489 829 μηδὲ
521 760 630 828 γὰρ
656 759 878 811 δυνατὸν
900 753 1215 819 εἶναιδίκας
1256 757 1479 827 ὑπέχειν
1501 756 1593 809 τον
1629 756 1703 827 μὴ
1735 758 1933 827 τρόπον

347 850 661 920 κατηγόρου
707 848 967 901 σταθέντα
1018 848 1151 917 μηδὲ
1175 848 1452 919 προδήλως
1511 847 1832 918 ὑϐρίσαντα.
1875 849 1936 900 Ὀ

346 943 541 1011 μέντοι
581 959 646 1014 γε
705 941 1086 1009 Φιλαδελφείας
1140 941 1446 1010 Θεόληπτος
1511 940 1648 1009 πρὸς
1696 941 1796 1010 τὴν
1838 942 1932 994 τοῦ

358 1035 591 1101 Ἐφέσου
631 1033 874 1086 Ἰωάννου
901 1033 1232 1086 κατάστασιν
1286 1033 1485 1102 συνόδῳ
1523 1033 1670 1103 πάσῃ
1715 1032 1937 1103 διαμφι-

344 1125 592 1193 σόητῶν,
632 1123 691 1177 τὸ
724 1124 966 1178 ἐκποδὼν
995 1123 1250 1192 γενέσθαι
1291 1123 1382 1176 τὸν
1428 1124 1771 1194 πατριάρχην
1807 1126 1938 1194 ὁμο.

341 1215 737 1283 γνωμονοῦντά
787 1217 834 1268 oi
893 1217 1021 1286 περὶ
1064 1215 1255 1268 τούτου
1305 1216 1405 1287 τῆς
1455 1215 1660 1278 οἰκείας
1709 1215 1934 1288 γνώμης

341 1308 646 1358 κατάλυσιν
700 1308 761 1359 τὸ
816 1307 1038 1376 σύμπαν
1090 1308 1373 1377 οἰόμενος,
1418 1308 1601 1378 ,ἀπρὶξ
1644 1326 1703 1369 τε
1759 1308 1934 1379 εἴχετο

339 1398 570 1459 τούτου.
610 1399 705 1451 καὶ
741 1397 817 1468 τῷ
841 1399 1150 1469 Σηλυϐρίας
1181 1398 1347 1452 ἐτίθει
1375 1399 1590 1463 δικαίας
1633 1402 1730 1464 τὰς
1779 1402 1934 1464 δίκας

337 1488 451 1557 τῆς
486 1489 879 1559 καθαιρέσεως,
926 1489 995 1542 δι’
1024 1490 1091 1551 ἃς
1131 1493 1430 1561 ἀπρακτεῖν
1492 1492 1588 1545 καὶ
1632 1491 1694 1544 τὸ
1745 1492 1935 1545 δοκοῦν

338 1581 425 1643 εἰς
456 1580 618 1649 ὅρκον
650 1579 706 1644 ἐξ
745 1582 1055 1648 ἀναγκαίων
1089 1581 1246 1653 ᾤετο.
1314 1583 1623 1647 ’Λντέλεγον
1689 1584 1744 1637 δὲ
1789 1585 1938 1637 πλεῖ-

340 1688 490 1735 στοι,
525 1674 619 1724 καὶ
673 1674 907 1743 μάλιστα
944 1673 1146 1744 ταύτης
1186 1691 1250 1743 γε
1274 1674 1367 1727 καὶ
1417 1675 1570 1729 αὐτοὶ
1609 1677 1704 1746 τῆς
1753 1676 1933 1739 αἰτίας

338 1764 536 1827 ἕνεκα,
565 1766 661 1816 σὺν
694 1762 772 1827 οἷς
807 1768 900 1819 καὶ
934 1766 1185 1836 βασιλεὺς
1228 1766 1388 1835 ὅρκον
1440 1764 1619 1835 ἔκρινε
1679 1767 1934 1834 μέγιστον

2042 591 2154 641 μω;
2186 573 2450 638 ἐξίστατο.

2039 687 2131 738 λόν.
2172 686 2311 753 Περὶ
2361 688 2468 742 τοῦ
2515 690 2955 763 διαμηνύματο(
3001 691 3241 747 καὶτοῦ
3286 695 3476 763 λόγου
3511 692 3624 762 τῆς

2374 759 2734 828 συμϐουλῆς
2757 763 2863 816 τοῦ
2903 762 3285 818 Ἀθανασίου.

2112 846 2197 919 [Ρ.
2227 847 2353 920 246]
2399 851 2535 902 Ἀλλ’
2564 853 2621 903 ὲν
2651 853 2864 915 τούτοις
2896 852 3002 906 τῶν
3062 856 3402 925 πραγμάτων
3450 856 3623 911 ὄντων

2039 936 2193 1004 (Θεὸς
2240 938 2287 990 δ’
2336 939 2503 1009 είδείη
2533 940 2651 1003 πῶς
2709 941 2881 993 ταῦτα
2915 943 3010 996 καὶ
3039 943 3350 1013 πέπρακτο)
3396 949 3625 1018 μοναχός

2038 1043 2120 1088 τις
2148 1027 2253 1079 τῶν
2276 1029 2522 1081 εὐλαὸῶν
2553 1029 2852 1083 δοκούντων
2916 1032 3012 1084 καὶ
3055 1032 3383 1102 ἐλλογίμων,
3429 1037 3627 1105 Μηνᾶς

2041 1115 2303 1188 τοῦνομα,
2334 1119 2635 1190 Σκωλήκης
2673 1121 2998 1191 τοὺπίκλην,
3034 1125 3312 1194 γνώριμος
3365 1126 3467 1194 μὲν
3501 1128 3628 1178 Ἐκο

2040 1206 2258 1278 κλησίᾳ,
2293 1208 2568 1280 γνώριμος
2589 1213 2645 1265 δέ
2690 1229 2751 1281 γε
2779 1215 2872 1268 καὶ
2922 1214 3153 1282 βασιλεῖ,
3195 1217 3491 1286 προσόδους
3546 1219 3627 1281 είς

2049 1295 2366 1351 Ἀθανάσιον
2391 1302 2481 1353 τὸν
2511 1303 2677 1355 παλαι
2702 1308 3216 1376 πατριαρχεύσαντα
3244 1311 3307 1361 ἐκ
3336 1309 3625 1379 συνηθείας

2040 1388 2379 1457 ποιούμενος,
2409 1384 2588 1457 οὗτος,
2616 1394 2690 1456 ὡς
2718 1395 2970 1463 βασιλεὺς
3000 1398 3154 1465 ἔλεγε
3197 1400 3290 1451 καὶ
3322 1399 3520 1462 πάντες
3547 1401 3628 1463 ὼς

2016 1480 2181 1542 ,εἰκὸς
2213 1482 2513 1548 ἐπίστευον,
2546 1488 2715 1556 μηνὸς
2754 1489 3224 1558 Ἑκατομϐαιῶνος
3279 1494 3628 1546 πεντεκαιδε-

2039 1570 2201 1641 κάτῃ,
2243 1575 2454 1643 ἡμέρας
2486 1576 2757 1648 ληγούσης
2788 1579 3101 1647 προσελθὼν
3135 1581 3345 1649 βασιλεί
3367 1583 3490 1645 τοὺς
3531 1584 3625 1635 ἐπὶ

2035 1663 2144 1713 τῶν
2170 1664 2438 1729 ἀγγελιῶν
2478 1668 2631 1735 ἠξίου
2655 1671 2948 1741 ἀναφέρειν
2972 1674 3095 1742 περὶ
3141 1675 3305 1726 αὖτοῦ
3352 1676 3427 1738 ὡς
3480 1677 3627 1748 ἐρεῖν

2038 1768 2090 1802 τι
2117 1751 2328 1821 ἔχοντος
2353 1756 2666 1823 ἀναγκαῖον.
2703 1761 2811 1813 Καὶ
2836 1761 2888 1814 οἱ
2921 1762 3021 1829 μὲν
3054 1763 3338 1834 ἀνέφερον,
3371 1764 3626 1833 βασιλεὺς

345 1857 406 1908 τὸ
450 1856 662 1927 λεχθέν.
692 1857 836 1927 Πλὴν
871 1857 915 1909 δ’
944 1858 1059 1911 ἀλλ’
1093 1858 1141 1909 εί
1163 1858 1424 1927 βούλοιτο,
1456 1858 1613 1927 φησὶ,
1645 1860 1884 1930 πατριάρ
1905 1889 1927 1899 ο
1964 1846 2006 1900 Β
2034 1841 2091 1894 δὲ
2122 1843 2399 1913 σχολάζων
2429 1850 2518 1899 ἐπ’
2555 1849 2874 1917 ἀναγκαίαις
2936 1852 3057 1904 τότε
3112 1853 3210 1921 μὲν
3274 1855 3626 1926 ὑπερετίθετο

342 1963 450 2015 χης
481 1947 885 2017 ἀναλαμϐάνειν
947 1949 1041 2002 καὶ
1075 1948 1218 2001 οὕτω
1243 1949 1334 2000 τὸν
1374 1949 1560 2019 θρόνον
1592 1951 1687 2003 καὶ
1731 1950 1830 2020 τὴν
1859 1969 1936 2002 τι-

350 2044 497 2109 μὴν,
557 2039 771 2110 ἕτοιμος
826 2035 966 2092 εἶναι
1018 2041 1112 2093 καὶ
1174 2039 1335 2092 πάλιν
1384 2042 1588 2093 ἐκεῖνον
1659 2041 1935 2111 δέχεσθαι,

346 2129 651 2197 πιστεύων,
685 2126 857 2202 οἶμαι,
886 2130 962 2202 τῷ
994 2131 1158 2197 τέλει,
1196 2132 1269 2195 ὡς
1292 2131 1442 2183 οὐδὲν
1482 2134 1547 2185 ἂν
1575 2133 1938 2202 καταδεεομέ-

349 2398 536 2465 quoad
564 2413 759 2468 pmnas
792 2396 1158 2472 Selybriensis
1200 2402 1353 2458 daret
1383 2404 1636 2473 irrogata:
1665 2406 1767 2476 ipsi
1803 2422 1939 2462 con-

350 2492 623 2546 tumeliae.
657 2492 842 2561 Itaque
873 2494 1064 2562 punito
1104 2495 1263 2564 juxta
1303 2498 1425 2565 ejus
1466 2507 1648 2551 votum
1689 2497 1937 2571 Selybrie

350 2584 500 2641 ensi.
530 2584 670 2638 nihil
695 2584 1022 2640 obstiterunt
1065 2589 1363 2656 quominus
1407 2587 1650 2645 Joannes
1694 2592 1938 2661 legitime

351 2675 406 2727 in
444 2676 651 2728 throno
704 2677 1051 2745 persisteret.
1095 2678 1300 2749 Verum
1347 2682 1721 2736 conditionem
1772 2684 1935 2739 istam

353 2768 492 2835 poni
528 2769 953 2838 haudquaquam
985 2786 1171 2842 posse,
1207 2772 1541 2841 adjiciebant
1581 2775 1768 2839 iidem,
1803 2793 1940 2846 quo-

354 2861 506 2914 niam
562 2861 778 2930 jnstum
829 2878 940 2916 non
990 2871 1134 2917 esset
1183 2862 1614 2933 Selybriensem,
1667 2865 1760 2934 qui
1828 2882 1939 2921 non

357 2955 540 3021 palam
581 2970 642 3009 se
687 2964 969 3009 auctorem
1020 2955 1394 3011 accusationis
1453 2957 1806 3019 ostendisset,
1844 2958 1937 3010 sed

368 3049 471 3101 sub
522 3050 628 3101 fide
680 3050 868 3103 arcani
916 3065 1027 3103 rem
1081 3049 1150 3102 ab
1201 3050 1309 3104 alio
1340 3050 1585 3105 auditam
1635 3051 1942 3107 communi—

364 3149 585 3196 casset.
643 3140 821 3207 pomis
880 3140 1269 3195 calumniatori
1339 3142 1537 3197 debitis
1589 3143 1804 3211 subjici.
1869 3146 1940 3199 At

361 3230 859 3296 Philadelphiensis
900 3230 1256 3300 'l‘heoleptus,
1294 3233 1387 3301 qui
1437 3233 1578 3288 circa
1643 3236 1943 3290 restitutio-

357 3339 481 3375 nem
516 3322 748 3376 Joannis
787 3323 1041 3391 Ephesini
1075 3322 1282 3392 synodo
1312 3324 1579 3378 universa:
1628 3326 1943 3393 refragaba-

356 3426 470 3478 tur,
510 3415 721 3476 videns,
758 3416 801 3468 si
832 3425 1210 3469 removeretur
1236 3430 1266 3469 a
1324 3417 1588 3485 regimine
1621 3419 1942 3487 patriarcha

355 3506 411 3558 in
463 3507 568 3559 hoc
603 3506 706 3559 sibi
756 3516 949 3559 contra
993 3505 1260 3575 judicium
1313 3506 1549 3562 aliorum
1608 3510 1940 3575 assentiens,

354 3600 587 3652 unicum
631 3613 742 3666 quo
786 3600 1054 3651 niteretur
1106 3598 1541 3653 subtrahendum
1573 3615 1686 3655 sua:
1715 3609 1943 3655 senten-

357 3692 448 3743 tia:
480 3690 787 3750 tibicinem,
819 3690 963 3743 unde
996 3689 1142 3743 illam
1171 3689 1314 3743 haud
1345 3691 1513 3746 dubie
1545 3693 1836 3747 contrariis
1860 3700 1940 3748 tot

354 3784 593 3835 aliorum
620 3780 1049 3836 auctoritatibus
1080 3782 1516 3847 succubituram,
1560 3784 1701 3838 fixus
1731 3784 1943 3839 irrevo-

355 3874 617 3927 cabiliter
656 3876 936 3944 perstabat
979 3875 1031 3927 in
1066 3891 1173 3928 non
1220 3874 1581 3942 permittenda
1616 3886 1941 3931 exauctora-

358 3968 513 4018 tinne
546 3964 793 4028 Joannis,
828 3965 969 4017 viam
1002 3965 1247 4019 eamdem
1280 3979 1309 4018 a
1352 3964 1626 4034 plerisque
1677 3968 1944 4036 graviori-

363 4062 468 4112 bus
533 4059 721 4109 initam
784 4065 978 4111 tenens
1029 4055 1097 4109 de
1144 4055 1503 4124 jurisjurandi
1555 4055 1771 4110 vinculo
1817 4072 1942 4112 vero

360 4151 492 4219 ipsi,
526 4150 619 4201 sed
651 4149 751 4201 suh
781 4141 1092 4201 conditione
1126 4149 1387 4203 duntaxat
1417 4147 1640 4202 inuexo.
1671 4147 1938 4202 Craterum

359 4243 543 4294 aiebat
580 4242 757 4309 positu
812 4240 1024 4292 facilem
1063 4247 1117 4293 et
1159 4240 1307 4292 salva
1343 4239 1555 4310 justitia
1600 4239 1938 4293 exsecutioui

359 4332 736 4386 mandabi!em
772 4331 934 4383 istam
971 4314 1338 4383 conditionem
1375 4343 1515 4383 esse.
1535 4329 1795 4396 Adeoque
1825 4343 1943 4381 ma-

361 4440 605 4495 gnopere
662 4424 895 4494 urgebat
949 4429 1007 4474 ut
1058 4421 1425 4490 Selybriensis
1471 4430 1693 4491 propter
1738 4430 1941 4475 temere

2039 1935 2138 2002 τὴν
2162 1936 2489 2006 εἰσαγωγὴν,
2524 1939 2754 2009 πέμπων
2778 1941 2834 1993 δὲ
2882 1945 3212 2010 προσέταττε
3252 1944 3340 2016 [Ρ.
3365 1945 3493 2018 247]
3530 1947 3628 2016 μέ·-

2041 2039 2151 2075 νειν
2180 2025 2266 2091 ἐφ’
2297 2020 2450 2096 ᾧπερ
2475 2029 2615 2081 κατὰ
2640 2030 2835 2101 σχολὴν
2888 2032 3188 2102 εἰσαχθείη.
3246 2036 3354 2088 Καὶ
3402 2035 3460 2096 ὃς
3518 2036 3624 2101 ἔξω

2042 2113 2239 2184 μένων,
2299 2117 2373 2180 ὡς
2420 2118 2522 2190 ἤδη
2575 2120 2672 2185 νὺξ
2704 2117 2781 2192 ,ἦν
2837 2126 2930 2176 καὶ
2984 2126 3305 2195 περιαργῶν
3355 2127 3622 2197 καθῆστο,

2041 2378 2391 2449 dignitatem,
2432 2399 2458 2437 a
2494 2399 2600 2455 qua
2654 2394 2764 2438 tam
2815 2399 3062 2458 prompte
3095 2390 3493 2464 obfirmateque
3541 2408 3628 2449 re-

2044 2475 2330 2530 cessisset.

2040 2588 2132 2644 54.
2170 2590 2242 2645 De
2272 2593 2469 2646 indicio
2497 2595 2809 2664 imperatori
2842 2596 2985 2663 facto
3023 2598 3387 2666 prwdiclionis
3418 2610 3466 2653 et
3492 2617 3623 2655 cou-
3704 2643 3719 2651 -

2608 2667 2721 2721 Silii
2750 2667 3055 2720 Athanasii.

2123 2754 2228 2809 Sed
2265 2772 2387 2810 cum
2421 2757 2524 2811 hoc
2565 2766 2711 2813 statu
2746 2773 2829 2812 res
2873 2766 3084 2823 essent,
3117 2761 3346 2831 contigit
3379 2762 3627 2833 (noverit

2043 2857 2223 2902 autem
2253 2848 2392 2903 Deus
2418 2864 2622 2905 casune
2648 2867 2715 2905 an
2750 2862 2865 2907 arte
2884 2853 3197 2922 contigerit)
3232 2863 3290 2907 ut
3317 2854 3624 2912 monachus

2043 2939 2263 3007 quidam
2320 2956 2385 2996 ex
2428 2943 2742 2997 colcbribus
2786 2942 2929 2998 fama
2979 2944 3262 3014 religionis
3307 2957 3361 3001 et
3404 2947 3621 3002 dolium

2046 3035 2453 3100 praestantium,
2474 3036 2698 3091 nomine
2719 3035 2924 3101 Menas,
2950 3046 3317 3108 cognomento
3341 3039 3619 3107 Scoleces,

2044 3124 2112 3178 de
2139 3141 2248 3194 quo
2285 3135 2337 3180 et
2363 3127 2618 3183 Ecclesia:
2648 3138 2703 3184 et
2732 3130 3049 3197 imperatori
3077 3140 3269 3185 notum
3303 3141 3422 3187 erat
3445 3134 3625 3188 solere

2050 3217 2204 3272 illum
2241 3235 2308 3273 ex
2340 3226 2504 3290 longo
2534 3221 2772 3276 subinde
2794 3223 2948 3277 adire
2972 3238 3035 3276 ac
3053 3224 3231 3279 visere
3261 3227 3621 3281 Athanasium

2050 3311 2518 3381 espatriarcham,
2572 3315 2824 3384 contigit,
2885 3314 3134 3385 inquam,
3195 3324 3254 3370 ut
3301 3318 3391 3371 hic
3433 3319 3623 3388 (prout

2051 3401 2272 3470 quidem
2332 3402 2628 3471 imperator
2672 3405 2964 3467 referebat,
3018 3407 3103 3460 cui
3157 3421 3376 3472 omnes,
3425 3420 3481 3461 ut
3523 3425 3624 3478 par

2050 3501 2190 3557 erat,
2229 3493 2360 3547 talia
2395 3494 2640 3548 narranti
2673 3495 2982 3567 credidere)
3016 3498 3223 3553 mensis
3249 3499 3496 3575 Januarii
3533 3503 3624 3557 die

2049 3586 2241 3655 quinta
2271 3584 2483 3641 decima
2519 3587 2625 3643 sub
2650 3587 2782 3641 solis
2810 3602 3068 3644 occasum
3121 3591 3188 3643 ad
3236 3592 3620 3661 imperatorem
3648 3580 3663 3611 ⁸

2049 3676 2321 3733 accedens
2347 3678 2767 3734 admissionales
2796 3691 3013 3749 rogaret
3037 3691 3095 3735 ut
3131 3699 3193 3738 se
3222 3684 3288 3739 ad
3319 3688 3622 3756 princime

2051 3767 2485 3833 introducerent,
2515 3772 2801 3827 habentem
2840 3772 3044 3841 aliquid
3071 3777 3211 3828 scitu
3239 3776 3338 3844 ipsi
3369 3792 3623 3832 necessa-

2053 3859 2195 3914 rium
2244 3861 2719 3917 nuntiandude
2756 3864 2834 3917 illi
2876 3865 2943 3917 ad
2986 3865 3372 3935 imperatorem
3409 3869 3624 3925 detule-

2050 3965 2204 4015 rnnt,
2234 3954 2326 4023 qui
2361 3964 2490 4009 tunc
2536 3967 2835 4025 occupatus
2883 3958 3113 4025 negotiis
3157 3961 3478 4028 urgentibus
3527 3964 3625 4015 ad-

2030 4043 2375 4115 _missionem
2401 4045 2657 4098 monachi
2701 4045 2944 4112 distulit,
2974 4047 3146 4102 misso
3183 4058 3367 4103 tamen
3398 4051 3465 4104 ad
3498 4069 3622 4106 eum

2052 4133 2143 4202 qui
2170 4134 2390 4203 juheret
2420 4143 2763 4204 exspectare,
2792 4137 2974 4205 quoad
3004 4139 3274 4207 expeditis
3305 4155 3426 4208 quae
3449 4142 3626 4198 insta-

2050 4235 2193 4289 rent,
2231 4226 2505 4280 andiendo
2536 4227 2584 4281 ei
2633 4242 2729 4296 per
2763 4229 2936 4282 otium
2975 4238 3214 4284 vacaret.
3245 4222 3432 4286 Menas
3472 4244 3626 4301 post-

2050 4328 2399 4387 quamextra
2428 4320 2609 4372 velum
2641 4320 2929 4388 opperiens
2959 4320 3054 4374 diu
3085 4319 3209 4374 inde
3239 4320 3470 4379 feriatus
3490 4340 3623 4379 con-

2051 4410 2289 4476 sederat,
2331 4410 2673 4479 compellatis
2724 4428 2943 4466 rursum
2998 4412 3290 4480 ministris,
3337 4425 3396 4469 ut
3423 4432 3623 4485 quam-

361 4518 649 4583 ..ulgamm
684 4514 753 4568 de
788 4511 1101 4582 patriarcha
1149 4511 1343 4565 falsum
1379 4511 1583 4566 crimen
1619 4512 1939 4581 episcopatu
1980 4532 2021 4587 ί)
2052 4503 2287 4570 primum
2328 4504 2743 4570 admitteretur,
2789 4504 3010 4560 institit.
3047 4504 3246 4560 Verum
3278 4507 3524 4577 Augusto
3554 4510 3624 4566 de

360 4616 734 4669 amoveretur,
761 4620 825 4658 ac
858 4610 936 4658 sic
967 4604 1076 4656 voti
1130 4617 1356 4672 compos
1406 4613 1458 4657 et
1497 4603 1637 4656 uado
1671 4611 1942 4671 susceptae

361 4700 649 4771 religionis
678 4698 821 4752 liber
866 4696 1108 4750 Joannes
1160 4696 1361 4764 throno
1410 4695 1770 4765 patriarchali
1819 4696 1942 4748 red-

359 4797 613 4848 deretur.
665 4790 805 4844 linic
844 4789 1092 4859 plerique
1147 4790 1548 4859 repugnabant,
1594 4789 1829 4842 maxime
1859 4787 1944 4840 ni-

361 4897 546 4942 tentes
577 4900 637 4938 ea
671 4898 835 4952 quam
891 4880 1124 4934 iudicavi
1174 4881 1337 4932 ducta
1383 4896 1447 4933 ex
1498 4879 1766 4946 injustitia
1816 4880 1941 4934 talis

358 4977 735 5032 damnationis
771 4975 1002 5028 ratione.
1042 4975 1252 5040 Quibus
1291 4989 1349 5026 se
1398 4972 1731 5042 adiungebat
1763 4974 1941 5043 impe-

358 5081 537 5136 rator,
576 5069 687 5123 veri
714 5066 1038 5136 jnramenti,
1071 5076 1121 5120 et
1153 5067 1371 5134 quidem
1411 5065 1651 5126 maximi,
1687 5065 1738 5118 in
1764 5063 1942 5118 verbis

360 5164 596 5217 Joannis
666 5163 774 5213 vim
825 5159 965 5212 haud
1015 5158 1180 5212 dubie
1226 5157 1632 5225 agnoscendam
1683 5170 1937 5230 censeris,

362 5271 466 5308 nec
504 5253 728 5307 modum
762 5267 821 5304 ea
863 5248 1191 5317 defungendi
1226 5263 1320 5316 per
1348 5247 1591 5315 iniquam
1625 5247 1941 5331 Selybrien-

362 5350 442 5401 sis
476 5346 900 5414 Oppressieuem
928 5344 1184 5411 probans.
1213 5341 1460 5395 Addebat
1492 5340 1629 5393 idem
1665 5351 1870 5403 tamen,
1895 5339 1942 5393 si

364 5436 449 5493 νει
486 5440 573 5492 sic
604 5436 915 5506 patriarcha
944 5435 1103 5487 vellet
1128 5434 1388 5485 thronum
1415 5440 1466 5484 et
1490 5432 1752 5484 honorem
1792 5447 1946 5485 resu-

363 5546 537 5592 mere,
557 5537 808 5598 paratum
848 5541 906 5579 se
942 5541 1063 5579 esse
1077 5523 1239 5593 359
1262 5538 1453 5576 rursus
1478 5522 1790 5584 admittere.
1814 5538 1946 5577 con-

364 5625 563 5681 lidens,
608 5620 827 5688 Opinor,
862 5618 994 5670 nihil
1038 5618 1103 5669 ad
1150 5624 1454 5669 extremum
1491 5629 1555 5667 ex
1599 5613 1699 5668 hac
1736 5615 1949 5683 profes-

368 5720 405 5767 ςξ
454 5738 499 5767 ιει
582 5730 676 5763 διεδ
730 5721 915 5762 unum
974 5725 1126 5775 sltem
1176 5723 1332 5761 suam
1376 5719 1688 5761 secuturum
1725 5726 1737 5761 ε
1773 5724 1948 5776 neque

368 5816 449 5857 ...ζ
486 5844 509 5851 ηι
544 5824 601 5855 μς
635 5822 682 5849 ιτδ
729 5816 837 5853 Lmei
878 5818 939 5851 ira
977 5816 1161 5849 setwm
1189 5800 1252 5850 ad
1287 5800 1651 5864 recipiendam
1682 5800 1975 5867 probrose

627 5902 799 5956 "tum
934 5900 1046 5952 ίᾶλ.
1086 5894 1351 5953 ε”ῗῖλὲὶζ

1019 6052 1043 6079 \

2048 4597 2150 4650 hoc
2213 4598 2419 4653 iterum.
2462 4599 2766 4661 admonito,
2817 4606 3098 4666 perstante
3140 4600 3314 4654 nihilo
3353 4601 3535 4657 minus
3565 4604 3618 4658 in

2045 4689 2260 4757 coeptis,
2292 4699 2350 4745 et
2399 4697 2612 4743 tantum
2664 4692 2958 4759 pollicente
2992 4691 3141 4745 brevi
3182 4707 3241 4747 se
3274 4692 3423 4746 illum
3461 4694 3622 4749 voca;

2047 4790 2256 4843 turmn,
2295 4784 2359 4834 ad
2411 4798 2475 4836 ea
2526 4782 2826 4851 impatiens
2878 4799 3044 4837 morte
3101 4787 3448 4839 monachus:
3488 4805 3507 4838 ι
3546 4790 3616 4840 At

2046 4875 2201 4944 quid,
2234 4874 2435 4943 inquit,
2469 4875 2712 4943 proderit
2740 4888 2828 4929 me
2859 4875 3023 4943 paulo
3054 4883 3177 4944 post
3202 4876 3408 4940 vocari,
3438 4892 3617 4946 quau-

2045 4968 2117 5023 do
2151 4966 2365 5021 scilicet
2393 4966 2682 5020 nuntiandi
2718 4966 2927 5021 utiliter
2958 4966 3104 5035 quod
3169 4981 3366 5021 novum
3423 4976 3478 5023 et
3527 4985 3620 5024 ur-

2044 5073 2178 5130 gens
2210 5057 2406 5121 affero,
2435 5066 2650 5127 tempus
2691 5057 3005 5112 efﬂuxerit?
3037 5078 3056 5109 ι
3096 5059 3210 5113 Hoc
3240 5060 3359 5128 ejus
3406 5060 3643 5117 dictum.

2048 5156 2235 5207 statim
2281 5152 2598 5221 imperaturi
2631 5152 3005 5206 renuntiatum
3034 5167 3220 5206 curam
3262 5153 3476 5208 scilicet
3517 5155 3620 5208 ad-

2049 5249 2217 5300 movit
2265 5261 2446 5300 acrem
2482 5244 2848 5313 cognoscendi
2895 5245 3158 5300 continuo
3191 5245 3337 5314 quod
3371 5247 3620 5315 inopina-

2049 5346 2164 5391 tum
2204 5344 2257 5389 ct
2298 5337 2557 5391 momenti
2591 5352 2696 5392 non
2732 5335 2972 5405 vulgaris
3016 5337 3082 5388 ad
3132 5350 3191 5390 se
3218 5334 3417 5389 deferri
3450 5347 3620 5403 appa-

2046 5438 2211 5486 reret.
2266 5429 2407 5499 Ergo
2459 5429 2507 5484 is
2550 5426 2837 5484 confestim
2894 5427 3058 5498 360
3111 5427 3455 5480 introductus
3515 5421 3619 5479 soli

2048 5527 2202 5578 solas
2233 5524 2479 5592 Augusto
2513 5524 2653 5577 hanc
2682 5523 2985 5577 orationem
3022 5521 3213 5575 habuit
3243 5534 3258 5572 :
3312 5535 3330 5569 ι
3391 5517 3617 5571 Domine

2049 5616 2122 5669 mi
2186 5616 2505 5684 imperator,
2557 5614 2688 5667 mihi
2737 5620 3059 5668 consuetum
3096 5619 3180 5665 est
3227 5609 3292 5661 ad
3330 5608 3615 5665 dominum

2052 5709 2415 5763 Analhasium
2454 5708 2623 5761 certis
2683 5717 2986 5771 temporum
3028 5703 3333 5755 intervallis
3372 5702 3509 5754 itare
3537 5702 3620 5763 vi-

2052 5800 2203 5851 sendi
2254 5815 2440 5851 fama.
2479 5798 2554 5849 Eo
2618 5814 2769 5848 more
2826 5802 2886 5845 ad
2948 5799 3090 5846 illITH‘
3143 5795 3299 5843 Ιι-ιιῖὶί·
3349 5794 3622 5859 pt‘nft‘cills

3079 5889 3088 5915 δ

3080 5918 3140 5939 μ)
