4024 6428
446 380 558 442 3‘35

1643 381 1969 443 GEORGII
2009 383 2493 445 PACHYMERzE

3593 392 3687 456 3‘36

457 495 647 565 μηνύει
675 494 768 549 καὶ
788 495 951 548 πάλιν
981 497 1074 551 καὶ
1097 496 1195 568 τὴν
1225 495 1522 551 είσέλευσιν
1549 498 1885 552 ὲπισπεύδει.
1936 498 2027 561 Ὠς
2055 499 2105 560 Α
2131 517 2227 563 σας
2254 501 2365 567 ἐγὼ
2395 500 2563 554 ἐλθὼν
2598 499 2675 571 τῷ
2715 498 3038 571 Ἡρακλείας
3079 499 3447 573 μητροπολίτῃ
3476 502 3562 556 τδν
3604 507 3686 558 λό-

449 586 509 639 aa
538 588 630 640 καὶ
658 584 815 651 αὖθις
849 587 1199 657 ὑπερετίθετο
1228 587 1479 658 βασιλεὺς
1502 591 1598 642 καὶ
1639 593 1777 660 μετὰ
1836 589 2028 661 μικρδν

450 678 675 733 εἰσιέναι
731 678 1080 743 κελεύσοντος
1134 680 1465 749 ὑπισχνεῖτο,
1512 681 1743 745 ἐκεῖνος,
1799 700 1818 733 ι
1847 680 1957 734 Καὶ
1976 679 2030 733 τί

449 788 539 839 γε9
576 791 595 823 ι
664 770 867 842 μηνίων
932 773 1114 841 φησὶν,
1170 789 1190 825 ι
1225 772 1494 842 ἀνύσομεν
1550 773 1901 845 διερχομένης
1929 775 2029 844 τῆς

453 861 621 932 ὥρας,
648 863 942 929 ἀναγκαῖον
966 859 1025 913 δν
1055 861 1236 929 λέγειν
1263 860 1391 929 περὶ
1431 854 1506 913 ὧν
1554 861 1855 932 ἀφίγμεθα,
1901 863 2029 932 πρὶν

453 953 548 1005 καὶ
573 950 668 1021 ὀψὲ
707 951 955 1019 γενέσθαι
980 948 1217 1016 ’νυκτόςς
1254 970 1272 1003 ι
1312 950 1481 1005 Ταῦτ’
1525 951 1696 1005 εἰπὼν
1725 951 1938 1005 ἔπειθεν
1964 953 2029 1004 ἐκ

450 1043 544 1096 τοῦ
583 1052 940 1113 παραχρημα,
963 1041 1121 1106 δόξαν
1153 1043 1231 1112 τῷ
1254 1042 1464 1111 βασιλεῖ
1508 1044 1734 1097 αὐτόθεν
1768 1044 1949 1097 καινόν
1975 1060 2028 1098 τι

451 1135 672 1187 ἀκούειν
702 1139 795 1188 καὶ
809 1134 1046 1204 σπουδῆς
1075 1133 1241 1197 ἄξιον.
1268 1135 1376 1189 Καὶ
1403 1134 1676 1205 εἰσαχθεὶς
1702 1135 1859 1205 μόνος
1881 1133 2027 1204 μόνῳ

392 1212 397 1218 ’
446 1225 525 1295 τῷ
559 1225 788 1296 βασιλεῖ,
830 1243 849 1277 ι
886 1225 1131 1279 Δέσποτά
1170 1242 1293 1295 μου,
1325 1244 1341 1275 ι
1397 1224 1523 1294 ἔφη,
1585 1243 1604 1277 ι
1642 1227 1734 1278 καὶ
1783 1224 2024 1293 βασιλεῦ,

448 1318 574 1388 ἐμοὶ
637 1317 735 1387 μὲν
792 1315 1023 1387 σύνηθες
1055 1317 1190 1385 πρὸς
1242 1318 1334 1370 τὸν
1385 1317 1574 1388 κύριον
1618 1317 1933 1371 Ἀθανάσιον
1962 1317 2027 1369 ὲκ

445 1409 848 1478 διαλειμμάτων
875 1409 1035 1462 τινῶν
1055 1410 1358 1479 καιριακῶν
1383 1409 1798 1480 παραγίνεσθαι.
1836 1409 1945 1463 Καὶ
1961 1408 2025 1480 δὴ

446 1504 539 1558 καὶ
571 1503 962 1573 παραγεγονὼς
992 1501 1091 1570 τὴν
1126 1502 1365 1573 σήμερον
1390 1502 1693 1572 κατηφείας
1732 1495 1888 1571 εὖρον
1932 1499 2025 1552 τὸν
2060 1517 2071 1531 ο

445 1596 613 1666 ἄνδρα
640 1595 835 1663 μεστὸν
854 1594 947 1647 καὶ
970 1593 1152 1664 πλήρη
1180 1594 1423 1658 συννοίας
1452 1595 1574 1647 ὅσον
1599 1594 1832 1648 εἰκάσαι.
1860 1591 2025 1645 Ὅθεν

446 1690 538 1740 καὶ
575 1688 710 1756 πρός
744 1703 811 1756 με
832 1685 1006 1753 λέγων
1037 1686 1097 1738 τὸ
1124 1686 1311 1739 ποιοῦν
1334 1686 1432 1757 τὴν
1457 1687 1760 1757 κατήφειαν
1797 1686 1859 1738 ἐκ
1894 1684 2023 1756 θάρ-

446 1784 572 1850 ρους
595 1774 656 1834 οῦ
682 1780 817 1850 πρὸς
848 1780 1056 1832 ἐκεῖνον
1090 1777 1218 1849 ἔχω,
1242 1778 1433 1849 ὀργὴν,
1469 1779 1623 1848 φησὶ,
1665 1778 1816 1831 θείαν
1872 1780 2023 1846 sepat-

2133 609 2226 659 γον
2249 593 2647 663 ὲκσινωσάμην,
2674 594 2769 647 καὶ
2801 594 2861 656 ὃς
2916 593 3192 663 παρευθὺς
3219 593 3425 662 ἐπείγει
3468 611 3553 664 μοι
3600 597 3687 666 τὴν

2133 682 2268 753 πρὸς
2291 682 2389 753 τὴν
2414 682 2689 753 βασιλείαν
2718 700 2812 737 σου
2845 683 3028 752 ἄφιξιν
3071 683 3157 752 ἐφ’
3196 676 3347 753 ᾧπερ
3400 685 3691 754 ἀνενεγκεῖν

2130 773 2252 825 ὅσον
2281 774 2430 843 παρᾶ
2457 772 2548 826 τοῦ
2586 774 2777 844 ἀνδρὸς
2816 774 3045 843 ἥκουσα.
3102 775 3341 843 Πάρειμι
3389 776 3563 830 τοίνυν
3607 779 3692 831 καὶ

2128 864 2291 930 λέγω,
2328 865 2423 918 καὶ
2450 864 2526 929 ὡς
2548 864 2688 931 δόξει
2717 867 2782 935 τῇ
2804 867 2869 918 ὲκ
2903 864 3039 918 Θεοῦ
3073 864 3319 936 βασιλεία
3367 883 3478 931 σου,
3521 869 3693 921 κελευ-

2130 954 2237 1008 έτω
2261 972 2319 1008 τε
2348 956 2445 1009 καὶ
2470 956 2780 1026 πραττέτω.
2817 955 2961 1026 Πλὴν
2985 957 3034 1009 εί
3068 959 3124 1009 ὲν
3156 957 3393 1026 φροντίδι
3423 961 3587 1021 ποιεῖς
3612 960 3694 1012 τὸν

2130 1044 2286 1112 λόγον
2310 1048 2376 1117 τῇ
2402 1047 2775 1120 προσηκούσῃ,
2805 1046 3033 1100 αὐτόθεν
3060 1047 3324 1117 ἄρχεσθαι
3347 1047 3408 1101 τὸ
3438 1049 3588 1117 ἔργον
3612 1052 3696 1104 κέ-

2129 1134 2252 1188 )ευε
2280 1135 2526 1203 γίνεσθαι
2556 1137 2698 1190 κατὰ
2724 1136 2822 1207 τὴν
2856 1136 2950 1189 τοῦ
3004 1138 3252 1200 είπόντος
3314 1121 3694 1207 παραγγελίαν.

2127 1227 2323 1296 deol.
2347 1227 2454 1297 γὰρ
2482 1205 2813 1297 προσέταττε
2832 1226 2969 1281 Θεοῦ
2991 1228 3228 1290 δέεσθαι,
3264 1230 3359 1282 καὶ
3390 1205 3576 1295 ἄλλους
3626 1205 3726 1297 είςῖ

2126 1318 2287 1371 τοῦτο
2334 1319 2672 1389 παρακαλεῖν
2730 1319 2982 1383 εὐλαϐεῖς
3030 1320 3250 1391 ἄνδρας,
3304 1322 3463 1385 ὅσους
3508 1323 3572 1377 ἂν
3611 1322 3695 1378 καὶ

2128 1410 2383 1479 συνήθεις
2411 1411 2636 1479 είδείην.
2675 1429 2694 1463 ι
2724 1411 3057 1481 Δέχεταιτδν
3089 1412 3248 1481 λόγον
3273 1414 3528 1483 ἀσμένως
3560 1419 3585 1468 6
3609 1415 3695 1485 βα-

2129 1505 2328 1570 σιλεύς.
2374 1507 2482 1559 Καὶ
2511 1509 2537 1560 6
2564 1508 2669 1576 μὲν
2707 1508 2937 1578 μοναχὸς
2988 1508 3157 1562 εἰπὼν
3195 1509 3584 1579 ἀπηλλάττετο,
3612 1511 3698 1581 βα-

2130 1598 2308 1662 σιλεὺς
2331 1600 2377 1652 δ’
2405 1600 2486 1662 είς
2507 1600 2631 1653 νοῦν
2664 1600 2912 1671 στρέφων
2934 1601 2994 1653 τδ
3008 1600 3291 1670 ἀγγελθὲν,
3324 1601 3420 1656 καὶ
3451 1604 3574 1674 περὶ
3598 1605 3697 1657 τῶν

2127 1690 2416 1761 φρικωδῶν
2439 1690 2677 1744 ἀπειλῶν
2712 1690 2805 1743 τοῦ
2840 1691 2975 1745 Θεοῦ
3008 1694 3354 1762 ἐννοούμενος
3403 1687 3478 1747 ὧν
3513 1693 3695 1766 ῥυσθῆο

2128 1799 2213 1834 ναι
2243 1782 2384 1834 κατᾶ
2413 1782 2471 1835 τὸ
2501 1781 2732 1854 σύνηθες
2754 1782 3014 1846 λέγοντας
3060 1787 3425 1854 προσέταττεν
3463 1787 3490 1839 6
3542 1785 3697 1838 είπὼν

447 1841 614 1941 μένην
635 1841 747 1935 τοῖς
772 1870 959 1924 ἐνθάδε
994 1841 1244 1923 κατανοῶ
1272 1841 1289 1902 ί
1321 1841 1428 1922 καί
1479 1841 1581 1921 εἷθ’
1608 1841 1661 1921 εί
1688 1885 1770 1931 τις
1808 1867 1878 1921 ῐοι
1916 1841 2024 1922 καὶ
2057 1841 2097 1895 Β
2126 1873 2260 1926 Θεοῦ
2291 1871 2525 1929 δέεσθαι.
2560 1841 2724 1941 λιμὸν.
2742 1841 2839 1944 μὲν
2863 1876 2957 1927 καὶ
2985 1841 3171 1945 λοιμὸν
3201 1875 3277 1937 ὡς
3308 1876 3366 1927 ἐν
3407 1875 3579 1945 χρόνῳ
3609 1876 3696 1927 καὶ

444 1963 653 2033 βασιλεῖ
682 1964 953 2033 ἀγγείλειε
979 1961 1077 2032 τὴν
1110 1961 1247 2032 ἐμὴν
1284 1959 1616 2030 συμϐουλὴν,
1663 1961 1847 2029 μοναῖς
1887 1960 2026 2013 ana.

442 2070 566 2117 σαις
605 2046 927 2121 προστάξαι,
959 2050 1097 2122 πλὴν
1158 2052 1222 2104 ὲκ
1249 2051 1347 2118 τῆς
1393 2050 1651 2121 σήμερον,
1723 2050 2024 2121 παννύχους

440 2146 569 2210 τοὺς
596 2147 654 2197 ὲν
678 2144 869 2206 αὑταῖς
891 2142 983 2195 καὶ
1006 2142 1242 2205 ἐκτενεῖς
1299 2140 1535 2203 ἱκετείας
1591 2139 1879 2206 ἐπιτελεῖν,
1936 2141 2024 2195 λέ-

439 2254 635 2308 γοντας
671 2236 764 2290 καὶ
800 2232 969 2302 αὐτὴν
993 2232 1091 2302 τὴν
1130 2232 1321 2303 ἐκτενῆ
1351 2232 1557 2302 δέησιν,
1601 2231 1740 2301 ὑπὲρ
1769 2231 1863 2284 τοῦ
1901 2232 2021 2285 δια-

440 2328 781 2400 φυλαχθῆναι
813 2327 994 2379 πᾶσαν
1020 2323 1175 2377 πόλιν
1200 2323 1293 2377 καὶ
1317 2323 1499 2392 χώραν
1535 2322 1640 2376 ἀπὸ
1664 2322 1849 2390 λιμοῦ,
1908 2324 2022 2377 λοι·
2048 2342 2054 2347 ”

444 2423 569 2494 μοῦ,
602 2419 851 2491 σεισμοῦ,
883 2415 1348 2487 καταποντισμοῦ,
1378 2420 1472 2469 καὶ
1525 2414 1699 2470 ταῦτα
1755 2418 2019 2485 πράττειν

440 2519 535 2573 καὶ
566 2518 666 2588 τὴν
698 2516 939 2585 σήμερον
975 2514 1069 2566 καὶ
1099 2511 1198 2580 τὴν
1227 2509 1415 2580 αὔριον
1446 2510 1541 2562 καὶ
1560 2511 1657 2575 τὴν
1708 2511 1824 2579 μετ’
1874 2508 2019 2561 ὲκεί-

440 2626 557 2682 νην,
588 2607 682 2662 καὶ
702 2609 759 2671 ἐς
791 2606 876 2659 ἀεὶ
904 2604 1089 2676 σχεδὸν
1115 2602 1523 2671 ὲξιλεουμένους
1547 2601 1604 2653 τὸ
1630 2601 1780 2654 Θείον
1808 2600 1897 2652 διὰ
1920 2602 2020 2669 τῆς

441 2700 700 2772 συνεχοῦς
730 2698 1147 2766 παρακλήσεως.
1173 2693 1331 2750 Οὕτω
1357 2695 1488 2763 γὰρ,
1513 2687 1687 2761 οἶμαι.
1743 2694 1832 2745 καὶ
1885 2692 2021 2758 Θεὸς

438 2791 586 2856 ἀνεὶς
612 2790 711 2861 τὴν
731 2789 898 2860 ὀργὴν
926 2786 1162 2858 εὐμενὴς
1199 2786 1331 2858 ἡμῖν
1355 2786 1587 2853 γένοιτο.
1647 2783 1814 2837 Ταῦτ’
1848 2784 2017 2837 ἀκοῦο

437 2975 697 3026 moestum
764 2974 819 3022 et
876 2962 1315 3035 cogitabundum
1380 2970 1577 3032 praeter
1643 2962 1891 3027 solitum.
1954 2976 2019 3018 ac

436 3070 707 3132 quantum
743 3058 1064 3128 apparebat,
1100 3056 1252 3125 gravi
1299 3054 1667 3109 sollicitudine
1697 3055 1921 3109 anxium
1953 3054 2019 3108 il-

438 3156 547 3208 lum
579 3150 781 3220 reperi.
809 3149 969 3205 Unde
998 3162 1099 3218 pro
1132 3163 1235 3201 usu
1273 3140 1671 3201 familiaritatis
1718 3155 1772 3200 et
1820 3145 2018 3201 fiducia

439 3260 563 3316 quae
597 3243 729 3297 mihi
760 3255 888 3296 cum
917 3254 983 3295 eo
1017 3247 1123 3301 est,
1158 3239 1399 3293 tristitia:
1438 3253 1661 3293 causam
1720 3247 2019 3308 perconta-

439 3351 530 3394 tus
599 3338 714 3391 haec
758 3334 826 3387 ah
866 3346 936 3387 eo
990 3331 1223 3387 audivi:
1275 3331 1413 3385 lram
1471 3329 1567 3386 Dei
1609 3330 1731 3385 urbi
1788 3331 1916 3387 huic
1956 3347 2022 3388 ac

439 3427 643 3498 populo
684 3424 975 3480 imminere
1025 3424 1338 3493 proximam
1371 3421 1551 3477 rideo.
1585 3423 1764 3493 Atque
1811 3424 2021 3479 utinam

439 3518 545 3572 iret
571 3514 867 3585 quispiam,
898 3515 1301 3582 nuntiaretque
1340 3526 1523 3567 meum
1565 3513 1858 3569 consilium
1908 3514 2020 3569 Au-

446 3619 630 3677 gusto,
664 3592 894 3661 censere
927 3620 1015 3661 me
1041 3604 1258 3660 scilicet
1292 3605 1665 3661 necessarium
1696 3604 1845 3661 factu
1877 3608 2019 3662 mitti

442 3681 525 3753 ab.
568 3713 634 3754 eo
681 3697 1002 3763 confestim,
1051 3712 1119 3752 ex
1159 3698 1281 3764 hac,
1326 3696 1576 3767 inquam,
1631 3698 1747 3769 ipsa
1779 3699 1889 3762 die.
1924 3714 2023 3768 per

441 3801 643 3847 cuncta
671 3791 1004 3846 monameria
1037 3793 1131 3860 qui
1163 3790 1387 3858 iubeant
1427 3791 1742 3862 pervigilari
1774 3799 1917 3847 totas
1964 3792 2019 3847 in

440 3886 510 3939 iis
555 3892 747 3938 noctes
797 3896 827 3935 a
885 3881 1170 3937 sodalibus
1198 3882 1442 3945 illorum,
1475 3882 2023 3953 supplicationesque

440 3977 733 4029 continuas
770 3975 909 4039 ﬁeri,
942 3976 1044 4029 hac
1081 3990 1343 4045 expresse
1372 3975 1440 4030 de
1470 3989 1637 4030 causa
1681 3982 1741 4028 ut
1767 3975 2023 4045 dignetur

442 4071 585 4125 Dens
625 4070 937 4125 universam
973 4070 1116 4125 hanc
1141 4071 1333 4125 urbem
1379 4079 1436 4124 et
1470 4070 1751 4140 regionem
1784 4085 2021 4140 praeser-

439 4179 567 4217 vare
620 4178 649 4217 ιι
712 4161 873 4225 fame,
932 4170 1108 4232 peste,
1149 4169 1312 4229 terrae
1364 4170 1538 4224 motu,
1595 4163 2020 4230 submersione;

441 4257 605 4325 idque
655 4254 847 4310 sedulo
881 4267 1039 4319 agere
1069 4251 1254 4319 hodie,
1287 4266 1413 4306 cras
1451 4259 1504 4305 et
1540 4251 1817 4320 perendie,
1850 4254 2024 4308 conti-

440 4358 653 4411 nenter,
684 4353 955 4414 quantum
997 4342 1111 4396 fieri
1150 4341 1374 4410 poterit,
1405 4349 1518 4396 toto
1562 4341 1655 4396 illo
1709 4344 1888 4413 spatio
1927 4358 2026 4414 per

441 4451 718 4506 nunquam
749 4434 1122 4489 intermissam
1168 4432 1366 4486 divinae.
1413 4434 1535 4503 opis
1574 4433 2022 4503 implorationem

2126 1965 2212 2019 διὰ
2250 1964 2460 2035 μακροῦ
2489 1965 2883 2032 ξυμὸαίνοντας
2906 1965 3007 2032 τῆς
3044 1965 3328 2035 φροντίδος
3358 1964 3517 2034 ἐξῆρε
3550 1964 3695 2033 (μηδὲ

2125 2058 2233 2124 γὰρ
2264 2059 2320 2108 ὲν
2342 2057 2520 2127 τρισὶν
2543 2057 2779 2127 ἡμέραις
2815 2055 2901 2125 ΙΡ.
2946 2055 3075 2127 248]
3111 2056 3268 2109 ταῦτ’
3319 2056 3582 2125 ἐνσκῆψαι
3618 2050 3698 2108 οἷά

2123 2152 2171 2202 τ’
2198 2145 2380 2217 εῖναι),
2409 2147 2633 2213 σεισμοῦ
2659 2147 2717 2201 δὲ
2752 2149 2845 2200 καὶ
2883 2148 3326 2217 καταποντισμοῦ
3385 2147 3692 2216 ἀναλαμϐά-

2124 2258 2230 2296 νων
2264 2238 2471 2293 ἔννοιαν
2497 2239 2564 2292 δι’
2595 2238 2803 2302 ἑννοίας
2828 2235 2942 2309 εἶχε
2966 2239 3057 2293 τὸν
3089 2240 3269 2307 λόγον.
3313 2238 3629 2294 ’Υπώπτευε
3645 2238 3694 2290 δὲ

2123 2333 2215 2383 καὶ
2244 2330 2301 2383 τὸ
2329 2330 2421 2382 τοῦ
2458 2330 2692 2399 μοναχοῦ
2728 2331 2976 2401 μήνυμα,
3007 2331 3106 2386 τὴν
3129 2331 3221 2384 τοῦ
3269 2332 3464 2401 καιροῦ
3519 2333 3693 2383 αἰτιω-

2126 2423 2288 2488 μένου
2347 2420 2721 2490 παραδρομὴν,
2773 2421 2848 2484 ὡς
2906 2421 3041 2491 μηδὲ
3090 2419 3202 2475 οἷόν
3255 2425 3305 2476 τ’
3334 2424 3603 2495 ἐσομένου,
3626 2420 3691 2483 ὡς

2122 2512 2327 2579 ἔλεγεν.
2360 2512 2607 2563 ἐντεῦθεν
2660 2512 2876 2574 ἀνύσαι,
2932 2514 3004 2583 μή
3050 2532 3168 2578 πως
3214 2517 3422 2574 ἐκεῖνος
3465 2515 3611 2577 εἰδώς
3640 2529 3691 2565 τι

2122 2601 2227 2654 τῶν
2262 2602 2361 2672 ἤδη
2389 2604 2769 2672 γενησομένων
2794 2604 2969 2670 ἔλεγε.
3021 2606 3130 2656 Καὶ
3167 2607 3344 2659 ταῦτα
3395 2608 3491 2676 μὲν
3549 2606 3692 2674 βασι-

2121 2694 2245 2758 λεύς
2274 2711 2288 2726 ο
2329 2695 2575 2747 ἐϐούλετο
2606 2696 2673 2758 δ’,
2710 2692 2883 2765 οἶμαι,
2907 2696 2935 2747 6
2958 2696 3114 2764 λόγος
3145 2700 3239 2752 καὶ
3264 2699 3394 2753 ἄλλο
3418 2717 3468 2752 τι
3490 2695 3688 2768 δηλοῦν,

2120 2785 2182 2839 τὸ
2210 2785 2351 2839 κατὰ
2380 2786 2571 2856 καιρὸν
2603 2786 2804 2857 δηλαδὴ
2831 2788 2933 2852 τὰς
2958 2789 3263 2854 ἀποστολὰς
3302 2795 3381 2855 εἰς
3406 2791 3502 2854 τὰς
3536 2790 3690 2859 μονὰς

2125 2964 2335 3036 peravit
2388 2967 2534 3020 enim
2592 2966 2723 3021 mihi
2779 2976 2838 3021 ut
2883 2982 3098 3022 orarem
3130 2966 3243 3038 jam
3277 2971 3410 3025 hinc
3449 2968 3608 3025 Deum
3640 2973 3690 3022 et

2124 3060 2285 3125 alios,
2348 3068 2618 3130 quotquot
2675 3075 2895 3115 nossem
2941 3061 2993 3115 id
3056 3062 3235 3118 facere
3284 3065 3535 3128 libenter,
3581 3062 3690 3132 pios

2123 3152 2270 3207 viros
2306 3153 2371 3205 ad
2410 3153 2461 3205 id
2509 3152 2690 3221 ipsum
2726 3154 3035 3210 invitarem.
3073 3174 3091 3207 ι
3128 3157 3359 3227 Excepit
3400 3158 3543 3212 hunc
3592 3170 3692 3208 ser-

2128 3258 2341 3297 monem
2376 3243 2587 3313 placide
2616 3254 2667 3298 et
2697 3246 2849 3299 vultu
2876 3245 3115 3314 benigno
3149 3247 3561 3318 imperator.Ac
3586 3259 3692 3299 mo.

2127 3336 2337 3391 naclius
2366 3336 2587 3404 quidem
2621 3336 2739 3407 ejus
2769 3347 2958 3392 auctor
2987 3341 3255 3395 continuo
3285 3341 3443 3396 abiit.
3473 3339 3692 3409 Impera-

2128 3435 2217 3481 tor
2274 3435 2459 3481 mente
2516 3442 2743 3481 versans
2791 3428 2938 3497 quod
2990 3431 3282 3497 audierat,
3336 3442 3393 3487 et
3430 3429 3688 3501 sigillatim

2127 3529 2391 3588 reputans
2443 3520 2619 3573 minas
2666 3520 2989 3584 intentatas,
3038 3522 3187 3576 circa
3232 3534 3445 3591 pestem
3487 3519 3688 3592 quidem

2126 3626 2191 3665 ac
2227 3609 2422 3664 famem
2449 3649 2464 3674 ,
2501 3604 2659 3678 quas,
2696 3623 2757 3665 ut
2791 3620 2923 3665 tunc
2962 3627 3053 3667 res
3093 3623 3294 3679 erant,
3334 3613 3548 3670 nonnisi
3581 3616 3693 3681 post

2128 3702 2371 3771 spatium
2401 3702 2627 3771 aliquod
2673 3704 2959 3773 temporis,
2994 3705 3223 3759 minime
3250 3716 3440 3762 autem
3476 3706 3572 3759 hoc
3602 3700 3691 3755 tri-

2126 3794 2237 3849 duo
2271 3793 2540 3848 exsistere
2575 3807 2735 3862 posse
2774 3793 3110 3859 viderentur,
3142 3796 3570 3851 sollicitudinem
3610 3805 3690 3846 re-

2127 3887 2296 3948 misit,
2327 3894 2486 3939 terrae
2510 3894 2692 3939 motus
2723 3894 2776 3939 et
2805 3888 3135 3950 submersio,
3170 3903 3294 3957 qute
3328 3897 3548 3958 possent
3572 3899 3685 3939 con.

2127 3978 2307 4033 festini
2333 3977 2609 4047 ingruere,
2635 3992 2821 4031 curam
2854 3979 2929 4032 illi
2958 3994 3137 4034 acrem
3168 3981 3430 4050 injecere.
3462 3978 3691 4049 Augebat

2125 4067 2468 4137 suspicacem
2505 4079 2707 4122 metum
2738 4068 3081 4147 denuntiatio
3116 4075 3400 4139 monachi,
3428 4072 3552 4127 dum
3591 4078 3689 4123 tam

2127 4162 2400 4216 instanter
2444 4161 2825 4234 increpat-erat
2851 4176 3034 4217 moras
3080 4166 3472 4232 prmcantionis
3515 4176 3691 4219 neces-

2126 4252 2286 4307 saria:
2312 4253 2610 4307 avertendo
2637 4252 2799 4319 malo,
2818 4261 3076 4324 tanquam
3104 4257 3415 4313 imminenti
3440 4256 3690 4329 proxime,

2125 4359 2190 4399 ac
2222 4344 2412 4398 timere
2449 4359 2559 4413 prae
2586 4359 2647 4398 se
2672 4345 2870 4401 tulerat
2900 4362 2968 4401 ne
2998 4347 3164 4402 nimis
3190 4349 3306 4418 jam
3344 4365 3469 4405 sero
3496 4345 3691 4417 suppli-

2126 4440 2272 4493 catio
2302 4440 2682 4499 inclmaretur.
2710 4438 2792 4494 Ob
2831 4442 2977 4511 quod
3029 4444 3353 4499 sollicitudo
3397 4444 3687 4511 Augustum

442 4526 700 4584 instando
737 4525 805 4580 ad
857 4522 1187 4593 placandum
1227 4521 1322 4578 Dei
1366 4538 1598 4579 numen.
1630 4523 1689 4580 Si
1741 4527 1844 4582 hoc
1874 4530 2018 4583 enim
2050 4533 2490 4604 Dinqnictabal,
2538 4542 2821 4587 verentem
2864 4548 2933 4587 ne
2978 4532 3125 4588 forte
3168 4535 3341 4592 sciret
3381 4533 3579 4605 aliquid
3610 4532 3689 4584 ille

439 4628 694 4688 ageretur
727 4616 873 4672 haud
903 4616 1169 4685 segniter,
1207 4630 1486 4684 sperarem
1525 4618 1785 4686 equidem
1815 4619 1933 4673 fore
1961 4627 2023 4673 ut

442 4711 607 4774 Deus,
636 4711 717 4762 ira
761 4707 1019 4771 remissa,
1051 4706 1326 4778 pr0pitius
1380 4706 1543 4763 nobis
1576 4707 1754 4763 fieret.
1790 4708 1889 4762 His
1922 4722 2024 4778 ego

442 4801 645 4855 auditis
665 4799 865 4869 raptim
886 4812 1184 4852 accurrens
1208 4798 1277 4853 ad
1298 4796 1715 4856 Heracleensem
1743 4812 2023 4869 metropo-

443 4895 593 4946 litam
629 4907 741 4946 rem
770 4890 818 4944 ei
852 4890 1273 4971 communicavi.
1305 4891 1422 4958 Qua
1457 4893 1551 4948 ille
1600 4892 1819 4962 cognita
1860 4894 2027 4948 vehe-

444 4994 656 5040 menter
713 4984 897 5038 statim
944 4983 1087 5037 ursit
1143 4999 1325 5038 meum
1373 4986 1441 5038 ad
1496 4995 1644 5039 luant
1680 4986 2021 5053 maiestatem

442 5090 747 5134 acuessum.
777 5086 837 5127 ut
867 5076 931 5128 ad
962 5089 1080 5128 eam
1111 5074 1380 5129 deferrem
1416 5086 1683 5145 quantum
1719 5091 1746 5128 a
1779 5076 1871 5131 tali
1906 5078 2025 5132 viro

444 5168 650 5220 audivi.
684 5165 889 5220 Adsum
927 5166 1093 5235 igitur
1125 5174 1178 5221 et
1214 5167 1424 5222 defero.
1458 5166 1694 5235 Imperet
1727 5167 1793 5221 de
1828 5179 2055 5223 οίειθτο

444 5279 507 5312 an
536 5259 700 5313 faciat
730 5267 818 5311 tua
861 5258 1127 5314 divinitus
1181 5260 1352 5313 electa
1384 5258 1668 5328 rnajestas,
1713 5270 1872 5329 prout
1919 5259 2025 5329 ipsi

443 5350 734 5405 videbitur.
765 5346 947 5403 Unum
984 5350 1290 5403 admoneo:
1327 5350 1396 5433 si,
1427 5362 1696 5419 quantum
1741 5353 1902 5420 hujus
1938 5354 2024 5407 in-

442 5445 566 5497 dicii
601 5449 937 5495 momentum
982 5450 1090 5506 est,
1127 5450 1340 5494 tantum
1371 5442 1417 5496 ei
1449 5458 1592 5497 cura:
1623 5446 1871 5515 dignaris
1912 5445 2021 5500 im-

446 5533 699 5603 pendere,
726 5533 857 5602 jube
882 5532 994 5600 jam
1031 5546 1097 5585 ex
1137 5532 1237 5586 hac
1261 5532 1376 5602 ipsa
1423 5535 1673 5602 protinus
1701 5547 1863 5592 nocte
1889 5552 2020 5607 sup—

446 5626 794 5693 plicationum
862 5624 1081 5677 initium
1126 5623 1273 5689 duci,
1331 5635 1510 5695 prout,
1554 5628 1644 5696 qui
1681 5629 1839 5701 361
1874 5646 2016 5700 prae-

446 5719 715 5771 nuntiavit
747 5717 952 5769 malum
986 5717 1267 5784 ingruens,
1298 5722 1650 5787 praescripsit.
1683 5725 1766 5778 ille
1791 5727 2013 5795 quidem

447 5811 696 5879 privatim
730 5808 850 5861 sine
876 5807 1059 5861 statim
1094 5809 1238 5878 quod
1282 5811 1326 5863 is
1357 5814 1608 5882 praeripit
1653 5814 1830 5870 fact-re
1863 5833 1875 5868 :
1915 5817 2015 5870 im-

2128 4628 2437 4681 distinctius
2504 4626 2569 4680 de
2628 4627 2867 4680 instante
2925 4637 3211 4681 momento
3256 4643 3377 4683 mox
3433 4627 3689 4684 Saevitum

2123 4717 2296 4772 cladis
2320 4758 2334 4783 ,
2372 4718 2513 4771 unde
2556 4725 2663 4770 tam
2699 4717 2860 4771 anxia
2915 4716 3275 4775 festinatione
3320 4739 3442 4778 cum
3478 4722 3590 4789 ipse
3625 4714 3686 4769 ad

2125 4823 2315 4876 preces
2348 4823 2637 4862 recurrere
2667 4799 3017 4878 occupasset,
3055 4821 3167 4865 tum
3208 4813 3351 4868 idem
3386 4813 3452 4867 ab
3489 4811 3607 4865 aliis
3635 4813 3686 4858 ut

2124 4899 2239 4952 fieri
2272 4899 2490 4970 juberet
2534 4900 2783 4970 Augusto
2829 4904 3116 4957 suasisset.
3152 4902 3305 4960 Talia
3353 4922 3411 4961 sc
3459 4904 3687 4973 agitasse

2122 4991 2306 5045 animo
2346 4991 2619 5046 referebat
2647 4993 2967 5063 imperator,
3000 4995 3173 5060 aliud,
3208 4999 3428 5065 Opinor,
3460 4997 3685 5050 innuens

2121 5084 2423 5153 quippiam,
2460 5098 2656 5153 nempe
2690 5085 2926 5154 primum
2972 5088 3323 5157 propendisse
3365 5103 3422 5143 se
3451 5085 3515 5141 ad
3540 5082 3685 5139 dilTe-

2120 5176 2347 5230 rendam
2383 5176 2436 5229 in
2480 5183 2698 5245 tempus
2744 5179 3111 5246 opportunius
3152 5196 3314 5252 quam
3358 5179 3517 5251 quale
3560 5184 3683 5229 tunc

2120 5275 2262 5332 erat,
2320 5269 2498 5324 noctis
2555 5269 2914 5337 intempestae,
2960 5270 3283 5327 missionem
3344 5270 3679 5325 ininistorutu

2121 5360 2329 5413 circum
2354 5358 2688 5415 monasteria
2716 5360 2781 5413 ad
2811 5376 3003 5429 preces
3026 5360 3369 5428 indicendus,
3391 5359 3532 5431 quod
3555 5356 3678 5412 sub-

2118 5453 2419 5507 absurdum
2470 5452 2750 5507 videretur
2783 5452 2878 5507 tali
2934 5454 3066 5507 hora
3107 5468 3241 5510 suos
3277 5454 3523 5523 aliosque
3584 5451 3677 5504 in-

2116 5546 2385 5612 quietare.
2416 5545 2495 5598 Ad
2550 5545 2699 5600 hunc
2757 5550 2938 5599 tamen
2990 5558 3306 5616 respectum
3359 5542 3671 5600 vincendum

2115 5637 2270 5690 illum
2294 5636 2529 5706 denique
2555 5637 2795 5706 perpulit
2818 5653 2950 5691 cura
2978 5638 3175 5692 intime
3205 5638 3462 5692 vellicans
3485 5633 3672 5693 acrior,

2116 5736 2279 5796 prout
2316 5727 2432 5796 ipse
2476 5737 2662 5796 postea
2708 5729 2761 5781 in
2815 5730 3086 5783 coni-ioue
3136 5730 3290 5783 dixit.
3324 5731 3500 5795 Quare
3534 5727 3672 5789 logﬂ-

2110 5820 2274 5874 tltctte
2334 5820 2654 5888 genicorum
2720 5819 3012 5875 confestim
3075 5823 3351 5876 mandarit
3410 5817 3673 5874 destinare
