4024 6412
418 398 532 457 3‘99

1607 397 1933 462 GEORGII
1975 393 2461 455 PACIIYMERE

3558 391 3657 455 480

424 510 558 571 ζειν.
595 507 738 578 Πλὴν
764 509 819 561 τὸ
846 509 943 578 μὲν
973 510 1120 580 κήδε’
1146 512 1388 582 ἐφῆφθαι
1440 512 1754 582 Ῥωμαίοις,
1776 511 1994 593 ελεγον,
2028 512 2071 566 Α
2102 502 2528 574 Θαυμαστδςῗμὲν
2548 501 2751 565 ἐκεῖνος
2771 478 3073 568 δόξειενᾶν,
3098 499 3423 571 μακαριστοὶ
3443 500 3523 574 [Ρ.
3540 502 3658 573 2501

422 600 518 655 καὶ
545 599 715 653 ταῦτα
745 601 814 654 τὰ
839 604 1069 672 μέγιστα
1106 598 1181 659 ὧν
1204 607 1341 675 ἀκοῇ
1386 605 1826 676 παρκλήφαμεν,
1880 600 2002 652 οὔτε

429 694 674 764 μάντεως
697 694 819 747 οὔτε
851 697 956 765 μὴν
981 699 1256 767 προφήτου
1287 699 1462 751 εἰπεῖν
1502 697 1773 768 χρῄζοιεν.
1841 693 1915 745 Τὸ
1945 692 2002 746 δὲ

421 786 515 839 καὶ
549 784 731 839 Θεᾶθεν
762 787 1139 858 ὀργιζομένου,
1176 790 1264 841 καὶ
1294 790 1358 848 ἃς
1393 789 1521 858 εἴπῃ
1548 806 1629 849 τις
1682 787 1747 842 ἂν
1800 786 1999 847 αἰτίας,

423 877 634 929 πολλῶν
664 894 726 945 γε
765 879 959 942 ούσῶν,
990 881 1278 950 ἐξαίρομεν
1334 881 1515 951 μέντοι
1576 879 1670 931 καὶ
1725 878 2002 947 ἁμαρτίας

421 969 520 1032 τὰς
571 969 664 1023 τοῦ
707 961 838 1023 ’καθ’
893 971 1140 1038 ἕκαστον,
1191 972 1548 1042 Χριστιανούς
1587 987 1650 1039 γε
1695 968 1852 1031 ὄντας
1909 966 2002 1020 καὶ

423 1063 823 1131 πρεσὸεύοντας
848 1064 1102 1134 πρόνοιαν
1133 1064 1278 1127 εἰκὸς
1312 1064 1533 1127 ἐννοεῖν,
1580 1063 1670 1115 καὶ
1714 1062 1766 1115 εί
1808 1061 1859 1128 γ’
1909 1059 2002 1110 ἐπὶ

423 1155 690 1225 τούτοιςὴ
735 1156 825 1208 ἐπὶ
854 1155 947 1208 τού
990 1155 1237 1223 λιπαρῶς
1270 1152 1406 1208 Θεοῦ
1461 1154 1675 1207 δέεσθαι
1726 1150 1998 1221 συμϐουλὴ

418 1247 493 1309 ὡς
527 1246 862 1317 εὐμενίςοιτὸ
891 1264 950 1299 τε
990 1248 1095 1321 καὶ
1146 1247 1317 1317 ὲλεῴη
1382 1247 1617 1310 ἵσταται,
1688 1243 2000 1311 Θαυμαστὸν

416 1336 589 1389 οὐδέν.
623 1336 943 1388 Τούναντίον
973 1336 1071 1404 μὲν
1107 1335 1198 1388 οὖν
1233 1334 1297 1389 ἂν
1335 1334 1646 1403 θαυμαστὸν
1671 1333 1719 1385 εἰ
1748 1333 2003 1401 εὐθηνού-

420 1428 579 1488 σινὲς
611 1425 756 1480 ἅπαν
789 1428 880 1480 καὶ
906 1427 1056 1479 οὐδὲν
1091 1427 1269 1495 ἔχουσι
1300 1425 1542 1495 λυπηρδν
1592 1424 1850 1494 προέλεγέ
1918 1439 2002 1486 τις

417 1518 486 1572 τὰ
513 1518 738 1588 φοϐερὰ,
776 1518 841 1570 ἂν
869 1518 1004 1575 τέως
1038 1518 1352 1580 ἀπέϐαινον,
1385 1518 1517 1569 ὅπου
1559 1533 1622 1583 γε
1682 1514 1777 1568 καὶ
1817 1514 1999 1577 Ἰωνᾶς

421 1610 771 1662 ὑπωπτεύετο
796 1609 1101 1670 Νινευῒταις
1128 1608 1373 1677 τρυφῶσι
1425 1608 1585 1677 μέχρι
1656 1606 1752 1660 καὶ
1806 1606 1997 1673 ἀκοῆς,

418 1702 535 1754 ἀλλ’
561 1703 619 1754 οὐ
656 1704 869 1770 πείρας,
901 1701 1204 1753 σταθέντων
1227 1700 1330 1752 τῶν
1361 1698 1645 1767 λυπηρῶν.
1680 1699 1741 1751 Εἰ
1795 1698 1851 1751 δὲ
1902 1697 1998 1750 καὶ

421 1795 752 1864 προφητείας
787 1792 981 1863 ἁξιῷτό
1021 1811 1103 1855 τις
1152 1792 1243 1846 ἐπὶ
1287 1790 1365 1862 τῷ
1403 1792 1585 1844 πλέονι
1633 1791 1739 1844 τῶν
1790 1788 1994 1852 κακῶν,

421 1977 793 2030 admonebant
836 1976 948 2039 alii,
997 1988 1436 2046 magnOpereque
1466 1988 1625 2029 secus
1665 1970 1999 2041 suspicando

420 2069 814 2123 incumbebant
865 2068 929 2121 ad
982 2068 1378 2137 rcprohandam
1426 2075 1594 2121 totam
1639 2082 1790 2132 rem;
1832 2080 1996 2134 quam

419 2175 523 2213 nec
577 2159 902 2213 dubitabant
944 2160 1217 2229 appellare
1266 2158 1645 2229 operationem
1697 2157 1997 2213 adversarii

421 2250 667 2321 spiritus,
709 2250 802 2304 Dei
842 2250 1075 2319 gloriam
1113 2249 1369 2315 iurantis,
1409 2266 1468 2306 ea
1510 2265 1630 2321 quae
1658 2249 1768 2305 Deo
1796 2265 1998 2305 conve-

426 2346 584 2397 niunt
632 2341 1021 2412 praeripiendo,
1052 2351 1109 2395 ut
1140 2357 1371 2413 magnus
1401 2343 1550 2414 loqui
1588 2344 1799 2398 solebat
1824 2344 2000 2397 Anto-

423 2434 567 2489 nius.
638 2433 756 2488 Non
822 2434 1048 2489 deerant
1098 2436 1191 2505 qui
1246 2434 1503 2491 humanis
1562 2434 1868 2505 disciplinis
1931 2450 1998 2490 ex

423 2527 811 2582 observatione
840 2527 1174 2580 naturalium
1215 2526 1494 2597 signorum
1535 2527 1805 2595 eiusmodi
1837 2544 2003 2583 even-

417 2628 511 2674 tus
545 2618 788 2688 prtesciri
837 2632 901 2672 ac
949 2619 1167 2688 praedici
1201 2619 1546 2688 disputarent
1578 2634 1760 2688 posse.
1797 2618 2002 2677 Omnes

416 2723 604 2767 tamen
658 2712 1050 2781 requirebant,
1102 2711 1250 2766 velut
1315 2710 1732 2766 fundamentum
1788 2722 1999 2770 certum

421 2806 765 2860 stabiliendae
797 2806 863 2859 de
896 2805 1003 2859 hoc
1034 2805 1254 2875 negotio
1281 2818 1424 2858 verm
1464 2805 1778 2865 sententiae,
1812 2805 2004 2873 cogni-

418 2901 622 2954 tionem
648 2915 893 2969 persona!
916 2899 1250 2953 acnominis
1269 2897 1391 2966 ejus
1412 2914 1524 2967 qtto
1546 2898 1613 2951 de
1636 2908 1999 2966 quaereretur,

422 2993 524 3046 rati
569 2993 817 3062 quandiu
868 2993 917 3046 is
971 2992 1039 3046 de
1103 2991 1427 3045 facieforet
1480 3007 1543 3045 ac
1596 2992 1705 3044 vita
1758 2992 2000 3055 ignotus,

417 3093 646 3137 cunctas
666 3086 717 3137 in
743 3098 866 3136 eum
891 3082 1191 3151 quamlibet
1214 3082 1471 3137 sinistras
1491 3089 1639 3135 recte
1660 3082 2002 3150 suspiciones

418 3176 632 3232 cadere.
664 3178 957 3241 Caeterum,
988 3175 1241 3229 nonnulli
1271 3175 1514 3237 aiebant,
1547 3177 1650 3230 hac
1683 3184 2003 3244 tempestate

420 3269 484 3321 ad
509 3267 916 3336 intelligendum
937 3265 1343 3334 dicendumque
1367 3266 1687 3335 iugruerein
1711 3265 1873 3339 364
1893 3264 2002 3320 Ro.

422 3373 614 3414 manes
644 3357 968 3420 infortunia,
999 3367 1051 3411 et
1080 3373 1140 3412 ea
1169 3358 1393 3428 quidem
1420 3357 1663 3413 omnium
1692 3374 1814 3427 qure
1837 3359 2002 3412 fando

418 3450 732 3504 audivimus
779 3450 1039 3515 maxima,
1088 3463 1191 3503 nec
1243 3459 1365 3503 vate
1412 3463 1512 3503 nec
1552 3451 1815 3517 propheta
1865 3464 2005 3518 Opus

419 3541 721 3602 habemus,
775 3540 1110 3607 experientia
1154 3539 1373 3607 publica
1432 3539 1484 3593 id
1539 3540 1736 3607 Cuique
1783 3539 2003 3593 abunde

419 3640 784 3686 monstrante.
829 3630 885 3684 In
931 3645 996 3685 eo
1048 3631 1225 3684 solum
1280 3644 1413 3685 usus
1460 3639 1609 3686 esset
1650 3638 1703 3681 et
1739 3629 1912 3684 mirus
1949 3637 2005 3684 et

421 3726 684 3795 Optahilis
714 3723 999 3777 monitoris
1029 3723 1293 3778 divinitus
1325 3722 1511 3786 aiﬂati,
1539 3723 1582 3776 si
1605 3722 1731 3792 quis
1752 3722 2003 3791 indigna-

423 3818 589 3871 tionis
643 3816 773 3871 Dei-
793 3814 1097 3869 manifesta:
1123 3816 1232 3884 jam
1268 3816 1321 3869 in
1354 3830 1454 3871 nos
1485 3830 1721 3870 arcanas
1755 3823 1809 3868 et
1843 3815 2002 3870 nobis

421 3910 585 3962 noxio
627 3909 907 3976 ignoratas
943 3923 972 3962 e
1008 3907 1147 3961 creto
1187 3908 1418 3962 edoctus
1470 3908 1738 3963 indicaret
1779 3923 2001 3963 causas.

422 3999 625 4069 Nempe
656 4001 709 4053 in
743 4014 941 4070 genere
976 3998 1197 4070 quidem
1240 4006 1473 4062 scimus,
1506 4010 1780 4070 quotquot
1810 4001 2003 4055 imbuti

420 4094 755 4149 Christianis
790 4092 1102 4162 disciplinis
1136 4093 1516 4148 administrari
1550 4093 1815 4147 mundum
1846 4106 2004 4161 aequa

419 4195 474 4242 et
514 4188 746 4256 sapienti
788 4187 1133 4257 providentia
1171 4185 1663 4256 persnasissimum
1713 4184 2003 4248 habemus,

418 4282 660 4351 peccatis
690 4281 900 4349 utique,
933 4280 1117 4348 qualia
1151 4278 1400 4348 quotidie
1430 4278 1664 4346 plurima
1697 4284 2004 4345 patrantur,

330 4360 335 4365 ’
420 4376 555 4428 iram
599 4371 689 4425 Dei
717 4379 908 4425 contra
944 4370 1197 4424 homines
1231 4368 1475 4423 armari:
1507 4368 1789 4437 quodnam
1820 4375 2003 4420 tamen

419 4464 767 4534 potissimum
801 4469 1050 4515 nostrum
1088 4460 1297 4516 crimen
1328 4459 1443 4512 htec
1476 4458 1581 4512 sub
1612 4458 1818 4526 quibus
1845 4456 2008 4511 hodie

2102 594 2158 648 δὲ
2190 595 2280 648 καὶ
2310 596 2469 664 ἡμεῖς
2494 593 2839 662 λογιζοίμεθα
2874 592 2947 656 ὡς
2977 593 3075 645 οὐκ
3105 593 3335 658 ἐκείνου,
3370 593 3482 646 ἀλλ’
3517 595 3661 663 ήμῶν

2104 700 2167 753 γε
2196 685 2355 755 χάριν
2404 686 2503 755 τῆς
2535 685 2894 756 προρρήσεως
2959 683 3263 752 γεγονυίας.
3318 683 3660 754 Κρύπτεσθαι

2106 778 2204 846 μὲν
2232 773 2322 829 οὖν
2354 773 2556 829 ἐκεῖνον
2580 777 2673 829 καὶ
2697 775 2772 846 μὴ
2797 775 3200 844 φανερούμενον
3241 774 3570 846 ἑκφανεροῦν
3601 776 3661 830 τὰ

2104 867 2224 921 Θεία
2250 867 2546 935 μυστήρια,
2577 866 2712 936 πρὸς
2743 866 2823 935 τῷ
2860 865 2933 936 μὴ
2960 864 3169 931 ἔνδοξον
3193 860 3331 918 εἶναι
3386 865 3523 923 κατὰ
3569 866 3662 935 τὴν

2103 958 2352 1029 Γραφὴν,
2383 958 2476 1009 καὶ
2509 956 2827 1019 κινδυνῶδες
2861 956 3209 1009 καθίσταται.
3234 955 3345 1008 Καὶ
3382 957 3501 1008 ὅσον
3528 956 3664 1026 ἡμᾶς

2103 1049 2251 1131 δίκαι
2284 1046 2728 1119 περιελεύσονται
2779 1045 3304 1117 κατωλιγωρηκὸτας
3349 1045 3573 1109 δίκαιαι,
3618 1047 3662 1098 τί

2102 1140 2200 1203 τὰς
2229 1141 2410 1201 αἰτίας
2437 1140 2643 1201 ἐκεῖνος
2676 1137 2823 1205 λέγει
2879 1138 2972 1190 τοῦ
3026 1136 3305 1205 δαιμονίου
3351 1136 3662 1206 μηνίματος,

2102 1231 2275 1295 οὕτως
2306 1231 2498 1301 ἐκείνῳ
2530 1232 2815 1300 σιγήσαντι
2848 1231 2907 1283 τὸ
2935 1229 3025 1282 διὰ
3067 1229 3395 1299 κηδεμονίαν
3441 1245 3667 1299 προορα-

2104 1325 2193 1378 Θὲν
2216 1325 2455 1388 κίνδυνος
2478 1326 2890 1395 περιστήσεται.
2923 1323 2994 1376 Τὸ
3026 1322 3071 1375 δ’
3115 1323 3207 1376 ἐπὶ
3261 1322 3471 1386 τούτοις
3528 1323 3665 1392 ιστᾷν

2101 1415 2162 1468 τδ
2221 1414 2404 1485 Οαῦμα
2467 1414 2542 1486 μὴ
2583 1414 2680 1477 τὰς
2729 1397 2908 1477 αἰτίας
2944 1413 3189 1481 λέγοντα,
3243 1414 3340 1466 καὶ
3384 1411 3579 1473 ταύτας
3608 1412 3664 1464 ού

2103 1506 2290 1567 κοινὰς
2321 1505 2417 1558 καὶ
2450 1505 2703 1573 συνήθεις
2725 1503 2802 1574 τῷ
2827 1505 3038 1573 κόσμῳ,
3067 1504 3182 1556 ἀλλ’
3217 1503 3349 1566 tam;
3392 1503 3527 1565 ἰδίας
3580 1503 3667 1554 καὶ

2103 1600 2450 1665 καινοφανεῖς
2520 1597 2800 1667 ἄντικρυς,
2868 1595 2942 1666 μὴ
2992 1595 3089 1648 καὶ
3136 1595 3316 1665 ἑαυτῷ
3373 1612 3458 1658 τις
3507 1594 3667 1662 λέγων

2101 1690 2326 1743 τοιαῦτα
2356 1690 2666 1759 περιποιοίη
2708 1690 2801 1742 τὸν
2847 1688 3175 1758 θαυμασμὸν
3202 1688 3561 1757 συναρπάζων
3582 1688 3669 1759 μό-

2101 1799 2191 1836 νον
2224 1782 2319 1836 atat
2341 1780 2501 1846 δόξαν
2536 1781 2870 1852 θηρώμενος.
2896 1780 3081 1835 Ταῦτα
3107 1780 3362 1848 λέγοντες
3404 1778 3551 1850 δῆλοι
3577 1778 3669 1847 μὲν

2103 1967 2254 2021 tibus
2302 1964 2745 2020 denuntiatorem
2798 1960 2974 2018 cladis
3015 1974 3296 2027 extremae,
3345 1975 3469 2031 quae
3518 1975 3667 2016 aures

2102 2064 2279 2117 solum
2318 2063 2439 2118 sine
2470 2062 2580 2115 ullo
2609 2061 2963 2131 experientis:
3005 2075 3171 2115 sensu
3204 2061 3522 2129 perculerit,
3557 2075 3670 2116 sese

2104 2163 2330 2225 repente
2390 2155 2661 2222 objecisse
2730 2145 3011 2207 Nini‘vitis.
3084 2153 3384 2208 Enimvero
3447 2152 3494 2210 si
3555 2152 3670 2221 quis

2101 2248 2268 2303 nobis
2322 2261 2455 2302 vero
2506 2246 2811 2317 prophetia:
2856 2246 3055 2315 spiritu
3099 2262 3158 2301 se
3211 2241 3387 2301 ail'lari
3437 2246 3669 2302 evidenti

2100 2341 2476 2409 experimento
2509 2341 2665 2394 ﬂdem
2698 2338 2924 2401 faceret,
2952 2354 3066 2393 rem
3097 2338 3293 2408 utique
3323 2338 3668 2395 manifestans

2104 2433 2347 2486 humano
2390 2431 2611 2501 ingenio
2639 2430 3051 2486 inscrutabilem
3090 2447 3104 2483 :
3153 2444 3380 2485 causam
3425 2429 3668 2484 videliCet

2102 2525 2303 2579 divina:
2345 2527 2401 2577 in
2454 2539 2555 2579 nos
2603 2523 2731 2583 iraa,
2773 2537 2897 2592 quae
2940 2536 3213 2577 summum
3267 2523 3533 2576 malorum
3577 2535 3668 2575 nos

2104 2616 2413 2686 urgentium
2450 2631 2638 2671 revera
2687 2618 2892 2669 malum
2924 2624 3028 2679 est,
3064 2616 3212 2670 hunc
3255 2614 3409 2683 justa
3460 2614 3668 2685 quidem

2105 2709 2471 2763 admiratione
2532 2723 2997 2778 prosequeremur
3043 2725 3059 2763 :
3108 2710 3203 2763 sed
3251 2717 3307 2763 et
3362 2707 3522 2762 simul
3580 2720 3672 2760 nos

2107 2802 2296 2856 beatos
2354 2808 2766 2870 reputaremus,
2819 2816 3053 2871 quorum
3107 2800 3324 2856 scilicet
3359 2801 3411 2855 in
3447 2800 3669 2871 gratiam

2105 2909 2169 2948 ac
2224 2893 2463 2948 fructum
2514 2894 2869 2963 peculiarem,
2925 2909 3034 2948 non
3086 2902 3270 2948 autem
3317 2894 3371 2948 in
3405 2894 3669 2964 propriam

2105 2989 2189 3043 sui
2235 2987 2584 3057 jactantiam,
2625 2986 2902 3056 ejusmodi
2952 2998 3100 3042 esset
3137 3002 3204 3042 ex
3256 2989 3370 3043 alto
3418 2989 3671 3058 inspirata

2106 3079 2462 3149 praedictione
2496 3080 2838 3148 perfunctus.
2867 3078 3146 3134 Abscondi
3173 3095 3306 3133 vero
3338 3081 3510 3151 ipsum
3536 3087 3669 3145 etcx

2031 3208 2074 3265 ο
2106 3171 2327 3226 occulto
2346 3186 2535 3225 vocem
2558 3172 2796 3237 mittere,
2821 3179 3185 3243 praeterquam
3210 3172 3494 3238 indecens,
3517 3173 3670 3228 etiam

2101 3262 2259 3332 juxta
2326 3263 2698 3318 testimonium
2749 3263 3052 3334 Scriptura:
3096 3263 3260 3335 365
3315 3267 3669 3335 periculosum

2104 3365 2211 3412 cst.
2245 3357 2322 3410 Ac
2352 3368 2559 3426 quanto
2588 3372 2689 3412 nos
2715 3356 2876 3425 plecti
2907 3358 3116 3428 justius
3139 3358 3407 3414 immissis
3429 3359 3673 3413 divinitus

2106 3449 2360 3503 cladibus
2396 3448 2753 3502 ntauifcstum
2787 3447 2958 3513 ﬂeret,
2993 3448 3084 3503 ubi
3113 3449 3392 3504 declarata
3428 3464 3525 3517 per
3559 3463 3672 3504 eum

2106 3541 2268 3595 nobis
2321 3540 2483 3609 culpa
2535 3550 2727 3596 nostra
2768 3541 3050 3611 quapiam,
3084 3555 3206 3611 quae
3233 3541 3476 3596 divinam
3503 3541 3554 3595 in
3583 3554 3673 3593 nos

2106 3633 2543 3701 indignationem
2594 3626 2938 3696 concitaret,
2984 3647 3082 3687 nos
3132 3632 3187 3686 in
3246 3648 3311 3688 ea
3364 3630 3673 3705 corrigenda

2108 3744 2303 3796 segnes
2357 3743 2630 3792 essemus,
2681 3737 2832 3783 tanto
2887 3728 2967 3781 illi
3020 3742 3135 3782 rem
3177 3734 3392 3783 tantam
3436 3737 3490 3784 et
3540 3727 3673 3782 scitu

2108 3819 2348 3874 maxime
2381 3819 2568 3873 utilem
2601 3819 2823 3882 celanti,
2860 3818 3129 3889 siquidem
3166 3820 3268 3873 scit
3306 3819 3472 3890 (scire
3497 3828 3666 3874 autem

2108 3913 2288 3981 ipsum
2321 3920 2561 3980 Oportet.
2596 3911 2639 3965 si
2672 3911 2934 3980 propheta
2980 3911 3052 3967 sit
3095 3927 3109 3964 :
3162 3926 3290 3965 nam
3344 3912 3447 3967 hoc
3486 3925 3672 3966 nomen

2108 4006 2304 4059 mereri
2349 4003 2465 4059 sola
2521 4003 2939 4058 denuntiatione
2982 4018 3163 4057 rerum
3211 4018 3338 4072 qua:
3385 4020 3417 4058 a
3466 4004 3673 4058 nemine

2109 4098 2434 4167 ignorantur
2486 4096 2908 4164 haudquaquam
2957 4094 3181 4164 potest),
3219 4105 3397 4161 tanto,
3435 4094 3670 4163 inquam,

2109 4189 2200 4245 isti
2235 4188 2480 4244 reticenti
2505 4188 2652 4258 quod
2679 4187 3023 4257 patissimum
3060 4188 3375 4257 publicasse
3397 4189 3671 4250 debuerat,

2110 4282 2331 4350 gravius
2375 4282 2624 4335 imminet
2654 4280 2952 4349 periculum
2984 4282 3210 4335 rationis
3254 4296 3320 4335 ex
3362 4282 3481 4350 ipso
3511 4295 3539 4334 a
3575 4278 3673 4331 Deo

2110 4374 2417 4441 repetendae
2468 4374 2613 4427 male
2658 4373 2798 4442 gesti
2856 4373 3173 4427 ministerii.
3226 4371 3463 4429 Tantum
3520 4373 3675 4443 igitur

2111 4464 2375 4519 absumus
2421 4478 2451 4517 a
2490 4463 2815 4533 judicando,
2856 4464 3021 4518 istum
3076 4464 3396 4533 quicunque
3443 4473 3546 4530 est,
3586 4461 3673 4531 qui

421 4556 690 4625 genimus
709 4554 917 4626 ﬂagella
942 4553 1298 4617 ulciscantur,
1333 4560 1393 4605 ut
1417 4552 1818 4619 incompertum
1847 4549 2006 4603 nobis
2042 4564 2083 4619 ι)
2116 4554 2224 4622 peti
2259 4570 2359 4609 nos
2385 4555 2705 4610 ccelestihus
2738 4553 2992 4625 ﬂagellis,
3024 4555 3168 4625 quod
3197 4557 3376 4613 cuivis
3403 4566 3486 4612 est
3512 4555 3674 4611 netis-

423 4654 530 4706 est,
584 4645 658 4698 ita
713 4651 861 4699 esset
908 4643 1263 4696 utilissimum
1318 4638 1530 4695 doceri.
1575 4637 1669 4692 Sic
1717 4639 1886 4701 enim,
1938 4652 2006 4689 eo

419 4735 789 4799 emendando,
831 4732 955 4789 fons
990 4733 1264 4786 malorum
1310 4739 1498 4800 posset
1535 4728 1769 4784 obstrui.
1809 4727 2006 4783 Consi-

421 4828 555 4880 lium
609 4839 744 4880 sane
791 4823 900 4878 Deo
943 4821 1316 4891 supplicandi,
1351 4831 1408 4874 ut
1441 4820 1728 4892 propitiari
1768 4834 1828 4875 se
1860 4821 2007 4874 sinat

419 4928 474 4973 et
523 4918 697 4971 nostri
751 4915 1107 4977 misereatur,
1160 4912 1227 4967 iis
1280 4920 1595 4981 suggestum
1628 4912 1722 4981 qui
1752 4911 2007 4966 vindicta:

422 5010 620 5063 divitiae
640 5009 818 5078 plagis
845 5022 990 5060 nunc
1018 5004 1252 5059 maxime
1276 5002 1719 5077 ﬂagrantissimis
1743 5012 2003 5067 uruntur,

426 5101 561 5154 nihil
598 5100 763 5153 habet
795 5097 1047 5152 mirabile
1074 5111 1139 5151 ac
1168 5096 1477 5168 prudentiae
1507 5094 1749 5165 vulgaris
1782 5094 2004 5149 modum

422 5191 724 5245 excedens.
783 5188 1022 5260 Agnosci
1072 5189 1291 5259 quidem
1357 5189 1497 5242 forte
1557 5195 1747 5257 posset
1802 5185 2003 5254 suspici

421 5285 645 5354 dignum
676 5283 882 5351 aliquid
911 5290 965 5337 et
992 5290 1154 5352 captu
1174 5282 1429 5353 superius
1461 5280 1702 5333 humano
1732 5278 1788 5332 in
1818 5293 1883 5333 eo
1910 5276 2003 5345 qui

422 5374 637 5430 consilii
665 5375 791 5429 talis
820 5373 1137 5443 inopinatus
1170 5383 1362 5427 auctor
1393 5376 1715 5439 exsurgeret
1742 5368 1796 5424 in
1828 5370 2006 5425 medio

423 5468 605 5537 populi
645 5466 819 5521 felicis
853 5478 905 5520 et
947 5466 1163 5521 cunctis
1202 5474 1410 5518 naturae
1455 5477 1520 5516 ac
1554 5461 1788 5516 fortunae
1822 5461 2002 5525 bonis,

421 5560 540 5613 sine
574 5559 681 5612 ulla
730 5558 897 5613 sortis
941 5558 1182 5610 adversa:
1231 5553 1550 5617 formidine,
1581 5551 2001 5619 ﬂorentissimi;

420 5651 635 5719 qualem
682 5652 1000 5720 accepimus
1032 5646 1226 5701 Jouam
1270 5645 1612 5714 prophetam,
1646 5660 1675 5697 e
1702 5643 2003 5714 longinquo

421 5741 485 5793 ad
538 5743 589 5794 id
647 5740 990 5809 profectum,
1049 5737 1188 5791 nihil
1234 5737 1418 5789 minus
1481 5735 1893 5805 suspicantibus
1946 5741 2002 5787 et

425 5838 573 5887 beata
608 5838 762 5904 copit
799 5850 976 5887 rerum
1011 5831 1256 5885 omnium
1292 5847 1504 5883 sunnna
1551 5832 1601 5884 in
1646 5844 1777 5900 pate
1815 5829 1999 5881 fruen-

2112 4646 2337 4713 simum,
2366 4645 2679 4710 denuntiat,
2721 4645 2856 4700 illud
2896 4638 3076 4701 autem
3109 4657 3269 4709 tacet.
3298 4648 3572 4717 quodnam
3609 4643 3676 4699 ob

2111 4748 2364 4793 nostrum
2407 4738 2589 4793 scelus
2617 4738 2781 4805 vulgo
2813 4737 3216 4809 incompertum
3256 4755 3356 4794 nec
3381 4754 3487 4793 non
3517 4735 3675 4791 forsi-

2114 4840 2205 4886 tan
2257 4830 2696 4899 iususpicabile,
2746 4844 2809 4886 ac
2868 4830 2964 4885 ubi
3019 4829 3429 4885 manifestatum
3480 4828 3672 4889 fuerit,

2111 4935 2313 4976 novum
2367 4919 2772 4989 appariturum,
2819 4920 2912 4975 illa
2959 4920 3280 4985 desaeviant,
3323 4919 3674 4975 admiratione

2111 5008 2335 5077 dignum
2374 5023 2518 5073 esse,
2564 5015 2623 5062 ut
2675 5019 2864 5064 contra
2895 5012 3082 5077 potius
3118 5010 3497 5064 existimemus
3526 5007 3674 5061 illum

2111 5099 2361 5155 aﬂ'ectata
2393 5100 2499 5156 ista
2533 5102 2910 5158 occultatione
2937 5103 3023 5158 sui
3048 5102 3257 5172 justam
3285 5102 3443 5158 nobis
3470 5109 3675 5154 movere

2110 5191 2487 5260 suspicionem
2548 5192 2758 5247 callidae
2811 5203 3251 5264 qumstuosazque
3315 5187 3672 5261 arrogantiae,

2104 5296 2340 5337 exatnen
2389 5282 2607 5351 quidem
2651 5297 2715 5335 ac
2761 5284 3163 5340 convictionem
3201 5282 3516 5345 metuentis,
3547 5279 3591 5334 si
3619 5291 3673 5331 se

2105 5373 2216 5443 jam
2247 5387 2393 5427 nunc
2425 5370 2765 5437 ostenderet,
2795 5373 3050 5442 plausum
3083 5389 3215 5429 vero
3240 5372 3672 5428 arlrnirationem-

2108 5478 2214 5532 que
2242 5464 2563 5534 popularem
2598 5479 2723 5529 suo,
2757 5466 2850 5520 ubi
2883 5474 3157 5521 maturum
3186 5464 3373 5529 fuerit,
3403 5465 3456 5517 in
3486 5461 3670 5530 vulgus

2108 5553 2323 5609 edendo
2354 5555 2567 5610 nomini
2596 5557 2700 5611 sub
2728 5556 3044 5613 artiﬁciosis
3072 5559 3194 5614 istis
3219 5557 3434 5613 interim
3459 5552 3669 5609 latebris

2109 5643 2379 5710 parantis.
2433 5642 2557 5699 Hagc
2592 5644 2670 5698 illi
2705 5645 2786 5700 sic
2826 5645 3166 5702 disserentes
3198 5646 3339 5702 haud
3374 5644 3579 5705 molles,
3617 5646 3671 5691 ιιι

2105 5734 2286 5803 palam
2323 5744 2461 5795 erat.
2492 5752 2550 5791 se
2585 5738 2851 5805 putabant
2886 5738 3177 5794 admovere
3229 5734 3543 5809 imperatori
3579 5729 3667 5784 sti-

2109 5830 2283 5882 mulos
2333 5832 2397 5883 ad
2440 5833 2822 5900 proferendam
2859 5833 3189 5888 umniuatim
3227 5836 3491 5889 hactenus
3516 5822 3667 5881 ili-si-
