4024 6408
357 369 464 434 {Cll

1301 376 1398 436 DE
1433 373 1883 437 ANDRONICO
1910 368 2379 432 PALrEOLOGO
2427 370 2579 432 LlB.
2618 372 2718 433 ιν.

3510 365 3625 430 ίθέ

355 476 499 552 ἦσαν
532 480 952 553 παρακινυῦιτες
981 484 1075 537 καὶ
1109 485 1331 556 βασιλέα
1361 491 1421 541 τδ
1446 489 1736 560 πρόσωπον
1770 489 1936 558 ἐμφα-
1966 492 2012 549 Α
2038 484 2230 538 τούτου
2268 485 2624 553 δημηγορεῖν.
2670 483 2759 545 Ὠς
2798 467 2975 536 τοίνυν
3008 482 3068 535 τὸ
3091 482 3291 552 πλῆθος
3339 482 3367 535 ὁ
3422 499 3620 552 χρυσο-

357 570 547 637 νίζειν,
580 573 835 642 ὲμςρανεῖς
868 574 924 628 δέ
950 577 1041 629 καὶ
1062 578 1342 649 χαίροντες
1368 582 1415 633 εί
1450 580 1663 651 κριθείη
1690 581 1799 632 τῶν
1822 596 1936 633 τοι-

356 662 536 716 ούτων
575 665 778 728 ἐκεῖνος
812 667 990 731 ἄξιος,
1045 669 1180 722 Θεοῦ
1231 670 1642 743 φιλανθρωπίας
1684 671 1936 725 ἐντεῦθεν

353 753 634 824 δεχόμενοι
670 756 932 826 σύμϐολα.
973 759 1112 812 Ἀλλ’
1151 760 1179 813 ὁ
1211 762 1463 831 βασιλεὺς
1495 763 1661 826 πολὺς
1687 762 1936 831 ἐφαίνετο

353 846 455 916 τὴν
490 847 803 916 ἐχεμυθίαν,
828 848 927 919 τὴν
959 849 1067 903 τῶν
1100 851 1308 905 πολλῶν
1370 853 1623 907 ὑπόνοιαν
1674 853 1938 922 φυλαττό-

357 952 541 1002 μενος.
567 938 762 990 Ἤθελε
794 937 842 992 δ’
864 940 1211 1011 ἐνεχυράζειν
1249 944 1346 1004 τὰς
1367 943 1589 1014 γνώμας
1629 945 1736 998 τῶν
1773 945 1937 998 ἀκου-

356 1032 529 1085 όντων
559 1031 652 1083 καὶ
681 1030 761 1084 ἔτι
793 1032 1042 1104 καθαρὰς
1086 1035 1387 1104 γενομένας
1436 1036 1663 1100 πάθους,
1694 1036 1761 1088 ἵν’
1795 1035 1937 1088 οὕτω

352 1118 419 1172 τὺ
449 1121 682 1189 πρᾶγμα
709 1121 1109 1190 θαυμάσαντες,
1132 1124 1206 1186 ὡς
1236 1126 1406 1189 εἰκὸς,
1432 1127 1827 1197 παραλλάττειν
1861 1124 1936 1195 μὴ

351 1210 534 1280 ἔχοιεν
565 1213 663 1273 τὰς
688 1211 981 1281 ὁμολογίας
1010 1214 1334 1285 αξδούμενοι,
1374 1217 1441 1287 ἦν
1484 1234 1567 1280 τις
1620 1219 1678 1270 ἐν
1727 1218 1936 1286 ὑστέρῳ

351 1304 725 1372 γνιοσιμαχεῖν
746 1304 952 1373 αἱροῖτο
981 1305 1169 1374 μαθὼν
1191 1307 1252 1360 τὸ
1295 1308 1604 1379 πρόσωπον.
1664 1309 1780 1361 Κάν
1816 1309 1938 1361 τού-

348 1410 468 1456 τοις
505 1394 683 1463 ήμέρα
713 1395 811 1462 μὲν
840 1395 945 1460 ἕως
970 1397 1066 1465 ὀψὲ
1092 1398 1354 1469 διηνύετο,
1405 1398 1501 1463 νὺξ
1560 1400 1605 1452 δ’
1636 1398 1937 1451 ἐπελθοῦσα

348 1484 520 1539 καλὸν
549 1485 798 1555 ἡγεῖσθαι
825 1491 919 1541 καὶ
948 1489 1008 1542 τὸ
1035 1491 1191 1544 νυκτὶ
1242 1491 1525 1544 πείθεσθαι
1564 1492 1657 1545 καὶ
1713 1491 1936 1561 βασιλέα

346 1577 450 1629 καὶ
521 1580 644 1642 τοὺς
699 1581 837 1650 ἀμφ’
892 1563 1097 1636 ἐκεῖνον
1152 1581 1374 1636 ἔπειθε·
1416 1582 1583 1636 λύσαν
1607 1582 1652 1635 δ’
1697 1582 1937 1654 αἰψηρὴν

346 1667 583 1738 ἀγορὴν,
615 1669 777 1740 μηδὲν
806 1672 966 1725 πλέον
990 1672 1103 1726 τῶν
1121 1673 1497 1728 ἀκουσθέντων
1521 1675 1756 1745 ἔχοντες.

344 1780 462 1846 λς’.
493 1782 634 1850 Περὶ
666 1786 776 1888 τῆς
807 1783 1187 1888 δημηῃοὶρίας
1217 1788 1325 1842 τοῦ
1347 1788 1656 1888 ,θιασςξῖέως
1682 1789 1779 1843 καὶ
1822 1789 1933 1859 τῆς
1967 1829 2006 1888 Β

652 1856 804 1921 πρὸς
836 1858 943 1908 τὸν
977 1857 1334 1911 Ἀθανάσιον
1370 1860 1654 1927 ἀφίξεως.

427 1942 516 2016 [Ρ.
544 1945 670 2018 251]
707 1947 857 2017 ’Δμα
886 1949 930 2002 δ’
953 1949 1026 2019 ἕῳ
1053 1951 1394 2018 συγκαλέσας
1422 1954 1513 2005 καὶ
1546 1948 1702 2016 αὖθις
1731 1953 1759 2002 ἡ
1786 1952 1936 2023 βασι-

343 2037 478 2100 λεὺς
504 2038 566 2091 ού
598 2038 821 2102 τούτους
863 2040 1044 2109 μόνον,
1083 2042 1198 2094 ἀλλ’
1237 2044 1340 2113 ἤδη
1400 2043 1492 2097 καὶ⁸
1543 2044 1666 2097 ὅσον
1723 2039 1793 2116 ἦν
1838 2047 1936 2115 τῆς

344 2130 633 2194 πολιτείας
660 2131 895 2205 καθαρόν
943 2150 1003 2186 τε
1064 2136 1158 2187 καὶ
1203 2134 1474 2206 ἔκκριτον,
1535 2137 1645 2189 καὶ·
1671 2137 1937 2207 μοναχοὺς

346 2224 540 2295 σχεδὸν
584 2225 811 2291 πάντας,
866 2225 1009 2296 ἔγνω
1057 2229 1152 2282 καὶ
1204 2230 1365 2283 πάλιν
1409 2229 1467 2281 ἐν
1512 2229 1675 2300 κοινῷ
1713 2230 1783 2283 τὰ
1808 2231 1935 2300 περὶ

348 2340 622 2394 mulatam
676 2355 963 2410 personam
1010 2343 1140 2396 novi
1177 2342 1319 2397 vatis
1365 2344 1639 2409 monachi,
1668 2344 1932 2414 gavisuri,

346 2435 394 2487 si
430 2442 729 2503 postquam
774 2434 924 2488 vu!tu
968 2443 1022 2488 et
1050 2436 1158 2489 vita
1188 2436 1549 2501 innotuisset,
1587 2437 1833 2491 moribus
1872 2451 1937 2492 ac

347 2525 724 2579 sanctimonia
777 2525 979 2595 dignus
1015 2527 1351 2597 reperiretur
1381 2538 1543 2599 quem
1596 2527 1741 2583 haud
1790 2540 1939 2587 esset

346 2617 681 2673 incredibile
699 2618 935 2673 afﬂatum
960 2618 1135 2675 fuisse
1156 2619 1439 2688 divinitus;
1462 2621 1605 2677 unde
1620 2622 1939 2692 incipientis

345 2711 563 2781 placari
595 2726 661 2765 ac
690 2711 799 2781 jam
849 2712 1086 2782 benigne
1131 2713 1369 2770 faventis
1404 2715 1568 2771 rebus
1598 2716 1804 2771 nostris
1844 2715 1937 2771 Dei

347 2800 476 2854 laeta
521 2809 749 2870 possent
778 2803 1008 2872 auguria
1058 2811 1301 2872 captare.
1349 2802 1551 2859 Verum
1588 2806 1939 2862 Andronicus

350 2894 534 2963 magis
568 2893 852 2964 magisque
886 2894 1217 2949 oblirmabat
1249 2896 1495 2951 animum
1536 2898 1591 2952 in
1618 2899 1786 2952 astuti
1817 2914 1939 2968 per-

358 2986 671 3042 severantia
699 2986 929 3053 silentii,
968 3003 1080 3042 non
1111 2987 1374 3058 ignorans
1407 3006 1572 3060 quam
1606 2991 1937 3047 invidiosum

364 3088 503 3145 esset
537 3078 686 3148 apud
724 3079 927 3133 multos
964 3080 1366 3149 expatriarchaz
1389 3082 1677 3138 Athanasii
1712 3100 1932 3152 nomen,

2037 574 2306 645 τρίκλινος
2340 574 2440 627 οὐκ
2476 572 2697 643 ἐχώρει,
2734 570 2872 626 πολύ
2904 588 2967 641 γε
2994 572 3075 638 ὃν,
3107 570 3335 637 ἐξελθὼν
3367 572 3471 625 ἀπὸ
3526 572 3619 625 τοῦ

2035 669 2342 735 περιπάτου
2373 667 2524 735 σφῖσι
2567 663 2811 719 κάτωθεν
2845 666 3178 735 ἱσταμένοις,
3233 665 3361 734 περὶ
3415 665 3621 717 ἐκεῖνον

2034 758 2145 810 τῶν
2176 757 2336 828 ίερῶν
2359 757 2568 826 ἀνδρῶν
2594 755 2761 809 ὄντων
2801 756 2895 809 καὶ
2941 758 3064 809 ὅσον
3129 756 3419 825 βασίλειον,
3471 755 3620 808 πόλλ’

2036 850 2169 905 ἄττα
2202 849 2435 915 διεξιὼν,
2462 848 2558 902 καὶ
2585 849 2732 910 ὅπως
2747 847 2952 918 ’ἐλέχθη
2980 865 3038 900 τε
3062 847 3155 901 καὶ
3196 848 3450 917 ἐπράχθη
3493 849 3595 900 ’έκα

2038 958 2162 995 στον
2190 941 2364 994 πάντα
2397 940 2539 994 κατὰ
2566 940 2731 1011 μέρος
2768 940 3086 1010 διειληφὼς,
3123 939 3273 1009 τέλος
3334 939 3617 1009 ὑπερθαυο

2040 1024 2220 1103 μάσας
2249 1033 2348 1103 μὲν
2377 1033 2468 1086 τὸν
2498 1032 2687 1104 ἄνδρα,
2717 1031 2977 1102 κρύπτων
3021 1032 3101 1085 ἔτι
3131 1031 3390 1102 τοῦνομα,
3447 1031 3620 1099 ὑπερ-

2037 1120 2336 1192 θαυμάζειν
2367 1120 2426 1174 δέ
2456 1122 2695 1184 καὶτοὺς
2727 1121 2948 1184 λοιποὺς
2971 1122 3370 1191 ἐργασάμενος,
3426 1119 3619 1172 ἐντεῦ-

2036 1214 2127 1268 θεν
2154 1215 2214 1279 ἐξ
2240 1215 2404 1268 αὑτοῦ
2428 1208 2588 1284 λόγου
2643 1214 2760 1286 (καὶ
2819 1214 2927 1283 γὰρ
2975 1215 3273 1283 ἡτοίμαστο
3304 1213 3397 1266 καὶ
3458 1213 3619 1283 στολῇ

2035 1307 2130 1359 καὶ
2156 1304 2299 1376 ζώνῃ
2328 1306 2421 1360 καὶ
2453 1304 2741 1377 καλύπτρᾳ
2762 1306 2857 1360 καὶ
2884 1306 3245 1377 ὑποδήμασιν)
3273 1306 3479 1376 ἐξορμᾷ
3522 1305 3620 1375 μὲν

2035 1399 2241 1460 ἐκεῖνος
2271 1397 2404 1469 πεζῇ
2435 1399 2568 1466 πρὸς
2601 1398 2693 1452 τὸν
2740 1398 2878 1462 τέως
2920 1398 3222 1467 ἄγνωστον,
3281 1397 3517 1468 ἐξορμᾷν
3563 1396 3621 1450 δέ

2035 1488 2212 1541 πείθει
2233 1489 2325 1542 καὶ
2347 1489 2474 1552 τοὺς
2499 1487 2800 1552 ἐθέλοντας,
2826 1488 2887 1541 οὗ
2917 1489 3275 1556 προστάσσων
3296 1488 3619 1558 βασιλικῶς,

2036 1579 2153 1633 ἀλλ’
2183 1579 2361 1647 ἀφιεὶς
2395 1579 2610 1649 ἑκάστῳ
2641 1579 2700 1632 τὸ
2725 1579 3092 1644 αὐτεξούσιον,
3125 1580 3266 1650 πλὴν
3296 1580 3373 1650 τῷ
3418 1581 3497 1643 είς
3527 1580 3621 1633 τέ-

2035 1669 2126 1733 λος
2181 1670 2539 1723 κεκοπιακότι
2587 1671 2843 1741 μεγάλην
2878 1671 2975 1725 καὶ
3010 1671 3218 1741 ἀγαθὴν
3271 1671 3622 1742 ἐγγυώμενος

2034 1763 2132 1833 τὴν
2166 1763 2271 1816 ἀπὸ
2294 1762 2387 1815 τοῦ
2426 1762 2618 1833 ἀνδρὸς
2640 1762 2909 1831 εὐλογίαν.
2936 1763 3123 1827 "Osci;
3144 1763 3200 1816 δέ
3243 1766 3336 1817 καὶ
3367 1765 3620 1834 γέρουσιν

2036 1852 2153 1907 οὖσι
2182 1852 2504 1923 πεζοπορεῖν
2525 1852 2626 1905 ούκ
2656 1848 2745 1925 ἦν,
2774 1855 2867 1907 ἐπὶ
2896 1854 3087 1925 πηλοῖς
3150 1855 3247 1909 καὶ
3303 1855 3479 1909 ταῦτα
3526 1857 3620 1910 καὶ

2034 1942 2266 2013 τέλμασι
2294 1942 2562 2013 χειμῶνος
2592 1943 2766 2008 ὖντος,
2793 1944 3003 2007 τούτοις
3047 1946 3140 1998 καὶ
3197 1944 3379 1999 ἵππων
3405 1947 3621 1999 ἐπιϐαί-

2037 2051 2150 2086 νειν
2177 2033 2349 2103 ἠφίει.
2391 2034 2501 2087 Καί
2532 2051 2595 2102 γε
2629 2035 2836 2104 προῆγε
2869 2036 3118 2104 σημείοις
3172 2039 3282 2089 τισὶ
3316 2053 3619 2106 τεκμαιρο-

2041 2127 2231 2195 μένους
2267 2124 2334 2178 τὰ
2358 2125 2456 2194 τῆς
2470 2125 2610 2180 ὁδοῦ.
2637 2125 2818 2180 Ταῦτα
2842 2128 2933 2180 καί
2959 2144 3103 2192 τινες
3158 2128 3256 2198 μὲν
3285 2129 3393 2181 τῶν
3432 2129 3619 2199 ἀρχιε-

2042 2218 2177 2288 ρέων
2205 2220 2300 2271 καὶ
2317 2218 2425 2271 τῶν
2452 2218 2702 2289 μοναχῶν
2725 2218 3015 2289 ἔπραττον,
3033 2219 3182 2274 ἄλλοι
3209 2220 3265 2274 δέ
3288 2221 3442 2286 πεζοὶ
3471 2221 3621 2291 πεζῷ

2038 2332 2338 2399 imperator
2394 2346 2504 2386 non
2556 2332 2624 2387 iis
2679 2332 2856 2387 solum
2919 2348 3057 2403 quos
3110 2332 3282 2403 pridie
3347 2334 3621 2390 allocutus

2040 2421 2241 2486 fuerat,
2277 2424 2373 2478 sed
2409 2433 2463 2478 et
2492 2439 2521 2478 e
2561 2438 2793 2494 corpore
2839 2423 3043 2479 civium
3092 2426 3503 2483 honestissimis
3559 2442 3622 2480 ac

2039 2516 2358 2572 lectissimis
2386 2517 2723 2587 quibusque,
2756 2517 3048 2573 monachis
3092 2534 3221 2573 vero
3272 2518 3447 2574 ferm‘c
3496 2520 3620 2573 uni-

2037 2609 2235 2673 versis,
2268 2609 2511 2663 decrevit
2536 2608 2682 2678 apud
2714 2609 2821 2663 'hos
2863 2623 3053 2664 omnes
3096 2611 3165 2665 de
3194 2611 3387 2665 eodem
3421 2610 3628 2664 iterum

2041 2708 2370 2771 argumento
2401 2716 2586 2769 agere,
2623 2717 2730 2756 non
2769 2709 2828 2755 ut
2856 2701 2970 2755 beri
3003 2702 3360 2759 familiaribus
3387 2704 3628 2759 interro-

2041 2794 2358 2864 gationibus
2410 2808 2474 2848 ac
2514 2794 2831 2864 promiscuo
2871 2794 3169 2865 colloquio,
3219 2797 3316 2851 sed
3359 2806 3620 2866 perpetua

2040 2901 2070 2942 e
2102 2886 2225 2941 loco
2253 2886 2547 2957 superiori,
2587 2897 2851 2958 tanquam
2888 2887 2954 2942 ad
2990 2887 3337 2949 concionem,
3369 2890 3633 2944 habenda-

2040 2979 2310 3034 oratione.
2344 2980 2480 3034 Cum
2519 2985 2701 3034 autem
2736 2980 3149 3037 multitudinem
3183 2995 3314 3035 sane
3341 2974 3631 3049 ingentem

2041 3084 2266 3124 aureum
2298 3070 2600 3125 triclinium
2630 3086 2738 3126 non
2770 3082 3018 3141 caperet,
3054 3086 3118 3126 ex
3150 3073 3470 3128 ambulacro
3498 3090 3633 3126 sese-

355 3181 410 3226 et
439 3171 681 3226 orituras
706 3170 853 3233 inde,
885 3171 1050 3225 simul
1076 3171 1127 3227 id
1153 3171 1293 3228 foret
1319 3173 1676 3242 declaratum,
1704 3178 1758 3231 in
1789 3176 1932 3233 hanc
1961 3164 2004 3229 C
2039 3160 2346 3232 proferens.
2395 3161 2715 3231 ιιδδεηείιυθ
2760 3163 2909 3218 Circa
2967 3178 3027 3218 δε
3074 3174 3336 3232 quantum
3375 3173 3492 3219 erat
3525 3182 3631 3229 εθτ

351 3272 526 3317 totam
569 3264 691 3332 ejus
740 3264 1152 3334 praedictionem
1200 3266 1546 3336 suspiciones
1597 3285 1929 3339 przecavens.
1988 3315 1993 3319 ρ

348 3350 622 3406 Voluerat
672 3363 854 3408 autem
900 3356 1008 3408 isto
1053 3353 1330 3423 colloquio
1379 3366 1589 3412 tentare
1632 3375 1699 3413 an
1749 3369 1933 3429 posset

344 3443 558 3498 elicere
586 3443 1011 3499 admirationem
1048 3444 1407 3516 favoremque
1441 3451 1797 3513 audientium.
1813 3467 1935 3522 quae

344 3544 613 3590 narraret
663 3550 791 3605 erga
844 3536 990 3590 istud
1040 3537 1220 3605 ipsum
1269 3539 1351 3594 sic
1398 3541 1543 3595 nude
1588 3545 1933 3613 prOpositum

346 3625 702 3695 vaticinium,
750 3625 868 3680 sine
919 3627 1162 3681 auctoris
1196 3631 1554 3697 expressione
1597 3632 1933 3693 oﬂ‘ensiones

345 3726 573 3774 veteres
624 3717 981 3783 refricatura,
1036 3729 1213 3784 ratus,
1247 3722 1290 3775 si
1336 3722 1438 3777 hoc
1480 3738 1931 3795 consequeretur,

346 3810 678 3864 habiturum
729 3824 788 3865 se
831 3809 931 3864 ista
978 3810 1061 3865 sic
1113 3812 1387 3866 declarata
1420 3814 1474 3868 in
1508 3832 1623 3870 rem
1662 3818 1937 3876 abstracto

346 3901 530 3971 ipsam
565 3901 744 3956 studia
775 3916 874 3971 pro
900 3902 1123 3970 pignore
1150 3903 1541 3959 vincendarum
1573 3922 1601 3960 a
1633 3907 1730 3961 tali
1766 3925 1932 3965 sensu

345 3994 752 4063 praeoccupatis
788 3993 1121 4063 privatarum
1146 3995 1214 4049 ab
1236 3996 1541 4052 Athanasio
1559 4001 1932 4070 aversionum;

350 4099 591 4153 quarum
612 4083 980 4153 przejudicatis
1007 4084 1297 4140 affectibus
1325 4087 1586 4142 incitandi
1613 4092 1935 4147 videbantur

352 4176 419 4230 ad
458 4176 857 4245 reprobandam
902 4176 1066 4248 366
1115 4179 1627 4249 impediendamth
1670 4192 1933 4253 quantum

354 4277 587 4338 possent
641 4269 762 4337 ejus
806 4270 1211 4324 restitutionem
1247 4271 1302 4324 in
1340 4274 1792 4342 patriarchatum,
1830 4277 1933 4333 nisi

353 4361 570 4432 pudore
609 4358 849 4429 quodam
901 4359 1161 4427 levitatis,
1192 4377 1260 4415 ne
1301 4364 1515 4417 resilire
1556 4364 1872 4421 dicerentur
1904 4382 1931 4420 a

352 4454 527 4510 seruet
576 4459 796 4507 ostensa
846 4453 1141 4519 sententia,
1176 4451 1358 4507 favere
1393 4454 1715 4509 nominatim
1747 4457 1932 4528 agnito

353 4551 649 4614 pergerent
707 4543 928 4606 eidem,
997 4559 1157 4611 quem
1225 4543 1365 4598 citra
1430 4547 1928 4603 nomenclationem

347 4637 653 4692 iudicatum
691 4634 1055 4701 admiratione
1105 4650 1165 4690 se
1216 4637 1360 4691 ultro
1404 4638 1657 4708 dignatos
1704 4640 1930 4709 applau-

353 4743 530 4796 suque
566 4727 972 4781 meminissent.
1002 4726 1099 4782 His
1127 4728 1271 4782 ultro
1297 4730 1551 4800 citroque
1584 4733 1932 4790 sermonibus

353 4820 443 4874 die
491 4819 547 4872 in
596 4818 837 4873 solidum
889 4832 1153 4886 expensa,
1185 4833 1317 4895 .nox
1361 4824 1753 4890 superveniens
1784 4824 1931 4878 nocti

349 4911 549 4966 cedere
582 4909 899 4979 imperatori
931 4920 984 4964 et
1014 4910 1137 4965 aliis
1175 4911 1371 4966 suasit.
1422 4911 1724 4968 Solverunt
1763 4915 1933 4984 igitur

348 5007 614 5072 celerem,
674 5014 743 5079 ut.
780 5014 937 5075 poeta
981 5006 1247 5075 loquitur,
1298 5018 1650 5075 conventum,
1686 5012 1789 5065 hoc
1826 5021 1929 5077 est,

347 5099 446 5168 qui
482 5098 609 5152 licet
638 5106 750 5152 tota
786 5096 874 5151 die
922 5096 1205 5165 durasset,
1248 5100 1622 5168 praefestinato
1671 5103 1933 5159 dimissus

346 5190 525 5245 videri
556 5197 795 5259 poterat,
825 5190 1085 5257 quoniam
1116 5190 1480 5245 dirimebatur
1507 5192 1732 5260 infecto,
1774 5195 1932 5264 cujus

352 5281 564 5350 gratia,
612 5288 667 5333 et
714 5287 841 5332 voto
893 5281 1249 5335 convocantis
1298 5282 1562 5353 Augusti,
1617 5286 1930 5352 eoiverant,

348 5374 599 5443 negotio.
649 5370 801 5426 Nihil
852 5373 997 5426 enim
1050 5373 1193 5426 ultra
1246 5388 1441 5429 sonum
1479 5391 1613 5430 aure
1645 5388 1932 5447 acceptum

343 5467 682 5536 jactatorum
723 5464 853 5518 hinc
906 5464 1033 5519 inde
1085 5466 1373 5522 verborum
1424 5466 1646 5522 domum
1685 5470 1935 5547 plerique

347 5558 682 5614 retulerunt.

348 5672 440 5729 36.
474 5671 547 5726 De
570 5672 815 5724 concione
840 5671 1176 5754 imperaturis
1225 5682 1280 5727 et
1319 5672 1645 5742 profectione
1672 5674 1741 5726 ad
1765 5672 1934 5727 Atha-

1029 5759 1260 5796 uastum.

424 5832 680 5888 Diluculo
721 5850 884 5905 porro
934 5847 1166 5904 postera:
1214 5835 1344 5904 diei,
1394 5835 1712 5892 convocatis
1745 5850 1932 5892 rursus

2036 3269 2257 3308 crorum
2283 3254 2568 3309 hominum
2601 3261 2654 3308 et
2683 3254 2910 3324 palatini
2937 3254 3254 3323 comitatus,
3303 3240 3632 3313 adstantcm‘

2037 3345 2272 3401 inferius
2322 3346 2647 3402 confertam
2680 3345 2896 3400 turbam
2941 3357 3053 3400 tum
3103 3347 3212 3402 alia
3268 3349 3515 3416 quzedam
3545 3340 3631 3431 ad;

2038 3451 2265 3506 Scopum
2302 3436 2717 3490 accommodata
2766 3436 3052 3504 disseruit,
3097 3446 3209 3491 tum
3242 3440 3633 3508 prmdictionisf

2040 3527 2208 3582 totius
2239 3528 2486 3584 ordinem
2533 3528 2908 3598 particulatim
2942 3532 3214 3599 exposuit,
3258 3544 3525 3586 enarrans
3555 3522 3633 3584 ut.é

2040 3618 2283 3688 quidque
2334 3619 2682 3689 exploratum
2739 3628 2906 3692 atque
2965 3632 3186 3687 actum,
3230 3623 3623 3678 demonstrans

2039 3714 2203 3781 quam
2238 3727 2347 3766 non
2378 3710 2530 3784 facin
2557 3713 2912 3777 credulitate,
2960 3714 3056 3771 sed
3107 3725 3234 3786 post
3281 3725 3488 3771 certum
3520 3704 3633 3795 ἀει-ξ

2039 3819 2188 3858 mum
2238 3803 2680 3873 experimentum
2736 3818 2965 3866 eventus
3002 3810 3303 3876 manifesti,
3355 3804 3633 3865 vaticinio'

2038 3896 2111 3951 sit
2152 3894 2286 3950 fides
2336 3896 2605 3952 adhibita.
2641 3896 2883 3953 Tandem
2926 3898 2981 3953 in
3025 3901 3439 3957 admirationem
3473 3892 3632 3973 pro-i

2039 4002 2301 4057 rumpens
2370 4003 2682 4053 summam,
2752 3992 3141 4062 praeconiaque
3185 3994 3285 4048 viri
3344 3996 3437 4063 qui
3489 3996 3619 4054 talia

2038 4080 2340 4148 prmvidere
2390 4095 2840 4153 praemonereque
2887 4086 3157 4153 potuisset
3202 4085 3382 4156 (cujus
3429 4094 3615 4141 tamen

2038 4173 2216 4228 adhuc
2262 4173 2461 4228 silebat
2501 4174 2724 4243 nomen)
2762 4174 2818 4228 in
2870 4177 3199 4231 immensum
3253 4184 3631 4249 exaggerans,‘

2039 4266 2206 4320 motis
2259 4265 2371 4334 jam
2431 4266 2778 4323 auditoribus
2828 4275 2882 4323 et
2931 4267 2985 4322 in
3034 4284 3220 4339 parem
3261 4271 3433 4341 ignoti
3475 4274 3629 4330 vatis-

2037 4358 2451 4413 admirationem
2500 4359 2715 4425 tractis,
2766 4374 2831 4415 ex
2875 4360 2994 4430 ipso
3051 4367 3303 4432 protinus
3358 4379 3617 4419 sermone

2038 4451 2184 4522 (nam
2214 4450 2281 4505 ad
2314 4454 2415 4506 hoc
2440 4452 2553 4522 jam
2583 4459 2741 4507 antea
2770 4454 2931 4514 stola,
2965 4470 3124 4520 zona,
3161 4467 3371 4526 tegmen
3405 4456 3613 4527 regium

2035 4543 2251 4612 capitis,
2291 4544 2663 4599 ealceamenta
2713 4558 3016 4617 prmparata
3048 4547 3284 4618 fuerant)
3317 4551 3419 4603 iter
3448 4549 3614 4619 pedes

2036 4635 2153 4703 ipse
2206 4652 2498 4706 aggressus
2534 4646 2620 4693 est
2670 4640 2739 4693 ad
2788 4641 3191 4696 innominatum
3234 4643 3396 4713 367
3436 4643 3614 4704 illum.
3680 4658 3693 4690 κ

2034 4727 2280 4783 invitans
2326 4738 2384 4784 ut
2435 4745 2495 4785 se
2538 4731 2632 4801 qui
2667 4734 2877 4787 vellent
2904 4743 3294 4804 sequerentur,
3344 4743 3619 4805 praecepto

2034 4833 2145 4874 non
2181 4820 2526 4891 interposito,
2575 4823 2677 4879 sed
2718 4840 2815 4878 sua
2849 4825 3047 4893 cuique
3081 4826 3250 4881 libera
3276 4827 3475 4882 relicta
3521 4841 3618 4882 vo.

2033 4913 2268 4979 luntate,
2302 4923 2562 4970 caztemm
2597 4918 2815 4972 cunctis
2848 4933 2987 4985 quos
3016 4918 3258 4973 labarent
3294 4920 3457 4975 istius
3489 4935 3617 4989 pros

2036 5005 2291 5062 fectionis
2346 5006 2591 5075 perferre
2647 5007 2714 5063 ad
2765 5018 3075 5063 extremum
3138 5024 3249 5064 non
3302 4999 3630 5079 piguisset,

2035 5099 2228 5167 amplae
2247 5098 2514 5153 mercedis
2540 5099 2663 5154 loco
2684 5099 3033 5168 despondens
3061 5114 3307 5171 magnam
3336 5110 3388 5156 et
3414 5101 3618 5156 bonam

2032 5190 2137 5243 viri
2171 5190 2290 5259 ejus
2331 5191 2655 5245 admirandi
2689 5192 3147 5248 benedictionem.
3197 5193 3253 5248 Si
3303 5196 3396 5265 qui
3427 5203 3623 5251 autem-

2036 5281 2191 5337 senio
2236 5281 2446 5337 debiles
2500 5283 2657 5352 sequi
2708 5284 2941 5353 pedibus
2988 5287 3322 5355 nequirent,
3374 5288 3620 5341 maxime

2035 5374 2228 5429 lutosis
2249 5382 2304 5428 et
2333 5382 2390 5427 ut
2424 5375 2476 5428 in
2497 5375 2634 5429 urbe
2662 5384 2809 5429 tanta
2840 5391 2934 5445 per
2958 5376 3191 5432 hiemem
3221 5392 3379 5432 como
3404 5377 3619 5446 passim

2035 5464 2264 5519 lubricis
2293 5474 2348 5519 et
2377 5464 2719 5521 deformibus
2746 5467 2960 5534 plateis,
2991 5468 3077 5521 his
3108 5478 3165 5522 ut
3200 5483 3367 5537 equos
3395 5471 3608 5523 inscen-

2035 5557 2231 5610 derent
2280 5559 2553 5627 permisit.
2607 5558 2687 5613 lta
2743 5559 2860 5628 ipse
2902 5561 3135 5630 praeiens
3167 5560 3397 5614 ducebat
3435 5560 3620 5630 signis

2029 5647 2143 5716 jam
2171 5663 2201 5703 e
2233 5649 2566 5719 quibusdam
2606 5649 2983 5717 coniectantes
3010 5666 3120 5721 quo
3146 5651 3229 5704 via
3255 5651 3607 5719 dirigeretur.

2036 5737 2206 5808 Equis
2254 5755 2388 5809 ergo
2421 5740 2505 5795 usi
2538 5748 2668 5794 sunt
2713 5739 3098 5811 episcoporum
3132 5749 3185 5794 et
3213 5727 3619 5799 menachorum

2036 5829 2310 5901 quidam:
2370 5832 2565 5903 reliqui
2622 5828 2832 5901 pedites
2899 5830 3134 5900 peditem
3186 5832 3619 5889 asscetabanzue
