4024 6412
306 355 409 415 41ῗῦ

1267 363 1363 422 DE
1405 362 1857 423 ANDRONICO
1891 355 2360 420 PALEOLOGO
2392 353 2538 415 LlB.
2573 353 2645 415 V.

3464 343 3593 406 408’"

303 466 548 531 γίνεσθαι
612 466 825 531 πάντως
877 469 1127 542 ἀνάγκην
1171 466 1333 526 εἶναι.
1372 471 1511 526 Οὔτε
1559 473 1605 525 δ’
1645 472 1886 532 ἐκείνους
1917 472 1964 531 Α
1992 470 2161 534 τίξειν
2189 467 2336 528 είκὸς
2366 460 2508 517 εἶναι
2545 463 2637 516 καὶ
2670 465 2808 514 κατὰ
2841 458 2902 512 τὸ
2932 456 3161 512 δυνατὸν
3205 451 3569 518 συνασπίζειν

299 556 425 609 οὔτε
460 558 609 620 τινάς
660 560 754 612 τοῦ
792 560 922 615 λαοῦ
978 564 1305 633 προσιόντας
1361 566 1599 633 εὐλόγει,
1651 565 1812 634 μόνον
1836 563 1887 616 δ’

298 647 470 701 ἐδίδου
502 650 603 720 τὴν
638 653 818 722 χεῖρα,
875 653 969 708 καὶ
1017 656 1077 708 ὲν
1125 657 1468 727 πληροφορίᾳ
1503 659 1601 727 τῆς
1630 658 1885 724 εὐλογίας

298 740 634 809 ἠσπάζοντο.
678 744 811 797 Τότε
862 746 1155 818 τοιγαροῦν
1209 750 1277 803 τὰ
1331 752 1518 802 εἰκότα
1554 750 1884 819 διαλαλήσας

295 832 396 885 καὶ
418 832 791 903 ἐπευξάμενος
825 837 1030 891 ἀπέλυε
1065 838 1157 893 τὸν
1190 839 1341 895 λαόν.
1376 840 1523 911 Πλὴν
1553 842 1647 894 καὶ
1674 841 1880 894 ἀπολυ-

294 926 503 980 θέντων
539 929 606 982 τὰ
655 931 828 985 πολλὰ
880 931 1041 1002 ἐῴκει
1070 935 1400 1004 φροντίζειν,
1435 937 1762 1007 πρρδιοικῶν
1796 938 1883 989 ὲν-

292 1018 489 1072 τεῦθεν
540 1020 609 1074 τὰ
641 1023 784 1076 κατὰ
826 1022 1049 1095 θέλησιν
1082 1026 1294 1096 βαθέως
1331 1030 1424 1082 καὶ
1452 1030 1528 1091 ὡς
1571 1030 1672 1082 οὐκ
1705 1029 1772 1083 ἄν
1797 1047 1884 1092 τις

286 1110 433 1180 ᾤετο
460 1112 568 1164 τῶν
593 1113 771 1176 ἄλλως
823 1118 1022 1188 ἐκείνῳ
1062 1121 1460 1191 προσεχόντων.
1497 1123 1778 1192 Πρόφασις
1821 1121 1879 1176 δὲ

284 1203 395 1270 τῆς
427 1204 709 1273 φροντίδος
740 1208 772 1274 ἡ
805 1208 942 1277 πρὸς
981 1210 1242 1280 ἀλλήλους
1286 1213 1450 1283 δῆθεν
1479 1215 1663 1267 ἀδικία
1694 1213 1791 1266 καὶ
1827 1213 1881 1266 τὸ

283 1295 405 1347 ὧν
434 1298 780 1370 μικροτέρων
810 1301 940 1364 τοὺς
989 1304 1213 1371 μείζους
1245 1306 1689 1375 κατωφρυῶσθαι
1720 1306 1812 1360 καὶ
1842 1309 1875 1372 ἡ

283 1387 406 1439 τῶν
441 1388 772 1457 κρειττόνων
800 1390 887 1462 [Ρ.
920 1392 1049 1463 257]
1078 1397 1213 1463 πρὸς
1240 1396 1454 1450 ἀδικίαν
1494 1397 1657 1468 ῥοπὴ,
1694 1397 1768 1467 μὴ
1798 1397 1885 1450 δν-

289 1495 398 1540 τος
418 1479 515 1532 τοῦ
533 1484 646 1544 τοῖς
681 1487 898 1554 μικροῖς
921 1488 1332 1557 παρισταμένου
1357 1490 1451 1543 καὶ
1468 1489 1881 1559 πολυωροῦντος

278 1569 422 1630 τοὺς
454 1575 965 1643 καταπονουμένους
987 1578 1213 1648 δυνάμει
1241 1580 1533 1650 κρείττονι.
1573 1580 1768 1635 Ἔνθεν
1794 1598 1878 1635 τοι

278 1662 390 1715 καὶ
424 1662 681 1732 βασιλεὺς
725 1668 911 1731 ἐνδοὺς
960 1670 1133 1741 τούτῳ
1162 1672 1445 1743 ἀξιωτέρῳ
1474 1691 1533 1727 τε
1562 1675 1878 1744 φαινομένῳ

1995 561 2076 631 τῷ
2103 560 2387 629 πάσχοντι.
2424 552 2534 610 Ἦν
2573 554 2617 608 δ’
2646 551 2897 607 ἐντεῦθεν
2933 551 2994 617 ἐξ
3025 550 3276 619 ἀνάγκης
3309 551 3403 603 καὶ
3441 563 3577 617 προ-

1994 652 2304 720 οδοποίησις
2341 649 2491 718 σφίσι
2529 646 2665 718 πρὸς
2698 647 2834 716 ὅπερ
2868 646 2975 716 ἄρα
3006 646 3099 699 καὶ
3121 644 3385 710 πράττειν
3409 638 3577 713 ἠϐούο

1991 741 2168 805 λοντο,
2204 740 2240 794 ἃ
2274 740 2396 792 τότε
2424 739 2524 810 μὲν
2546 738 2878 800 ὲπειλύοντο,
2906 736 3133 806 ὕστερον
3163 736 3219 789 δὲ
3252 736 3345 789 καὶ
3365 732 3578 801 διεφαί-

1992 851 2165 896 νοντο,
2199 833 2290 885 ὅτε
2334 832 2434 884 οὐκ
2483 827 2551 901 ἦν
2586 831 2996 899 ἀναλαμϐάνειν
3018 831 3085 882 τὰ
3112 829 3373 896 δεδομένα
3400 827 3575 889 τινάς.

1993 923 2160 977 Ὅθεν
2190 922 2288 976 καὶ
2335 922 2552 993 ἡμέρας
2583 922 2821 991 ἑκάστης
2853 920 2909 986 ἐξ
2942 920 3164 975 ἑωθινοῦ
3192 919 3287 973 καὶ
3316 920 3374 982 ὲς
3406 917 3579 972 νύκτα

1991 1014 2186 1085 ἀνέδην
2216 1015 2283 1069 τὰ
2314 1015 2452 1085 πρὸς
2487 1015 2673 1067 ἐκεῖνα
2706 1013 3025 1085 ποιούμενοι
3059 1013 3363 1083 ἄνθρωποι,
3395 1012 3442 1063 οἱ
3480 1010 3603 1080 μὲν»

1991 1109 2132 1163 κατά
2160 1110 2350 1179 χρείαν
2376 1107 2805 1178 ὲγκλητεύοντες
2841 1108 3098 1178 κρίσεως,
3157 1100 3576 1175 μετακαλουμέ·

1990 1218 2082 1254 νου
2123 1203 2216 1255 καὶ
2241 1201 2334 1255 τοῦ
2365 1201 2812 1268 ἀντιδικήσοντος
2846 1200 2933 1252 ἐπ’
2961 1197 3150 1262 αὑτοῦ,
3180 1197 3448 1250 συνόντων
3476 1195 3574 1248 καί

1988 1307 2156 1345 τινων
2183 1291 2493 1363 ἀρχιερέων
2515 1292 2813 1361 ἐκρίνοντο,
2843 1291 2893 1344 οί
2924 1290 2979 1343 δὲ
3010 1290 3293 1361 μεσιτείας
3319 1290 3420 1359 τῆς
3442 1289 3594 1360 πρὸς

1992 1381 2221 1453 βασιλέα
2252 1383 2413 1454 χάριν
2453 1382 2821 1453 ποτνιώμενοι
2876 1383 3181 1450 φακέλλους
3230 1383 3580 1453 γραμμάτων

1988 1472 2215 1536 ἐδίδουν,
2255 1473 2354 1525 καὶ
2392 1474 2424 1542 ἡ
2458 1473 2693 1526 ἑκάστου
2724 1472 2974 1543 ἀναφορά
3020 1479 3099 1540 τῷ
3134 1470 3428 1541 κρατοῦντι
3456 1471 3577 1522 ἐνε-

1987 1563 2286 1635 χειρίζετο.
2335 1558 2448 1618 Ἤν
2499 1564 2557 1616 δὲ
2610 1564 2707 1616 καὶ
2738 1564 2957 1633 φροντὶς
2990 1563 3205 1633 βασιλεῖ
3231 1561 3576 1626 τούντεῦθεν,

1986 1657 2111 1710 ἐπεὶ
2129 1656 2194 1710 τὰ
2217 1652 2312 1708 τοῦ
2361 1654 2606 1709 Ἰωάννου
2644 1655 2974 1724 καθυφεῖντο
3007 1654 3067 1709 τδ
3089 1656 3197 1708 ἀπὸ
3223 1654 3378 1708 τοῦδε
3410 1656 3505 1708 καὶ
3527 1656 3581 1707 οί

279 1753 404 1805 τῶν
430 1754 611 1827 ἄλλων
629 1757 723 1808 τοῦ
750 1760 1057 1828 ἐπαρήγειν
1110 1763 1511 1833 ἀδικουμένοις,
1564 1765 1881 1834 ἀνοιγνύναι
1984 1749 2122 1811 τέως
2175 1745 2459 1808 δοκοῦντες
2512 1745 2887 1816 παρίστασθαί
2942 1747 2991 1799 oi
3049 1745 3261 1799 ἕκλινον
3295 1746 3398 1817 ἥδη
3440 1745 3579 1816 πρὸς

278 1842 391 1895 τοῦ
423 1842 615 1898 λοιποῦ
655 1846 752 1910 τὰς
803 1849 975 1912 πύλας
1006 1852 1221 1906 κελεύει
1244 1856 1339 1908 καὶ
1374 1857 1701 1925 προσιόντας
1725 1858 1877 1928 δέχε-
1912 1838 1954 1893 Β
1997 1843 2343 1906 Ἀθανάτων,
2387 1841 2712 1913 συμπείθειν
2737 1843 3020 1912 ἀρχιερεῖς
3065 1840 3161 1894 καὶ
3192 1841 3421 1907 ἀνάγειν
3455 1856 3578 1892 πει·

282 1934 449 1999 σθαι,
486 1937 596 1989 εἴτε
627 1941 769 1993 κατά
818 1958 939 1994 τινα
999 1943 1179 2014 κρίσιν
1214 1946 1431 2015 προσίοι
1488 1960 1574 2010 τις
1625 1949 1738 2002 εἴτε
1787 1950 1883 2003 καὶ

281 2025 441 2077 κατά
475 2030 755 2095 μεσιτείαν
777 2031 874 2102 τὴν
894 2031 1029 2101 πρὸς
1056 2034 1218 2087 αὐτόν
1237 2049 1252 2063 ·
1280 2035 1373 2089 τὸν
1406 2036 1515 2108 γὰρ
1537 2025 1881 2106 ἐπαλγοῦντα

284 2118 538 2187 γνησίως
575 2122 693 2184 ταῖς
728 2127 1061 2215 συμφοραῖς,
1090 2127 1301 2180 ἐκεῖνον
1329 2129 1423 2182 καὶ
1446 2130 1688 2200 γνησίως
1721 2148 1885 2201 φρον-

288 2296 494 2352 Deum.
550 2299 791 2371 Indeque
842 2303 952 2360 illis
1006 2307 1364 2363 nihilominus
1414 2309 1773 2375 instantibus,
1820 2328 1886 2368 ea

290 2387 489 2441 vultus
543 2390 934 2448 obtirmatione
968 2410 1078 2465 qua
1125 2412 1239 2452 rem
1275 2398 1381 2453 sibi
1417 2401 1579 2470 plane
1605 2401 1885 2457 decretam

290 2492 621 2534 asseverare
647 2481 948 2549 videretur,
994 2486 1168 2540 edixit
1209 2490 1353 2543 haud
1384 2491 1545 2547 aliter
1574 2495 1801 2549 omnino
1829 2512 1889 2553 se

291 2575 583 2624 acturum.
625 2569 842 2626 Manum
887 2574 1158 2632 duntaxat
1189 2582 1444 2647 praebuit,
1479 2599 1645 2653 quam
1673 2601 1887 2653 omnes,

292 2660 458 2729 quasi
520 2662 965 2721 benedictionem
1034 2668 1158 2737 ejus
1207 2679 1472 2727 contactu
1534 2678 1890 2747 percepturi,

295 2763 620 2810 reverenter
669 2757 1084 2815 osculabantur.
1138 2760 1310 2819 Paulo
1355 2774 1480 2835 post
1524 2770 1772 2837 qiuedam
1820 2770 1889 2824 ad

298 2852 523 2914 tempus
558 2849 978 2905 accommodata
1022 2853 1368 2922 prolocutus,
1402 2855 1648 2925 beneque
1673 2860 1893 2916 cunctis

304 2946 583 3005 precatus,
629 2938 842 2996 dimisit
897 2944 1183 3012 populum,
1223 2947 1316 3001 sed
1358 2950 1431 3001 ita
1467 2957 1526 3002 ut
1558 2964 1750 3006 ansam
1784 2953 1892 3009 sibi

311 3029 455 3082 velut
476 3032 773 3098 quamdam
802 3045 1049 3091 servaret
1079 3038 1146 3092 ad
1179 3053 1302 3093 eum
1334 3042 1741 3109 attrahendum,
1774 3045 1888 3115 jam

1994 1935 2195 2005 ρὶσθαι
2224 1933 2326 2005 ἤδη
2356 1931 2455 2003 τῆς
2484 1931 2824 2001 προστασίας
2855 1930 3265 2002 ἐπειλημμένον
3309 1929 3578 2000 ἀναδοχῆς

1994 2028 2155 2099 χάριν
2177 2027 2277 2096 τῆς
2310 2026 2399 2079 ἐπ’
2429 2024 2872 2095 ἀνθρώποις.κα¹ί
2894 2025 3150 2096 κρίσεως.
3184 2022 3579 2092 Μετελάμϐανε

1992 2122 2102 2193 γὰρ
2159 2120 2324 2174 αὐτὸν
2377 2119 2472 2173 καὶ
2535 2120 2568 2189 ἡ
2621 2119 2732 2172 τῶν
2787 2119 2993 2172 λοιπῶν
3025 2118 3371 2191 πραγμάτων
3420 2113 3581 2178 ἐλπὶς

1995 2302 2485 2373 intorteperplexa
2519 2300 2959 2357 subtexebantur
2993 2317 3008 2354 :
3046 2297 3315 2368 explicata
3338 2299 3586 2365 postmo-

1995 2394 2122 2449 dum
2155 2369 2348 2450 eadeni
2368 2392 2745 2462 expanderunt
2776 2404 2920 2454 sese,
2951 2388 3159 2442 retibus
3188 2381 3585 2453 velutqufbus-

1991 2482 2113 2540 dam
2167 2484 2302 2539 adeo
2341 2482 2454 2552 jam
2494 2481 2605 2535 late
2655 2495 2719 2534 ac
2778 2478 2960 2533 valide
2990 2472 3597 2548 comprehendentibus

1998 2582 2221 2640 euncta,
2255 2584 2317 2630 ut
2344 2574 2439 2646 qui
2467 2587 2592 2630 sero
2623 2587 2683 2628 se
2713 2579 2904 2641 captos
2930 2568 3278 2624 advertentcs
3304 2565 3590 2620 retrahere

1998 2673 2283 2722 tentarent
2328 2675 2644 2735 temereque
2693 2678 2964 2718 concessa
3014 2674 3336 2723 resumere,
3382 2658 3599 2713 frustra

1997 2758 2414 2815 contenderent.
2441 2754 2517 2810 Ex
2545 2756 2648 2811 hoc
2673 2769 2801 2826 ergo
2824 2754 3016 2809 diebus
3037 2752 3267 2823 singulis
3290 2766 3320 2804 a
3343 2747 3607 2804 diluculo-

2003 2851 2070 2905 ad
2103 2857 2322 2905 noctem
2372 2848 2527 2903 densi
2573 2848 2754 2919 palam
2803 2860 3111 2902 concursus
3144 2843 3325 2899 omnis
3371 2840 3609 2910 generis-

2001 2944 2284 2997 hominum
2322 2941 2387 2995 ad
2427 2940 2793 2996 Athanasium
2848 2937 3301 3006 celebrabantur,
3351 2934 3584 2988 aliorum

2002 3036 2422 3107 provocantium
2472 3035 2541 3091 ab
2578 3033 2785 3104 iniquis
2820 3032 3024 3104 quibus
3073 3045 3132 3087 se
3179 3030 3607 3086 circumventos

311 3134 453 3175 nunc
495 3125 891 3183 subosmntans
938 3144 999 3184 se
1045 3146 1135 3187 res
1177 3132 1298 3200 ejus
1326 3134 1489 3191 enixe
1517 3136 1571 3189 in
1608 3145 1893 3207 posterum
1922 3148 1968 3214 ρ
1996 3127 2225 3200 judiciis
2259 3128 2478 3183 aiebant
2513 3127 2623 3200 (bis
2667 3125 3098 3182 subveniebatur
3143 3123 3354 3184 statim,
3396 3119 3590 3174 adver-

303 3215 581 3272 curandas
615 3225 670 3273 et
698 3219 975 3277 desideria
1002 3224 1311 3295 solatiaque
1345 3231 1689 3295 procuranda
1719 3233 1891 3289 susci-

294 3318 453 3375 pere.
480 3310 542 3361 in
580 3325 692 3379 quo
717 3312 869 3368 senis
899 3320 1154 3384 apparuit
1181 3320 1385 3373 astutia
1422 3321 1602 3390 major
1642 3324 1892 3391 quaedam

294 3413 361 3454 ac
391 3398 726 3469 profundior
754 3419 921 3474 quam
952 3414 1032 3468 ut,
1069 3408 1161 3476 qui
1195 3408 1262 3463 de
1295 3405 1469 3479 ipsius
1508 3412 1688 3469 obiter
1722 3415 1897 3486 agniti

294 3492 659 3562 simplicitate
707 3497 936 3552 minime
984 3499 1188 3554 callida
1233 3504 1649 3572 persuasionem
1694 3506 1894 3562 indue-

296 3595 452 3649 rant,
496 3595 711 3642 tantum
750 3589 804 3644 in
837 3605 903 3645 eo
942 3594 1081 3646 artis
1104 3607 1169 3647 ac
1202 3596 1414 3665 sagacis
1444 3596 1730 3653 industria:
1756 3600 1896 3655 resi-

297 3675 437 3731 dere
497 3679 742 3747 potuisse
814 3697 1057 3751 unquam
1130 3685 1564 3754 suspicarentur.
1624 3688 1896 3747 Praefatus

296 3766 565 3822 videlicet
596 3768 777 3838 palam
805 3779 936 3826 tunc
967 3781 1052 3828 est
1078 3774 1222 3829 scire
1250 3790 1375 3831 sese
1403 3792 1657 3848 magnam
1685 3782 1892 3850 passim

297 3858 353 3913 in
402 3861 829 3929 oppressionem‘
851 3864 1026 3933 plebis
1067 3866 1283 3923 miserae
1307 3868 1632 3939 injuriarum
1672 3873 1896 3941 impune

296 3958 587 4013 licentiam
622 3962 887 4030 grassari,
921 3963 1227 4034 majoribus
1268 3967 1530 4034 minores,
1566 3969 1895 4029 fortioribus

300 4049 700 4109 imbecilliores
747 4055 1150 4124 obterentibus,
1202 4072 1272 4115 eo
1304 4062 1451 4130 quod
1485 4069 1638 4117 tutor
1666 4064 1889 4135 inopum

301 4144 542 4200 exsistat
566 4145 775 4203 nullus.
806 4146 917 4204 Has
950 4163 1009 4204 se
1048 4150 1153 4205 sibi
1189 4159 1370 4220 partes
1402 4154 1546 4210 ultro
1572 4155 1895 4227 deposcere,

304 4236 818 4295 circumventorum
875 4255 906 4295 a
960 4244 1364 4312 potentioribus
1407 4247 1894 4319 protegendorum.

302 4329 440 4397 Quae
485 4346 729 4400 praesens
782 4332 1086 4403 imperator
1130 4339 1311 4392 statim
1347 4337 1587 4394 obnoxie
1631 4356 1894 4412 compro-

303 4422 470 4485 bans,
507 4435 696 4493 ageret
723 4438 857 4481 sane
881 4441 942 4482 se
978 4427 1185 4484 libente
1212 4443 1278 4484 ac
1307 4431 1584 4501 cupiente,
1613 4435 1894 4504 reposuit:

2004 3219 2168 3276 sa'riis
2213 3234 2405 3275 eorum
2453 3219 2844 3290 judicibusqne
2890 3216 3109 3284 citatis;
3156 3224 3212 3270 et
3248 3230 3280 3269 e
3312 3212 3605 3270 sententia-

2003 3313 2370 3384 quorumdam
2404 3311 2779 3368 adbibitorum
2814 3312 2884 3367 ab
2914 3309 3219 3365 Athanasio
3254 3308 3587 3373 antistitum,

2006 3419 2152 3459 novo
2200 3404 2429 3476 judicio,
2483 3403 2786 3459 secundum
2823 3409 2950 3456 vota
2979 3399 3462 3471 conquerentium,
3493 3412 3590 3452 ve-

2002 3506 2117 3552 tera
2156 3495 2649 3569 rescindcbantur),
2684 3496 3075 3566 plerorumque
3108 3494 3403 3565 impetrare
3428 3490 3596 3561 quiti-

2004 3588 2149 3657 piam
2202 3588 2270 3642 ab
2309 3587 2559 3656 Augusto
2608 3585 3011 3642 intercessione
3042 3593 3152 3640 tam
3179 3583 3406 3655 gratiosi
3442 3582 3591 3652 apud

2003 3680 2185 3749 ipsum
2245 3678 2524 3751 sequestri
2579 3678 2963 3751 cupientium,
3030 3677 3358 3749 libellosque
3416 3676 3481 3732 ad
3537 3672 3590 3731 id

1953 3772 2391 3841 ‘elferentium;
2457 3772 2705 3844 qualium
2768 3772 2925 3829 densi
2990 3774 3169 3828 fasces
3232 3771 3466 3827 subinde
3524 3770 3591 3824 ad

2002 3867 2394 3937 imperatorem
2430 3865 2845 3931 deferebantur,
2891 3865 3011 3937 ipso
3057 3865 3294 3921 libenter
3342 3871 3597 3918 sumente

2003 3957 2252 4029 singulos
2295 3959 2354 4013 in
2392 3972 2621 4013 manum
2674 3967 2728 4013 et
2772 3965 3027 4029 prompte
3066 3971 3133 4013 ac
3171 3956 3402 4027 benigne
3431 3970 3593 4023 expe-

2007 4050 2211 4106 diente.
2260 4050 2438 4106 Cursu
2498 4060 2609 4106 tam
2662 4062 2936 4122 prospero
2999 4060 3166 4105 eunte
3218 4048 3593 4104 restitutionis

2005 4144 2292 4200 Athanasii
2355 4145 2619 4216 negotio,
2688 4133 2997 4216 adjiciendi'
3033 4142 3084 4199 ei
3145 4144 3593 4214 quamprimum,

2004 4239 2150 4311 quod
2191 4255 2359 4294 unum
2421 4240 2487 4295 ad
2540 4238 2861 4295 eoronidem
2913 4236 3096 4292 adhuc
3156 4238 3383 4302 deerat,
3449 4233 3597 4290 acris

2004 4318 2136 4388 cura
2164 4333 2336 4388 subiit
2371 4333 2786 4405 imperatorem.
2823 4329 3057 4387 Videbat
3090 4332 3139 4387 is
3174 4328 3591 4400 refrixissejam

2005 4427 2152 4497 apud
2188 4441 2382 4481 omnes
2411 4426 2709 4497 plurimum
2752 4425 2986 4495 gratiam
3016 4424 3271 4491 Joannis,
3315 4438 3415 4479 nec
3445 4425 3598 4478 mul-

304 4513 361 4569 id
393 4530 454 4569 se
477 4515 592 4585 jam
621 4532 770 4571 nunc
799 4518 899 4581 illi,
927 4520 1176 4576 omnium
1209 4523 1333 4578 viso
1357 4523 1426 4578 ad
1453 4524 1559 4580 hoc
1586 4527 1893 4596 aptissimo,
1927 4517 1973 4573 D
2002 4529 2116 4574 tum
2143 4519 2263 4589 ejus
2287 4518 2449 4573 modo
2470 4518 2861 4590 neglectissimi
2887 4526 3201 4587 respectum
3227 4516 3590 4579 obstiturum,

306 4605 596 4676 imponere
626 4608 887 4675 otlicium,
924 4612 1297 4679 cognoscendi
1326 4614 1646 4672 vexationes
1675 4617 1898 4671 tenuio-

306 4713 433 4752 rum
497 4699 678 4770 iisque
733 4701 1066 4771 epitulandi.
1125 4702 1310 4770 Quare
1366 4705 1520 4763 fores
1570 4709 1636 4763 de
1693 4717 1898 4766 caetero

308 4793 577 4861 panderet
623 4792 907 4850 destitutis
938 4796 1199 4866 praesidio
1240 4799 1530 4870 passisque
1560 4801 1896 4858 calumniam

307 4885 671 4941 admittendis
715 4886 1141 4959 audiendisque,
1176 4889 1342 4960 370
1372 4891 1490 4948 sive
1519 4893 1642 4962 quis
1667 4893 1900 4951 aﬂlictus

309 4979 506 5048 iniquo
536 4977 749 5047 judicio
779 4981 1183 5037 restitutionem
1224 4983 1278 5037 in
1322 4984 1597 5053 integrum
1638 4987 1898 5056 postulet,

311 5089 414 5128 seu
479 5074 838 5141 imperatoria
889 5074 1146 5145 indigens
1206 5078 1381 5145 gratia
1439 5093 1662 5134 suarum
1716 5080 1783 5135 ad
1837 5096 1900 5137 se

309 5182 542 5238 precum
593 5167 869 5222 eﬂicacem
919 5167 1164 5238 requirat
1214 5169 1594 5241 interpretem.
1631 5169 1767 5225 Nam
1803 5174 1898 5243 qui

309 5262 393 5316 sic
431 5275 543 5329 prae
577 5276 636 5316 se
665 5259 808 5314 ferat
837 5274 902 5316 ex
950 5264 1139 5316 animo
1173 5263 1470 5330 condolere
1501 5277 1561 5317 se
1597 5263 1899 5320 infelicium

316 5355 605 5419 a-rumnis,
663 5354 788 5424 quis
838 5369 907 5409 eo
957 5355 1022 5410 ad
1075 5356 1198 5437 illas
1243 5355 1613 5411 sublevandas
1665 5358 1907 5413 inveniri

314 5456 484 5518 queat
538 5445 761 5516 aptior?
806 5444 933 5501 Haec
966 5448 1149 5503 locuto
1194 5461 1380 5501 coram
1431 5448 1686 5506 omnibus
1734 5449 1905 5505 Atha-

316 5544 501 5604 nasia,
534 5550 590 5594 et
631 5541 698 5594 ad
747 5553 810 5594 ea
863 5541 956 5593 tali
1008 5541 1240 5610 Augusti
1290 5554 1554 5608 responso
1603 5556 1634 5596 a
1684 5543 1904 5598 cunctis

313 5631 523 5701 pariter
580 5629 795 5690 audito.
852 5630 978 5695 quis
1031 5646 1140 5684 non
1194 5630 1452 5700 intelligit
1495 5641 1702 5700 quanta
1738 5631 1906 5687 fuerit

315 5719 716 5775 Athanasianis
753 5718 987 5774 facultas
1019 5720 1203 5774 addita
1234 5735 1322 5775 res
1356 5721 1600 5790 ipsorum
1623 5736 1723 5791 pro
1750 5723 1905 5778 libito

319 5808 933 5881 prmnovetnli?-Atquc
984 5810 1089 5865 iata
1144 5810 1383 5865 involuta
1434 5820 1564 5866 tunc
1597 5811 1818 5881 quidem
1849 5821 1905 5867 ot

2002 4614 2303 4685 quominus
2340 4612 2406 4668 ad
2437 4613 2832 4680 Athanasium,
2862 4628 2975 4684 quo
3009 4612 3277 4667 inclinare
3311 4611 3589 4666 fautorum

2000 4704 2234 4761 Joannis
2266 4704 2373 4775 ipsi
2417 4705 2703 4775 principes
2745 4704 2858 4775 jam
2893 4713 3085 4775 aperte
3120 4712 3424 4775 coeperant,
3457 4719 3601 4757 una-

2000 4798 2140 4852 nimi
2186 4797 2375 4853 cuncti
2422 4811 2654 4853 assensu
2705 4796 3112 4852 incumberent.
3152 4795 3602 4867 Vocatos’igitur

2001 4889 2295 4959 episcopos
2321 4888 2573 4945 studiose
2623 4888 2906 4960 Augustus
2941 4888 3176 4958 urgebat
3202 4887 3269 4943 ad
3306 4902 3422 4942 rem
3454 4888 3592 4944 adeo

2002 4981 2276 5037 hactenus
2329 4990 2646 5052 provectam
2695 4981 2859 5052 plene
2909 4980 3132 5037 tandem
3173 4980 3607 5037 absolvendam-

2002 5073 2232 5127 inivisse
2284 5073 2405 5141 jam-
2451 5072 2821 5129 Athanasium
2885 5072 3296 5143 possessionem
3351 5071 3594 5142 patriar-

2004 5165 2202 5221 chstus
2234 5165 2393 5236 371
2430 5181 2628 5236 magna
2659 5181 2722 5221 ea
2756 5181 2823 5220 ex
2858 5173 3016 5236 parte
3067 5165 3237 5222 istius
3276 5165 3436 5221 ollicii
3469 5178 3592 5237 quae

2004 5256 2072 5311 ad
2101 5256 2442 5326 judiciorum
2468 5256 2872 5313 correctionem
2899 5256 3469 5328 intercessionemquc
3492 5270 3617 5326 prox

2005 5348 2298 5418 egentibus
2340 5363 2443 5419 ope
2470 5350 2775 5418 pertineret
2806 5367 2820 5405 :
2863 5365 2932 5405 ne
2966 5359 3362 5406 cunctarentur
3391 5362 3591 5403 nomen

2005 5446 2053 5497 el
2098 5442 2465 5512 thronnmque
2495 5444 2828 5512 patriarchae
2863 5443 3128 5514 adjicere,
3158 5444 3317 5515 cujus
3343 5442 3603 5497 ministra--~

2006 5536 2152 5588 rium
2186 5536 2441 5606 impleret
2474 5537 2833 5593 laboriosiori
2856 5539 2969 5609 jam
2999 5553 3066 5593 ex
3097 5545 3275 5608 parte.
3323 5537 3501 5604 Atque
3529 5542 3592 5589 ut

2010 5626 2063 5680 in
2100 5641 2167 5680 eo
2200 5628 2377 5698 magis
2422 5629 2712 5699 magisque
2757 5631 3089 5691 eniteretur,
3142 5628 3437 5696 instigabat
3479 5627 3592 5680 An-

2008 5717 2302 5773 dronicum
2336 5734 2463 5789 spes
2490 5720 2739 5789 quadam
2772 5714 3146 5775 curandorum
3194 5717 3444 5787 protinus
3470 5714 3591 5786 (Dei

2011 5811 2223 5868 St'iiiCCl
2254 5826 2355 5881 opc
2390 5827 2487 5881 per
2528 5811 2635 5895 ipsi
2667 5812 3052 5868 cbarissimum
3079 5810 3439 5865 Athanasium
3467 5822 3601 5862 mox
