4024 6408
446 291 554 360 407
1622 323 1667 381 C
1679 325 1876 385 EURG
1890 328 1912 385 Ι
1927 330 1943 384 ι
1992 330 2181 392 l’ACll
2197 335 2296 395 YM
2308 336 2346 393 Ε
2358 338 2474 396 RzE

447 415 648 488 ἀγαθὴ,
670 418 745 480 ὡς
775 422 972 477 αὐτίκα
1002 418 1060 480 εὖ
1087 431 1398 500 σχησόντων
1425 438 1473 490 εἱ
1498 439 1917 513 ἁποκαθιστῷτο
1950 446 2027 516 τῷ

447 506 622 578 θρόνῳ
695 510 1037 581 Ἀθανάσιος.
1070 522 1177 574 Καὶ
1207 525 1484 597 ἀρχιερεῖς
1518 532 1720 601 συνῆγε
1768 506 1862 589 καὶ
1892 506 2024 607 κλῆζ

448 613 542 691 ρον
573 601 665 691 καὶ
694 606 984 675 μοναχοὺς,
1018 611 1113 662 καὶ
1141 612 1240 675 τὰς
1278 616 1383 684 μὲν
1420 621 1736 691 συσκέψεις,
1795 627 1843 678 εί
1872 601 2028 679 ἀνελ-

447 687 562 741 θεῖν
590 690 722 758 δέοι,
753 698 906 765 παρὰ
939 698 1143 767 φαῦλον
1176 700 1289 758 οἷον
1334 708 1566 776 ἐτίθετο,
1611 715 1886 770 πιστεύων
1912 720 2028 782 τοῖς

444 775 713 877 πρότριτια
735 795 749 809 ·
781 782 958 877 ούδᾳεὶς
982 788 1090 859 γὰρ
1144 793 1254 844 τῶν
1284 775 1594 867 ἀρχιερέων
1642 798 1712 871 ἦν
1741 804 1889 869 ὅστις
1928 775 2027 877 ἆμζ

3635 353 3745 414 408

2057 458 2103 512 Α
2131 451 2352 519 ἀργίαν,
2382 455 2505 508 καθ’
2536 457 2628 520 οὓς
2656 458 2745 511 καὶ
2788 460 2945 526 ἄλλος
2993 465 3293 527 κακνικῶς
3333 466 3634 529 καταστὰς
3668 468 3742 528 ὡς

2132 542 2299 595 αὐτοῦ
2329 561 2391 610 γε
2425 550 2908 617 παραιτησαμένου
2933 550 3002 633 ei
3034 552 3133 620 τῆς
3167 553 3518 624 Ἐκκλησίας
3561 556 3740 609 διίθυ-

2131 648 2241 696 νεν,
2269 633 2328 685 ὃν
2366 634 2485 687 οὐδὲ
2516 637 2724 690 δίκαιον
2754 635 2893 694 εἶναι
2926 640 2983 694 ἐν
3011 643 3124 703 τοῖς
3169 642 3475 710 μισθωτοῖς
3519 662 3743 714 παρεγ-

2131 725 2439 793 γράφεσθαι
2464 732 2555 782 καὶ
2578 730 2651 793 ὡς
2687 732 2760 801 μὴ
2781 736 3001 801 γνήσιον
3020 733 3393 799 ὀϐελίζεσθαι,
3416 737 3517 788 ἐπὶ
3549 737 3743 790 τοσού-

782 819 954 895 ἶᾌνςι»
992 819 1090 894 [:‘i’
1144 819 1254 895 τωγ
1284 819 1594 895 αρχιερεςυν
1642 819 1712 871 ην
1741 821 1889 869 οστις
1928 819 2027 877 ᾱμ’
2130 834 2243 878 τοις
2295 819 2442 871 ἔτεσι
2492 822 2590 891 τὴν
2667 823 2993 893 Ἐκκλησίαν
3046 826 3350 895 κατέχοντα
3383 827 3484 880 καί
3511 844 3581 894 γε
3646 830 3742 881 καὶ

507 862 521 880 π
1025 877 1036 894 ⁸
1236 883 1248 899 ν
1453 862 1463 867 -
1665 862 1677 871 ,
1869 862 1882 869 -
1969 862 1981 877 ,
2142 862 2241 878 --η
2295 862 2442 871 ---η
2501 862 2585 891 ..μ
2684 862 2990 893 ..ηηηηυηη
3048 862 3350 895 nam"...
3385 862 3484 880 ην..
3524 862 3581 894 ,ε
3646 862 3738 881 ηιη

447 862 570 990 is?"
589 868 696 990 ἄαὶ
745 871 935 990 μαθὼν
985 894 1103 990 ’τηςθ1
1138 900 1364 990 πξωτην
1416 890 1637 949 ἐκείνην
1665 894 1906 964 ἡμέραν.
1925 900 2024 969 οὐχ
2130 908 2391 974 πλείστας
2421 915 2753 981 χειροτονίας
2797 917 3126 971 τελέσαντα·
3164 920 3309 971 δυοῖν
3341 921 3463 989 γὰρ
3497 922 3738 990 θάτερον

1686 955 1719 963 ,,
1781 955 1793 964 ,
1892 955 1904 962 ,
1992 955 2023 969 η
2137 955 2286 962 ηπ---
2305 955 2388 974 -.Ἰ
2422 955 2750 981 Λ--ισν-ν-κ,
2808 955 3093 971 -υηθνυδνυυιι
3164 955 3309 971 υννθν
3354 955 3463 989 [ergo
3499 955 3738 990 νυιυιιινν

443 955 758 1076 ῗπῗκλίνωῖ
776 964 873 1076 τὴῖ
902 970 1145 1076 ξξφαλὴν
1171 974 1248 1038 ὡς
1264 983 1632 1076 ,πατριάρχην
1682 987 1895 1057 ἐδέχετο
1930 992 2026 1043 καὶ
2130 1000 2468 1068 ξυμϐαίνειν,
2499 1003 2531 1073 ἢ
2555 1004 2716 1058 αὐτὸν
2741 1007 2839 1075 μὲν
2865 1008 3204 1062 δικαιοῦσθαι
3230 1012 3501 1065 κάκεῖνον
3536 1014 3597 1065 ἐν
3619 1016 3739 1076 τοῖς

442 1045 641 1140 ἤπειγε
695 1054 794 1121 τὴν
829 1056 1123 1114 ἀνάϐασιν·
1157 1069 1285 1135 περὶ
1331 1045 1509 1125 δὲ-τού
1685 1045 1899 1133 ἀνέλθοι
1930 1083 2024 1135 καὶ

441 1138 596 1238 πότε,
631 1142 679 1238 εί
705 1144 842 1210 τέως
890 1148 1132 1223 θελήσει,
1173 1158 1249 1222 ὡς
1287 1159 1440 1231 ἔλεγε
1464 1166 1589 1233 (τὸν
1623 1138 1732 1238 γὰρ
1772 1169 2025 1236 Ἰωάννην

440 1230 774 1339 ὑπερεώρων
816 1241 927 1339 ,καὶ
975 1246 1021 1298 οἱ
1074 1248 1215 1312 τέως
1271 1230 1715 1331 προσκείμενοι),
1774 1230 2024 1339 [Ρ.

441 1322 694 1391 συνάγων
724 1328 932 1397 ἠρώτα.

443 1437 510 1501 β’.
543 1438 678 1505 Περὶ
712 1442 821 1497 τοῦ
868 1444 989 1500 τῶν
1036 1449 1362 1530 ἀρχιερέων
1413 1456 1514 1509 ἐπὶ
1571 1460 1649 1524 τῷ
1700 1463 2027 1530 Ἀθανασίῳ

1052 1522 1419 1591 σχέο-ματος.

524 1600 828 1699 ἈΑρχιερεῖς
846 1608 913 1699 se
944 1610 1107 1682 μέχρι
1140 1614 1239 1684 μὲν
1267 1617 1483 1690 ἐκείνης
1504 1621 1601 1691 τῆς
1635 1626 1861 1694 πρώτης
1884 1630 2021 1699 ἡμέ-

444 1705 540 1759 ρας
570 1691 790 1763 θερμῶς
816 1693 985 1767 εἶχον,
1025 1702 1121 1754 καὶ
1170 1705 1447 1775 μηδεμιᾶς
1487 1715 1903 1785 προσπαιούσης
1934 1719 2020 1770 ὲνο

440 1780 588 1845 νοὶας
638 1785 687 1837 οἱ
736 1788 1063 1855 ἁπεναντίας
1104 1796 1219 1858 τοῖς
1268 1794 1553 1867 λογισμοῖς
1605 1802 1798 1875 ὲκεένῳ
1837 1808 2018 1870 καλῶς
2051 1796 2094 1850 Β

438 1875 863 1967 προσεφέροντο.
890 1876 1027 1936 Εἶτα
1057 1882 1112 1936 δὲ
1157 1886 1250 1939 καὶ
1294 1886 1573 1960 λογισμῶν
1603 1892 1823 1967 βασάνῳ
1845 1898 2016 1951 διδόν-

438 1978 528 2061 τες
557 1963 616 2017 τὸ
645 1967 900 2037 πρᾶγμα,
925 1973 977 2024 οί
1013 1973 1112 2042 μὲν
1143 1978 1237 2029 καὶ
1270 1974 1429 2042 αὖθις
1460 1982 1712 2051 ἐνέμενον
1746 1963 1861 2050 τοῖς
1885 2008 2018 2061 προ-

435 2054 618 2123 τέροις
669 2059 764 2111 καὶ
800 2063 898 2125 τὰς
933 2064 1019 2116 ἐπ’
1080 2067 1273 2139 ἐκείνῳ
1318 2073 1493 2140 ῥοπὰς
1518 2076 1870 2145 ἀνεπὰλαιον,
1922 2087 2017 2137 καὶ

438 2147 684 2215 προῆγον
723 2150 818 2218 μὲν
871 2157 1234 2225 παραιτήσεις
1264 2161 1349 2227 ἐφ’
1384 2158 1467 2225 οἷς
1519 2164 1692 2217 ἐποίει
1723 2169 1843 2221 τότε
1870 2170 2017 2242 ἀπᾴ-

438 2238 610 2305 δουσι,
666 2244 981 2311 προέτεινον
1027 2250 1082 2301 δὲ
1117 2251 1208 2303 καὶ
1239 2252 1334 2323 τὴν
1368 2254 1460 2306 ἐπὶ
1504 2258 1778 2323 τοσούτοις
1803 2264 2017 2332 χρόνοις

440 2430 499 2474 ut
534 2423 580 2476 is
642 2426 817 2481 sacris
883 2441 1146 2499 praeesset
1184 2437 1556 2515 impetranda)
1622 2451 1729 2496 tam
1777 2447 2017 2515 graviter

442 2515 712 2574 hactenus
763 2521 1065 2581 laborantis
1119 2529 1193 2581 rei
1242 2531 1475 2598 publicas
1527 2537 1836 2595 vulnerum.
1869 2541 2016 2613 Ergo

439 2610 585 2665 haud
643 2616 898 2672 cessabat
963 2634 1277 2678 convocans
1321 2621 1633 2697 episcopos,
1696 2633 1903 2689 clerum
1951 2610 2016 2691 vet

439 2703 760 2761 monachos.
800 2704 1011 2772 Quibus
1061 2713 1114 2765 in
1162 2714 1398 2771 cmtibus
1441 2735 1543 2773 nec
1569 2722 1646 2775 vel
1679 2723 1858 2791 primo
1894 2726 2015 2795 qui~

436 2794 558 2849 dem
596 2809 757 2853 tenus
786 2800 956 2857 dubio
986 2803 1116 2859 illud
1144 2807 1198 2859 in
1228 2807 1680 2866 deliberationem
1706 2794 2013 2871 vocandum

436 2880 685 2956 putabat,
724 2903 986 2960 possetne
1023 2896 1078 2950 in
1111 2899 1371 2955 thronum
1423 2902 1761 2961 Athanasius
1810 2910 1913 2962 rite
1952 2925 2017 2965 ac

437 2980 741 3035 secundum
783 2999 1026 3042 canones
1075 2989 1196 3044 sine
1237 2992 1342 3045 alia
1384 2998 1729 3061 promotione
1773 3003 2012 3069 regredi.

437 3068 617 3126 fretus
666 3074 931 3130 nimirum
968 3093 1145 3148 nuper
1172 3097 1200 3134 a
1229 3097 1288 3137 se
1317 3084 1472 3139 visis.
1506 3068 2013 3149 Observaraticnim

436 3164 526 3219 die
554 3164 667 3230 illa,
697 3182 805 3236 qua
832 3177 915 3222 est
939 3171 1159 3239 agnitus
1187 3181 1248 3227 ut
1272 3175 1511 3231 vaticinii
1533 3190 1728 3234 auctor
1751 3191 1807 3236 et
1831 3185 2017 3241 aditus

435 3257 799 3324 Athanasius,
843 3265 1118 3318 neminem
1153 3266 1541 3335 episcoporum
1572 3271 1749 3329 fuisse
1780 3278 1898 3345 qui,
1938 3278 2016 3331 si-

434 3350 549 3403 mul
580 3351 736 3406 illum
767 3354 921 3421 vidit,
955 3371 1059 3410 non
1092 3367 1150 3412 ut
1179 3359 1548 3427 patriarcbam
1578 3365 1819 3421 demisso
1840 3371 2019 3440 capite

433 3454 729 3500 veneratus
786 3445 970 3516 fuerit,
1027 3467 1135 3505 non
1195 3452 1441 3522 ejusdem
1497 3460 1905 3517 restitutionem
1960 3465 2013 3519 in

433 3532 697 3590 thronum
748 3541 982 3605 ,urserit.
1041 3542 1177 3599 illud
1245 3549 1424 3601 solum
1490 3552 1839 3608 consultabat
1890 3571 2013 3610 cum

433 3622 695 3679 Patribus
727 3628 1100 3695 Andronicus,
1139 3647 1248 3699 quo
1291 3645 1449 3704 pacto
1477 3647 1529 3690 et
1561 3640 1782 3707 quando
1813 3656 2015 3695 conve-

434 3717 579 3772 niret
629 3721 835 3775 resumi
890 3726 1315 3794 patriarcbalem
1363 3730 1688 3800 dignitatem
1741 3737 1809 3789 ab
1850 3723 2018 3790 Atha-

433 3811 615 3878 nasio,
649 3812 923 3884 siquidem
954 3817 1082 3887 (hoc
1104 3821 1248 3874 enim
1282 3824 1571 3894 subdebat)
1601 3826 1798 3881 adduci
1828 3838 2016 3899 pOSs‘ct

435 3915 496 3958 ut
528 3905 581 3961 id
615 3907 799 3962 vellet.
843 3908 918 3966 De
955 3911 1059 3970 hoc
1091 3929 1200 3968 uno
1234 3919 1540 3972 sententias
1575 3922 1797 3991 rogabat
1824 3938 2014 3977 eorum

435 4015 579 4067 quos
637 4004 1032 4072 congregabat,
1075 4005 1239 4074 plane
1278 4004 1519 4063 securus'
1551 4008 1800 4076 Joannis,
1851 4028 2014 4081 quem

435 4089 506 4145 ab
537 4091 606 4146 iis
642 4107 864 4163 quoque
894 4094 986 4165 qui
1026 4094 1298 4151 hactenus
1335 4099 1668 4168 perstudiosi
1704 4100 1821 4166 eius
1852 4118 2018 4172 appa—

432 4172 684 4239 ruissent
731 4187 1040 4258 neglectum
1078 4187 1194 4256 jam
1247 4200 1607 4261 spretumque
1663 4194 2014 4262 opinabatur.

539 4277 594 4330 2.
629 4275 705 4331 De
740 4279 1021 4333 schismate
1044 4282 1408 4348 episcoporum
1443 4282 1504 4335 ob
1535 4283 1907 4339 Athanasium.

502 4385 678 4442 Porro
714 4389 957 4458 episcopi
991 4398 1107 4444 toto
1136 4390 1231 4444 illo
1271 4394 1450 4461 primo
1488 4394 1598 4457 die,
1659 4393 2016 4462 flagrantibus

2129 1090 2304 1152 νόθοις
2332 1088 2497 1156 εἶναι,
2534 1094 2567 1164 ἢ
2598 1094 2703 1165 μὴν
2735 1098 3037 1161 κανονικῶς
3071 1103 3462 1165 καταστάντος
3513 1102 3734 1157 ἐκείνου

2127 1185 2222 1239 καὶ
2253 1190 2554 1252 κανονικῶς
2586 1193 2938 1262 ἐνεργοῦντος
2961 1195 3123 1250 αὐτὸν
3155 1197 3211 1249 ἐν
3247 1197 3463 1269 ἱερεῦσι
3499 1201 3601 1252 καὶ
3628 1216 3736 1253 πα-

2126 1277 2418 1346 τριάρχαις
2456 1281 2589 1349 μηδὲ
2620 1281 2682 1334 τὸ
2707 1280 2973 1351 παράπαν
2998 1284 3335 1353 λογίζεσθαι.
3363 1288 3735 1358 Ἐρῤᾳδιουρ-

2127 1372 2377 1437 γημένην
2400 1371 2458 1423 δὲ
2491 1374 2583 1425 καὶ
2604 1374 2702 1443 τὴν
2734 1375 2872 1442 ὑπὲρ
2918 1376 3026 1428 τῶν
3065 1378 3454 1447 ἀδικουμένων
3499 1379 3734 1444 ἀξίωσιν

2128 1458 2492 1527 ύπετόπαζον,
2547 1463 2622 1527 ὡς
2671 1465 2849 1519 αὐτίκ’
2905 1467 2971 1520 ἂν
3006 1471 3099 1522 καὶ
3139 1471 3269 1532 τοὺς
3310 1470 3729 1540 συντρέχοντας

2126 1553 2355 1619 πολλοὺς
2393 1551 2534 1609 εἶναι
2573 1558 2825 1629 βοηθείας
2878 1562 3041 1615 ἕνεκα
3097 1566 3195 1633 τῆς
3254 1563 3399 1632 πρὸς
3455 1563 3553 1615 τὸν
3586 1580 3730 1633 κρα-

2124 1647 2345 1711 τοῦντα,
2379 1649 2474 1703 καὶ
2527 1651 2626 1721 τὴν
2654 1652 2756 1721 τῆς
2803 1658 3144 1722 προστασίας
3171 1656 3340 1724 τιμὴν
3374 1654 3726 1724 eammeam

2124 1737 2184 1802 ἐξ
2220 1740 2517 1807 ἀναγκαίου
2548 1743 2895 1812 συμϐαίνειν,
2924 1746 3028 1798 κᾶν
3059 1746 3134 1817 μὴ
3164 1748 3316 1813 σφίσι
3344 1747 3566 1813 δοκοίη.
3589 1749 3723 1815 Διχῆ

2125 1824 2217 1881 οὖν
2237 1830 2633 1900 διαιρουμένων
2652 1833 2761 1885 τῶν
2786 1835 3107 1904 ἀρχιερέων,
3139 1840 3232 1888 καὶ
3271 1836 3386 1889 τῶν
3423 1836 3721 1906 ἠδικῆσθαι

2127 1919 2218 1972 καὶ
2260 1921 2381 1973 τότε
2425 1922 2535 1976 τῶν
2564 1925 2714 1991 ἱερέα
2749 1930 3045 1995 κρινόντων
3084 1930 3177 1981 καὶ
3217 1929 3382 1991 αὖθις
3434 1929 3723 1983 δικαιούν-

2122 2027 2231 2063 των
2261 2010 2583 2079 ἀνάγεσθαι,
2611 2007 2686 2065 ὧν
2718 2030 2867 2077 τινες
2901 2017 2949 2068 εί
2978 2017 3069 2069 καὶ
3094 2017 3192 2081 τῆς
3219 2018 3441 2071 ἐκείνου
3477 2035 3724 2088 χειροτο-

2127 2100 2243 2162 νίας
2273 2094 2437 2170 ἦσαν,
2471 2100 2586 2154 ἀλλ’
2619 2100 2714 2155 οὖν
2761 2103 3024 2174 ὑποσχεῖν
3058 2104 3311 2172 εὐθύνας,
3353 2108 3405 2159 εί
3465 2110 3723 2170 κάκεῖνος

2126 2190 2211 2261 [Ρ.
2237 2189 2366 2263 259]
2397 2191 2564 2260 θέλοι,
2595 2194 2825 2257 ἑαυτοὺς
2854 2194 3147 2261 ἐδικαίουν,
3167 2196 3277 2250 τῶν
3323 2198 3389 2251 δὲ
3423 2198 3556 2269 μηδ’
3586 2200 3722 2262 ὅλως

2124 2284 2468 2353 ἀνεχομένων
2498 2284 2748 2356 δέχεσθαι
2773 2286 2892 2357 ἅμα
2919 2289 3021 2357 μὲν
3050 2290 3575 2361 παραιτησάμενον,
3605 2290 3721 2360 ἅμα

2123 2481 2296 2540 esset,
2343 2474 2600 2546 ultroque
2630 2488 2931 2545 agnoscere
2959 2474 3125 2528 alium
3175 2474 3279 2529 sibi
3315 2475 3433 2528 rite
3473 2472 3723 2543 deposito

2124 2569 2389 2622 canonice
2428 2567 2739 2630 suffectum,
2784 2568 2876 2637 qui
2924 2576 3081 2622 tanto
3125 2578 3388 2635 tempore
3439 2569 3565 2622 sine
3616 2569 3717 2618 ulla

2123 2669 2299 2715 status
2321 2660 2719 2725 controversia,
2749 2668 2843 2714 aut
2866 2659 3194 2729 cujusquam
3223 2658 3403 2714 dubio
3447 2660 3583 2728 quin
3625 2673 3716 2711 ve-

2123 2768 2220 2807 rus
2272 2761 2463 2821 pastor
2503 2760 2684 2815 esset,
2731 2750 3034 2806 Ecclesiam
3084 2751 3504 2820 gubernasset;
3552 2765 3708 2820 quem

2124 2844 2370 2916 profecto
2413 2856 2489 2900 tot
2516 2848 2628 2915 jam
2659 2846 2822 2901 annis
2863 2845 2975 2899 veri
3013 2845 3250 2914 pastoris
3292 2842 3712 2898 existimatione

2123 2941 2482 3009 praepositum
2536 2938 2815 3004 Ecclesiae,
2863 2936 3158 3006 multisque
3199 2936 3429 2991 interim
3478 2933 3705 2989 ordina-

2126 3030 2368 3087 tionibus
2415 3031 2803 3098 perfunetum,
2850 3040 3077 3099 repente
3122 3041 3275 3082 nunc
3320 3027 3454 3082 albo
3496 3041 3705 3096 expun-

2123 3133 2272 3178 ctum
2322 3123 2615 3192 przesulum
2658 3123 3026 3192 legitimorum
3077 3120 3443 3175 mercenariis
3494 3118 3705 3173 adscri-

2119 3217 2268 3281 bere,
2296 3216 2366 3271 ab
2391 3216 2651 3285 aequitate
2694 3215 3015 3285 rationeque
3048 3213 3217 3269 videri
3240 3213 3563 3282 plurimum
3610 3213 3701 3263 ab—

2120 3307 2375 3361 horrens.
2405 3305 2646 3359 Duorum
2669 3305 2839 3375 igitur
2858 3306 3090 3357 alterum
3114 3302 3341 3357 aiebant
3367 3303 3421 3357 in
3447 3299 3705 3357 confesso

2119 3400 2311 3455 haberi
2347 3414 2471 3455 esse
2512 3412 2768 3461 necesse,
2803 3405 2898 3451 aut
2936 3398 3029 3466 jus
3075 3409 3267 3450 verum
3319 3393 3704 3466 patriarchalis

2119 3494 2347 3548 honoris
2379 3493 2481 3547 hoc
2510 3491 2780 3547 decennio
2806 3504 2971 3560 penes
3003 3487 3374 3542 Athanasium
3409 3485 3700 3548 resedisse,

2118 3586 2308 3654 sisque
2356 3583 2624 3639 Joannem
2674 3583 2808 3636 nihil
2853 3582 3023 3637 fuisse
3065 3579 3174 3634 nisi
3221 3580 3482 3649 spurium
3529 3579 3702 3632 intru-

2120 3691 2351 3746 Suntque
2400 3677 2796 3745 patriarcham,
2845 3686 2940 3729 aut
2998 3684 3190 3728 contra
3240 3672 3395 3727 hunc
3440 3670 3702 3727 canonice

2120 3779 2427 3838 acceptam,
2472 3770 2736 3823 canonice
2770 3766 3086 3822 exercuisse
3135 3764 3564 3835 patriarcbalem
3605 3772 3700 3828 po-

2120 3871 2409 3926 testatem;
2443 3875 2509 3915 ex
2558 3873 2669 3929 quo
2715 3859 2788 3914 sit
2828 3858 3119 3912 manifeste
3160 3870 3513 3924 consequens
3556 3852 3699 3922 prio-

2119 3970 2233 4009 rem
2272 3954 2424 4009 illurn
2474 3954 2769 4010 sacerdotii
2798 3954 2922 4008 talis
2953 3969 3016 4009 ac
3042 3953 3331 4025 dignitatis
3358 3953 3532 4008 fuisse
3572 3958 3699 4004 tunc

2118 4050 2337 4120 penitus
2358 4060 2659 4119 expertem.
2698 4050 2776 4103 Ad
2806 4049 2920 4103 haec
2945 4048 3203 4103 subolere
3225 4047 3331 4101 sibi
3375 4046 3621 4101 fraudem
3646 4049 3699 4095 et

2119 4141 2317 4195 malam
2359 4141 2516 4195 fidem
2548 4142 2766 4196 aiebant
2806 4140 2859 4194 in
2901 4141 3026 4204 ista,
3055 4155 3175 4211 quae
3206 4139 3533 4209 jactaretur,
3576 4133 3697 4189 affe-

2121 4243 2267 4289 ctata
2318 4233 2660 4301 protectioue
2708 4231 2967 4301 injuriam
3006 4246 3344 4302 passorum:
3387 4238 3694 4302 quaestuosa

2052 4368 2059 4375 .
2122 4340 2315 4392 nempe
2358 4324 2719 4392 popularitate
2767 4334 2940 4378 artem
2977 4325 3057 4378 sic
3098 4325 3379 4378 inventam
3426 4332 3693 4392 praeoccu-

2118 4418 2313 4484 panda:
2344 4416 2609 4471 beneficio
2640 4416 3031 4480 multitudinis,
3056 4428 3109 4471 et
3152 4416 3369 4484 injustas
3398 4430 3517 4485 quae
3544 4425 3695 4482 para-

434 4490 759 4535 cnnctorum
788 4480 845 4535 in
876 4481 1240 4537 Athanasium
1276 4485 1499 4551 studiis,
1541 4494 1595 4542 et
1631 4487 1734 4557 ipsi
1771 4489 2010 4544 favorem

2121 4520 2273 4563 retur
2329 4508 2652 4565 intrusionis
2717 4508 2956 4564 factione
3007 4510 3369 4564 obnoxiornm
3436 4504 3692 4562 corrobo-

434 4582 746 4635 ostensum,
795 4574 996 4629 animis
1040 4575 1285 4628 nondum
1339 4579 1738 4633 contrariarum
1781 4596 2013 4636 recursu

434 4665 832 4734 cogitationum
868 4667 1058 4722 tractis
1096 4668 1152 4721 in
1195 4669 1494 4735 diversum,
1541 4683 1849 4727 tenuerunt.
1890 4674 2013 4728 Sta-

433 4758 533 4812 tim
563 4769 742 4813 autem
783 4767 927 4828 post,
961 4760 1126 4814 simul
1164 4756 1487 4831 refrigerato
1522 4766 1781 4819 novitatis
1821 4766 2016 4820 ardore

436 4849 685 4905 sedatius
735 4849 995 4907 reﬂexere
1044 4867 1247 4909 vacuas
1281 4854 1395 4922 jam
1442 4867 1652 4912 mentes
1698 4860 1765 4911 ad
1812 4860 2015 4913 serium

437 4958 664 4999 examen
697 4945 863 4999 modo
892 4955 1166 5012 actorum,
1197 4949 1472 5017 prioribus
1499 4951 1721 5020 quidam
1751 4966 1872 5005 sese
1900 4967 2019 5004 rur-

436 5053 534 5092 sus
577 5038 891 5107 applicuere
929 5041 1200 5107 consiliis,
1243 5042 1735 5112 instauraruntque
1784 5043 2016 5111 impetus

437 5132 574 5185 certi
614 5133 878 5202 propositi
913 5134 979 5187 ad
1025 5143 1371 5190 constantem
1407 5136 1848 5205 prosecutionem
1892 5146 2019 5189 ante

437 5227 810 5279 decretorum.
862 5227 1187 5296 Allegab‘ant
1230 5227 1395 5297 igitur
1440 5237 1630 5280 contra
1680 5232 2018 5282 tumultuose

439 5319 756 5372 festinatam
786 5320 1122 5388 agnitionem
1156 5320 1443 5374 Athanasii
1479 5320 1551 5374 ιιιὶ
1582 5320 1759 5374 adhuc
1788 5323 2020 5389 patriar-

438 5414 576 5477 cba',
604 5412 842 5481 primum
875 5413 1096 5481 quidem
1124 5413 1244 5480 ejus
1268 5413 1683 5479 abdicationem
1719 5423 1827 5467 tam
1852 5414 2021 5483 justis

439 5507 506 5559 de
528 5508 713 5561 causis
735 5507 1258 5561 absurdissimornm
1292 5508 1411 5575 ejus
1435 5517 1680 5560 actorum
1712 5516 1765 5561 et
1795 5524 2019 5578 expres-

440 5617 557 5657 sam
588 5612 642 5656 et
671 5601 969 5656 admissam
1003 5601 1081 5655 uti
1109 5600 1229 5654 sine
1250 5599 1417 5653 dubio
1450 5601 1764 5671 legitimam.
1801 5604 2018 5671 Altega-

438 5694 575 5750 bant
605 5705 655 5748 et
693 5694 1058 5749 cessationem
1074 5700 1208 5770 ﬁam
1244 5693 1457 5761 longam
1486 5693 1663 5773 ipsius
1688 5696 1757 5747 ab
1792 5712 1891 5750 usu
1925 5711 2018 5763 po-

444 5789 681 5855 testatis,
718 5788 881 5860 372
914 5802 1021 5857 qua
1052 5802 1111 5842 se
1147 5786 1371 5843 omnino
1406 5803 1591 5844 carere
1621 5789 1699 5844 sic
1734 5791 2016 5861 prof~ssus

2120 4602 2323 4655 randaa.
2364 4602 2423 4655 In
2463 4602 2609 4656 hunc
2646 4604 2868 4657 modum
2915 4613 2967 4656 et
3004 4604 3377 4658 sentientibus
3423 4611 3478 4657 et
3520 4601 3691 4653 disse-

2119 4694 2366 4748 rentibus
2398 4694 2670 4764 episcopis
2703 4696 3009 4761 nonnullis,
3035 4711 3160 4751 cum
3197 4696 3288 4749 alii
3337 4695 3690 4766 persistentes

2122 4784 2174 4837 in
2214 4783 2331 4838 beri
2364 4794 2585 4839 ostensa
2619 4787 2889 4841 sententia
2938 4799 3327 4858 repugnarent,
3370 4784 3544 4841 scindi
3593 4796 3691 4833 an-

2122 4874 2322 4929 tistites
2365 4873 2419 4927 in
2457 4873 2725 4928 factiones
2752 4875 3002 4944 contigit,
3042 4876 3125 4930 bis
3164 4890 3230 4927 ex
3276 4874 3506 4927 adverso
3547 4858 3689 4920 affin-

2122 4965 2401 5018 mantibus
2437 4981 2783 5034 nequaquam
2825 4966 2929 5020 rite
2960 4967 3129 5020 fuisse
3161 4965 3470 5034 depositum
3520 4959 3688 5043 Atha-

2121 5056 2358 5120 nasium,
2407 5058 2500 5111 sed
2533 5057 2737 5125 injuste
2767 5067 2820 5111 ct
2860 5057 3094 5112 invalide
3124 5072 3218 5126 per
3257 5057 3363 5109 vim
3397 5055 3683 5118 dejectum,

2122 5145 2365 5212 legitime
2423 5163 2642 5217 semper
2692 5158 2901 5203 retenta
2965 5161 3329 5217 possessaque
3390 5144 3685 5213 dignitate;

2124 5252 2292 5304 quare
2317 5238 2470 5291 illum
2511 5246 2656 5292 recte
2678 5238 3055 5315 atqueordiue
3087 5254 3232 5293 nunc
3268 5239 3347 5290 vel
3373 5251 3495 5291 sero
3517 5243 3683 5299 δεηθ-

2124 5335 2202 5386 sei
2236 5348 2331 5399 pro
2362 5349 2427 5384 cn
2469 5334 2560 5401 qui
2596 5348 2720 5387 rere
2748 5332 2842 5392 sit,
2882 5343 2938 5387 et
2971 5333 3022 5386 in
3051 5341 3241 5397 erepto
3274 5332 3458 5398 inique
3505 5317 3682 5391 rei")ni

2123 5426 2325 5478 throno
2351 5441 2448 5493 par
2480 5438 2620 5479 esse.
2656 5425 2734 5479 Ita
2779 5426 3120 5493 potissimum
3157 5424 3456 5479 censebant
3499 5416 3588 5487 qui
3627 5426 3683 5467 se

2122 5516 2485 5570 ordinationis
2535 5520 2796 5570 honorem
2849 5518 3153 5571 Athanasio
3194 5516 3550 5571 meminerant
3586 5505 3679 5559 de-

2124 5609 2283 5675 beze;
2319 5607 2592 5678 iidemque
2623 5625 2684 5663 se
2728 5620 3009 5677 promptos
3042 5608 3342 5664 offerebant
3393 5607 3455 5657 ad
3498 5610 3679 5671 P091135

2123 5701 2440 5755 subeundas
2480 5718 2618 5770 quas
2664 5704 2794 5771 ipsis
2827 5719 3065 5767 cumque
3098 5705 3260 5758 vellet
3302 5705 3572 5770 imponere
3610 5686 3677 5740 ob

2122 5792 2286 5846 alium
2316 5792 2501 5847 tandiu
2545 5806 2828 5861 perperam
2868 5795 3139 5850 introsum
3176 5811 3275 5867 pro
3318 5806 3444 5848 vero
3478 5783 3677 5840 adluis"
