4024 6446
392 352 499 415 409

1317 363 1414 421 DE
1454 362 1902 423 ANDRONICO
1943 367 2413 429 PALEOLOGO
2459 372 2598 431 LIB.
2660 370 2728 429 V.

3544 370 3575 431 4
3589 368 3651 431 lt)

391 469 448 524 δὲ
482 474 575 524 καὶ
613 470 700 523 ἐπ’
754 472 958 537 αἰτίαις
1019 475 1393 546 σκληρότητος
1435 479 1528 530 καὶ
1586 478 1681 530 τοῦ
1749 478 1981 541 πολλοὺς
2009 484 2056 544 Α
2089 483 2187 536 ἀπ’
2224 485 2424 554 ἀρετῆς
2484 485 2635 547 ἴσως,
2666 484 2725 537 τὸ
2771 482 2825 535 δὲ
2868 483 2963 535 καὶ
2996 481 3158 534 πλέον
3184 482 3278 536 καὶ
3308 482 3414 535 ἀπὸ
3446 483 3671 553 γνώμης

389 560 702 624 αἰκίζεσθαι
754 580 812 617 τε
843 567 938 619 καὶ
970 566 1284 621 ἀποκλείειν
1328 570 1506 633 αἰτίας
1554 572 1975 640 ἀνακυπτούβης

389 653 609 722 καὶτῆς
640 656 936 726 τυχούσης,
957 651 1031 713 ὧν
1058 659 1222 712 ἓνεκι
1244 654 1333 729 ἦν,
1370 661 1417 711 εἰ
1446 661 1520 729 μὴ
1558 660 1973 728 μεταϐάλλοιτο,

385 746 486 797 καὶ
546 748 687 798 κατὰ
743 750 980 812 κανόνας
1032 749 1376 812 εὐθύνεσθαι,
1439 751 1755 803 συνίσταταί
1805 768 1887 813 τις
1918 752 1976 803 ὲν

384 835 600 900 τούτοις
632 841 726 891 καὶ
746 840 907 910 τρίτη
942 844 1129 911 μοῖρα,
1180 842 1230 894 οἳ
1254 841 1318 909 δὴ
1352 842 1452 911 τὴν
1493 842 1591 910 μὲν
1619 842 1719 909 τῆς
1751 842 1976 911 γνώμης

390 928 689 992 μετάθεσιν
750 930 1162 999 αἰσχυνόμενοι,
1219 931 1579 1001 εὐπρὸσωπον
1609 931 1651 982 δ’
1683 933 1774 982 ἐπὶ
1804 929 1977 1002 ταύτῃ

382 1019 689 1088 πρόφασιν
728 1021 1124 1089 προϊσχόμενοι
1159 1022 1406 1090 ἐδέχοντο
1438 1022 1557 1090 μὲν,
1590 1020 1785 1081 ὼς-κοιὶ
1822 1022 1971 1089 πρὶν,

382 1112 479 1164 τὸν
511 1111 684 1181 ἄνδρα
706 1113 804 1165 καὶ
836 1114 1208 1183 πατριάρχην,
1241 1115 1383 1182 πλὴν
1414 1115 1499 1166 ἐπ’
1521 1114 1791 1184 ἀσφαλείᾳ
1822 1112 1979 1180 μεγίο·

391 1215 496 1273 στῃ
523 1201 620 1254 τοῦ
654 1203 727 1272 μή
761 1219 815 1255 τι
845 1203 1089 1256 τοιοῦτον
1114 1206 1174 1256 τὸ
1205 1204 1313 1256 ἀπὸ
1342 1203 1496 1257 τοῦδε
1523 1203 1654 1273 παρ’
1683 1203 1849 1258 αὒτοῦ
1887 1202 1974 1269 γί-

387 1294 601 1356 νεσθαι,
654 1295 731 1356 ὡς
777 1280 1006 1347 ἐκείνων
1054 1295 1316 1367 ὀλεθρίων
1344 1297 1512 1350 ὄντων
1537 1296 1632 1348 καὶ
1662 1293 1977 1362 δυναμένων

387 1386 674 1456 ἀρχιερεῖς
707 1386 1019 1455 καθαιρεῖν,
1063 1388 1131 1458 ἦν
1158 1405 1241 1451 τις
1273 1388 1384 1459 ἄρα
1414 1389 1645 1450 καὶτοῖς
1666 1386 1858 1441 κανόσι
1888 1400 1979 1437 πι-

386 1478 660 1533 στεύσειε.
743 1478 932 1533 Ταῦτα
972 1480 1228 1549 λέγοντες
1283 1481 1705 1549 διεφιλονείκουν
1760 1478 1978 1550 ἡμέρας

382 1570 537 1632 ὅλας,
563 1570 659 1622 καὶ
690 1570 788 1632 τὰς
806 1570 1034 1641 γνώμας
1061 1571 1329 1641 οΰμενουν
1353 1574 1415 1626 οὐ
1445 1571 1776 1635 ξυνέϐαινον.
1810 1572 1977 1623 Bast-

377 1661 510 1724 λεὺς
541 1662 596 1713 δὲ
628 1662 794 1729 γνοὺς
845 1643 922 1725 ὧς
953 1663 1012 1715 τὸ
1033 1664 1257 1734 Ϊάτηρδν
1277 1664 1373 1718 τοῦ
1414 1664 1604 1733 ἀνδρὸς
1637 1666 1732 1716 καὶ
1756 1661 1976 1732 ἀμάλα-

380 1770 515 1807 κτον
544 1757 640 1808 καὶ
667 1755 764 1807 ἐπὶ
784 1758 900 1818 τοῖς
932 1756 1188 1827 τυχοῦσιν
1215 1758 1696 1828 ἀσυγκατάὅατον,
1728 1756 1758 1809 ὃ
1791 1756 1856 1825 δὴ
1881 1753 1977 1808 καὶ

377 1930 509 1970 sum
538 1930 829 1970 sacrorum
856 1917 1166 1985 prarsidem.
1195 1918 1321 1973 llaec
1358 1920 1445 1973 isti
1483 1920 1816 1990 allegabant.
1856 1935 1978 1989 quae

379 2022 512 2061 cum
546 2006 906 2061 adversantes
939 2008 1032 2061 alii
1065 2010 1472 2066 contentiosius
1519 2012 1978 2067 refellerentxma-

378 2114 631 2169 gnopere
687 2099 952 2168 iactanda
1012 2101 1468 2173 validissimaque
1548 2105 1976 2158 demonstranda

376 2192 737 2247 abdicatione
809 2192 1141 2250 Athanasii:
1213 2195 1374 2265 cujus
1422 2197 1586 2250 etiam
1647 2211 1844 2251 causas
1907 2212 1975 2251 ex

370 2284 545 2354 373
593 2285 927 2339 intolerabili
964 2286 1251 2356 regiminis
1282 2289 1400 2356 ejus
1445 2289 1743 2342 acerbitate
1780 2289 1977 2343 ductas

371 2374 657 2430 invidiose
692 2377 1096 2447 praedicabant,
1140 2359 1534 2450 exaggerantes
1572 2382 1664 2436 illa
1704 2382 1977 2451 supplicia

370 2481 526 2524 saeve
551 2467 622 2520 ab
650 2482 716 2522 eo
751 2476 972 2537 sumpta
1005 2471 1074 2523 de
1117 2471 1328 2535 multis,
1373 2471 1495 2527 illas
1524 2470 1877 2528 exclusiones
1908 2473 1976 2527 ab

370 2559 579 2615 oﬂiciis
628 2568 687 2615 et
750 2560 1117 2628 sacerdotiis,
1174 2563 1468 2620 levissimis
1528 2567 1855 2636 plerumque
1908 2565 1977 2618 de

367 2651 569 2708 causis
599 2652 654 2707 in
686 2652 960 2722 plurimos
989 2654 1385 2710 immanissime
1432 2662 1706 2722 decretas,
1738 2672 1876 2727 quas
1905 2658 1974 2712 ob

366 2759 469 2798 res
501 2744 902 2799 ecclesiasticae
949 2743 1161 2800 lenitati
1198 2748 1510 2803 contrarias
1545 2749 1782 2803 maxime
1809 2749 1982 2827 justas.

368 2838 536 2891 illum
573 2837 1046 2892 animadversioni
1069 2838 1229 2908 juxta
1259 2855 1452 2895 sacros
1493 2855 1731 2897 canones
1776 2842 1973 2911 subjici

366 2929 767 2999 oportuisset.
838 2930 949 2984 nisi
1018 2939 1269 2999 paratum
1326 2931 1596 3001 judicium
1666 2932 1975 2987 abdicando

371 3030 727 3093 praevertens
762 3038 792 3075 a
844 3021 1102 3079 Patribus
1143 3037 1319 3094 preme
1372 3026 1495 3079 loco
1536 3025 1976 3095 qualemcunque

2079 575 2317 637 εἰκάζειν
2338 571 2427 645 ἦν,
2451 575 2551 642 τῆς
2591 576 2688 643 μὲν
2720 574 2778 626 τὸ
2808 573 3036 642 ἀκριϐὲς
3066 573 3338 642 ζητούσης
3368 573 3451 639 ἐφ’
3475 573 3667 637 ἅπασι,

2078 668 2178 737 τῆς
2209 668 2265 720 δὲ
2300 667 2548 734 φυσικῶς
2582 666 2879 733 πειθούσης
2911 665 3054 734 ἔχειν
3083 668 3177 717 καὶ
3206 665 3266 716 τὸ
3287 664 3360 735 μὴ
3397 667 3669 735 χρήσιμον

2079 760 2371 829 χρήσιμον,
2406 758 2621 812 ἀλλοῖον
2652 758 2908 827 γενέσθαι
2932 757 3143 819 τοῦτον,
3172 758 3294 809 ὅσον
3327 758 3548 810 εἰκάσαι
3576 759 3666 809 καὶ

2079 855 2143 905 ἐκ
2173 853 2406 917 πολλῶν,
2447 853 2755 907 διετείνετο.
2796 853 2947 921 Μηδὲ
2971 853 3083 923 γὰρ
3123 850 3289 903 αὑτὸν
3320 851 3496 911 τόσον,
3532 851 3670 904 ἀλλὰ

2079 946 2210 1007 τοὺς
2239 946 2366 1015 περὶ
2403 945 2564 998 αὐτὸν
2594 944 2803 1014 ἀμαθίᾳ
2826 944 3054 1011 γνώμης
3087 942 3148 994 τὸ
3182 942 3256 1009 μὴ
3289 941 3406 994 δέον
3438 932 3671 1010 ἐργάζε-

2083 1039 2210 1088 σθαι
2250 1034 2790 1101 καταναγκάζεσθαι.
2855 1035 2916 1087 Εἰ
2973 1032 3031 1084 δέ
3063 1049 3125 1099 γε
3176 1031 3274 1084 καὶ
3305 1030 3469 1093 αὐτὸς
3505 1032 3669 1098 ἀκρι-

2081 1127 2238 1190 ϐείας
2271 1126 2676 1197 ἐπειλημμένος
2710 1126 2925 1188 πολλοῖς
2962 1125 3256 1194 γινομένης
3290 1124 3441 1190 παρὰ
3462 1123 3523 1175 τὸ
3548 1124 3668 1174 δέον

2079 1217 2331 1287 ἐμποδὼν
2388 1218 2640 1288 ὑφορῷτο
2689 1217 2986 1286 στήσεσθαι
3019 1256 3033 1279 ,
3090 1215 3303 1285 βασιλεῖ
3345 1231 3407 1282 γε
3464 1214 3667 1282 μᾶλλον

2079 1311 2280 1380 ἀτηρδν
2343 1311 2654 1379 φανεῖσθαι,
2727 1310 2901 1363 πολλὰ
2960 1309 3054 1362 καὶ
3108 1308 3263 1379 παρὰ
3316 1308 3377 1361 τὸ
3411 1309 3559 1370 εἰκὸς
3609 1307 3668 1373 ἐξ

2079 1399 2326 1466 ἀνάγκης
2361 1399 2621 1468 πράττειν
2654 1400 3050 1469 παραγομένῳ.
3082 1399 3230 1464 Πλὴν
3267 1397 3667 1466 καταδέχεσθαι

2082 1490 2230 1559 μάλα.
2257 1489 2435 1559 πολλῷ
2472 1490 2857 1555 ἀναξαίνοντος
2896 1490 3091 1543 τούτου
3133 1490 3202 1542 τὰ
3247 1490 3382 1559 ἕλκη
3418 1489 3450 1559 ἢ
3490 1489 3668 1551 ἄλλως

2082 1583 2477 1653 μαλάσσοντος.
2528 1600 2547 1634 ‹
2600 1582 2755 1652 Ἐμοὶ
2784 1583 2881 1652 μὲν
2915 1578 3031 1645 οὖν,
3064 1600 3082 1633 ι
3109 1582 3315 1649 ἔλεγεν,
3352 1600 3368 1633 ι
3408 1581 3466 1634 ἓν
3492 1583 3665 1648 ἀναγ-

2079 1678 2235 1728 καῖον
2273 1674 2370 1728 καὶ
2415 1675 2585 1744 αὐτῆς
2635 1674 2802 1742 πνοῆς
2834 1674 3253 1744 προτιμότερον,
3284 1674 3358 1726 -τὺ
3398 1674 3534 1726 Θεοῦ
3577 1674 3668 1726 θέ-

2079 1765 2230 1837 λημα
2256 1767 2523 1837 γίνεσθαι,
2575 1766 2679 1820 κᾶν
2712 1766 2858 1837 λυπῇ
2899 1766 3005 1819 κᾶν
3050 1767 3145 1837 μή.
3186 1766 3330 1835 Πλὴν
3364 1767 3457 1818 καὶ
3488 1767 3666 1836 χαρᾶς

2081 1935 2292 1996 partem
2323 1927 2577 1979 oratione
2602 1925 2996 1979 sublevandam
3022 1933 3194 1984 ratus,
3219 1924 3486 1978 disseruit
3521 1924 3665 1991 apud

2080 2017 2372 2087 synodum,
2405 2016 2548 2070 haud
2583 2017 2662 2070 ire
2698 2032 2757 2071 se
2784 2016 2988 2070 inﬁtias
3018 2015 3143 2084 jure
3180 2016 3531 2085 implacidam
3581 2017 3666 2070 rio

2080 2109 2199 2162 deri
2238 2123 2607 2177 asperumque
2639 2122 2701 2161 ac
2731 2108 2941 2163 levibus
2974 2108 3136 2160 etiam
3171 2108 3372 2179 erratis
3405 2107 3663 2159 inexora-

2060 2201 2260 2254 ~biliter
2288 2199 2545 2254 infestum
2570 2198 2853 2251 Athanasii
2878 2198 3097 2267 genium
3124 2216 3135 2251 :
3162 2197 3255 2251 sed
3291 2213 3490 2260 mores,
3516 2199 3664 2265 quod

2080 2308 2243 2347 nemo
2286 2301 2474 2360 posset
2516 2292 2731 2345 dilliteri
2758 2331 2772 2353 ,
2826 2293 3025 2360 probos
3067 2306 3214 2345 esse.
3262 2292 3436 2358 Atque
3489 2291 3663 2354 adeo,

2079 2392 2346 2454 quantum
2395 2383 2496 2437 niti
2534 2384 2854 2452 conjectura
2888 2381 3052 2453 374
3081 2382 3392 2452 indaganda
3450 2383 3661 2444 liceret,

2080 2475 2451 2529 verisimiliter
2486 2473 2540 2527 id
2585 2474 2971 2543 imputandum
2999 2472 3188 2526 virtuti
3223 2472 3471 2540 rigidiori
3498 2482 3553 2526 et
3582 2471 3663 2525 fa-

2080 2568 2327 2624 stidiosa;
2361 2566 2714 2629 innocentiae,
2746 2567 2880 2619 vitia
2914 2567 2969 2619 in
3001 2564 3125 2619 aliis
3155 2565 3507 2621 dissimulare
3554 2582 3663 2620 non

2079 2656 2316 2712 valentis
2358 2671 2480 2725 quae
2515 2666 2666 2710 arcet
2689 2670 2719 2708 a
2753 2669 2875 2710 sese
2906 2653 3253 2724 longissime,
3287 2669 3353 2708 ac
3390 2669 3662 2708 summam

2078 2762 2235 2817 mque
2275 2746 2344 2801 ab
2388 2746 2649 2801 omnibus
2681 2746 3020 2801 exactionem
3059 2745 3422 2814 requirentis.
3460 2748 3664 2799 Acces-

2078 2841 2221 2894 sisse
2256 2838 2325 2894 ad
2368 2847 2623 2893 naturam
2675 2839 2750 2892 ita
2799 2838 2997 2892 factam
3030 2838 3165 2899 vita;
3202 2852 3361 2891 usum
3416 2852 3447 2890 a
3493 2851 3663 2905 puero

2079 2931 2539 3001 disciplinamque
2576 2931 2934 2993 severiorem,
2976 2937 3089 2984 tum
3122 2929 3250 2984 inde
3285 2928 3532 2982 inclitam
3571 2928 3663 2981 iu-

2079 3024 2392 3079 ductionem
2434 3024 2610 3078 animi
2647 3025 2713 3079 ad
2765 3023 3147 3080 austeritatem
3204 3021 3475 3084 indurati,
3508 3025 3664 3089 ὀι-ω-

366 3115 570 3168 throni
612 3115 976 3184 privationem
1022 3116 1418 3186 imputantibus
1463 3131 1653 3184 pmnas
1688 3116 1838 3186 juste
1879 3116 1973 3170 de—
2005 3156 2049 3216 C
2076 3119 2317 3188 judicata
2378 3118 2615 3186 quadam
2682 3117 3041 3171 assuetudine
3102 3115 3305 3183 rigoris
3385 3114 3660 3169 interdum

366 3207 529 3263 bitas
567 3208 825 3261 cessioue
869 3208 1178 3262 voluntaria
1226 3208 1362 3262 lucri
1406 3208 1650 3263 fecisset.
1698 3209 1848 3262 Talia
1899 3209 1974 3262 illi

367 3300 514 3355 dum
586 3308 1054 3364 commemorant,
1124 3299 1450 3355 refricabam
1513 3302 1721 3369 scilicet
1789 3302 1976 3356 multis

376 3393 693 3447 astantium
759 3392 969 3445 tristem
1030 3392 1352 3445 memoriam
1428 3394 1787 3461 grassatiunis
1843 3396 1973 3447 olim

371 3486 707 3541 inhumana:
738 3484 1139 3539 monachorum
1177 3484 1465 3540 Athanasii
1503 3486 1882 3539 ministrorum
1918 3486 1972 3539 in

373 3578 620 3634 clericos
664 3588 719 3633 et
767 3578 1174 3633 ecclesiasticos
1208 3582 1390 3634 omnis
1419 3581 1655 3649 generis.
1686 3578 1803 3645 Qua
1846 3593 1979 3633 cum

373 3670 515 3726 hinc
562 3669 786 3739 quidem
838 3671 1104 3726 similium
1158 3674 1213 3726 in
1279 3683 1561 3743 posterum
1617 3676 1971 3729 atrocitatnm

377 3770 533 3816 metu
570 3771 1025 3829 concuterentur,
1060 3764 1184 3819 inde
1226 3774 1410 3821 autem
1453 3766 1826 3822 retinerentur
1876 3784 1977 3838 pu-

376 3854 520 3909 dore
540 3855 797 3911 ‘levitatis
822 3856 873 3908 in
910 3866 1020 3910 tam
1048 3858 1341 3913 manifeste
1364 3860 1641 3916 declarata
1675 3861 1976 3929 recipiendi

377 3949 675 4003 Athanasii
701 3949 998 4013 voluntate,
1025 3950 1250 4019 quidam
1278 3952 1512 4006 mediam
1544 3953 1801 4008 ineuntes
1830 3955 1971 4008 viam

380 4040 532 4094 inter
555 4040 890 4104 contrarias,
920 4055 1059 4109 quas
1094 4042 1255 4095 modo
1289 4044 1603 4109 retulimus,
1646 4045 1973 4110 sententias,

380 4135 607 4187 tertiam
646 4131 957 4187 conﬂarUut
983 4144 1187 4190 sectam
1223 4136 1483 4190 aientium
1512 4138 1724 4192 admitti
1754 4137 1973 4207 quidem

379 4230 588 4283 debere
629 4228 993 4283 Athanasium
1029 4229 1105 4283 uti
1146 4244 1336 4285 verum
1376 4230 1775 4298 patriarchatn,
1812 4240 1976 4300 prout

381 4321 625 4391 professi
679 4322 849 4376 semel
905 4320 1107 4385 forent,
1157 4331 1212 4375 et
1264 4338 1412 4377 nunc
1465 4323 1656 4392 utique
1709 4339 1970 4379 censere:

323 4430 333 4437 ·
381 4423 646 4471 carterum
673 4424 970 4481 antequam
1004 4415 1048 4468 is
1078 4422 1385 4469 resumeret
1417 4416 1744 4469 exercitium
1784 4417 1973 4471 taudiu

2085 3210 2405 3281 persuaderi
2434 3210 2540 3265 sibi
2581 3204 2825 3265 sinentis-
2852 3210 2986 3263 utile
3013 3207 3066 3262 id
3105 3221 3231 3261 esse
3264 3206 3408 3275 quod
3445 3206 3552 3258 tale
3586 3220 3667 3258 reo

2088 3318 2215 3358 vera
2255 3318 2361 3357 non
2396 3302 2487 3356 sit.
2526 3302 2706 3370 Atque
2734 3301 2825 3354 hic
2868 3310 3047 3354 tamen
3094 3298 3280 3352 tnultis
3324 3297 3664 3367 argumentis

2085 3403 2333 3450 astruere
2367 3395 2605 3449 sollicite
2638 3394 2924 3461 Augustus
2965 3390 3338 3445 contendebat
3379 3391 3665 3453 haudqua-

2087 3505 2250 3561 quam
2289 3498 2459 3543 totam
2482 3487 2787 3540 Athanasio
2824 3484 2907 3537 vel
2946 3481 3276 3551 praecipuam
3305 3481 3662 3535 inclementer

2085 3594 2356 3646 actorum,
2382 3596 2504 3649 qua:
2522 3580 2818 3641 ferrentur,
2842 3590 2964 3632 esse
2983 3581 3199 3644 culpam
3221 3572 3664 3649 adscribendam:

2082 3680 2259 3747 magis
2283 3675 2427 3730 enim
2446 3688 2566 3728 eam
2595 3671 3056 3739 verisimiliusque
3080 3667 3343 3738 imputari
3379 3666 3664 3721 ministro-

2088 3788 2229 3833 rum,
2272 3770 2477 3840 quibus
2522 3774 2794 3825 “teretur,
2841 3762 3150 3833 imperitiae,
3199 3760 3483 3815 hominum
3526 3773 3666 3827 quos

2086 3879 2222 3919 suus
2243 3850 2398 3916 error
2421 3857 2802 3930 angustiasque
2827 3857 3029 3910 mentis
3058 3853 3368 3909 exorbitare
3392 3851 3663 3904 interdum

2086 3974 2115 4012 a
2147 3967 2320 4020 recto,
2371 3954 2629 4023 quodque
2679 3952 2863 4005 minus
2896 3949 3234 4011 conveniret,
3282 3947 3465 4001 facere
3508 3959 3668 4011 coge-

2081 4056 2228 4104 rent.
2262 4046 2469 4112 Quodsi
2504 4058 2666 4114 quem
2705 4054 2912 4102 tamen,
2951 4040 3208 4102 addebat,
3240 4030 3662 4091 sibi'conscium

2082 4138 2394 4208 fragilitatis
2444 4137 2496 4189 in
2553 4138 2746 4202 culpas
2795 4133 3148 4203 quotidianas
3194 4129 3351 4183 facile
3408 4128 3663 4197 lapsum,

2083 4241 2289 4288 terreat
2328 4230 2730 4299 qualiscunque
2763 4228 2864 4281 ista
2900 4224 3114 4279 deﬂecti
3150 4224 3217 4276 ab
3246 4231 3440 4277 exacto
3480 4220 3666 4275 nescia

2082 4325 2331 4394 rigiditas
2367 4322 2672 4385 Athanasii,
2707 4320 2798 4374 uni
2850 4318 3086 4372 maxime
3130 4316 3375 4370 omnium
3431 4316 3668 4381 impera-

2083 4419 2188 4473 tori
2214 4433 2335 4473 eam
2366 4416 2538 4470 videri
2586 4412 2990 4468 formidabilem
3040 4409 3263 4472 debere,
3319 4406 3519 4477 quippe
3574 4404 3665 4457 cui

384 4506 725 4573 intermissas
773 4506 1086 4574 pmcstatis,
1140 4506 1323 4561 caveri
1368 4504 1628 4560 Ecclesia:
1667 4507 1785 4560 dira
1843 4509 1973 4561 olim
2013 4497 2226 4580 Dszepe
2257 4524 2483 4564 necesse
2531 4508 2602 4562 sit
2637 4506 2702 4560 ad
2737 4506 3081 4574 negotiorum
3131 4498 3530 4580 expeditionem
3581 4511 3668 4548 ur-

382 4612 565 4665 passae
593 4598 663 4651 ab
707 4597 829 4665 ejus
864 4596 1143 4651 ministris
1185 4607 1441 4667 oportere
1485 4599 1853 4669 promissione
1891 4616 1977 4655 se-

384 4688 643 4743 curitatis
666 4702 834 4758 quam
861 4687 1116 4742 maxima:
1146 4688 1215 4740 ab
1246 4702 1311 4743 eo
1334 4688 1624 4757 exigenda,
1653 4691 1973 4760 neutiquam

384 4780 630 4847 patiendi
659 4781 847 4835 vexari
882 4782 1107 4835 nomine
1130 4796 1195 4834 ac
1227 4783 1561 4836 auctoritate
1607 4797 1709 4837 sua
1736 4790 1845 4835 tam
1892 4784 1976 4836 in-

378 4876 554 4946 justis
578 4874 932 4944 indignisque
964 4874 1145 4929 modis
1171 4874 1423 4938 clericos,
1460 4875 1722 4942 quoniam
1759 4876 1977 4944 injuriae

385 4968 706 5023 istiusmodi
739 4967 982 5040 graviter
1020 4967 1243 5022 Patrum
1285 4968 1669 5023 sanctionibus
1716 4969 1979 5022 adversa-

387 5072 607 5125 rentur,
648 5070 704 5117 et
757 5064 827 5115 ab
879 5062 948 5116 iis
991 5061 1086 5130 qui
1141 5060 1450 5115 canonibus
1502 5062 1826 5125 crederent,
1878 5077 1977 5131 pro

284 5203 297 5219 ,
382 5157 550 5227 justis
600 5167 656 5213 et
713 5156 977 5225 legitimis
1016 5154 1203 5210 causis
1254 5154 1623 5225 depositionis
1662 5138 1973 5210 antistitum

387 5252 486 5322 qui
530 5252 587 5305 in
623 5265 691 5305 eo
724 5250 1095 5304 conniverent
1127 5247 1537 5318 judicarentur.
1583 5247 1678 5301 llis
1733 5251 1976 5319 episcopi

384 5348 498 5419 jam
541 5343 702 5399 divisi
740 5343 1051 5407 trifariam,
1114 5356 1215 5411 pro
1268 5356 1328 5396 se
1380 5340 1587 5410 quique
1638 5340 1978 5396 disserendis

390 5435 854 5504 inculcandisque
884 5440 1031 5489 totos
1063 5433 1428 5490 ab'suntebant
1467 5436 1826 5490 altercatione
1857 5435 1979 5489 infi-

390 5530 507 5584 nita
541 5528 681 5592 dies,
717 5528 943 5598 quando
972 5527 1361 5582 animadverso
1392 5526 1692 5595 imperator
1723 5542 1974 5597 magnam

390 5619 658 5677 inﬂictam
711 5619 1202 5690 negotio‘securim
1244 5619 1499 5675 refricata
1540 5621 1801 5673 memoria
1837 5621 1979 5674 invi-

389 5713 845 5767 diosissimorum
886 5712 1202 5773 Athanasii,
1238 5710 1368 5765 dum
1408 5710 1837 5779 patriarchatum
1882 5726 1977 5781 ge-

389 5816 575 5872 reret,
629 5816 900 5873 acto:um,
954 5806 1095 5860 hanc
1147 5803 1492 5874 potissimum
1543 5818 1745 5871 aegram
1799 5819 1980 5862 causa:

2080 4604 2330 4674 gentium
2366 4602 2538 4656 multa
2568 4599 2805 4654 tolerare
2834 4612 2900 4651 ac
2931 4595 3112 4650 facere
3136 4593 3372 4648 obnoxia
3399 4576 3663 4650 censuris,

2080 4711 2110 4749 a
2148 4694 2350 4763 quibus
2370 4691 2587 4751 acriter
2613 4686 3083 4757 reprehendendis
3123 4683 3353 4738 minime
3395 4692 3669 4749 tempera-

2083 4800 2265 4841 turum
2292 4786 2451 4839 illum
2488 4791 2770 4853 appareat.
2807 4781 3078 4835 Caeterum
3109 4777 3190 4832 sic
3228 4776 3411 4829 animo
3443 4787 3668 4841 compa-

2077 4889 2260 4933 ratum
2296 4891 2416 4930 esse
2446 4890 2527 4940 se,
2564 4883 2620 4928 ut
2653 4872 2826 4941 premi
2858 4873 2926 4926 ab
2968 4870 3061 4923 illo
3096 4883 3403 4939 aspereque
3440 4866 3678 4919 tractari.

2080 4988 2178 5026 sua
2207 4971 2390 5026 ulcera
2423 4984 2586 5038 quam
2620 4965 2850 5022 mulceri
2883 4962 3214 5033 delinirique
3250 4962 3318 5016 ab
3345 4960 3468 5013 aliis
3494 4958 3669 5013 liben-

2080 5066 2190 5119 tius
2222 5065 2292 5118 sit
2315 5077 2605 5132 passurus.
2638 5078 2655 5109 ι
2685 5056 2816 5111 Mihi
2846 5071 3001 5120 sane,
3033 5053 3340 5124 inquiebat,
3363 5066 3533 5105 unum
3575 5065 3668 5103 ne—

2081 5159 2387 5214 cessarium
2417 5155 2723 5223 spirituque
2754 5167 2818 5206 ac
2846 5151 2955 5205 vita
2979 5150 3203 5203 charius
3232 5155 3337 5211 cst,
3369 5144 3485 5200 fieri
3520 5142 3667 5213 quod

2084 5252 2225 5305 Deus
2251 5248 2386 5312 vult,
2412 5250 2528 5302 sive
2565 5245 2616 5299 id
2650 5245 2894 5299 dolorem
2921 5242 3121 5297 inferat
3147 5241 3263 5296 sive
3289 5255 3418 5294 non.
3455 5237 3668 5307 Quippe

2083 5354 2366 5411 utcunque
2416 5356 2502 5394 res
2532 5339 2714 5404 cadat,
2746 5338 3017 5392 toleratus
3050 5335 3142 5390 tali
3186 5349 3350 5388 causa
3382 5332 3667 5387 cruciatus

2081 5452 2148 5491 co
2189 5436 2310 5505 ipso
2351 5432 2636 5502 voluptate
2673 5429 2978 5499 jucundior
3025 5429 3173 5484 omni
3219 5434 3324 5489 est,
3362 5424 3506 5494 quod
3554 5420 3667 5477 Deo

2081 5525 2305 5595 iubente
2327 5522 2612 5577 acciderit.
2638 5521 2820 5587 Quare
2851 5521 2997 5575 sicut
3021 5520 3075 5574 in
3100 5528 3209 5572 tam
3240 5518 3417 5586 spissa
3441 5523 3496 5570 et
3524 5514 3669 5569 mul-

2082 5619 2252 5683 tiplici
2283 5616 2685 5695 gubernatione
2731 5615 2811 5670 rei
2848 5613 3101 5684 publicae,
3141 5613 3192 5665 iu
3236 5610 3322 5665 his
3362 5607 3662 5678 praesertim

2083 5710 2330 5780 gravium
2370 5717 2679 5777 temporum
2727 5706 3007 5770 fluctibus,
3054 5704 3394 5757 offensurum
3436 5700 3665 5754 inevita-

2083 5805 2266 5859 bilitcr
2298 5818 2384 5859 me
2426 5801 2631 5868 aliquid
2680 5800 2955 5857 interdum
2994 5813 3100 5853 non
3133 5795 3476 5852 cxaudicudo
3519 5794 3668 5850 inter
