4024 6396
353 312 462 369 413

1284 316 1382 376 DE
1426 319 1875 381 ANDRONILTO
1920 325 2391 390 PALEOLOGO
2434 331 2585 394 LIB.
2629 334 2699 393 V.

3541 336 3647 399 414

352 421 653 517 sorr-ﬁssus)
694 422 1091 493 ἀρνησάμενος,
1152 425 1261 479 εἴτε
1306 430 1399 481 καὶ
1452 431 1635 500 τρίτον
1691 434 1790 501 τὴν
1852 436 1948 488 ἀπ’
1981 445 2024 495 Α
2056 442 2493 513 παρευρεθέντες
2523 444 2600 512 τῷ
2625 444 2944 516 πατριάρχη
2976 445 3004 499 ὃ
3034 464 3091 498 τε
3154 446 3428 517 Ἀγκύρας
3466 448 3648 501 Βαδὺ-
3680 484 3729 503 κ.

353 511 569 563 ἐκείνου
617 514 752 581 πρὸς
788 515 814 566 ὅ
862 534 915 568 τι
972 518 1204 588 πράττοι
1241 519 1676 593 ὑποποιούμενος
1709 526 1949 592 εὔνοιαν,

353 602 415 654 τὸ
453 603 641 673 ἱλαρὸν
693 608 954 671 καθιστὰς
1016 610 1357 683 (ἀρχιερέων
1403 615 1534 686 γὰρ,
1593 619 1652 670 οὐ
1687 617 1952 687 βασιλέως

358 690 501 747 εἶναι
531 698 631 766 τὴν
656 700 748 752 ἐπὶ
781 700 992 764 τούτοις
1029 704 1307 773 ἀπόφασιν
1332 708 1640 777 )-ὁμολογεῖ
1674 714 1949 781 πατριάρ-

352 806 459 857 χην
494 792 749 859 ἡγεῖσθαι
790 795 879 845 τὸν
922 796 1196 868 Ἰωάννην.
1230 801 1338 853 Καὶ
1372 800 1429 863 ὃς
1458 804 1514 854 ὲν
1538 802 1759 873 δεσμοῖς
1785 804 1949 866 εὐθὺς

349 881 598 950 ἐπισχὼν
638 885 729 936 τὸν
769 885 979 953 λέοντα,
1015 907 1033 939 ι
1069 890 1178 943 Καὶ
1236 892 1286 945 εἰ
1348 897 1701 963 πατριάρχης
1754 897 1886 963 ἐγὼ,
1927 914 1945 947 ι

352 976 544 1040 φησὶν,
590 994 607 1027 ‹
646 977 728 1029 ὅτι
756 979 849 1030 καὶ
883 979 1035 1033 οὔπω
1065 983 1264 1047 τελέως
1298 986 1368 1038 τὰ
1419 986 1520 1055 τῆς
1576 986 1717 1054 ὲμῆς
1746 1005 1952 1057 παραι-

349 1066 568 1128 τήσεως
595 1066 694 1118 οὐκ
750 1068 1209 1139 ἐδοκιμάσθησαν,
1254 1073 1391 1127 ἀλλὰ
1422 1077 1515 1128 καὶ
1545 1078 1603 1128 ὲν
1630 1078 1695 1144 τῇ
1735 1076 1948 1145 μεγάλῃ

367 1156 672 1228 Ἐκκλησία
728 1163 823 1213 καὶ
882 1166 942 1216 ὲν
979 1166 1202 1230 πολλαῖς
1267 1171 1458 1235 μοναῖς
1514 1170 1949 1237 μνημονεύομαι,

353 1250 450 1301 ὑπ’
485 1254 795 1323 ἀφορισμὸν
852 1258 944 1309 τὸν
976 1259 1082 1311 ἀπὸ
1111 1261 1209 1329 τῆς
1247 1262 1408 1327 ἁγίας
1454 1262 1685 1330 Τριάδος
1713 1263 1830 1329 ἄγω
1860 1264 1951 1316 τὸν

353 1343 833 1412 βουὶηθησὸμενον
891 1351 1242 1419 πατριάρχην
1292 1353 1385 1404 τὸν
1438 1351 1598 1420 κύριν
1627 1353 1951 1405 Ἀθανὰσιον

352 1438 646 1508 καῦιστᾷν.
676 1461 693 1492 ι
724 1441 888 1494 Ταῦτ’
913 1438 1054 1506 εἶπε,
1080 1446 1175 1498 καὶ
1202 1446 1496 1511 προφανῶς
1522 1446 1951 1512 κατεγίνωσκεν,

352 1526 779 1598 ὦσπερὲκείνου
835 1534 1157 1604 σκαιότητα,
1200 1535 1368 1597 οὕτως
1404 1536 1618 1604 ἀπάτην
1661 1537 1756 1590 καὶ
1795 1536 1952 1588 εὐκο-

351 1620 476 1673 λίαν
506 1620 600 1673 τοῦ
625 1621 877 1687 ἄνακτος,
913 1619 996 1688 οἷς
1046 1626 1128 1677 ὅτι
1160 1626 1269 1678 τῶν
1305 1628 1589 1697 προτέρων
1624 1630 1949 1696 ἀμνημονὴ-

351 1732 453 1779 σας
482 1717 577 1770 καὶ
608 1720 718 1780 τοίς
741 1718 1018 1786 δευτέροις
1050 1719 1269 1783 ἐσαῦθις
1317 1720 1647 1791 ἐπιχειροίη.
1682 1720 1951 1782 Βασιλεὺς

2054 535 2175 598 λας,
2219 540 2247 589 ὁ
2307 538 2534 608 Κρήτης
2582 539 2896 608 Νικηφόρος
2931 541 3026 591 καὶ
3056 541 3082 591 ὁ
3127 540 3377 610 Βιτζίνης
3403 543 3646 606 Λουκᾶς.

2061 626 2252 695 Ὅμως
2308 628 2366 680 δὲ
2414 628 2513 698 τὴν
2547 630 2733 700 φήμην
2772 628 2941 682 θέλων
2994 630 3350 700 ἐπανορθοῦν,
3406 631 3647 707 [P.QGQ]

2063 721 2261 788 μήπως
2292 719 2434 785 δόξοι
2462 721 2560 773 καὶ
2610 722 2983 784 ἁδιαστάλτως
3009 723 3351 794 ἀφορισοεὶς,
3377 727 3648 791 συγκαλέ..

2061 827 2163 872 σας
2195 814 2288 863 καὶ¹
2336 810 2494 873 αὖθις
2532 816 2597 882 τῇ
2635 814 2895 884 ὑστεραία
2939 813 3031 877 οὓς
3069 817 3362 882 συγκαλεῖν
3423 817 3646 882 είὈιστο,

2057 903 2362 971 ἐπεγκαλεῖ
2392 906 2492 971 μὲν
2519 905 2617 974 τὴν
2657 906 2896 975 ἀπάτην,
2933 908 3246 974 ἀπογυμνοϊ
3273 907 3327 959 δὲ
3354 910 3412 959 τὸ
3440 910 3647 978 δρᾶμα,

2059 995 2314 1067 ὑποχαλᾷ
2336 996 2394 1049 6t
2425 997 2517 1048 καὶ
2544 998 2641 1065 τῆς
2669 997 2758 1049 ἐπὶ
2786 997 2863 1065 τῷ
2904 997 3208 1067 ’Λθανασίῳ
3234 1000 3564 1068 προθυμίας,
3603 1003 3650 1054 εί

2058 1088 2313 1151 κάκεῖνος
2336 1088 2576 1151 ἀκούσας
2614 1088 2931 1159 Σαπφείρας
2954 1090 3048 1141 καὶ
3069 1090 3312 1142 Ἀνανίου
3343 1090 3544 1159 τρόπον
3573 1090 3651 1159 τῷ

2071 1180 2296 1250 Ἰωάννῃ
2357 1182 2705 1251 προσέτριὸε,
2755 1182 2901 1235 δόντι
2935 1182 3054 1252 Θεῷ
3083 1182 3178 1252 τὴν
3219 1181 3543 1252 ἱερωσύνην,
3575 1184 3650 1243 ὡς

2058 1271 2223 1331 αὐτὸς
2256 1271 2696 1343 παραιτούμενος
2722 1272 2953 1343 ἔγραφε,
2988 1274 3082 1325 καὶ
3124 1273 3288 1327 πάλιν
3328 1273 3642 1342 ἀναλαμϐά-

2054 1380 2223 1419 νοντι.

2058 1498 2122 1554 δ’.
2161 1500 2304 1567 Περὶ
2352 1502 2457 1556 τοῦ
2500 1501 2763 1557 θανάτου
2796 1501 2909 1571 τῆς
2939 1503 3275 1571 δεσποίνης
3321 1504 3649 1572 Θεοδώρας.

2129 1636 2221 1707 Τῷ
2248 1637 2350 1705 μὲν
2393 1637 2487 1691 οὖν
2536 1639 2748 1706 βασιλεῖ
2791 1642 2824 1708 ἡ
2879 1641 3065 1712 μήτηρ
3112 1642 3286 1693 ἐνόσει
3327 1640 3518 1702 δεινῶς
3559 1642 3648 1693 καὶ

2059 1728 2197 1796 πρὸς
2221 1732 2515 1792 ἀναπνοαῖς
2538 1728 2607 1801 ἦν
2634 1735 2753 1792 ταῖς
2777 1732 3033 1802 ἐσχάταις
3053 1746 3068 1761 ·
3104 1733 3197 1785 καὶ
3233 1733 3265 1801 ἡ
3290 1731 3518 1800 δευτέρα
3548 1729 3650 1798 τῆς

348 1809 409 1860 δὲ
436 1808 596 1862 τοῦτο
631 1810 729 1879 μὲν
768 1810 1041 1873 αἰδεσθεὶς
1061 1811 1160 1882 τὴν
1199 1814 1467 1882 φενάκηνν
1518 1814 1614 1865 καὶ
1652 1813 1826 1866 ταῦτα
1853 1812 1954 1883 τὴν
1990 1790 2029 1844 Β
2057 1819 2320 1890 δευτέρας
2352 1819 2461 1874 τῶν
2510 1821 2777 1889 νηστειῶν
2808 1821 3102 1890 ἑϐδομάδος
3132 1821 3336 1891 νεκρὰν
3361 1820 3458 1890 τὴν
3484 1821 3649 1873 ἄνασο

349 1904 415 1968 ἐξ
450 1902 954 1973 ἁπλότητος,τοῦτο
978 1906 1035 1957 δὲ
1078 1908 1173 1959 καὶ
1211 1908 1311 1969 τὰς
1352 1907 1493 1973 ὑπὲρ
1518 1906 1611 1958 τοῦ
1642 1906 1950 1974 διαφευξεῖ-

352 1995 484 2047 σθαι
517 1994 616 2063 τὴν
645 1995 844 2066 χλεύην
898 1998 1156 2067 προνοίας
1208 1998 1534 2066 οἰκονομῶν,
1590 1998 1804 2050 ἐκεῖνον
1854 1998 1953 2064 μὲν

351 2088 511 2141 οὐδὲν
542 2090 714 2144 εἰπὼν
767 2090 1199 2159 ἀποστρέφεται,
1258 2093 1371 2154 τοῖς
1402 2091 1447 2143 δ’
1492 2090 1808 2161 ἀρχιερεῦσι
1841 2092 1953 2153 τοῖς

349 2184 487 2253 τῇδε
517 2182 595 2246 ὡς
626 2184 1007 2252 συμπράττειν
1043 2184 1438 2237 ὑποπτευοεῖσι
1486 2186 1583 2237 καὶ
1619 2184 1739 2237 λίαν
1768 2186 1955 2253 ἐπεῖχε

352 2274 456 2328 καὶ
487 2271 929 2344 προσωργίζετο.
988 2267 1170 2327 Ἦσαν
1205 2273 1262 2326 δὲ
1318 2274 1383 2326 ἐκ
1436 2275 1795 2344 προκλήσεως
1829 2276 1954 2328 τότε

354 2451 431 2504 ad
486 2447 864 2517 accipiendam
918 2448 986 2503 ab
1043 2464 1109 2503 eo
1155 2448 1627 2514 benedictionem,
1681 2450 1726 2505 si
1768 2448 1960 2521 digna-

354 2551 516 2597 retur
568 2540 880 2609 impertiri;
930 2540 1150 2611 qualem
1212 2542 1417 2597 habere
1472 2543 1736 2597 honorem
1797 2545 1957 2598 alteri

355 2649 529 2705 quam
575 2633 911 2702 patriarchae
965 2641 1120 2688 certo
1169 2649 1289 2688 mos
1326 2652 1435 2690 nou
1470 2646 1608 2689 erat.
1657 2636 1713 2690 ld
1758 2636 1957 2693 videns

352 2727 604 2782 Joannes
634 2744 647 2779 :
677 2745 697 2779 ι
739 2726 886 2781 Deus
922 2726 1019 2781 tibi
1050 2727 1361 2792 lienedieat,
1390 2746 1496 2783 non
1531 2746 1649 2799 ego,
1686 2748 1705 2780 ι
1738 2730 1851 2796 ait;
1888 2744 1953 2784 ac

356 2821 730 2876 nihilominus
776 2822 973 2890 ecquid
1034 2836 1094 2875 se
1144 2836 1338 2874 verum
1379 2821 1746 2889 patriarchatn
1791 2836 1955 2887 agno-

354 2922 548 2970 sceret
594 2912 872 2982 quaesivit.
926 2913 1317 2981 Deprehensus
1347 2915 1633 2981 Augustus
1665 2914 1949 2983 inopinata

357 3008 826 3077 interrogatione,
872 3017 927 3062 et
978 3008 1095 3060 sive
1151 3021 1342 3061 revera
1386 3009 1581 3061 volens
1626 3007 1748 3075 ejus
1789 3007 1954 3062 bene-

2063 1931 2163 1967 σαν
2196 1912 2326 1977 εἶδε,
2356 1917 2593 1982 γυναῖκα
2625 1914 2848 1978 πολλαῖς
2873 1912 3260 1983 κατακώχιμον
3292 1913 3500 1984 χάρισι,
3520 1913 3655 1965 Συν-

2058 2007 2301 2061 τὲθαπτο
2324 2006 2382 2060 δέ
2419 2010 2467 2060 οἱ
2509 2008 2605 2060 καὶ⁹
2637 2008 2834 2062 ἐνδεῶν
2878 2006 3081 2075 πλῆθος
3113 2006 3358 2075 ἄπειρον,
3396 2000 3478 2068 οἷς
3528 2003 3651 2057 καθ’

2063 2099 2279 2170 ἡμέραν
2313 2101 2569 2168 ἐπήρκει.
2606 2099 2718 2153 Καί
2743 2099 2793 2151 oi
2821 2099 2891 2152 τὰ
2921 2097 3022 2167 τῆς
3047 2099 3198 2159 ὁσίας
3224 2098 3357 2167 προς
3387 2098 3446 2149 τὸ
3482 2114 3654 2166 μεγα-

2062 2190 2335 2261 λειότερον
2366 2191 2745 2260 ἐξασκούμενα
2769 2190 2904 2260 πρδς
2935 2190 3104 2242 ἑαυτὰ
3142 2192 3361 2259 ὲιρεϊλκε
3399 2190 3490 2242 τὸν
3518 2190 3652 2243 ἅμα·

2062 2302 2187 2338 κτα.
2229 2285 2341 2338 Καὶ
2392 2285 2462 2339 τὰ
2504 2283 2603 2352 μὲν
2636 2283 2745 2337 τῶν
2779 2281 3117 2352 κινουμένων
3165 2282 3442 2352 ὴπρακτει
3471 2283 3611 2346 τέως
3638 2299 3650 2311 ⁸

2066 2460 2425 2529 simplicitate
2480 2461 2774 2524 induisset,
2832 2474 2929 2514 seu
2993 2458 3170 2513 deﬁxa
3230 2472 3390 2512 mens
3429 2455 3550 2525 ejus
3598 2456 3656 2510 in

2065 2556 2249 2610 modis
2279 2554 2636 2623 providendis
2661 2552 2915 2616 vitandae,
2948 2567 3071 2620 quae
3104 2551 3229 2604 inde
3259 2550 3414 2619 sequi
3444 2555 3655 2616 posset,

2063 2645 2438 2703 traductionis
2485 2656 2539 2699 et
2590 2644 2868 2697 irrisionis
2917 2643 3028 2706 sui,
3084 2641 3344 2710 expedire
3395 2640 3543 2709 quod
3598 2639 3657 2693 in

2062 2740 2188 2794 loco
2224 2738 2434 2793 diceret
2489 2752 2600 2790 non
2654 2737 2852 2805 potuit.
2911 2735 2975 2787 Et
3037 2735 3381 2788 aversiouem
3417 2734 3508 2787 ille
3536 2730 3661 2802 qui-

2062 2834 2185 2886 dem
2220 2831 2275 2885 in
2316 2830 2583 2884 Joannem
2627 2828 2882 2895 concepit
2934 2829 3156 2881 tacitam
3198 2845 3211 2881 :
3253 2826 3394 2880 iram
3450 2834 3659 2890 autem,

2054 2937 2289 2991 eamque
2326 2922 2732 2984 vehementem,
2795 2920 2942 2972 haud
2998 2919 3419 2973 dissimulanter
3464 2914 3661 2970 effudit

2057 3015 2112 3067 in
2149 3023 2285 3069 tunc
2341 3014 2419 3067 illi
2475 3022 2725 3067 astantes
2761 3013 3077 3080 epis'COpos,
3114 3026 3254 3080 quos
3288 3009 3534 3062 illusioui
3570 3006 3659 3063 sui

358 3102 627 3157 dictionis
682 3101 962 3169 particeps
1017 3100 1157 3161 ﬁeri,
1210 3100 1326 3175 sive
1383 3115 1566 3153 causa:
1618 3114 1682 3152 ac
1728 3099 1961 3167 tempori
1989 3116 2034 3179 ρ
2069 3116 2404 3175 cooperatos
2432 3103 2812 3172 suspectabat.
2853 3101 3101 3179 Fuerunt
3141 3101 3192 3154 hi
3236 3108 3420 3153 autem
3455 3096 3661 3168 reperti

359 3193 643 3257 serviens,
691 3192 1200 3259 oﬂensionemque'
1235 3191 1388 3244 senis
1449 3190 1830 3245 vcrisiutiliter
1887 3205 1957 3243 ex

358 3287 659 3358 negatione
710 3293 1031 3341 secuturam
1083 3284 1160 3338 uti
1198 3299 1370 3352 scopo
1405 3282 1538 3352 quo'
1562 3284 1835 3352 aspiraret
1865 3282 1961 3336 ad-

344 3380 671 3435 ’vcrsariam
711 3378 915 3442 vitans,
975 3376 1096 3431 sive
1149 3375 1391 3444 denique
1448 3373 1588 3429 bene
1649 3376 1956 3442 impensam

358 3470 814 3540 qualemcunque
864 3466 1296 3521 assentationem
1346 3472 1635 3531 reputans,
1687 3480 1791 3532 qua
1830 3478 1957 3533 gra-

359 3566 501 3619 tiam
535 3562 638 3617 sibi
663 3560 781 3628 ejus
824 3558 1382 3631 benevolentiamque
1413 3558 1763 3627 adjungeret,
1797 3568 1853 3610 ut
1887 3570 1954 3609 eo

363 3657 569 3713 deinde
606 3655 767 3710 hilari
828 3662 1199 3725 promptaque
1234 3652 1301 3706 ad
1340 3652 1632 3707 favendum
1686 3658 1957 3711 uteretur,

362 3764 493 3804 cum
541 3732 598 3802 et
644 3745 851 3814 alioqui
911 3746 978 3799 de
1027 3742 1399 3798 abdicationis
1450 3741 1745 3809 qualitate.
1781 3740 1959 3793 valida

363 3844 461 3899 illa
494 3856 672 3897 necne
700 3847 876 3903 esset,
922 3853 1035 3895 non
1083 3852 1251 3894 suum
1284 3836 1380 3892 sed
1413 3838 1804 3906 episcoporum
1837 3850 1962 3889 esse

360 3936 633 4008 judicium
680 3932 995 4002 cogitaret,
1042 3929 1388 3999 respondens
1434 3926 1719 3997 professus
1772 3935 1859 3980 est
1902 3942 1963 3980 se

368 4043 474 4098 pro
524 4024 774 4095 legitimo
831 4021 1153 4092 patriarcha
1207 4018 1484 4073 Joannem
1551 4017 1778 4072 habere.
1840 4014 1960 4081 Quo

362 4120 610 4176 Joannes
678 4114 914 4178 audito,
982 4112 1201 4166 vincula
1262 4110 1450 4166 statim
1508 4109 1747 4164 indueus
1814 4107 1960 4161 leoni

364 4223 532 4280 capto
570 4227 583 4262 :
629 4228 646 4261 t
685 4207 852 4277 Atqui
880 4204 1153 4274 siquidem
1182 4203 1496 4272 patriarcha
1525 4216 1626 4271 ego
1659 4218 1783 4255 vere
1809 4216 1963 4261 sum,

364 4319 493 4360 mea
530 4300 774 4358 nondum
807 4298 1161 4354 abdicatione
1210 4297 1293 4350 vel
1335 4296 1564 4364 probata
1594 4294 1678 4349 vel
1713 4305 1959 4362 accepta,

367 4405 880 4470 perseveranteque
913 4394 1098 4447 adhuc
1149 4392 1201 4444 in
1236 4404 1434 4457 magna
1481 4388 1728 4442 Ecclesia
1760 4395 1815 4441 et
1852 4404 1966 4441 ttzo-

367 4595 485 4640 tate
533 4590 742 4638 sancta:
790 4579 1084 4634 Trinitatis
1140 4578 1710 4633 excommunicationi
1768 4576 1967 4644 majori

366 4677 610 4748 subjici.»
640 4674 803 4746 377
851 4687 978 4728 eum
1037 4672 1132 4742 qui
1186 4673 1330 4727 Volet
1379 4672 1672 4727 dominum
1711 4673 1962 4725 Athana-

364 4774 516 4829 sium
553 4769 606 4823 in
646 4766 1008 4839 patriarchali
1037 4781 1231 4822 rursus
1265 4764 1397 4821 sede
1420 4767 1780 4820 constituere.
1828 4783 1848 4816 ›
1887 4764 1965 4819 Ita

366 4865 488 4926 ille,
525 4862 703 4931 palam
757 4859 1030 4913 damnans
1088 4873 1215 4912 cum
1258 4857 1557 4913 Athanasii
1605 4857 1800 4911 ltevum
1847 4855 1967 4910 aui-

366 4972 547 5018 mum,
585 4954 683 5025 qui
735 4952 943 5008 oblitus
984 4951 1317 5006 tumultuutu
1364 4966 1507 5020 quos
1555 4950 1676 5020 ejus
1731 4949 1969 5018 pa‘ttiaro

368 5051 575 5104 citatus
607 5045 930 5107 excitasset,
981 5043 1166 5098 denuo
1214 5044 1282 5096 ad
1341 5044 1599 5097 thronum
1667 5042 1962 5111 aspiraret,

367 5156 489 5197 tum
522 5140 873 5210 imperatoris
924 5139 1173 5192 fraudem
1216 5144 1271 5192 et
1302 5135 1649 5199 facilitatem,
1685 5137 1829 5189 hanc
1855 5150 1961 5204 qua

365 5246 486 5290 tam
550 5233 745 5287 leviter
801 5231 1012 5286 homini
1060 5232 1299 5299 privato,
1332 5230 1537 5283 dudttm
1587 5229 1654 5283 ad
1702 5227 1963 5283 Ecclesiae

366 5328 622 5399 regimen
663 5327 854 5394 inepto
905 5325 1255 5394 deprehenso
1278 5360 1292 5384 ,
1329 5322 1769 5391 patriarcltatutn
1805 5321 1963 5377 detu-

366 5423 553 5487 lisset,
588 5421 740 5474 illam
774 5433 881 5489 qua
920 5428 1049 5489 post
1090 5418 1193 5472 ista
1231 5418 1284 5470 in
1318 5412 1443 5471 luce
1476 5416 1778 5471 meridiana
1810 5426 1963 5485 gesta

369 5516 478 5571 sibi
557 5516 824 5581 obrepere
893 5520 1075 5567 astuta
1146 5512 1596 5566 dissimulatione
1668 5518 1963 5565 tentasset.

368 5608 519 5661 lctus
559 5617 742 5661 autem
790 5606 1090 5675 improviso
1141 5606 1439 5674 imperator
1463 5645 1477 5669 ,
1520 5604 1689 5658 verbo
1726 5619 1833 5658 non
1867 5604 1964 5656 ad-

370 5701 508 5757 dito.
544 5700 840 5761 abscessit,
882 5715 977 5753 seu
1032 5697 1242 5769 pudore
1273 5698 1623 5768 deceptiouis
1660 5697 1961 5753 obmutue-

372 5796 468 5857 rit,
524 5794 574 5845 iu
611 5809 681 5859 qu
728 5809 775 5845 ιιι
816 5795 1118 5860 pra-srviat
1156 5808 1255 5846 sea
1309 5809 1366 5846 se
1400 5793 1516 5859 ipse
1548 5791 1691 5848 ultro
1735 5789 1959 5847 incanta

2065 3204 2181 3249 tum
2240 3195 2384 3263 apud
2441 3194 2815 3263 patriarcltam
2870 3176 3134 3260 episcopi,
3191 3190 3337 3261 quod
3394 3205 3487 3243 eos
3546 3190 3663 3257 ipse

2065 3288 2417 3347 advocasset,
2482 3287 2808 3356 Ancyranus
2873 3284 3134 3352 Babylas,
3188 3284 3477 3336 Cretensis
3502 3280 3663 3334 Nice-

2063 3382 2277 3450 phorus
2307 3387 2360 3431 et
2406 3377 2740 3430 Bitzineusis
2789 3375 2989 3429 Lucas.
3035 3375 3244 3428 Tamen
3281 3374 3424 3427 idern
3465 3376 3662 3443 Augu-

2064 3475 2186 3522 stus
2223 3466 2383 3520 {antae
2435 3465 2671 3519 studens
2729 3480 2844 3519 suae
2895 3465 3206 3529 consulere,
3257 3480 3326 3517 ne
3380 3465 3543 3533 plane
3596 3480 3663 3518 ac

2061 3562 2204 3615 citra
2258 3560 2640 3627 exceptionem
2699 3557 2868 3611 ullam
2918 3558 3501 3612 excommunicatione
3539 3572 3663 3626 per-

2062 3654 2255 3710 culsus
2302 3653 2377 3706 ita
2421 3650 2733 3716 videretur,
2772 3650 3102 3704 convocatis
3161 3664 3358 3704 rursus
3391 3650 3662 3718 postridie

2062 3761 2207 3817 quos
2239 3743 2507 3798 adhibere
2542 3750 2936 3808 consueverat,
2971 3757 3030 3796 se
3057 3739 3351 3809 deceptum
3398 3751 3484 3798 est
3517 3758 3656 3812 que-

2062 3851 2206 3901 stus,
2243 3854 2370 3892 rem
2413 3837 2491 3892 uti
2532 3845 2682 3906 gesta
2722 3843 2807 3890 est
2839 3835 3079 3905 aperuit,
3133 3836 3202 3889 de
3245 3836 3430 3891 studio
3477 3844 3661 3889 autem

2064 3933 2331 4000 deinceps
2366 3929 2460 3984 illo
2506 3928 2724 3982 ardenti
2757 3926 3042 3982 declarato
3076 3941 3206 3998 erga
3243 3928 3659 3983 restitutionem

2066 4025 2356 4080 Athanasii
2398 4022 2641 4084 remisit,
2674 4031 2959 4089 utcunque
3005 4020 3359 4075 Athanasius
3408 4021 3527 4088 ipse
3561 4020 3665 4074 hoc

2065 4118 2212 4173 facto
2246 4117 2480 4180 audito,
2520 4113 2854 4169 aliirmasset
2915 4114 3066 4181 paria
3127 4129 3251 4167 cum
3295 4113 3567 4183 Sapphira
3609 4119 3663 4167 et

2065 4212 2282 4267 Auauia
2316 4225 2581 4279 peccasse
2610 4209 2909 4273 Joannem,
2941 4217 3129 4277 utpote
3153 4210 3247 4277 qui
3278 4209 3462 4261 datum
3490 4208 3662 4262 semel

2071 4305 2184 4360 Deo
2218 4303 2620 4368 sacerdotium,
2648 4313 2813 4372 prout
2840 4311 2990 4357 esset
3045 4308 3281 4356 testatus
3311 4296 3662 4357 abdicatione
3752 4332 3757 4343 ι

2030 4390 2045 4405 ⁸
2068 4399 2282 4469 scripto
2311 4397 2482 4461 edita,
2514 4397 2717 4451 iterum
2760 4395 3188 4464 resumpsisset.

366 4492 633 4548 nasteriis
665 4490 1201 4544 commemoratione
1246 4484 1351 4537 mei
1402 4485 1664 4546 neminis,
1716 4483 1957 4535 auctori-
1996 4482 2042 4539 [ι

2375 4492 2432 4546 4.
2475 4489 2552 4544 De
2581 4500 2749 4543 morte
2777 4489 3012 4544 domina:
3038 4487 3347 4543 Tlteodortc.

2140 4582 2288 4638 inter
2317 4583 2434 4637 haec
2467 4590 2645 4637 mater
2676 4581 3032 4653 imperatoris
3060 4580 3366 4649 aegrotabat
3390 4578 3660 4648 graviter,

2066 4687 2233 4746 atque
2286 4677 2429 4732 adeo
2484 4684 2795 4731 extremum
2862 4675 2977 4745 jam
3052 4675 3314 4745 spiritum
3379 4673 3661 4728 trahebat.

2065 4770 2256 4839 Itaque
2281 4768 2417 4824 feria
2435 4768 2682 4823 secunda
2694 4768 2957 4823 secunda:
2978 4768 3321 4836 jejuniorum
3338 4767 3506 4838 378
3529 4767 3666 4820 heb-

2065 4863 2318 4917 domadas
2345 4871 2619 4917 mortuam
2648 4864 2951 4933 Augustam
2978 4862 3139 4925 vidit,
3159 4860 3446 4915 mulierem
3470 4861 3664 4931 utique

2066 4940 2365 5011 multarunt
2403 4955 2791 5025 complexione
2846 4954 3151 5024 gratiarum
3196 4963 3473 5016 ornatam,
3533 4968 3660 5008 cum

2065 5062 2172 5118 qua
2198 5048 2364 5102 simul
2395 5049 2618 5116 sepeliri
2656 5063 2783 5117 spes
2820 5062 2884 5100 ac.
2913 5047 3053 5099 vitas
3079 5047 3333 5121 proprias
3360 5046 3663 5102 multitudo

2061 5140 2357 5196 innumera
2390 5156 2720 5211 egenorum,
2771 5156 2913 5210 quos
2946 5141 2999 5194 in
3037 5140 3159 5195 dies
3202 5140 3406 5204 alebat,
3439 5156 3665 5211 gemens

2059 5233 2453 5289 attestabatur.
2499 5232 2580 5285 Ad
2629 5233 2796 5287 funus
2844 5247 3012 5303 porro
3040 5233 3162 5302 ejus
3196 5232 3398 5303 insig‘ni
3431 5246 3668 5302 appara-

2096 5335 2190 5381 tus
2250 5325 2667 5395 magnitlcentia
2721 5326 3114 5380 celebrandum
3166 5336 3335 5380 tutam
3388 5326 3670 5395 Augustus

2069 5419 2243 5476 animi
2297 5419 2658 5474 attentionem
2705 5419 2897 5475 vertit.
2937 5418 3096 5475 Unde
3135 5421 3381 5474 distento
3432 5432 3498 5472 eo
3561 5418 3669 5487 piis

2069 5513 2643 5584 curisparentalium
2694 5516 2862 5569 matri
2929 5516 3193 5586 Augustae
3245 5528 3356 5583 quo
3410 5525 3512 5580 par
3549 5519 3672 5565 erat

2069 5604 2366 5671 splendore
2399 5605 2874 5671 adornaudorum,
2936 5622 3023 5661 res
3074 5620 3252 5674 nuper
3300 5611 3462 5655 motae
3522 5617 3666 5671 quo-

2068 5699 2195 5752 dum
2241 5699 2465 5752 interim
2499 5697 2720 5768 justitio
2757 5699 3009 5755 remissae
3040 5688 3397 5767 quieverunt.
3442 5692 3659 5749 Elatum

2064 5808 2228 5851 norm
2307 5788 2552 5847 domina:
2609 5792 2845 5847 cadaver
2881 5802 2966 5848 est
3010 5787 3446 5853 speciosissiznis
3497 5803 3657 5844 exsc-
