4024 6468
391 338 503 399 415

1598 349 1921 410 GEORGII
1970 353 2456 414 PACHYMERE

3547 351 3651 415 416

387 459 415 508 ὁ
452 455 633 523 δὲτὴν
678 458 922 528 ἐκφορὰν
985 462 1423 530 μεγαλοπρεπῶς
1472 465 1868 535 ἐξαρτυόμενος
1900 471 1963 538 τῇ
2003 478 2045 528 Λ
2075 473 2168 523 καὶ
2196 475 2259 540 τῇ
2294 472 2384 521 ἐπὶ
2420 469 2513 522 τοῦ
2582 467 2885 522 κανικλεὶου
2953 466 3186 537 θυγατρὶ
3220 464 3312 520 τοῦ
3374 467 3650 536 Χούμνου,

386 548 663 617 δεσποίνῃ.
723 551 883 611 αὐτὸς
912 554 1005 604 καὶ
1061 557 1390 621 μεγιστᾶνες
1444 559 1539 610 καὶ
1593 558 1795 627 κλῆρος
1823 559 1967 621 ἅπας

389 639 484 693 καὶ
517 628 763 708 μοναὶοὶ,
817 644 909 694 καὶ
959 645 1083 697 ὅσον
1114 644 1180 714 ἦν
1232 647 1293 699 τὸ
1319 650 1418 716 τῆς
1450 649 1746 715 πολιτείας,
1780 652 1967 703 συνελο

391 729 577 792 θόντες
628 732 732 783 ὑπὸ
775 733 955 802 πολλῷ
1009 737 1106 802 μὲν
1136 740 1227 789 καὶ
1274 739 1489 805 δαψιλεί
1517 740 1593 809 τῷ
1621 742 1759 809 φωτὶ
1786 742 1877 794 καί
1903 758 1967 808 γε.

390 825 665 888 ποικίλαις
694 828 811 888 ταῖς
846 827 1154 893 μελῳδίαις,
1189 830 1565 899 ἀντηχούντων
1622 834 1728 885 τῶν
1761 836 1967 902 γοερῶν

391 915 773 985 θρηνητηρίων
810 920 921 980 τοῖς
981 917 1212 989 ᾄσμασι,
1274 922 1441 992 πολλῇ
1488 922 1637 992 δὲτῇ
1673 923 1971 996 δορυφορίᾳ.

392 1009 488 1060 καὶ
520 1011 584 1077 τῇ
639 1008 1022 1079 λαμπρότητι,
1075 1011 1151 1074 ὡς
1181 1011 1276 1083 τὴν
1310 1015 1463 1065 πόλιν
1510 1013 1730 1068 ἃπασαν
1775 1016 1969 1085 γέμειν

392 1099 526 1167 ὁμοῦ
568 1100 665 1166 μὲν
701 1099 1077 1170 θυμιαμάτων,
1108 1103 1245 1170 ὁμοῦ
1279 1103 1334 1156 δὲ
1360 1105 1605 1158 παιάνων
1635 1123 1695 1158 τε
1725 1108 1820 1159 καὶ
1848 1125 1971 1159 στε-

394 1189 712 1259 ναγμάτων,
745 1192 803 1243 ὲν
826 1191 1006 1261 καιρῷ
1027 1194 1265 1260 νιφάδων
1293 1212 1350 1246 τε
1370 1197 1465 1247 καὶ
1494 1196 1754 1266 βορϐόρου
1785 1197 1971 1265 ἐξέφε-

397 1296 491 1351 ρον
523 1280 611 1335 τὸν
650 1282 864 1351 νεκρὸν,
896 1283 1005 1334 οὐδ’
1035 1283 1199 1336 αὑτοῦ
1236 1284 1501 1354 βασιλέως
1525 1286 1612 1358 [Ρ.
1650 1288 1779 1360 265]
1808 1290 1876 1343 τὰ
1913 1290 1970 1353 ἐς

396 1369 560 1439 τιμὴν
591 1371 954 1437 ἐλλείποντος,
979 1373 1113 1426 ἀλλὰ
1139 1374 1299 1445 σοροῦ
1331 1379 1427 1446 μὲν
1450 1378 1661 1448 ἐκείνης
1698 1380 1972 1450 ήμμένου,

396 1462 486 1514 διὰ
526 1463 785 1532 βορὸόρου
832 1464 889 1517 δὲ
925 1466 1176 1519 πλείστου
1230 1468 1324 1519 καὶ
1357 1469 1646 1540 ὀλισθηροῦ
1677 1471 1973 1540 βαίνοντος,

402 1554 565 1623 μέχρι
618 1556 712 1608 καὶ
746 1556 845 1624 τὴν
871 1557 1045 1628 Λείψη
1088 1560 1489 1625 καταλαϐόντες
1526 1563 1692 1633 μονὴν
1723 1565 1806 1633 ἐφ’
1837 1565 1978 1635 ἡμέ-
2056 1563 2060 1567 “

404 1661 525 1713 ραις
553 1646 626 1706 ὡς
647 1647 793 1710 είκδς
820 1648 1036 1703 ἐτέλουν
1061 1650 1128 1703 τὰ
1151 1651 1249 1721 τῆς
1276 1652 1452 1715 ὁσίας,
1483 1655 1787 1723 ἀναγκαίαν
1817 1658 1979 1727 ἀσχο-

402 1734 523 1788 λίαν
552 1738 646 1788 ὲπὶ
681 1738 852 1811 ταύτῃ
884 1740 977 1793 καὶ
1012 1742 1279 1812 βασιλέως
1307 1744 1541 1813 ἔχοντος.

2073 562 2265 629 ἀνδρὸς
2318 560 2483 623 tropei
2530 576 2583 612 τε
2639 559 2731 612 καὶ
2756 554 3002 609 εὐνοϊκοῦ
3036 554 3109 625 τῷ
3140 556 3432 627 κρατοῦντι
3465 557 3657 625 διαφε-

2076 631 2279 719 ρόντως
2302 650 2571 712 δόξαντος,
2607 648 2713 717 πρὸ
2748 646 2940 715 καιροῦ
2979 649 3188 716 μνηστῇ
3223 644 3299 715 τῷ
3343 647 3564 718 Ἰωάννῃ
3595 645 3656 711 ἐξ

2077 739 2379 809 ίερολογίας
2402 738 2556 807 οὔσῃ,
2599 737 2886 807 βασίλισσα
2915 738 3186 805 δεσπότην
3215 739 3296 800 είς
3328 738 3525 790 ταυτὸν
3562 738 3655 789 τ“.ν

2071 832 2186 883 υίδν
2218 831 2339 898 ἄγει
2371 832 2461 882 καὶ
2483 830 2570 883 διὰ
2594 830 2791 898 γάμων
2816 843 2829 858 ·
2857 829 3032 881 ἐδόκει
3054 828 3161 898 γὰρ
3195 828 3419 898 ξυνεκδη
3435 830 3555 897 μεῖν
3583 830 3654 898 τῇ

2071 921 2326 992 δεσποίνῃ
2358 921 2627 974 κάκεῖνον.
2665 919 2773 973 Καὶ
2822 918 2912 971 διὶ
2942 918 3101 971 τοῦτο
3135 917 3286 972 ἐνθεν
3321 919 3418 988 μὲν
3456 918 3517 971 τὸ
3561 918 3657 971 ἐπὶ

2074 1011 2361 1084 Αὖγούστῃ
2395 1011 2610 1075 πένθος,
2637 1009 2845 1064 ἐκεῖθεν
2881 1010 2937 1062 δέ
2969 1010 3056 1063 διὰ
3084 1010 3173 1062 τὶν
3205 1009 3319 1062 υἱὸν
3344 1010 3439 1062 καὶ
3462 1010 3514 1062 οἱ
3548 1010 3654 1077 γά-

2078 1121 2168 1173 μοι
2200 1104 2589 1173 ἐσχεδιάζοντο.
2659 1102 2746 1164 Ὠς
2779 1102 2823 1154 δ’
2866 1100 2953 1155 ἐπ’
2987 1100 3184 1166 ἐξόδοις
3225 1103 3258 1170 ἡ
3294 1100 3554 1154 δέσποινα
3586 1096 3657 1171 ἦν

2077 1196 2308 1266 (ἤπειγε
2349 1197 2455 1265 γὰρ
2507 1195 2678 1264 αὐτὴν
2719 1196 2750 1264 ὴ
2793 1195 2884 1247 ἐπὶ
2924 1193 3151 1264 θυγατρὶ
3196 1194 3423 1262 στοργὴ,
3460 1193 3537 1255 ὡς
3571 1194 3657 1246 ὲλ-

2076 1286 2275 1338 θοῦσαν
2312 1286 2412 1339 ῐδοι
2445 1287 2539 1336 καὶ
2587 1283 3001 1355 περιπτύξαιτο)
3025 1326 3040 1350 ,
3098 1284 3186 1353 ἐφ’
3218 1286 3455 1354 ἡμέραις
3506 1287 3598 1337 καὶ
3634 1287 3659 1337 t‘.

2077 1379 2294 1448 κρατῶν
2325 1377 2727 1446 συνεξέρχεται,
2761 1376 2855 1430 καὶ
2885 1375 3027 1429 κατὰ
3054 1377 3254 1447 τρόπον
3296 1376 3627 1446 ὲξετοιμασά

2084 1486 2244 1537 μενος
2269 1468 2337 1520 τὰ
2363 1469 2607 1538 ἐξιτήρια
2633 1468 2989 1540 ὑποστρέφει.

2084 1581 2159 1647 ς’.
2194 1585 2530 1651 Συσκέψεις
2548 1585 2680 1650 περὶ
2707 1583 2811 1638 τοῦ
2832 1584 3284 1653 ἐκφωνηθέντος
3305 1583 3441 1652 παρ’
3463 1582 3667 1637 Ἰωάν-

2629 1671 2742 1708 νου
2767 1654 3132 1723 ἀφοριὸνμοῦ.

2158 1745 2267 1797 Καὶ
2317 1746 2439 1798 τότε
2497 1745 2605 1797 τῶν
2639 1745 2849 1797 πολλῶν
2904 1745 3117 1807 ἀνεθεὶς
3164 1745 3462 1814 φροντίδων
3498 1746 3666 1814 ὁμόσε

506 1847 581 1900 τά
610 1849 741 1915 περι
768 1851 882 1931 ῖῆς
913 1851 1285 1931 meum
1311 1855 1419 1921 τῆς
1447 1858 1779 1931 enorme,
1809 1862 1985 1931 ειρή-
2016 1822 2057 1875 Β
2088 1837 2283 1931 γε)ρεί
2303 1838 2438 1931 ,Ἔαῗέ
2470 1839 2606 1931 τῆς--
2637 1836 2961 1931 ἐκκληῖίας
3143 1836 3296 1931 ait"
3354 1836 3665 1931 μερὲμναιςς

542 1934 655 1982 νης
683 1920 781 1972 καὶ
812 1919 931 1973 τῶν
968 1923 1174 1990 γάμων
1212 1924 1331 1977 τῶν
1354 1919 1590 1981 ,παίδων
1629 1919 1842 1999 αὐτῆς.

484 2005 629 2061 Ἀλλ’
652 2009 959 2080 ἐπέστησαν
994 2014 1047 2065 αί
1082 2016 1396 2083 πασχὰλιοι,
1430 2018 1703 2084 καὶδόξαν
1734 2021 1987 2095 δεσποίνῃ

403 2099 498 2152 ἐπὶ
535 2101 931 2173 Θεσσαλονίκης
968 2105 1296 2175 ἀποδημεῖν,
1358 2109 1416 2159 ὲν
1464 2113 1711 2178 φροντίσι
1760 2116 1852 2166 καὶ
1900 2115 1989 2167 διὰ

403 2191 581 2244 ταῦτα
610 2194 731 2254 ταῖς
754 2193 1081 2261 ἀναγκαίαις
1104 2197 1131 2249 ὁ
1161 2198 1380 2266 κρατῶν
1412 2201 1640 2266 γίνεται.
1666 2205 1774 2258 Καὶ
1801 2206 1990 2274 πρῶτα

412 2283 514 2353 μὲν
536 2283 612 2354 τῷ
643 2284 744 2353 υίῷ
792 2284 1014 2361 Ἰωάννῃ
1046 2288 1139 2341 καὶ
1173 2288 1409 2363 δεσπότῃ
1434 2292 1727 2358 τελεῖ-τοὺς
1752 2296 1988 2365 γάμους,

405 2467 580 2534 quiis,
626 2466 745 2534 ipso
779 2466 899 2534 ejus
954 2467 1065 2521 filio
1114 2470 1361 2539 Augusto
1415 2486 1559 2545 eum.
1601 2476 1990 2543 summatibus,

413 2562 562 2616 clero
599 2562 877 2623 universo,
917 2565 1200 2618 monachis
1244 2579 1311 2618 ac
1360 2573 1475 2620 toto
1515 2566 1718 2621 civium
1761 2585 1993 2639 corpore

409 2666 664 2722 p0mpam
719 2654 917 2708 ordine
965 2655 1131 2725 longo
1198 2657 1539 2726 magnificam
1598 2661 1988 2728 trahentibus,

409 2743 515 2797 sub
549 2745 717 2799 multo
748 2746 1096 2813 praelatarum
1130 2749 1331 2818 passim
1365 2749 1543 2804 facutn
1579 2767 1643 2807 ac
1676 2754 1990 2824 lampadum

412 2837 644 2903 lumine,
694 2849 1029 2908 personante
1070 2844 1182 2896 late
1218 2845 1358 2898 caelo
1404 2846 1556 2899 varia
1615 2848 1877 2911 melodia,
1938 2860 1993 2904 et

410 2938 567 3002 grato
605 2939 1034 2999 temperamento
1065 2935 1413 2990 modulorum
1445 2939 1677 2994 diversa:
1707 2942 1993 3010 qualitatis

411 3022 838 3077 excitatioribus
890 3026 1125 3081 canticis
1175 3027 1488 3095 lugubrium
1534 3032 1866 3088 threnorum
1927 3046 1992 3086 ac

2093 1926 2181 1997 [P.
2217 1926 2345 1998 26H
2383 1928 2492 1979 Καὶ
2518 1928 2678 1981 πάλιν
2705 1927 2975 1992 συνάξεις,
3014 1929 3108 1980 καὶ
3140 1928 3301 1981 πάλιν
3335 1927 3540 1983 σύνοδοι
3575 1928 3671 1980 καὶ

2094 2019 2505 2088 συνδιασκέψεις
2531 2019 2624 2071 καὶ
2648 2019 2794 2086 λόγοι
2826 2020 2922 2071 καὶ
2948 2019 3294 2107 συζητησειις,
3316 2019 3633 2088 προηγουμέ
3649 2047 3673 2058 -

2091 2130 2196 2176 νως
2227 2114 2354 2181 περὶ
2402 2112 2492 2164 τοῦ
2545 2111 2951 2180 ἐκφωνηθέντος
2990 2110 3123 2180 παρ’
3168 2111 3416 2163 Ἰωάννου
3474 2112 3674 2177 ἀφορι-

2092 2205 2253 2273 σμοῦ,
2286 2207 2331 2256 εἰ
2364 2204 2575 2258 δίκαιον
2630 2201 2774 2273 εἶχεν
2827 2202 3108 2273 ἀφορίζειν
3154 2203 3382 2263 ἐκεῖνος.
3414 2201 3523 2255 Καὶ
3551 2201 3670 2261 τοῖς

2095 2299 2194 2365 μὲν
2225 2296 2399 2349 ἐδόκει
2419 2311 2433 2327 ο
2494 2295 2654 2367 μέχρι
2681 2295 2790 2366 γὰρ
2838 2298 2931 2347 καὶ
2959 2295 3077 2347 τότε
3127 2294 3289 2347 αὐτὸν
3318 2294 3409 2346 ἐπὶ
3436 2291 3545 2346 τῶν
3577 2294 3670 2346 ὲκ·-

2092 2476 2378 2540 dcspotam
2413 2488 2573 2528 suum
2613 2474 2783 2527 filium
2830 2473 3066 2528 induxit.
3110 2474 3226 2528 ΙΙοο
3258 2475 3571 2543 properavit
3598 2492 3665 2529 ex

2093 2577 2221 2622 voto
2253 2567 2446 2621 uxoris
2498 2567 2803 2634 imperator
2853 2566 2907 2619 in
2948 2577 3267 2634 apparatum
3304 2565 3665 2621 Thessaloni-

2093 2659 2545 2719 censisitineris,
2572 2658 2718 2727 quod
2756 2657 2921 2725 hujus
2949 2658 3207 2711 comitem
3239 2674 3426 2713 secum
3459 2660 3667 2715 ducere

2094 2750 2267 2805 [ilium
2324 2750 2594 2804 Joannem
2646 2750 2936 2818 despotam
2994 2751 3314 2820 imperatrix
3385 2753 3665 2821 cupiebat.

2096 2842 2277 2908 Quare
2309 2843 2364 2896 in
2409 2842 2790 2912 discrepantes
2843 2843 3158 2898 functiones
3212 2844 3425 2899 funeris
3476 2854 3528 2897 et
3565 2861 3668 2897 nu-

2098 2937 2333 3006 ptiarum
2394 2937 2546 2991 brevi
2612 2936 2965 2991 continuatas
3022 2936 3346 2991 discrimine
3401 2940 3669 3007 temporis

2098 3028 2418 3083 festinantis
2484 3028 2653 3083 animi
2714 3043 2846 3083 cura
2885 3029 3123 3097 partita,
3185 3038 3474 3098 utramque
3503 3047 3671 3098 quam

415 3115 735 3183 planctuum
790 3119 1051 3172 mmsiitia
1096 3132 1482 3189 responsante.
1517 3124 1765 3178 Tenebat
1822 3125 1989 3178 etiam
2019 3156 2064 3219 Ο
2098 3115 2387 3173 artissimo
2435 3117 2517 3173 fas
2559 3117 2662 3171 fuit
2690 3119 3015 3187 eontpendio
3059 3119 3412 3174 Andronicus
3447 3122 3676 3191 expedi-

417 3209 611 3264 oeulos
658 3210 891 3266 illustris
926 3214 1139 3283 species
1196 3215 1473 3269 numerosi
1524 3225 1578 3270 et
1620 3219 1798 3271 ornati
1827 3218 1997 3271 satel-

422 3301 561 3366 litii;
614 3304 855 3373 urbsque
890 3306 1029 3359 adeo
1069 3314 1181 3361 tota
1242 3309 1592 3365 redundabat
1640 3314 1802 3367 simul
1840 3313 1993 3371 fumo

413 3403 471 3448 et
502 3394 670 3450 odore
700 3397 1139 3468 thymiamatum,
1190 3399 1353 3455 simul
1406 3417 1545 3457 sono
1597 3403 1829 3460 confuso
1857 3422 1997 3476 paea-

419 3500 552 3537 nutu
587 3494 641 3538 ct
682 3489 1071 3556 suspiriorum,
1108 3489 1304 3545 nivoso
1341 3502 1587 3563 tempore
1637 3511 1702 3550 ac
1738 3497 1841 3553 viis
1890 3501 1997 3552 late

418 3577 551 3632 totis
600 3592 757 3633 emno
789 3579 1167 3647 sordentibus,
1200 3591 1450 3654 Augusto
1483 3602 1620 3641 sane
1669 3589 1807 3642 nihil
1861 3605 1997 3644 sua-

421 3683 544 3721 rum
583 3670 819 3734 partinm
848 3671 915 3725 ad
945 3687 1162 3729 omnem
1197 3674 1676 3732 honoriﬁcentiam
1707 3690 1813 3734 tam
1841 3682 1999 3737 citari

424 3758 637 3814 funeris
668 3760 975 3817 desiderari
1012 3767 1274 3834 patiente,
1314 3772 1408 3825 sed
1454 3772 1693 3828 haerente
1719 3775 2000 3832 iudirulse

424 3851 629 3906 feretro
664 3856 911 3923 parentis
951 3866 1204 3925 mortuae,
1239 3875 1303 3914 ac
1329 3877 1396 3917 ne
1430 3879 1662 3934 usquam
1697 3869 1856 3922 abeo
1885 3871 2004 3925 dis-

418 3942 784 4012 iungeretur,
843 3961 940 4014 per
990 3949 1163 4004 lutum
1223 3954 1522 4022 plurimum
1599 3968 1653 4013 et
1726 3961 1998 4017 lubricum

426 4036 706 4092 laboriose
745 4041 1101 4109 procedente,
1138 4046 1317 4114 quoad
1371 4046 1425 4100 in
1486 4048 1667 4120 Lipsre
1723 4066 2005 4111 monaste-

425 4132 569 4185 rium
612 4134 873 4201 perdncta
925 4151 1120 4205 pompa
1168 4154 1267 4207 per
1318 4140 1437 4197 dies
1485 4143 1631 4208 illic,
1680 4161 1779 4215 pro
1833 4164 2005 4212 more.

424 4225 633 4295 aliquot
675 4227 819 4295 jusla
871 4238 1000 4283 sunt
1054 4231 1304 4286 funebria
1360 4232 1633 4291 defuncta:
1690 4241 2004 4307 persoluta;

424 4334 588 4386 quant
651 4319 704 4372 in
755 4335 867 4373 rem
911 4323 1288 4377 necessarium
1346 4326 1609 4391 spatium,
1649 4332 1796 4382 omni
1839 4348 2006 4400 nego-

428 4410 503 4463 tio
537 4411 869 4476 posthabito,
900 4411 1200 4481 longanitni
1236 4415 1516 4486 Augustus
1572 4419 1777 4485 pietate
1815 4438 2003 4490 persc-

430 4502 645 4553 veravit
682 4502 1023 4570 impendere.

426 4612 479 4667 5.
518 4611 591 4665 De
616 4612 940 4682 profectione
964 4618 1188 4693 ειμι-δε
1215 4618 1443 4693 domina:
1476 4620 1656 4676 [renes
1702 4632 1752 4677 et
1802 4625 2000 4693 nuptiis

1019 4688 1253 4755 ﬁliorum
1281 4691 1414 4761 ejus.

508 4776 865 4832 Pasrhalibus
908 4779 1035 4833 inde
1095 4779 1252 4835 festis
1305 4785 1841 4851 supervenientibus,
1882 4800 2004 4840 cum

433 4878 579 4925 eSset
615 4871 851 4924 domina:
900 4870 1182 4925 decretum
1215 4873 1667 4928 Thessalonicam
1708 4877 2009 4945 proﬁcisci,

430 4966 494 5017 ad
530 4965 775 5019 cu‘randa
806 4979 928 5033 quae
979 4967 1045 5018 ad
1101 4965 1153 5018 id
1205 4950 1342 5036 op‘us
1393 4980 1570 5032 erant,
1610 4984 1692 5021 νιν
1726 4970 1847 5037 ejus
1891 4969 2010 5023 Au-

427 5070 623 5128 gustus
670 5059 916 5112 animum
966 5058 1252 5127 applicuit.
1296 5063 1439 5115 Ante
1491 5062 1675 5114 omnia
1725 5063 1896 5116 visum
1927 5069 2012 5116 est

429 5149 716 5202 absolvere
752 5148 957 5202 dudum
988 5149 1154 5219 379
1199 5160 1410 5219 pactas,
1465 5152 1561 5205 sed
1608 5155 1849 5205 nondum
1881 5169 2010 5222 per-

432 5250 678 5310 pctratas
755 5242 1043 5311 complexu
1124 5242 1421 5311 conjugum
1479 5244 1711 5299 Joannis
1770 5248 2013 5314 despotaa

432 5348 556 5387 cum
610 5333 718 5387 filia
766 5334 1002 5389 Chumni
1042 5334 1284 5404 praefecti
1322 5336 1569 5391 canicleo
1605 5338 1851 5406 nuptias.
1884 5336 2017 5392 Erat

430 5424 714 5480 Chumnus
746 5428 829 5480 vir
868 5425 1108 5494 sapiens,
1144 5433 1199 5479 et
1227 5427 1545 5497 imperatori
1573 5445 1697 5483 eum
1732 5445 1797 5483 ex
1830 5431 2017 5485 animo

434 5516 732 5569 benevolus
763 5529 826 5568 ac
868 5514 1009 5568 fidus
1040 5523 1153 5568 tum
1193 5516 1369 5569 eidem
1422 5516 1666 5571 vicissim
1703 5517 1864 5572 facile
1893 5535 2013 5571 om-

436 5604 587 5658 nium
635 5605 1037 5670 charissimus;
1094 5605 1255 5671 cujus
1311 5606 1435 5659 filiae
1490 5607 1777 5673 desponsae
1813 5607 2015 5663 dudum

434 5696 627 5752 Joanni
659 5700 949 5768 praesentis
998 5700 1104 5754 rite
1142 5701 1454 5754 sact-rdotis
1501 5701 1833 5763 ministerio,
1874 5718 2017 5755 nunc

438 5788 491 5841 in
531 5789 747 5844 thorum
787 5789 900 5857 ipsa
938 5798 1114 5845 mater
1165 5793 1411 5845 Auxuma
1449 5804 1712 5846 suousum
1760 5792 2013 5849 eumdem

2099 3209 2198 3273 vit,
2252 3224 2437 3263 moras
2489 3210 2681 3278 utique
2731 3225 2841 3262 non
2897 3210 3105 3265 ferente
3137 3213 3398 3281 Augusta:
3435 3212 3487 3265 in
3530 3216 3674 3265 viam

2094 3303 2392 3372 procinctae
2422 3303 2655 3371 impetu,
2692 3317 2854 3372 quem
2909 3304 3211 3373 adnrgebat
3259 3304 3414 3359 chari
3474 3305 3682 3374 capitis

2104 3394 2449 3463 impatientia
2486 3394 2694 3450 visendi
2732 3413 2745 3449 :
2780 3395 2944 3448 filiam
2990 3395 3081 3449 illa
3140 3396 3352 3451 scilicet
3382 3395 3683 3450 Thessalo—

2104 3487 2284 3541 nicam
2347 3495 2462 3541 tum
2515 3502 2709 3543 recens
2770 3488 3063 3542 advenisse
3109 3502 3233 3542 cum
3283 3487 3564 3553 audisset,
3610 3489 3685 3542 ad

2104 3578 2224 3646 ejus
2276 3577 2387 3632 illic
2445 3577 2759 3645 amplexum
2814 3585 3064 3630 materno
3105 3577 3303 3631 aifectu
3345 3575 3683 3646 rapiebatur.

2106 3669 2305 3724 Paucis
2335 3685 2467 3739 ergo
2510 3679 2635 3739 post
2673 3668 2869 3723 diebus
2901 3668 3194 3723 abeuntem
3223 3669 3388 3723 simul
3423 3683 3688 3738 egressus

2108 3764 2451 3830 aliquantum
2498 3760 2917 3822 est‘comitatus
2964 3760 3262 3825 imperator
3291 3801 3306 3827 ,
3340 3760 3690 3830 provisisque

2107 3856 2319 3925 prolixe
2351 3855 2568 3909 cunctis
2618 3869 2739 3923 quae
2797 3853 2865 3906 ad
2921 3861 3178 3907 caeterum
3224 3853 3346 3921 ejus
3404 3852 3691 3906 deductio-

2109 3962 2230 4001 nem
2278 3962 2376 4014 pro
2431 3946 2703 4013 dignitate
2750 3944 3254 4000 administrandam
3309 3944 3689 4014 pertinebant,

2112 4039 2229 4109 ipse
2266 4055 2522 4094 reversus
2554 4041 2606 4092 in
2660 4040 2847 4094 urbem
2883 4047 2993 4093 est.

2110 4157 2164 4211 (5.
2228 4155 2648 4209 Deliberatt’ones
2705 4155 2847 4207 circa
2917 4154 3320 4235 pronuntiatam
3356 4170 3404 4205 .a
3479 4149 3692 4206 Joanne

2585 4234 3203 4279 excommumcattonem.

2182 4319 2259 4372 Ac
2283 4327 2412 4370 tunc
2440 4331 2468 4369 a
2495 4317 2681 4370 multis
2720 4318 2830 4369 illis
2863 4316 3143 4370 relaxatus
3173 4315 3531 4370 familiarium
3573 4307 3692 4370 otii-

2112 4413 2325 4466 ciorum
2365 4410 2865 4471 sollicitudinibus,
2918 4423 3102 4463 rerum
3144 4407 3401 4463 Ecclesiae
3441 4408 3691 4478 pressius

2044 4522 2086 4575 ι)
2119 4506 2519 4574 nrgentiusque
2555 4497 2965 4555 tractandarum
3008 4501 3338 4554 intermissae
3369 4502 3693 4570 aliquandiu

2118 4613 2266 4653 cura:
2305 4612 2364 4651 se
2393 4595 2656 4650 reddidit.
2692 4593 2911 4648 Rursus
2946 4595 3113 4664 igitur
3142 4608 3468 4658 conventus,
3499 4609 3697 4649 rursus

2117 4690 2350 4760 synodi,
2386 4702 2584 4742 rursus
2621 4686 3060 4742 consultationes
3097 4694 3148 4738 et
3190 4700 3475 4738 sermones
3498 4693 3552 4739 et
3579 4684 3699 4740 dis-

2117 4781 2446 4850 quisitiones
2495 4793 2663 4847 super
2742 4777 3315 4831 cxcommunicatione
3360 4792 3465 4846 .pcr
3527 4776 3701 4831 Joan-

2121 4889 2241 4928 nem
2282 4875 2524 4937 intorta;
2566 4871 2714 4924 circa
2762 4886 2929 4940 quam
2973 4880 3101 4923 ante
3151 4872 3336 4924 omnia
3370 4870 3698 4939 primarium

2121 4967 2253 5020 illud
2287 4965 2685 5019 controversia:
2730 4972 2893 5031 caput
2928 4963 3260 5031 agitabatur,
3287 4964 3473 5031 att-jus
3506 4965 3594 5017 ille
3634 4979 3702 5017 ac

2119 5064 2444 5127 potestatem
2491 5054 3012 5109 excommunicandi
3074 5055 3353 5107 habuerit.
3417 5053 3700 5109 Habuissc

2120 5148 2423 5202 censebant
2458 5146 2653 5215 aliqui.
2698 5145 2894 5213 utique
2927 5159 3052 5198 cum
3103 5154 3354 5213 perstare
3408 5145 3586 5211 ipsum
3642 5146 3699 5198 in

2123 5242 2476 5309 possessione
2509 5238 2916 5307 patriarchatus
2942 5251 3009 5290 ex
3035 5238 3563 5290 commemoratione
3599 5254 3703 5291 uo-

2128 5330 2291 5383 miuis
2331 5330 2470 5396 ejus,
2522 5343 2644 5396 qua:
2678 5327 2861 5380 adhuc
2913 5327 3057 5380 inter
3105 5341 3261 5380 sacra
3297 5342 3391 5395 per
3434 5328 3703 5382 ecclesias

2128 5420 2298 5481 fieret,
2332 5427 2625 5487 appareret
2661 5436 2676 5483 ',
2712 5432 2774 5469 ac
2807 5429 3057 5483 rcSpectu
3089 5418 3311 5484 quidem
3349 5417 3703 5486 imperatoris

2125 5513 2257 5581 quin
2291 5525 2525 5564 censura
2574 5509 2679 5563 ista
2727 5509 2936 5563 valeret
2987 5508 3253 5576 illumque
3302 5522 3430 5561 vere
3484 5509 3698 5578 ligaret,

2127 5605 2299 5658 videri
2333 5603 2561 5656 dubium
2618 5617 2724 5655 non
2758 5615 2901 5662 esse,
2936 5601 3203 5667 quoniam
3265 5599 3569 5666 Augustus,
3598 5613 3699 5651 att-

2128 5706 2348 5765 tequam
2402 5695 2489 5747 illa
2527 5691 2892 5762 proferretur,
2926 5689 3189 5744 Joannem
3244 5689 3366 5758 ejus
3418 5700 3698 5744 auctorem

2130 5804 2226 5857 pro
2263 5787 2508 5857 legitimo
2545 5800 2605 5840 se
2638 5783 2802 5856 380
2836 5782 3035 5837 habere
3066 5783 3379 5852 patriarcha
3414 5780 3703 5852 professus
