4024 6408
302 372 413 436 4λῖ

1239 377 1335 436 DE
1380 372 1826 435 ANDRONICO
1869 366 2332 428 PALAZULOGO
2361 368 2517 428 LIB.
2564 373 2623 431 ν.

3468 369 3576 436 418

302 486 411 555 κλη
425 484 550 539 σιῶν
593 486 1053 556 μνημονεύεσθαι,
1109 486 1326 555 ἰσχυρὸν
1351 486 1395 538 δ’
1425 481 1564 539 εἶναι
1593 484 1688 538 καὶ
1713 482 1887 544 ἄλλως
1920 482 1961 535 Λ
1991 479 2089 549 τὴν
2124 480 2289 532 αὐτοῦ
2322 480 2507 550 τιμὴν,
2530 480 2643 545 ἅμα
2675 480 2727 533 δὲ
2752 480 2842 533 καὶ
2867 480 2962 551 τὴν
2999 481 3209 535 ἑαυτῶν
3243 483 3569 553 ἀσφάλειαν,

300 574 369 627 τὸ
400 574 696 643 ἐπιτίμιον,
725 576 1072 648 πατριάρχην
1098 578 1304 630 ἐκεῖνον
1334 577 1598 645 βασιλέως
1624 575 1885 643 ὁμολογή-

299 682 526 727 σαντος.
562 668 672 719 Καὶ
694 668 744 720 οἱ
779 668 877 737 μὲν
906 667 1165 731 οὕτως,οἱ
1193 667 1273 733 δὲ,
1296 666 1346 719 οἳ
1371 668 1435 736 δὴ
1465 669 1558 720 καὶ
1588 667 1719 736 πρὶν
1743 665 1886 718 exei-

299 775 384 825 νῳ
416 759 506 810 διὰ
535 758 625 811 τὸν
653 759 815 829 ὅρκον
848 759 1224 829 προσίσταντο,
1258 759 1497 829 ὁμόλογα
1519 759 1732 820 ἑαυτοῖς
1757 756 1889 825 δρᾷν

300 849 585 913 ἐθέλοντες
640 852 765 920 μήτ’
806 849 951 921 ἔχειν
981 852 1189 904 ἐκεῖνον
1230 852 1572 921 πατριάρχην
1625 851 1719 902 καὶ
1751 849 1887 918 πρό-

298 942 535 1013 τερονῆ
585 943 662 995 ὅτ’
714 941 979 1011 ἀφώριζε,
1041 947 1176 1013 μήτε
1226 945 1316 995 τὸν
1349 944 1655 1013 ἀιρορισμδν
1684 942 1888 1012 ἱσλύειν

297 1034 725 1103 διισχυρίζοντο,
747 1036 886 1089 ὥστε
912 1038 1005 1090 καὶ
1026 1039 1082 1089 ὲν
1113 1038 1212 1107 μιᾷ
1233 1036 1342 1089 τῶν
1366 1037 1637 1101 συνάξεων
1663 1035 1888 1103 βασιλέα

303 1126 608 1195 μανθάνειν
637 1126 960 1196 αἱρούμενον
991 1127 1186 1190 οἵτινες
1215 1127 1375 1193 τῆσδε
1405 1130 1503 1197 τῆς
1543 1127 1767 1193 γνώμης
1795 1125 1888 1176 καὶ

298 1216 450 1279 τὲνες
483 1218 716 1287 θατὲρας
748 1218 842 1271 καλ⁸
872 1218 1050 1284 πόσοι,
1108 1220 1318 1289 ἐρωτᾷν
1349 1218 1598 1281 ἕκαστον,
1633 1218 1727 1270 καὶ
1761 1217 1887 1278 τοὺς

300 1309 411 1375 τῆς
464 1309 634 1377 αὐτῆς
687 1310 779 1363 καὶ
832 1311 959 1381 μιᾶς
1005 1309 1232 1379 γνώμης
1286 1314 1362 1372 εἰς
1402 1312 1565 1378 μέρος
1595 1309 1887 1376 ἑκατέρους

298 1400 579 1462 καθίζειν.
613 1402 870 1465 Ἑκείνοις
908 1403 1005 1470 μὲν
1026 1402 1118 1456 οὖν
1156 1403 1293 1473 μετὰ
1312 1402 1408 1463 τὰ;
1441 1400 1642 1461 πολλὰς
1675 1384 1888 1463 ὲκείνας

302 1493 589 1557 συνάξεις,
628 1494 1016 1562 συναγομένοις
1044 1496 1137 1548 καὶ
1169 1495 1290 1548 καθ’
1331 1495 1529 1556 αὐτοὺς
1564 1494 1655 1545 ἐπὶ
1687 1494 1763 1559 τῷ
1790 1509 1888 1544 πε-

300 1582 574 1653 ριωνὺμῳ
594 1583 698 1635 τῶν
725 1584 895 1652 ἁγίων
929 1585 1240 1639 ἀποστόλων
1264 1585 1395 1656 ναῷ,
1421 1583 1640 1638 ἐκέλευε
1670 1583 1890 1636 διασκέ-

295 1672 546 1726 πτεσθαι
577 1673 649 1736 ὡς
680 1674 747 1727 ἄν
778 1691 841 1741 γε
871 1675 963 1727 καὶ
999 1677 1342 1739 συνελθόντες
1367 1676 1459 1729 ἐπὶ
1484 1673 1557 1744 τῷ
1585 1674 1888 1744 Ἀθανασξῳ

296 1766 365 1816 τὸ
403 1765 596 1817 δοκοῦν
645 1767 945 1836 πράξειενδ
992 1769 1309 1838 δοκιμάζειν
1376 1770 1487 1840 γὰρ
1537 1770 1633 1823 καὶ
1689 1769 1888 1838 μᾶλλον

1999 569 2212 640 βασιλεῖ
2236 571 2324 624 διὰ
2348 571 2521 624 ταῦτα
2549 573 2834 624 κατανεύει
2862 573 2956 624 καὶ
2976 572 3037 625 τὸ
3052 574 3261 643 αἴτημα
3280 576 3570 646 ἐκπληροῖ,

1996 662 2289 731 ἐγγράφως
2326 662 2714 725 ἐξαποστείλας
2747 663 2870 716 τάδε
2894 679 2907 693 ο
2969 682 2986 715 ι
3028 663 3275 719 Δέσποτά
3307 682 3408 734 μου
3440 665 3569 734 ἅγιε
3638 674 3645 679 ’

1997 752 2241 821 βασιλεῦ,
2277 755 2371 805 καὶ
2411 754 2564 821 ὑμεῖς
2584 754 2703 806 θεία
2741 755 2836 807 καὶ
2864 755 2985 824 ἱερὰ
3017 753 3256 817 σύνοδος,
3291 755 3325 823 ἦ
3354 773 3416 808 τε
3439 757 3572 824 σύγ-

1996 847 2213 916 κλητος,
2257 849 2347 899 καὶ
2382 849 2409 899 ὁ
2465 848 2750 917 παρεστὼς
2812 850 2908 901 καὶ
2956 849 3173 902 ἀκούων
3220 850 3314 903 τοῦ
3367 851 3575 920 Κυρῖου

1995 935 2144 1002 λαὸς,
2198 939 2313 991 ὅσοι
2353 954 2413 990 τε
2454 939 2510 990 ὲν
2544 938 2732 1008 κλήρῳ
2782 940 3171 1008 καταλέγεσθε,
3210 942 3260 994 οἱ
3293 942 3576 1011 μοναχικῷ

1996 1027 2391 1095 διαπρέποντες
2420 1030 2682 1097 σχήματι,
2715 1030 2848 1081 καὶὸ
2879 1029 3061 1093 λοιπὸς
3090 1030 3244 1099 ὄχλος
3263 1048 3276 1062 ·
3304 1032 3415 1096 ἐγὼ
3439 1033 3572 1101 παρ’

1998 1117 2295 1186 ὀρθοδόξων
2356 1118 2561 1185 γονέων
2595 1120 2877 1189 γεννηθεὶς
2927 1122 3020 1174 καὶ
3056 1121 3308 1193 εὐσεόεἰᾳ
3348 1123 3575 1189 τραφεὶς

1996 1208 2213 1278 πρῶτον
2244 1210 2343 1277 μὲν
2364 1210 2461 1293 τῆς
2490 1211 2775 1281 ἱερατικῆς
2818 1212 3057 1282 ἠξιώθην
3085 1214 3276 1283 τιμῆς,
3324 1211 3442 1267 εἶτα
3478 1216 3579 1268 καὶ

1994 1301 2061 1352 τὰ
2095 1302 2342 1371 μοναχῶν
2376 1303 2676 1367 τελεσθεὶς,
2730 1304 2993 1375 κρίμασιν
3049 1303 3127 1370 οἷς
3157 1303 3266 1360 οἵδε
3311 1307 3465 1374 Θεὸς,
3493 1309 3575 1370 εἰς

1994 1394 2085 1486 τὸν
2104 1393 2305 1486 θρόνον
2336 1396 2581 1465 ἀνήχθην
2628 1396 2718 1449 τὸν
2769 1399 3194 1467 πατριαρχικὸν,
3224 1398 3442 1467 εὐδοκία
3476 1399 3578 1467 μὲν

1995 1482 2396 1551 Θεοῦπρῶτον,
2419 1484 2610 1539 ἔπειτα
2626 1486 2683 1539 δὲ
2713 1487 2874 1556 βουλῇ
2899 1489 2994 1540 καὶ
3018 1489 3239 1557 θελήσει
3266 1491 3357 1542 καὶ
3383 1489 3579 1561 γνώμῃ

1996 1573 2296 1643 ἐξετασμοῦ
2345 1575 2563 1629 πάντων
2606 1579 2760 1644 ὑμῶν
2816 1581 2924 1632 τῶν
2958 1581 3303 1650 προεχόντων
3324 1582 3381 1632 ὲν
3418 1580 3580 1645 ἀξιώ-

1999 1683 2155 1735 μασι.
2191 1666 2298 1719 Καὶ
2325 1666 2399 1728 ὡς
2420 1668 2684 1738 διέπρεψα
2712 1669 2954 1734 εὐσεϐῶς
2978 1673 3071 1724 καὶ
3095 1672 3292 1741 ὀρθῶς,
3333 1667 3442 1725 οἶδε
3480 1674 3579 1739 μό-

1996 1773 2083 1817 νος
2109 1754 2239 1818 Θεὸς
2262 1771 2274 1785 ⁸
2301 1756 2608 1826 καυχᾶσθαι
2639 1760 2745 1827 γάρ
2769 1777 2858 1829 μοι
2893 1760 2952 1812 οὐ
2981 1761 3276 1831 συμφέρει,
3306 1763 3447 1815 κατὰ
3481 1762 3574 1813 τὶν

298 1858 537 1920 ἐκεῖνον,
581 1857 687 1910 εἴτε
715 1859 809 1912 καὶ
845 1858 1087 1928 βούλοιτο
1128 1860 1285 1923 τέως.
1342 1861 1510 1923 Αὐτὸς
1542 1861 1598 1913 δὲ
1632 1861 1890 1930 συχνάκις
1917 1828 1966 1887 Β
1998 1848 2140 1901 θεῖον
2176 1849 2519 1902 Ἀπάστολον·
2548 1849 2969 1921 Συνέὸησανοῦν
2994 1853 3051 1905 ἒν
3081 1852 3154 1919 τῷ
3186 1853 3387 1921 μεταξὺ
3412 1852 3579 1905 σκάν-

299 1949 592 2016 ὑπήρχετο
639 1948 725 2001 διὰ
764 1951 1102 2018 μηνυμάτων
1156 1950 1247 2001 τὸν
1299 1950 1574 2017 Ἰωάννην.
1615 1950 1673 2002 ’0
1706 1952 1892 2018 μέντοι

299 2057 370 2108 γε
412 2038 671 2109 Ἰωάννης
723 2039 881 2092 τοῦτο
937 2040 1037 2109 μὲν
1089 2043 1183 2095 καὶ
1212 2044 1331 2102 ταῖς
1363 2042 1455 2093 τοῦ
1488 2041 1753 2110 βασιλέως
1786 2043 1896 2095 ἱκε-

298 2132 486 2193 τείαις
535 2130 821 2200 θηλυνθεὶς
853 2132 1011 2197 τέως,
1058 2133 1410 2203 ὑϐριοπαθῶν
1434 2133 1490 2186 δὲ
1518 2133 1578 2184 τὸ
1603 2133 1764 2186 πλέον
1799 2134 1895 2186 ἐπὶ

299 2227 422 2285 τοῖς
446 2223 821 2294 ἀρχιερεῦσιν,
857 2223 932 2284 ὡς
962 2224 1121 2299 αὐτὸς
1154 2224 1250 2294 μὲν
1286 2225 1594 2291 συναίροιτο
1622 2225 1774 2294 σφίσι
1799 2226 1895 2293 τῆς

303 2317 545 2386 γνώμης
578 2316 673 2368 καὶ
702 2316 792 2368 τὸν
828 2315 1132 2385 ἀφορισμὸν
1166 2315 1347 2383 ἱσταὶη
1402 2316 1476 2377 ὡς
1516 2316 1719 2387 ἔρυμα,
1751 2317 1896 2372 ὲκεί-

302 2426 425 2478 νοις
448 2408 506 2461 δὲ
536 2406 594 2474 ἐξ
635 2406 961 2481 ὲθελοκᾴκου
1008 2407 1233 2478 γνώμης
1261 2406 1569 2479 προδιδοῦσι
1622 2409 1684 2461 τδ
1718 2408 1897 2480 ἔρυμα

304 2499 547 2568 ἀτιμοῦν
573 2500 667 2551 καὶ
705 2498 869 2551 αὐτὸν
899 2498 1062 2564 ἐπίοι,
1097 2499 1636 2568 καταπροῖσαμένοις
1664 2500 1777 2569 ἅμα
1798 2498 1897 2570 μὲν

307 2680 529 2733 diserte
557 2678 746 2732 fuerit.
784 2677 862 2732 Ita
896 2678 971 2731 hi.
1000 2677 1067 2732 At
1101 2677 1177 2731 illi
1212 2678 1306 2747 qui
1352 2677 1617 2733 Joannem
1653 2681 1701 2732 vi
1744 2680 1899 2750 jura-

308 2772 513 2833 utenti,
556 2768 702 2839 quod
739 2784 869 2823 vere
933 2769 1307 2838 concepisset,
1339 2769 1714 2838 patriarchatu
1747 2770 1893 2823 exci-

309 2864 474 2916 disse
504 2859 929 2923 contenderant,
981 2866 1042 2911 ut
1093 2857 1199 2912 sibi
1241 2857 1351 2924 jam
1399 2866 1771 2910 consentanea
1823 2857 1902 2911 lo-

311 2964 632 3024 querentur
677 2961 731 3007 et
778 2959 1033 3022 agerent,
1072 2952 1233 3020 plane
1264 2948 1609 3004 aﬂirmabant
1643 2964 1766 3003 eum
1802 2964 1899 3003 ne-

312 3063 433 3118 que
465 3047 791 3116 priusquam
834 3043 1460 3117 “communicationem
1494 3040 1897 3111 pronuntiaret,

1995 1941 2152 2004 δαλα,
2173 1942 2274 1994 ὅσα
2307 1943 2399 1995 καὶ
2428 1942 2584 2011 ὑμεῖς
2608 1944 2809 2007 οἴδατε,
2841 1944 2928 2016 [Ρ.
2958 1944 3088 2014 265]
3143 1947 3235 1998 καὶ
3261 1945 3349 1998 διὰ
3383 1945 3443 1998 τὸ
3497 1946 3572 2014 μὴ

1997 2031 2419 2102 παραῦλαεῆναι
2448 2032 2627 2102 ψυχήν
2655 2050 2798 2095 τινος
2828 2035 3155 2105 Χριστιανοῦ
3190 2040 3286 2088 καὶ
3313 2035 3403 2088 διὰ
3431 2035 3490 2087 τὸ
3509 2037 3571 2088 ὲν

1996 2123 2189 2194 εἰρήνῃ
2238 2123 2333 2176 καὶ
2388 2122 2719 2176 καταστάσει
2766 2119 3039 2196 εἶναιτὴν
3086 2125 3248 2192 ἁγίαν
3295 2124 3391 2179 τοῦ
3437 2123 3574 2178 Θεοῦ

2011 2214 2333 2283 Ἐκκλησίαν
2374 2213 2706 2284 ὑπεχώρησα
2745 2216 2936 2283 καιρδν
2997 2216 3091 2269 τοῦ
3139 2216 3331 2284 θρόνου
3384 2216 3478 2268 καὶ
3518 2216 3577 2269 ἐν

1996 2303 2075 2374 τῷ
2103 2303 2299 2374 κελλίῳ
2325 2320 2426 2375 μου
2455 2306 2862 2374 περικλεισθεὶς
2892 2306 3202 2376 ἐκαθήμην.
3271 2307 3578 2377 Ἀμφιὸἁλ-

1998 2396 2141 2449 λοντι
2168 2395 2224 2449 δὲ
2252 2382 2620 2466 καιδεομένῳ
2640 2396 2777 2449 Θεοῦ
2805 2397 2933 2467 περὶ
2958 2398 3166 2451 τούτων
3200 2398 3469 2467 ἑμφάνειά
3494 2413 3581 2460 τις

2000 2487 2117 2540 θεία
2150 2488 2353 2557 ἐπέστη
2408 2501 2500 2555 μοι
2545 2486 2797 2553 λέγουσα,
2856 2506 2874 2537 ι
2908 2487 2972 2539 Ei
3017 2487 3193 2555 φιλεῖς
3247 2505 3335 2559 με,
3374 2487 3580 2558 Πέτρε,

2002 2664 2157 2719 illum
2198 2679 2227 2717 a
2289 2664 2487 2718 throno
2519 2675 2776 2719 arcerent
2810 2664 3239 2734 insuperabilem
3286 2663 3582 2726 erexisset,

1999 2753 2572 2808 excommunicatione
2608 2755 2972 2821 intorquenda
3007 2755 3061 2805 in
3098 2768 3290 2807 omnes
3327 2754 3420 2821 qui
3447 2768 3574 2806 eum

2002 2859 2326 2915 promovere
2361 2852 2736 2910 conarentur,
2771 2845 3084 2900 inconsulte
3134 2844 3238 2914 ipsi
3287 2855 3451 2913 atque
3494 2843 3582 2897 in-

2001 2944 2154 3004 grate
2188 2934 2280 2987 illo
2313 2934 2393 2987 uti
2428 2935 2694 2989 hactenus
2729 2935 3088 3005 negligerent,
3128 2937 3345 3005 sibique
3379 2937 3460 2989 sic
3490 2936 3585 3003 ju-

2003 3037 2145 3080 Stam
2170 3025 2481 3094 praeberent
2503 3026 2730 3081 timendi
2762 3042 2986 3081 causam
3007 3043 3093 3094 ne,
3113 3028 3579 3097 quemadmodum

316 3158 508 3213 neque
566 3144 621 3195 in
687 3142 807 3210 ipso
853 3114 1472 3209 pronuntiandi‘actu,
1538 3134 1893 3202 patriarchali

2006 3114 2162 3185 381
2202 3115 2478 3184 propriam
2508 3116 2753 3185 ipsorum
2780 3118 3155 3183 securitatem,
3182 3118 3284 3183 sic,
3331 3130 3383 3173 et
3411 3119 3587 3172 multo

313 3237 497 3289 {uisse
557 3241 828 3303 potestate
889 3228 1199 3298 praeditum.
1238 3227 1418 3292 Quare
1472 3226 1679 3279 nullam
1740 3233 1902 3294 atque

314 3327 538 3379 irritam
584 3325 747 3378 istam
785 3337 912 3377 esse
944 3334 1239 3375 censuram
1281 3317 1692 3374 asseverabant.
1728 3316 1903 3371 Duce-

319 3419 490 3470 batur
518 3430 616 3484 per
653 3414 766 3466 haec
803 3412 924 3466 sine
959 3410 1064 3464 line
1110 3408 1528 3462 contentionum
1564 3405 1733 3468 tuuis,
1765 3403 1903 3457 adeo

319 3518 383 3561 ut
438 3515 706 3577 pertaesus
753 3514 1082 3558 wtcrnarutn
1113 3497 1525 3554 dissensionum
1580 3496 1903 3564 imperator,

316 3605 373 3656 in
405 3600 648 3671 quodam
702 3595 1020 3653 istiusmodi
1080 3598 1454 3647 convcntuum
1490 3588 1636 3644 scire
1670 3586 1902 3657 Cupiens

320 3669 483 3763 tujus
528 3699 680 3746 esset
722 3688 956 3760 quisque
977 3685 1288 3749 sententiae,
1327 3669 1619 3751 postquam
1654 3679 1904 3749 singulos

326 3789 767 3853 interrogasset,
831 3781 925 3849 qui
987 3787 1235 3847 perstare
1291 3774 1473 3830 adhuc
1526 3771 1793 3827 Joannem
1846 3770 1903 3824 in

326 3876 687 3950 patriarchali
716 3873 983 3943 dignitate
1028 3879 1341 3933 censerent,
1377 3867 1569 3921 sedere
1616 3879 1721 3919 una
1753 3878 1906 3919 seor-

326 3988 473 4034 sum,
508 3970 600 4034 qui
639 3983 767 4022 vero
813 3975 867 4020 ct
911 3964 1043 4018 illud
1074 3970 1417 4030 et'praeterca
1456 3950 1904 4013 “communica;

326 4067 534 4118 tionem
581 4062 649 4115 ab
701 4061 792 4113 illo
820 4060 985 4112 latam
1019 4057 1186 4109 ullius
1209 4069 1331 4108 esse
1375 4051 1590 4107 roboris
1620 4059 1905 4120 negarent,

325 4156 492 4209 simul
526 4169 589 4209 ex
645 4153 882 4206 adverso
931 4148 1165 4217 jusserit
1197 4146 1508 4201 considere.
1561 4143 1653 4197 Sic
1689 4142 1906 4212 agnitos

323 4257 378 4302 ct
410 4247 532 4301 loco
566 4244 839 4298 discretos
870 4253 965 4294 eos
989 4237 1082 4308 qui
1121 4235 1492 4305 Opinabantur
1523 4247 1713 4286 carere
1742 4230 1909 4287 Joan-

325 4352 453 4392 nem
511 4331 812 4403 pontilicali
860 4336 1148 4398 potestate,
1183 4330 1543 4392 congregatos
1591 4334 1839 4374 seorsum
1875 4332 1906 4372 a

2006 3209 2221 3262 scilicet
2253 3206 2498 3269 facilius,
2534 3222 2694 3262 suutn
2725 3208 2900 3278 ipsius
2928 3210 3190 3264 honorem
3226 3210 3584 3279 imprudenti,

2005 3314 2111 3368 qua
2138 3297 2394 3363 ruebant,
2427 3298 2649 3355 levitate
2675 3299 2744 3353 ad
2784 3308 3092 3354 extremum
3134 3301 3451 3369 proderent,
3482 3303 3589 3355 ini-

2007 3389 2249 3460 peratori
2278 3392 2474 3442 annuit
2501 3391 2648 3459 quod
2680 3391 2969 3459 poscebat,
2999 3392 3102 3445 hoc
3141 3391 3206 3444 ad
3241 3391 3420 3459 ipsum
3456 3392 3589 3445 mis-

2007 3500 2071 3540 so
2117 3485 2367 3553 scripto:
2403 3500 2422 3534 ι
2467 3482 2696 3537 Domine
2726 3484 2844 3548 mi,
2897 3492 3085 3537 sancte
3140 3484 3475 3552 imperator,
3529 3491 3587 3538 et

2006 3593 2106 3633 vos
2131 3577 2311 3631 divina
2341 3582 2394 3627 et
2428 3590 2585 3628 sacra
2621 3574 2887 3644 synodus,
2934 3583 3100 3642 tuque
3133 3584 3383 3637 senatus,
3410 3582 3463 3627 et
3492 3575 3585 3641 qui

2007 3672 2187 3727 adstat
2235 3680 2396 3740 atque
2461 3668 2617 3725 audit
2659 3667 2869 3722 Domini
2924 3669 3182 3736 populus,
3233 3676 3500 3736 quorquot
3529 3667 3585 3719 in

2007 3767 2155 3821 clero
2175 3762 2500 3826 censemini,
2545 3762 2746 3830 quique
2778 3760 2959 3813 habitu
2993 3758 3233 3827 insignes
3266 3758 3588 3811 monachico
3670 3808 3682 3817 ,

2006 3858 2162 3918 estis.
2201 3867 2255 3912 et
2294 3854 2587 3909 multitudo
2617 3854 2845 3922 reliqua.
2882 3849 2996 3920 Ego
3038 3865 3106 3905 ex
3138 3847 3464 3903 .orthodoxis
3498 3862 3591 3915 ge-

2008 3949 2280 4005 nitoribus
2317 3955 2481 4001 natus
2528 3960 2592 3999 ac
2628 3952 2815 3999 sancte
2859 3942 3142 4007 educatus,
3182 3942 3335 4011 prius
3369 3939 3587 4009 quidem

2009 4041 2332 4100 sacerdotali
2366 4040 2619 4108 dignatus
2649 4038 2853 4091 honore
2889 4051 3029 4099 sum,
3062 4047 3248 4104 postea
3288 4032 3591 4088 monachus

2011 4139 2207 4202 factus,
2235 4132 2460 4203 judiciis
2483 4146 2604 4200 quae
2633 4129 2783 4184 novit
2814 4127 2976 4190 Deus,
3001 4128 3053 4181 in
3087 4129 3341 4181 thronum
3371 4135 3594 4179 evectus

2009 4226 2429 4301 patriarchalem
2486 4223 2560 4275 fui
2588 4263 2602 4288 ,
2644 4222 2818 4291 gratia
2863 4221 3099 4290 primum
3142 4234 3207 4273 ac
3250 4218 3592 4287 beneplacito

2012 4323 2130 4387 Dei,
2157 4319 2352 4374 deinde
2399 4317 2666 4381 consilio,
2716 4314 3016 4378 voluntate,
3069 4311 3335 4368 sententia
3386 4311 3591 4381 praevio

324 4400 545 4483 caneris
580 4427 635 4480 in
681 4421 884 4479 celebri
933 4418 1137 4489 templo
1188 4415 1290 4471 SS.
1324 4413 1737 4484 Apostolorum,
1769 4411 1906 4466 delia
1935 4412 2264 4502 Dexamine
2308 4408 2513 4478 perlata
2575 4415 2816 4460 vestrum
2873 4404 3117 4457 omnium
3175 4401 3268 4472 qui
3327 4400 3597 4470 dignitate

325 4521 529 4576 berare
557 4519 621 4572 de
652 4506 961 4569 Athanasio
999 4508 1191 4581 jussit,
1240 4520 1494 4574 sperans,
1536 4513 1661 4574 post
1703 4502 1909 4557 frustra

326 4618 599 4668 tentatum
651 4616 737 4664 tot
797 4606 906 4661 illis
940 4600 1326 4674 superioribus
1358 4598 1720 4655 conventibus
1760 4595 1904 4650 viam

328 4718 556 4758 omnem
593 4699 930 4764 concordiae,
964 4696 1159 4753 saltem
1221 4694 1321 4749 hos
1372 4692 1570 4747 adduci
1623 4705 1786 4761 posse
1837 4689 1907 4744 ad

328 4796 625 4853 favendum
678 4794 783 4850 sibi
821 4793 1089 4847 hactenus
1124 4796 1328 4859 optatae
1356 4784 1705 4840 restitutioni
1742 4783 1914 4836 Atha-

326 4886 498 4943 uasii.
562 4885 686 4956 Ipse
738 4883 957 4938 interim
1028 4880 1168 4936 nihil
1210 4879 1532 4948 relinquens
1585 4876 1907 4930 intentatum

324 4980 479 5050 quod
514 4979 799 5047 preposito
842 4974 1097 5036 serviret,
1130 4983 1188 5026 ut
1231 4969 1686 5025 molestissimum
1718 4966 1909 5021 obsta-

325 5072 520 5127 culum
553 5064 1144 5124 excommunicationis
1194 5077 1223 5115 a
1266 5058 1476 5116 Joanne
1526 5060 1754 5130 prolata:
1811 5070 1914 5125 op~

330 5162 575 5235 positum
619 5158 842 5229 negotio
888 5155 1233 5218 amoliretur,
1275 5158 1515 5204 tractare
1546 5163 1670 5203 cum
1703 5145 1914 5200 Joanne

330 5258 459 5325 ipso
500 5254 568 5308 de
607 5253 700 5306 illa
749 5246 1053 5305 revocanda
1085 5246 1276 5300 crebra
1309 5252 1584 5297 certorum
1627 5239 1911 5292 hominum

332 5346 707 5403 inissitatione
748 5358 861 5397 non
913 5336 1240 5395 desistebat.
1275 5333 1335 5388 In
1375 5348 1485 5401 quo
1530 5346 1755 5400 operam
1803 5342 1913 5381 non

329 5439 599 5512 perdidit.
654 5434 948 5491 Ernollitus
1007 5430 1155 5485 enim
1203 5426 1445 5481 Joannes
1489 5424 1650 5477 toties
1699 5419 1916 5475 iteratis

331 5511 575 5602 Augusti
622 5527 878 5599 precibus
898 5564 913 5589 ,
960 5532 1330 5594 praetereaque
1352 5514 1595 5571 oﬂensus
1621 5511 1915 5583 episcopis,

334 5624 538 5694 quibus
577 5636 702 5676 cum
761 5618 875 5673 fere
918 5613 1286 5671 communiter
1321 5624 1420 5663 sua
1470 5610 1713 5678 ipsorum
1748 5615 1917 5657 causa

333 5714 627 5774 Athanasii
678 5709 1079 5766 restitutionem
1113 5702 1531 5762 aversantilms,
1567 5713 1665 5767 pro
1696 5712 1756 5751 se
1797 5694 1916 5761 ipse

338 5805 605 5864 benevole
659 5802 969 5858 assentiens
1022 5808 1076 5853 et
1127 5795 1460 5852 consulens.
1508 5804 1756 5862 aggerem
1806 5800 1916 5855 quo

2017 4503 2406 4575 praeminens.
2456 4500 2514 4554 In
2548 4514 2610 4553 ea
2646 4497 2910 4568 dignitate
2948 4499 3024 4549 uti
3077 4511 3162 4549 me
3194 4495 3461 4565 gesserim
3508 4494 3598 4562 pie

2018 4611 2081 4650 ac
2129 4603 2299 4657 recte.
2354 4592 2506 4647 novit
2561 4592 2715 4646 solus
2764 4591 2908 4644 Deus
2947 4603 2961 4642 :
3004 4587 3230 4658 gloriari
3261 4587 3407 4641 enim
3459 4585 3595 4639 mihi

2018 4705 2124 4743 non
2154 4686 2396 4756 expedit,
2447 4685 2600 4755 juxta
2648 4684 2831 4738 divum
2864 4680 3204 4750 Apostolum.
3238 4678 3598 4747 Contigerant

2019 4792 2201 4835 autem
2240 4778 2456 4833 interim
2504 4774 2759 4832 scandala
2814 4778 2968 4844 (quot
2999 4774 3313 4841 qualiaque,
3351 4785 3443 4824 vos
3486 4768 3599 4824 sci-

2019 4871 2137 4942 tis),
2173 4871 2246 4927 ob
2297 4885 2438 4940 quae,
2468 4884 2537 4923 ne
2570 4868 2713 4937 quod
2767 4867 2893 4922 inde
2934 4873 3324 4921 nocutncntum
3363 4862 3596 4942 inferre-

2019 4975 2110 5019 tur
2164 4960 2463 5018 Christiani
2512 4933 2679 5015 ullitts
2728 4960 2959 5022 animat,
3000 4966 3050 5011 et
3091 4970 3198 5023 quo
3243 4955 3296 5008 in
3351 4933 3481 5021 pace
3533 4965 3598 5005 ac

2020 5065 2167 5112 statu
2211 5053 2509 5122 tranquillo
2551 5060 2738 5106 sancta
2786 5048 2878 5104 Dei
2944 5048 3189 5102 Ecclesia
3232 5043 3595 5106 stabiliretur,

2019 5150 2157 5205 cessi
2201 5147 2268 5201 ad
2310 5156 2529 5213 tempus
2581 5146 2777 5198 throno
2830 5150 2881 5194 et
2949 5140 3144 5195 cellula
3200 5140 3423 5192 clausus
3479 5149 3597 5188 mea

2021 5239 2228 5308 quievi.
2268 5234 2471 5290 Oborta
2514 5242 2695 5288 autem
2764 5233 2894 5288 mihi
2949 5233 3002 5285 in
3052 5246 3269 5287 secessu
3322 5230 3413 5282 illo
3440 5225 3601 5281 dubi-

2023 5330 2236 5383 tatione
2280 5341 2348 5379 an
2398 5326 2537 5379 bona
2581 5326 2683 5380 ista
2717 5331 2861 5379 esset
2910 5339 2974 5378 ac
3029 5322 3137 5376 Deo
3178 5320 3405 5390 probata
3437 5316 3595 5385 quies

2025 5434 2167 5480 mea,
2203 5432 2323 5469 cum
2363 5416 2490 5484 quid
2535 5416 2639 5469 sibi
2684 5430 2849 5484 super
2893 5430 2957 5469 eo
3004 5413 3157 5468 cordi
3198 5421 3365 5472 esset,
3402 5417 3462 5463 ut
3494 5406 3597 5461 de-

2027 5516 2332 5564 monstrare
2367 5507 2703 5576 dignaretur,
2738 5505 2905 5561 Deum
2951 5520 3185 5566 Orat-em,
3215 5501 3420 5571 species
3448 5511 3599 5566 qure-

2023 5599 2367 5677 danrdivina
2418 5598 2797 5668 superatlstitit
2848 5598 2979 5650 mihi
3026 5596 3256 5649 dicens:
3296 5610 3314 5641 ι
3351 5590 3403 5643 Si
3438 5602 3595 5645 amas

2027 5708 2138 5752 me,
2177 5691 2357 5747 Petre.
2392 5682 2555 5759 past'e
2585 5705 2717 5742 oves
2753 5704 2921 5742 meas.
2963 5708 2980 5738 ι
3014 5687 3152 5740 Βιιτε
3177 5704 3216 5737 ις
3267 5685 3431 5741 icitur
3466 5694 3598 5747 1)ιό-

2029 5796 2144 5852 ptct'
2169 5784 2266 5835 huc
2291 5784 2425 5834 redit
2446 5783 2512 5835 ad
2535 5783 2814 5835 thronum.
2837 5780 3101 5844 Quanam:
3128 5798 3249 5829 tsi-ei
3296 5788 3359 5825 tm
3382 5791 3467 5823 nrt
3486 5788 3601 5826 inoo
