4024 6446
376 378 490 441 ιετι

1568 357 1894 421 GEOllGll
1921 348 2415 418 PACIIYMERJE

3535 345 3644 415 424

379 493 475 544 καὶ
503 481 810 546 παιδευθεὶς
845 475 910 535 τὰ
942 478 1151 541 εἰκότα,
1189 475 1244 527 ἒν
1275 469 1538 533 διακόνοις
1581 469 1666 540 [Ρ.
1702 466 1832 538 268]
1861 467 1962 534 τῆς
1992 472 2034 526 Α
2067 463 2285 528 ἐξόδων,
2332 463 2450 522 ταῖς
2481 459 2526 512 δ’
2557 455 2715 546 abiit;
2760 456 2926 528 ὲχρῖ,ν
2975 455 3260 527 πορισμῶν
3293 455 3537 512 ἄλλοθεν.
3575 459 3642 509 οι

391 579 716 646 Ἐκκλησὶας
738 573 957 643 ταχθεὶς
994 571 1128 638 μετὰ
1151 569 1259 620 τῶν
1283 563 1487 617 λοιπῶν
1509 562 1811 630 ἐλλογίμων
1831 559 1951 619 ταῖς

379 670 591 744 χρείαις
618 666 916 736 διηκονεῖτο
940 660 1040 730 τῆς
1083 657 1416 727 Ἐκκλησίας
1447 653 1564 724 μεθ’
1587 654 1670 706 ὅτι
1690 651 1952 718 πλείστης

381 739 482 832 τῆς
513 758 976 826 ἐπιτηδειότητος.
1002 746 1173 812 Οὗτος
1205 750 1272 802 τὰ
1301 749 1401 818 μὲν
1441 747 1576 800 ἄλλα
1611 745 1830 815 μέτριος
1861 739 1953 812 ἦν,

383 855 478 907 καὶ
529 849 826 920 παρθενίαν
861 847 1043 916 ἤσκει,
1099 839 1540 902 καὶ-εὐλαϐείας
1592 837 1955 907 μετεποιεῖτο,

384 947 479 1000 καὶ
511 945 730 1010 γλῶσσα
760 940 974 998 πολλοῖς
1001 933 1070 1008 ἦν
1106 936 1200 988 ἐπὶ
1231 931 1608 1002 δικαστηρίοις
1633 928 1954 989 συνοδικοίς,

385 1041 476 1092 καὶ
511 1035 720 1106 βασιλεί
749 1032 1025 1102 γνώριμος
1067 1029 1160 1082 καὶ
1210 1027 1399 1096 κλήρῳ
1447 1022 1829 1091 περίϐλεπτος,
1866 1019 1960 1071 καὶ¹

385 1133 497 1191 τοῖς
522 1127 690 1180 εἰδόσι
717 1125 896 1193 ψῆφον
925 1123 1106 1192 φέρων
1137 1137 1202 1172 πε
1213 1121 1266 1188 pl
1293 1114 1488 1170 ἑαυτοῦ
1531 1117 1596 1167 ὲκ
1648 1111 1858 1165 πολλῶν
1883 1109 1959 1170 ὡς

389 1220 736 1290 προκόψειεν·
771 1217 888 1278 ἑνὸς
935 1214 980 1266 δ’
1016 1213 1211 1284 ἡττᾶτο
1256 1205 1569 1276 φιλοτιμίας
1591 1243 1604 1266 ,
1640 1203 1706 1256 δι’
1737 1202 1805 1271 ἢν
1863 1201 1958 1253 καὶ

391 1313 518 1381 παρ’
557 1310 711 1378 ἰσχὺν
747 1307 1051 1378 ἐπιτρέχων
1074 1306 1184 1365 τοῖς
1215 1301 1290 1370 μὴ
1322 1299 1442 1352 καθ’
1474 1297 1638 1350 αὑτὸν
1664 1295 1743 1347 ἔτι
1775 1294 1959 1362 πράγ-

395 1419 526 1471 μασι
562 1400 834 1466 συλλέγων
863 1396 1128 1465 ὲΞήντλει.
1164 1393 1271 1444 Καὶ
1295 1386 1362 1462 ἦν
1383 1390 1582 1456 ἐκείνῳ
1609 1387 1668 1440 τὸ
1701 1386 1802 1455 μὲν
1838 1385 1963 1438 συλα-

391 1494 570 1557 λέγειν
605 1490 724 1542 λίαν
753 1489 1061 1557 ὲπίμωμον,
1099 1486 1160 1536 τὸ
1204 1483 1250 1535 δ’
1295 1481 1569 1545 ἐξαντλεῖν
1611 1478 1792 1532 ἱκανὸν
1824 1478 1962 1528 ἀπο-

395 1585 662 1653 κρύπτειν
695 1581 789 1634 καὶ
840 1579 899 1631 τὸ
942 1580 1040 1641 ei";
1068 1574 1329 1642 συλλογῆς
1363 1573 1642 1642 αἴσχιστον
1671 1572 1732 1623 ού
1765 1569 1965 1638 μᾶλλον

395 1671 812 1742 κατανοουμένῳ
859 1669 945 1722 διὰ
996 1668 1086 1720 τὸν
1135 1667 1336 1736 τρόπον
1381 1663 1476 1717 τοῦ
1535 1661 1810 1732 πορισμοῦ
1845 1663 1966 1714 ὅσον

393 1763 771 1852 ἐπαινονμένῳ
803 1762 892 1815 διὰ
921 1761 980 1812 τὸ
1008 1759 1106 1830 τῆς
1148 1757 1524 1828 προαιρέσεως
1580 1753 1962 1820 εὐμετάδυτον.

2056 553 2103 606 δ’
2134 556 2234 606 οὑκ
2267 548 2434 623 ἦσαν’
2473 553 2520 603 εί
2548 551 2591 603 δ’
2615 545 2776 619 ἦσαν,
2811 547 2929 602 ἀλλ’
2957 547 3059 600 οὐκ
3086 547 3399 616 ηὐτάρκουν
3428 547 3488 599 ἐν
3516 549 3642 608 ταῖς

2054 645 2288 715 χρείαις.
2323 643 2537 695 Γίνεται
2591 639 2724 708 γοῦν
2753 637 3003 706 ἀγύρτης
3031 637 3313 706 φιλότιμος
3345 636 3444 690 καὶ
3479 652 3644 708 πορι-

2057 735 2188 802 στὴς
2209 731 2581 802 ἀνελεύθερος.
2611 731 2720 784 Καὶ
2739 729 2819 800 τῷ
2843 729 2981 798 πρὸς
3007 727 3238 790 πολλοὺς
3254 727 3473 790 οἰκείως
3499 727 3646 797 ἔχειν

2057 827 2149 879 καὶ
2200 825 2429 892 φιλικῶς
2480 825 2538 888 ἐξ
2592 817 2667 876 ὧν
2720 823 2993 892 ἔπραττε,
3049 819 3234 888 σφίσιν
3274 819 3644 889 ὲπιφυόμενος

2057 919 2316 988 ὲκιχρᾶτο
2342 917 2418 978 ὡς
2446 915 2622 968 αὐτίκ’
2647 915 2906 982 ἀφέξουσι
2928 912 2998 964 τὰ
3023 912 3300 979 διδόμενα.
3333 910 3447 963 Καὶ
3477 913 3506 962 ὁ
3545 910 3646 980 μὲν

2059 1010 2118 1060 ὲν
2142 1007 2431 1077 ἑλπισμοῖς
2463 1004 2531 1076 ἦν
2565 1007 2814 1074 ματαίοις
2864 1005 2928 1058 ἐκ
2957 1023 3121 1058 τινων
3162 1005 3444 1074 οίημάτων
3471 1005 3648 1074 χειρί-

2061 1117 2205 1156 στων
2243 1101 2320 1162 ὡς
2359 1099 2681 1170 εὐπορήσων
2732 1097 2869 1168 πρὸς
2916 1098 3017 1166 τὴν
3063 1097 3336 1161 ἁπότισιν,
3372 1098 3482 1160 τοίς
3506 1097 3552 1152 δ’
3585 1096 3648 1150 ἐν

2061 1195 2244 1248 ἀνέσει
2275 1195 2326 1244 αἱ
2357 1192 2446 1244 ἐπ’
2481 1191 2634 1260 αύτῷ
2667 1191 2945 1259 φροντίδες
2995 1187 3267 1260 ῂὼρηντο.
3305 1189 3486 1256 Ὅπερ
3513 1186 3647 1255 γοῦν

2067 1283 2194 1335 ἰδεῖν
2214 1282 2362 1334 ἐστιν
2386 1282 2478 1333 ἐπὶ
2505 1280 2786 1350 ποταμῶν,
2815 1280 2936 1332 κατ’
2958 1281 3139 1347 ὀλίγον
3162 1281 3262 1348 μὲν
3293 1280 3402 1332 τῶν
3423 1281 3646 1350 ῥυάκων

2064 1373 2460 1446 ἐπεισρεόντων
2496 1373 2729 1442 ἀδήλω;,
2773 1373 2853 1434 εἰς
2903 1371 2960 1424 ἓν
2998 1371 3056 1423 δὲ
3105 1371 3496 1441 συναγομένων
3548 1371 3648 1424 καὶ

2065 1465 2157 1515 τὸν
2198 1463 2520 1532 πληθυσμὸν
2547 1464 2902 1532 παρεχόντων
2946 1461 3023 1531 τῷ
3060 1461 3318 1532 ῥεύματι,
3368 1461 3462 1514 καὶ
3492 1459 3648 1524 τέλος

2067 1556 2464 1624 ἐπισχεθέντων
2489 1545 2551 1607 ἐκ
2570 1555 2887 1624 λειψυδρίκς
2921 1552 3086 1624 ξηρὸς
3119 1556 3146 1606 ὁ
3168 1553 3306 1617 τέως
3337 1553 3649 1623 μετεωρού-

2073 1665 2230 1718 μενος
2256 1649 2678 1716 καταφαίνεται,
2705 1645 2881 1707 οὕτως
2911 1647 3106 1714 ἐκείνῳ
3131 1645 3243 1699 τῶν
3279 1645 3491 1698 πολλῶν
3517 1661 3649 1696 συν-

2069 1740 2332 1792 ελθόντων
2389 1740 2498 1790 τῶν
2561 1740 2933 1808 μιτωμάτων,
2987 1737 3014 1790 ὃ
3061 1739 3126 1808 δὴ
3177 1737 3419 1805 λέγεται,
3476 1736 3651 1790 κακὸν

395 1856 566 1909 Τοῦτο
593 1829 752 1907 ’πολῦ
799 1829 1093 1922 προϐαῖνον
1131 1849 1291 1918 ἐξῆρε
1337 1848 1438 1916 τὴν
1477 1843 1704 1917 γνώμην
1751 1847 1830 1907 εις
1866 1844 1961 1896 ἀλ.
1992 1832 2034 1885 Β
2067 1831 2349 1899 ὑφαίνεται
2399 1831 2569 1900 φᾶρος
2619 1831 2889 1896 ἐντάφιον.
2931 1831 3038 1882 Καὶ
3075 1829 3183 1882 τῶν
3233 1830 3462 1882 δανείων
3507 1831 3650 1891 τέως

394 1945 609 1998 λόκοτον
638 1946 892 2012 ἔπαρσιν,
924 1945 1018 1996 καὶ
1041 1942 1242 2003 οἰκίαις
1267 1939 1461 2011 ἢθελεν
1489 1936 1969 2005 ὲλλαμπρύνεσθαι

398 2040 491 2090 καὶ
538 2037 651 2105 ναῷ
699 2035 818 2089 κατ’
850 2035 987 2089 ἰδίαν
1017 2033 1254 2104 χρῆσθαι
1299 2031 1396 2083 καὶ
1427 2029 1776 2095 λειτουργοὺς
1826 2026 1972 2095 ἔχειν

397 2129 492 2181 καὶ
528 2129 938 2197 φιλοτιμότερον
978 2123 1318 2196 ὲνεορτάζειν
1359 2124 1478 2184 ταῖς
1505 2120 1834 2190 περιφανέσι
1866 2119 1971 2170 τῶν

399 2219 781 2290 πανηγύρεων.
818 2217 1040 2278 Τούτοις
1073 2215 1118 2268 δ’
1149 2214 1256 2267 ἔδει
1291 2214 1510 2276 πάντως
1555 2213 1649 2266 καὶ
1693 2209 1973 2278 ἀναλόγων

405 2397 698 2452 srdulitate
749 2409 814 2448 ac
857 2393 1183 2448 dexteritate
1232 2406 1394 2461 quam
1447 2390 1707 2444 maxima.
1765 2385 1865 2442 llic
1917 2387 1971 2440 in

403 2490 619 2544 caeteris
661 2503 878 2556 quoque
914 2486 1039 2539 vitae
1091 2484 1340 2551 partibus
1373 2482 1716 2543 moderatus,
1752 2489 1977 2548 praetcr-

403 2597 565 2652 quam
596 2581 880 2636 abstinens
907 2577 1165 2648 coniugio
1188 2575 1557 2646 virginitatem
1583 2572 1972 2643 profitebatur,

405 2677 570 2729 etiam
613 2687 722 2726 non
764 2685 930 2740 parva
978 2670 1176 2724 edebat
1213 2668 1511 2740 specimiua
1563 2667 1746 2720 multae
1796 2665 1851 2718 in
1887 2679 1975 2716 res

405 2779 592 2818 sacras
623 2762 994 2816 venerationis
1044 2766 1098 2813 et
1153 2759 1209 2812 in
1244 2757 1563 2828 religionem
1606 2756 1745 2821 zeli;
1782 2763 1835 2807 et
1867 2769 1974 2823 qua

407 2855 625 2910 valebat
654 2853 872 2909 dicendi
904 2853 977 2916 vi,
1012 2851 1306 2905 multorum
1344 2863 1543 2903 causas
1565 2845 1888 2924 defendebat
1922 2845 1974 2898 in

407 2935 633 3012 iudiciis
687 2943 986 3013 synodicis,
1048 2938 1367 3010 imperatori
1422 2952 1642 3008 quoque
1702 2944 1882 2996 notus,
1923 2935 1975 2987 in

409 3031 558 3085 clero
590 3031 957 3098 conspicuus;
992 3029 1224 3097 denique
1253 3041 1284 3081 a
1325 3028 1540 3080 cunctis
1577 3026 1666 3094 qui
1721 3041 1845 3079 eum
1879 3039 1978 3079 no-

2071 1922 2465 1990 ὲπεισρεόντων
2500 1922 2725 1992 προνοίᾳ
2783 1923 3011 1992 μεγίστῃ
3067 1926 3161 1975 καὶ
3204 1922 3298 1975 τοῦ
3339 1922 3646 1986 λανθάνειν,

2071 2013 2210 2082 πρὸς
2239 2015 2430 2082 καιρὸν
2463 2016 2743 2084 ἐντρυφῶν
2790 2016 3212 2084 ὲμετεωρίζετο⁸
3251 2015 3651 2069 ἐκλελοιπότων

2070 2103 2116 2155 δ’
2148 2103 2374 2155 ἐκείνων
2410 2103 2681 2156 ἔκπυστον
2703 2106 2800 2175 ἠδη
2848 2107 2906 2158 τὸ
2932 2107 3052 2158 κατ’
3085 2108 3294 2159 ἐκεῖνον
3331 2107 3556 2176 γεγονὸς
3589 2107 3651 2160 τὸ

2071 2196 2276 2264 δρᾶμα,
2313 2197 2410 2267 οὐχ
2439 2197 2586 2260 ὅπως
2629 2198 2830 2268 ἑτέρων
2875 2199 3130 2268 ηὐπόρει,
3173 2199 3308 2252 ἀλλὰ
3337 2200 3428 2252 καὶ
3455 2200 3523 2252 τὰ
3545 2199 3650 2270 ἀρ-

2076 2381 2355 2434 videlicnt.
2410 2379 2519 2434 Nec
2581 2389 2761 2433 tamen
2826 2395 2990 2434 sensu
3057 2379 3344 2434 domestici
3401 2380 3651 2435 defectus

2076 2473 2408 2526 descendere
2464 2472 2531 2526 de
2584 2483 2753 2541 partae
2809 2475 2977 2526 semel
3047 2473 3476 2527 existimationis
3529 2473 3653 2526 loco

2079 2566 2377 2622 sustinens.
2434 2565 2710 2618 obstinate
2765 2581 2886 2617 cum
2945 2565 3181 2618 maxime
3235 2566 3648 2634 perseverabat,

2081 2667 2315 2724 utroque
2347 2657 2400 2709 in
2437 2657 2706 2710 exercitio
2753 2656 3063 2712 furat-italis
3105 2657 3329 2710 occultae
3353 2671 3416 2709 ac
3454 2657 3653 2709 libera-

2085 2748 2253 2801 litatis
2285 2747 2536 2815 speciose
2563 2757 2853 2801 ostentatae
2881 2749 3044 2802 simul
3079 2759 3298 2818 agyrtes
3322 2749 3655 2802 ambitiosus

2079 2848 2134 2894 et
2171 2839 2440 2908 quaesitor
2477 2839 2782 2894 illiberalis.
2831 2838 2938 2893 Sed
2991 2849 3044 2894 et
3084 2855 3246 2909 quam
3302 2841 3348 2894 ei
3405 2854 3654 2910 magnam

2081 2933 2224 2999 apud
2307 2933 2631 3000 pecuniosos
2703 2931 2973 3000 plurimos
3043 2933 3148 2985 iste
3213 2932 3370 2984 fmus
3444 2930 3655 2984 insoliti

2081 3024 2390 3094 splendoris
2437 3026 2666 3093 gratiam
2701 3028 2969 3093 parasset.
3025 3041 3087 3077 ea
3133 3025 3208 3077 uti
3253 3041 3357 3076 non
3398 3023 3660 3092 parcebat

410 3132 555 3184 rant,
581 3121 698 3190 ipsa
719 3121 902 3186 specie
923 3134 987 3172 ac
1008 3121 1407 3188 approbatione
1429 3118 1512 3172 sui
1541 3115 1700 3171 facile
1727 3127 1975 3170 votorum
2009 3169 2049 3190 ﬁ
2082 3117 2376 3184 pascendis
2428 3115 2555 3170 inde
2601 3115 2840 3171 nummis
2885 3126 3095 3180 mutuo,
3165 3131 3304 3186 quos
3355 3115 3502 3166 brevi
3545 3115 3660 3167 sci-

412 3213 604 3268 saltem
640 3213 931 3266 tacitorum
956 3211 1278 3282 suffragium
1311 3209 1636 3264 eblandiens
1664 3210 1979 3278 provectio-

415 3305 500 3358 nis
527 3305 592 3358 ad
625 3306 939 3373 superiores
983 3303 1210 3372 gradus,
1259 3303 1462 3371 quibus
1511 3300 1729 3357 abunde
1780 3301 1983 3370 dignus

413 3406 720 3464 putaretur.
775 3393 878 3447 Tot
923 3395 1172 3448 eminens
1217 3391 1519 3447 virtutibus
1574 3390 1670 3446 uni
1725 3405 1984 3445 succum-

413 3487 576 3542 bebat
615 3487 746 3540 vitio
773 3485 1110 3548 ambitiOnis,
1144 3501 1252 3554 qua
1301 3485 1440 3538 ultra
1494 3500 1657 3552 quam
1705 3498 1790 3536 res
1825 3482 1988 3537 fami-

417 3579 569 3633 liaris
611 3579 768 3631 ferret
797 3592 1100 3632 excurrens
1151 3577 1206 3631 in
1255 3575 1605 3647 splendorem
1636 3574 1802 3644 386
1837 3573 2006 3628 baud‘

417 3688 530 3726 sua:
587 3673 764 3723 alliue
813 3670 1047 3724 fortuna:
1103 3671 1451 3738 adaptatutu,
1510 3669 1643 3720 laeva
1697 3666 1990 3736 colligebat

417 3783 538 3835 qua:
571 3766 760 3818 dextra
790 3765 1122 3830 effunderet;
1149 3765 1202 3816 in
1228 3778 1339 3834 quo
1371 3777 1496 3816 cum
1531 3772 1822 3830 usurparet
1848 3762 1986 3815 clam

419 3856 742 3910 corradendi
779 3855 1056 3910 licentiam
1093 3853 1254 3908 valde
1303 3855 1719 3922 vituperalnlem
1746 3892 1762 3916 ,
1807 3865 1987 3905 tamen

420 3946 557 4000 adeo
616 3947 957 4014 plausibilem
1019 3943 1409 4013 frequentabat
1469 3944 1848 4011 erogationem
1909 3944 1989 3995 sic

421 4039 560 4092 male
587 4048 888 4108 partorum,
918 4045 978 4089 ut
1012 4035 1276 4088 invidiam
1321 4049 1500 4088 avara:
1536 4034 1857 4102 rapacitatis
1897 4051 1994 4104 po-

421 4130 634 4197 pularis
682 4129 841 4183 favor
891 4126 1104 4180 liberali
1160 4124 1450 4193 largitione
1515 4127 1678 4194 vulgo
1730 4127 1992 4195 quaesitus

421 4218 812 4280 absconderet,
881 4215 1102 4269 nemine
1155 4214 1237 4268 vel
1275 4213 1669 4284 accipientium
1727 4215 1990 4270 beneficia

421 4310 503 4361 vel
537 4308 788 4376 accipere
819 4305 960 4360 alios
997 4305 1353 4375 gaudentium
1393 4315 1604 4359 tantum
1641 4305 1995 4360 animadver-

425 4409 572 4452 lente
605 4399 750 4452 unde
777 4413 954 4466 quove
985 4405 1145 4465 pacto
1169 4407 1602 4466 congererentur
1635 4413 1755 4466 quae
1784 4399 1994 4452 daban-

2086 3210 2210 3260 licet
2253 3222 2312 3261 se
2348 3195 2689 3262 redditurum
2740 3209 3112 3276 promittebat.
3151 3208 3205 3261 In
3242 3223 3351 3276 quo
3389 3223 3496 3260 non
3539 3213 3662 3263 erat

2086 3298 2285 3351 mirqu
2345 3298 2482 3351 adeo
2532 3299 2690 3352 fidem
2743 3300 2990 3354 invenire
3031 3301 3184 3353 illum
3245 3301 3386 3369 apud
3451 3313 3663 3368 praeoc-

2085 3387 2322 3460 Cupatos
2371 3406 2570 3460 magna
2631 3392 2890 3459 opinione
2956 3393 3237 3461 cupiarum
3302 3392 3442 3460 eius,
3496 3405 3661 3461 quam

2088 3499 2255 3553 posse
2288 3485 2616 3554 persuadere
2651 3485 2830 3555 ipsum
2864 3485 2970 3539 sibi
3005 3488 3255 3541 alicunde
3291 3502 3415 3540 mox
3463 3495 3665 3554 przesto

2088 3574 2376 3630 adfuturos
2406 3591 2604 3630 aureos
2640 3586 2876 3643 montes,
2908 3579 3053 3631 unde
3087 3586 3168 3630 tot
3201 3579 3422 3630 nomina
3458 3578 3664 3631 dissol-

2089 3677 2260 3722 vtirct.
2303 3670 2436 3721 Dum
2476 3671 2679 3736 spebus
2706 3671 2795 3722 ille.
2819 3671 2968 3724 hisce
2994 3671 3330 3730 vanissimis.
3359 3672 3661 3724 creditores

2091 3773 2275 3814 autem
2308 3776 2414 3813 non
2435 3761 2617 3814 minus
2651 3761 2797 3814 inani
2824 3761 3022 3814 fiducia
3051 3776 3398 3830 responsura:
3425 3762 3490 3814 ad
3515 3761 3664 3815 diem

2092 3852 2380 3907 solutionis
2401 3854 2548 3906 varie
2568 3853 2752 3906 iactati
2773 3854 3056 3908 securitati
3079 3854 3285 3922 supina:
3301 3843 3666 3915 indortniunt,

2092 3960 2222 3998 ecce
2270 3945 2486 4000 interim
2543 3945 2788 4012 qu0tidie
2833 3945 3078 4000 deﬂuunt
3122 3947 3263 4000 haud
3319 3947 3668 4002 cessantibus

2090 4037 2327 4106 jactnris
2359 4039 2648 4091 solitarum
2686 4052 3052 4107 expensarum
3103 4040 3222 4092 ista:
3249 4041 3378 4106 ips:e
3415 4039 3669 4108 precario

2093 4141 2396 4198 cor-rogatae
2430 4145 2595 4199 opes;
2633 4140 2804 4206 atque
2839 4141 2896 4184 ut
2931 4131 3123 4201 rapido
3163 4146 3192 4185 e
3229 4131 3508 4186 montibus
3538 4145 3670 4184 con-

2094 4224 2243 4279 ﬂuxu
2267 4226 2592 4278 torrentium
2621 4233 2939 4294 stagnantes
2963 4226 3236 4279 interdum
3265 4226 3466 4294 campi,
3494 4227 3671 4279 imbre

2097 4332 2216 4370 mox
2270 4316 2507 4369 inhibito
2539 4331 2604 4370 ac
2641 4319 2787 4371 coelo
2820 4324 3079 4370 serenato
3127 4316 3290 4386 387
3343 4317 3670 4386 dilapsoqne

2095 4408 2198 4460 viis
2230 4407 2395 4460 variis
2425 4407 2655 4462 humore
2689 4405 2988 4476 superfluo,
3021 4411 3258 4474 priorem
3302 4409 3448 4459 brevi
3485 4409 3672 4474 squal-

429 4501 536 4553 tur,
575 4499 842 4558 quamam
894 4488 1038 4557 quod
1075 4499 1322 4558 prompte
1347 4489 1687 4560 benigneque
1715 4489 1980 4545 donaren-

2100 4502 2264 4553 Ιυιίιιιι
2289 4499 2558 4562 referunt,
2584 4501 2692 4552 cito
2722 4499 3086 4568 pulverulenti
3114 4513 3176 4550 ex
3205 4513 3314 4550 non
3339 4497 3511 4550 multo
3545 4508 3674 4550 ante

426 4591 515 4636 tur
541 4582 786 4650 impense
811 4580 1086 4634 laudabat.
1109 4580 1221 4634 Hoc
1245 4581 1330 4634 ille
1355 4581 1476 4636 vita:
1501 4594 1708 4647 tenore,
1729 4597 1988 4636 successu

427 4676 588 4744 longo
630 4674 956 4727 mirabiliter
1016 4674 1070 4728 in
1129 4673 1328 4728 famam
1367 4675 1682 4745 proficiens,
1723 4691 1786 4730 ea
1844 4676 1995 4729 intu-

427 4768 568 4820 muit
607 4767 947 4835 arrogantia,
978 4782 1098 4836 qua:
1144 4768 1256 4836 jam
1303 4783 1424 4823 sese
1480 4783 1589 4824 non
1623 4775 1863 4836 caperet,
1901 4766 1993 4822 sed

429 4861 600 4916 oblita
655 4874 768 4913 sum
800 4859 964 4914 sortis
1003 4868 1056 4912 et
1080 4861 1225 4914 aedes
1263 4860 1354 4914 ubi
1398 4859 1767 4914 tliversaretur
1800 4859 2000 4911 habere

435 4952 686 5020 proprias
736 4954 789 5006 in
837 4953 1030 5022 primis
1080 4952 1376 5022 spendidas
1440 4953 1626 5016 vellet,
1687 4959 1742 5004 et
1793 4951 1999 5019 templo

433 5045 684 5112 privatim
742 5044 816 5097 uti
876 5045 977 5100 sibi
1027 5046 1118 5098 uni
1173 5045 1414 5109 addicto,
1464 5054 1519 5098 et
1556 5043 1845 5096 ministros
1891 5042 2002 5094 illic

434 5137 638 5188 habere
656 5136 721 5188 ad
757 5145 946 5191 nutum
977 5139 1377 5207 obsequentes;
1411 5151 1474 5188 ac
1501 5151 1624 5188 cum
1659 5135 1746 5188 hic
1781 5141 2001 5204 sumptu

433 5235 806 5296 apparatuque
831 5231 1126 5284 ambitioso
1152 5229 1290 5284 festa
1313 5229 1642 5288 celebraret.
1672 5227 2002 5281 illustriores

436 5333 745 5369 annuarum
795 5320 1200 5372 Soleutnitatum
1253 5334 1551 5388 panegyres
1597 5318 1885 5372 aemulans.
1920 5317 2004 5370 Ad

439 5412 550 5464 lia-c
587 5411 797 5482 magnis
836 5415 1064 5466 omnino
1104 5424 1222 5465 erat
1263 5425 1403 5477 opus
1445 5411 1833 5478 proventibus;
1867 5425 2006 5479 quos

437 5519 557 5556 cum
596 5503 698 5572 ipsi
743 5503 1040 5557 familiares
1083 5504 1352 5571 angustia:
1397 5513 1680 5574 negarent,
1730 5518 1795 5557 ac
1831 5517 2008 5571 neque

439 5597 872 5650 nundinationes
894 5598 1000 5650 illa:
1033 5604 1259 5650 secreta:
1293 5596 1678 5665 illaudata-que
1714 5598 1850 5652 clam
1897 5597 2010 5652 enf-

443 5686 657 5737 l'urantli
717 5699 863 5738 artis
918 5697 1128 5737 tantum
1187 5700 1405 5751 pedem.
1469 5692 1692 5739 r-liure
1745 5709 1773 5741 ι’
1824 5703 1904 5738 .nt

446 5794 705 5830 H‘llltllll“'-.
737 5792 818 5827 tul.
857 5797 971 5829 r'u’w
1020 5791 1053 5822 l-
1083 5803 1096 5816 ε
1131 5799 1174 5827 ,ος
1326 5804 1337 5816 ι·
1362 5793 1367 5800 “
1395 5801 1416 5828 λι
1470 5800 1477 5826 ι
1547 5803 1636 5822 υἰ-

2098 4593 2452 4652 mutantibus,
2487 4593 2559 4644 ita
2615 4593 2718 4645 iste
2747 4591 2956 4644 ardelio
3003 4591 3095 4644 ubi
3133 4606 3194 4654 se
3231 4590 3452 4658 paulmn
3511 4592 3672 4658 quasi

2098 4686 2214 4739 suis
2245 4685 2420 4754 copiis
2453 4683 2757 4737 innatando
2793 4682 3124 4750 iactaverat,
3162 4681 3406 4735 arefaeto
3448 4693 3678 4749 repente

2100 4779 2317 4846 gurgite
2349 4777 2534 4830 siccus
2576 4774 2629 4827 in
2671 4775 2868 4828 sabulo
2909 4773 3172 4836 haerebat,
3205 4787 3269 4824 ex
3309 4772 3499 4825 multis
3539 4771 3674 4833 illis,
3755 4805 3762 4810 -

2100 4885 2223 4940 qua;
2275 4869 2527 4938 perplexe
2580 4867 2902 4920 immiscens
2929 4865 3137 4918 dudum
3171 4865 3515 4932 iniplieuerat
3543 4865 3675 4927 filis,
3761 4888 3771 4896 -

2101 4961 2481 5029 deprehensus
2535 4957 2602 5010 ad
2655 4965 2966 5010 extremum
3020 4957 3158 5009 nihil
3219 4955 3322 5008 sibi
3360 4955 3506 5008 aliud
3543 4955 3677 5019 nisi,

2103 5051 2250 5121 quod
2321 5052 2500 5116 aiunt,
2563 5050 2844 5104 funebrem
2903 5049 3188 5102 sindonem
3249 5057 3342 5100 aut
3406 5050 3682 5102 mortuale

2106 5143 2293 5198 feretri
2325 5142 2644 5212 operculum
2698 5141 2964 5195 texuisse.
3007 5139 3136 5194 Post
3189 5138 3313 5192 ldus
3345 5139 3466 5193 sine
3520 5143 3678 5194 solu-

2108 5235 2262 5288 tione
2292 5234 2500 5302 lapsas,
2522 5231 2724 5286 diffusa
2749 5231 3119 5300 nequidquam
3153 5231 3262 5294 die,
3302 5232 3446 5285 vellit
3486 5245 3677 5284 aurem

2107 5341 2250 5378 unus
2301 5334 2354 5378 et
2405 5325 2544 5379 alter
2582 5325 2944 5380 creditorum.
2995 5323 3346 5392 Deprehensa
3409 5324 3682 5378 debitoris

2109 5417 2294 5485 inopia
2319 5419 2500 5490 caeleri
2531 5414 2796 5470 admoniti
2836 5415 3044 5484 trepide
3066 5425 3385 5479 accurrunt,
3427 5416 3679 5470 certatim

2109 5515 2390 5577 prensant.
2422 5501 2603 5557 Tanto
2624 5504 2736 5574 jam
2765 5504 2970 5559 clarius
3009 5507 3354 5576 intelligitur,
3383 5522 3488 5562 non
3521 5505 3682 5561 modo

2111 5597 2256 5652 nnde
2287 5597 2482 5661 solvat,
2509 5599 2601 5651 sed
2629 5613 2728 5651 nec
2766 5599 2912 5651 unde
2940 5597 3108 5659 vivat,
3149 5599 3464 5652 divitiarum
3493 5608 3682 5652 osten-

2137 5705 2183 5745 ..ῐ
2234 5728 2240 5739 ι
2310 5717 2332 5738 λη
2361 5721 2444 5752 ,μιι
2486 5705 2530 5739 l'
2570 5713 2616 5744 ι’,
2779 5708 2869 5737 ιΗ“·
2908 5717 2953 5738 ,-.ι
2985 5709 3013 5745 ξι
3094 5709 3156 5739 ιιι

3405 5713 3446 5742 ξΛ
3495 5709 3546 5734 ‘\
3594 5707 3682 5746 ῃιδ-

3092 5813 3100 5818 -
3150 5799 3171 5829 ἰ
3243 5797 3270 5830 Ι.
3303 5803 3328 5833 ι¹
3388 5801 3508 5832 ’,·’;ιι
3545 5801 3631 5833 "l't
