4024 6444
580 368 683 430 427
1774 370 2100 430 GEORGII
2134 370 2618 434 PACIlYMEllA'L‘
3718 386 3810 453 423

577 484 784 536 ϐαίνειν
817 484 1153 553 εἰργόμενοι.
1180 483 1403 536 Βασιλεῖ
1442 484 1499 536 δὲ
1526 483 1645 536 οὐδὲ
1688 483 1911 553 διωρίαν
1957 482 2152 553 βουλῆς
2189 490 2229 541 Α
2262 485 2515 554 κλησίαις
2546 490 2639 543 καὶ
2654 493 2774 555 ’τοῖς
2799 492 3015 560 βασιλεῖ
3047 494 3509 566 παρασπίζουσιν,
3537 501 3807 570 ἀφεικότας

565 578 831 645 παρεῖχον
889 576 1265 650 ἀγγελλόμενα
1311 580 1381 632 τὰ
1414 578 1584 632 δεινά.
1620 578 1735 632 Καὶ⁵
1783 579 1843 631 τὸ
1887 579 1987 649 μὲν
2038 577 2148 648 γὰρ

564 667 925 720 ἀνθίστασθαι
981 670 1075 723 καὶ
1128 671 1523 742 ἀντιπαράγειν
1579 670 1811 733 ἐκείνοις
1874 668 2145 739 στρατεύ-

565 780 710 831 ματα
765 762 971 833 ἄπορον
1019 758 1109 835 ἦν.
1167 764 1234 817 Αἰ
1269 766 1368 834 μὲν
1396 764 1504 835 γὰρ
1540 763 1851 833 Ῥωμαϊκαὶ
1880 762 2148 831 δυνάμεις

563 858 661 928 οὐχ
694 858 841 921 ὅπως
896 857 1243 928 ἐξησοένουν,
1298 858 1436 910 ἀλλά
1488 858 1581 911 καὶ
1618 857 1875 926 προνοίας
1933 856 2150 909 ἀπολω-

564 952 806 1016 λεκότες,
843 952 1107 1019 ἀνατολὴν
1169 950 1465 1018 φεύγοντες
1518 952 1611 1001 ἐπὶ
1660 948 1867 1011 δύσεως
1901 948 2144 1018 ὥρμων,

565 1044 1018 1114 περιποιούμενοι
1053 1045 1269 1107 ἑαυτοῖς
1330 1044 1490 1113 μόνον
1540 1042 1599 1095 τ’)
1654 1042 1787 1113 ζῇν·
1834 1043 2057 1112 ἐτέρους
2104 1041 2150 1093 δ’

563 1135 897 1205 ὲγκαθιστᾷν
937 1136 1029 1188 ἐπὶ
1065 1138 1251 1205 ῥητοῖς
1275 1135 1506 1205 τέρασιν
1531 1134 1814 1203 ἀμήχανον
1845 1126 1934 1202 ἦν.
1975 1132 2149 1202 Θεραο

564 1226 754 1279 πεύειν
773 1227 817 1281 δ’
846 1223 1004 1288 αὖθις
1033 1227 1351 1296 ὁμολογίαις
1376 1227 1437 1276 τὸ
1470 1224 1739 1294 Περσικὸν
1768 1221 1893 1277 οὔτε
1927 1223 1986 1277 τὸ
2012 1224 2145 1293 πρέο

566 1338 662 1373 πον
703 1319 897 1382 ἐδίδου,
950 1321 1046 1372 καὶ
1073 1320 1250 1382 ἄλλως
1290 1319 1497 1388 ἄπορον
1531 1313 1600 1388 ἦν
1638 1317 1812 1370 τόσων
1843 1317 2015 1370 ὄντων
2052 1316 2146 1368 καὶ

564 1413 841 1483 διαφόρων
893 1413 988 1476 τὰς
1036 1411 1281 1480 γνώμας,
1321 1411 1415 1463 καί
1446 1409 1497 1477 γ’
1532 1409 1625 1461 ἐπὶ
1656 1407 1910 1461 τοσοῦτον
1943 1407 2148 1475 ἡγεμό-

563 1523 669 1559 νων
701 1506 1061 1574 ἐγνωσμένων
1098 1506 1208 1563 τοῖς
1251 1504 1431 1565 ἄλλοις
1474 1504 1560 1570 ἐφ’
1606 1501 1731 1554 ὅσον
1765 1500 2051 1554 σκυλεύειν
2084 1517 2142 1552 τε

559 1598 653 1652 καὶ
682 1598 986 1666 κερδαίνειν
1010 1599 1122 1659 τοῖς
1150 1595 1613 1664 ὑποτεταγμένοις
1643 1593 1793 1662 ἐξῆν,
1831 1593 1898 1662 ἣν
1931 1593 1988 1644 δέ
2039 1611 2140 1645 που

556 1691 652 1743 καὶ
680 1690 976 1758 καθυφοίτο
1007 1690 1033 1740 ὁ
1056 1687 1205 1756 ἄγων
1244 1687 1277 1758 ἢ
1303 1688 1498 1757 δώροις
1522 1686 1552 1757 ἦ
1588 1688 1793 1755 χάρισι,
1826 1684 2143 1753 ζητούντων

555 1783 870 1851 ἕτεροντὲν
923 1782 1120 1844 αὐτοὺς
1160 1781 1368 1845 ἀξοντα
1420 1780 1514 1832 ἐπὶ
1555 1778 1882 1850 σκυλευμοῖς
1935 1797 1994 1831 τε
2048 1780 2142 1831 καὶ

555 1876 792 1945 κέρδεσι.
836 1874 945 1928 Kal.
970 1875 1056 1927 διὰ
1097 1872 1271 1926 ταῦτα
1304 1873 1361 1925 ἓν
1399 1871 1508 1924 τῶν
1540 1873 1860 1940 ἀναγκαίων
1891 1871 2039 1934 ἔδοξε
2064 1872 2142 1940 τῷ

554 1968 734 2038 καιρῷ
757 1966 852 2020 καὶ
878 1969 992 2030 τοῖς
1036 1965 1307 2033 ἐφεστῶσι
1338 1963 1656 2035 πράγμασι,
1696 1964 1757 2016 τὸ
1790 1964 2142 2032 περιλειφθὲν

552 2060 714 2125 τέως,
751 2062 874 2112 ὅσον
901 2062 956 2111 ὲν
996 2057 1275 2129 προνοίαις
1310 2057 1564 2110 ἐτάττετο
1598 2059 1793 2126 μοναῖς
1824 2073 1883 2108 τε
1917 2055 2012 2109 καὶ
2052 2059 2141 2109 ἐκ·

559 2345 681 2383 rum
720 2335 913 2399 pectus
963 2326 1109 2397 capit
1164 2325 1437 2394 planeque
1495 2337 1562 2378 ex
1621 2321 1766 2376 Orco
1818 2319 1994 2375 amata
2057 2320 2141 2374 in-

555 2423 743 2478 stincti
778 2419 1009 2475 audacia
1043 2429 1095 2472 et
1127 2416 1355 2483 ferocia,
1388 2416 1497 2468 ritu
1532 2422 1696 2469 vento
1725 2413 1943 2481 impulsi
1972 2414 2137 2467 vehe-

556 2517 757 2572 mentis
824 2512 1087 2575 incendii,
1144 2519 1345 2565 cuncta
1406 2506 1779 2577 corripiebant
1844 2521 2139 2563 consume-

556 2610 798 2677 ba‘ntque
863 2604 1046 2669 obvia,
1111 2602 1252 2656 mari
1314 2600 1433 2656 solo
1511 2614 1579 2654 ne
1637 2600 1781 2653 ultra
1845 2600 2136 2654 tenderent

554 2701 775 2757 retenti.
847 2698 1051 2752 Horum
1090 2710 1222 2750 ausa
1283 2703 1337 2748 et
1394 2703 1515 2747 aeta
1552 2706 1651 2746 nec
1703 2699 1981 2745 momento
2013 2706 2135 2745 ces-

553 2795 807 2849 santibus
847 2793 1241 2861 imperatorem
1298 2785 1589 2841 obruentia
1619 2783 1835 2837 nuntiis
1869 2798 1938 2836 ne
1968 2782 2136 2836 breve

550 2886 771 2956 quidem
822 2883 1065 2954 spatium
1100 2880 1149 2935 ei
1189 2879 1255 2934 ad
1284 2875 1711 2933 consultandum
1750 2875 2135 2944 relinquebant

550 2981 811 3035 liberum.
878 2978 1058 3044 Atque
1131 2971 1265 3026 huic
1325 2970 1547 3039 quidem
1613 2966 1849 3022 exeundi
1914 2965 2133 3021 obviam

551 3067 805 3123 barbaris
862 3062 1290 3134 opponendique
1343 3061 1411 3115 iis
1447 3060 1628 3131 justos
1676 3056 1951 3111 exercitus
1986 3055 2133 3110 nulla

532 3160 777 3231 'prnrsus
809 3155 1039 3211 facultas
1077 3154 1287 3209 aderat.
1325 3152 1459 3205 Nam
1505 3150 1770 3203 Romanae
1798 3148 1972 3217 copiae
2021 3164 2130 3203 non

549 3251 847 3316 debilitatae
909 3256 1122 3302 tantum
1185 3253 1365 3309 erant,
1429 3242 1523 3298 sed
1583 3241 1771 3295 fractae
1824 3254 1888 3294 ac
1947 3238 2135 3292 deleta

552 3343 823 3406 funditus,
859 3340 1081 3395 amissis
1141 3344 1195 3393 et
1224 3335 1486 3391 domibus
1526 3341 1581 3389 et
1607 3330 1915 3400 stipendiis.
1945 3330 2135 3398 Itaque

547 3453 615 3492 ex
676 3435 902 3492 Oriente
963 3432 1257 3503 fugientes,
1324 3425 1529 3497 passim
1584 3422 1875 3481 ordinibus
1936 3421 2135 3476 solutis

550 3543 650 3598 pro
727 3541 788 3580 se
845 3524 1080 3595 quisque
1125 3522 1180 3576 in
1218 3519 1571 3575 Occidentem
1635 3514 2030 3587 properabant,
2078 3513 2133 3566 in

552 3624 705 3675 lucro
750 3626 1017 3691 ponentes
1046 3614 1191 3685 quod
1221 3613 1398 3669 solum
1420 3612 1687 3676 viverent,
1723 3616 1778 3665 et
1806 3623 1907 3679 pro
1930 3609 2133 3662 misero

552 3712 754 3781 Spiritu
789 3707 1060 3763 trahendo
1097 3705 1231 3760 nihil
1263 3701 1468 3774 pacisci
1496 3700 1809 3755 recusaturi
1856 3696 2134 3752 servitutis

552 3820 615 3861 ac
670 3801 980 3859 dedecoris.
1024 3798 1207 3854 Novos
1271 3797 1477 3852 habere
1511 3793 1754 3849 delectus
1781 3792 2134 3862 prazmiisque

550 3895 844 3969 promissis
881 3894 1021 3949 alios
1070 3891 1295 3947 allicere
1321 3889 1425 3944 sub
1458 3887 1611 3958 signa
1652 3886 1855 3939 milites
1908 3900 2134 3954 prorsus

551 4004 719 4061 supra
746 3989 890 4044 vires
915 3996 1051 4051 erat,
1096 4000 1219 4040 cum
1257 3998 1357 4038 nec
1396 3989 1522 4051 apta
1552 3977 1763 4034 militiae
1810 3977 1874 4031 ad
1908 3992 2131 4031 manum

548 4083 809 4150 juventus
847 4079 1059 4133 adforet
1091 4083 1146 4133 et
1199 4074 1382 4131 mrarii
1441 4072 1624 4143 palam
1657 4070 1911 4125 exhausti
1939 4069 2132 4124 conci-

550 4174 719 4228 disset
770 4171 925 4227 ﬁdes.
988 4168 1256 4224 Restabat
1309 4173 1369 4220 ut
1407 4164 1489 4219 vel
1549 4162 1728 4232 turpis
1756 4171 1811 4216 ct
1867 4161 2134 4217 damnosa

548 4284 651 4338 pax
689 4264 966 4319 adulando
999 4262 1131 4317 indu
1148 4258 1339 4316 cendis
1364 4256 1430 4312 ad
1459 4270 1747 4311 assensum
1777 4253 1830 4308 in
1862 4254 2135 4309 conditio-

549 4375 649 4414 nes
685 4358 845 4412 nobis
881 4355 1206 4426 probrosas,
1242 4350 1381 4421 ipsis
1411 4348 1645 4419 amplas,
1681 4346 1862 4401 Persis
1886 4360 2131 4415 quomo-

547 4452 838 4518 docunque
891 4454 1220 4502 tentaretur.
1247 4441 1328 4496 Ad
1360 4441 1414 4495 id
1439 4440 1729 4495 consilium
1758 4447 2128 4509 praeterquam

2257 576 2364 630 τῶν
2399 579 2714 648 δεσποτῶν,
2747 584 2961 638 τάττειν
2991 587 3072 648 είς
3108 590 3523 657 στρατιωτικὸν,
3558 593 3688 665 πλὴν
3725 599 3808 651 καὶ

2261 670 2665 738 μονοκελλικὸν,
2703 670 3047 740 ξύμπαντας,
3077 678 3153 739 ὡς
3192 678 3440 732 ἐντεῦθεν
3464 682 3651 747 αὐτοὺς
3679 687 3808 739 ἐκεί-

2255 780 2369 826 νοις
2389 763 2531 833 ὗπὲρ
2550 765 2657 817 τῶν
2693 766 2842 820 ἰδίων
2867 768 3280 838 προσμένοντας
3307 771 3593 840 μάχεσθαι.
3616 776 3811 830 Ἐπέλ-

2252 854 2377 908 λετο
2401 856 2697 926 τοιγαροῦν
2732 860 2824 911 καὶ
2857 863 3005 930 παρὰ
3038 861 3385 931 πατριάρχου
3418 864 3603 927 θαλλὸς
3642 867 3808 932 ἐλαίας

2252 946 2569 1018 ἀναυδήτως
2599 949 2675 1020 τῷ
2703 950 2920 1018 ἄνακτι,
2957 951 3080 1005 ὅθεν
3109 953 3205 1006 καί
3228 971 3281 1006 τι
3320 953 3543 1025 θαρρεῖν
3574 952 3681 1026 εἶχε
3709 962 3805 1013 τῶν

2252 1041 2476 1107 ἀγαθῶν
2506 1043 2569 1096 ἐκ
2595 1043 2694 1112 τῆς
2717 1046 2847 1114 περὶ
2870 1046 3037 1098 αὐτόν
3062 1047 3110 1098 οἱ
3140 1048 3406 1116 μεγίστης
3435 1047 3802 1119 πληροφορίας.

2252 1131 2333 1183 Τά
2365 1131 2407 1183 δ’
2440 1128 2577 1202 ἦσαν
2613 1135 2670 1187 ὲν
2713 1135 2902 1203 μόναις
2936 1136 3178 1206 βουλαῖς·
3219 1135 3374 1190 οΰπω
3402 1138 3510 1207 γὰρ
3541 1141 3808 1206 ἐφίσταντο

2249 1216 2330 1285 οἷς
2358 1218 2426 1293 ἦν
2468 1227 2901 1295 ἐπιτεταγμένον
2942 1228 3135 1282 ταῦτα·
3153 1229 3439 1298 πράττειν,
3479 1230 3567 1282 καὶ
3600 1232 3655 1281 τὸ
3684 1233 3805 1303 Περ-

2251 1318 2400 1369 σικδν
2458 1318 2790 1389 πολλαχόθεν
2844 1320 3270 1383 ὲπεισϐαλόντες
3329 1323 3456 1384 τοὺς
3515 1322 3611 1391 μὲν
3661 1324 3806 1391 ἔργον

2249 1409 2537 1462 καθιστᾶσι
2571 1411 2875 1482 μαχαίρας,
2919 1414 3033 1466 ὅσοι
3072 1413 3129 1465 δέ
3164 1430 3227 1481 γε
3275 1415 3369 1467 καὶ
3402 1416 3621 1484 ἴσχυσαν
3652 1416 3803 1482 ἐκφυ-

2248 1503 2384 1585 γεῖν,
2402 1500 2483 1571 τῷ
2502 1504 2598 1573 τῆς
2624 1505 2866 1569 Κυζίκου
2889 1506 3258 1576 ἐπιτειχισμῷ
3283 1506 3409 1577 ἄρτι
3427 1508 3546 1559 τότε
3573 1510 3803 1576 συστάντι

2247 1593 2400 1662 παρὰ
2421 1593 2511 1647 τοῦ
2537 1595 2594 1647 ὲν
2615 1597 2752 1667 αὐτῇ
2776 1598 3042 1667 προέδρου
3064 1597 3341 1667 Νίφωνος,
3373 1598 3561 1666 ἀνδρὸς
3590 1599 3804 1667 δραστη-

2248 1684 2366 1755 ρίου
2402 1687 2499 1739 καὶ
2557 1686 2814 1755 γνώσεως
2861 1688 3131 1765 ὲπηϐόλου
3179 1688 3383 1741 καὶ-οὗ
3422 1688 3616 1757 μᾶλλον
3652 1706 3802 1741 πνευ-

2251 1779 2503 1846 ματικοῖς
2532 1778 2564 1849 ἢ
2595 1781 2886 1848 κοσμικοῖς
2919 1779 3185 1851 τρίϐωνος
3215 1779 3301 1852 [Ρ.
3336 1780 3469 1851 271}
3504 1781 3796 1851 πράγμασι,

2252 1871 2511 1941 φέροντες
2559 1874 2787 1937 ἑαυτοὺς
2816 1874 2914 1927 καὶ
2942 1878 3212 1941 γυναῖκας
3256 1877 3358 1929 καὶ
3391 1876 3555 1929 τέκνα
3586 1874 3676 1927 καὶ
3704 1874 3802 1937 ξῶι

2252 1962 2345 2012 καὶ
2389 1960 2627 2031 ὓπαρξιν
2656 1963 3105 2029 ἐγκατέκλεισαν.

2249 2321 2555 2375 necessitas
2587 2320 2639 2374 in
2668 2327 2912 2375 extrema
2968 2322 3213 2376 omnium
3248 2323 3567 2393 reipublicae
3605 2322 3802 2377 calami-

2249 2421 2359 2466 tate
2413 2419 2694 2482 utcunque
2745 2412 3036 2468 tolerabile
3093 2424 3463 2479 monstraret,
3493 2431 3608 2471 sese
3640 2415 3804 2471 consi-

2250 2504 2386 2558 lium
2419 2503 2689 2560 olIerebat
2744 2505 2855 2559 tale
2904 2505 3204 2575 quoddam,
3266 2516 3325 2561 ut
3365 2508 3647 2581 pensiones
3700 2521 3804 2576 quae

2248 2596 2430 2655 adhuc
2494 2612 2525 2653 e
2595 2596 2728 2652 ﬁsco
2780 2597 3132 2653 solverentur
3184 2612 3391 2655 omnes
3428 2602 3644 2655 omnino
3696 2600 3804 2668 qui-

2243 2689 2456 2753 busvis,
2515 2689 2867 2745 monasteriis
2916 2691 3080 2745 etiam
3138 2700 3194 2746 et
3244 2694 3522 2760 ecclesiis,
3569 2700 3799 2747 auctora~

2247 2787 2538 2848 mentaque
2568 2779 2707 2835 adeo
2747 2781 2861 2849 ipsa
2905 2781 3377 2848 praetorianorum
3440 2785 3792 2849 imperatorem

2244 2871 2695 2935 custodientium,
2735 2872 2899 2927 unico
2954 2887 3022 2927 ex
3083 2873 3351 2928 omnibus
3410 2885 3631 2943 accepto
3664 2872 3792 2939 quod

2245 2962 2667 3018 tnonocellicum
2718 2962 3017 3031 appellant,
3047 2962 3291 3018 dominis
3326 2979 3471 3019 nunc
3507 2972 3559 3017 et
3598 2975 3793 3033 posses-

2242 3055 2461 3111 soribus
2510 3069 2702 3110 eorum
2752 3058 2818 3108 ad
2860 3065 3076 3125 tempus
3100 3054 3443 3123 cedentibus,
3484 3063 3795 3110 verterentur

2244 3148 2299 3200 in
2325 3146 2599 3216 stipendia
2624 3146 3127 3214 conquirendorum
3167 3148 3533 3219 undecunque
3563 3146 3792 3207 militum,

2160 3210 2207 3272 ο
2239 3255 2377 3306 quos
2401 3210 2499 3308 qui
2532 3238 2614 3293 sic
2667 3210 2877 3292 ale-rent
2909 3238 3145 3308 propriis
3210 3239 3265 3293 in
3306 3256 3406 3297 eos
3445 3210 3794 3309 pensionibus

2240 3330 2545 3394 translatis,
2607 3345 2799 3385 eorum
2883 3330 2991 3385 sibi
3065 3331 3499 3387 substitutorum
3568 3328 3792 3384 manibus

2238 3438 2506 3494 pugnare,
2533 3422 2664 3478 licet
2715 3423 2861 3477 domi
2896 3433 3204 3487 manentes.
3247 3431 3308 3478 et
3345 3432 3455 3479 tam
3504 3420 3793 3479 necessario

2236 3523 2485 3583 tempore
2514 3514 2657 3569 tueri
2687 3528 2798 3568 rem
2826 3521 2880 3568 et
2903 3514 3554 3586 publicamletprivatam
3583 3515 3793 3585 quisque

2237 3621 2395 3661 suam
2426 3605 2768 3671 viderentur,
2805 3606 3002 3662 solatio
3037 3606 3270 3677 jactura:
3304 3606 3362 3664 et
3410 3610 3476 3664 ad
3509 3605 3681 3662 damni
3710 3619 3794 3673 pa—

2236 3697 2482 3751 tientiam
2538 3699 2818 3754 incentivo
2869 3707 2980 3755 n'on
3040 3699 3282 3755 modico.
3347 3702 3602 3756 Annuere
3630 3698 3708 3752 his
3745 3702 3794 3749 et

2236 3789 2470 3857 probare
2524 3791 2672 3859 quod
2730 3791 2796 3845 ad
2850 3806 2912 3847 se
2968 3791 3250 3858 attineret,
3285 3802 3554 3864 quantum
3603 3799 3709 3843 erat
3733 3789 3792 3840 de

2239 3882 2591 3938 monasteriis
2665 3892 2723 3939 et
2791 3885 3047 3940 ecclesiis
3106 3886 3429 3949 decretura,
3504 3884 3790 3955 signiﬁcare

2234 3973 2384 4030 visus
2440 3975 2751 4042 patriarcha
2781 3984 2888 4041 est,
2949 3977 3122 4032 misso
3183 3978 3253 4031 ad
3317 3982 3617 4050 Augustum
3676 3975 3791 4028 oles:

2236 4080 2412 4132 ramo,
2441 4067 2595 4121 nullo
2622 4068 2791 4122 verbo
2817 4067 3025 4124 addito.
3060 4069 3119 4124 Id
3146 4070 3318 4138 quod,
3351 4087 3451 4141 pro
3478 4069 3673 4140 ingenti
3696 4077 3788 4133 qua

2234 4167 2650 4229 pricoccupatus
2704 4160 3058 4215 Andronicus
3117 4171 3236 4216 erat
3272 4160 3561 4219 Athanasii
3616 4154 3789 4212 existi-

2234 4251 2478 4308 matione
2511 4267 2575 4308 ac
2605 4254 2934 4318 reverentia,
2987 4254 3235 4325 mysterii
3269 4256 3395 4309 loco
3460 4254 3528 4308 ab
3558 4266 3620 4308 eo
3649 4247 3788 4302 habi-

2235 4353 2349 4398 tum
2397 4345 2537 4399 etin
2588 4358 2709 4399 eam
2767 4346 2982 4401 scilicet
3041 4347 3557 4416 interpretationem
3594 4349 3788 4411 raptum

2231 4443 2337 4502 est,
2382 4447 2440 4492 ut
2473 4436 2627 4493 brevi
2670 4446 2989 4494 secuturam
3039 4455 3106 4495 ex
3162 4439 3331 4510 hujus
3366 4439 3560 4496 effectu
3594 4428 3785 4490 consilii

547 4544 766 4613 imperii
826 4541 1007 4595 honor
1076 4545 1131 4593 et
1198 4533 1433 4589 Romani
1491 4531 1733 4585 nominis
1788 4529 2553 4621 exiistimationrosperam
2613 4544 2827 4597 pacem,
2861 4546 2972 4585 non
3029 4532 3247 4587 modico
3288 4532 3346 4587 in
3402 4532 3528 4587 sinu
3589 4523 3785 4598 gaudio.

550 4640 818 4691 hactenus
880 4641 989 4687 tam
1050 4636 1283 4698 augusta
1337 4624 1651 4692 respuebat,
1689 4623 1850 4678 etiam
1886 4631 2122 4693 quanto-

548 4743 767 4799 cunque
821 4732 1024 4779 conatu
1059 4726 1466 4789 capesseretur,
1501 4729 1757 4770 successu
1796 4715 1953 4784 plane
1980 4714 2126 4769 cari-

547 4836 728 4878 turum
762 4819 942 4891 palam
998 4822 1139 4879 erat,
1174 4811 1433 4881 quoniam
1467 4819 1521 4865 et
1569 4820 1650 4865 tot
1688 4818 1867 4864 essent
1904 4818 2126 4878 tamque

547 4909 994 4981 discrepantibus
1041 4906 1332 4962 sententiis
1385 4904 1554 4958 duces
1606 4901 1699 4956 isti
1733 4901 2121 4965 barbarorum,

546 5016 608 5061 ut
657 5011 713 5059 et
771 5002 1061 5055 universos
1113 4996 1318 5069 pariter
1373 5010 1479 5049 una
1540 4993 1913 5049 conventione
1962 5007 2125 5061 posse

548 5092 942 5164 comprehendi
995 5105 1158 5160 supra
1219 5102 1368 5158 spem
1428 5096 1599 5153 esset,
1653 5094 1707 5141 et
1754 5085 1797 5139 si
1858 5087 2122 5154 quosdam

549 5192 766 5239 tantum
801 5180 1185 5244 demerereris,
1225 5178 1361 5233 nihil
1389 5192 1619 5247 ageres:
1665 5176 1866 5230 milites
1923 5177 2125 5246 quippe

547 5276 795 5346 ipsorum
852 5288 1046 5327 omnes
1097 5269 1300 5342 praedis
1352 5268 1630 5323 inhiantes
1681 5265 2022 5331 avidissime,
2056 5268 2125 5322 ab

547 5382 613 5421 eo
645 5365 959 5433 quicunque
1015 5375 1202 5433 pacem
1258 5359 1496 5423 fecisset,
1542 5357 1607 5412 ad
1644 5356 1783 5413 alios
1840 5371 1869 5410 a
1925 5357 2123 5428 quibus

545 5458 710 5532 390
765 5467 981 5525 raptum
1045 5452 1544 5520 latrocinatumque
1599 5449 1951 5515 ducerentur,
2000 5466 2126 5506 sese

546 5551 894 5621 aggregaturi
953 5549 1139 5603 statim
1199 5546 1401 5609 forent,
1457 5544 1737 5598 eteadem
1794 5543 1956 5598 nobis
1985 5544 2125 5599 duce

545 5652 755 5698 mutato
795 5642 995 5696 damna
1051 5635 1280 5692 illaturi.
1320 5634 1445 5688 Haec
1471 5646 1670 5688 cuncta
1727 5634 2135 5689 consideranti-.

544 5736 646 5790 bus
673 5750 841 5788 unum
872 5733 1158 5791 duntaxat,
1191 5741 1356 5794 grave
1377 5724 1512 5779 illud
1538 5724 1754 5795 quidem
1779 5734 1832 5778 et
1851 5723 2120 5793 iniquum,

548 5828 642 5883 sed
696 5826 842 5896 quod
896 5823 1013 5879 sola
1074 5820 1272 5875 victrix
1334 5818 1514 5886 legum
1579 5815 1858 5885 ctjurium
1929 5831 2120 5871 secura

2230 4619 2548 4676 confideret.
2607 4619 2808 4677 Verum
2843 4624 2958 4678 haec
3011 4624 3158 4679 haud
3190 4626 3331 4679 ultra
3369 4621 3783 4692 designationem

2228 4712 2616 4781 procedebant,
2648 4716 2969 4771 absentibus
2999 4716 3180 4773 adhuc
3228 4718 3340 4773 illis
3367 4716 3571 4786 quibus
3625 4711 3786 4763 luerat

2228 4806 2389 4861 istius
2426 4807 2629 4863 decreti
2681 4813 2965 4865 exsecutio
3012 4810 3295 4867 mandata.
3344 4810 3566 4866 Interim
3621 4811 3781 4857 autem

2228 4898 2409 4953 Persae
2459 4899 2826 4972 undecunque
2881 4901 3179 4969 irruentes,
3237 4918 3380 4973 quos
3434 4899 3649 4970 quidem
3701 4906 3781 4946 no-

2229 4997 2468 5045 strorum
2500 4990 2723 5062 assequi
2752 5002 3003 5062 potuere,
3034 5004 3392 5064 peremerunt
3434 4993 3648 5063 gladio;
3681 4982 3780 5041 alii.

2228 5078 2430 5150 quibus
2484 5085 2630 5139 vires
2684 5086 2754 5140 ad
2814 5086 2999 5156 fugam
3040 5104 3144 5141 non
3179 5088 3430 5149 defuere,
3482 5081 3785 5149 receperunt

2226 5191 2351 5231 sese
2405 5178 2547 5232 intra
2577 5180 2915 5236 munitiones
2948 5181 3157 5251 Cyzici,
3184 5197 3321 5251 quas
3374 5160 3566 5235 recens
3597 5170 3783 5226 validas

2226 5280 2476 5325 erexerat
2500 5272 2619 5341 ejus
2650 5272 2801 5328 urbis
2829 5288 3033 5342 praeses
3064 5275 3305 5345 Niphon,
3343 5275 3424 5326 vir
3461 5277 3710 5325 strenuus
3736 5266 3783 5311 et

2228 5360 2282 5413 in
2323 5363 2511 5427 paucis
2547 5363 2742 5428 solers,
2769 5380 2871 5419 nec
2899 5366 2952 5419 iu
2990 5365 3379 5436 spiritualibns
3412 5362 3584 5428 magis
3630 5362 3780 5422 φαίη

2227 5451 2587 5507 Saecularibus
2615 5454 2853 5524 negotiis
2886 5471 2992 5511 usu
3032 5472 3233 5526 magno
3283 5457 3469 5509 tritus.
3504 5453 3643 5503 Intra
3678 5443 3780 5496 haec

2227 5559 2356 5612 ergo
2388 5545 2726 5600 munimenta
2753 5544 2989 5603 Romani
3020 5565 3142 5605 eum
3177 5565 3236 5603 se
3272 5548 3422 5617 ipsos
3449 5558 3512 5597 ac
3539 5536 3779 5604 coujllgPs

2227 5635 2566 5707 liberosque,
2603 5648 2713 5693 tum
2745 5641 3009 5696 animalia
3044 5651 3098 5697 et
3134 5640 3395 5711 reliquias
3455 5635 3531 5690 rei
3566 5624 3782 5685 familia-

2227 5729 2325 5794 ris,
2357 5744 2717 5800 quascunque
2746 5734 3073 5790 subtrahere
3091 5734 3268 5791 furori
3295 5728 3583 5787 barbarico
3608 5718 3778 5777 value-

2227 5831 2370 5887 rant,
2401 5823 2816 5880 concluserunt.
