4024 6416
307 413 420 478 429

1245 412 1340 473 DE
1360 364 1804 473 ANDIUD‘HCO
1857 413 2322 474 PALsEOLOGO
2365 412 2511 474 LlB.
2558 412 2621 469 ν.

3467 410 3575 471 4ἷ⁷0

310 534 365 584 t'.
403 530 542 597 Περὶ
587 526 695 597 τῆς
730 527 835 579 τοῦ
862 524 1170 597 βασιλέως
1210 524 1455 597 Μιχαὴλ
1495 528 1584 590 είς
1618 524 1888 588 Κύζικον,
1923 532 1965 586 Α
1998 526 2049 577 εί
2098 544 2149 578 τι
2186 526 2405 596 βοηθεῖν
2441 525 2618 593 ἰατροὶ
2668 525 2865 593 ἔχοιεν,
2919 523 3169 593 ἀπαντᾷν
3204 523 3433 593 ἤπειγον
3482 525 3582 595 τὴν

628 596 758 652 εἶτα
785 600 871 664 εις
898 595 1101 666 Πηγὰς
1121 595 1581 665 ἀναχωρήσεως.

391 714 492 767 Διά
523 712 700 768 ταῦτα
746 713 841 766 καὶ
891 710 1145 782 βασιλεὺς
1193 709 1413 782 Μιχαὴλ
1444 710 1544 780 οὐχ
1581 705 1692 772 οἷός
1729 709 1777 761 τ’
1816 705 1894 762 ὢν

309 809 369 861 ἐν
407 808 690 877 Περγάμῳ
742 806 974 871 διάγειν,
1010 805 1229 875 ἀπάρας
1281 804 1494 856 ἐκεῖθεν
1535 802 1753 872 σύναμα
1798 803 1892 856 καὶ

307 904 431 964 ταῖς
474 902 605 969 περὶ
655 901 821 954 αὑτὸν
865 899 1133 968 δυνάμεσι
1171 896 1395 962 Κυζίκῳ
1424 896 1705 964 ἐπιφοιτᾷ.
1750 893 1892 947 Ἀλλ’

307 994 417 1046 οὐδ’
447 996 569 1046 ἐκεῖ
603 991 859 1064 βραδύνει
891 991 1001 1044 δέει
1032 989 1498 1061 προσδοκωμένης
1520 987 1632 1041 τῶν
1663 987 1895 1057 Περσῶν

307 1083 375 1136 δι’
403 1083 570 1136 αὑτὸν
604 1081 940 1152 προσϐολῆς.
965 1080 1130 1133 Ὅθεν
1161 1066 1421 1133 κάκεῖθεν
1472 1078 1797 1141 ἀπαναστὰς
1836 1079 1893 1130 ἐν

309 1175 526 1243 Πηγαῖς
559 1173 1048 1243 παραθαλασσιδίῳ
1081 1172 1292 1241 γίνεται
1349 1170 1531 1234 πόλει,
1568 1172 1674 1240 ὅπη
1705 1170 1770 1242 δὴ
1799 1167 1895 1222 καὶ

311 1267 369 1328 ἐς
402 1265 635 1334 ὕστερον
666 1264 813 1336 λύπῃ
845 1267 941 1319 καὶ
969 1265 1181 1334 ἀθυμίᾳ
1223 1262 1503 1330 συσχεθεὶς
1531 1260 1622 1313 διὰ
1653 1260 1723 1313 τὰ
1757 1277 1893 1329 συμ-

310 1359 486 1411 ϐάντα
512 1358 653 1427 νόσῳ
678 1357 1005 1428 περιπίπτει
1041 1354 1258 1427 βαρείᾳ.
1287 1353 1394 1408 Καὶ
1437 1354 1605 1423 ἐγγὺς
1637 1349 1769 1424 ἦλθε
1800 1350 1894 1405 τοῦ

308 1450 705 1513 κινδυνεῦσαι,
762 1448 866 1503 κᾶν
928 1448 1239 1503 ἐκινδύνευε
1297 1447 1447 1516 (τοῖς
1510 1446 1618 1516 γὰρ
1686 1445 1895 1513 ἰατροῖς

307 1540 697 1613 ἀπέγνωστο),
733 1544 783 1596 εί
817 1542 892 1612 μή
938 1558 1002 1609 γε
1059 1540 1442 1612 προπεφθὼιει
1472 1538 1573 1607 τῆς
1611 1537 1894 1609 Παρθένου

309 1640 406 1689 καὶ
448 1636 719 1690 Θεοτόκου
773 1636 1054 1708 προφανὲς
1108 1635 1278 1697 ἕλεος.
1336 1634 1410 1687 Ού
1461 1634 1643 1704 χεῖρον
1693 1632 1749 1685 δέ
1802 1631 1896 1685 καὶ

305 1728 472 1782 τοῦτο
496 1728 621 1782 καθ’
653 1730 843 1798 εἱρμὸν
866 1728 1123 1797 συνάψαι.
1146 1727 1369 1780 Ἕκειτο
1392 1727 1493 1794 μέν
1520 1722 1614 1779 οῦν
1640 1724 1897 1791 βασιλεὺς

306 1822 378 1875 τὰ
412 1823 628 1878 λοίσθια
653 1824 854 1890 πνέων,
886 1818 1007 1875 εἷπέ
1037 1837 1140 1884 τις
1161 1820 1469 1891 ἐπείληπτο
1499 1819 1610 1889 γὰρ
1647 1817 1735 1891 [Ρ.
1758 1815 1892 1889 272]

307 1914 407 1968 καὶ
457 1914 805 1985 ἀναισθήτως
856 1909 973 1984 εἶχε
1024 1914 1158 1983 πρὸς
1193 1913 1221 1967 ὅ
1249 1930 1304 1967 τι
1354 1913 1450 1966 καὶ
1503 1913 1679 1983 ἰατροὶ
1716 1910 1892 1978 ἔγνων

305 2007 543 2059 ἐκεῖνον.
586 2006 901 2076 Μηνύματα
924 2007 981 2060 δέ
1015 2005 1155 2074 πρὸς
1185 2004 1280 2060 τὸν
1309 2003 1525 2074 πατέρα
1548 2005 1644 2057 καὶ
1667 2002 1894 2070 βασιλέα

308 2100 343 2168 ἡ
380 2099 482 2168 μὲν
511 2098 670 2169 χρεία
700 2099 795 2151 καὶ
823 2096 1103 2170 ταχύτατα
1139 2095 1510 2167 προσαπῄτει,
1542 2097 1570 2147 ὁ
1598 2095 1654 2147 δέ
1700 2094 1893 2165 καιρὸς

304 2189 633 2244 ἀντέϐαινεν
680 2188 1101 2259 ἀντιϐαινούσης
1151 2187 1451 2257 θαλάσσης,
1494 2188 1587 2240 καὶ
1645 2190 1672 2240 ὁ
1726 2185 1893 2249 πλοῦς

306 2283 587 2351 ἐπείχετο.
621 2281 772 2344 Τέως
805 2281 862 2335 δὲ
888 2280 1165 2351 δυσχερῶς
1201 2280 1320 2351 μεθ’
1351 2281 1567 2351 ἡμέρας
1609 2279 1892 2349 φθάνουσι.

309 2376 425 2426 Καὶ
452 2375 522 2426 τά
547 2372 874 2444 πεμφθέντα
895 2374 1107 2427 ἐκεῖθεν
1128 2373 1434 2444 γράμματα
1454 2373 1667 2442 δάκρυα
1695 2371 1895 2443 μᾶλλον
1945 2374 1956 2385 '

305 2459 456 2535 ἦσαν
512 2463 546 2534 ἢ
592 2464 922 2536 γράμματα.
968 2462 1221 2534 Ἐδήλουν
1261 2462 1363 2532 μὲν
1406 2458 1502 2516 οὖν
1550 2462 1649 2532 τὴν
1696 2462 1893 2524 νόσον,

304 2557 478 2610 ὁποία
507 2558 603 2609 καὶ
633 2557 729 2608 ἐπὶ
754 2556 929 2617 ποίοις
965 2554 1216 2626 σημείοις
1243 2556 1367 2610 ὅσαι
1410 2553 1616 2625 ἡμέραι
1646 2555 1741 2611 καὶ
1772 2555 1895 2607 ὅσαι

304 2649 512 2712 νύκτες
555 2650 588 2717 ἡ
638 2642 1097 2718 νὼοςῆάκμάξει,
1132 2650 1227 2701 καὶ
1255 2646 1365 2700 τίσι
1406 2646 1721 2717 φαρμάκοις
1766 2645 1894 2714 παρ’

302 2741 495 2797 αὐτῶν
520 2741 893 2811 νοσηλεύεται,
923 2741 1017 2794 καὶ
1040 2740 1196 2805 τέλος
1226 2741 1372 2803 ὅπως
1404 2739 1547 2809 ἔχων
1589 2741 1765 2806 κυρείο
1797 2735 1897 2790 κᾶν

304 2920 402 2976 10.
435 2919 515 2975 De
553 2916 1188 2991 imperatoris_lliclraelis
1216 2919 1444 2988 primunt
1471 2916 1747 2989 Cyzicum,
1774 2915 1896 2970 inde

883 2988 1051 3061 chas
1102 3004 1331 3043 recessu.
1426 3030 1435 3039 .

379 3107 545 3179 391
597 3105 827 3175 Propter
867 3104 986 3162 hac
1047 3105 1169 3173 ipse
1213 3117 1433 3174 quoque
1466 3102 1759 3172 imperator
1793 3100 1898 3156 Mi.

2001 616 2284 684 ταχίστην,
2308 616 2373 667 ἂν
2404 615 2543 677 τέως
2570 613 2663 665 καὶ
2696 614 2752 665 ἐν
2772 611 2912 675 ζῶσι
2940 611 3033 665 τὸν
3055 610 3309 681 κείμενον
3340 615 3584 685 καταλή-

2001 705 2217 776 ψαιντο.
2250 706 2512 768 Βασιλεὺς
2544 705 2603 758 δέ
2638 705 2828 774 μαθὼν
2861 704 2931 757 τὰ
2964 704 3223 759 πάνδεινα
3248 706 3421 763 ταῦτα
3456 709 3586 777 περὶ

2001 803 2069 870 τῇ
2125 800 2218 853 τοῦ
2278 800 2544 869 βασιλέως
2598 796 2974 851 ἐδυσελπίστει
3031 799 3233 852 αὐτίκα
3291 797 3447 874 ζωῇ,
3490 804 3586 853 καὶ

2007 894 2281 964 μετέωρος
2309 889 2376 963 ἧν
2399 893 2620 946 ἀκούειν
2646 892 2705 944 τὸ
2730 892 3341 962 χαλεπώτατον.“ομως
3373 894 3585 964 πέμπει

2007 987 2106 1056 μὲν
2139 986 2334 1040 αὐτίκα
2364 986 2455 1039 καὶ
2493 986 2735 1055 ίατροὺς,
2773 985 2987 1055 πέμπει
3018 984 3074 1038 δέ
3103 986 3198 1039 καὶ
3225 984 3335 1039 τῶν
3365 987 3583 1041 οἰκείων

2002 1080 2071 1134 τὰ
2096 1080 2393 1152 κράτιστα.
2429 1079 2503 1131 Τὸ
2538 1078 2699 1131 πλέον
2724 1078 2780 1131 δέ
2804 1078 2838 1147 ἢ
2869 1078 3095 1147 μᾶλλον,
3127 1081 3304 1135 εἰπεῖν
3328 1080 3586 1151 τάληθὲς,

2004 1172 2063 1224 τὸ
2096 1173 2237 1236 ὅλον,
2272 1171 2496 1242 ἐθάρρει
2535 1168 2614 1239 τῷ
2647 1172 2713 1223 ἐκ
2742 1170 2879 1224 Θεοῦ
2931 1170 3028 1224 καὶ
3079 1172 3179 1242 τῆς
3221 1172 3586 1245 Πανυμνήτου

2005 1265 2171 1332 ἐλέει,
2196 1262 2307 1330 οἷος
2331 1267 2496 1331 αὐτὸς
2526 1268 2621 1321 ἐπὶ
2648 1272 2763 1332 τοῖς
2789 1268 3054 1332 τοιούτοις
3082 1269 3269 1340 ἐῴκει,
3310 1269 3454 1324 ὥστε
3491 1273 3588 1324 καὶ⁵

2005 1361 2289 1432 ἀραρότως
2314 1362 2403 1415 ἐπ’
2434 1362 2572 1434 αὐτῇ
2601 1362 2922 1415 πεποιθέναι
2965 1363 3060 1417 καὶ
3097 1364 3163 1417 τὰ
3190 1364 3588 1435 εὐχαριστήρια

2004 1453 2211 1522 ταύτης
2236 1453 2595 1523 ἐπαγγέλλειν
2623 1453 2948 1521 ψάλλεσθαι,
3000 1455 3106 1509 κᾶν
3138 1456 3277 1527 αὐτὴ
3316 1457 3588 1527 ἐφιστῷτο

2006 1548 2039 1616 ἠ
2070 1546 2464 1616 ἀναστάσιμος.
2503 1546 2641 1598 Τότε
2672 1545 2805 1612 γοῦν
2834 1546 2930 1600 καὶ
2955 1548 3049 1600 ἐπὶ
3083 1548 3247 1601 πλέον
3275 1534 3586 1615 ἐποτνιᾶτο,

2006 1637 2102 1691 καί⁸
2126 1636 2205 1706 τῷ
2234 1639 2297 1690 ἐκ
2339 1636 2440 1707 τῆς
2494 1636 2838 1706 φωταγωγοῦ
2888 1640 3072 1709 ἐλαίῳ,
3105 1640 3339 1707 πέμπων
3365 1642 3459 1693 καὶ
3492 1657 3588 1710 μο-

2005 1732 2168 1800 ναχὸν
2214 1730 2278 1783 ἐκ
2320 1730 2419 1799 τῆς
2479 1732 2670 1799 μονῆς,
2704 1730 3006 1801 φιλοτίμως
3039 1732 3297 1802 ἐδωρεῖτο
3328 1734 3420 1786 τὸν
3463 1733 3583 1786 κεί-

1924 1867 1973 1927 B
2009 1839 2192 1892 μενον.
2231 1819 2342 1876 Ἦν
2385 1823 2443 1877 δὲ
2498 1822 2609 1893 ἄρα
2658 1825 2686 1877 ὁ
2745 1824 2975 1894 μοναχδς
3020 1825 3233 1888 ἀποϐὰς
3286 1826 3389 1895 τῆς
3446 1825 3587 1887 νεὼς

1999 1915 2268 1986 ἁνάνηψις
2302 1915 2378 1985 τῷ
2405 1915 2668 1985 κειμένῳ,
2701 1916 2796 1968 καὶ
2831 1917 2957 1986 περὶ
2986 1916 3152 1970 αὐτοῦ
3188 1918 3355 1986 μήπω
3389 1916 3589 1985 φανέν-

1994 2024 2084 2071 τος
2139 2010 2166 2060 ὁ
2212 2007 2313 2077 ἤδη
2357 2009 2553 2075 νεκρὸς
2605 2007 2943 2061 ἐπυνθάνετο
2992 2008 3053 2073 ἐξ
3101 2009 3330 2079 ὀνείρων
3384 2009 3587 2063 αὐτίκα

1997 2100 2275 2171 χρηστῶν,
2315 2100 2436 2151 καθ’
2468 2097 2564 2162 οὒς
2591 2100 2861 2171 εὐσταλής
2893 2118 2978 2164 τις
3016 2101 3156 2171 γυνὴ
3186 2095 3318 2172 ἦ).ον
3360 2101 3455 2154 τοῦ
3485 2119 3589 2154 πο-

1997 2191 2217 2254 νοῦντος
2271 2190 2471 2260 μέρους
2522 2192 2779 2261 ἀποσπᾷν
2811 2191 2999 2263 ἐῴκει,
3036 2210 3053 2242 ι
3102 2193 3266 2245 Ἴδετε
3293 2231 3311 2258 ,
3372 2193 3585 2262 λέγων,

1997 2283 2046 2333 εί
2079 2285 2310 2352 μοναχος
2360 2283 2446 2335 ἐπ’
2476 2281 2733 2350 αἰγιαλοῦ
2767 2281 2981 2346 ἀποϐὰς
3016 2282 3231 2335 ἵσταται
3278 2282 3466 2354 φέρων
3492 2290 3589 2336 καὶ

1997 2373 2147 2445 δῶρα
2171 2375 2271 2444 τῆς
2303 2373 2672 2445 Θεομήτορος.
2702 2392 2728 2444 ι
2767 2375 2831 2428 Ol
2862 2373 2906 2426 δ’
2945 2374 3268 2438 ἐπιστάντες
3295 2375 3499 2438 εὐθέως
3528 2377 3589 2428 τὸ

2000 2467 2333 2538 ἁκουόμενον
2366 2468 2687 2536 καθεώρων,
2722 2469 2819 2521 καὶ
2850 2468 2884 2537 ἡ
2913 2468 3186 2539 ἐπιδημία
3219 2467 3313 2522 τοῦ
3351 2466 3587 2538 μοναχοῦ

2002 2559 2098 2613 σὺν
2137 2560 2279 2630 ἀγίῳ
2329 2559 2495 2631 ἐλαίῳ
2552 2559 2925 2630 ἐπανάκλησις
2964 2554 3035 2629 ἦν
3085 2559 3164 2629 τῷ
3217 2560 3496 2621 νοσοῦντι,
3531 2561 3591 2612 ἐν

1998 2653 2080 2705 ὅτι
2110 2652 2351 2721 πλείστῳ
2384 2651 2462 2721 τῷ
2507 2652 2754 2722 θειασμῷ
2788 2652 3059 2721 γενομένη
3109 2652 3249 2722 μετά
3286 2650 3587 2722 θαύματος.

2001 2936 2164 2993 quem
2193 2913 2446 2977 venirent
2475 2919 2747 2987 sanatur-i,
2782 2918 3091 2990 reperirent
3122 2931 3424 2975 mortuum.
3460 2919 3589 2977 Haec

2004 3013 2323 3070 tristissima
2393 3013 2697 3084 imperator
2783 3012 3020 3067 audiens
3091 3027 3231 3083 pene
3294 3012 3591 3069 confestim

2003 3105 2319 3175 desperavit
2352 3104 2422 3161 de
2465 3104 2651 3162 salute
2693 3104 2815 3167 filii,
2852 3113 2906 3160 et
2938 3103 2994 3159 iu
3031 3104 3199 3161 horas
3234 3108 3591 3177 exspectabat

305 3202 473 3257 chael
533 3214 641 3255 nou
710 3199 897 3255 valens
965 3196 1204 3269 amplius
1262 3196 1567 3253 subsistere
1622 3186 1894 3267 Pergami,
1927 3222 1970 3281 ο
2002 3198 2169 3269 392
2192 3198 2610 3255 iiimstissimum
2632 3198 2699 3254 de
2720 3198 2841 3268 ejus
2858 3198 3010 3255 obitu
3028 3199 3305 3254 nuntium.
3325 3200 3404 3254 Ac
3425 3200 3594 3255 medi-

306 3291 442 3347 inde
471 3306 696 3345 movens
728 3305 852 3345 cum
887 3289 953 3344 iis
983 3303 1123 3360 quas
1154 3289 1305 3343 circa
1338 3302 1399 3344 se
1431 3288 1666 3344 habebat
1697 3289 1896 3359 copiis,

304 3384 570 3455 Cyzicum
600 3398 661 3440 se
691 3382 926 3438 confert.
956 3381 1063 3437 Sed
1093 3396 1193 3437 nec
1225 3381 1297 3436 ibi
1334 3388 1581 3437 moratus
1611 3388 1719 3447 est,
1748 3390 1897 3435 metu

309 3475 624 3544 exspectati
645 3474 807 3530 etiam
838 3474 949 3529 illic
973 3473 1209 3530 insultus
1229 3473 1284 3528 in
1312 3488 1370 3528 se
1390 3471 1705 3528 Persarum.
1728 3472 1898 3543 Igitur

309 3581 366 3625 et
406 3569 537 3624 hinc
576 3567 723 3622 vasis
771 3565 1128 3621 conclamatis
1174 3564 1230 3618 in
1264 3564 1438 3635 Pegas
1478 3564 1617 3618 mari
1656 3565 1895 3620 adsitum

313 3661 518 3715 transit
552 3659 873 3729 oppidulum
892 3674 913 3736 ε
934 3657 1038 3715 ubi
1074 3657 1272 3713 deinde
1315 3656 1507 3712 dolore
1539 3671 1603 3713 ac
1637 3659 1899 3715 mmstitia

311 3753 385 3809 ob
414 3767 479 3806 ea
514 3766 638 3822 quae
687 3750 1008 3806 acciderant
1051 3749 1106 3805 in
1142 3749 1397 3804 morbum
1429 3750 1623 3806 indicit
1653 3766 1898 3822 gravem,

309 3859 375 3897 ex
407 3858 522 3913 quo
548 3858 741 3913 parum
775 3841 949 3898 abfuit
991 3843 1127 3915 quin
1183 3841 1252 3898 de
1301 3842 1413 3897 vita
1465 3843 1896 3914 periclitaretur.

312 3934 457 4001 Quin
490 3946 550 3990 et
591 3935 933 4005 periclitatus
963 3950 1153 3990 revera
1181 3944 1286 4001 est,
1316 3936 1523 4006 quippe
1569 3935 1900 4007 desperatus

313 4041 343 4081 a
391 4026 647 4092 medicis,
704 4026 813 4082 nisi
845 4034 1285 4099 praeoccupasset
1329 4027 1622 4084 subvenire
1666 4028 1725 4081 in
1762 4036 1900 4082 tem-

313 4133 448 4188 pore
482 4115 726 4189 Virginis
755 4117 1000 4186 Deiparm
1027 4118 1317 4175 manifesta
1353 4118 1757 4175 misericordia.
1789 4118 1901 4175 Nec

316 4213 584 4280 alienum,
636 4223 794 4282 puto,
845 4211 1013 4267 fuerit
1060 4219 1116 4266 et
1165 4211 1270 4267 hoc
1321 4213 1787 4281 quemadmodum
1829 4213 1903 4268 sit

316 4315 536 4376 gestum
564 4305 693 4360 huic
722 4305 968 4360 historiae
996 4304 1262 4360 inserere.
1284 4301 1516 4360 Iacebat
1540 4306 1707 4376 igitur
1732 4307 1901 4376 impe-

317 4403 475 4455 ratbr
514 4407 763 4455 extrema
820 4401 1065 4469 spirans,
1095 4397 1307 4453 diceret
1333 4397 1535 4467 aliquis
1572 4406 1901 4469 :correptus

318 4495 468 4549 enim
493 4492 760 4562 deliquio,
791 4505 982 4547 eorum
1006 4506 1128 4562 quae
1157 4490 1323 4546 multa
1348 4490 1668 4562 satagebant
1690 4492 1911 4548 circum

2005 3304 2103 3345 cos
2124 3289 2345 3358 quidem
2364 3289 2552 3345 statim
2578 3289 2749 3354 misit,
2770 3304 3003 3360 cumque
3023 3290 3111 3344 his
3131 3290 3437 3360 praecipuos
3456 3307 3591 3360 quo-

2004 3396 2113 3450 que
2142 3380 2605 3450 domesticorum,
2639 3382 3081 3451 maximam'ipse
3110 3382 3329 3437 interim
3377 3383 3591 3440 fiducia:

2006 3480 2237 3542 partem,
2279 3480 2375 3527 aut
2419 3479 2614 3539 totam,
2647 3484 2708 3527 ut
2752 3474 2948 3544 loquar
2992 3475 3201 3541 verius,
3244 3474 3498 3530 ﬁduciam
3533 3476 3589 3531 in

2005 3562 2102 3619 Dei
2129 3577 2194 3617 ac
2222 3562 2620 3619 laudatissima:
2646 3563 2896 3636 Deiparae
2926 3564 3281 3622 miseratione
3309 3569 3591 3624 collocans

2005 3652 2108 3725 (ita
2133 3652 2223 3707 ille
2252 3651 2460 3717 factus,
2486 3654 2568 3708 sic
2599 3662 2717 3708 erat
2742 3662 2793 3708 in
2821 3654 3096 3711 similibus
3123 3656 3323 3712 solitus
3364 3660 3590 3728 agere),

2005 3745 2144 3800 adeo
2190 3744 2412 3816 quidem
2459 3754 2518 3799 ut
2568 3761 2664 3815 spe
2690 3747 2838 3800 certa
2881 3747 3203 3817 praecipiens
3235 3747 3348 3804 voti
3380 3764 3595 3807 succes-

2006 3854 2153 3904 sum,
2179 3837 2295 3907 jam
2322 3851 2471 3891 nunc
2502 3852 2724 3892 sacrum
2759 3839 2812 3892 in
2840 3843 3142 3910 gratiarum
3177 3841 3451 3897 actionem
3492 3859 3593 3914 pro

2004 3931 2272 3989 beneﬁcio
2327 3949 2357 3988 a
2424 3928 2522 3987 Dei
2579 3930 2750 3988 Matre
2799 3943 3049 4004 accepto,
3099 3934 3207 3989 etsi
3260 3932 3368 3988 diei
3428 3935 3593 4004 ritus,

2006 4026 2165 4097 (quae
2197 4023 2485 4081 Dominica
2530 4035 2652 4083 erat
2699 4025 3153 4082 Besurrectionis
3188 4028 3467 4083 memoriae
3510 4029 3596 4084 di-

2004 4124 2162 4193 cata)
2191 4122 2336 4177 aliud
2370 4132 2651 4193 posceret,
2684 4123 2959 4178 celebrari
2990 4122 3255 4177 voluerit.
3287 4122 3389 4177 Diu
3426 4124 3595 4194 igitur

2005 4221 2062 4268 et
2111 4214 2409 4283 plurimum
2459 4214 2640 4269 divam
2691 4222 3011 4280 veneratus,
3060 4214 3244 4269 oleum
3275 4229 3306 4270 e
3339 4214 3594 4285 lampade

2005 4320 2129 4376 qua:
2162 4321 2322 4362 sacro
2351 4306 2644 4374 alluxerat,
2672 4322 2772 4377 per
2795 4306 2961 4362 fidum
2981 4323 3011 4362 e
3035 4308 3370 4364 monasterio
3402 4325 3595 4364 mona-

2005 4395 2171 4449 chum
2204 4393 2396 4462 misit;
2433 4411 2597 4466 reque
2632 4412 2758 4453 mox
2791 4399 2909 4466 ipsa
2944 4400 3203 4468 apparuit
3236 4400 3595 4471 magnificum

2007 4488 2236 4543 omnino
2286 4489 2694 4560 miriﬁcumque
2739 4506 2940 4546 munus
2987 4492 3268 4564 languenti
3305 4494 3593 4549 donatum.

320 4586 522 4641 medici
575 4585 713 4640 nihil
765 4585 927 4655 plane
987 4585 1281 4640 sentiebat.
1333 4581 1697 4641 Festinahant
1749 4585 1901 4641 vide-
1936 4583 2189 4659 DSiutul
2239 4583 2386 4638 enim
2444 4583 2579 4639 illud
2629 4590 2864 4655 portans
2917 4585 3225 4641 monachus
3273 4588 3599 4643 conscendit

320 4681 453 4736 licet
502 4680 696 4734 famuli
746 4680 884 4743 hac,
947 4686 1109 4749 prout
1160 4693 1250 4733 res
1295 4681 1572 4749 poscebat,
1620 4680 1903 4751 quampri-

318 4788 472 4827 mum
516 4772 768 4827 indicare
817 4771 960 4841 patri
1007 4771 1282 4842 Augusto".
1319 4770 1424 4826 Sed
1456 4770 1663 4828 frustra
1694 4787 1904 4829 conan—

319 4868 472 4922 tibus
537 4879 686 4919 mare
739 4864 1023 4929 obstabat,
1093 4872 1418 4931 tempestate
1477 4872 1611 4920 tunc
1669 4866 1901 4924 adversa

318 4959 716 5029 navigantibus
748 4957 805 5012 in
854 4958 1070 5013 urbem.
1106 4957 1181 5013 Ea
1228 4972 1399 5012 causa
1435 4959 1554 5014 dies
1579 4958 1788 5029 aliquot
1819 4976 1905 5014 re-

320 5052 484 5115 tenti,
516 5066 661 5121 egre
714 5051 932 5105 tandem
979 5050 1204 5105 eluctati
1255 5049 1546 5105 obstacula
1601 5050 1903 5120 appellunt,

320 5145 539 5200 litteras
572 5142 816 5199 ferentes
848 5157 971 5214 quae
1016 5142 1275 5213 lacryma:
1308 5138 1492 5212 potius
1535 5152 1699 5199 erant
1740 5159 1905 5213 quam

322 5238 547 5292 litterae.
596 5234 909 5290 Narrabant
957 5234 1026 5290 de
1081 5235 1297 5300 morbo,
1331 5235 1512 5302 qualis
1557 5242 1742 5301 esset;
1774 5243 1909 5305 quot

317 5331 432 5402 jam
460 5345 584 5384 cum
610 5343 678 5384 eo
707 5328 923 5393 diebus,
956 5336 1087 5396 quot
1116 5327 1370 5381 noctibus
1395 5341 1539 5397 aeger
1563 5314 1906 5395 luctaretur;

318 5424 528 5495 quibus
559 5422 945 5482 incrementis,
978 5419 1415 5489 quo'iutervallo
1442 5427 1643 5476 auctus
1676 5420 1910 5491 languor

322 5514 796 5585 fuisset;quibus
837 5512 1107 5568 hactenus
1129 5513 1399 5583 languens
1441 5510 1706 5567 remediis
1755 5526 1911 5568 cura-

320 5619 435 5664 tus.
455 5608 634 5678 Super
656 5607 773 5662 haec
797 5606 1270 5676 percontabantur
1293 5604 1424 5674 quid
1450 5612 1749 5671 statueret;
1775 5619 1839 5661 ac
1861 5606 1907 5659 si

319 5703 455 5772 quid
479 5701 601 5770 opis
628 5698 829 5754 medici
856 5698 1052 5764 urbani
1077 5697 1223 5767 quod
1247 5712 1394 5767 πετο
1425 5697 1683 5753 afferrent
1709 5697 1911 5751 habere

321 5793 666 5853 viderentur,
716 5789 827 5844 cito
881 5788 1004 5843 illos
1053 5798 1110 5842 ut
1153 5788 1374 5857 juberet
1419 5801 1729 5852 occurrere,
1779 5800 1906 5840 ora-

323 5879 838 5954 bant:periculum
889 5879 1059 5945 enim,
1110 5876 1155 5932 si
1206 5883 1623 5940 cunctarentur,
1672 5872 1789 5930 fore
1841 5888 1911 5928 ne

2016 4689 2229 4742 navem,
2272 4690 2417 4747 aagro
2450 4675 2566 4732 fieri
2595 4676 2791 4733 melius
2840 4676 3095 4747 contigit.
3132 4676 3466 4749 Priusquam
3499 4696 3600 4735 au-

2015 4779 2121 4823 tem
2154 4768 2247 4823 ille
2273 4768 2549 4838 appulsus
2570 4783 2627 4824 se
2658 4768 2713 4823 in
2738 4778 3095 4837 conspectum
3123 4770 3301 4837 daret,
3326 4771 3596 4841 languens

2015 4862 2303 4917 hominum
2336 4863 2598 4932 Opinione
2629 4869 2844 4917 tantum
2878 4877 2990 4918 non
3037 4870 3293 4918 mortuus
3323 4863 3471 4919 felici
3506 4880 3595 4921 re-

2014 4967 2235 5009 creatus
2266 4956 2484 5010 somnio
2510 4964 2617 5023 est,
2649 4970 2746 5025 per
2786 4955 2931 5024 quod
2964 4955 3065 5023 ipsi
3102 4955 3386 5010 videbatur
3413 4957 3601 5027 splen-

2014 5047 2140 5101 dide
2194 5056 2391 5101 ornata
2448 5047 2702 5117 quaedam
2762 5047 2962 5100 mulier
3008 5062 3075 5101 ex
3126 5056 3284 5116 parte
3337 5051 3595 5118 corporis

2016 5141 2306 5196 laborante
2339 5140 2560 5194 clavqu
2590 5138 2846 5194 evellere.
2880 5137 3009 5194 Post
3048 5140 3196 5210 quod
3238 5148 3597 5211 experrectus

2016 5230 2277 5297 Michael,
2308 5229 2528 5296 Videte,
2584 5230 2767 5299 inquit
2813 5230 3037 5287 intuens
3083 5241 3352 5296 astantes,
3401 5234 3595 5304 ecquid

2017 5324 2321 5377 monachus
2352 5323 2511 5377 modo
2533 5323 2819 5391 expositus
2845 5322 2903 5377 in
2932 5322 3091 5378 littus
3117 5323 3208 5378 hic
3236 5323 3380 5379 adsit
3413 5325 3595 5380 ferens

2016 5415 2156 5469 dona
2195 5412 2288 5469 Dei
2320 5412 2535 5469 Matris.
2585 5411 2669 5468 llli
2711 5414 2841 5471 dum
2884 5431 3078 5486 parere
3106 5416 3282 5486 jussis
3312 5426 3591 5487 satagunt,
3646 5474 3657 5483 κ

2016 5506 2309 5562 confestim
2357 5507 2504 5575 quod
2541 5508 2833 5563 audierant
2881 5510 3181 5563 viderunt:
3215 5508 3594 5575 comparentis

2017 5599 2217 5667 quippe
2241 5598 2296 5652 in
2330 5607 2533 5667 puncto
2556 5600 2842 5668 monachi,
2863 5615 2987 5657 cum
3010 5609 3201 5657 sancto
3224 5600 3364 5665 oleo,
3384 5602 3593 5655 adven-

2019 5699 2109 5745 tus
2149 5690 2305 5759 plcna
2327 5692 2517 5745 statim
2546 5695 2836 5763 aegrotanti
2869 5693 3109 5748 emersio
3136 5707 3203 5746 ex
3239 5692 3590 5757 morbo'fuit,

2020 5781 2131 5835 Deo
2154 5798 2266 5837 rem
2290 5781 2437 5837 haud
2470 5783 2638 5839 dubie
2678 5784 3086 5841 ascribeutibus
3110 5784 3327 5839 cunctis
3352 5786 3444 5853 qui
3475 5800 3598 5839 cer-

2020 5876 2327 5944 uebant,et
2354 5891 2455 5947 pro
2480 5876 2627 5935 facto
2657 5877 2905 5934 humana
2930 5879 2979 5934 vi
3010 5877 3209 5948 majori
3242 5877 3593 5934 mirantibus.
