4024 6430
493 337 597 399 631

1689 338 1734 395 G
1750 339 1946 396 EURG
1967 338 2020 394 ll
2066 338 2156 395 ΡΑ
2167 339 2263 395 (ll-1
2276 339 2311 395 Υ
2325 341 2371 395 .ii
2387 340 2486 397 EH
2503 339 2558 395 Ε

3659 347 3770 414 432

489 457 579 505 ια’.
621 451 757 518 Περὶ
795 447 917 502 τῶν
954 448 1578 531 γεγοῖότωνλγεισμών
1616 451 1683 502 ἑν
1710 448 1786 514 τῷ
1814 451 1910 503 διὰ
1951 449 2068 503 Ῥό-
2107 459 2148 511 Α
2182 453 2594 520 συμποσοῦντο;
2628 454 2687 506 τὸ
2717 453 3052 526 στράτευμα.
3075 458 3215 510 Ἀλλ’
3249 460 3276 512 6
3309 458 3411 529 μὲν
3435 459 3650 531 Τζιμῆς
3674 461 3766 515 ab-

1075 520 1184 573 δου
1223 519 1481 587 κλίματι.

554 636 638 709 [Ρ.
666 631 795 706 9.73]
839 633 1052 703 Ὀλίγον
1086 633 1141 686 δὲ
1189 634 1320 700 πρὶν
1363 633 1396 702 ἢ
1427 633 1600 687 ταῦτα
1658 636 1937 704 γενέσθαι,
1970 638 2072 688 Πο-

2177 546 2338 614 γενὴς
2363 540 2452 615 ἦν,
2487 547 2580 599 καὶ
2607 545 2699 610 οὓς
2725 543 2858 616 ἦγεν
2893 549 3054 612 ἰδίους
3081 548 3216 620 εἶχε,
3240 554 3332 605 καὶ
3361 552 3561 623 ἁκλητὶ
3584 573 3769 624 παρα-

2175 637 2388 704 γέγονε,
2450 641 2827 710 συμμαχήσων
2865 641 2959 694 ἐπὶ
2981 644 3114 706 τοὺς
3163 643 3398 714 Πέρσας,
3434 647 3483 697 εἰ
3517 646 3767 716 βςὺλ-ιιτο

479 729 770 790 σειδεῶνος
827 729 996 794 μηνὸς
1029 725 1210 797 ὀγδόῃ,
1257 728 1515 798 σεισμὸς,
1543 730 1878 798 ἐνσκήπτει,
1931 730 2072 783 κατὰ
2176 727 2454 796 βασιλεὺς,
2476 730 2614 801 πλὴν
2649 733 2741 784 ἐπὶ
2769 731 2921 802 ῥητῷ
2939 732 3018 803 τῷ
3049 736 3250 804 μισθῷ·
3275 739 3303 789 6
3333 737 3389 789 δέ
3413 755 3476 803 γε
3514 739 3768 803 Ῥοντζέ-

485 824 582 892 μὲν
617 823 684 874 τὰ
709 819 945 873 ἐνταῦθα
978 821 1122 890 μέρη
1168 821 1452 888 ἄγνωστος
1491 821 1604 883 τοῖς
1654 821 1892 886 πολλοῖς,
1927 822 2068 875 ὥστε

479 917 614 985 μηδὲ
641 915 883 984 σημῆναι
904 914 994 966 τὸν
1017 914 1230 978 κλόνον,
1259 914 1399 966 κατὰ
1417 914 1473 966 δὲ
1497 914 1557 967 τὸ
1573 914 1659 967 διὰ
1686 914 1868 968 Ῥόδου
1896 917 2068 980 κλῖμα

476 1011 573 1060 καὶ
615 1007 805 1074 πρόσω
831 1005 1090 1074 λαμπρὸς
1121 1005 1213 1058 καὶ
1246 1005 1354 1058 τῶν
1385 1005 1606 1058 πώποτε
1653 1007 2066 1076 μνημονευομέι

474 1120 579 1154 νων
636 1103 664 1153 ὁ
724 1099 1132 1170 χαλεπώτατος.
1172 1097 1336 1150 Ὅθεν
1395 1098 1488 1152 καὶ
1554 1096 1734 1160 Ῥόδος
1795 1098 1895 1168 μὲν
1925 1099 2066 1170 αὑτὴ

474 1195 626 1246 πᾶσα
676 1195 730 1256 ἐς
767 1193 826 1244 τὸ
860 1192 1126 1254 παντελὲς
1160 1191 1594 1262 ἀνατέτραπται,
1655 1191 1888 1260 ἡκουστο
1914 1191 1970 1244 δέ
2001 1209 2064 1258 γε

473 1293 570 1340 καὶ
606 1292 731 1357 περῖ
766 1286 1176 1355 Ἀλεξανὸρείας
1215 1285 1310 1337 καὶ
1359 1283 1468 1336 τῶν
1515 1284 1574 1350 ἐξ
1617 1285 1734 1336 ἴσου
1786 1275 1959 1354 ταύτῃ
1995 1285 2063 1338 τὰ

474 1381 750 1434 πάνδεινα.
789 1377 1022 1450 Κορώνη
1059 1379 1115 1430 δὲ
1139 1378 1234 1431 καὶ
1265 1377 1501 1445 Μεθώνη
1533 1379 1625 1430 καὶ
1658 1377 1728 1428 τὰ
1761 1375 1936 1428 πολλὰ
1960 1378 2058 1444 τῆς

475 1473 912 1540 Πελοποννήσου,
956 1469 1054 1521 οὐκ
1087 1467 1368 1538 ἐλάχιστον
1397 1467 1452 1520 δὲ
1487 1469 1650 1536 μέρος
1684 1467 1778 1518 καὶ
1811 1468 2057 1536 Κρήτης,

475 1561 704 1631 σεισμοῦ
736 1561 993 1630 γεγόνασι
1025 1560 1428 1629 παρανάλωμα.

475 1686 560 1745 ιβ’.
598 1677 736 1745 Περὶ
788 1675 906 1728 τῶν
939 1675 1006 1729 ἐκ
1051 1673 1489 1742 προσ-κλήσεως
1528 1675 1831 1727 ἐλθόντων
1883 1672 2059 1726 Aad-

861 1763 1005 1810 νων,
1035 1747 1133 1798 καὶ
1167 1745 1344 1798 ὁποῖα
1381 1745 1672 1812 ἔδρασαν.

2179 838 2292 889 pta;
2324 821 2388 874 ἐκ
2421 824 2810 893 προσκλήσεως
2835 827 3064 892 ἄνεισιν,
3087 831 3230 898 ἀνὴρ
3255 827 3373 892 νέος
3395 829 3494 898 τὴν
3520 830 3763 900 ἡλικίαν,

2174 912 2484 988 γοργωπὸς,
2517 916 2689 981 ταχὺς
2721 916 2799 977 εἰς
2833 915 2860 968 ὂ
2897 917 3074 986 eaeor,
3109 921 3203 971 καὶ
3234 919 3335 981 τὰς
3373 919 3604 989 πράξεις
3637 922 3766 991 θερ-

2175 1004 2295 1070 μός.
2330 1003 2466 1069 Περὶ
2514 1000 2576 1056 0":
2629 1008 2835 1075 βραχέα
2889 1007 3151 1079 βούλομαι
3205 1011 3492 1078 προειπεῖν
3541 1009 3617 1072 ὡς
3668 1012 3767 1063 πέ-

2171 1110 2408 1163 πυσμαι⁹
2449 1097 2500 1148 εί
2535 1097 2594 1148 δέ
2626 1112 2688 1164 γε
2731 1097 2828 1166 τῆς
2850 1098 3109 1166 ἀληθείας
3154 1101 3182 1152 ὁ
3223 1099 3380 1166 λόγος
3430 1101 3760 1156 ὲκκλίνειεν,

2169 1182 2266 1250 οὐχ
2300 1183 2328 1234 6
2363 1185 2612 1255 γράφων,
2663 1185 2778 1238 ἀλλ’
2814 1189 2848 1258 ἡ
2898 1193 3056 1258 φήμη
3108 1190 3209 1260 τὴν
3260 1189 3472 1258 μέμψιν
3519 1193 3756 1262 φερέτω.

2169 1267 2341 1336 Οὗτος
2373 1277 2440 1346 τῇ
2476 1275 2619 1329 κατὰ
2650 1277 2851 1348 Συρίαν
2876 1279 3233 1349 Πτολεμαΐδι,
3263 1281 3340 1333 ὅτ’
3373 1283 3432 1334 ὲν
3461 1284 3573 1344 τοῖς
3604 1282 3762 1335 οὖσιν

2166 1358 2234 1433 ἦν
2269 1365 2364 1419 καὶ
2419 1365 2479 1418 τὸ
2512 1368 2852 1437 περίπυστον
2883 1373 2942 1424 ὲν
2967 1371 3194 1425 πόλεσιν
3221 1368 3359 1443 εἶχε,
3395 1373 3474 1444 τῷ
3513 1375 3760 1444 Ἰ’έμπ“·ῳ

2169 1459 2310 1511 κατὰ
2344 1463 2605 1530 φρερὶους
2643 1464 2934 1534 ἐνήσκητο.
2983 1464 3072 1528 Ὠς
3114 1465 3159 1517 δ’
3193 1467 3379 1538 ἐκείνη
3405 1467 3538 1538 παρ’
3567 1470 3757 1521 Αἰθιό-

2167 1567 2284 1603 πων
2321 1553 2598 1620 ὴλίσκετο,
2654 1554 2729 1618 ὡς
2762 1557 2820 1608 ἐν
2866 1559 2980 1620 τοῖς
3029 1557 3200 1611 ᾶνωθι
3242 1559 3424 1628 λόγοις
3470 1560 3756 1628 ἐλέγομεν,

2164 1645 2260 1696 καὶ
2296 1647 2457 1698 τάκεῖ
2483 1647 2890 1718 κατέστραπτο,
2920 1649 3183 1719 χρήματα
3225 1653 3624 1722 νοσφισάμενος
3659 1655 3755 1720 τῇς

2165 1737 2335 1803 μονῆς
2384 1739 2480 1790 καὶ
2531 1741 2751 1808 μακρὰς
2789 1738 2872 1811 [Ρ.
2919 1740 3048 1812 274]
3103 1744 3582 1812 συσκευασάμενος
3620 1747 3755 1807 νῆας

545 1838 700 1890 Κατὰ
750 1837 841 1889 τὸν
897 1838 990 1890 ἐπὶ
1033 1836 1206 1906 τούτῳ
1262 1836 1598 1906 Γαμηλιῶνα
1648 1836 1746 1906 τῆς
1793 1834 2048 1904 δευτέρας
2085 1815 2125 1870 Β
2155 1827 2374 1896 ἐπεῖχεν
2416 1828 2763 1900 ’Λγαρηνοῖςι
2810 1831 2905 1884 καί
2951 1834 3218 1905 πειρατὴς
3263 1835 3574 1904 βιαιότατος
3619 1835 3757 1887 πολ·

468 1927 852 1996 ὲ-τινεμήσεως
880 1921 1022 1978 εἶδεν
1053 1925 1086 1994 ἡ
1117 1925 1539 1979 Κωνσταντίνου
1578 1927 1672 1978 καὶ
1703 1924 1795 1977 τὸν
1823 1926 2056 1977 Λατῖνον

484 2017 840 2086 Ῥοντζέριον,
871 2016 945 2078 ὡς
991 2017 1066 2086 μὴ
1096 2014 1328 2085 ὤφελεν,
1358 2015 1474 2085 ἅμα
1509 2015 1704 2068 ναυσὶν
1736 2016 1894 2078 ἰδίαις
1918 2015 2058 2068 ἑπτὰ

467 2107 563 2161 acati.
593 2107 934 2177 συμμαχικῷ
989 2109 1160 2174 στόλῳ
1209 2109 1273 2160 ὲκ
1309 2106 1644 2160 Κατελὰνων
1676 2110 1772 2160 καὶ
1815 2109 2056 2176 Ἀμογα-

469 2203 655 2271 ϐάρων
711 2201 970 2270 πλείστῳ,
1021 2201 1101 2264 εἰς
1145 2199 1463 2270 χιλιοστύας
1509 2198 1657 2252 ὀκτὼ
1706 2201 2051 2268 ποσουμὲνῳ,

470 2298 836 2365 προλαϐόντος
876 2299 1084 2350 ἐκεῖνον
1137 2297 1233 2350 καὶ
1273 2295 1366 2348 τοῦ
1420 2296 1670 2366 Φαρέντα
1728 2295 1915 2365 Τζιμῆ
1962 2300 2056 2346 καὶ

471 2479 559 2532 Η.
598 2477 672 2531 De
716 2487 870 2531 terra!
917 2477 1143 2530 motibus
1203 2476 1293 2544 qui
1359 2476 1688 2546 contigerunt
1744 2475 1794 2528 in
1847 2471 2056 2526 climate

1144 2546 1373 2600 Rhodio.

541 2659 716 2716 Paulo
762 2669 948 2716 autem
1007 2660 1162 2730 prius
1200 2673 1366 2730 quam
1407 2657 1523 2712 baac
1569 2657 1782 2718 ﬁerent,
1823 2654 2055 2725 Augusti

466 2756 728 2810 videlicet
773 2757 862 2810 die
905 2763 1120 2814 octava,
1161 2763 1322 2808 terra:
1357 2760 1538 2804 motus
1593 2751 1826 2826 exstitit,
1862 2749 1916 2802 in
1970 2748 2056 2803 his

467 2847 691 2917 quidem
738 2847 992 2917 partibus
1029 2860 1128 2899 sua
1163 2845 1411 2899 exilitate
1447 2843 1724 2914 plerisque
1778 2858 1884 2896 non
1931 2842 2054 2896 ani-

469 2939 822 3002 madversus,
872 2953 938 2993 eo
979 2936 1141 3006 quod
1190 2937 1342 2990 nullo
1389 2936 1682 2990 admodum
1735 2935 1915 2990 iudice
1963 2935 2053 2989 Sui

467 3032 795 3098 proderetur
826 3031 1062 3098 strepitu
1091 3045 1106 3083 :
1133 3022 1286 3082 'circa
1318 3043 1446 3082 vero
1487 3028 1646 3082 clima
1681 3025 1962 3081 Rhodium
1996 3033 2056 3081 et

469 3125 608 3176 ultra
641 3137 736 3191 per
762 3137 898 3176 sane
936 3121 1120 3175 clarus
1143 3119 1267 3184 fuit,
1297 3120 1550 3190 idemque
1589 3119 1752 3190 393
1801 3119 2052 3173 omnium

467 3230 610 3283 quos
645 3213 750 3267 vivi
781 3211 1166 3267 meminissent
1191 3211 1535 3266 dirissimus.
1563 3210 1716 3266 Unde
1745 3219 1800 3264 et
1829 3209 2056 3290 Rhodus

466 3307 686 3376 quidem
713 3307 828 3376 ipsa
853 3312 964 3359 tota
981 3305 1141 3374 plane
1165 3304 1438 3358 subversa
1469 3311 1576 3358 est.
1608 3303 1810 3358 Audita
1834 3318 2056 3374 quoque

466 3404 532 3453 de
569 3398 897 3454 Alexandria
931 3405 984 3454 et
1022 3396 1155 3452 locis
1189 3398 1340 3467 paris
1387 3411 1512 3452 cum
1548 3411 1608 3452 ea
1662 3397 1802 3452 situs
1839 3397 2054 3466 gravis-

465 3496 608 3547 sima
642 3509 738 3560 per
790 3494 944 3548 illum
1005 3491 1074 3546 iis
1126 3490 1423 3561 importata
1465 3491 1606 3544 mala
1652 3502 1802 3548 sunt.
1838 3490 2054 3547 Corone

467 3601 597 3639 vero
629 3596 684 3638 et
716 3583 972 3638 Methone
1019 3598 1084 3638 ac
1118 3583 1486 3652 Peloponnesi
1531 3582 1818 3652 pleraque,
1862 3591 1915 3637 et
1947 3597 2052 3636 non

467 3677 686 3732 modica
731 3690 864 3746 pars
893 3676 1093 3739 Cretae,
1153 3677 1346 3730 eodem
1393 3675 1499 3730 hoc
1551 3674 1729 3730 obiter
1779 3689 2051 3730 concussa

468 3781 625 3823 terra:
661 3777 812 3824 motu
843 3768 987 3823 haud
1019 3769 1140 3823 sine
1171 3768 1386 3823 damnis
1423 3767 1579 3823 luere
1611 3768 1892 3824 maximis.

468 3886 554 3938 l2.
600 3883 674 3938 De
725 3882 938 3939 Latinis
989 3883 1082 3952 qui
1122 3885 1295 3964 vocati
1345 3882 1704 3948 advenerunt,
1763 3891 1814 3936 et
1862 3882 2050 3954 qualia

1145 3965 1368 4023 egermt.

537 4045 786 4101 lnsecuto
818 4061 943 4100 mox
971 4045 1281 4116 Septembri
1307 4043 1566 4100 secundae
1597 4044 1920 4104 indictionis
1963 4049 2048 4102 vi-

466 4142 546 4190 dit
581 4139 746 4208 (quod
775 4138 985 4192 utinam
1019 4154 1124 4192 non
1153 4137 1395 4207 fuisset),
1429 4139 1588 4204 vidit,
1621 4139 1876 4208 inquam,
1902 4139 2050 4195 Con-

465 4229 863 4299 siantinopolis
896 4228 1156 4282 Latinum
1209 4227 1692 4299 Rontzeriumﬂ),
1755 4231 2046 4300 appulsam

471 4337 596 4373 cum
645 4321 890 4389 propriis
920 4324 1156 4373 navibus
1182 4328 1396 4388 septem
1422 4326 1476 4372 et
1507 4319 1703 4374 sociali
1739 4319 1916 4376 classe
1951 4334 2048 4374 co-

465 4413 616 4480 piosa
649 4412 808 4481 plena
839 4411 1036 4465 militia
1058 4427 1087 4466 e
1120 4411 1402 4466 Catelanis
1429 4417 1484 4464 ct
1504 4409 1890 4481 Amogabaris,
1921 4422 2046 4467 octo

2162 1917 2287 1982 λούς
2315 1920 2362 1972 τ’
2385 1920 2525 1991 ἔχων
2553 1925 2876 1992 αἱρετιστὰς
2920 1929 3205 1998 νεωτέρων
3243 1928 3594 2000 πραγμάτων
3626 1929 3758 1979 ἀντ-

2161 2012 2362 2082 είχετο.
2401 2013 2624 2084 Πλούτῳ
2673 2016 2730 2068 δὲ
2758 2019 2852 2069 καὶ
2893 2023 3072 2090 τρυφῇ
3110 2019 3209 2072 σὺν
3253 2024 3368 2083 τοῖς
3401 2019 3559 2090 ἀμφ’,
3583 2019 3758 2073 αὐτὸν

2163 2103 2534 2173 ὑπερηῆῑανῶν
2567 2109 2631 2159 ἐκ
2655 2107 2762 2160 τῶν
2801 2109 3198 2178 σκυλευμάτῶν
3227 2111 3334 2164 τῶν
3367 2111 3510 2164 κατὰ
3547 2111 3762 2164 θάλασ-

2163 2215 2262 2251 σαν
2291 2199 2442 2264 τάξιν
2478 2202 2692 2272 ἐκείνην
2729 2203 2840 2255 τῶν
2885 2204 3128 2274 φρερὶων
3162 2207 3256 2258 καὶ
3293 2205 3480 2273 σχῆμα
3515 2205 3757 2274 χαίρειν

2161 2294 2246 2364 ἐᾷ,
2284 2296 2380 2349 καὶ
2417 2296 2510 2348 ἐπὶ
2566 2298 2726 2350 ναυσὶ
2775 2300 3146 2366 κραταιωοεὶς
3183 2299 3398 2352 πλείοσι
3428 2299 3507 2370 τῷ
3538 2304 3598 2352 ἐγ
3649 2299 3754 2352 τοῦ

2163 2475 2368 2546 inclyta
2401 2474 2809 2542 celebraretur,
2853 2478 2994 2532 inter
3028 2475 3250 2532 Frerios
3278 2477 3500 2532 sodales
3532 2476 3754 2548 Templi

2160 2569 2457 2624 militarem
2497 2569 2818 2639 religionem
2859 2569 3142 2648 professus
3195 2570 3396 2626 fuerat.
3443 2570 3750 2640 Postquam

2159 2671 2344 2714 autem
2379 2659 2449 2713 ab
2482 2657 2844 2730 EthiOpibus
2884 2661 3181 2716 Ptolemais
3217 2670 3374 2731 capta
3407 2671 3512 2725 cst,
3554 2673 3607 2715 ut
3646 2677 3753 2715 su-

2159 2751 2350 2821 perius
2383 2751 2650 2815 diximus,
2681 2760 2738 2806 et
2770 2751 2950 2807 deleta
2982 2752 3096 2806 illic
3119 2753 3367 2821 potentia
3396 2751 3754 2808 Christianu-

2160 2858 2307 2908 rum,
2337 2842 2596 2912 pecuniis
2622 2843 2763 2896 clam
2801 2858 2832 2897 e
2865 2858 2966 2897 suo
2993 2843 3067 2895 ibi
3100 2841 3358 2896 caanobio
3401 2841 3744 2905 subtractis,
3799 2829 3812 2841 ’

2161 2933 2350 3004 longas
2401 2933 2568 3005 394
2598 2947 2724 2988 cum
2788 2940 3045 3001 parasset
3091 2947 3284 2997 naves,
3333 2932 3422 2986 his
3469 2931 3749 2984 infestans

2158 3031 2442 3098 Agarenos
2485 3027 2662 3097 pirata
2700 3025 2808 3080 late
2840 3025 3334 3082 forniidatissimus
3357 3023 3569 3086 evasit;
3598 3024 3751 3076 mul-

2162 3131 2364 3192 tosque
2395 3120 2614 3175 interim
2673 3131 2870 3189 sponte
2901 3117 3152 3174 addictos
3199 3133 3314 3175 sua:
3363 3108 3750 3186 qualicunque

2163 3215 2446 3269 ﬁrmanda:
2499 3214 2760 3283 potentiae
2812 3227 2876 3266 ac
2916 3220 3082 3267 certa:
3129 3211 3199 3266 ad
3261 3204 3568 3266 extremum
3613 3209 3750 3262 ﬁdei

2159 3307 2358 3364 adesse
2377 3307 2483 3362 sibi
2509 3305 2758 3362 asseclas
2789 3304 3058 3368 sentiens,
3085 3305 3246 3360 novis
3273 3303 3522 3358 inhiabat
3545 3301 3745 3363 rebus,

2159 3418 2294 3472 opes
2324 3411 2379 3456 et
2412 3401 2717 3455 dominium
2751 3399 2949 3455 stabile
3001 3399 3212 3468 uspiam
3245 3411 3522 3466 quaerens,
3573 3395 3750 3462 idque

2152 3493 2282 3564 jure
2331 3510 2398 3547 an
2450 3491 2651 3560 injuria
2714 3488 3030 3560 pararetur,
3071 3489 3215 3543 haud
3267 3502 3401 3544 sane
3440 3485 3743 3541 sollicitus.

2157 3585 2383 3643 Interim
2412 3595 2596 3640 autem
2630 3585 2838 3640 divitiis
2870 3595 2926 3640 et
2959 3585 3090 3638 luxu
3135 3597 3261 3638 cum
3316 3579 3612 3636 comitibus
3645 3593 3745 3630 su-

2154 3678 2440 3748 perbiens,
2471 3677 2884 3732 abundantibus
2918 3673 2984 3728 ad
3021 3675 3126 3728 hoc
3158 3690 3221 3728 ex
3248 3671 3428 3742 praeda
3457 3668 3742 3724 latrocinii

2154 3769 2418 3826 maritimi
2447 3769 2648 3837 copiis,
2693 3767 2947 3823 ordinem
2987 3766 3140 3822 illum
3187 3763 3507 3819 Freriorum
3539 3767 3595 3814 et
3631 3760 3739 3812 ha-

2155 3865 2332 3920 bitum
2364 3863 2548 3917 valere
2581 3861 2740 3932 jubet
2772 3879 2788 3928 ;
2828 3860 3194 3930 pluribusque
3218 3857 3334 3926 jam
3385 3853 3627 3908 navibus
3678 3852 3734 3904 in

2153 3971 2410 4026 magnam
2470 3953 2773 4024 potentiam
2814 3953 3087 4018 ﬁrmatus,
3147 3947 3500 4005 Theuderico
3545 3947 3744 4012 nepoti

2154 4049 2424 4104 Manlredi
2465 4047 2718 4103 Siciliam
2753 4045 3047 4108 obtinenti,
3073 4052 3127 4097 et
3174 4041 3336 4111 quasi
3378 4039 3739 4122 haareditaria

2152 4142 2414 4213 illiusque
2444 4141 2671 4214 propria
2702 4139 2924 4212 generis
2948 4136 3300 4192 contumacia
3331 4135 3600 4188 adversus
3632 4131 3744 4184 Ec-
3805 4191 3816 4199 ,

2151 4233 2376 4289 clesiam
2409 4230 2623 4293 rebelli,
2671 4237 3072 4298 proptereaque
3127 4225 3327 4280 bellum
3371 4239 3498 4277 acre
3528 4237 3742 4292 pugnis

2151 4325 2516 4380 commissum
2561 4321 2774 4378 crebris
2815 4329 3010 4376 contra
3059 4318 3319 4374 Carolum
3381 4316 3632 4378 habenti,
3677 4332 3743 4370 se

2153 4417 2408 4488 adiunxit
2436 4415 2671 4497 socium,
2708 4429 2774 4468 ac
2797 4412 2933 4467 certi
2965 4413 3223 4480 pactione
3276 4408 3562 4477 stipendii,
3601 4422 3736 4460 cum

465 4504 698 4557 millium
757 4519 1047 4558 numerum
1109 4503 1386 4573 explente.
1461 4502 1830 4559 Praecesserat
1895 4503 2044 4558 hunc
2073 4503 2124 4564 D
2151 4509 2352 4580 quibus
2391 4513 2626 4576 praeerat
2660 4503 2834 4572 copiis
2881 4503 3204 4556 auxiliarem
3239 4501 3288 4555 ei
3319 4501 3409 4553 diu
3441 4498 3739 4553 navalibus

367 4643 378 4658 ,
465 4595 782 4650 Pharendas
817 4595 1058 4660 Tzimes,
1116 4597 1278 4665 cujus
1325 4597 1498 4667 copiae
1528 4597 1650 4667 ejus
1697 4614 1860 4668 quem
1927 4598 2043 4653 dixi

462 4684 677 4741 numeri
705 4701 832 4756 pars
886 4695 1064 4742 erant.
1101 4687 1374 4742 Caeterum
1414 4689 1502 4742 hic
1565 4687 1784 4744 Tzimes
1839 4689 2044 4746 nobilis

457 4786 598 4843 erat,
631 4785 684 4832 et
729 4792 870 4848 quos
916 4777 1152 4834 ducebat
1183 4794 1213 4832 e
1253 4779 1356 4834 sibi
1400 4779 1640 4834 subditis
1675 4788 2030 4846 armaverat;

460 4881 799 4939 veneratque
833 4884 942 4924 non
995 4881 1248 4936 vocatus,
1279 4872 1489 4925 auxilio
1523 4870 1790 4927 Romanis
1841 4881 2038 4927 contra

460 4961 660 5018 Persas
695 4963 938 5029 futurus,
963 4964 1010 5018 si
1043 4963 1206 5018 vellet
1231 4963 1556 5032 imperator,
1588 4962 1640 5016 id
1671 4971 1851 5018 tamen
1885 4973 2040 5018 certa

459 5062 615 5122 pacta
655 5053 930 5109 mercede.
969 5053 1308 5111 Rontzerius
1345 5069 1480 5113 veno
1524 5054 1850 5109 nominatim
1902 5071 2037 5110 evo-

456 5155 614 5201 catus
645 5149 860 5204 aderat.
914 5149 1008 5204 Vir
1035 5162 1157 5204 erat
1213 5150 1269 5203 in
1323 5149 1508 5204 aetatis
1561 5146 1716 5215 ﬂore,
1774 5149 2041 5204 terribilis

457 5249 706 5308 aspectu,
763 5241 918 5295 velox
947 5255 1284 5311 quocunque
1322 5251 1596 5310 vergeret,
1640 5257 1715 5296 ac'
1744 5243 1795 5295 in
1825 5243 2042 5312 agendo

453 5331 676 5388 ardens.
707 5331 781 5386 De
811 5347 922 5401 quo
964 5346 1138 5402 pauca
1166 5330 1408 5402 praefari,
1433 5343 1592 5399 prout
1624 5333 1830 5397 audivi,
1867 5334 2031 5401 volo;

453 5439 576 5492 qua:
605 5424 649 5478 si
685 5425 986 5479 abhorrere
1017 5440 1050 5477 a
1072 5440 1200 5478 vero
1222 5425 1593 5491 reperiantur,
1627 5441 1736 5479 non
1768 5426 2029 5494 scriptor,

453 5516 572 5580 sed,
607 5533 713 5586 qua
746 5526 830 5572 est
865 5531 1004 5572 usus
1039 5524 1289 5580 auctore,
1329 5515 1472 5569 fama
1505 5519 1774 5588 culpetur.
1809 5517 1859 5572 ls
1883 5517 2030 5586 apud

455 5603 846 5661 Ptolemaidem
881 5606 1082 5674 Syriae,
1117 5606 1248 5659 dum
1280 5607 1372 5660 illa
1413 5609 1543 5664 urbs
1591 5619 1762 5664 staret
1816 5618 1870 5665 et
1922 5610 2030 5664 late

523 5788 599 5857 (Ι)
633 5787 747 5844 imo
777 5789 1122 5843 Radzerium.

2150 4599 2354 4674 praeliis
2398 4599 2626 4654 navavit
2667 4611 2917 4666 operam.
2954 4595 3250 4664 Postquam
3306 4601 3488 4646 autem
3530 4590 3580 4644 id
3620 4592 3742 4644 hel-

2149 4695 2260 4750 lum
2295 4693 2533 4748 cessavit
2585 4697 2639 4744 et
2692 4689 3033 4758 nuptialibus
3097 4685 3584 4749 com-entiunibus,
3633 4686 3736 4753 qui

2145 4793 2377 4842 eatenus
2404 4782 2638 4837 invicem
2668 4781 2854 4836 infesti
2899 4778 3266 4842 bcllaverant,
3320 4792 3510 4848 pacem
3549 4776 3737 4830 fet-ere

2146 4877 2296 4950 (nam
2321 4875 2666 4931 Ecaterinam
2699 4873 2976 4929 connubio
3006 4873 3110 4928 sibi
3133 4871 3318 4942 junxit
3351 4870 3493 4939 regis
3519 4870 3682 4922 frater
3715 4885 3730 4931 ;

2142 4984 2309 5040 quem
2340 4977 2395 5024 et
2443 4982 2580 5038 papa
2638 4967 2934 5022 declarans
2984 4966 3371 5034 imperatorem
3431 4963 3549 5015 sine
3581 4971 3652 5012 te:
3672 4978 3732 5014 ra

2141 5064 2439 5117 commovit
2466 5062 2542 5115 illi
2567 5075 2720 5130 spem
2739 5057 3296 5126 Constantinopoleos
3318 5055 3729 5122 recuperandzn,

2140 5171 2204 5210 ex
2229 5154 2353 5224 jure
2383 5154 2530 5224 quod
2564 5153 2780 5208 scilicet
2815 5151 3061 5206 traheret
3095 5164 3123 5202 a
3152 5161 3352 5224 sponsa
3404 5155 3566 5214 nepte
3601 5143 3731 5196 Bal.

2143 5214 2350 5314 duini),
2381 5214 2477 5315 per
2507 5245 2626 5300 haec
2659 5253 2816 5314 pacta
2860 5257 2988 5298 cum
3045 5214 3582 5296 etiam\conciiiatus
3624 5235 3732 5288 Ee-

2143 5339 2328 5392 clesire
2359 5333 2742 5391 Tlieudericus
2777 5332 2995 5395 fuisset,
3032 5329 3184 5384 misit
3208 5329 3274 5382 ad
3305 5343 3428 5381 eum
3453 5337 3590 5394 papa
3628 5321 3726 5388 qui

2142 5428 2266 5484 dedi
2302 5427 2408 5484 sibi
2441 5427 2512 5480 ab
2564 5425 2660 5480 illo
2692 5422 3050 5478 Ronlzerium
3097 5427 3411 5490 ponerent,
3457 5431 3486 5470 a
3529 5430 3638 5483 (μω
3677 5413 3727 5466 is

2140 5517 2404 5574 nimirum
2426 5524 2678 5586 repetere
2711 5527 2904 5584 pceuas
2937 5511 3098 5568 vellet
3127 5507 3437 5567 conculcati
3479 5500 3723 5569 religiosi

2139 5610 2365 5668 habitus
2413 5618 2470 5666 et
2497 5623 2669 5666 sacrae
2722 5605 3090 5679 professionis
3143 5603 3312 5674 impie
3369 5607 3584 5669 spretae.
3647 5596 3724 5648 At

3483 5707 3512 5741 ο
