4024 6430
294 536 399 603 433

292 752 437 804 κατά
492 768 616 804 τινα
687 752 913 822 γονικὴν
977 754 1322 808 ἀποστασίαν
1379 754 1482 823 τῆς
1541 753 1875 822 Ἐκκλησίας

293 845 699 898 ἀποστατοῦντι
731 846 823 898 καὶ
849 845 938 899 διὰ
967 846 1126 900 τοῦτο
1161 849 1241 905 εἰς
1268 847 1541 915 πολέμους
1569 846 1665 899 καὶ
1695 845 1877 915 μάχας

291 937 434 1005 πρὸς
495 938 586 990 τὸν
639 939 922 1009 Κάρουλον
974 943 1343 1002 καταστάντι,
1379 941 1628 1011 πρόσεισι
1683 942 1877 1010 ρὁαις

292 1032 527 1092 τακταῖς
559 1030 847 1098 βοηθήσων
880 1033 980 1085 σὺν
1022 1034 1212 1102 οἰκείῳ
1245 1031 1382 1103 λαῷ.
1423 1034 1533 1085 Καὶ
1561 1032 1654 1083 ἐπὶ
1698 1032 1876 1101 χρόνῳ

293 1121 441 1172 κατὰ
469 1137 534 1188 γε
572 1123 896 1191 συμμαχίαν
928 1125 1105 1178 συνὼν
1139 1124 1448 1196 Θευδερίχῳ
1482 1122 1623 1193 μετὰ
1652 1123 1763 1176 τῶν
1797 1124 1877 1175 oi-

293 1214 463 1265 κεῐων
498 1214 884 1287 προσεϐοήθει.
930 1218 1083 1271 Ἐπεὶ
1110 1220 1156 1271 δ’
1186 1222 1213 1273 ὁ
1247 1219 1485 1287 πόλεμος
1512 1215 1725 1269 παῦλαν
1749 1215 1875 1285 ἔσχε

297 1306 394 1357 καὶ
443 1307 700 1368 σπονδαῖς
730 1310 1048 1378 ἐπιγαμίαις
1082 1313 1129 1362 οἱ
1156 1311 1293 1373 τέως
1340 1312 1703 1382 πολεμοῦντες
1732 1310 1880 1379 είρή-

296 1414 455 1448 νευον
481 1397 600 1468 (τὴν
626 1399 733 1467 γὰρ
764 1402 1134 1470 Αίκατερίναν
1163 1403 1193 1455 ὁ
1218 1401 1312 1455 τοῦ
1344 1404 1511 1473 ρηγδς
1539 1403 1768 1470 ἀδελφὸς
1799 1402 1880 1463 εἰς

296 1489 479 1556 γάμον
515 1491 802 1559 λαμϐάνει,
832 1493 891 1546 ὃν
927 1495 1020 1547 καὶ
1066 1496 1145 1557 εἰς
1179 1495 1398 1563 βασιλέα
1435 1495 1636 1565 στέψις
1665 1497 1693 1549 ὁ
1726 1494 1879 1547 πάπ‹

299 1597 433 1642 Ws.
467 1582 563 1634 καὶ
594 1583 716 1651 δίχα
745 1585 931 1653 τέρας,
970 1586 1068 1639 εἴτ’
1095 1583 1189 1640 οὖν
1218 1589 1341 1655 γῆς,
1372 1587 1717 1658 ἐπικηρύξας
1745 1588 1883 1656 κρά-

299 1688 456 1737 τορα.
491 1674 621 1743 περὶ
652 1676 751 1744 τῆς
783 1679 991 1741 πόλεως
1033 1680 1226 1749 ἐκείνῳ
1278 1683 1377 1745 τὰς
1407 1682 1627 1743 ἐλπίδας
1671 1681 1881 1751 ἀνήρτα

299 1762 387 1815 διὰ
413 1763 513 1831 τὴν
547 1766 768 1838 νύμφην
805 1766 974 1825 οὖσαν
1000 1773 1095 1826 τοῦ
1134 1774 1456 1827 Βαλδουῖνου
1484 1776 1761 1843 ὲγγόνην),
1790 1777 1883 1829 ἐπὶ

299 1855 519 1920 τούτοις
546 1861 638 1912 καὶ
672 1862 771 1929 τῆς
816 1863 1147 1933 Ἐκκλησίας
1198 1867 1523 1935 ἱλεουμένης
1572 1868 1800 1937 πέμψας
1854 1871 1882 1921 ὁ

300 1948 541 2011 πάππας
573 1952 731 2019 ζητεῖ
760 1955 854 2008 τὸν
886 1957 1245 2030 Ῥοντζέριον.
1264 1962 1324 2014 Ὀ
1345 1962 1529 2029 μέντοι
1560 1961 1882 2031 Θευδέριχος

1224 544 1322 604 DE
1352 543 1673 605 ANDRON
1683 546 1809 606 1C0
1850 538 2317 603 ΡΑιτΕΟιΟδΟ
2341 536 2494 597 LlB.
2536 536 2600 596 V.

292 660 494 726 Μαφρὲ
551 657 824 712 ἀνέκαθεν
883 659 1194 731 Θευὸερίχῳ
1246 663 1498 717 Σικελίαν
1548 660 2130 732 κατέχοντι,Α.ναῖον
2182 659 2275 709 καὶ
2316 655 2490 718 πλέως
2527 649 2780 723 Ἀρεῖκοῦ
2833 646 3182 718 φρονήματος
3212 684 3226 707 ,

3275 642 3458 710 πολλῷ
3508 643 3565 693 δὲ

1984 751 2185 817 μᾶλλον
2208 749 2301 801 καὶ¹
2327 747 2406 818 τῷ
2427 748 2524 815 τῆς
2547 744 2775 814 γνώμης
2807 741 3087 808 σπουδαίῳ
3111 738 3205 792 καὶ
3230 737 3565 807 βαθυσκότ.ῳ

1978 842 2106 896 λαὸν
2135 840 2501 909 δουλαγωγῶν
2552 836 2859 892 ἀτάσθαλον
2913 835 3008 888 καὶ
3037 834 3213 901 τούτῳ
3257 828 3566 909 κατορθοῦν

1980 934 2047 986 τὰ
2089 908 2326 1002 μέγιστα
2354 908 2747 1000 φημιζὸμενος.
2787 926 2845 979 ’0
2878 927 3063 996 μέντοι
3090 940 3154 991 γε
3188 908 3445 991 βασιλεὺς
3468 918 3570 989 κδιὰ

1981 1025 2079 1095 τὴν
2109 1025 2355 1096 ἀνάγκην
2389 1022 2701 1091 ἀρξάμενος
2730 1019 2830 1090 ἤδη
2865 1013 3303 1086 ξενοτροφεῖιήῦς
3329 1012 3567 1083 ippon»:

1984 1116 2221 1186 ἁρπάζει
2242 1116 2301 1169 τὸ
2332 1114 2622 1185 σύμϐαμα,
2645 1111 2740 1166 καὶ
2766 1110 3001 1179 πέμπων
3031 1108 3243 1169 πίστεις
3277 1106 3339 1157 ὲκ
3364 1120 3568 1172 χρυσοη

1984 1211 2222 1264 ϐούλλων
2257 1206 2422 1261 αὐτὸν
2445 1207 2732 1275 ἀνεδέχετο
2754 1205 2847 1256 καὶ
2872 1204 3001 1255 λαὸν
3032 1200 3412 1270 προσεδέχετο,
3440 1193 3567 1247 ὥστ’

1981 1305 2189 1356 ἐκεῖνον
2224 1301 2321 1369 μὲν
2356 1298 2433 1367 τῷ
2465 1298 2561 1351 τοῦ
2601 1297 2842 1365 μεγάλου
2873 1293 3068 1355 δουκὸς
3097 1292 3265 1361 τιμᾷν
3296 1290 3572 1356 ἀξιώματι

1983 1394 2077 1448 καί
2106 1409 2171 1461 γε
2227 1392 2322 1444 καὶ
2374 1390 2626 1459 γαμϐρὸν
2681 1387 2769 1442 ἐπ’
2821 1385 3078 1454 ἀδελφιδῇ
3133 1382 3324 1450 Μαρίᾳ
3368 1383 3433 1449 τῇ
3475 1377 3570 1430 τοῦ

1995 1483 2157 1537 Ἀσὰν
2194 1482 2429 1552 θυγατρὶ
2461 1479 2746 1550 καθιστᾷν,
2786 1478 2912 1540 τοὺς
2943 1477 2999 1528 δέ
3026 1493 3091 1544 γε
3122 1474 3245 1544 περὶ
3285 1472 3449 1526 αὐτὸν
3486 1468 3576 1537 ῥό-

1982 1592 2106 1644 γαις
2130 1576 2251 1637 ταῖς
2285 1574 2693 1644 προσηκούσαις
2728 1570 3013 1636 ὲξικανοῧν
3049 1567 3462 1638 ὑπηρετοῦντας
3504 1562 3573 1613 τὰ

1985 1669 2125 1724 κατά
2160 1668 2415 1735 πόλεμον.
2449 1666 2533 1737 [Ρ.
2561 1665 2688 1738 9.75]
2717 1666 2789 1717 Τὸ
2823 1664 2931 1733 γὰρ
2961 1663 3299 1732 Ῥωμαϊκίν,
3327 1661 3401 1723 ὡς
3424 1660 3579 1727 εἴρη-

1985 1778 2096 1825 ται,
2135 1760 2500 1829 ἐξησθενηκὸς
2530 1761 2623 1812 καὶ
2661 1757 2804 1811 κατὰ
2837 1756 2991 1809 δύσιν
3018 1756 3323 1825 διασπαρὲν
3355 1751 3578 1819 παρεώς

1987 1872 2141 1925 ρατο,
2193 1853 2393 1921 ζητοῦν
2425 1850 2747 1905 τούντεῦθεν
2799 1850 2933 1902 ὅπου
2966 1846 3275 1902 δουλεύσειε
3319 1847 3411 1899 καὶ
3445 1861 3575 1915 rp;-

1988 1949 2244 2019 φήσαιτο.

302 2041 366 2090 οὗ
400 2040 614 2109 πρέπον
654 2049 816 2112 γνοὺς
847 2049 957 2101 οὐδ’
998 2050 1169 2112 ἄλλως
1198 2052 1411 2119 δίκαιον
1442 2052 1753 2121 προδιδόναι
1792 2052 1886 2103 τὸν
1996 2069 2085 2131 ιγ’,
2118 2062 2253 2131 Περὶ
2288 2060 2530 2130 Μιχαὴλ
2564 2061 2671 2114 τοῦ
2694 2062 3025 2126 δεσπότου,
3068 2058 3229 2123 ὅπως
3274 2060 3582 2110 ὑποπτευ-

306 2131 404 2182 ὲπὶ
430 2138 645 2203 καιροῖς
669 2137 992 2205 ἀναγκαίοις
1027 2142 1266 2208 φανέντα
1314 2144 1587 2214 χρήσιμον
1624 2144 1890 2213 (ἐφῆπται

307 2223 419 2292 γὰρ
458 2225 687 2279 αὐτόθεν
716 2229 764 2280 oi
793 2230 887 2283 καὶ
913 2234 979 2284 τὰ
1009 2234 1159 2287 δεινὰ
1182 2236 1255 2298 ὡς
1278 2237 1337 2288 τὸ
1363 2238 1550 2305 σχῆμα
1571 2237 1893 2307 καταπατή-

311 2316 517 2383 σαντι),
555 2317 745 2389 ἱκανὴν
779 2324 879 2389 μὲν
908 2324 1058 2394 αὐτῴ
1100 2326 1527 2396 φιλοφροσύνην,
1575 2327 1656 2397 τῷ
1685 2329 1896 2399 πάππα

309 2405 369 2457 δὲ
405 2410 544 2477 πρὶς
570 2411 637 2463 τὰ
669 2411 983 2484 ζητούμενα
1007 2415 1223 2483 ὖπειξιν
1253 2420 1609 2488 ἡγησάμενος
1634 2420 1896 2475 ἀπολύειν

314 2499 410 2552 καὶ
450 2500 525 2569 μὴ
558 2506 814 2573 κατέχειν
852 2508 989 2576 μήτε
1018 2509 1124 2577 μὴν
1145 2510 1432 2580 περιέπειν
1461 2510 1554 2564 τὸν
1585 2511 1897 2583 ἄνθρωπον,

313 2592 562 2645 ἐκποδὼν
600 2596 909 2667 ἐπήγγελλε
939 2599 1185 2666 γίνεσθαι
1216 2604 1309 2655 καὶ
1334 2602 1520 2672 ζητεῖν
1553 2604 1686 2656 ὅπου
1720 2603 1899 2674 σωθή-

319 2700 500 2738 σεται.
533 2688 632 2741 Διά
653 2689 827 2743 ταῦτα
847 2695 959 2756 τοῖς
983 2694 1124 2756 ὅλοις
1142 2695 1441 2764 ἀπορηθεὶς
1463 2697 1672 2757 ἐκεῖνος
1692 2696 1898 2763 πέμπει

317 2777 460 2843 πρὸς
509 2778 738 2846 βασιλέα
783 2784 878 2835 κα)⁸
907 2785 1141 2838 ίκετεύει
1168 2786 1444 2856 δέχεσθαι·
1478 2786 1626 2856 ἔχειν
1656 2786 1762 2857 γὰρ
1804 2787 1900 2840 καὶ

313 2866 448 2920 λαδν
486 2869 669 2923 ἱκανὸν
699 2878 1014 2946 συμμαχεῖν
1037 2876 1171 2929 ὅπου
1210 2877 1451 2947 βούλοιτο
1488 2877 1763 2947 βασιλεύς.
1791 2873 1902 2931 Ἦν

317 2959 432 3030 γὰρ
469 2964 589 3024 ταῖς
620 2963 921 3035 ἀληθείαις,
945 2967 1019 3033 ὼς
1062 2968 1230 3036 ἔδοξε,
1278 2971 1370 3023 καὶ
1403 2970 1557 3041 λῆμα
1596 2970 1740 3040 έχων
1772 2987 1901 3038 γεν-

317 3136 708 3196 Thcuderieus
738 3157 838 3197 nec
886 3144 1178 3201 honestum
1213 3162 1314 3201 nec
1345 3147 1556 3215 justum
1609 3155 1760 3203 ratus
1800 3148 1903 3203 bo-

320 3233 531 3286 minem
565 3235 819 3304 prodere,
882 3241 974 3306 qui
1013 3242 1332 3297 necessario
1389 3259 1491 3297 suo
1529 3251 1779 3313 tempore
1841 3258 1903 3299 se

320 3327 426 3394 ipsi
471 3329 672 3404 utilem,
699 3331 1009 3397 probasset,
1048 3334 1178 3388 huic
1209 3330 1432 3404 quidem
1480 3336 1619 3391 satis
1668 3351 1727 3391 se
1759 3336 1900 3390 rela-

320 3428 508 3471 turum
538 3402 771 3488 gratiam
812 3424 1049 3491 putavit,
1091 3442 1132 3480 ει
1164 3402 1400 3481 liberum
1441 3427 1764 3490 dimitteret,
1795 3442 1905 3497 quo

321 3514 577 3577 tempore
616 3526 675 3565 se
703 3515 878 3582 quaeri
911 3517 977 3570 ad
1008 3518 1337 3587 supplicium
1372 3520 1494 3587 ipse
1531 3534 1641 3573 non
1686 3521 1908 3588 ignora-

320 3609 428 3663 ret,
462 3616 615 3671 papae
649 3620 870 3674 quoque
922 3609 1359 3676 satisfacturum,
1391 3610 1554 3681 395
1581 3611 1673 3665 ubi
1721 3620 1909 3665 osten-

320 3692 498 3746 disset
526 3708 629 3748 nec
674 3694 847 3750 foveri
877 3710 908 3749 a
963 3713 1022 3753 se
1052 3697 1205 3753 illum
1251 3714 1353 3754 nec
1393 3703 1533 3769 apud
1585 3716 1642 3757 se
1671 3702 1904 3756 versari.

326 3784 468 3855 lii-go
497 3784 795 3843 Rontzerio
820 3789 1180 3857 denuntiavit,
1220 3807 1250 3846 a
1304 3807 1365 3848 se
1410 3794 1587 3850 abiret
1644 3795 1908 3850 salutem-

322 3891 431 3944 que
460 3878 589 3933 alibi
618 3890 916 3949 quaereret.
949 3881 1008 3936 In
1046 3882 1133 3938 bis
1168 3885 1258 3938 ille
1285 3886 1553 3957 angustiis
1585 3885 1742 3955 inops
1769 3900 1908 3941 con-

325 3970 435 4022 silii
482 3970 725 4026 melioris
763 3974 914 4028 misit
969 3975 1035 4029 ad
1099 3977 1485 4046 imperatorem
1536 3979 1629 4045 qui
1671 3995 1730 4032 se
1782 3995 1908 4031 cum

325 4062 576 4116 exercitu
626 4077 734 4117 non
797 4064 1016 4120 modico
1051 4079 1297 4136 paratum
1346 4071 1412 4124 ad
1471 4070 1596 4140 ejus
1642 4072 1911 4141 auspiciis

330 4167 445 4206 rent
495 4156 822 4225 gerendam,
872 4159 1195 4228 ubicunque
1243 4161 1586 4232 praeciperet,
1623 4164 1906 4231 oﬂert‘enl,

328 4246 612 4315 etiamque
663 4260 891 4304 orarent
921 4265 990 4305 ne
1037 4253 1342 4322 supplicem
1381 4265 1780 4323 aspernaretur
1808 4272 1909 4311 nec

330 4339 610 4406 ingratum
662 4356 766 4397 nec
824 4344 1095 4409 inutilem,
1152 4346 1197 4399 si
1241 4344 1578 4411 admitteret,
1637 4346 1910 4402 futurum.

328 4431 463 4487 Erat
494 4449 704 4499 revera,
750 4436 965 4506 qualem
1016 4446 1069 4493 et
1100 4453 1161 4499 se
1210 4436 1424 4495 ferebat
1470 4440 1589 4509 ipse
1619 4442 1909 4509 etpassim

330 4526 478 4583 fama
519 4529 858 4594 celebrabat,
890 4531 1222 4587 ltontzerius
1253 4535 1510 4602 generosi
1536 4542 1594 4588 et
1618 4549 1747 4588 vere
1776 4532 1915 4586 Mar-

330 4622 389 4674 tii
435 4622 633 4690 plenus
664 4622 861 4686 animi,
901 4625 1157 4694 mit-mque
1194 4626 1364 4697 (quod
1400 4627 1456 4681 in
1488 4626 1585 4680 illo
1613 4626 1911 4697 eminebat)

334 4715 622 4770 industria:
656 4717 711 4770 in
738 4717 842 4772 sibi
887 4717 993 4773 fido
1033 4734 1098 4774 ac
1123 4720 1389 4776 benevolo
1436 4721 1676 4775 tenendo
1716 4720 1911 4774 incun-

332 4808 611 4863 ditissimo
646 4800 730 4864 cui
760 4823 993 4880 praeerat
1019 4828 1222 4881 genere
1263 4813 1566 4879 latronum,
1603 4813 1803 4883 quibus
1841 4812 1909 4867 ad

331 4901 539 4972 ﬂagitia
573 4907 879 4958 connivens
897 4913 951 4960 et
984 4913 1103 4959 arte
1132 4906 1520 4977 popularitatis
1550 4906 1704 4961 varia
1749 4906 1915 4961 obse-

329 5008 534 5063 quens.
566 4994 718 5048 salva
755 5010 975 5066 semper
1023 4998 1362 5054 auctoritate
1391 4999 1632 5068 imperii,
1667 4998 1915 5054 strenuis

332 5086 685 5157 fortibusque
711 5100 1016 5158 empturum
1050 5094 1414 5161 quantumvis
1438 5094 1728 5147 audacium
1757 5105 1916 5147 exse-

336 5183 639 5236 cutortbus
673 5182 1002 5253 plerumque
1042 5184 1323 5250 utebatur,
1369 5186 1754 5242 celebritatem
1792 5184 1919 5240 inde

336 5274 569 5343 adeptus
599 5276 919 5332 maximam.
944 5276 1063 5331 Tali
1094 5286 1406 5334 conventus
1433 5279 1715 5349 legatione
1736 5278 1917 5346 impe-

340 5374 508 5428 rator,
545 5367 640 5436 qui
681 5366 796 5435 jam
850 5368 919 5422 ad
964 5368 1356 5425 conducendos
1406 5370 1662 5424 mercede
1715 5370 1917 5425 milites

338 5475 553 5513 summa
587 5460 921 5515 necessitate
941 5461 1193 5532 adigente
1224 5463 1499 5533 appellere
1529 5463 1774 5517 animum
1806 5476 1919 5519 cm-

340 5553 537 5621 pisset,
570 5554 873 5621 pretiosam
909 5554 1012 5608 sibi
1042 5555 1198 5623 quasi
1235 5554 1503 5611 divinitus
1541 5553 1726 5610 offerri
1756 5568 1919 5609 occa-

337 5647 553 5700 sionem
579 5644 908 5707 arbitratus,
941 5645 1136 5714 cupide
1160 5646 1304 5715 quod
1332 5661 1391 5700 se
1417 5646 1469 5700 in
1499 5660 1722 5700 manum
1751 5645 1920 5700 dabat

338 5733 615 5804 arripuit;
651 5734 962 5804 missisque,
993 5750 1103 5805 quo
1146 5735 1306 5790 ﬁdem
1344 5737 1744 5805 promissorum
1767 5735 1918 5790 face-

338 5837 444 5890 ret,
470 5840 640 5881 aurea
672 5827 900 5882 munitis
931 5827 1074 5882 bulla
1106 5828 1526 5898 diplomatibus,
1558 5830 1608 5885 ei
1644 5828 1920 5900 significa-

338 5930 416 5973 rtt
446 5936 570 5975 sese
612 5921 793 5991 ipsum
818 5921 1244 5979 conditionibus
1280 5923 1581 5992 peramplis
1634 5931 1690 5979 et
1726 5923 1918 5992 subje-

339 6014 585 6085 ctasipsi
622 6015 811 6084 copias
864 6017 1302 6073 auctoramentis
1341 6016 1553 6074 idoneis
1612 6016 1724 6087 jam
1774 6032 1921 6072 nunc

2554 2132 2675 2200 θεὶς
2705 2131 3032 2200 ἐπεσχέθη.

2067 2229 2205 2297 Παρ⁶
2241 2226 2308 2298 ἢν
2341 2227 2521 2281 αἰτίαν
2568 2227 2664 2279 καὶ
2698 2226 2939 2296 Μιχαὴλ,
2974 2225 3003 2276 ὁ
3054 2222 3323 2290 δεσπότης
3378 2221 3582 2280 αἰτίαις

1997 2319 2325 2389 ὑποϐληθεὶς
2359 2318 2800 2373 κεκινδύνευκεν.
2831 2318 2986 2372 Ἐπεὶ
3014 2318 3125 2388 γὰρ
3154 2317 3181 2368 ὁ
3204 2315 3303 2385 μὲν
3328 2312 3583 2381 βασιλεὺς

1996 2414 2195 2483 ἤπειγε
2229 2413 2424 2467 τοῦτον
2461 2414 2540 2475 είς
2598 2412 2836 2465 Νίκαιαν
2886 2411 3107 2481 σύναμα
3162 2410 3241 2479 τῷ
3293 2409 3385 2460 ὑπ’
3421 2406 3584 2458 αὐτὸν

1998 2503 2115 2574 λαῷ
2150 2504 2628 2574 στρατηγήσοντα,
2680 2503 2890 2562 ἐκεῖνος
2943 2500 3001 2554 δὲ
3055 2499 3321 2560 πολλάκις
3366 2496 3585 2565 γράψας

2005 2597 2360 2666 μετεκαλεῖτο
2385 2596 2475 2648 τὸν
2508 2594 2661 2658 ἴδιον,
2695 2595 2944 2646 κάκεῖνοι
2974 2591 3460 2663 κατερρᾳθύμουν,
3497 2588 3585 2641 διὰ

2001 2688 2176 2742 ταῦτα
2213 2686 2359 2751 ἔδοξε
2388 2685 2627 2757 χρῆσθαι
2668 2689 2781 2747 τοῖς
2825 2685 3091 2755 βασιλέως
3139 2685 3215 2748 ὡς
3257 2683 3583 2752 ὑπηρέταις,

2000 2783 2103 2852 ήδη
2157 2782 2457 2850 ἀπολέμοις
2496 2782 2562 2834 ὲκ
2608 2782 2708 2850 τῆς
2752 2781 2999 2848 ἀνάγκης
3039 2780 3455 2848 γεγενημένοις,
3491 2777 3586 2828 καὶ

2004 2873 2229 2942 πέμψας
2282 2874 2507 2942 συνῆγε,
2560 2874 2700 2943 πλὴν
2732 2871 2856 2925 οὔτε
2908 2871 3177 2942 βασιλέως
3222 2871 3448 2933 εἰδότος,
3490 2868 3587 2920 καὶ

2003 2965 2197 3036 ὅρκους
2227 2964 2475 3018 ἁπαιτῶν
2517 2964 2757 3028 ἐκείνους
2786 2964 2863 3027 ὡς
2894 2962 3022 3034 περὶ
3052 2963 3246 3017 ἑκατὸν
3271 2961 3454 3024 ὄντας,
3488 2961 3587 3014 καὶ

2008 3150 2059 3201 in
2092 3147 2352 3202 Romanae
2402 3145 2611 3199 militiae
2657 3145 2955 3201 auxiliares
3007 3146 3281 3214 accipere.
3326 3143 3588 3197 Venit-ent

2009 3240 2172 3295 modo
2204 3253 2369 3308 quam
2424 3238 2686 3308 primum,
2723 3245 2778 3293 et
2813 3227 2930 3307 ipse
2962 3237 3188 3306 quidem
3246 3237 3448 3291 ductor
3483 3236 3584 3287 sibi

2006 3332 2212 3388 eximie
2264 3330 2594 3387 destinatam
2640 3331 2822 3400 magni
2861 3331 3022 3386 ducis
3082 3330 3408 3398 dignitatem
3463 3343 3586 3381 cum

1930 3390 1974 3451 θ’
2010 3423 2279 3477 affinitate
2326 3423 2639 3493 splendida,
2680 3390 2892 3493 nuptiis
2928 3423 3108 3493 neptis
3142 3390 3378 3494 propria:
3405 3423 3593 3477 Mariae

2007 3517 2209 3571 Asanis
2244 3515 2387 3579 ﬁliae,
2449 3515 2634 3581 iniret,
2678 3518 2885 3572 milites
2933 3532 3067 3593 vero
3122 3518 3296 3586 ipsius
3333 3517 3399 3570 ad
3436 3532 3590 3584 spem

2010 3619 2219 3665 certam
2252 3625 2602 3679 magnorum,
2630 3610 2833 3679 quibus
2868 3611 3017 3665 nulla
3058 3626 3205 3666 mora
3239 3611 3594 3665 numerandis

2013 3703 2399 3767 intercederet,
2425 3703 2830 3771 stipendiorum
2865 3713 3245 3767 accurrerent,
3271 3714 3593 3771 caeteraque

2013 3795 2196 3849 omnis
2227 3793 2449 3865 generis
2477 3808 2659 3863 opera:
2690 3793 2833 3848 bello
2867 3794 3088 3850 fortiter
3123 3805 3333 3849 navatae
3359 3794 3504 3847 baud
3535 3807 3594 3846 se

2013 3887 2429 3943 desideraturos
2486 3888 2712 3957 praemia
2754 3887 2985 3943 scirent.
3046 3885 3171 3942 "asc
3216 3896 3325 3940 tant
3362 3885 3593 3954 pellacia

2015 3986 2124 4032 tam
2168 3977 2386 4047 prolixe
2430 3977 2799 4047 pollicebatur
2832 3978 3159 4047 imperator,
3188 3977 3475 4044 quoniam,
3517 3977 3590 4027 uti

2016 4068 2282 4134 diximus,
2312 4060 2533 4123 'nullam
2575 4068 2789 4124 fiducia:
2826 4078 3036 4138 partem
3065 4069 3118 4122 in
3148 4069 3397 4124 ltomano
3429 4069 3599 4121 collu-

2015 4176 2147 4217 care
2182 4170 2399 4231 poterat
2430 4164 2700 4227 exercitu,
2729 4162 2877 4232 quod
2912 4163 3006 4233 qui
3040 4178 3105 4216 ex
3148 4178 3213 4216 eo
3253 4162 3449 4228 reliqui
3495 4178 3597 4214 nu-

2018 4256 2165 4325 peris
2193 4256 2447 4311 cladibus
2479 4256 2899 4324 superfuerant,
2933 4257 3071 4312 mari
3101 4257 3337 4325 trajecto
3360 4272 3390 4311 c
3421 4258 3599 4309 cunti-

2017 4352 2169 4402 ncnti
2221 4348 2367 4404 Asia:
2401 4350 2454 4404 in
2506 4349 2805 4404 Occiduam
2857 4349 3106 4404 omnium
3165 4350 3356 4418 inopes
3408 4348 3598 4413 delati,

2017 4443 2222 4515 passim
2249 4442 2467 4511 profugi
2503 4444 2642 4496 adeo
2680 4443 2965 4497 viluerant
2987 4441 3222 4511 deiectis
3254 4441 3450 4508 ignave
3485 4443 3600 4493 ani—

2018 4540 2147 4601 mis,
2193 4546 2272 4602 ut,
2333 4537 2376 4591 si
2412 4537 2616 4591 victum
2656 4538 2921 4593 miserum
2953 4536 3039 4592 vel
3104 4537 3289 4590 infima
3332 4536 3600 4590 servitute

2018 4612 2452 4698 paciscerentur,
2502 4627 2667 4700 396
2719 4630 2984 4698 praeclare
3032 4643 3219 4685 secum
3270 4628 3357 4695 agi
3409 4626 3601 4681 credc-

1944 4746 1988 4801 D
2020 4732 2163 4775 rent.

1990 4839 2107 4909 Αἵ).
2142 4836 2218 4890 De
2280 4836 2537 4892 Michaele
2562 4838 2799 4905 despota,
2836 4846 2893 4890 ut
2932 4845 3206 4906 suspectus
3253 4835 3496 4888 redditus
3530 4835 3601 4887 sit

2590 4909 3017 4977 comprehensus.

2092 4999 2210 5065 Qua
2251 5015 2315 5055 ex
2349 5015 2520 5055 causa
2553 5009 2608 5054 et
2644 4999 2876 5054 Michael
2912 5004 3147 5070 despota
3180 5000 3237 5054 in
3267 4998 3600 5055 defectionis

2022 5093 2298 5147 meditatae
2349 5094 2722 5163 suspicionem
2782 5093 3010 5147 veniens
3067 5101 3152 5147 est
3226 5093 3600 5163 periclitatus.

2018 5183 2154 5239 Cum
2207 5187 2354 5238 enim
2391 5185 2544 5239 illutn
2581 5188 2881 5255 imperator
2915 5186 3130 5242 crebris
3163 5187 3378 5242 nuntiis
3422 5187 3603 5241 ursis-

2022 5288 2107 5332 set
2140 5288 2197 5332 ut
2227 5278 2437 5333 delectu
2471 5281 2526 5334 in
2551 5279 2668 5333 suis
2701 5281 2863 5336 terris
2893 5280 3080 5336 habito
3114 5279 3219 5337 sibi
3249 5292 3451 5349 przrsto
3475 5295 3600 5333 cuin

2022 5372 2198 5441 copiis
2235 5372 2476 5434 adesset,
2529 5374 2641 5426 dux
2701 5388 2730 5426 a
2781 5390 2839 5429 se
2881 5372 3123 5428 Nicaeam
3191 5374 3513 5435 mittendus,
3550 5381 3603 5425 et

2025 5464 2143 5534 ipse
2212 5464 2400 5518 multis
2448 5464 2650 5521 litteris
2712 5480 3140 5536 quoquoversus
3202 5464 3421 5545 scriptis
3471 5476 3602 5517 suos

2025 5556 2395 5625 nequidquam
2424 5565 2677 5613 vocasset
2708 5559 2775 5611 ad
2809 5559 2970 5627 signa
3009 5558 3256 5612 subditos
3292 5556 3518 5625 (quippe
3544 5555 3599 5607 lii

2023 5646 2334 5717 periculum
2387 5647 2512 5701 talis
2557 5648 2768 5703 militiae
2838 5658 3161 5719 reputantes
3204 5646 3365 5700 fracti
3402 5647 3605 5700 animis

2025 5741 2222 5808 ignave
2258 5740 2669 5794 cunctabantur
2695 5740 2974 5809 obsequi),
3000 5741 3122 5803 bos,
3157 5738 3223 5792 de
3259 5737 3460 5806 quibus
3487 5734 3601 5787 dixi

2026 5847 2223 5900 nuper,
2263 5834 2610 5900 imperatoris
2646 5833 2851 5887 milites
2887 5847 3032 5885 nunc
3057 5830 3111 5884 in
3141 5846 3238 5885 sua
3273 5830 3483 5884 ditione
3517 5830 3602 5881 lu-

2024 5926 2223 5996 gitivos
2268 5926 2560 5995 explorare
2606 5940 2922 5993 aggressus,
2963 5936 3250 5993 postquam
3294 5927 3344 5975 in
3379 5938 3496 5976 eam
3536 5924 3603 5975 tle

2028 6034 2132 6089 qua
2175 6017 2482 6088 significavi
2518 6016 2881 6073 humilitatem
2942 6025 3327 6073 consternatos
3378 6015 3601 6084 ruperit,
