4024 6446
475 456 583 522 435

1622 546 1635 565 ἱ
1676 472 2007 532 GEORGII
2048 472 2355 532 PACIIYM
2372 472 2541 530 ER/E

3637 469 3737 534 436

473 576 753 647 κρυφηδὸν
774 576 1069 647 λαμϐάνων
1098 580 1196 633 καὶ
1228 581 1386 652 μέρει
1419 580 1593 646 διδοὺς
1617 586 1753 653 πρὸς
1786 585 2049 663 ἐκείνους.
2085 591 2131 647 Α
2162 584 2408 653 spiram,
2440 583 2507 636 τὰ
2539 584 2637 651 μὲν
2675 584 2769 636 κα“ι¹
2819 580 3144 650 λαμϐάνων,
3178 582 3253 635 τὰ
3297 581 3352 635 δὲ
3398 584 3491 636 καὶ
3525 584 3613 637 διὰ
3644 585 3736 653 τὴν

472 665 586 722 Ἦν
618 670 664 722 δ’
690 670 718 722 ὁ
771 670 933 740 ὅρκος
968 669 1180 741 βασιλεῖ
1224 672 1474 740 πρέπων,
1500 671 1673 744 οἶμαι,
1716 677 1811 728 κει)⁹
1864 676 2010 747 μόνῳ
2037 694 2050 709 ·

473 758 617 816 εἷναι
668 761 778 834 γὰρ
809 763 921 816 τῶν
946 763 1157 834 ἐχθρῶν
1186 763 1375 836 ἐχθροὶ
1418 766 1514 819 καὶ
1545 767 1656 821 τῶν
1687 768 1858 838 φίλων
1905 769 2052 835 φίλοι

472 855 568 907 τοῦ
598 855 735 919 τέως
765 855 1028 909 δεσπότου
1060 857 1371 926 ἐπώμνυον.
1412 860 1477 911 '0
1507 858 1570 930 δὴ
1618 860 2051 931 προσαγγελθὲν,

475 948 731 1017 βασιλεὺς
763 950 857 1002 καὶ
885 950 1056 1003 ταῦτα
1091 953 1186 1005 καὶ
1222 951 1357 1006 ἄλλα
1387 952 1621 1007 πλεῖστα
1651 954 2049 1026 συνηθροικὼς,

477 1037 857 1101 συνοικοῦντος
884 1040 979 1092 καὶ
1000 1042 1075 1109 στῇ
1101 1038 1196 1093 τοῦ
1225 1041 1472 1112 Τερτερῆ
1503 1041 1760 1114 θυγατρὶ,
1800 1044 2052 1111 λιπαρῶς

473 1130 765 1182 ὑπώπτευε
802 1129 928 1182 κατ’
962 1130 1130 1184 αὐτοῦ
1185 1132 1445 1195 ἀπιστίας
1503 1133 1811 1204 μελέτημα,
1847 1135 1943 1188 καὶ
1988 1135 2051 1188 τὸ

472 1216 696 1285 γεγονὸς
730 1219 811 1280 είς
838 1218 1022 1287 κρίσιν
1040 1219 1234 1283 ἐτίθει,
1262 1221 1355 1273 καὶ
1384 1222 1473 1273 τὸν
1500 1220 2050 1290 προσαγγελλόμενον

470 1308 851 1372 κατεδίκαζεν.
900 1310 1057 1365 Ἀλλὰ
1106 1310 1283 1365 ταῦτα
1329 1312 1427 1381 μὲν
1473 1312 1669 1382 μικρὸν
1700 1312 1926 1383 ὕστερον
1954 1314 2049 1366 καὶ

473 1401 796 1471 ῥηθήσεται·
848 1403 970 1455 τότε
1018 1404 1075 1457 δὲ
1137 1403 1393 1473 βασιλεὺς
1429 1405 1682 1467 τοιαύτας
1723 1405 1896 1458 ἐδίδου
1948 1405 2050 1468 τὰς

470 1496 684 1558 πίστεις
706 1497 784 1566 τῷ
829 1497 1173 1576 Ῥοντζερίῳ.
1220 1498 1279 1553 '0
1315 1498 1372 1553 at
1396 1497 1577 1551 λαϐὼν
1610 1497 1679 1551 τὰ
1719 1498 2047 1569 γράμματα,

469 1588 545 1652 ὡς
585 1588 652 1642 ἂν
686 1592 781 1642 καὶ
828 1589 1002 1658 μέγας
1051 1594 1134 1653 τις
1175 1591 1337 1657 δόξοι,
1387 1590 1484 1660 οὐχ
1517 1590 1677 1652 ὅσους
1711 1588 1815 1644 ἀνὰ
1861 1592 2050 1659 χεῖρας

470 1682 565 1734 καὶ
607 1683 803 1750 μόνους
827 1678 940 1752 εἶχε
973 1683 1261 1747 τοσούτους
1287 1688 1381 1736 καὶ
1415 1683 1571 1752 ἄγειν
1602 1683 1885 1753 ὴῆούλετο,
1913 1682 2050 1736 ἀλλὰ

468 1774 1072 1844 προσφιλοτιμούμενος
1112 1778 1204 1829 καὶ
1248 1776 1446 1838 ἄλλους
1496 1776 1735 1844 συνῆγε,
1771 1777 1892 1838 ταῖς
1942 1776 2050 1828 ἀπὸ

470 1865 739 1932 βασιλέως
767 1868 979 1922 ἐλπίσιν
1008 1870 1352 1939 ἀναπτερῶν,
1384 1868 1525 1924 ὥστε
1572 1867 1695 1938 μηδ’
1743 1867 1888 1938 ἔχειν
1920 1868 2048 1920 αύτ-

470 1959 663 2028 ἀρκεις
692 1958 826 2023 ναῦς
868 1962 1226 2032 συνεκφέρειν
1251 1962 1310 2015 τὸ
1342 1961 1781 2032 στρατολόγημα,
1821 1961 1955 2032 μηδέ
1988 1979 2049 2030 γε

466 2052 731 2123 χρήματα
761 2055 895 2108 τόσα
925 2054 1067 2109 ὥστε
1102 2057 1194 2115 καὶ
1228 2058 1685 2127 προκαταρκτικὰ
1714 2056 1917 2109 διδόναι
1953 2057 2047 2109 ἐπὶ

469 2144 684 2214 βασιλεί
717 2147 966 2220 ἐχεγγύῳ
986 2149 1054 2203 τὰ
1080 2148 1308 2203 πλεῖστα
1332 2149 1639 2220 παρέξοντι.
1658 2150 1757 2202 Διά
1779 2166 1861 2202 τοι
1879 2149 2051 2202 ταῦτα

468 2240 565 2292 καὶ
598 2239 943 2303 Γεννουῒταις
995 2240 1288 2312 προσσχὼν
1342 2241 1433 2294 ἐπὶ
1474 2244 1726 2295 πίστεσιν
1785 2242 2051 2312 ἑκιχρᾶτο

471 2328 558 2398 ῙΡ.
591 2330 722 2403 276]
756 2333 877 2394 ταῖς
919 2332 1181 2401 βασιλέως
1214 2333 1345 2387 ὡσεὶ
1374 2334 1619 2404 χιλιάδας
1666 2334 1843 2387 είκοσι
1895 2350 2051 2403 νομι·

475 2514 831 2571 occasionem
875 2529 984 2570 non
1018 2514 1231 2585 putavit
1270 2513 1798 2584 prastermitteudam
1830 2528 1925 2569 eos
1947 2512 2050 2589 sibi

472 2608 541 2662 ad
584 2608 803 2677 quidvis
866 2606 1142 2662 obnoxios
1166 2606 1453 2661 reddendi.
1508 2604 1652 2675 Ergo
1682 2605 1910 2675 negotio
1967 2605 2052 2662 eis

472 2700 604 2754 dato
638 2700 820 2755 socios
863 2701 930 2754 ad
973 2713 1034 2754 se
1092 2699 1235 2754 clam
1279 2697 1535 2766 cogendi,
1576 2707 1942 2768 congregatos
1982 2714 2051 2753 ex

472 2795 579 2850 illis
628 2794 852 2849 circiter
881 2801 1106 2850 centum
1150 2807 1358 2849 arcano
1404 2794 1693 2863 alloquens
1730 2793 1945 2847 induxit
1977 2793 2047 2849 ad

467 2885 574 2940 sibi
611 2885 776 2940 tidem
831 2893 1183 2940 sacramento
1238 2886 1293 2939 in
1338 2885 1443 2939 hoc
1468 2883 1951 2954 obstringendam,
1986 2890 2050 2938 ut

365 3040 369 3044 μ
470 2978 659 3033 hostes
690 2978 934 3033 hostium
961 2992 1214 3040 suorum,
1243 2976 1406 3031 amici
1435 2977 1765 3044 amicorum,
1784 2977 1907 3032 sine
1937 2976 2049 3030 ullo

471 3076 722 3139 respectu
755 3080 850 3124 aut
881 3070 1221 3135 discrimine,
1257 3070 1524 3139 deinceps
1576 3068 1777 3133 forent,
1817 3084 1877 3124 se
1906 3068 2048 3139 quo-

469 3179 579 3232 que
606 3164 788 3233 ipsum
835 3163 1079 3220 vicissim
1122 3162 1444 3234 protegendi
1485 3177 1582 3219 eos
1632 3163 1924 3232 promissis
1955 3162 2044 3232 ju-

466 3258 606 3312 ratis
648 3256 920 3327 obligans.
956 3252 1070 3311 Hoc
1105 3256 1211 3312 etsi
1266 3264 1484 3313 secreto
1513 3264 1698 3310 actum
1760 3270 1790 3309 a
1820 3255 2044 3325 despota

2156 675 2266 727 τῶν
2287 677 2431 744 νηῶν
2449 675 2639 745 χρείαν
2661 673 2894 729 ἐκείνων
2924 676 3004 737 είς
3025 675 3126 744 τὴν
3150 673 3247 727 τοῦ
3272 674 3404 728 λαοῦ
3425 675 3737 731 διαπ)ώ”ίσιν

2158 766 2608 837 προσδεχόμενος.
2649 767 3000 837 Γαμηλιῶνος
3056 766 3155 834 μὲν
3206 764 3323 829 οὖν,
3378 766 3452 830 ὡς
3506 769 3734 839 εἴρηται,

2156 863 2222 931 τῇ
2246 860 2660 919 Κωνσταντίνου
2694 860 2786 929 ὲφί
2798 877 3046 914 στανται.
3074 861 3191 914 Καὶ
3215 859 3471 929 βασιλεὺς
3492 861 3736 913 τοσοῦτον

2156 952 2284 1005 λαὸν
2305 953 2436 1023 παρ’
2462 952 2662 1005 ἐλπίδα
2686 953 3007 1023 δεξάμενος.
3036 953 3188 1022 ὅμως
3208 956 3274 1022 τῇ
3296 955 3394 1016 τῆς
3425 954 3736 1023 συμμαχίας

2156 1046 2335 1100 ἑλπίδι
2365 1046 2695 1118 ἀναθαρρῶν
2723 1047 2849 1108 τοὺς
2870 1044 3166 1113 λογισμοὺς
3199 1046 3592 1116 κραταιότερον
3616 1047 3730 1116 ἵστη

2156 1138 2252 1192 καὶ
2290 1139 2635 1208 ἀμφοτέραις
2690 1137 2942 1206 έξήντλει
2992 1136 3146 1206 σφίσι
3194 1137 3264 1190 τὰ
3315 1138 3594 1207 χρήματα,
3635 1139 3726 1190 καὶ

2155 1224 2469 1295 θησαυροὺς
2498 1225 2710 1289 πάντας
2759 1225 2855 1288 οὓς
2899 1225 3265 1295 ἀνεπίμπλων
3310 1227 3361 1278 οί
3396 1228 3730 1297 πανταχόθεν

2154 1316 2373 1386 δασμοὶ,
2409 1317 2816 1388 ἐπισχεθέντων
2865 1317 3036 1370 πάλαι
3081 1317 3180 1370 καὶ
3215 1316 3394 1370 αὐτῶν
3428 1318 3606 1385 ρογῶν
3642 1319 3729 1371 καὶ

2154 1409 2462 1479 προσοδίων
2503 1413 2620 1471 τοῖς
2673 1410 2731 1463 ὲν
2767 1410 3089 1474 ἀνακτόρων
3136 1407 3531 1472 δουλεύουσιν,
3588 1407 3623 1461 ἃ
3667 1407 3728 1478 δὴ

2155 1504 2253 1554 καὶ
2288 1501 2530 1570 βασιλεῖς
2576 1500 2636 1564 ἐξ
2670 1501 2900 1571 ἀρχαίου
2934 1501 3014 1562 εἰς
3051 1499 3277 1569 μισθοὺς
3326 1499 3542 1551 ἐτίθουν
3572 1499 3731 1566 ἀναγ-

2153 1595 2342 1653 καίονς
2377 1596 2489 1655 τοῖς
2539 1593 3033 1662 ὑπηρετουμένοις,
3088 1592 3325 1654 ἐκείνοις
3358 1590 3722 1655 ὲξεκενοῦντο.

2165 1686 2325 1739 Ἀλλὰ
2354 1686 2447 1739 τὸν
2482 1687 2581 1752 μὲν
2620 1683 2964 1754 Ῥοντζέριον
2995 1686 3073 1747 εἰς
3109 1685 3252 1753 μέγα
3275 1685 3520 1753 τιμήσας
3544 1683 3725 1744 δοῦκα,

2153 1781 2249 1833 καὶ
2286 1780 2415 1841 τοὺς
2446 1779 2583 1849 παρ’
2621 1778 2786 1830 αὑτοῦ
2821 1780 2914 1830 καὶ
2946 1777 3096 1840 ίδίοις
3126 1776 3443 1849 μεγαλύνας
3481 1776 3728 1844 ὀνόμασι,

2152 1872 2409 1942 γαμϐρόν
2432 1873 2577 1926 κατὰ
2610 1873 2709 1934 τὰς
2740 1872 3036 1967 δμολογίας
3088 1870 3349 1940 καθίστη.
3388 1867 3498 1925 Ἦν
3527 1870 3584 1923 δὲ
3628 1869 3729 1939 ἄρα

2155 1964 2249 2018 καὶ
2299 1966 2416 2026 τοῖς
2474 1964 3000 2017 ἐπιστᾶσι’πολλῶν
3054 1965 3387 2034 φιλοτιμιῶν
3444 1964 3730 2017 ἀπολαύειν

2153 2056 2428 2110 δεικνύειν
2458 2056 2559 2127 τὴν
2586 2058 2805 2127 χρῆσιν,
2838 2057 2912 2119 ὡς
2941 2056 3009 2110 ἂν
3045 2056 3119 2126 μὴ
3153 2057 3211 2107 ὲν
3243 2058 3427 2119 κενοῖς
3453 2057 3730 2126 ἐπιστῆναι

2155 2150 2405 2214 δόξωσιν.
2440 2149 2789 2218 Ἐτάχθησαν
2815 2144 2911 2203 οὖν
2934 2149 2992 2211 ὲς
3020 2148 3263 2210 Κύζικον
3291 2149 3571 2201 ἀπελθεῖν·
3603 2149 3733 2215 πρδς

2154 2243 2263 2309 γὰρ
2290 2240 2353 2294 τὸ
2376 2240 2498 2311 ἔχον
2529 2241 2622 2294 τὸν
2649 2240 2846 2310 φθόνον
2871 2242 3082 2310 ἕρπειν,
3108 2240 3311 2310 μᾶλλον
3341 2240 3396 2292 δὲ
3419 2240 3518 2308 τὴν
3548 2239 3728 2291 ἐπίθε-

2156 2350 2240 2388 σιν
2270 2333 2345 2397 tiu;
2398 2327 2511 2386 οἷόν
2565 2349 2625 2386 τε
2683 2333 2949 2398 διενόουν,
2985 2334 3148 2387 κάκεῖ
3199 2333 3343 2385 πολύ
3377 2351 3431 2386 τι
3484 2333 3734 2403 συναχθὲν

2157 2512 2230 2564 τῖε
2272 2511 2669 2581 diplomatibus
2718 2513 2876 2569 [idem
2925 2514 2979 2568 in
3023 2513 3341 2567 mutuando
3401 2521 3620 2576 nactus,
3658 2511 3734 2565 vi-

2154 2603 2289 2672 ginti
2327 2603 2552 2659 circiter
2583 2604 2812 2659 millium
2851 2620 3145 2661 aureorum
3175 2621 3300 2661 cum
3346 2606 3456 2661 illis
3507 2604 3734 2660 debitum

2155 2695 2460 2759 contraxit,
2499 2710 2621 2765 qua:
2666 2711 2725 2751 se
2760 2696 2852 2752 ille
2885 2697 3377 2768 Constantinopoli
3429 2699 3728 2755 soluturum

2158 2787 2392 2852 pecunia
2441 2786 2549 2841 sibi
2598 2787 2786 2842 statim
2853 2790 2923 2844 ab
2972 2790 3221 2860 Augusto
3288 2787 3724 2860 repraesentanda

2155 2879 2438 2949 pollicitus
2473 2888 2578 2935 est.
2612 2879 2879 2935 Caeterum
2915 2897 3024 2936 non
3059 2890 3234 2937 totam
3293 2896 3415 2937 eam
3467 2894 3727 2937 summam

2154 2979 2446 3027 numerato
2483 2975 2740 3043 accepit:
2784 2989 2911 3045 pars
2943 2976 3089 3031 enim
3141 2975 3195 3033 in
3244 2954 3474 3033 naulum
3514 2984 3597 3030 est
3632 2974 3727 3027 im-

2156 3074 2345 3135 putata
2421 3068 2895 3136 suppeditatarum
2962 3082 2993 3121 a
3036 3067 3441 3140 Genuensibus
3499 3068 3725 3129 navium,

2151 3169 2294 3231 quot
2330 3174 2472 3228 opus
2504 3159 2661 3215 fuere
2693 3161 2848 3215 novis
2878 3159 3161 3214 Bontzerii
3207 3161 3520 3217 delcctibus
3564 3170 3728 3216 trans-

2151 3253 2453 3321 portandis.
2490 3253 2583 3307 Sic
2639 3254 2809 3322 igitur
2865 3254 3203 3322 Septembri,
3253 3262 3321 3308 ut
3387 3254 3591 3309 dictum
3625 3264 3722 3315 est,

466 3350 558 3405 ubi
582 3348 694 3405 ﬁdo
737 3349 805 3405 ad
835 3363 896 3405 se
933 3348 1173 3404 delatum
1217 3346 1424 3404 indicio
1458 3346 1682 3403 rescivit
1716 3346 2043 3417 imperator,
2073 3336 2117 3407 (Ξ
2156 3360 2342 3399 mense
2401 3344 2741 3401 Rontzerins
2798 3362 2922 3400 cum
2960 3347 3138 3401 classe
3197 3345 3725 3416 Constantinopolim

466 3443 701 3498 contulit
753 3442 947 3497 eodem
1002 3439 1227 3496 aliunde
1268 3448 1545 3510 comperta
1586 3440 1744 3509 signa
1805 3436 2043 3510 plurima

466 3535 617 3590 inlidi
650 3534 818 3589 animi
871 3548 935 3588 ac
986 3534 1343 3589 rebellionem
1392 3533 1789 3598 machinantis,
1847 3532 2049 3602 quibus

466 3642 727 3697 magnum
780 3626 850 3681 ad
905 3625 1456 3683 verisimilitudinem
1500 3626 1743 3680 colorem
1780 3624 2043 3692 addebat,

465 3717 614 3785 quod
649 3716 790 3772 idem
830 3718 1058 3788 despota
1097 3719 1385 3788 coniugem
1419 3717 1653 3772 haberet
1704 3715 1871 3771 tiliam
1911 3716 2048 3771 Ter-

466 3812 625 3879 teris,
652 3825 719 3866 ex
745 3826 946 3882 genere
969 3813 1161 3882 utique
1194 3809 1412 3866 infenso
1449 3810 1711 3866 Romanae
1735 3809 1839 3865 rei.
1864 3808 2048 3876 Quare

468 3911 764 3974 antequam
807 3902 1044 3960 defectio
1074 3911 1408 3973 erumperet,
1445 3911 1658 3963 mature
1702 3909 2045 3972 prmverten-

468 3995 601 4052 dum
641 3997 962 4065 arbitratus,
1001 3997 1182 4052 dicam
1214 3996 1459 4053 Mieltaeli
1492 3997 1742 4066 cogitatae
1786 3994 2047 4065 perduel-

467 4090 631 4147 lionis
665 4090 934 4162 impingit,
977 4091 1431 4160 compulsumque
1466 4088 1619 4143 obire
1673 4087 2045 4142 vadimonium

466 4196 635 4237 causa
666 4181 774 4237 rite
804 4181 1026 4253 cognita
1045 4180 1344 4237 damnavit.
1372 4180 1477 4235 Sed
1500 4180 1606 4234 hoc
1636 4178 1868 4248 contigit
1888 4177 2050 4248 paulo

469 4283 593 4340 post
625 4281 679 4328 et
709 4273 762 4328 in
790 4273 912 4329 loco
948 4272 1246 4339 referetur,
1278 4287 1428 4327 nunc
1459 4286 1526 4327 eo
1561 4272 1907 4342 praelibatum
1937 4282 2049 4340 quo

466 4364 744 4419 indicetur
773 4373 826 4419 et
855 4364 1001 4418 hanc
1038 4371 1222 4419 mente
1250 4371 1530 4418 versatam
1590 4360 1916 4433 imperatori
1950 4375 2049 4415 cu-

467 4469 612 4520 ram,
670 4455 891 4523 quando
936 4454 1092 4509 illum
1124 4469 1156 4508 a
1205 4453 1501 4510 Rontzerio
1532 4454 1686 4510 missi
1719 4467 2049 4515 convenere,

469 4547 868 4616 promptiorem
913 4544 1230 4602 reddidisse
1281 4546 1461 4617 ipsum
1517 4545 1587 4601 ad
1647 4548 1784 4601 adeo
1838 4546 2052 4616 prolixe

2159 3437 2408 3508 appellit.
2444 3438 2670 3510 quando
2702 3440 3004 3509 imperator
3030 3449 3182 3494 tanto
3206 3449 3421 3510 praeter
3445 3454 3593 3511 Spem
3637 3454 3727 3491 au-

2157 3541 2282 3587 ctus
2317 3532 2587 3596 exercitu,
2620 3540 2674 3587 et
2740 3534 2934 3603 ingens
2989 3533 3045 3586 in
3105 3543 3396 3602 posterum
3443 3533 3728 3603 peregrinae

2161 3624 2374 3678 militia:
2397 3640 2579 3694 operae
2610 3625 2844 3695 pretium
2879 3633 3237 3694 exspectans,
3266 3626 3487 3681 ﬁrmato
3512 3640 3541 3680 a
3575 3622 3728 3693 trepi-

2157 3716 2382 3772 datione
2456 3717 2628 3786 priori
2679 3717 2866 3772 animo
2918 3718 3231 3786 largissime
3287 3727 3611 3774 muneratus
3654 3722 3728 3770 est

2155 3808 2423 3878 hospites,
2460 3817 2515 3865 et
2564 3818 2800 3880 utraque
2863 3811 3163 3879 pecuniam
3213 3810 3512 3867 eﬂ'undens
3551 3823 3726 3871 manu,

2154 3899 2474 3965 thesauros,
2528 3901 3093 3973 quosundecunqne
3148 3917 3381 3958 corrasa
3452 3899 3727 3970 vectigalia

2157 3992 2573 4060 compleverant
2606 3991 2999 4064 (quorumjam
3036 4008 3164 4063 pars
3191 3995 3344 4049 nulla
3387 3992 3726 4049 distraheba-

2154 4093 2245 4139 tur
2275 4085 2331 4139 in
2357 4094 2772 4141 auctoramenta
2806 4090 3053 4143 veterdm
3079 4089 3322 4143 militum
3354 4099 3410 4146 et
3466 4082 3726 4157 stipendia

2157 4178 2531 4245 palatinorum
2567 4192 2631 4235 ex
2666 4179 2831 4248 longo
2863 4179 3089 4235 decreta
3132 4181 3542 4246 miuiStrorum,
3566 4173 3730 4233 omni-

2159 4268 2263 4323 bus
2290 4269 2382 4324 his
2408 4284 2603 4339 nuper,
2633 4271 2712 4325 uti
2740 4271 2877 4335 dixi,
2907 4272 3234 4344 abrogatis),
3270 4272 3328 4329 in
3358 4274 3553 4328 horum
3583 4271 3724 4325 sinus

2158 4359 2487 4414 exinanivit.
2543 4359 2623 4415 Ac
2652 4358 3011 4417 Rontzerium
3047 4363 3268 4433 quidem
3305 4364 3579 4434 promisso
3606 4357 3727 4412 insi-

2166 4450 2340 4517 guivit
2363 4450 2524 4507 ducis
2555 4453 2742 4523 magni
2790 4454 2978 4520 titulo,
3018 4454 3323 4512 familiares
3357 4468 3573 4525 quoque
3619 4451 3727 4520 ejus

2164 4542 2475 4598 illustribus
2506 4542 2632 4598 aliis
2656 4545 2975 4601 nominibus
3000 4547 3304 4603 honorans.
3335 4548 3576 4617 Denique
3593 4539 3724 4614 quod

469 4637 814 4695 admittenda
852 4639 1264 4711 liberaliterque
1293 4639 1702 4696 remuneranda
1730 4642 1905 4693 exteri
1951 4640 2054 4694 du-
2086 4668 2131 4723 Β
2164 4642 2285 4687 erat
2315 4635 2480 4689 etiam
2519 4636 2825 4704 pollicitus,
2859 4636 3131 4696 afﬁnitate
3180 4639 3287 4694 sibi
3349 4638 3597 4694 eumdem
3634 4632 3724 4686 ad-

469 4733 551 4790 cis
583 4734 868 4802 obsequia.
911 4735 1088 4788 Porro
1118 4734 1240 4788 istis
1270 4733 1505 4803 Augusti
1558 4732 1758 4787 litteris
1812 4731 2052 4788 Rontze—

466 4828 587 4887 rius
646 4827 913 4897 acceptis,
994 4810 1189 4881 curam
1269 4826 1555 4896 ingressus
1619 4824 2051 4881 existimationis

468 4922 687 4977 tuendae
712 4930 882 4976 tanta:
914 4928 1179 4990 quantam
1216 4920 1283 4973 de
1314 4919 1436 4989 ipso
1478 4917 1812 4989 praecepisse
1844 4932 1958 4987 prae
1991 4932 2053 4973 se

470 5012 685 5067 ferebat
714 5012 1036 5081 imperator,
1063 5023 1174 5063 non
1205 5022 1302 5064 eos
1337 5007 1516 5062 solum
1545 5020 1689 5074 quos
1725 5004 1791 5058 ad
1823 5018 2047 5057 manum

472 5105 709 5161 habebat
742 5105 949 5160 ducere
983 5103 1051 5158 ad
1089 5116 1217 5157 eum
1250 5100 1454 5155 milites
1505 5097 1670 5169 397
1708 5096 1902 5160 voluit,
1953 5096 2050 5151 sed

469 5197 609 5251 alios
637 5204 899 5264 prmterea
925 5195 1178 5251 evocavit
1213 5192 1506 5264 promissis
1536 5188 1774 5259 magnis,
1812 5202 2047 5258 quorum

469 5289 730 5345 videlicet
761 5287 1094 5345 solutionem
1130 5285 1459 5355 imperatori
1500 5283 1801 5353 delegaret.
1841 5280 2053 5336 Conve-

470 5392 675 5440 nerunt
706 5383 773 5438 ad
798 5398 953 5454 spem
987 5389 1267 5438 ostensam
1304 5377 1611 5449 imperialis
1642 5390 1790 5445 gaza:
1826 5374 2052 5443 largiter

469 5492 601 5532 mox
635 5475 1029 5547 participandas
1064 5471 1249 5529 Latini
1279 5478 1434 5526 tanto
1460 5483 1715 5535 numero,
1739 5476 1800 5523 ut
1825 5481 1927 5522 nec
1956 5482 2053 5520 na-

466 5584 565 5624 ves
595 5583 719 5639 quae
752 5568 878 5622 illos
923 5573 1187 5635 caperent
1226 5579 1327 5619 nec
1362 5563 1652 5634 pecuniam
1717 5560 2049 5616 Rontzcrius

470 5664 720 5729 haberet,
752 5676 875 5732 quae
904 5660 1185 5716 sufﬁceret
1211 5657 1280 5711 ad
1302 5655 1550 5727 singulos
1572 5653 1654 5708 vel
1683 5653 1906 5724 exigua.
1929 5665 2052 5721 qua:
2084 5698 2087 5701 .

469 5762 753 5825 vegetaret
784 5755 1129 5810 alacritatem
1163 5750 1389 5806 nomina
1422 5747 1697 5809 dantium.
1728 5746 2051 5817 erogatiun-

469 5848 592 5905 cula
629 5847 824 5904 saltem
861 5843 1258 5917 aspergendas.
1315 5841 1502 5910 Quare
1533 5839 1800 5911 appulsus
1832 5839 1900 5893 ad
1942 5837 2048 5895 Ge-

472 5955 732 6008 tiucnscs,
766 5940 981 6012 illisque
1025 5939 1327 6010 gleriauter
1362 5934 1713 5995 ostentandis
1742 5933 2049 6008 imperato-

2162 4727 2335 4781 movit
2368 4726 2585 4790 intima,
2617 4728 2830 4797 nuptiis
2883 4743 3007 4783 cum
3061 4744 3128 4785 eo
3164 4731 3344 4801 neptis
3393 4744 3504 4784 suae
3558 4723 3725 4779 Mariae

2163 4820 2481 4875 celebratis.
2510 4819 2631 4886 Quo
2672 4831 2787 4876 t0to
2815 4833 3062 4891 tempore
3098 4832 3251 4877 tanta
3288 4824 3499 4878 exstitit
3554 4822 3605 4873 in
3637 4817 3728 4870 hos

2164 4924 2360 4965 omnes
2410 4908 2631 4966 exteras
2676 4911 2979 4969 Andronici
3024 4912 3423 4977 muniﬁcentia,
3476 4917 3533 4964 ut
3560 4905 3728 4963 cuivis

2163 5016 2355 5057 eorum
2414 5003 2483 5058 ad
2508 5005 2696 5060 statim
2732 5004 3114 5074 accipiendum
3167 5008 3236 5062 ab
3262 5007 3504 5076 Augusto
3535 5002 3725 5055 donum

2163 5094 2575 5163 quantumlibet
2611 5095 2721 5150 alio
2748 5111 2859 5151 non
2900 5107 3050 5153 esset
3100 5112 3241 5166 opus
3283 5110 3449 5167 quam
3495 5092 3651 5148 istius
3682 5085 3726 5139 ri

2162 5185 2502 5242 desiderium
2530 5187 2698 5258 398
2725 5188 3058 5258 signiﬁcare.
3083 5187 3271 5261 Neque
3316 5189 3460 5244 enim
3498 5186 3723 5255 ipsorum

2164 5294 2496 5350 quemquam
2522 5282 2726 5337 vacuis
2755 5297 2784 5336 a
2811 5297 2872 5337 se
2901 5282 3053 5338 ahire
3079 5283 3338 5337 manibus
3369 5288 3459 5334 aut
3487 5275 3596 5332 voti
3622 5284 3722 5327 nou

2166 5383 2480 5446 compotem
2514 5375 2753 5431 sinebat.
2789 5377 2863 5432 Ita
2884 5377 3024 5432 bene
3054 5378 3265 5432 curatis
3290 5373 3610 5440 ornatisque
3630 5364 3726 5417 La-

2167 5466 2301 5522 tinis
2325 5467 2691 5522 auxiliaribus
2707 5468 2990 5538 expeditio
3022 5468 3232 5524 indicta
3262 5464 3519 5536 Cyzicum
3545 5465 3724 5512 versus

2165 5568 2270 5612 est.
2313 5557 2485 5627 Cujus
2538 5559 2761 5614 consilii
2812 5559 2930 5615 haec
2958 5571 3078 5615 erat
3121 5560 3283 5614 ratio.
3346 5547 3721 5610 Conﬁnxerant

2163 5649 2449 5721 Cyzicum,
2501 5660 2563 5706 ut
2601 5650 2811 5707 dictum
2864 5660 2973 5717 est,
3013 5668 3078 5708 ex
3114 5661 3227 5707 tota
3281 5648 3492 5704 circum
3544 5634 3718 5696 conti-

2164 5743 2315 5798 nenti
2357 5752 2635 5815 quotquot
2664 5743 2907 5815 eﬁ‘ugere
2941 5743 3174 5802 Romani
3219 5745 3502 5816 potuerant
3536 5730 3720 5790 barba-

2162 5854 2274 5903 ros,
2327 5853 2575 5909 opesque
2615 5853 2747 5895 suas
2799 5840 2853 5894 in
2898 5840 3030 5894 illud
3106 5840 3321 5909 asylum
3364 5832 3713 5893 undecunque

2168 5934 2544 5997 contnurant.
2574 5933 2704 6001 Quae
2738 5950 2824 5991 res
2871 5951 2996 5991 cum
3028 5935 3200 5991 latere
3246 5929 3570 6005 przedatores
3592 5917 3715 5972 Per-
