4024 6450
341 429 454 494 437

1290 430 1388 490 DE
1433 428 1884 490 AVDBONICO
1925 424 2396 490 PAL/EOLOGO
2435 431 2582 491 LIB.
2615 434 2686 492 V.

3511 431 3616 495 433

340 541 572 602 πλῆθος,
641 543 736 596 καὶ
782 540 1025 612 χρήμασι
1081 542 1173 594 καὶ
1225 540 1480 612 σώμασιν
1523 541 1884 610 ἱκανούμενον
1913 579 1928 603 ,
1959 544 2005 600 Α
2032 539 2208 610 τηρίῳ
2238 539 2561 610 χρωμένων,
2585 538 2916 595 Γεννουϊτῶν
2940 540 2995 594 δέ
3026 539 3255 594 αὐτόθεν
3300 540 3423 594 κατ’
3453 544 3638 609 αἰγια-

338 635 601 704 ἐφὲλκειν
631 635 760 698 τοὺς
782 635 1002 704 Πέρσας
1029 634 1269 704 ἀνάγκη,
1295 630 1379 697 οἷς
1403 635 1498 688 καὶ
1519 633 1630 686 δεῖν
1654 633 1742 687 διὰ
1768 631 1939 686 ταῦτα

338 723 906 794 κατακεκλεισμένοις
935 724 1260 796 συμμαχίας
1291 723 1482 794 ᾤοντο.

339 883 426 938 ιδ’.
465 882 647 953 Man
675 884 1042 960 Κατελάνων
1061 885 1601 960 καίᾼΓεννουϊτῶν,
1625 889 1725 944 καί
1749 890 1940 960 φόνος

709 955 819 1009 τοῦ
848 955 1126 1024 μεγάλου
1157 955 1577 1027 δρουγταρίου.

413 1087 481 1160 [Ρ
506 1086 639 1160 277]
685 1087 776 1151 Ὠς
807 1088 940 1157 γοῦν
966 1089 1296 1159 ἐξηρτύοντο
1329 1093 1422 1146 καὶ
1443 1093 1544 1164 ἤδη
1581 1095 1718 1166 πρὸς
1739 1096 1942 1164 ἐξόδοις

333 1175 501 1248 ἦσαν,
534 1182 989 1236 ἐπισυνίστανται
1025 1184 1339 1240 Γεννουῗται
1365 1187 1413 1240 οί
1443 1189 1582 1241 κατὰ
1617 1189 1772 1242 πόλιν
1797 1193 1939 1255 τέως

339 1273 642 1338 ζητοῦντες
673 1275 733 1326 τὸ
764 1275 922 1344 χρέο;
970 1293 984 1308 ο
1015 1277 1246 1346 βασιλέα
1279 1279 1390 1351 γὰρ
1425 1281 1682 1336 ἀπαιτεῖν
1729 1285 1936 1354 ἑτέροις

335 1366 706 1430 δανείσαντας
739 1367 839 1420 οὐκ
891 1367 1064 1440 ᾤοντο
1096 1371 1228 1426 δεῖν.
1283 1373 1431 1427 orat
1481 1374 1552 1427 τὰ
1599 1375 1694 1429 τοῦ
1741 1376 1939 1448 χρέους

340 1457 489 1528 βάρη
534 1459 964 1530 προσανετίοουν
991 1460 1068 1532 τῷ
1107 1462 1322 1534 βασιλεῖ
1356 1466 1430 1529 ὡς
1481 1467 1646 1520 αὐτοῦ
1693 1485 1757 1536 γε
1801 1488 1938 1540 χρη-

342 1549 582 1616 σάμενοι
613 1550 798 1604 ἕνεκα.
841 1554 952 1606 Καὶ
987 1553 1242 1623 βασιλεὺς
1274 1557 1413 1620 τέως
1448 1558 1550 1612 οὐκ
1581 1559 1934 1631 ἀνεχόμενος,

341 1639 464 1693 ἀλλ’
493 1637 592 1694 οὖν
620 1645 759 1712 πρλις
791 1647 852 1696 τὸ
884 1646 1196 1702 ἀποδιδόναι
1229 1652 1512 1716 κατένευε,
1547 1655 1640 1708 καὶ
1663 1655 1752 1710 διὰ
1779 1657 1937 1711 τοῦτο

335 1735 438 1788 καὶ
481 1735 823 1801 φιλονεικίαν
852 1740 1034 1792 πᾶσαν
1086 1741 1528 1813 ὑποτεμνόμενος
1571 1746 1789 1816 ἔπεμπε
1841 1751 1936 1804 τὸν

336 1827 693 1891 Μουζάλωνα
718 1831 1019 1900 Στέφανον,
1049 1835 1227 1903 μέγαν
1252 1836 1618 1911 δρουγγάριον
1643 1841 1736 1895 τοῦ
1771 1843 1941 1898 πλωϊ-

345 1937 451 1988 μου
516 1921 672 1989 ὂντα,
732 1927 1174 1983 καταστελοῦντα
1207 1931 1298 1983 τὸν
1349 1931 1600 2003 Θόρυὸον.
1645 1934 1708 1990 Ὀ
1741 1937 1796 1990 δὲ
1843 1955 1938 1991 το-

339 2013 538 2066 σοῦτον
571 2015 762 2085 ἐδέησε
797 2016 892 2070 τοῦ
926 2020 1099 2074 ταῦτα
1131 2023 1306 2075 ποιεῖν
1335 2022 1475 2077 ὥστε
1524 2027 1617 2079 καὶ
1657 2029 1936 2102 κατεκόπη

339 2103 588 2168 σπάθαις
619 2106 770 2178 αὐτῷ
807 2125 872 2177 γε
913 2109 1088 2182 ἵππῳ.
1137 2113 1247 2166 Καὶ
1277 2111 1396 2184 ἔρις
1437 2116 1690 2172 ἐιντεῦθεν
1721 2121 1933 2192 μεγάλη

343 2197 554 2266 μεταξὺ
591 2200 744 2268 σφῶν
775 2201 1106 2272 ὠροθύνετο,
1153 2205 1261 2259 τῶν
1301 2208 1402 2277 μὲν
1437 2209 1666 2274 ξενικῶν
1711 2215 1809 2278 τὴν
1841 2216 1938 2269 τοῦ

341 2288 650 2360 Κοσμιδίου
689 2294 1109 2353 καταλαϐόντων
1147 2299 1339 2373 μονὴν,
1383 2304 1614 2376 κάκείνῃ
1651 2305 1726 2371 ὡς
1755 2310 1938 2380 ὀρμη-

341 2485 437 2524 sas
498 2486 607 2526 non
681 2483 895 2544 posset,
955 2478 1349 2540 verisimiliter
1385 2490 1812 2559 exspectabatur
1871 2510 1937 2552 co

342 2571 582 2619 cunctos
606 2565 756 2634 ipsos
795 2569 1057 2639 impetum
1095 2591 1355 2633 versuros
1395 2596 1410 2633 :
1443 2597 1567 2636 nam
1625 2587 1780 2641 avari
1835 2587 1931 2642 ba-

347 2654 616 2711 ltetttibus
665 2658 907 2725 inhiant,
959 2671 1014 2719 et
1077 2665 1130 2719 in
1183 2667 1303 2724 loca
1347 2675 1629 2743 congestis
1675 2679 1936 2748 opulenta

343 2747 500 2815 gazis
544 2749 741 2816 cupida
794 2752 939 2806 solet
999 2759 1272 2826 rapacitas
1317 2761 1560 2819 incitari.
1625 2747 1754 2823 Urbi
1808 2787 1938 2840 ergo

339 2836 638 2907 Cyzicena:
692 2843 866 2910 plenae
923 2855 1054 2902 tunc
1115 2858 1168 2903 et
1219 2851 1433 2910 divitiis
1481 2865 1535 2910 et
1590 2836 1936 2930 hominibus,

343 2929 591 3000 ideoque
639 2935 724 2988 vel
769 2934 884 3005 jam
949 2940 1196 2998 obsessze
1250 2945 1334 2999 vel
1367 2963 1489 3002 mox
1550 2949 1870 3009 obsidenda“:
1910 2975 1938 3011 a

345 3022 628 3091 barbaris,
665 3027 810 3082 mitti
859 3033 1150 3102 suppetias
1185 3051 1362 3092 novos
1393 3039 1558 3096 hosce
1589 3045 1768 3100 socios
1823 3047 1939 3118 pla-

346 3117 492 3171 cuit.

351 3275 445 3330 H.
483 3275 668 3348 Pugna
715 3279 1096 3338 Catelanornm
1151 3295 1198 3340 el
1239 3287 1618 3356 Cannensium,
1679 3303 1729 3348 et
1773 3299 1940 3354 caedes

873 3359 1053 3424 magni
1082 3358 1116 3409 d
1121 3375 1182 3411 ru
1191 3362 1367 3429 ngarii
1375 3400 1389 3416 .

429 3481 528 3537 llis
554 3491 736 3539 autem
767 3489 986 3557 pransis
1033 3491 1236 3559 paratis
1286 3492 1338 3545 in
1393 3493 1676 3563 procinctu
1710 3497 1778 3550 ad
1834 3498 1944 3555 hoc

351 3574 486 3636 iter,
520 3590 586 3631 ac
619 3579 885 3647 urbejam
912 3583 1350 3652 egredicnttbus,
1379 3601 1506 3641 ccce
1547 3590 1948 3658 superveniunt

353 3669 450 3736 qui
501 3669 554 3722 in
591 3671 726 3726 urbe
778 3683 936 3727 erant
970 3691 998 3728 e
1048 3675 1238 3730 Genua
1275 3678 1592 3735 creditores
1629 3679 1944 3749 Rontzerii,

354 3777 503 3830 quos
562 3763 717 3831 dixi;
787 3774 844 3820 et
889 3766 993 3822 hoc
1026 3781 1264 3825 exeunte
1317 3771 1536 3827 brevem
1589 3777 1943 3834 occasionem

361 3853 468 3904 rati
511 3855 796 3922 repetendi
835 3855 1028 3919 debili,
1060 3857 1188 3912 dum
1227 3860 1371 3914 intra
1404 3861 1945 3934 Constantinopolim

357 3937 409 3992 is
443 3939 626 3995 adhuc
675 3952 843 4008 esset,
877 3961 998 4000 cum
1029 3947 1404 4005 sollicitudine
1447 3966 1510 4007 ac
1558 3955 1798 4010 tumultu
1843 3957 1952 4012 cir-

360 4033 704 4087 cumsistunt
759 4037 1056 4103 hominem,
1107 4041 1246 4096 solvi
1277 4044 1464 4098 statim
1502 4046 1652 4113 quod
1704 4048 1946 4105 debebat

361 4119 698 4192 flagitantes.
753 4128 888 4182 Cum
942 4145 1038 4186 eos
1094 4133 1161 4186 ad
1207 4136 1596 4202 imperatorem
1635 4141 1948 4198 remitteret

363 4214 723 4283 Rnntzerins,
783 4221 1027 4302 allegatis
1078 4223 1429 4294 imperatoris
1499 4229 1604 4286 [ide
1651 4234 1946 4302 pecuniam

365 4315 676 4376 acceptam,
716 4309 768 4363 itt
798 4301 919 4382 ej'us
969 4315 1232 4383 obsequia
1279 4316 1610 4386 impensam,
1657 4301 1716 4377 et
1755 4339 1954 4378 nume-

365 4409 492 4448 rare
530 4399 714 4466 ipsum
747 4409 998 4466 paratum
1031 4400 1272 4474 (adirent
1300 4405 1484 4470 modo,
1525 4409 1715 4464 statim
1753 4425 1952 4466 cumu-

367 4487 476 4542 late
511 4488 678 4543 laturi
705 4490 854 4558 quod
917 4495 1263 4566 poscerent),
1313 4495 1392 4549 illi
1429 4496 1547 4552 haec
1603 4501 1810 4572 ell‘ugia
1849 4505 1954 4558 rati

2051 631 2177 695 λοὺς
2214 632 2458 703 βούτζοις
2491 634 2587 688 καὶ
2615 633 2859 704 τάρπαις
2893 633 2989 688 καὶ
3020 635 3234 688 σανίσιν
3267 635 3641 704 ἀσφαλισθέν-

2050 741 2160 778 των
2189 725 2398 792 κύκλῳ,
2432 725 2736 780 κάντεῦθεν
2761 725 2838 788 ὡς
2867 725 2976 779 ἀπὸ
3004 727 3216 798 τείχους
3250 726 3554 796 βαλλόντων
3580 743 3638 780 τε

2049 817 2145 870 καὶ
2180 817 2548 888 βαλλομένων,
2593 818 2668 881 ὡς
2699 819 2796 871 καὶ
2820 817 3052 882 πολλοὺς
3089 821 3280 872 πεσεῖν
3311 820 3640 890 ἀμφοτέρω-

2051 907 2162 963 θεν.
2193 909 2365 969 Μόλις
2403 910 2496 962 τὸν
2527 909 2758 980 Θόρυϐον
2801 908 3069 978 βασιλέως
3108 910 3638 980 καταστορέσαντος,

2047 999 2143 1053 ἐπὶ
2181 1003 2426 1066 Κυζίκου
2459 1003 2539 1064 είς
2587 1002 3040 1074 παραχειμασίαν
3072 1001 3374 1058 ἀπέπλεον.
3427 1003 3640 1058 Ἐκεῖσε

2046 1087 2092 1143 δ’
2125 1091 2452 1156 ἐπιστάντες
2508 1093 2663 1146 πόλλ’
2715 1093 2849 1148 ἄττα
2877 1095 2988 1148 τῶν
3023 1095 3279 1166 χαλεπῶν
3333 1098 3642 1167 κατεπράτο

2045 1198 2224 1246 τοντο,
2257 1183 2408 1248 ἐντὸς
2439 1183 2540 1236 τοῦ
2579 1185 2794 1255 τείχους
2822 1186 3146 1256 καθήμενοι,
3181 1187 3446 1258 χρήματα
3477 1188 3640 1240 ἐκλέ-

2047 1291 2256 1342 γοντες,
2289 1276 2439 1346 βίους
2474 1279 2841 1348 ἁρπάζοντες,
2873 1279 3126 1349 γυναιξὶν
3166 1281 3472 1352 ἀνθρώπιον
3523 1285 3628 1333 ἐπι-

2047 1365 2388 1436 χειροῦντες,
2425 1369 2655 1424 καὶτῶν
2687 1371 2928 1426 ἐποίκων
2958 1373 3058 1426 ὅσα
3088 1374 3183 1426 καὶ
3217 1373 3442 1444 ὠνητῶν
3475 1391 3644 1427 κατα-

2048 1457 2408 1527 κυριεύοντες
2453 1461 2681 1516 δούλων.
2714 1463 2864 1528 Τέως
2899 1466 2926 1518 ὁ
2976 1466 3076 1533 μὲν
3122 1467 3368 1535 Φαρέντα
3399 1464 3638 1536 Τζιμῆς,

2047 1549 2363 1618 αἰσχυνθεὶς
2397 1543 2509 1604 οἷον
2539 1550 2611 1605 τὰ
2657 1552 2937 1622 δρώμενα,
2971 1556 3064 1608 καὶ
3104 1555 3366 1619 πολλάκις
3408 1556 3639 1624 ἐλέγξας

2046 1639 2178 1692 οἵων
2206 1639 2306 1710 μὲν
2331 1642 2660 1712 ἀπήλαυσαν
2685 1643 2974 1713 βασιλέως,
3001 1641 3090 1698 οἷα
3113 1646 3170 1699 δέ
3197 1650 3520 1717 πράττουσι,
3544 1647 3640 1698 καὶ

2051 1731 2126 1802 μὴ
2151 1732 2347 1797 πείσας
2377 1733 2685 1805 βαρϐάρους
2718 1737 2899 1800 ὄντας,
2927 1740 3019 1790 καὶ
3047 1737 3216 1791 αὐτοῦ
3243 1737 3638 1803 κατεξανιστα-

2050 1825 2214 1894 μένου
2238 1825 2328 1879 τοῦ
2353 1828 2577 1895 ἄγοντος
2599 1828 2858 1897 ἀπαίρειν
2878 1829 3040 1898 ἔγνω.
3067 1830 3236 1884 ’Ὅθεν
3261 1831 3356 1883 καὶ⁸
3374 1847 3639 1883 συσκευα-

2050 1917 2288 1986 σάμενος
2321 1917 2438 1986 ἃμα
2465 1920 2660 1972 ναυσὶν
2689 1919 2845 1984 ίδίαις
2881 1923 2975 1975 καὶ
3001 1922 3190 1992 οἰκείῳ
3219 1922 3332 1993 λαῴ
3359 1922 3445 1974 ἐπ’
3482 1921 3633 1976 οἴκου

2047 2009 2367 2080 πορεύεται.
2411 2011 2640 2064 Ἐκεῖνοι
2694 2011 2750 2065 δὲ
2808 2015 2900 2070 καὶ
2955 2014 3034 2066 ἔτι
3086 2015 3166 2082 τῷ
3215 2015 3356 2068 κατὰ
3393 2013 3638 2078 Κύζικον

2047 2102 2497 2174 προσκαθήμενοι
2531 2103 2701 2175 τείχει
2752 2107 2848 2159 καὶ
2895 2109 3017 2168 ταῖς
3057 2106 3209 2174 σφῶν
3241 2105 3423 2159 αὐτῶν
3454 2108 3637 2176 ἐντρυ·

2045 2194 2255 2262 φῶντες
2317 2195 2704 2259 ἀτασθαλίαις.
2769 2197 2876 2269 ὅπη
2945 2198 3041 2251 καὶ
3114 2198 3338 2268 λήξειαν
3403 2199 3634 2254 τοιαῦτα

2044 2285 2401 2356 πράττοντες,
2456 2283 2526 2360 ἦν
2596 2289 2771 2354 οὐδεὶς
2841 2291 3084 2359 ἁγνοῶνο
3149 2291 3457 2362 Ῥωμαίους
3525 2294 3636 2366 γὰρ

2045 2469 2356 2537 peregrinis
2396 2469 2617 2540 quidem
2661 2471 2936 2529 militibus
2958 2473 3183 2529 obvium
3215 2475 3487 2532 Cosmidii
3517 2489 3633 2530 mo-

2044 2559 2348 2615 nasterium
2373 2563 2800 2630 occupantibus,
2825 2577 3000 2634 eoque
3027 2566 3317 2620 utentibus
3347 2580 3446 2636 pro
3469 2581 3618 2628 arce,

2046 2666 2114 2704 ex
2147 2667 2256 2720 qua
2292 2662 2674 2722 erumperent,
2709 2669 2822 2723 quo
2861 2670 2921 2710 se
2965 2656 3318 2725 reciperent;
3373 2655 3634 2712 Genuen-

2043 2743 2198 2796 sibus
2229 2751 2408 2798 autem
2443 2744 2579 2808 illic,
2622 2745 2715 2800 ubi
2747 2745 2890 2802 forte
2925 2754 3060 2800 sunt
3096 2750 3299 2816 reperti
3357 2763 3456 2818 per
3481 2749 3634 2802 litto-

2045 2837 2219 2888 ralem
2271 2850 2450 2900 oram,
2483 2837 2629 2891 vallo
2679 2846 2875 2891 contra
2907 2845 2962 2892 et
3014 2851 3222 2908 aggere
3253 2852 3378 2892 sese
3411 2838 3635 2892 munire

2047 2927 2454 2998 satagentibus,
2496 2931 2864 2998 certatimque
2910 2929 2979 2984 ad
3028 2931 3080 2983 id
3148 2926 3636 3000 comport’autihus

2047 3018 2221 3082 dolia,
2252 3027 2411 3075 scuta
2443 3021 2720 3091 praelonga
2779 3032 2833 3077 et
2870 3023 3112 3100 tabulas,
3166 3022 3370 3092 quibus
3410 3033 3637 3077 exterae

2044 3111 2357 3165 commissis
2391 3111 2654 3182 intusque
2697 3129 2864 3170 arena
2897 3122 3161 3185 congesta
3217 3115 3494 3172 robor-alis
3541 3131 3635 3170 ca-

1969 3243 2011 3302 ο
2047 3208 2158 3254 stra
2217 3203 2368 3255 velut
2418 3219 2518 3258 sua
2569 3205 2778 3258 circntn
2837 3207 3204 3271 obvallarent,
3262 3217 3323 3262 ut
3383 3207 3634 3261 tumisto

2045 3295 2203 3363 quasi
2240 3310 2403 3348 muro
2446 3305 2881 3366 extetnporanco
2921 3300 3026 3355 tela
3055 3302 3296 3356 hostium
3333 3304 3386 3355 in
3413 3301 3631 3371 objecta

2051 3388 2278 3439 materia
2313 3387 2479 3440 it-tutn
2533 3389 2823 3455 perdentia
2863 3389 3284 3456 frustrarentur,
3322 3401 3439 3446 tum
3465 3405 3531 3444 ex
3566 3403 3632 3442 eo

2047 3491 2289 3546 Superne
2341 3478 2586 3533 vicissim
2647 3477 3052 3550 iacularentur.
3101 3482 3222 3548 Quo
3263 3481 3360 3536 ditt
3408 3490 3636 3536 strenue

2048 3570 2362 3640 inlesteque
2389 3569 2658 3636 fac-titan),
2688 3573 2886 3628 cadere
2919 3574 3182 3644 utrinque
3211 3575 3478 3644 plurimos
3501 3588 3636 3628 con-

2051 3663 2198 3734 tigit,
2235 3661 2416 3733 quoad
2454 3664 2676 3719 tandem
2703 3666 2983 3722 exauditis
3019 3667 3140 3722 sine
3165 3667 3274 3721 line
3302 3665 3524 3722 iteratis
3565 3665 3634 3720 ab

2048 3755 2386 3826 imperatore
2426 3755 2714 3811 mandatis
2739 3757 3316 3828 sedatus-aliquando
3363 3757 3634 3812 tumultus

2049 3861 2158 3916 est,
2193 3867 2257 3906 ac
2294 3867 2429 3922 pace
2455 3849 2602 3907 facta
2633 3851 3024 3908 Rontzerianat
3079 3867 3203 3908 cum
3236 3867 3340 3907 suo
3373 3849 3512 3907 duce
3539 3867 3637 3906 co-

2049 3947 2156 4017 piae
2179 3945 2504 4002 conscensis
2546 3945 2782 4002 navibus
2814 3944 3168 4002 hibernatum
3210 3943 3474 4017 Cyzicum
3519 3945 3634 4000 ive-

2053 4047 2204 4094 runt.
2241 4037 2428 4108 Cyzici
2465 4038 2562 4093 ubi
2591 4036 2770 4101 fuere,
2818 4037 3050 4094 admissi
3097 4037 3247 4092 intra
3298 4037 3639 4092 munitiones

2055 4129 2228 4187 multa
2256 4129 2479 4186 miseris
2510 4129 2626 4185 illic
2659 4128 2991 4200 degentibus
3033 4128 3219 4200 gravia
3273 4143 3388 4206 nec.
3417 4128 3638 4182 mitiora

2057 4221 2349 4277 hostilibus
2387 4221 2660 4282 fecerunt,
2694 4219 2957 4290 pecunias
2987 4227 3412 4289 extorquentes,
3453 4233 3633 4272 anno-

2058 4328 2184 4369 nam
2218 4313 2571 4386 diripientes,
2622 4327 2822 4368 uxores
2853 4309 3057 4366 civium
3099 4310 3309 4366 violare
3349 4319 3638 4375 conantes,

2059 4421 2168 4460 uno
2201 4404 2392 4471 verbo,
2423 4404 2674 4461 collectis
2711 4401 2874 4458 isthic
2921 4401 3188 4458 Romanis
3239 4403 3392 4458 velut
3438 4405 3640 4472 emptis

2061 4494 2350 4566 mancipiis
2397 4495 2804 4568 Superbissimo
2834 4495 3124 4550 dominatu
3183 4496 3498 4560 abutentes,
3530 4504 3638 4549 tam

366 4596 492 4636 esse
515 4584 782 4641 debitoris
823 4585 996 4652 infidi,
1029 4589 1099 4642 ab
1136 4603 1202 4643 eo
1229 4603 1289 4645 se
1326 4601 1582 4662 repetere
1637 4595 1828 4650 dixere
1859 4599 1948 4652 cui
1987 4583 2030 4640 D
2061 4587 2405 4645 intoleranda
2445 4587 2668 4660 quidem
2701 4589 2948 4654 licentia,
2987 4597 3048 4642 ut
3095 4585 3389 4642 Pharenda
3422 4587 3642 4640 Taltncs

367 4675 676 4740 dedissent,
715 4692 834 4730 cum
863 4677 1198 4748 imperatore
1231 4682 1334 4737 sibi
1373 4685 1511 4738 nihil
1545 4702 1666 4741 esse
1698 4689 1903 4759 negotii
1933 4707 1950 4758 ;

368 4767 518 4822 inter
569 4783 694 4838 quae
733 4771 1058 4826 ardescente
1101 4772 1314 4842 jurgio,
1357 4785 1579 4830 ventum
1631 4779 1698 4833 ad
1733 4795 1952 4837 manum

369 4869 472 4915 cst.
508 4859 816 4932 Imperator
851 4864 1050 4932 raptim
1081 4863 1400 4922 admonitus
1434 4871 1711 4940 expedivit
1765 4875 1957 4930 confe-

382 4955 508 5008 srim
537 4963 852 5024 Opportuna
878 4957 1010 5010 riam
1035 4956 1362 5014 diritnentlae
1389 4975 1404 5026 ;
1441 4975 1613 5031 seque
1638 4963 1954 5034 professus,

373 5047 504 5100 licet
525 5046 578 5101 id
613 5055 761 5116 ante,
784 5049 1081 5115 renuisset,
1109 5064 1341 5106 summa:
1373 5067 1406 5108 a
1448 5051 1834 5112 Genuensibus
1867 5075 1956 5112 re-

373 5140 557 5210 petita!
593 5137 922 5208 debitorem,
959 5155 1057 5198 eos
1090 5143 1236 5197 ultro
1282 5143 1350 5199 ad
1386 5147 1522 5200 satis
1569 5149 1955 5216 accipiendum

370 5233 518 5301 quod
550 5232 754 5288 vellent
785 5235 1040 5290 evocavit
1074 5235 1141 5290 ad
1182 5249 1266 5302 se,
1303 5237 1478 5294 misso
1520 5241 1587 5294 ad
1623 5239 1678 5294 id
1733 5243 1957 5299 turbas-

331 5339 481 5394 ‘que
549 5324 964 5394 componendas
1035 5325 1323 5395 Stephano
1397 5325 1690 5386 Mttzalone
1755 5346 1958 5404 magno

373 5416 682 5486 druugario
723 5417 802 5472 rei
833 5417 1068 5474 navalis.
1100 5419 1168 5474 At
1192 5419 1240 5476 is
1275 5429 1492 5476 tantum
1527 5423 1704 5479 abfuit
1727 5439 1757 5478 a
1791 5426 1960 5481 nimis

369 5507 485 5579 jam
517 5508 708 5563 adulta
770 5510 1048 5566 seditione
1087 5515 1525 5582 compescenda,
1568 5523 1628 5571 ut
1671 5518 1790 5588 ipse
1835 5531 1960 5572 cum

375 5617 487 5671 quo
515 5603 817 5658 vehebatur
843 5617 988 5675 equo
1019 5605 1280 5663 concisus
1312 5606 1369 5662 in
1401 5606 1578 5663 frusta
1607 5609 1776 5665 fuerit
1807 5611 1966 5666 ensi-

375 5700 480 5751 bus
536 5697 650 5766 iam
693 5696 944 5753 cominus
985 5697 1368 5756 dimicantium
1423 5702 1966 5772 irrevocabiliterque

374 5791 832 5846 commissorum.
867 5787 1006 5846 llinc
1043 5791 1157 5862 jam
1209 5793 1548 5850 inﬂammata
1599 5798 1878 5851 contentio
1911 5797 1962 5850 in

376 5883 620 5952 ptazllum
672 5883 928 5954 utrinque
995 5883 1420 5942 infestissimum
1483 5888 1648 5959 399
1689 5888 1960 5953 cﬂ'crbuit,

2059 4684 2312 4756 pudenda
2372 4683 2705 4755 iniuriarum
2763 4683 3092 4754 indignitate
3132 4691 3466 4746 commotus,
3515 4695 3642 4734 cutn

2060 4776 2414 4846 petulantiam
2442 4774 2848 4831 intolerandam
2885 4773 3096 4827 frustra
3128 4773 3533 4828 ﬂontzeriaaos
3555 4771 3641 4825 itt-

2060 4866 2340 4936 crepando
2370 4879 2434 4920 ac
2461 4863 2730 4920 beneficia
2757 4863 3068 4932 meritaque
3091 4861 3146 4916 in
3165 4877 3263 4918 eos
3292 4863 3645 4932 imperatoris

2059 4954 2542 5014 commemorando
2583 4957 2881 5026 reprimere
2923 4967 3069 5022 sape
3114 4951 3488 5021 nequidquam
3525 4960 3648 5004 ten-

2062 5059 2251 5113 tasset,
2294 5051 2570 5114 barbaris,
2629 5047 2774 5104 duce
2819 5046 2954 5116 ipsis
3007 5045 3235 5116 proprio
3281 5044 3645 5107 assentiente,

2063 5142 2271 5197 monita
2301 5139 2695 5204 irridentibus,
2730 5137 2946 5193 otiosus
2979 5151 3104 5192 esse
3133 5135 3295 5191 testis
3322 5134 3646 5189 immanium

2065 5235 2334 5289 scelerum
2378 5247 2490 5288 non
2517 5230 2876 5294 sustinuerit,
2907 5229 3005 5284 sed
3039 5243 3172 5284 suas
3220 5241 3352 5283 vasa
3389 5227 3652 5296 colligere

2065 5327 2256 5394 copias
2279 5327 2488 5396 iussas,
2527 5325 2648 5381 suis
2683 5322 2977 5392 impositas
3025 5323 3264 5376 navibus
3297 5321 3526 5376 domum
3565 5333 3651 5371 re-

2025 5451 2031 5455 -
2065 5417 2303 5474 duxerit.
2331 5415 2453 5483 Quo
2505 5416 2736 5472 liberius
2761 5416 2960 5472 deinde
2993 5417 3350 5472 liontzerinni
3404 5413 3652 5485 tyranni.

2066 5511 2188 5567 dem
2231 5513 2373 5567 intra
2401 5511 2584 5581 Cyzici
2610 5523 2800 5566 muros
2827 5513 2948 5566 sine
2985 5507 3434 5580 interpellatione
3473 5505 3650 5560 diram

2067 5601 2457 5670 exercuerunt,
2475 5619 2529 5656 ra
2541 5602 2764 5672 pacitati
2778 5641 2792 5666 ,
2807 5601 3094 5674 ingluviei,
3113 5597 3442 5655 libidinibus
3466 5596 3535 5650 ad
3557 5611 3650 5650 sa-

2069 5699 2318 5753 tietatem
2350 5695 2732 5766 indulgentes;
2768 5709 2869 5748 nec
2909 5694 3148 5748 obscure
3173 5691 3227 5744 id
3263 5689 3528 5754 ferentes,
3555 5687 3652 5742 sed

2072 5791 2274 5846 famam
2317 5801 2742 5861 quoquoversus
2771 5787 2840 5842 de
2873 5787 2960 5842 his
2995 5787 3242 5857 ipsorum
3295 5784 3522 5853 ﬂagitiis
3564 5783 3652 5837 dt.

2072 5885 2241 5940 ditant
2285 5884 2642 5940 sccnrissimc
2671 5889 3120 5942 contemnentes,
3149 5877 3353 5932 frustra
3388 5877 3653 5944 ringenti-
