4024 6416
383 346 574 415 ’439

1660 357 1981 418 Clit-HG”
2031 361 2515 423 PACIIYMEILE

3644 369 3749 432 440

461 468 811 539 πανταχόθεν
850 469 916 522 τὰ
945 470 1098 523 δεινὰ
1146 468 1435 539 περιέστη,
1469 469 1565 521 καὶ
1612 471 1907 538 διεφώνουν
1945 473 2041 526 πά·
2078 476 2125 533 Α
2156 477 2411 546 ἡμμένην
2463 477 2724 544 λαμπάδα
2774 494 2868 530 και
2908 477 3352 548 περιερχομένην
3398 479 3460 532 τὸ
3498 479 3747 551 πόλισμα

458 578 701 633 σχοντες.

461 677 542 735 ιε’.
577 680 715 748 Περὶ
756 682 865 735 τοῦ
909 680 1060 734 κατὰ
1110 682 1225 745 τὴν
1276 683 1641 748 Μαγνησίαν
1690 684 2047 752 τεραστικοῦ

1100 754 1423 820 θαύματος.

548 844 702 911 Ἐμοὶ
727 843 782 894 δὲ
813 844 1004 895 λοιπον
1031 845 1125 897 καί
1148 862 1201 896 τι
1241 845 1350 897 τῶν
1376 846 1710 910 θαυμαστῶν
1742 848 1864 899 καθ’
1892 848 2043 915 ἡμᾶς

459 937 713 989 τελεσθὲν
742 938 1001 1001 ἐξειπεῖν,
1037 937 1272 1008 φοϐερὸν
1302 955 1403 1007 μεν
1428 941 1626 1003 εἰπεῖν,
1663 940 1727 1011 [Ρ
1754 938 1885 1010 278]
1912 940 2042 992 ἄπι-

462 1048 586 1082 στον
616 1029 662 1081 δ’
690 1029 944 1094 ἀκοῦσαι,
1050 1030 1115 1101 δὴ
1141 1033 1237 1086 καὶ
1265 1031 1426 1093 αὐτὸς
1452 1031 1789 1102 διηπίστησα
1820 1032 1907 1094 ἂν,
1939 1033 2040 1086 κᾶν

462 1123 530 1174 δι’
563 1122 694 1177 αὐτὸ
727 1124 820 1179 καὶ
854 1124 1179 1191 παρέλιπον,
1216 1124 1263 1177 εί
1318 1124 1392 1194 μή
1423 1142 1486 1192 γε
1537 1125 1724 1177 πολλοὶ
1754 1126 1855 1187 μὲν
1886 1125 1936 1177 οἱ
1965 1127 2042 1177 εί-

462 1218 658 1278 πὸντες
687 1217 780 1267 καὶ⁵
806 1216 1137 1280 ἀξιόπιστοι,
1165 1217 1364 1283 δεῖγμα
1390 1215 1446 1267 δὲ
1484 1215 1740 1285 προνοίας
1763 1216 1877 1284 ἔχει
1903 1215 2039 1269 Θεοῦ

463 1310 556 1361 καὶ
586 1309 685 1376 τῆς
709 1309 838 1378 περὶ
882 1309 942 1361 τὸ
988 1307 1329 1377 ἀνθρώπινον
1364 1308 1443 1361 ἔτι
1479 1309 1636 1374 γένος
1686 1309 2037 1376 κηδεμονίας,

460 1402 563 1452 κᾶν
619 1402 797 1463 ἄλλως
847 1401 1057 1469 βαθέως
1092 1400 1186 1453 καὶ
1216 1401 1358 1469 ὑπὲρ
1408 1402 1554 1469 ἡμᾶς
1585 1402 1917 1469 ἐνεργῶνται
1970 1402 2039 1453 τὰ

460 1496 582 1547 θεῖα
645 1495 991 1565 βουλήματα,
1050 1494 1146 1549 καὶ
1186 1494 1301 1563 ἅμα
1354 1492 1449 1546 καὶ
1496 1492 1765 1561 βασιλέως
1799 1491 2035 1562 χρηστοῦ

460 1586 710 1653 δόξαντος
754 1586 934 1651 δόξαν,
984 1584 1122 1637 Θεοῦ
1178 1584 1459 1653 κρίνοντος
1496 1584 1716 1645 πάντως
1756 1583 1896 1650 μετὰ
1927 1581 2036 1635 τῶν

460 1679 985 1749 ὲπιτετηδευμένων,
1026 1679 1122 1731 καὶ
1152 1677 1239 1745 ἐφ’
1274 1671 1356 1740 οἷς
1399 1679 1494 1729 καὶ
1537 1677 1721 1745 μόνοις
1747 1674 2036 1744 ἐπιτηδεύσ

2153 567 2429 636 καθεώρα.
2466 568 2638 621 Τοῦτο
2669 569 2749 631 δὶς
2780 570 2873 622 καὶ
2909 571 3029 640 τρὶς
3066 573 3290 639 γεγονὸς
3321 573 3543 636 ἐννοίας
3572 575 3747 644 ἐπῆγε

2148 662 2237 713 τὸν
2264 660 2719 731 καστροιρύλακα.
2759 663 2824 714 ’ὐ
2876 661 2937 731 δὴ
2978 662 3069 714 καὶ
3116 664 3231 724 τοῖς
3274 664 3578 734 προέχουσι
3606 666 3747 717 κατὰ

2146 753 2207 805 τὸ
2247 754 2396 816 εἰκὸς
2452 753 2862 822 κοινωσάμενος
2913 754 3204 818 κάκείνους
3252 758 3333 817 είς
3384 757 3489 825 τὴν
3554 756 3747 824 ὁμοίαν

2150 848 2345 914 ἐνῆγεν
2376 846 2659 916 ἔκπληξιν.
2697 848 2843 910 Τέως
2880 847 3073 917 μαθεῖν
3105 847 3409 917 ἠϐούλοντο
3443 848 3499 902 τί
3543 849 3611 903 ἂν
3655 851 3746 902 καὶ

2140 939 2225 1008 εἴη
2258 940 2433 995 τοῦτο.
2485 940 2593 993 Καὶ
2624 942 2933 1009 πέμπονται
2971 941 3070 1010 μὲν
3119 941 3211 994 καὶ
3257 943 3414 996 ἄλλοι
3466 959 3746 995 κατασκο-

2148 1034 2439 1102 πήσοντες,
2472 1033 2630 1086 οὐδὲν
2669 1033 2725 1087 δὲ
2757 1035 2918 1088 πλέον
2947 1034 3041 1086 τοῦ
3079 1036 3468 1104 πραττομένου
3512 1035 3744 1098 ἐκείνοις

2145 1126 2594 1181 ἀπεκαλύπτετο.
2629 1128 2734 1179 Σὺν
2761 1127 2975 1188 πολλοῖς
3004 1128 3060 1179 δὲ
3081 1132 3191 1189 τοῖς
3221 1128 3410 1189 ἄλλοις
3435 1128 3740 1198 ἀπέρχεται

2144 1216 2239 1268 καὶ
2274 1218 2300 1268 ὁ
2336 1217 2424 1270 τοῦ
2474 1218 2927 1288 καστροφύλακος
2970 1220 3224 1289 ἀδελφὸς,
3261 1220 3321 1273 ὃν
3356 1220 3459 1273 καὶ
3497 1221 3743 1274 ἐκκεκω-

2144 1309 2415 1377 φευμένον
2462 1312 2525 1362 ὲκ
2564 1312 2787 1380 γενετῆς
2840 1314 2886 1362 οἱ
2947 1314 3151 1375 πάντες
3184 1313 3412 1383 ᾔδεσαν.
3481 1314 3593 1366 Καὶ
3629 1315 3744 1375 τοῖς

2147 1399 2245 1465 μὲν
2273 1400 2365 1452 τοῦ
2404 1400 2673 1469 συνήθους
2705 1402 2869 1454 πλέον
2892 1405 2994 1456 οὐκ
3018 1400 3086 1474 ἦν
3119 1404 3448 1473 μανθάνειν,
3487 1404 3566 1473 τῷ
3597 1405 3742 1458 sere

2142 1490 2459 1560 θαυμαστδν
2486 1495 2662 1545 ἐκεῖνο
2693 1496 2792 1545 καὶ
2824 1496 3139 1566 ἀπόρρητον
3176 1498 3361 1566 θέαμα
3396 1496 3741 1549 ἐκκαλύπτε-

2139 1601 2251 1636 ται.
2296 1584 2406 1637 Καὶ
2457 1587 2488 1656 ἡ
2533 1585 2713 1648 πίστις
2765 1588 3069 1659 προσετέθη
3122 1588 3198 1657 τῷ
3233 1591 3360 1644 κατ’
3394 1590 3564 1643 αὐτὸν
3606 1589 3740 1642 θαύ-

2144 1693 2273 1741 ματι
2296 1693 2308 1705 ·
2339 1676 2365 1727 ὁ
2400 1677 2503 1747 γὰρ
2542 1677 2718 1729 λαλῶν
2754 1678 2809 1742 ἐξ
2847 1680 3027 1733 ἐννεοῦ
3058 1680 3150 1734 καὶ
3184 1681 3377 1749 κωφοῦ
3411 1682 3609 1735 πιστόν
3638 1682 3730 1753 [Ρ.

458 1795 603 1840 ουσι,
631 1776 692 1828 τὸ
737 1775 846 1826 τῶν
878 1773 1185 1843 ἀνθρώπων
1219 1771 1445 1839 σφάλμα
1486 1769 1517 1838 ἢ
1553 1770 1649 1823 καὶ
1680 1767 2033 1839 κατόρθωμα.
2067 1808 2110 1865 Β
2139 1763 2269 1837 ΞΤ9]
2330 1784 2384 1818 τε
2436 1766 2530 1819 καὶ
2574 1769 2973 1838 ἀναντέῤῥητον
3024 1772 3051 1823 ὅ
3087 1787 3137 1822 τι
3178 1769 3245 1824 ἂν
3287 1772 3444 1824 εἴποι
3480 1770 3735 1824 καθίστα.

461 1870 599 1939 Ἤδη
649 1869 748 1936 μὲν
777 1866 870 1919 οῦν
903 1866 1216 1933 φθάσαντες
1260 1864 1615 1932 ἐδηλώσαμεν
1656 1863 1772 1923 πῶς
1808 1862 2035 1930 Μαγνηο

457 1969 580 2027 σίας
634 1964 733 2032 τῆς
784 1964 927 2017 κατὰ
962 1961 1175 2030 Ἕρμον
1208 1960 1478 2051 βασιλεὺς
1517 1957 1767 2029 ἀπαίρει.
1820 1956 2036 2051 Ταύτης

458 2060 560 2125 μὲν
590 2058 938 2127 προέστησαν
956 2054 1138 2122 ἕτεροι
1166 2050 1432 2121 βασιλέως
1455 2051 1771 2122 ἀπηρκότος
1800 2050 2036 2111 ἐκεῖθεν,

456 2147 523 2222 ἦν
553 2150 610 2203 δὲ
638 2149 731 2202 καὶ
764 2150 791 2200 ὁ
821 2148 916 2200 ἐπὶ
940 2144 1222 2214 τραπέζης
1252 2140 1734 2211 Φιλανθρωπηνὸς,
1769 2140 1909 2210 ἀνὴρ
1944 2141 2035 2194 εὖ-

459 2240 647 2310 γενεέᾳ
669 2239 767 2294 καὶ
800 2241 948 2309 γήρᾳ
982 2236 1198 2291 συνέσει
1228 2253 1286 2289 τε
1315 2236 1410 2289 καὶ
1439 2234 1759 2306 ἐμπειρίαις
1791 2250 2033 2302 στρατη-

457 2333 643 2398 γικαῖς
674 2332 731 2395 ἐς
776 2331 923 2384 ἅπαν
956 2328 1357 2399 κοσμούμενος.
1406 2328 1494 2392 Ὧς
1522 2327 1651 2393 γοῦν
1689 2327 1753 2380 τὸ
1790 2328 2035 2394 πόλισμα

458 2423 875 2495 καστροφύλακι
929 2422 1315 2491 ἐπετέτραπτο
1362 2421 1456 2474 καὶ
1507 2421 1610 2491 ἤδη
1654 2423 1742 2473 ἐν’
1767 2420 2037 2488 φυλακαῖς

457 2522 663 2582 ἐκεῖνος
692 2516 1045 2586 διαγρυπνῶν
1085 2511 1154 2585 ἦν
1195 2514 1294 2585 ὀψὲ
1343 2515 1454 2568 τῶν
1492 2515 1724 2578 νυκτῶν,
1775 2513 2037 2575 πολλάκις
2072 2576 2081 2583 ,

458 2698 563 2751 bus
591 2698 767 2751 ethoc
792 2695 1058 2752 malorum
1109 2695 1276 2766 400
1320 2694 1569 2749 auctario
1609 2701 1719 2745 tam
1756 2705 1902 2745 saevo
1929 2704 2031 2744 ex-

459 2802 633 2844 trema
663 2790 775 2858 jam
809 2788 1263 2843 consternatione
1311 2784 1798 2841 extabescentibus
1836 2782 2026 2837 deuio-

456 2882 753 2937 ratissimis
792 2878 1078 2935 Romanis.

648 3025 734 3079 i5.
771 3024 842 3078 De
868 3026 1001 3078 miro
1033 3025 1177 3094 apud
1210 3023 1534 3094 Magnesiam
1574 3020 1835 3090 prodigio.

2139 1859 2335 1911 Βλέπει
2364 1855 2457 1912 οὖν
2488 1861 2695 1922 ἐκεῖνος
2724 1863 3044 1933 προσμένων
3068 1866 3127 1917 οὐ
3159 1864 3431 1931 λαμπάδα
3452 1865 3734 1935 ἡμμένην,

2136 1948 2253 2003 ἀλλ’
2280 1950 2453 2021 ἄνδρα
2486 1951 2791 2021 βασιλικῶς
2822 1955 3188 2025 ἐσταλμένον,
3245 1956 3351 2020 τὰς
3403 1959 3507 2024 μὲν
3561 1958 3738 2010 αὐτῶν

2139 2043 2389 2110 φυλακὰς
2422 2038 2536 2097 οἷον
2565 2045 2973 2111 ἐξουθενοῦντα,
3009 2048 3171 2100 αὐτὸν
3202 2049 3257 2100 δὲ
3295 2048 3404 2120 τὴν
3434 2051 3536 2119 τῆς
3562 2050 3734 2118 cpula-

2138 2133 2240 2202 κῆς
2278 2136 2581 2206 ἐπιτροπὴν
2617 2136 2764 2206 ἔχειν
2794 2136 3044 2207 λέγοντα.
3084 2141 3191 2194 Καὶ
3232 2141 3356 2208 ἅμα
3393 2143 3625 2194 εἰπόντα
3659 2141 3736 2203 ὡς

2140 2228 2279 2298 πρὸς
2309 2227 2578 2281 ἀκούοντα
2611 2228 2791 2298 λέγειν
2814 2248 2829 2263 ⁸
2860 2233 2956 2285 καὶ
2989 2232 3097 2301 γὰρ
3142 2236 3170 2287 ὁ
3211 2235 3409 2304 κωφὸς
3439 2236 3610 2305 ἤκουε
3637 2252 3737 2287 πα-

2141 2319 2396 2387 ραυτίκα.
2433 2321 2812 2389 Προστὰσσειν
2844 2321 2902 2375 δὲ
2934 2323 3034 2394 τὴν
3073 2325 3258 2394 φωνὴν
3308 2327 3541 2396 μεγάλῃ
3587 2328 3749 2396 φωνῇ.

2138 2412 2252 2473 τοῖς
2285 2410 2515 2478 φύλαξιν
2551 2414 2913 2481 ἐπαγγέλλειν
2947 2417 3335 2487 ἐγρηγορότας
3361 2416 3437 2481 ὡς
3465 2416 3544 2470 ἐνι
3577 2417 3731 2487 μάλιυ

2142 2519 2241 2554 στα
2272 2503 2371 2572 τῆς
2400 2505 2676 2575 σωτηρίας
2702 2506 3107 2575 ἐπιμελεῖσθαι.
3143 2508 3252 2563 Καὶ
3289 2509 3315 2561 θ
3337 2509 3494 2579 αῦμα
3526 2526 3735 2579 παραυ-

2140 2695 2199 2739 ιιι
2230 2684 2455 2739 fortuita
2499 2686 2582 2740 vel
2635 2686 3029 2771 aberrantibus
3083 2690 3359 2749 illudente
3407 2694 3588 2749 oculis
3630 2708 3726 2749 ne-

2138 2778 2342 2847 glecta,
2397 2791 2688 2847 postquam
2730 2780 2920 2837 eadem
2963 2782 3075 2852 jam
3131 2799 3191 2839 se
3219 2785 3390 2839 tertio
3433 2787 3729 2855 conspicue

2138 2878 2395 2937 Ostentat,
2429 2870 2589 2945 40],
2627 2873 2771 2929 haud
2802 2883 2952 2930 ratus
2986 2876 3457 2932 contemnendam
3492 2878 3726 2932 advoca-

2139 2964 2211 3017 tis
2246 2961 2569 3019 ductoribus
2598 2965 2853 3021 ordinum
2883 2968 3164 3039 primariis
3196 2968 3489 3040 indigitat,
3520 2984 3724 3038 eosque

2142 3057 2197 3108 in
2231 3070 2416 3125 parem
2457 3072 2650 3112 secum
2685 3059 3114 3116 admirationem
3158 3063 3461 3119 manifeste
3490 3079 3721 3118 cernen-

530 3162 636 3217 Sed
664 3161 795 3217 mihi
825 3161 917 3216 ditt
948 3169 1183 3231 pertaiso
1219 3159 1601 3215 narrationum
1638 3156 2031 3221 infaustarum,
2067 3164 2109 3221 ο
2144 3161 2223 3207 tes
2275 3151 2511 3207 inducit.
2562 3153 2746 3208 Placet
2797 3155 3018 3210 cunctis
3076 3155 3210 3210 dare
3258 3172 3492 3227 operam
3539 3166 3597 3213 ut
3632 3159 3726 3213 hoc

456 3250 688 3307 oﬂ‘ertur
735 3265 868 3307 ecce
916 3258 1225 3320 opportunae
1273 3247 1726 3304 commemoratio
1776 3249 2036 3317 auspica-

456 3345 568 3400 tior
606 3343 733 3398 miri
770 3343 912 3413 apud
962 3356 1064 3397 nos
1096 3341 1198 3397 visi
1236 3340 1492 3411 prodigii.
1534 3339 1690 3407 Quod
1718 3340 1926 3405 dicam,
1962 3341 2036 3394 ita

457 3437 703 3494 terribile
742 3437 895 3492 dictu
939 3446 1047 3501 est,
1084 3437 1161 3489 ita
1200 3433 1524 3490 incredibile
1570 3433 1786 3497 auditu,
1822 3444 1883 3489 ut
1934 3447 2036 3488 nec

458 3529 566 3599 ipsi
599 3529 693 3585 diu
746 3527 880 3583 mihi
920 3527 1088 3582 fidem
1125 3525 1340 3593 fecerit,
1375 3534 1434 3582 et
1477 3526 1794 3581 amissurus
1829 3536 1886 3579 ut
1920 3541 2034 3580 rem

458 3618 876 3677 lnverisimilem
909 3617 1127 3682 fuerim,
1163 3617 1269 3671 nisi
1331 3625 1597 3672 constans
1636 3616 1934 3671 affirmatio
1982 3625 2036 3671 et

456 3714 827 3783 plurimorum
860 3719 917 3766 et
966 3711 1297 3766 idoneorum
1363 3710 1586 3766 testium
1643 3710 1862 3764 tandem
1907 3709 2035 3764 reli-

458 3801 676 3870 gionem
721 3800 1024 3855 incussiset
1064 3796 1373 3854 inofficiosa
1422 3799 1708 3868 premendi
1759 3798 2037 3855 oblivione

457 3887 624 3953 facti,
660 3887 715 3941 in
744 3900 857 3957 quo
891 3894 947 3942 et
988 3892 1376 3956 argumentum
1402 3894 1583 3942 exstat
1615 3886 1826 3941 clarum
1862 3886 2034 3941 divini

459 3978 719 4035 Numinis
757 3979 809 4035 in
846 3993 933 4034 res
964 3977 1235 4034 humanas
1264 3978 1651 4048 providentiae,
1690 3979 1744 4033 in
1777 3994 1877 4035 nos
1910 3995 2036 4049 pro-

461 4070 741 4136 tectionis,
800 4079 1082 4139 utcunque
1115 4070 1571 4129 inscrutabilibus
1603 4070 1671 4125 de
1707 4071 1893 4127 causis
1913 4072 2035 4142 ejus

458 4164 515 4218 in
550 4180 651 4220 nos
684 4163 907 4220 eosdem
956 4161 1172 4233 ﬂagella
1203 4162 1529 4233 desaeviant,
1571 4164 1809 4234 denique
1845 4164 1901 4219 in
1927 4181 2036 4235 quo

458 4255 705 4310 Cernitur
741 4254 945 4310 illustri
973 4254 1248 4310 vindicata
1276 4254 1612 4315 documento
1642 4256 1789 4311 fama
1824 4264 1879 4312 et
1903 4272 2035 4314 sano

457 4349 625 4404 ctitas
654 4348 926 4403 dominati
966 4348 1130 4407 nobis
1170 4348 1298 4403 olim
1333 4364 1457 4404 cum
1511 4349 1826 4407 clementiae
1868 4350 2036 4406 laude

455 4440 721 4508 principis
743 4479 758 4503 ,
787 4439 936 4499 circa
969 4456 1131 4509 quem
1178 4441 1349 4497 libere
1390 4440 1710 4497 hominibus
1739 4443 1888 4497 varia
1917 4442 2037 4511 opi-

2139 3244 2271 3315 quid
2306 3245 2378 3299 sit
2429 3245 2740 3301 addiscant.
2777 3246 3071 3302 Mittuntur
3099 3249 3169 3303 ab
3201 3249 3290 3305 his
3332 3253 3430 3321 qui
3479 3253 3726 3305 cominus

2138 3336 2465 3392 accedentes
2491 3336 2559 3391 ad
2594 3338 2647 3393 id
2686 3338 2866 3394 lumen
2906 3342 3133 3411 propius
3162 3342 3459 3411 explorent
3491 3359 3556 3399 ac
3581 3358 3727 3397 com-

2139 3439 2293 3500 perta
2327 3428 2592 3484 referant.
2628 3429 2723 3484 Isti
2750 3431 2886 3485 nihil
2930 3432 3053 3501 plus
3083 3433 3437 3490 admovendo
3475 3451 3535 3491 se
3563 3448 3726 3505 prope

2138 3537 2303 3592 quam
2346 3522 2540 3591 procul
2588 3521 2857 3579 intuendo
2906 3524 3258 3595 detegebant,
3306 3528 3488 3583 solam
3538 3537 3590 3583 et
3629 3526 3723 3596 ipsi

2140 3613 2445 3683 lampadem
2475 3615 2746 3682 videntes,
2785 3617 2964 3686 quoad
3019 3632 3145 3672 cum
3202 3620 3397 3676 multis
3432 3636 3498 3676 eo
3528 3621 3726 3675 missus

2139 3706 2380 3760 accurrit
2423 3705 2593 3761 frater
2643 3707 2892 3764 custodis
2947 3712 3121 3776 arcis,
3181 3725 3348 3777 quem
3400 3722 3610 3767 mutum
3672 3715 3721 3761 et

2140 3798 2369 3854 surdum
2405 3814 2471 3853 ex
2500 3809 2689 3856 ventre
2719 3800 2909 3857 matris
2944 3817 3138 3857 omnes
3162 3814 3389 3861 norant.
3422 3804 3601 3875 Atque
3625 3803 3717 3857 bu-

2138 3890 2230 3960 jus
2262 3890 2560 3948 comitibus
2589 3892 2725 3946 nihil
2769 3908 2936 3961 supra
2987 3894 3137 3965 prius
3170 3897 3379 3954 missos
3416 3895 3718 3967 conspicari

2140 3980 2374 4051 contigit
2404 3996 2420 4035 :
2456 3981 2549 4035 uni
2584 3992 2736 4036 muto
2769 3982 2868 4049 illi,
2904 3983 3294 4053 mysteriorum
3364 3985 3525 4055 quasi
3559 3982 3716 4036 valvis

2141 4073 2654 4140 reseratis,”novum
2676 4084 2759 4128 est
2786 4074 3157 4144 spectaculum
3191 4074 3471 4141 oblatum,
3506 4085 3560 4131 et
3593 4072 3717 4126 fides

2140 4163 2262 4220 viso
2292 4179 2390 4234 per
2424 4163 2751 4218 miraculum
2795 4164 2849 4218 in
2875 4173 3074 4235 epapta
3108 4166 3471 4223 manifestum
3519 4166 3715 4220 consti-

2141 4255 2207 4311 tit
2245 4273 2259 4311 :
2305 4256 2432 4326 quis
2483 4259 2632 4313 enim
2669 4267 2825 4311 muto
2862 4257 3109 4327 loquenti
3139 4260 3369 4315 credere
3404 4259 3551 4332 quod
3589 4257 3699 4310 aliir

2140 4347 2324 4403 mabat
2371 4346 2919 4415 cunctareturiiilic
2976 4348 3205 4417 igiture
3241 4349 3430 4405 vicino
3485 4358 3715 4403 attentus

2140 4454 2470 4510 permanens
2517 4440 2666 4495 clare
2712 4440 2858 4495 videt
2904 4455 3012 4494 non
3055 4441 3368 4512 lampadem
3411 4443 3712 4499 ardentem,

456 4531 605 4586 natis
640 4541 696 4586 et
722 4530 953 4599 locutis,
986 4534 1203 4591 videtur
1228 4535 1393 4598 Deus,
1423 4537 1515 4590 cui
1547 4540 1679 4591 sunt
1710 4533 1805 4590 uni
1834 4537 2038 4604 optime
2072 4533 2114 4590 D
2145 4534 2238 4591 sed
2289 4535 2469 4588 virum
2516 4532 2866 4602 imperatoris
2912 4542 3171 4589 ornatum
3222 4534 3539 4606 insignibus
3562 4571 3578 4597 ,
3630 4527 3716 4598 qui

458 4634 785 4685 cunctorum
816 4625 960 4681 bona
988 4627 1199 4698 pariter
1229 4635 1284 4682 et
1307 4643 1476 4697 prava
1517 4643 1688 4698 opera
1724 4638 2034 4699 perspecta,

456 4733 582 4772 eum
635 4715 808 4773 fuisse
856 4717 961 4773 sibi
1018 4717 1312 4787 probatum
1355 4717 1560 4773 illustri
1592 4717 1840 4776 voluisse
1885 4721 2039 4777 testi-

459 4809 643 4867 monio
703 4815 1037 4865 monstrare.
1098 4808 1221 4865 Jam
1280 4815 1443 4863 antea
1494 4809 1842 4865 narravimus
1901 4817 1958 4863 ut
2008 4825 2039 4866 e

456 4903 729 4974 Magnesia
749 4902 818 4958 ad
844 4899 1107 4965 Hermum
1134 4901 1243 4955 sita
1274 4900 1504 4956 Michael
1531 4901 2039 4971 imperatorjunior

457 4995 769 5051 recesserit.
813 4995 946 5049 Post
974 4994 1097 5064 ejus
1137 4994 1443 5051 discessum
1490 4995 1651 5052 istius
1684 4997 1910 5051 munitae
1948 4996 2028 5051 ci-

456 5088 646 5142 vitatis
677 5087 949 5141 cnstodiae
992 5085 1331 5157 pra-fuerunt
1358 5086 1473 5152 alii,
1502 5103 1643 5157 quos
1676 5088 1819 5142 inter
1852 5089 1958 5143 fuit
1984 5097 2037 5144 et

457 5194 661 5236 ruensae
703 5178 1031 5248 praepositus
1062 5179 1584 5249 Philanthropenus,
1610 5180 1692 5234 vir
1722 5181 2031 5246 nobilitate,

457 5279 763 5337 senectute,
792 5270 1089 5339 prudentia
1135 5281 1191 5325 et
1222 5270 1543 5331 bellicorum
1590 5282 1884 5327 eventuum
1936 5288 2038 5327 ex-

455 5365 777 5435 perimentis
801 5377 1017 5419 summe
1038 5362 1480 5427 commendatus.
1513 5364 1648 5425 Cum
1697 5363 1825 5418 huic
1870 5363 2037 5434 igitur

455 5455 678 5511 custodi
722 5468 788 5508 ac
840 5453 1195 5523 praesidiaria;
1250 5453 1374 5507 duci
1422 5454 1634 5513 militia:
1682 5454 1894 5508 credita
1945 5453 2035 5513 illa

456 5548 656 5606 civitas
682 5554 849 5613 esset,
876 5561 1051 5615 eaque
1079 5548 1171 5602 ille
1197 5562 1328 5603 cura
1356 5546 1679 5617 fungeretur
1704 5546 1870 5601 intem
1883 5557 2034 5616 pesta

459 5624 742 5698 cicnbans
780 5645 944 5691 nocte
974 5651 1036 5692 ac
1072 5636 1288 5709 vigilias
1332 5638 1568 5691 militum
1605 5636 1923 5705 explorans,
1958 5637 2036 5692 vi-

454 5731 548 5791 det
588 5744 716 5784 ecce
767 5729 892 5798 plus
949 5729 1069 5783 vice
1109 5729 1346 5799 simplici
1391 5722 1683 5785 accensam
1733 5729 2033 5798 lampadem

460 5806 897 5890 iircumcuntcm
935 5839 1121 5879 muros
1174 5824 1344 5879 urbis.
1397 5821 1475 5879 Bc
1505 5823 1674 5880 semel
1728 5826 2034 5893 iterumque

2145 4643 2258 4698 prae
2284 4642 2342 4682 se
2376 4625 2559 4680 ferens
2589 4624 2833 4681 difﬁdere
2856 4642 2913 4681 se
2937 4626 3232 4681 custodum
3266 4628 3435 4682 castri
3469 4621 3714 4681 excubiis

2146 4727 2207 4772 ut
2251 4714 2707 4777 insumcientibus
2741 4723 2796 4769 et
2828 4713 3088 4784 languide
3131 4713 3408 4777 remissis,
3442 4727 3565 4768 sese
3608 4708 3715 4759 aie-

2147 4810 2241 4863 bat
2288 4808 2470 4877 ipsum
2525 4806 2679 4861 urbis
2721 4807 2826 4861 sibi
2886 4805 3104 4861 tuendae
3155 4794 3348 4861 curam
3412 4813 3715 4858 assumere.

2147 4900 2280 4969 Quae
2312 4902 2545 4970 loquens
2573 4899 2903 4954 audiebatur
2938 4914 2968 4953 a
2997 4900 3151 4969 prius
3176 4898 3347 4954 surdo
3380 4917 3394 4963 ;
3434 4896 3717 4960 eidemque

2148 4996 2415 5048 hactenus
2460 4993 2621 5046 etiam
2658 5000 2807 5046 muto
2844 4992 3153 5061 imperabat
3201 5003 3260 5046 ut
3288 4992 3637 5060 loqueretur,
3665 4988 3716 5035 et

2144 5086 2365 5156 quidem
2398 5100 2530 5141 voce
2556 5094 2838 5150 contenta,
2864 5086 3172 5142 admonens
3208 5081 3579 5154 praesidiarios
3620 5091 3715 5129 ex-

2144 5177 2426 5233 cubitores
2477 5177 2643 5233 etiam
2685 5185 2851 5247 atque
2908 5177 3076 5232 etiam
3130 5175 3348 5246 vigilias
3395 5170 3711 5229 intendere.

2144 5271 2456 5342 acriterque
2485 5270 2807 5341 prospicere
2842 5269 3005 5327 saluti
3041 5266 3411 5339 periclitantis
3454 5258 3705 5319 civitatis-

2144 5366 2211 5419 Et
2238 5379 2365 5419 ecce
2409 5363 2732 5418 miraculum
2766 5362 3033 5416 miraculo
3086 5362 3334 5417 additum
3370 5377 3384 5414 :
3416 5358 3509 5427 qui
3562 5351 3701 5408 enim

2145 5455 2307 5510 modo
2359 5455 2595 5526 primum
2625 5454 2883 5509 audierat
2940 5453 3044 5509 sibi
3093 5454 3516 5525 praecipientem,
3569 5453 3705 5499 nunc

2143 5547 2330 5612 etiam,
2374 5548 2504 5602 dum
2547 5548 2720 5616 jussis
2769 5546 3153 5615 obtemperat,
3209 5558 3427 5613 semper
3483 5536 3707 5592 anlvltﬂc

2145 5647 2331 5696 mutus
2376 5640 2568 5710 incipit
2602 5640 2782 5711 loqui,
2824 5639 3084 5708 clareque
3127 5631 3479 5708 praesidiariis
3511 5642 3626 5684 cum
3674 5636 3702 5671 a

2144 5746 2204 5785 se
2244 5732 2361 5787 visa
2396 5743 2509 5785 tum
2567 5733 2707 5802 ipsis
2758 5729 3019 5786 mandata
3053 5729 3397 5800 pronuntiat,
3445 5719 3595 5777 [idem
3625 5714 3703 5813 fa:

2144 5825 2246 5879 cile
2301 5825 2532 5904 prodigii
2593 5826 2820 5893 pignore
2878 5824 3075 5880 idoneo
3126 5825 3445 5893 impetrans.
3502 5808 3699 5869 Nemini
