  <div class='ocr_page' id='page_1' title='image "/cluster/home/n/w/nwhite01/storage/ocr_20150623/144:no.2/coo.31924054870492/228.png"; bbox 0 0 4024 6398; ppageno 0'>
   <div class='ocr_carea' id='block_1_1' title="bbox 293 394 392 458">
    <p class='ocr_par' dir='ltr' id='par_1_1' title="bbox 293 394 392 458">
     <span class='ocr_line' id='line_1_1' title="bbox 293 394 392 458; baseline 0.02 -3"><span class='ocrx_word' id='word_1_1' title='bbox 293 394 392 458; x_wconf 71' lang='lat' dir='ltr'><strong>LM</strong></span> 
     </span>
    </p>
   </div>
   <div class='ocr_carea' id='block_1_2' title="bbox 1223 399 2598 466">
    <p class='ocr_par' dir='ltr' id='par_1_2' title="bbox 1223 399 2598 466">
     <span class='ocr_line' id='line_1_2' title="bbox 1223 399 2598 466; baseline 0.005 -8"><span class='ocrx_word' id='word_1_2' title='bbox 1223 399 1327 459; x_wconf 87' lang='lat' dir='ltr'><strong>DE</strong></span> <span class='ocrx_word' id='word_1_3' title='bbox 1365 399 1813 460; x_wconf 69' lang='lat' dir='ltr'><strong>ANDRONICO</strong></span> <span class='ocrx_word' id='word_1_4' title='bbox 1841 401 2306 466; x_wconf 62' lang='lat' dir='ltr'><strong>PALIEOLOGO</strong></span> <span class='ocrx_word' id='word_1_5' title='bbox 2347 406 2492 465; x_wconf 78' lang='lat' dir='ltr'><strong>LIB.</strong></span> <span class='ocrx_word' id='word_1_6' title='bbox 2533 405 2598 466; x_wconf 83' lang='lat' dir='ltr'><strong>V.</strong></span> 
     </span>
    </p>
   </div>
   <div class='ocr_carea' id='block_1_3' title="bbox 3437 401 3541 468">
    <p class='ocr_par' dir='ltr' id='par_1_3' title="bbox 3437 401 3541 468">
     <span class='ocr_line' id='line_1_3' title="bbox 3437 401 3541 468; baseline -0.048 -1"><span class='ocrx_word' id='word_1_7' title='bbox 3437 401 3541 468; x_wconf 69' lang='lat' dir='ltr'><strong>U2</strong></span> 
     </span>
    </p>
   </div>
   <div class='ocr_carea' id='block_1_4' title="bbox 288 505 3567 584">
    <p class='ocr_par' dir='ltr' id='par_1_4' title="bbox 288 505 3567 584">
     <span class='ocr_line' id='line_1_4' title="bbox 288 505 3567 584; baseline 0.002 -24"><span class='ocrx_word' id='word_1_8' title='bbox 288 510 420 560; x_wconf 84' lang='grc' dir='ltr'>τίκα</span> <span class='ocrx_word' id='word_1_9' title='bbox 470 505 836 574; x_wconf 67' lang='grc' dir='ltr'><strong>ἐπηκολούθει</strong></span> <span class='ocrx_word' id='word_1_10' title='bbox 876 505 946 576; x_wconf 81' lang='grc' dir='ltr'>τῷ</span> <span class='ocrx_word' id='word_1_11' title='bbox 989 505 1272 576; x_wconf 80' lang='grc' dir='ltr'><strong>θαύματι·</strong></span> <span class='ocrx_word' id='word_1_12' title='bbox 1318 510 1346 560; x_wconf 80' lang='grc' dir='ltr'>ὁ</span> <span class='ocrx_word' id='word_1_13' title='bbox 1393 511 1502 579; x_wconf 82' lang='grc' dir='ltr'>γὰρ</span> <span class='ocrx_word' id='word_1_14' title='bbox 1543 511 1760 562; x_wconf 84' lang='grc' dir='ltr'>ἁκούων</span> <span class='ocrx_word' id='word_1_15' title='bbox 1793 507 1878 576; x_wconf 73' lang='grc' dir='ltr'><strong>ἐφ’</strong></span> <span class='ocrx_word' id='word_1_16' title='bbox 1911 513 1952 566; x_wconf 83' lang='grc' dir='ltr'><strong>Α</strong></span> <span class='ocrx_word' id='word_1_17' title='bbox 1983 513 2190 584; x_wconf 79' lang='grc' dir='ltr'>χάρων,</span> <span class='ocrx_word' id='word_1_18' title='bbox 2257 513 2332 576; x_wconf 82' lang='grc' dir='ltr'><strong>ὡς</strong></span> <span class='ocrx_word' id='word_1_19' title='bbox 2387 513 2542 565; x_wconf 81' lang='grc' dir='ltr'>αὐτοὶ</span> <span class='ocrx_word' id='word_1_20' title='bbox 2579 514 2736 580; x_wconf 81' lang='grc' dir='ltr'>φαῖεν</span> <span class='ocrx_word' id='word_1_21' title='bbox 2784 510 2886 576; x_wconf 82' lang='grc' dir='ltr'><strong>ἂν,</strong></span> <span class='ocrx_word' id='word_1_22' title='bbox 2937 512 3126 578; x_wconf 78' lang='grc' dir='ltr'>Κάνιν,</span> <span class='ocrx_word' id='word_1_23' title='bbox 3187 513 3284 564; x_wconf 78' lang='grc' dir='ltr'>καὶ</span> <span class='ocrx_word' id='word_1_24' title='bbox 3319 517 3567 580; x_wconf 73' lang='grc' dir='ltr'>γαμικὰς</span> 
     </span>
    </p>
   </div>
   <div class='ocr_carea' id='block_1_5' title="bbox 291 598 1879 671">
    <p class='ocr_par' dir='ltr' id='par_1_5' title="bbox 291 598 1879 671">
     <span class='ocr_line' id='line_1_5' title="bbox 291 598 1879 671; baseline -0.001 -17"><span class='ocrx_word' id='word_1_25' title='bbox 291 603 321 654; x_wconf 86' lang='grc' dir='ltr'><strong>ὃ</strong></span> <span class='ocrx_word' id='word_1_26' title='bbox 363 617 423 652; x_wconf 81' lang='grc' dir='ltr'><strong>τι</strong></span> <span class='ocrx_word' id='word_1_27' title='bbox 463 598 660 667; x_wconf 81' lang='grc' dir='ltr'>πράξοι</span> <span class='ocrx_word' id='word_1_28' title='bbox 709 600 809 668; x_wconf 66' lang='grc' dir='ltr'><strong>ἢδη</strong></span> <span class='ocrx_word' id='word_1_29' title='bbox 861 599 957 652; x_wconf 78' lang='grc' dir='ltr'>καὶ</span> <span class='ocrx_word' id='word_1_30' title='bbox 1005 601 1198 668; x_wconf 76' lang='grc' dir='ltr'>φωνῶν</span> <span class='ocrx_word' id='word_1_31' title='bbox 1233 602 1488 671; x_wconf 75' lang='grc' dir='ltr'>ἠκούετο,</span> <span class='ocrx_word' id='word_1_32' title='bbox 1541 603 1633 655; x_wconf 71' lang='grc' dir='ltr'><strong>καὶ</strong></span> <span class='ocrx_word' id='word_1_33' title='bbox 1675 600 1879 666; x_wconf 78' lang='grc' dir='ltr'>ἔδειξεν</span> 
     </span>
    </p>
   </div>
   <div class='ocr_carea' id='block_1_6' title="bbox 294 691 1880 764">
    <p class='ocr_par' dir='ltr' id='par_1_6' title="bbox 294 691 1880 764">
     <span class='ocr_line' id='line_1_6' title="bbox 294 691 1880 764; baseline 0 -20"><span class='ocrx_word' id='word_1_34' title='bbox 294 693 510 756; x_wconf 69' lang='grc' dir='ltr'>ἐκεῖνος</span> <span class='ocrx_word' id='word_1_35' title='bbox 555 691 739 744; x_wconf 85' lang='grc' dir='ltr'>λαλῶν</span> <span class='ocrx_word' id='word_1_36' title='bbox 791 707 852 744; x_wconf 84' lang='grc' dir='ltr'><strong>τε</strong></span> <span class='ocrx_word' id='word_1_37' title='bbox 910 691 1106 759; x_wconf 81' lang='grc' dir='ltr'><strong>λόγους</strong></span> <span class='ocrx_word' id='word_1_38' title='bbox 1149 693 1400 756; x_wconf 83' lang='grc' dir='ltr'>πιστούς.</span> <span class='ocrx_word' id='word_1_39' title='bbox 1457 692 1763 764; x_wconf 83' lang='grc' dir='ltr'>Προσπαίει</span> <span class='ocrx_word' id='word_1_40' title='bbox 1823 691 1880 744; x_wconf 79' lang='grc' dir='ltr'>δὲ</span> 
     </span>
    </p>
   </div>
   <div class='ocr_carea' id='block_1_7' title="bbox 294 779 1880 855">
    <p class='ocr_par' dir='ltr' id='par_1_7' title="bbox 294 779 1880 855">
     <span class='ocr_line' id='line_1_7' title="bbox 294 779 1880 855; baseline -0.001 -19"><span class='ocrx_word' id='word_1_41' title='bbox 294 786 490 843; x_wconf 79' lang='grc' dir='ltr'>πᾶσιν.</span> <span class='ocrx_word' id='word_1_42' title='bbox 514 785 656 854; x_wconf 82' lang='grc' dir='ltr'>ὅπερ</span> <span class='ocrx_word' id='word_1_43' title='bbox 697 783 788 836; x_wconf 77' lang='grc' dir='ltr'><strong>καὶ</strong></span> <span class='ocrx_word' id='word_1_44' title='bbox 829 783 1028 852; x_wconf 79' lang='grc' dir='ltr'>ἀληθὲς</span> <span class='ocrx_word' id='word_1_45' title='bbox 1070 779 1160 855; x_wconf 84' lang='grc' dir='ltr'><strong>ἦν,</strong></span> <span class='ocrx_word' id='word_1_46' title='bbox 1181 787 1214 852; x_wconf 77' lang='grc' dir='ltr'>ἡ</span> <span class='ocrx_word' id='word_1_47' title='bbox 1245 784 1338 838; x_wconf 83' lang='grc' dir='ltr'>τοῦ</span> <span class='ocrx_word' id='word_1_48' title='bbox 1363 784 1630 855; x_wconf 83' lang='grc' dir='ltr'>βασιλέως</span> <span class='ocrx_word' id='word_1_49' title='bbox 1668 783 1880 838; x_wconf 79' lang='grc' dir='ltr'>ἐκείνου</span> 
     </span>
    </p>
   </div>
   <div class='ocr_carea' id='block_1_8' title="bbox 292 861 1879 946">
    <p class='ocr_par' dir='ltr' id='par_1_8' title="bbox 292 861 1879 946">
     <span class='ocr_line' id='line_1_8' title="bbox 292 861 1879 946; baseline -0.001 -16"><span class='ocrx_word' id='word_1_50' title='bbox 292 861 391 930; x_wconf 76' lang='grc' dir='ltr'>τοῦ</span> <span class='ocrx_word' id='word_1_51' title='bbox 427 876 728 946; x_wconf 79' lang='grc' dir='ltr'>ὲλεήμονος</span> <span class='ocrx_word' id='word_1_52' title='bbox 776 877 1049 940; x_wconf 81' lang='grc' dir='ltr'>Ἰωάννου,</span> <span class='ocrx_word' id='word_1_53' title='bbox 1090 876 1274 940; x_wconf 86' lang='grc' dir='ltr'>καθὼς</span> <span class='ocrx_word' id='word_1_54' title='bbox 1306 877 1373 930; x_wconf 86' lang='grc' dir='ltr'>ἂν</span> <span class='ocrx_word' id='word_1_55' title='bbox 1421 876 1450 927; x_wconf 81' lang='grc' dir='ltr'><strong>ό</strong></span> <span class='ocrx_word' id='word_1_56' title='bbox 1504 877 1676 939; x_wconf 81' lang='grc' dir='ltr'>Λυδὸς</span> <span class='ocrx_word' id='word_1_57' title='bbox 1713 876 1879 940; x_wconf 78' lang='grc' dir='ltr'>εἴποι,</span> 
     </span>
    </p>
   </div>
   <div class='ocr_carea' id='block_1_9' title="bbox 292 960 1878 1039">
    <p class='ocr_par' dir='ltr' id='par_1_9' title="bbox 292 960 1878 1039">
     <span class='ocr_line' id='line_1_9' title="bbox 292 960 1878 1039; baseline -0.001 -16"><span class='ocrx_word' id='word_1_58' title='bbox 292 969 618 1028; x_wconf 70' lang='grc' dir='ltr'>ἑπιστασία,</span> <span class='ocrx_word' id='word_1_59' title='bbox 645 968 704 1019; x_wconf 85' lang='grc' dir='ltr'><strong>ὲν</strong></span> <span class='ocrx_word' id='word_1_60' title='bbox 779 966 931 1036; x_wconf 73' lang='grc' dir='ltr'>παρὰ.</span> <span class='ocrx_word' id='word_1_61' title='bbox 949 967 1083 1020; x_wconf 78' lang='grc' dir='ltr'>Θεοῦ</span> <span class='ocrx_word' id='word_1_62' title='bbox 1105 960 1476 1036; x_wconf 81' lang='grc' dir='ltr'>φυλάττεσθαι</span> <span class='ocrx_word' id='word_1_63' title='bbox 1507 966 1878 1022; x_wconf 79' lang='grc' dir='ltr'>ἐπιστεύοντο.</span> 
     </span>
    </p>
   </div>
   <div class='ocr_carea' id='block_1_10' title="bbox 296 1059 1884 1129">
    <p class='ocr_par' dir='ltr' id='par_1_10' title="bbox 296 1059 1884 1129">
     <span class='ocr_line' id='line_1_10' title="bbox 296 1059 1884 1129; baseline -0.001 -15"><span class='ocrx_word' id='word_1_64' title='bbox 296 1069 395 1126; x_wconf 73' lang='grc' dir='ltr'>ις’.</span> <span class='ocrx_word' id='word_1_65' title='bbox 433 1063 574 1128; x_wconf 79' lang='grc' dir='ltr'>Περὶ</span> <span class='ocrx_word' id='word_1_66' title='bbox 611 1059 719 1115; x_wconf 86' lang='grc' dir='ltr'>τοῦ</span> <span class='ocrx_word' id='word_1_67' title='bbox 751 1061 900 1114; x_wconf 78' lang='grc' dir='ltr'>κατὰ</span> <span class='ocrx_word' id='word_1_68' title='bbox 927 1062 1032 1126; x_wconf 83' lang='grc' dir='ltr'>τὰς</span> <span class='ocrx_word' id='word_1_69' title='bbox 1064 1061 1327 1127; x_wconf 71' lang='grc' dir='ltr'>Σάρδεις.</span> <span class='ocrx_word' id='word_1_70' title='bbox 1342 1059 1462 1113; x_wconf 80' lang='grc' dir='ltr'><strong>τῶν</strong></span> <span class='ocrx_word' id='word_1_71' title='bbox 1488 1059 1788 1129; x_wconf 74' lang='grc' dir='ltr'>ἡμετέρων</span> <span class='ocrx_word' id='word_1_72' title='bbox 1811 1059 1884 1113; x_wconf 78' lang='grc' dir='ltr'>ἐκ</span> 
     </span>
    </p>
   </div>
   <div class='ocr_carea' id='block_1_11' title="bbox 654 1131 1543 1200">
    <p class='ocr_par' dir='ltr' id='par_1_11' title="bbox 654 1131 1543 1200">
     <span class='ocr_line' id='line_1_11' title="bbox 654 1131 1543 1200; baseline 0.002 -18"><span class='ocrx_word' id='word_1_73' title='bbox 654 1131 962 1196; x_wconf 67' lang='grc' dir='ltr'>περινοίας</span> <span class='ocrx_word' id='word_1_74' title='bbox 989 1131 1543 1200; x_wconf 65' lang='grc' dir='ltr'>ἁνδραγαθήματος.</span> 
     </span>
    </p>
   </div>
   <div class='ocr_carea' id='block_1_12' title="bbox 367 1235 1884 1310">
    <p class='ocr_par' dir='ltr' id='par_1_12' title="bbox 367 1235 1884 1310">
     <span class='ocr_line' id='line_1_12' title="bbox 367 1235 1884 1310; baseline 0 -19"><span class='ocrx_word' id='word_1_75' title='bbox 367 1235 482 1293; x_wconf 87' lang='grc' dir='ltr'>Ἦν</span> <span class='ocrx_word' id='word_1_76' title='bbox 516 1241 616 1310; x_wconf 83' lang='grc' dir='ltr'><strong>μὲν</strong></span> <span class='ocrx_word' id='word_1_77' title='bbox 644 1239 736 1292; x_wconf 78' lang='grc' dir='ltr'>οὖν</span> <span class='ocrx_word' id='word_1_78' title='bbox 766 1240 836 1293; x_wconf 83' lang='grc' dir='ltr'>τὰ</span> <span class='ocrx_word' id='word_1_79' title='bbox 864 1239 991 1294; x_wconf 86' lang='grc' dir='ltr'>καθ’</span> <span class='ocrx_word' id='word_1_80' title='bbox 1009 1243 1152 1310; x_wconf 77' lang='grc' dir='ltr'>ἡμᾶς</span> <span class='ocrx_word' id='word_1_81' title='bbox 1178 1241 1273 1296; x_wconf 82' lang='grc' dir='ltr'>καὶ</span> <span class='ocrx_word' id='word_1_82' title='bbox 1301 1241 1419 1294; x_wconf 86' lang='grc' dir='ltr'>λίαν</span> <span class='ocrx_word' id='word_1_83' title='bbox 1448 1241 1620 1306; x_wconf 75' lang='grc' dir='ltr'>δεινὰ,</span> <span class='ocrx_word' id='word_1_84' title='bbox 1647 1239 1757 1293; x_wconf 83' lang='grc' dir='ltr'><strong>τῶν</strong></span> <span class='ocrx_word' id='word_1_85' title='bbox 1781 1239 1884 1308; x_wconf 79' lang='grc' dir='ltr'><strong>μὲν</strong></span> 
     </span>
    </p>
   </div>
   <div class='ocr_carea' id='block_1_13' title="bbox 294 1332 1885 1400">
    <p class='ocr_par' dir='ltr' id='par_1_13' title="bbox 294 1332 1885 1400">
     <span class='ocr_line' id='line_1_13' title="bbox 294 1332 1885 1400; baseline 0.001 -18"><span class='ocrx_word' id='word_1_86' title='bbox 294 1333 455 1396; x_wconf 72' lang='grc' dir='ltr'>ἐκτὸς</span> <span class='ocrx_word' id='word_1_87' title='bbox 502 1333 712 1394; x_wconf 79' lang='grc' dir='ltr'>πόλεως</span> <span class='ocrx_word' id='word_1_88' title='bbox 749 1332 925 1387; x_wconf 77' lang='grc' dir='ltr'>οὐδὲν.</span> <span class='ocrx_word' id='word_1_89' title='bbox 951 1333 1304 1388; x_wconf 80' lang='grc' dir='ltr'><strong>ὑποστάντων</strong></span> <span class='ocrx_word' id='word_1_90' title='bbox 1356 1341 1455 1400; x_wconf 84' lang='grc' dir='ltr'>τὴν</span> <span class='ocrx_word' id='word_1_91' title='bbox 1496 1333 1606 1386; x_wconf 81' lang='grc' dir='ltr'><strong>τῶν</strong></span> <span class='ocrx_word' id='word_1_92' title='bbox 1655 1333 1885 1400; x_wconf 79' lang='grc' dir='ltr'>Περσῶν</span> 
     </span>
    </p>
   </div>
   <div class='ocr_carea' id='block_1_14' title="bbox 295 1424 1884 1496">
    <p class='ocr_par' dir='ltr' id='par_1_14' title="bbox 295 1424 1884 1496">
     <span class='ocr_line' id='line_1_14' title="bbox 295 1424 1884 1496; baseline -0.001 -18"><span class='ocrx_word' id='word_1_93' title='bbox 295 1425 675 1496; x_wconf 77' lang='grc' dir='ltr'>ἀνυπόστατον</span> <span class='ocrx_word' id='word_1_94' title='bbox 712 1424 914 1495; x_wconf 71' lang='grc' dir='ltr'>ῥύμην,</span> <span class='ocrx_word' id='word_1_95' title='bbox 952 1426 1047 1478; x_wconf 73' lang='grc' dir='ltr'><strong>καὶ</strong></span> <span class='ocrx_word' id='word_1_96' title='bbox 1079 1425 1171 1478; x_wconf 78' lang='grc' dir='ltr'><strong>διὰ</strong></span> <span class='ocrx_word' id='word_1_97' title='bbox 1201 1425 1362 1478; x_wconf 80' lang='grc' dir='ltr'>τοῦτο</span> <span class='ocrx_word' id='word_1_98' title='bbox 1387 1427 1495 1478; x_wconf 82' lang='grc' dir='ltr'>τῶν</span> <span class='ocrx_word' id='word_1_99' title='bbox 1527 1426 1626 1494; x_wconf 76' lang='grc' dir='ltr'>μὲν</span> <span class='ocrx_word' id='word_1_100' title='bbox 1657 1442 1884 1493; x_wconf 81' lang='grc' dir='ltr'>φονευοο</span> 
     </span>
    </p>
   </div>
   <div class='ocr_carea' id='block_1_15' title="bbox 299 1515 1887 1588">
    <p class='ocr_par' dir='ltr' id='par_1_15' title="bbox 299 1515 1887 1588">
     <span class='ocr_line' id='line_1_15' title="bbox 299 1515 1887 1588; baseline 0.002 -21"><span class='ocrx_word' id='word_1_101' title='bbox 299 1515 504 1584; x_wconf 86' lang='grc' dir='ltr'>μένων,</span> <span class='ocrx_word' id='word_1_102' title='bbox 532 1516 644 1569; x_wconf 85' lang='grc' dir='ltr'><strong>τῶν</strong></span> <span class='ocrx_word' id='word_1_103' title='bbox 673 1516 718 1568; x_wconf 90' lang='grc' dir='ltr'>δ’</span> <span class='ocrx_word' id='word_1_104' title='bbox 759 1517 1245 1586; x_wconf 75' lang='grc' dir='ltr'>ἀπανισταμένων,</span> <span class='ocrx_word' id='word_1_105' title='bbox 1285 1519 1397 1571; x_wconf 80' lang='grc' dir='ltr'>τῶν</span> <span class='ocrx_word' id='word_1_106' title='bbox 1445 1519 1543 1588; x_wconf 85' lang='grc' dir='ltr'>μὲν</span> <span class='ocrx_word' id='word_1_107' title='bbox 1591 1519 1670 1580; x_wconf 85' lang='grc' dir='ltr'><strong>είς</strong></span> <span class='ocrx_word' id='word_1_108' title='bbox 1705 1519 1887 1580; x_wconf 80' lang='grc' dir='ltr'>πόλεις</span> 
     </span>
    </p>
   </div>
   <div class='ocr_carea' id='block_1_16' title="bbox 298 1610 1884 1681">
    <p class='ocr_par' dir='ltr' id='par_1_16' title="bbox 298 1610 1884 1681">
     <span class='ocr_line' id='line_1_16' title="bbox 298 1610 1884 1681; baseline 0.001 -21"><span class='ocrx_word' id='word_1_109' title='bbox 298 1610 396 1660; x_wconf 76' lang='grc' dir='ltr'><strong>καὶ</strong></span> <span class='ocrx_word' id='word_1_110' title='bbox 429 1611 691 1680; x_wconf 77' lang='grc' dir='ltr'>φρούρια,</span> <span class='ocrx_word' id='word_1_111' title='bbox 723 1611 832 1664; x_wconf 70' lang='grc' dir='ltr'>τῶν</span> <span class='ocrx_word' id='word_1_112' title='bbox 862 1611 911 1665; x_wconf 85' lang='grc' dir='ltr'>δ’</span> <span class='ocrx_word' id='word_1_113' title='bbox 943 1615 1023 1674; x_wconf 83' lang='grc' dir='ltr'><strong>είς</strong></span> <span class='ocrx_word' id='word_1_114' title='bbox 1051 1612 1272 1681; x_wconf 75' lang='grc' dir='ltr'>νήσους,</span> <span class='ocrx_word' id='word_1_115' title='bbox 1299 1611 1476 1665; x_wconf 82' lang='grc' dir='ltr'>ἄλλων</span> <span class='ocrx_word' id='word_1_116' title='bbox 1499 1612 1554 1664; x_wconf 80' lang='grc' dir='ltr'>δὲ</span> <span class='ocrx_word' id='word_1_117' title='bbox 1591 1611 1683 1664; x_wconf 79' lang='grc' dir='ltr'>καὶ</span> <span class='ocrx_word' id='word_1_118' title='bbox 1708 1611 1786 1672; x_wconf 89' lang='grc' dir='ltr'><strong>είς</strong></span> <span class='ocrx_word' id='word_1_119' title='bbox 1818 1611 1884 1662; x_wconf 70' lang='grc' dir='ltr'>τὰ</span> 
     </span>
    </p>
   </div>
   <div class='ocr_carea' id='block_1_17' title="bbox 297 1701 1885 1774">
    <p class='ocr_par' dir='ltr' id='par_1_17' title="bbox 297 1701 1885 1774">
     <span class='ocr_line' id='line_1_17' title="bbox 297 1701 1885 1774; baseline -0.001 -20"><span class='ocrx_word' id='word_1_120' title='bbox 297 1701 423 1754; x_wconf 79' lang='grc' dir='ltr'>κατ’</span> <span class='ocrx_word' id='word_1_121' title='bbox 473 1703 843 1774; x_wconf 77' lang='grc' dir='ltr'>ἀντι-περαίαν</span> <span class='ocrx_word' id='word_1_122' title='bbox 896 1705 1134 1774; x_wconf 83' lang='grc' dir='ltr'>ἀσφαλῆ,</span> <span class='ocrx_word' id='word_1_123' title='bbox 1192 1705 1325 1758; x_wconf 73' lang='grc' dir='ltr'>ὅπου</span> <span class='ocrx_word' id='word_1_124' title='bbox 1359 1703 1426 1758; x_wconf 83' lang='grc' dir='ltr'>ἂν</span> <span class='ocrx_word' id='word_1_125' title='bbox 1481 1705 1576 1758; x_wconf 73' lang='grc' dir='ltr'><strong>καὶ</strong></span> <span class='ocrx_word' id='word_1_126' title='bbox 1633 1703 1885 1766; x_wconf 81' lang='grc' dir='ltr'>σωθεῖεν,</span> 
     </span>
    </p>
   </div>
   <div class='ocr_carea' id='block_1_18' title="bbox 1986 603 3568 674">
    <p class='ocr_par' dir='ltr' id='par_1_18' title="bbox 1986 603 3568 674">
     <span class='ocr_line' id='line_1_18' title="bbox 1986 603 3568 674; baseline 0.001 -20"><span class='ocrx_word' id='word_1_127' title='bbox 1986 603 2272 674; x_wconf 71' lang='grc' dir='ltr'><strong>ἐπιμιξίας</strong></span> <span class='ocrx_word' id='word_1_128' title='bbox 2311 603 2746 674; x_wconf 75' lang='grc' dir='ltr'>προτείνει.,καὶ</span> <span class='ocrx_word' id='word_1_129' title='bbox 2783 603 3088 672; x_wconf 81' lang='grc' dir='ltr'>ἐπαμύνειν</span> <span class='ocrx_word' id='word_1_130' title='bbox 3121 604 3410 672; x_wconf 77' lang='grc' dir='ltr'>προσαξιοῖ</span> <span class='ocrx_word' id='word_1_131' title='bbox 3454 608 3568 668; x_wconf 81' lang='grc' dir='ltr'>τοῖς</span> 
     </span>
    </p>
   </div>
   <div class='ocr_carea' id='block_1_19' title="bbox 1984 693 3568 767">
    <p class='ocr_par' dir='ltr' id='par_1_19' title="bbox 1984 693 3568 767">
     <span class='ocr_line' id='line_1_19' title="bbox 1984 693 3568 767; baseline 0.003 -21"><span class='ocrx_word' id='word_1_132' title='bbox 1984 694 2094 746; x_wconf 85' lang='grc' dir='ltr'>τῶν</span> <span class='ocrx_word' id='word_1_133' title='bbox 2141 694 2424 761; x_wconf 85' lang='grc' dir='ltr'>Ῥωμαίων</span> <span class='ocrx_word' id='word_1_134' title='bbox 2461 693 2524 767; x_wconf 85' lang='grc' dir='ltr'><strong>[Ρ</strong></span> <span class='ocrx_word' id='word_1_135' title='bbox 2559 695 2684 767; x_wconf 74' lang='lat'><strong>9.80]</strong></span> <span class='ocrx_word' id='word_1_136' title='bbox 2709 696 2958 764; x_wconf 78' lang='grc' dir='ltr'>ἐσχάτως</span> <span class='ocrx_word' id='word_1_137' title='bbox 2993 695 3178 765; x_wconf 76' lang='grc' dir='ltr'>ἔχουσι</span> <span class='ocrx_word' id='word_1_138' title='bbox 3214 697 3568 766; x_wconf 81' lang='grc' dir='ltr'>πράγμασιν.</span> 
     </span>
    </p>
   </div>
   <div class='ocr_carea' id='block_1_20' title="bbox 1996 786 3570 857">
    <p class='ocr_par' dir='ltr' id='par_1_20' title="bbox 1996 786 3570 857">
     <span class='ocr_line' id='line_1_20' title="bbox 1996 786 3570 857; baseline 0.001 -19"><span class='ocrx_word' id='word_1_139' title='bbox 1996 787 2054 838; x_wconf 84' lang='grc' dir='ltr'><strong>Ὀ</strong></span> <span class='ocrx_word' id='word_1_140' title='bbox 2097 787 2152 839; x_wconf 82' lang='grc' dir='ltr'>δὲ</span> <span class='ocrx_word' id='word_1_141' title='bbox 2202 787 2299 840; x_wconf 61' lang='grc' dir='ltr'><strong>καὶ</strong></span> <span class='ocrx_word' id='word_1_142' title='bbox 2338 787 2437 857; x_wconf 77' lang='grc' dir='ltr'>τὴν</span> <span class='ocrx_word' id='word_1_143' title='bbox 2490 787 2715 854; x_wconf 82' lang='grc' dir='ltr'>ἀξίωσιν</span> <span class='ocrx_word' id='word_1_144' title='bbox 2761 787 3000 857; x_wconf 86' lang='grc' dir='ltr'>δέχεται,</span> <span class='ocrx_word' id='word_1_145' title='bbox 3037 788 3132 840; x_wconf 76' lang='grc' dir='ltr'>καὶ</span> <span class='ocrx_word' id='word_1_146' title='bbox 3163 786 3222 839; x_wconf 82' lang='grc' dir='ltr'>τὸ</span> <span class='ocrx_word' id='word_1_147' title='bbox 3255 788 3413 854; x_wconf 69' lang='grc' dir='ltr'>κῆδος</span> <span class='ocrx_word' id='word_1_148' title='bbox 3453 789 3570 854; x_wconf 71' lang='grc' dir='ltr'>(ἐπὶ</span> 
     </span>
    </p>
   </div>
   <div class='ocr_carea' id='block_1_21' title="bbox 1985 877 3571 952">
    <p class='ocr_par' dir='ltr' id='par_1_21' title="bbox 1985 877 3571 952">
     <span class='ocr_line' id='line_1_21' title="bbox 1985 877 3571 952; baseline 0 -21"><span class='ocrx_word' id='word_1_149' title='bbox 1985 881 2095 949; x_wconf 72' lang='grc' dir='ltr'><strong>γὰρ</strong></span> <span class='ocrx_word' id='word_1_150' title='bbox 2123 883 2328 950; x_wconf 79' lang='grc' dir='ltr'>φυσικῇ</span> <span class='ocrx_word' id='word_1_151' title='bbox 2365 880 2619 949; x_wconf 71' lang='grc' dir='ltr'>θυγατρὶ,</span> <span class='ocrx_word' id='word_1_152' title='bbox 2655 877 2724 952; x_wconf 76' lang='grc' dir='ltr'>ἧς</span> <span class='ocrx_word' id='word_1_153' title='bbox 2758 881 2922 942; x_wconf 69' lang='grc' dir='ltr'>αὐτὸς</span> <span class='ocrx_word' id='word_1_154' title='bbox 2954 879 3210 948; x_wconf 81' lang='grc' dir='ltr'>βασιλεὺς</span> <span class='ocrx_word' id='word_1_155' title='bbox 3243 879 3423 946; x_wconf 78' lang='grc' dir='ltr'>πατὴρ</span> <span class='ocrx_word' id='word_1_156' title='bbox 3455 881 3571 931; x_wconf 82' lang='grc' dir='ltr'>ἐνο-</span> 
     </span>
    </p>
   </div>
   <div class='ocr_carea' id='block_1_22' title="bbox 1991 974 3566 1048">
    <p class='ocr_par' dir='ltr' id='par_1_22' title="bbox 1991 974 3566 1048">
     <span class='ocr_line' id='line_1_22' title="bbox 1991 974 3566 1048; baseline -0.001 -20"><span class='ocrx_word' id='word_1_157' title='bbox 1991 974 2199 1045; x_wconf 74' lang='grc' dir='ltr'>μίζετο,</span> <span class='ocrx_word' id='word_1_158' title='bbox 2235 975 2558 1048; x_wconf 78' lang='grc' dir='ltr'>συνεφώνει)</span> <span class='ocrx_word' id='word_1_159' title='bbox 2597 977 3056 1046; x_wconf 81' lang='grc' dir='ltr'>προσαπεδὲχετο,</span> <span class='ocrx_word' id='word_1_160' title='bbox 3101 975 3198 1029; x_wconf 73' lang='grc' dir='ltr'>καὶ</span> <span class='ocrx_word' id='word_1_161' title='bbox 3243 975 3566 1045; x_wconf 76' lang='grc' dir='ltr'>ὑποσχέσεις</span> 
     </span>
    </p>
   </div>
   <div class='ocr_carea' id='block_1_23' title="bbox 1987 1066 3568 1138">
    <p class='ocr_par' dir='ltr' id='par_1_23' title="bbox 1987 1066 3568 1138">
     <span class='ocr_line' id='line_1_23' title="bbox 1987 1066 3568 1138; baseline -0.001 -19"><span class='ocrx_word' id='word_1_162' title='bbox 1987 1066 2248 1134; x_wconf 82' lang='grc' dir='ltr'>ἀσφαλῶς</span> <span class='ocrx_word' id='word_1_163' title='bbox 2308 1067 2482 1120; x_wconf 77' lang='grc' dir='ltr'>ἐδίδου</span> <span class='ocrx_word' id='word_1_164' title='bbox 2563 1068 2986 1138; x_wconf 75' lang='grc' dir='ltr'>μετελεύσεσθαι</span> <span class='ocrx_word' id='word_1_165' title='bbox 3043 1070 3169 1130; x_wconf 76' lang='grc' dir='ltr'>τοὺς</span> <span class='ocrx_word' id='word_1_166' title='bbox 3235 1069 3568 1136; x_wconf 74' lang='grc' dir='ltr'>ἀλάστορας.</span> 
     </span>
    </p>
   </div>
   <div class='ocr_carea' id='block_1_24' title="bbox 1988 1159 3571 1231">
    <p class='ocr_par' dir='ltr' id='par_1_24' title="bbox 1988 1159 3571 1231">
     <span class='ocr_line' id='line_1_24' title="bbox 1988 1159 3571 1231; baseline -0.002 -17"><span class='ocrx_word' id='word_1_167' title='bbox 1988 1161 2163 1214; x_wconf 81' lang='grc' dir='ltr'>Τοῦτο</span> <span class='ocrx_word' id='word_1_168' title='bbox 2197 1159 2494 1230; x_wconf 80' lang='grc' dir='ltr'>φημισθὲν,</span> <span class='ocrx_word' id='word_1_169' title='bbox 2545 1162 2622 1224; x_wconf 83' lang='grc' dir='ltr'>ὡς</span> <span class='ocrx_word' id='word_1_170' title='bbox 2657 1162 2823 1226; x_wconf 81' lang='grc' dir='ltr'>εἰκὸς,</span> <span class='ocrx_word' id='word_1_171' title='bbox 2864 1164 2980 1226; x_wconf 84' lang='grc' dir='ltr'>τοῖς</span> <span class='ocrx_word' id='word_1_172' title='bbox 3019 1162 3118 1231; x_wconf 79' lang='grc' dir='ltr'>μὲν</span> <span class='ocrx_word' id='word_1_173' title='bbox 3158 1161 3368 1224; x_wconf 82' lang='grc' dir='ltr'>λοιποῖς</span> <span class='ocrx_word' id='word_1_174' title='bbox 3393 1160 3571 1220; x_wconf 82' lang='grc' dir='ltr'>ἄλλως</span> 
     </span>
    </p>
   </div>
   <div class='ocr_carea' id='block_1_25' title="bbox 1987 1253 3571 1325">
    <p class='ocr_par' dir='ltr' id='par_1_25' title="bbox 1987 1253 3571 1325">
     <span class='ocr_line' id='line_1_25' title="bbox 1987 1253 3571 1325; baseline -0.001 -20"><span class='ocrx_word' id='word_1_175' title='bbox 1987 1253 2320 1322; x_wconf 82' lang='grc' dir='ltr'>ᾠκονομεῖτο</span> <span class='ocrx_word' id='word_1_176' title='bbox 2348 1255 2379 1322; x_wconf 87' lang='grc' dir='ltr'><strong>ἡ</strong></span> <span class='ocrx_word' id='word_1_177' title='bbox 2407 1254 2536 1325; x_wconf 76' lang='grc' dir='ltr'>περὶ</span> <span class='ocrx_word' id='word_1_178' title='bbox 2560 1255 2662 1315; x_wconf 83' lang='grc' dir='ltr'>τὰς</span> <span class='ocrx_word' id='word_1_179' title='bbox 2691 1255 2958 1317; x_wconf 85' lang='grc' dir='ltr'>συστολὰς</span> <span class='ocrx_word' id='word_1_180' title='bbox 2985 1253 3210 1324; x_wconf 83' lang='grc' dir='ltr'>σπουδὴ,</span> <span class='ocrx_word' id='word_1_181' title='bbox 3233 1253 3336 1307; x_wconf 72' lang='grc' dir='ltr'>κᾶν</span> <span class='ocrx_word' id='word_1_182' title='bbox 3367 1255 3571 1322; x_wconf 76' lang='grc' dir='ltr'>ὴφρον-</span> 
     </span>
    </p>
   </div>
   <div class='ocr_carea' id='block_1_26' title="bbox 1985 1343 3573 1418">
    <p class='ocr_par' dir='ltr' id='par_1_26' title="bbox 1985 1343 3573 1418">
     <span class='ocr_line' id='line_1_26' title="bbox 1985 1343 3573 1418; baseline -0.002 -20"><span class='ocrx_word' id='word_1_183' title='bbox 1985 1347 2204 1399; x_wconf 80' lang='grc' dir='ltr'>τίστουν</span> <span class='ocrx_word' id='word_1_184' title='bbox 2237 1347 2300 1400; x_wconf 84' lang='grc' dir='ltr'><strong>τὸ</strong></span> <span class='ocrx_word' id='word_1_185' title='bbox 2330 1347 2468 1410; x_wconf 87' lang='grc' dir='ltr'>τέως</span> <span class='ocrx_word' id='word_1_186' title='bbox 2491 1365 2505 1380; x_wconf 89' lang='grc'><strong>·</strong></span> <span class='ocrx_word' id='word_1_187' title='bbox 2548 1347 2628 1400; x_wconf 72' lang='grc' dir='ltr'><strong>ἑνὶ</strong></span> <span class='ocrx_word' id='word_1_188' title='bbox 2656 1348 2712 1400; x_wconf 83' lang='grc' dir='ltr'><strong>δὲ</strong></span> <span class='ocrx_word' id='word_1_189' title='bbox 2737 1346 2943 1400; x_wconf 86' lang='grc' dir='ltr'>τούτων</span> <span class='ocrx_word' id='word_1_190' title='bbox 2975 1349 3052 1418; x_wconf 82' lang='grc' dir='ltr'>τῷ</span> <span class='ocrx_word' id='word_1_191' title='bbox 3101 1347 3302 1400; x_wconf 78' lang='grc' dir='ltr'>Ἀλάῖδι</span> <span class='ocrx_word' id='word_1_192' title='bbox 3333 1348 3400 1397; x_wconf 79' lang='grc' dir='ltr'>τὰ</span> <span class='ocrx_word' id='word_1_193' title='bbox 3428 1343 3573 1397; x_wconf 75' lang='grc' dir='ltr'>κατὰ</span> 
     </span>
    </p>
   </div>
   <div class='ocr_carea' id='block_1_27' title="bbox 1987 1437 3571 1510">
    <p class='ocr_par' dir='ltr' id='par_1_27' title="bbox 1987 1437 3571 1510">
     <span class='ocr_line' id='line_1_27' title="bbox 1987 1437 3571 1510; baseline -0.004 -16"><span class='ocrx_word' id='word_1_194' title='bbox 1987 1437 2084 1508; x_wconf 82' lang='grc' dir='ltr'><strong>τὴν</strong></span> <span class='ocrx_word' id='word_1_195' title='bbox 2113 1439 2314 1492; x_wconf 78' lang='grc' dir='ltr'>Λυδίαν</span> <span class='ocrx_word' id='word_1_196' title='bbox 2349 1440 2776 1510; x_wconf 80' lang='grc' dir='ltr'>καταδραμόντι,</span> <span class='ocrx_word' id='word_1_197' title='bbox 2816 1441 2956 1494; x_wconf 78' lang='grc' dir='ltr'>ὥστε</span> <span class='ocrx_word' id='word_1_198' title='bbox 3010 1441 3103 1494; x_wconf 75' lang='grc' dir='ltr'>καὶ</span> <span class='ocrx_word' id='word_1_199' title='bbox 3157 1441 3306 1492; x_wconf 87' lang='grc' dir='ltr'>λείαν</span> <span class='ocrx_word' id='word_1_200' title='bbox 3345 1437 3571 1502; x_wconf 82' lang='grc' dir='ltr'>Μυσῶν,</span> 
     </span>
    </p>
   </div>
   <div class='ocr_carea' id='block_1_28' title="bbox 1989 1530 3574 1602">
    <p class='ocr_par' dir='ltr' id='par_1_28' title="bbox 1989 1530 3574 1602">
     <span class='ocr_line' id='line_1_28' title="bbox 1989 1530 3574 1602; baseline 0.001 -20"><span class='ocrx_word' id='word_1_201' title='bbox 1989 1530 2048 1582; x_wconf 81' lang='grc' dir='ltr'><strong>οὐ</strong></span> <span class='ocrx_word' id='word_1_202' title='bbox 2093 1530 2282 1584; x_wconf 83' lang='grc' dir='ltr'>Λυδῶν</span> <span class='ocrx_word' id='word_1_203' title='bbox 2341 1533 2581 1601; x_wconf 77' lang='grc' dir='ltr'>φανῆναι</span> <span class='ocrx_word' id='word_1_204' title='bbox 2611 1535 2788 1598; x_wconf 79' lang='grc' dir='ltr'>τάκεῖ,</span> <span class='ocrx_word' id='word_1_205' title='bbox 2843 1533 3256 1586; x_wconf 85' lang='grc' dir='ltr'>κατασεισθέντι</span> <span class='ocrx_word' id='word_1_206' title='bbox 3309 1533 3374 1601; x_wconf 81' lang='grc' dir='ltr'>τῇ</span> <span class='ocrx_word' id='word_1_207' title='bbox 3415 1532 3574 1602; x_wconf 82' lang='grc' dir='ltr'>φήμῃ</span> 
     </span>
    </p>
   </div>
   <div class='ocr_carea' id='block_1_29' title="bbox 1989 1619 3575 1692">
    <p class='ocr_par' dir='ltr' id='par_1_29' title="bbox 1989 1619 3575 1692">
     <span class='ocr_line' id='line_1_29' title="bbox 1989 1619 3575 1692; baseline -0.001 -20"><span class='ocrx_word' id='word_1_208' title='bbox 1989 1621 2116 1681; x_wconf 82' lang='grc' dir='ltr'>τοὺς</span> <span class='ocrx_word' id='word_1_209' title='bbox 2167 1621 2464 1690; x_wconf 77' lang='grc' dir='ltr'>λογισμοὺς</span> <span class='ocrx_word' id='word_1_210' title='bbox 2512 1619 2657 1686; x_wconf 80' lang='grc' dir='ltr'>ἔδοξε</span> <span class='ocrx_word' id='word_1_211' title='bbox 2713 1625 2967 1692; x_wconf 82' lang='grc' dir='ltr'>προνοεῖν</span> <span class='ocrx_word' id='word_1_212' title='bbox 3019 1621 3201 1690; x_wconf 80' lang='grc' dir='ltr'>ἑαυτῷ</span> <span class='ocrx_word' id='word_1_213' title='bbox 3246 1639 3303 1674; x_wconf 87' lang='grc' dir='ltr'><strong>τε</strong></span> <span class='ocrx_word' id='word_1_214' title='bbox 3336 1621 3575 1682; x_wconf 70' lang='grc' dir='ltr'>καὶτοῖς</span> 
     </span>
    </p>
   </div>
   <div class='ocr_carea' id='block_1_30' title="bbox 1996 1707 3576 1784">
    <p class='ocr_par' dir='ltr' id='par_1_30' title="bbox 1996 1707 3576 1784">
     <span class='ocr_line' id='line_1_30' title="bbox 1996 1707 3576 1784; baseline -0.001 -18"><span class='ocrx_word' id='word_1_215' title='bbox 1996 1713 2145 1774; x_wconf 70' lang='grc' dir='ltr'>ἰδίοις</span> <span class='ocrx_word' id='word_1_216' title='bbox 2176 1712 2285 1765; x_wconf 85' lang='grc' dir='ltr'>τῶν</span> <span class='ocrx_word' id='word_1_217' title='bbox 2309 1707 2372 1766; x_wconf 74' lang='grc' dir='ltr'><strong>ἐκ</strong></span> <span class='ocrx_word' id='word_1_218' title='bbox 2401 1712 2653 1782; x_wconf 81' lang='grc' dir='ltr'><strong>φυλακῆς</strong></span> <span class='ocrx_word' id='word_1_219' title='bbox 2685 1714 3103 1784; x_wconf 76' lang='grc' dir='ltr'>συμφερόντων.</span> <span class='ocrx_word' id='word_1_220' title='bbox 3137 1714 3356 1782; x_wconf 80' lang='grc' dir='ltr'>Ἀμέλει</span> <span class='ocrx_word' id='word_1_221' title='bbox 3377 1713 3576 1766; x_wconf 79' lang='grc' dir='ltr'>τοικαὶ</span> 
     </span>
    </p>
   </div>
   <div class='ocr_carea' id='block_1_31' title="bbox 299 1793 3575 1898">
    <p class='ocr_par' dir='ltr' id='par_1_31' title="bbox 299 1793 3575 1898">
     <span class='ocr_line' id='line_1_31' title="bbox 299 1793 3575 1898; baseline 0.004 -55"><span class='ocrx_word' id='word_1_222' title='bbox 299 1793 615 1862; x_wconf 81' lang='grc' dir='ltr'>βλεπόντων</span> <span class='ocrx_word' id='word_1_223' title='bbox 679 1796 775 1848; x_wconf 71' lang='grc' dir='ltr'><strong>καὶ</strong></span> <span class='ocrx_word' id='word_1_224' title='bbox 833 1795 1151 1865; x_wconf 75' lang='grc' dir='ltr'>ὁρμώντων,</span> <span class='ocrx_word' id='word_1_225' title='bbox 1188 1797 1299 1848; x_wconf 82' lang='grc' dir='ltr'>τῶν</span> <span class='ocrx_word' id='word_1_226' title='bbox 1353 1796 1396 1849; x_wconf 75' lang='grc' dir='ltr'>δ’</span> <span class='ocrx_word' id='word_1_227' title='bbox 1441 1796 1590 1858; x_wconf 70' lang='grc' dir='ltr'>ἐντὸς</span> <span class='ocrx_word' id='word_1_228' title='bbox 1641 1795 1735 1848; x_wconf 73' lang='grc' dir='ltr'><strong>καὶ</strong></span> <span class='ocrx_word' id='word_1_229' title='bbox 1767 1795 1888 1847; x_wconf 84' lang='grc' dir='ltr'>λίαν</span> <span class='ocrx_word' id='word_1_230' title='bbox 1921 1841 1965 1898; x_wconf 72' lang='grc' dir='ltr'><strong>Β</strong></span> <span class='ocrx_word' id='word_1_231' title='bbox 1994 1803 2107 1864; x_wconf 75' lang='grc' dir='ltr'>τοῖς</span> <span class='ocrx_word' id='word_1_232' title='bbox 2133 1801 2275 1854; x_wconf 80' lang='grc' dir='ltr'>κατὰ</span> <span class='ocrx_word' id='word_1_233' title='bbox 2307 1803 2368 1854; x_wconf 81' lang='grc' dir='ltr'><strong>τὸ</strong></span> <span class='ocrx_word' id='word_1_234' title='bbox 2393 1801 2502 1855; x_wconf 86' lang='grc' dir='ltr'>τῶν</span> <span class='ocrx_word' id='word_1_235' title='bbox 2521 1802 2773 1874; x_wconf 81' lang='grc' dir='ltr'>Σάρδεων</span> <span class='ocrx_word' id='word_1_236' title='bbox 2807 1805 3068 1874; x_wconf 85' lang='grc' dir='ltr'>φρούριον</span> <span class='ocrx_word' id='word_1_237' title='bbox 3099 1804 3295 1872; x_wconf 62' lang='lat' dir='ltr'><strong>exop-3v</strong></span> <span class='ocrx_word' id='word_1_238' title='bbox 3325 1803 3498 1865; x_wconf 77' lang='grc' dir='ltr'>ἄλλως</span> <span class='ocrx_word' id='word_1_239' title='bbox 3516 1800 3575 1854; x_wconf 80' lang='grc' dir='ltr'>ὃν</span> 
     </span>
    </p>
   </div>
   <div class='ocr_carea' id='block_1_32' title="bbox 297 1885 1889 1957">
    <p class='ocr_par' dir='ltr' id='par_1_32' title="bbox 297 1885 1889 1957">
     <span class='ocr_line' id='line_1_32' title="bbox 297 1885 1889 1957; baseline 0.001 -20"><span class='ocrx_word' id='word_1_240' title='bbox 297 1885 497 1948; x_wconf 78' lang='grc' dir='ltr'>ἐνδεῶς</span> <span class='ocrx_word' id='word_1_241' title='bbox 522 1885 760 1954; x_wconf 71' lang='grc' dir='ltr'>ἑχόντων</span> <span class='ocrx_word' id='word_1_242' title='bbox 787 1888 899 1939; x_wconf 81' lang='grc' dir='ltr'>τῶν</span> <span class='ocrx_word' id='word_1_243' title='bbox 928 1888 1250 1954; x_wconf 79' lang='grc' dir='ltr'>ἀναγκαίων</span> <span class='ocrx_word' id='word_1_244' title='bbox 1272 1888 1358 1941; x_wconf 70' lang='grc' dir='ltr'><strong>διὰ</strong></span> <span class='ocrx_word' id='word_1_245' title='bbox 1378 1887 1608 1957; x_wconf 66' lang='grc' dir='ltr'>τὴνςτῶν</span> <span class='ocrx_word' id='word_1_246' title='bbox 1635 1887 1889 1956; x_wconf 77' lang='grc' dir='ltr'>ἐξωτερι-</span> 
     </span>
    </p>
   </div>
   <div class='ocr_carea' id='block_1_33' title="bbox 299 1976 1892 2051">
    <p class='ocr_par' dir='ltr' id='par_1_33' title="bbox 299 1976 1892 2051">
     <span class='ocr_line' id='line_1_33' title="bbox 299 1976 1892 2051; baseline -0.003 -16"><span class='ocrx_word' id='word_1_247' title='bbox 299 1981 414 2035; x_wconf 84' lang='grc' dir='ltr'><strong>κῶν</strong></span> <span class='ocrx_word' id='word_1_248' title='bbox 446 1979 810 2045; x_wconf 74' lang='grc' dir='ltr'>ὲξαπώλειαν.</span> <span class='ocrx_word' id='word_1_249' title='bbox 861 1981 1132 2042; x_wconf 76' lang='grc' dir='ltr'>Βασιλεὺς</span> <span class='ocrx_word' id='word_1_250' title='bbox 1191 1981 1290 2051; x_wconf 84' lang='grc' dir='ltr'><strong>μὲν</strong></span> <span class='ocrx_word' id='word_1_251' title='bbox 1335 1976 1430 2034; x_wconf 68' lang='grc' dir='ltr'>οὖν</span> <span class='ocrx_word' id='word_1_252' title='bbox 1479 1980 1569 2034; x_wconf 74' lang='grc' dir='ltr'>διὰ</span> <span class='ocrx_word' id='word_1_253' title='bbox 1611 1979 1785 2032; x_wconf 83' lang='grc' dir='ltr'>ταῦτα</span> <span class='ocrx_word' id='word_1_254' title='bbox 1817 1977 1892 2041; x_wconf 84' lang='grc' dir='ltr'><strong>ὡς</strong></span> 
     </span>
    </p>
   </div>
   <div class='ocr_carea' id='block_1_34' title="bbox 298 2065 1892 2142">
    <p class='ocr_par' dir='ltr' id='par_1_34' title="bbox 298 2065 1892 2142">
     <span class='ocr_line' id='line_1_34' title="bbox 298 2065 1892 2142; baseline -0.003 -15"><span class='ocrx_word' id='word_1_255' title='bbox 298 2068 412 2126; x_wconf 76' lang='grc' dir='ltr'>οἷόν</span> <span class='ocrx_word' id='word_1_256' title='bbox 449 2071 498 2124; x_wconf 84' lang='grc' dir='ltr'>τ’</span> <span class='ocrx_word' id='word_1_257' title='bbox 532 2065 602 2142; x_wconf 81' lang='grc' dir='ltr'>ἦν</span> <span class='ocrx_word' id='word_1_258' title='bbox 648 2071 1189 2142; x_wconf 81' lang='grc' dir='ltr'>ἀντιπαλαμὼμενος</span> <span class='ocrx_word' id='word_1_259' title='bbox 1237 2073 1376 2142; x_wconf 74' lang='grc' dir='ltr'>πρὸς</span> <span class='ocrx_word' id='word_1_260' title='bbox 1421 2073 1516 2136; x_wconf 80' lang='grc' dir='ltr'><strong>τὰς</strong></span> <span class='ocrx_word' id='word_1_261' title='bbox 1543 2073 1655 2124; x_wconf 84' lang='grc' dir='ltr'>τῶν</span> <span class='ocrx_word' id='word_1_262' title='bbox 1701 2069 1892 2125; x_wconf 81' lang='grc' dir='ltr'>δεινῶν</span> 
     </span>
    </p>
   </div>
   <div class='ocr_carea' id='block_1_35' title="bbox 303 2163 1894 2238">
    <p class='ocr_par' dir='ltr' id='par_1_35' title="bbox 303 2163 1894 2238">
     <span class='ocr_line' id='line_1_35' title="bbox 303 2163 1894 2238; baseline -0.001 -21"><span class='ocrx_word' id='word_1_263' title='bbox 303 2165 624 2238; x_wconf 80' lang='grc' dir='ltr'>ὲπιῤῥοίας,</span> <span class='ocrx_word' id='word_1_264' title='bbox 690 2165 933 2219; x_wconf 72' lang='grc' dir='ltr'>Ἀλανῶν</span> <span class='ocrx_word' id='word_1_265' title='bbox 1011 2165 1114 2236; x_wconf 79' lang='grc' dir='ltr'><strong>μὲν</strong></span> <span class='ocrx_word' id='word_1_266' title='bbox 1171 2166 1399 2219; x_wconf 77' lang='grc' dir='ltr'>ἐκείνων</span> <span class='ocrx_word' id='word_1_267' title='bbox 1447 2163 1692 2219; x_wconf 76' lang='grc' dir='ltr'>καὶτῶν</span> <span class='ocrx_word' id='word_1_268' title='bbox 1749 2164 1894 2217; x_wconf 81' lang='grc' dir='ltr'>ίδίων</span> 
     </span>
    </p>
   </div>
   <div class='ocr_carea' id='block_1_36' title="bbox 297 2255 1891 2327">
    <p class='ocr_par' dir='ltr' id='par_1_36' title="bbox 297 2255 1891 2327">
     <span class='ocr_line' id='line_1_36' title="bbox 297 2255 1891 2327; baseline -0.002 -17"><span class='ocrx_word' id='word_1_269' title='bbox 297 2255 670 2325; x_wconf 81' lang='grc' dir='ltr'>ἀπεγνωκὼς,</span> <span class='ocrx_word' id='word_1_270' title='bbox 701 2259 797 2310; x_wconf 70' lang='grc' dir='ltr'>ἐπὶ</span> <span class='ocrx_word' id='word_1_271' title='bbox 831 2257 1058 2327; x_wconf 80' lang='grc' dir='ltr'>σαθροῖς</span> <span class='ocrx_word' id='word_1_272' title='bbox 1109 2257 1166 2311; x_wconf 81' lang='grc' dir='ltr'>δὲ</span> <span class='ocrx_word' id='word_1_273' title='bbox 1199 2257 1446 2312; x_wconf 81' lang='grc' dir='ltr'>σαλεύων</span> <span class='ocrx_word' id='word_1_274' title='bbox 1478 2259 1590 2320; x_wconf 80' lang='grc' dir='ltr'>τοῖς</span> <span class='ocrx_word' id='word_1_275' title='bbox 1637 2256 1891 2322; x_wconf 80' lang='grc' dir='ltr'>ξενικοῖς,</span> 
     </span>
    </p>
   </div>
   <div class='ocr_carea' id='block_1_37' title="bbox 301 2349 1896 2422">
    <p class='ocr_par' dir='ltr' id='par_1_37' title="bbox 301 2349 1896 2422">
     <span class='ocr_line' id='line_1_37' title="bbox 301 2349 1896 2422; baseline -0.001 -19"><span class='ocrx_word' id='word_1_276' title='bbox 301 2349 514 2420; x_wconf 83' lang='grc' dir='ltr'>πέμπει</span> <span class='ocrx_word' id='word_1_277' title='bbox 547 2350 642 2404; x_wconf 69' lang='grc' dir='ltr'>καὶ</span> <span class='ocrx_word' id='word_1_278' title='bbox 669 2349 805 2420; x_wconf 76' lang='grc' dir='ltr'>πρὸς</span> <span class='ocrx_word' id='word_1_279' title='bbox 848 2349 1113 2422; x_wconf 74' lang='grc' dir='ltr'>Καξὰνην</span> <span class='ocrx_word' id='word_1_280' title='bbox 1145 2349 1236 2404; x_wconf 80' lang='grc' dir='ltr'><strong>τὸν</strong></span> <span class='ocrx_word' id='word_1_281' title='bbox 1268 2349 1380 2405; x_wconf 83' lang='grc' dir='ltr'><strong>τῶν</strong></span> <span class='ocrx_word' id='word_1_282' title='bbox 1417 2349 1757 2405; x_wconf 85' lang='grc' dir='ltr'>ἀνατολικῶν</span> <span class='ocrx_word' id='word_1_283' title='bbox 1796 2351 1838 2402; x_wconf 83' lang='grc' dir='ltr'>Τ</span> <span class='ocrx_word' id='word_1_284' title='bbox 1841 2369 1896 2403; x_wconf 89' lang='grc' dir='ltr'>ο-</span> 
     </span>
    </p>
   </div>
   <div class='ocr_carea' id='block_1_38' title="bbox 300 2524 1894 2598">
    <p class='ocr_par' dir='ltr' id='par_1_38' title="bbox 300 2524 1894 2598">
     <span class='ocr_line' id='line_1_38' title="bbox 300 2524 1894 2598; baseline -0.001 -18"><span class='ocrx_word' id='word_1_285' title='bbox 300 2541 470 2598; x_wconf 89' lang='lat' dir='ltr'><strong>porro</strong></span> <span class='ocrx_word' id='word_1_286' title='bbox 510 2526 598 2580; x_wconf 92' lang='lat' dir='ltr'><strong>his</strong></span> <span class='ocrx_word' id='word_1_287' title='bbox 622 2525 984 2595; x_wconf 72' lang='lat' dir='ltr'><strong>praesentium</strong></span> <span class='ocrx_word' id='word_1_288' title='bbox 1014 2524 1248 2580; x_wconf 89' lang='lat' dir='ltr'><strong>dubium</strong></span> <span class='ocrx_word' id='word_1_289' title='bbox 1286 2525 1417 2590; x_wconf 79' lang='lat' dir='ltr'><strong>fuit,</strong></span> <span class='ocrx_word' id='word_1_290' title='bbox 1445 2525 1497 2579; x_wconf 89' lang='lat' dir='ltr'><strong>id</strong></span> <span class='ocrx_word' id='word_1_291' title='bbox 1532 2525 1680 2596; x_wconf 88' lang='lat' dir='ltr'><strong>quod</strong></span> <span class='ocrx_word' id='word_1_292' title='bbox 1713 2525 1894 2596; x_wconf 88' lang='lat' dir='ltr'><strong>reipsa</strong></span> 
     </span>
    </p>
   </div>
   <div class='ocr_carea' id='block_1_39' title="bbox 301 2617 1892 2688">
    <p class='ocr_par' dir='ltr' id='par_1_39' title="bbox 301 2617 1892 2688">
     <span class='ocr_line' id='line_1_39' title="bbox 301 2617 1892 2688; baseline 0 -19"><span class='ocrx_word' id='word_1_293' title='bbox 301 2635 494 2672; x_wconf 82' lang='lat' dir='ltr'><strong>verum</strong></span> <span class='ocrx_word' id='word_1_294' title='bbox 541 2627 683 2682; x_wconf 87' lang='lat' dir='ltr'><strong>erat,</strong></span> <span class='ocrx_word' id='word_1_295' title='bbox 730 2619 866 2688; x_wconf 91' lang='lat' dir='ltr'><strong>quin</strong></span> <span class='ocrx_word' id='word_1_296' title='bbox 915 2634 1013 2688; x_wconf 91' lang='lat' dir='ltr'><strong>per</strong></span> <span class='ocrx_word' id='word_1_297' title='bbox 1047 2619 1154 2673; x_wconf 88' lang='lat' dir='ltr'><strong>ista</strong></span> <span class='ocrx_word' id='word_1_298' title='bbox 1200 2617 1582 2674; x_wconf 88' lang='lat' dir='ltr'><strong>declararetur</strong></span> <span class='ocrx_word' id='word_1_299' title='bbox 1624 2617 1892 2672; x_wconf 85' lang='lat' dir='ltr'><strong>Joannem</strong></span> 
     </span>
    </p>
   </div>
   <div class='ocr_carea' id='block_1_40' title="bbox 299 2709 1886 2782">
    <p class='ocr_par' dir='ltr' id='par_1_40' title="bbox 299 2709 1886 2782">
     <span class='ocr_line' id='line_1_40' title="bbox 299 2709 1886 2782; baseline -0.004 -15"><span class='ocrx_word' id='word_1_300' title='bbox 299 2713 460 2768; x_wconf 81' lang='lat' dir='ltr'><strong>illum</strong></span> <span class='ocrx_word' id='word_1_301' title='bbox 497 2712 629 2766; x_wconf 90' lang='lat' dir='ltr'><strong>olim</strong></span> <span class='ocrx_word' id='word_1_302' title='bbox 671 2712 1059 2781; x_wconf 74' lang='lat' dir='ltr'><strong>imperatorem</strong></span> <span class='ocrx_word' id='word_1_303' title='bbox 1089 2751 1104 2774; x_wconf 92' lang='lat'><strong>,</strong></span> <span class='ocrx_word' id='word_1_304' title='bbox 1153 2721 1526 2782; x_wconf 83' lang='lat' dir='ltr'><strong>cognomento</strong></span> <span class='ocrx_word' id='word_1_305' title='bbox 1579 2709 1886 2772; x_wconf 82' lang='lat' dir='ltr'><strong>Batatzam,</strong></span> 
     </span>
    </p>
   </div>
   <div class='ocr_carea' id='block_1_41' title="bbox 300 2805 1897 2879">
    <p class='ocr_par' dir='ltr' id='par_1_41' title="bbox 300 2805 1897 2879">
     <span class='ocr_line' id='line_1_41' title="bbox 300 2805 1897 2879; baseline -0.003 -16"><span class='ocrx_word' id='word_1_306' title='bbox 300 2808 582 2879; x_wconf 90' lang='lat' dir='ltr'><strong>optimum</strong></span> <span class='ocrx_word' id='word_1_307' title='bbox 619 2807 925 2876; x_wconf 84' lang='lat' dir='ltr'><strong>principem</strong></span> <span class='ocrx_word' id='word_1_308' title='bbox 959 2815 1017 2861; x_wconf 90' lang='lat' dir='ltr'><strong>et</strong></span> <span class='ocrx_word' id='word_1_309' title='bbox 1041 2805 1544 2874; x_wconf 77' lang='lat' dir='ltr'><strong>eleemosynarium</strong></span> <span class='ocrx_word' id='word_1_310' title='bbox 1581 2821 1612 2859; x_wconf 89' lang='lat' dir='ltr'><strong>a</strong></span> <span class='ocrx_word' id='word_1_311' title='bbox 1645 2805 1897 2875; x_wconf 79' lang='lat' dir='ltr'><strong>largitio-</strong></span> 
     </span>
    </p>
   </div>
   <div class='ocr_carea' id='block_1_42' title="bbox 300 2899 1898 2973">
    <p class='ocr_par' dir='ltr' id='par_1_42' title="bbox 300 2899 1898 2973">
     <span class='ocr_line' id='line_1_42' title="bbox 300 2899 1898 2973; baseline -0.005 -15"><span class='ocrx_word' id='word_1_312' title='bbox 300 2903 472 2959; x_wconf 89' lang='lat' dir='ltr'><strong>nibus</strong></span> <span class='ocrx_word' id='word_1_313' title='bbox 508 2902 564 2956; x_wconf 90' lang='lat' dir='ltr'><strong>in</strong></span> <span class='ocrx_word' id='word_1_314' title='bbox 606 2901 770 2973; x_wconf 67' lang='grc'><strong>402</strong></span> <span class='ocrx_word' id='word_1_315' title='bbox 819 2915 1092 2972; x_wconf 85' lang='lat' dir='ltr'><strong>pauperes</strong></span> <span class='ocrx_word' id='word_1_316' title='bbox 1124 2899 1336 2955; x_wconf 81' lang='lat' dir='ltr'><strong>crebris</strong></span> <span class='ocrx_word' id='word_1_317' title='bbox 1363 2909 1419 2954; x_wconf 83' lang='lat' dir='ltr'><strong>et</strong></span> <span class='ocrx_word' id='word_1_318' title='bbox 1445 2899 1656 2970; x_wconf 73' lang='lat' dir='ltr'><strong>magnis</strong></span> <span class='ocrx_word' id='word_1_319' title='bbox 1702 2899 1898 2951; x_wconf 86' lang='lat' dir='ltr'><strong>merito</strong></span> 
     </span>
    </p>
   </div>
   <div class='ocr_carea' id='block_1_43' title="bbox 299 2989 1894 3062">
    <p class='ocr_par' dir='ltr' id='par_1_43' title="bbox 299 2989 1894 3062">
     <span class='ocr_line' id='line_1_43' title="bbox 299 2989 1894 3062; baseline -0.004 -11"><span class='ocrx_word' id='word_1_320' title='bbox 299 2995 697 3055; x_wconf 86' lang='lat' dir='ltr'><strong>nominatum.</strong></span> <span class='ocrx_word' id='word_1_321' title='bbox 742 3009 858 3048; x_wconf 69' lang='lat' dir='ltr'><strong>suae</strong></span> <span class='ocrx_word' id='word_1_322' title='bbox 917 2989 1195 3062; x_wconf 86' lang='lat' dir='ltr'><strong>peculiari</strong></span> <span class='ocrx_word' id='word_1_323' title='bbox 1254 3006 1402 3046; x_wconf 73' lang='lat' dir='ltr'><strong>curae</strong></span> <span class='ocrx_word' id='word_1_324' title='bbox 1467 3005 1530 3046; x_wconf 89' lang='lat' dir='ltr'><strong>ac</strong></span> <span class='ocrx_word' id='word_1_325' title='bbox 1565 2989 1894 3062; x_wconf 86' lang='lat' dir='ltr'><strong>protectioni</strong></span> 
     </span>
    </p>
   </div>
   <div class='ocr_carea' id='block_1_44' title="bbox 301 3082 1894 3161">
    <p class='ocr_par' dir='ltr' id='par_1_44' title="bbox 301 3082 1894 3161">
     <span class='ocr_line' id='line_1_44' title="bbox 301 3082 1894 3161; baseline -0.006 -17"><span class='ocrx_word' id='word_1_326' title='bbox 301 3093 519 3161; x_wconf 86' lang='lat' dir='ltr'><strong>(quam</strong></span> <span class='ocrx_word' id='word_1_327' title='bbox 551 3087 882 3141; x_wconf 74' lang='grc' dir='ltr'>ἐπιστασίαν</span> <span class='ocrx_word' id='word_1_328' title='bbox 923 3083 1111 3156; x_wconf 86' lang='lat' dir='ltr'><strong>Lydus</strong></span> <span class='ocrx_word' id='word_1_329' title='bbox 1158 3084 1414 3152; x_wconf 90' lang='lat' dir='ltr'><strong>diceret)</strong></span> <span class='ocrx_word' id='word_1_330' title='bbox 1466 3082 1821 3138; x_wconf 83' lang='lat' dir='ltr'><strong>commissam</strong></span> <span class='ocrx_word' id='word_1_331' title='bbox 1865 3095 1894 3134; x_wconf 88' lang='lat' dir='ltr'><strong>a</strong></span> 
     </span>
    </p>
   </div>
   <div class='ocr_carea' id='block_1_45' title="bbox 1993 1892 3574 1964">
    <p class='ocr_par' dir='ltr' id='par_1_45' title="bbox 1993 1892 3574 1964">
     <span class='ocr_line' id='line_1_45' title="bbox 1993 1892 3574 1964; baseline 0 -18"><span class='ocrx_word' id='word_1_332' title='bbox 1993 1892 2068 1956; x_wconf 86' lang='grc' dir='ltr'><strong>ὡς</strong></span> <span class='ocrx_word' id='word_1_333' title='bbox 2101 1893 2338 1956; x_wconf 81' lang='grc' dir='ltr'>παλαιᾶς</span> <span class='ocrx_word' id='word_1_334' title='bbox 2358 1893 2656 1962; x_wconf 76' lang='grc' dir='ltr'>ἀκρόπολιν</span> <span class='ocrx_word' id='word_1_335' title='bbox 2683 1895 2910 1959; x_wconf 78' lang='grc' dir='ltr'>πόλεως,</span> <span class='ocrx_word' id='word_1_336' title='bbox 2933 1897 3056 1950; x_wconf 75' lang='grc' dir='ltr'>καθ’</span> <span class='ocrx_word' id='word_1_337' title='bbox 3091 1897 3150 1951; x_wconf 82' lang='grc' dir='ltr'>ἓν</span> <span class='ocrx_word' id='word_1_338' title='bbox 3177 1897 3379 1950; x_wconf 77' lang='grc' dir='ltr'>ἄϐατον</span> <span class='ocrx_word' id='word_1_339' title='bbox 3408 1895 3574 1964; x_wconf 87' lang='grc' dir='ltr'>μέρος</span> 
     </span>
    </p>
   </div>
   <div class='ocr_carea' id='block_1_46' title="bbox 1993 1986 3576 2058">
    <p class='ocr_par' dir='ltr' id='par_1_46' title="bbox 1993 1986 3576 2058">
     <span class='ocr_line' id='line_1_46' title="bbox 1993 1986 3576 2058; baseline 0.001 -21"><span class='ocrx_word' id='word_1_340' title='bbox 1993 1986 2089 2038; x_wconf 71' lang='grc' dir='ltr'><strong>καὶ</strong></span> <span class='ocrx_word' id='word_1_341' title='bbox 2143 1987 2204 2038; x_wconf 82' lang='grc' dir='ltr'>τὸ</span> <span class='ocrx_word' id='word_1_342' title='bbox 2250 1986 2438 2039; x_wconf 81' lang='grc' dir='ltr'>λοιπὸν</span> <span class='ocrx_word' id='word_1_343' title='bbox 2493 1987 2876 2058; x_wconf 80' lang='grc' dir='ltr'>ἀπόκρημνον,</span> <span class='ocrx_word' id='word_1_344' title='bbox 2924 1990 3012 2042; x_wconf 78' lang='grc' dir='ltr'>διὰ</span> <span class='ocrx_word' id='word_1_345' title='bbox 3051 1989 3152 2058; x_wconf 77' lang='grc' dir='ltr'><strong>τὴν</strong></span> <span class='ocrx_word' id='word_1_346' title='bbox 3191 1987 3320 2058; x_wconf 78' lang='grc' dir='ltr'>παρ’</span> <span class='ocrx_word' id='word_1_347' title='bbox 3347 1987 3576 2040; x_wconf 71' lang='grc' dir='ltr'>ἐκείνων</span> 
     </span>
    </p>
   </div>
   <div class='ocr_carea' id='block_1_47' title="bbox 1995 2077 3602 2151">
    <p class='ocr_par' dir='ltr' id='par_1_47' title="bbox 1995 2077 3602 2151">
     <span class='ocr_line' id='line_1_47' title="bbox 1995 2077 3602 2151; baseline 0 -21"><span class='ocrx_word' id='word_1_348' title='bbox 1995 2079 2468 2150; x_wconf 78' lang='grc' dir='ltr'>ἐγκεκλεισμένην</span> <span class='ocrx_word' id='word_1_349' title='bbox 2503 2080 2748 2134; x_wconf 71' lang='grc' dir='ltr'>ἐπίθεσιν</span> <span class='ocrx_word' id='word_1_350' title='bbox 2780 2081 3016 2149; x_wconf 81' lang='grc' dir='ltr'>πέμπων</span> <span class='ocrx_word' id='word_1_351' title='bbox 3046 2081 3136 2134; x_wconf 73' lang='grc' dir='ltr'>ἐπὶ</span> <span class='ocrx_word' id='word_1_352' title='bbox 3165 2081 3357 2151; x_wconf 79' lang='grc' dir='ltr'>ῥηταῖς</span> <span class='ocrx_word' id='word_1_353' title='bbox 3379 2077 3602 2147; x_wconf 76' lang='grc' dir='ltr'>ὁμολο-“</span> 
     </span>
    </p>
   </div>
   <div class='ocr_carea' id='block_1_48' title="bbox 1993 2164 3578 2240">
    <p class='ocr_par' dir='ltr' id='par_1_48' title="bbox 1993 2164 3578 2240">
     <span class='ocr_line' id='line_1_48' title="bbox 1993 2164 3578 2240; baseline 0 -20"><span class='ocrx_word' id='word_1_354' title='bbox 1993 2169 2145 2236; x_wconf 83' lang='grc' dir='ltr'>γίαις</span> <span class='ocrx_word' id='word_1_355' title='bbox 2181 2169 2571 2240; x_wconf 76' lang='grc' dir='ltr'>συνέπραττεν,</span> <span class='ocrx_word' id='word_1_356' title='bbox 2602 2170 2688 2239; x_wconf 82' lang='grc' dir='ltr'><strong>ἐφ’</strong></span> <span class='ocrx_word' id='word_1_357' title='bbox 2730 2164 2774 2238; x_wconf 78' lang='grc' dir='ltr'>ᾧ</span> <span class='ocrx_word' id='word_1_358' title='bbox 2810 2171 2900 2224; x_wconf 82' lang='grc' dir='ltr'>τοῦ</span> <span class='ocrx_word' id='word_1_359' title='bbox 2935 2169 3203 2240; x_wconf 80' lang='grc' dir='ltr'>φρουρίου</span> <span class='ocrx_word' id='word_1_360' title='bbox 3249 2171 3578 2239; x_wconf 86' lang='grc' dir='ltr'>διαμεμερι-</span> 
     </span>
    </p>
   </div>
   <div class='ocr_carea' id='block_1_49' title="bbox 1997 2259 3578 2332">
    <p class='ocr_par' dir='ltr' id='par_1_49' title="bbox 1997 2259 3578 2332">
     <span class='ocr_line' id='line_1_49' title="bbox 1997 2259 3578 2332; baseline 0.001 -21"><span class='ocrx_word' id='word_1_361' title='bbox 1997 2261 2196 2329; x_wconf 85' lang='grc' dir='ltr'>σμένου</span> <span class='ocrx_word' id='word_1_362' title='bbox 2238 2262 2437 2331; x_wconf 82' lang='grc' dir='ltr'>μακρῷ</span> <span class='ocrx_word' id='word_1_363' title='bbox 2471 2279 2578 2314; x_wconf 90' lang='grc' dir='ltr'>τινι</span> <span class='ocrx_word' id='word_1_364' title='bbox 2610 2262 2782 2332; x_wconf 84' lang='grc' dir='ltr'>τείχει</span> <span class='ocrx_word' id='word_1_365' title='bbox 2831 2263 2924 2316; x_wconf 69' lang='grc' dir='ltr'>καὶ</span> <span class='ocrx_word' id='word_1_366' title='bbox 2973 2264 3211 2332; x_wconf 81' lang='grc' dir='ltr'>ἀσφαλεῖ</span> <span class='ocrx_word' id='word_1_367' title='bbox 3255 2263 3426 2332; x_wconf 77' lang='grc' dir='ltr'>ἥμισυ</span> <span class='ocrx_word' id='word_1_368' title='bbox 3477 2259 3578 2330; x_wconf 79' lang='grc' dir='ltr'>μὲν</span> 
     </span>
    </p>
   </div>
   <div class='ocr_carea' id='block_1_50' title="bbox 1995 2353 3576 2427">
    <p class='ocr_par' dir='ltr' id='par_1_50' title="bbox 1995 2353 3576 2427">
     <span class='ocr_line' id='line_1_50' title="bbox 1995 2353 3576 2427; baseline 0 -21"><span class='ocrx_word' id='word_1_369' title='bbox 1995 2353 2260 2421; x_wconf 77' lang='grc' dir='ltr'>ἐκείνους,</span> <span class='ocrx_word' id='word_1_370' title='bbox 2293 2356 2466 2425; x_wconf 76' lang='grc' dir='ltr'>ἣμισυ</span> <span class='ocrx_word' id='word_1_371' title='bbox 2507 2355 2551 2408; x_wconf 80' lang='grc' dir='ltr'>δ’</span> <span class='ocrx_word' id='word_1_372' title='bbox 2583 2355 2780 2419; x_wconf 82' lang='grc' dir='ltr'>αὐτοὺς</span> <span class='ocrx_word' id='word_1_373' title='bbox 2815 2354 2981 2427; x_wconf 77' lang='grc' dir='ltr'>ἔχειν,</span> <span class='ocrx_word' id='word_1_374' title='bbox 3030 2354 3328 2410; x_wconf 84' lang='grc' dir='ltr'>κάντεῦθεν</span> <span class='ocrx_word' id='word_1_375' title='bbox 3354 2355 3576 2424; x_wconf 83' lang='grc' dir='ltr'>δεσμοῖς</span> 
     </span>
    </p>
   </div>
   <div class='ocr_carea' id='block_1_51' title="bbox 1997 2534 3580 2592">
    <p class='ocr_par' dir='ltr' id='par_1_51' title="bbox 1997 2534 3580 2592">
     <span class='ocr_line' id='line_1_51' title="bbox 1997 2534 3580 2592; baseline 0.001 -3"><span class='ocrx_word' id='word_1_376' title='bbox 1997 2535 2330 2590; x_wconf 72' lang='lat' dir='ltr'><strong>auctoritate</strong></span> <span class='ocrx_word' id='word_1_377' title='bbox 2391 2537 2444 2590; x_wconf 93' lang='lat' dir='ltr'><strong>in</strong></span> <span class='ocrx_word' id='word_1_378' title='bbox 2496 2537 2666 2592; x_wconf 86' lang='lat' dir='ltr'><strong>duces</strong></span> <span class='ocrx_word' id='word_1_379' title='bbox 2724 2535 2989 2591; x_wconf 89' lang='lat' dir='ltr'><strong>barbaros</strong></span> <span class='ocrx_word' id='word_1_380' title='bbox 3045 2534 3347 2590; x_wconf 78' lang='lat' dir='ltr'><strong>Romanam</strong></span> <span class='ocrx_word' id='word_1_381' title='bbox 3413 2536 3580 2590; x_wconf 86' lang='lat' dir='ltr'><strong>ditio-</strong></span> 
     </span>
    </p>
   </div>
   <div class='ocr_carea' id='block_1_52' title="bbox 1999 2627 3580 2706">
    <p class='ocr_par' dir='ltr' id='par_1_52' title="bbox 1999 2627 3580 2706">
     <span class='ocr_line' id='line_1_52' title="bbox 1999 2627 3580 2706; baseline -0.001 -24"><span class='ocrx_word' id='word_1_382' title='bbox 1999 2644 2121 2682; x_wconf 80' lang='lat' dir='ltr'><strong>nem</strong></span> <span class='ocrx_word' id='word_1_383' title='bbox 2149 2627 2873 2706; x_wconf 70' lang='lat' dir='ltr'><strong>crudelissimevastantes,</strong></span> <span class='ocrx_word' id='word_1_384' title='bbox 2907 2627 2987 2681; x_wconf 90' lang='lat' dir='ltr'><strong>eis</strong></span> <span class='ocrx_word' id='word_1_385' title='bbox 3021 2637 3079 2680; x_wconf 92' lang='lat' dir='ltr'><strong>ut</strong></span> <span class='ocrx_word' id='word_1_386' title='bbox 3113 2627 3182 2682; x_wconf 89' lang='lat' dir='ltr'><strong>ab</strong></span> <span class='ocrx_word' id='word_1_387' title='bbox 3209 2627 3430 2696; x_wconf 87' lang='lat' dir='ltr'><strong>injuriis</strong></span> <span class='ocrx_word' id='word_1_388' title='bbox 3480 2627 3580 2681; x_wconf 87' lang='lat' dir='ltr'><strong>de-</strong></span> 
     </span>
    </p>
   </div>
   <div class='ocr_carea' id='block_1_53' title="bbox 1998 2717 3576 2788">
    <p class='ocr_par' dir='ltr' id='par_1_53' title="bbox 1998 2717 3576 2788">
     <span class='ocr_line' id='line_1_53' title="bbox 1998 2717 3576 2788; baseline -0.003 -13"><span class='ocrx_word' id='word_1_389' title='bbox 1998 2722 2200 2775; x_wconf 78' lang='lat' dir='ltr'><strong>sistant</strong></span> <span class='ocrx_word' id='word_1_390' title='bbox 2223 2720 2478 2788; x_wconf 85' lang='lat' dir='ltr'><strong>imperet.</strong></span> <span class='ocrx_word' id='word_1_391' title='bbox 2511 2733 2574 2772; x_wconf 86' lang='lat' dir='ltr'><strong>ac</strong></span> <span class='ocrx_word' id='word_1_392' title='bbox 2599 2719 2652 2772; x_wconf 93' lang='lat' dir='ltr'><strong>ni</strong></span> <span class='ocrx_word' id='word_1_393' title='bbox 2684 2717 2912 2780; x_wconf 72' lang='lat' dir='ltr'><strong>facianl&#39;,</strong></span> <span class='ocrx_word' id='word_1_394' title='bbox 2939 2721 3178 2773; x_wconf 86' lang='lat' dir='ltr'><strong>ulturum</strong></span> <span class='ocrx_word' id='word_1_395' title='bbox 3210 2734 3269 2772; x_wconf 90' lang='lat' dir='ltr'><strong>se</strong></span> <span class='ocrx_word' id='word_1_396' title='bbox 3294 2719 3539 2773; x_wconf 82' lang='lat' dir='ltr'><strong>minetur</strong></span> <span class='ocrx_word' id='word_1_397' title='bbox 3561 2759 3576 2782; x_wconf 84' lang='lat'><strong>,</strong></span> 
     </span>
    </p>
   </div>
   <div class='ocr_carea' id='block_1_54' title="bbox 1999 2808 3579 2879">
    <p class='ocr_par' dir='ltr' id='par_1_54' title="bbox 1999 2808 3579 2879">
     <span class='ocr_line' id='line_1_54' title="bbox 1999 2808 3579 2879; baseline -0.001 -15"><span class='ocrx_word' id='word_1_398' title='bbox 1999 2812 2188 2879; x_wconf 86' lang='lat' dir='ltr'><strong>sicque</strong></span> <span class='ocrx_word' id='word_1_399' title='bbox 2219 2823 2554 2863; x_wconf 82' lang='lat' dir='ltr'><strong>succurrere</strong></span> <span class='ocrx_word' id='word_1_400' title='bbox 2607 2808 2864 2873; x_wconf 83' lang='lat' dir='ltr'><strong>dignetur</strong></span> <span class='ocrx_word' id='word_1_401' title='bbox 2897 2817 3146 2864; x_wconf 76' lang='lat' dir='ltr'><strong>extreme</strong></span> <span class='ocrx_word' id='word_1_402' title='bbox 3192 2809 3579 2864; x_wconf 84' lang='lat' dir='ltr'><strong>laborantibus</strong></span> 
     </span>
    </p>
   </div>
   <div class='ocr_carea' id='block_1_55' title="bbox 1997 2898 3579 2970">
    <p class='ocr_par' dir='ltr' id='par_1_55' title="bbox 1997 2898 3579 2970">
     <span class='ocr_line' id='line_1_55' title="bbox 1997 2898 3579 2970; baseline 0.001 -15"><span class='ocrx_word' id='word_1_403' title='bbox 1997 2917 2059 2955; x_wconf 88' lang='lat' dir='ltr'><strong>ac</strong></span> <span class='ocrx_word' id='word_1_404' title='bbox 2085 2917 2220 2970; x_wconf 87' lang='lat' dir='ltr'><strong>pene</strong></span> <span class='ocrx_word' id='word_1_405' title='bbox 2247 2899 2358 2968; x_wconf 90' lang='lat' dir='ltr'><strong>jam</strong></span> <span class='ocrx_word' id='word_1_406' title='bbox 2395 2899 2624 2968; x_wconf 86' lang='lat' dir='ltr'><strong>perditis</strong></span> <span class='ocrx_word' id='word_1_407' title='bbox 2657 2898 2931 2956; x_wconf 80' lang='lat' dir='ltr'><strong>Romanis</strong></span> <span class='ocrx_word' id='word_1_408' title='bbox 2975 2901 3161 2954; x_wconf 83' lang='lat' dir='ltr'><strong>rebus.</strong></span> <span class='ocrx_word' id='word_1_409' title='bbox 3217 2901 3370 2955; x_wconf 87' lang='lat' dir='ltr'><strong>Talia</strong></span> <span class='ocrx_word' id='word_1_410' title='bbox 3405 2901 3579 2956; x_wconf 83' lang='lat' dir='ltr'><strong>Caza-</strong></span> 
     </span>
    </p>
   </div>
   <div class='ocr_carea' id='block_1_56' title="bbox 1998 2993 3582 3062">
    <p class='ocr_par' dir='ltr' id='par_1_56' title="bbox 1998 2993 3582 3062">
     <span class='ocr_line' id='line_1_56' title="bbox 1998 2993 3582 3062; baseline -0.001 -14"><span class='ocrx_word' id='word_1_411' title='bbox 1998 3010 2096 3050; x_wconf 91' lang='lat' dir='ltr'><strong>ncs</strong></span> <span class='ocrx_word' id='word_1_412' title='bbox 2121 2993 2350 3048; x_wconf 85' lang='lat' dir='ltr'><strong>audiens</strong></span> <span class='ocrx_word' id='word_1_413' title='bbox 2383 2993 2526 3047; x_wconf 93' lang='lat' dir='ltr'><strong>haud</strong></span> <span class='ocrx_word' id='word_1_414' title='bbox 2559 3004 2891 3062; x_wconf 86' lang='lat' dir='ltr'><strong>aspernatus</strong></span> <span class='ocrx_word' id='word_1_415' title='bbox 2919 2993 3236 3048; x_wconf 81' lang='lat' dir='ltr'><strong>aliiuitatcm</strong></span> <span class='ocrx_word' id='word_1_416' title='bbox 3271 3001 3391 3059; x_wconf 89' lang='lat' dir='ltr'><strong>est;</strong></span> <span class='ocrx_word' id='word_1_417' title='bbox 3427 2994 3582 3049; x_wconf 90' lang='lat' dir='ltr'><strong>obla-</strong></span> 
     </span>
    </p>
   </div>
   <div class='ocr_carea' id='block_1_57' title="bbox 1999 3083 3578 3152">
    <p class='ocr_par' dir='ltr' id='par_1_57' title="bbox 1999 3083 3578 3152">
     <span class='ocr_line' id='line_1_57' title="bbox 1999 3083 3578 3152; baseline -0.001 -16"><span class='ocrx_word' id='word_1_418' title='bbox 1999 3093 2192 3152; x_wconf 85' lang='lat' dir='ltr'><strong>tasque</strong></span> <span class='ocrx_word' id='word_1_419' title='bbox 2245 3083 2441 3152; x_wconf 78' lang='lat' dir='ltr'><strong>puella:</strong></span> <span class='ocrx_word' id='word_1_420' title='bbox 2473 3122 2490 3148; x_wconf 89' lang='lat'><strong>,</strong></span> <span class='ocrx_word' id='word_1_421' title='bbox 2545 3097 2668 3151; x_wconf 73' lang='lat' dir='ltr'><strong>quae</strong></span> <span class='ocrx_word' id='word_1_422' title='bbox 2713 3083 2896 3152; x_wconf 81' lang='lat' dir='ltr'><strong>proles</strong></span> <span class='ocrx_word' id='word_1_423' title='bbox 2955 3083 3228 3138; x_wconf 82' lang='lat' dir='ltr'><strong>naturalis</strong></span> <span class='ocrx_word' id='word_1_424' title='bbox 3272 3083 3578 3138; x_wconf 86' lang='lat' dir='ltr'><strong>Andronici</strong></span> 
     </span>
    </p>
   </div>
   <div class='ocr_carea' id='block_1_58' title="bbox 303 3171 3578 3262">
    <p class='ocr_par' dir='ltr' id='par_1_58' title="bbox 303 3171 3578 3262">
     <span class='ocr_line' id='line_1_58' title="bbox 303 3171 3578 3262; baseline -0.001 -30"><span class='ocrx_word' id='word_1_425' title='bbox 303 3178 422 3234; x_wconf 85' lang='lat' dir='ltr'><strong>Deo</strong></span> <span class='ocrx_word' id='word_1_426' title='bbox 476 3176 798 3234; x_wconf 87' lang='lat' dir='ltr'><strong>custodisse</strong></span> <span class='ocrx_word' id='word_1_427' title='bbox 825 3190 891 3231; x_wconf 88' lang='lat' dir='ltr'><strong>ac</strong></span> <span class='ocrx_word' id='word_1_428' title='bbox 951 3175 1146 3231; x_wconf 91' lang='lat' dir='ltr'><strong>sedulo</strong></span> <span class='ocrx_word' id='word_1_429' title='bbox 1193 3173 1520 3262; x_wconf 79' lang='lat' dir='ltr'><strong>defensasse</strong></span> <span class='ocrx_word' id='word_1_430' title='bbox 1565 3171 1896 3242; x_wconf 76' lang='lat' dir='ltr'><strong>Magnesiam</strong></span> <span class='ocrx_word' id='word_1_431' title='bbox 1927 3181 1968 3238; x_wconf 86' lang='lat' dir='ltr'><strong>c</strong></span> <span class='ocrx_word' id='word_1_432' title='bbox 2002 3175 2228 3242; x_wconf 71' lang='lat' dir='ltr'><strong>Augusti</strong></span> <span class='ocrx_word' id='word_1_433' title='bbox 2279 3173 2600 3245; x_wconf 88' lang='lat' dir='ltr'><strong>putabatur,</strong></span> <span class='ocrx_word' id='word_1_434' title='bbox 2636 3174 2934 3229; x_wconf 78' lang='lat' dir='ltr'><strong>admittens</strong></span> <span class='ocrx_word' id='word_1_435' title='bbox 2992 3176 3236 3244; x_wconf 84' lang='lat' dir='ltr'><strong>nuptias,</strong></span> <span class='ocrx_word' id='word_1_436' title='bbox 3284 3177 3466 3244; x_wconf 89' lang='lat' dir='ltr'><strong>ample</strong></span> <span class='ocrx_word' id='word_1_437' title='bbox 3513 3189 3578 3230; x_wconf 87' lang='lat' dir='ltr'><strong>ac</strong></span> 
     </span>
    </p>
   </div>
   <div class='ocr_carea' id='block_1_59' title="bbox 300 3272 616 3328">
    <p class='ocr_par' dir='ltr' id='par_1_59' title="bbox 300 3272 616 3328">
     <span class='ocr_line' id='line_1_59' title="bbox 300 3272 616 3328; baseline -0.006 0"><span class='ocrx_word' id='word_1_438' title='bbox 300 3272 616 3328; x_wconf 86' lang='lat' dir='ltr'><strong>civitatem.</strong></span> 
     </span>
    </p>
   </div>
   <div class='ocr_carea' id='block_1_60' title="bbox 303 3354 1896 3432">
    <p class='ocr_par' dir='ltr' id='par_1_60' title="bbox 303 3354 1896 3432">
     <span class='ocr_line' id='line_1_60' title="bbox 303 3354 1896 3432; baseline -0.005 -13"><span class='ocrx_word' id='word_1_439' title='bbox 303 3362 400 3420; x_wconf 78' lang='grc'><strong>16.</strong></span> <span class='ocrx_word' id='word_1_440' title='bbox 430 3362 504 3418; x_wconf 78' lang='lat' dir='ltr'><strong>De</strong></span> <span class='ocrx_word' id='word_1_441' title='bbox 530 3379 587 3418; x_wconf 86' lang='lat' dir='ltr'><strong>re</strong></span> <span class='ocrx_word' id='word_1_442' title='bbox 611 3362 744 3417; x_wconf 83' lang='lat' dir='ltr'><strong>bene</strong></span> <span class='ocrx_word' id='word_1_443' title='bbox 769 3378 863 3432; x_wconf 85' lang='lat' dir='ltr'><strong>per</strong></span> <span class='ocrx_word' id='word_1_444' title='bbox 887 3357 1165 3413; x_wconf 77' lang='lat' dir='ltr'><strong>solertiam</strong></span> <span class='ocrx_word' id='word_1_445' title='bbox 1194 3359 1443 3414; x_wconf 78' lang='lat' dir='ltr'><strong>anostris</strong></span> <span class='ocrx_word' id='word_1_446' title='bbox 1471 3357 1612 3428; x_wconf 86' lang='lat' dir='ltr'><strong>apud</strong></span> <span class='ocrx_word' id='word_1_447' title='bbox 1641 3354 1896 3412; x_wconf 73' lang='lat' dir='ltr'><strong>Sardates</strong></span> 
     </span>
    </p>
   </div>
   <div class='ocr_carea' id='block_1_61' title="bbox 1019 3442 1188 3502">
    <p class='ocr_par' dir='ltr' id='par_1_61' title="bbox 1019 3442 1188 3502">
     <span class='ocr_line' id='line_1_61' title="bbox 1019 3442 1188 3502; baseline -0.012 -17"><span class='ocrx_word' id='word_1_448' title='bbox 1019 3442 1188 3502; x_wconf 81' lang='lat' dir='ltr'><strong>gesta.</strong></span> 
     </span>
    </p>
   </div>
   <div class='ocr_carea' id='block_1_62' title="bbox 383 3540 1902 3618">
    <p class='ocr_par' dir='ltr' id='par_1_62' title="bbox 383 3540 1902 3618">
     <span class='ocr_line' id='line_1_62' title="bbox 383 3540 1902 3618; baseline -0.011 -12"><span class='ocrx_word' id='word_1_449' title='bbox 383 3550 556 3606; x_wconf 80' lang='lat' dir='ltr'><strong>Erant</strong></span> <span class='ocrx_word' id='word_1_450' title='bbox 605 3562 773 3618; x_wconf 85' lang='lat' dir='ltr'><strong>porro</strong></span> <span class='ocrx_word' id='word_1_451' title='bbox 815 3563 912 3616; x_wconf 88' lang='lat' dir='ltr'><strong>per</strong></span> <span class='ocrx_word' id='word_1_452' title='bbox 955 3546 1070 3600; x_wconf 75' lang='lat' dir='ltr'><strong>haec</strong></span> <span class='ocrx_word' id='word_1_453' title='bbox 1107 3555 1354 3614; x_wconf 90' lang='lat' dir='ltr'><strong>tempora</strong></span> <span class='ocrx_word' id='word_1_454' title='bbox 1391 3559 1478 3600; x_wconf 87' lang='lat' dir='ltr'><strong>res</strong></span> <span class='ocrx_word' id='word_1_455' title='bbox 1525 3553 1727 3597; x_wconf 73' lang='lat' dir='ltr'><strong>nostra:</strong></span> <span class='ocrx_word' id='word_1_456' title='bbox 1759 3540 1902 3594; x_wconf 87' lang='lat' dir='ltr'><strong>Con-</strong></span> 
     </span>
    </p>
   </div>
   <div class='ocr_carea' id='block_1_63' title="bbox 306 3631 1896 3709">
    <p class='ocr_par' dir='ltr' id='par_1_63' title="bbox 306 3631 1896 3709">
     <span class='ocr_line' id='line_1_63' title="bbox 306 3631 1896 3709; baseline -0.009 -13"><span class='ocrx_word' id='word_1_457' title='bbox 306 3637 672 3706; x_wconf 76' lang='lat' dir='ltr'><strong>stantinopoli</strong></span> <span class='ocrx_word' id='word_1_458' title='bbox 711 3635 1030 3709; x_wconf 75' lang='lat' dir='ltr'><strong>degentium</strong></span> <span class='ocrx_word' id='word_1_459' title='bbox 1073 3636 1125 3688; x_wconf 93' lang='lat' dir='ltr'><strong>in</strong></span> <span class='ocrx_word' id='word_1_460' title='bbox 1157 3634 1392 3690; x_wconf 91' lang='lat' dir='ltr'><strong>summis</strong></span> <span class='ocrx_word' id='word_1_461' title='bbox 1433 3633 1730 3702; x_wconf 78' lang='lat' dir='ltr'><strong>angustiis.</strong></span> <span class='ocrx_word' id='word_1_462' title='bbox 1764 3631 1896 3686; x_wconf 83' lang='lat' dir='ltr'><strong>Nam</strong></span> 
     </span>
    </p>
   </div>
   <div class='ocr_carea' id='block_1_64' title="bbox 307 3726 1896 3802">
    <p class='ocr_par' dir='ltr' id='par_1_64' title="bbox 307 3726 1896 3802">
     <span class='ocr_line' id='line_1_64' title="bbox 307 3726 1896 3802; baseline -0.007 -12"><span class='ocrx_word' id='word_1_463' title='bbox 307 3734 404 3802; x_wconf 86' lang='lat' dir='ltr'><strong>qui</strong></span> <span class='ocrx_word' id='word_1_464' title='bbox 469 3739 631 3790; x_wconf 89' lang='lat' dir='ltr'><strong>extra</strong></span> <span class='ocrx_word' id='word_1_465' title='bbox 679 3732 872 3788; x_wconf 84' lang='lat' dir='ltr'><strong>urbem</strong></span> <span class='ocrx_word' id='word_1_466' title='bbox 927 3731 982 3785; x_wconf 92' lang='lat' dir='ltr'><strong>in</strong></span> <span class='ocrx_word' id='word_1_467' title='bbox 1024 3729 1172 3786; x_wconf 59' lang='lat' dir='ltr'><strong>Asiae</strong></span> <span class='ocrx_word' id='word_1_468' title='bbox 1203 3728 1506 3784; x_wconf 83' lang='lat' dir='ltr'><strong>continenti</strong></span> <span class='ocrx_word' id='word_1_469' title='bbox 1555 3726 1896 3782; x_wconf 88' lang='lat' dir='ltr'><strong>domicilium</strong></span> 
     </span>
    </p>
   </div>
   <div class='ocr_carea' id='block_1_65' title="bbox 307 3819 1900 3894">
    <p class='ocr_par' dir='ltr' id='par_1_65' title="bbox 307 3819 1900 3894">
     <span class='ocr_line' id='line_1_65' title="bbox 307 3819 1900 3894; baseline -0.006 -12"><span class='ocrx_word' id='word_1_470' title='bbox 307 3827 611 3890; x_wconf 87' lang='lat' dir='ltr'><strong>habebant,</strong></span> <span class='ocrx_word' id='word_1_471' title='bbox 659 3825 826 3894; x_wconf 88' lang='lat' dir='ltr'><strong>plane</strong></span> <span class='ocrx_word' id='word_1_472' title='bbox 856 3822 1073 3878; x_wconf 88' lang='lat' dir='ltr'><strong>conscii</strong></span> <span class='ocrx_word' id='word_1_473' title='bbox 1128 3835 1194 3876; x_wconf 89' lang='lat' dir='ltr'><strong>ac</strong></span> <span class='ocrx_word' id='word_1_474' title='bbox 1225 3823 1420 3876; x_wconf 87' lang='lat' dir='ltr'><strong>multis</strong></span> <span class='ocrx_word' id='word_1_475' title='bbox 1454 3819 1900 3888; x_wconf 85' lang='lat' dir='ltr'><strong>miserrimisque</strong></span> 
     </span>
    </p>
   </div>
   <div class='ocr_carea' id='block_1_66' title="bbox 307 3913 1899 3988">
    <p class='ocr_par' dir='ltr' id='par_1_66' title="bbox 307 3913 1899 3988">
     <span class='ocr_line' id='line_1_66' title="bbox 307 3913 1899 3988; baseline -0.003 -15"><span class='ocrx_word' id='word_1_476' title='bbox 307 3917 712 3988; x_wconf 77' lang='lat' dir='ltr'><strong>experimentis</strong></span> <span class='ocrx_word' id='word_1_477' title='bbox 740 3917 1193 3987; x_wconf 87' lang='lat' dir='ltr'><strong>quotidianarum</strong></span> <span class='ocrx_word' id='word_1_478' title='bbox 1234 3915 1496 3980; x_wconf 82' lang='lat' dir='ltr'><strong>caedium,</strong></span> <span class='ocrx_word' id='word_1_479' title='bbox 1531 3913 1739 3984; x_wconf 85' lang='lat' dir='ltr'><strong>quibus</strong></span> <span class='ocrx_word' id='word_1_480' title='bbox 1773 3928 1899 3983; x_wconf 88' lang='lat' dir='ltr'><strong>pas-</strong></span> 
     </span>
    </p>
   </div>
   <div class='ocr_carea' id='block_1_67' title="bbox 309 4006 1900 4070">
    <p class='ocr_par' dir='ltr' id='par_1_67' title="bbox 309 4006 1900 4070">
     <span class='ocr_line' id='line_1_67' title="bbox 309 4006 1900 4070; baseline -0.006 -1"><span class='ocrx_word' id='word_1_481' title='bbox 309 4013 413 4069; x_wconf 88' lang='lat' dir='ltr'><strong>sim</strong></span> <span class='ocrx_word' id='word_1_482' title='bbox 442 4011 621 4067; x_wconf 89' lang='lat' dir='ltr'><strong>sterni</strong></span> <span class='ocrx_word' id='word_1_483' title='bbox 645 4009 996 4066; x_wconf 87' lang='lat' dir='ltr'><strong>contribules</strong></span> <span class='ocrx_word' id='word_1_484' title='bbox 1023 4023 1160 4064; x_wconf 88' lang='lat' dir='ltr'><strong>suos</strong></span> <span class='ocrx_word' id='word_1_485' title='bbox 1193 4023 1222 4060; x_wconf 91' lang='lat' dir='ltr'><strong>a</strong></span> <span class='ocrx_word' id='word_1_486' title='bbox 1255 4007 1443 4063; x_wconf 84' lang='lat' dir='ltr'><strong>Persis</strong></span> <span class='ocrx_word' id='word_1_487' title='bbox 1479 4006 1762 4070; x_wconf 86' lang='lat' dir='ltr'><strong>videbant,</strong></span> <span class='ocrx_word' id='word_1_488' title='bbox 1785 4021 1900 4060; x_wconf 90' lang='lat' dir='ltr'><strong>ma-</strong></span> 
     </span>
    </p>
   </div>
   <div class='ocr_carea' id='block_1_68' title="bbox 310 4099 1895 4170">
    <p class='ocr_par' dir='ltr' id='par_1_68' title="bbox 310 4099 1895 4170">
     <span class='ocr_line' id='line_1_68' title="bbox 310 4099 1895 4170; baseline -0.003 -12"><span class='ocrx_word' id='word_1_489' title='bbox 310 4101 515 4159; x_wconf 78' lang='lat' dir='ltr'><strong>nifesto</strong></span> <span class='ocrx_word' id='word_1_490' title='bbox 549 4099 802 4170; x_wconf 83' lang='lat' dir='ltr'><strong>persuasi</strong></span> <span class='ocrx_word' id='word_1_491' title='bbox 833 4100 1042 4156; x_wconf 88' lang='lat' dir='ltr'><strong>nullam</strong></span> <span class='ocrx_word' id='word_1_492' title='bbox 1089 4099 1194 4156; x_wconf 85' lang='lat' dir='ltr'><strong>sibi</strong></span> <span class='ocrx_word' id='word_1_493' title='bbox 1222 4100 1331 4154; x_wconf 86' lang='lat' dir='ltr'><strong>vim</strong></span> <span class='ocrx_word' id='word_1_494' title='bbox 1358 4114 1487 4156; x_wconf 91' lang='lat' dir='ltr'><strong>esse</strong></span> <span class='ocrx_word' id='word_1_495' title='bbox 1511 4101 1580 4154; x_wconf 91' lang='lat' dir='ltr'><strong>ad</strong></span> <span class='ocrx_word' id='word_1_496' title='bbox 1613 4099 1895 4154; x_wconf 89' lang='lat' dir='ltr'><strong>obsisten-</strong></span> 
     </span>
    </p>
   </div>
   <div class='ocr_carea' id='block_1_69' title="bbox 308 4189 1898 4262">
    <p class='ocr_par' dir='ltr' id='par_1_69' title="bbox 308 4189 1898 4262">
     <span class='ocr_line' id='line_1_69' title="bbox 308 4189 1898 4262; baseline -0.005 -13"><span class='ocrx_word' id='word_1_497' title='bbox 308 4195 437 4249; x_wconf 87' lang='lat' dir='ltr'><strong>dum</strong></span> <span class='ocrx_word' id='word_1_498' title='bbox 468 4191 538 4248; x_wconf 90' lang='lat' dir='ltr'><strong>iis</strong></span> <span class='ocrx_word' id='word_1_499' title='bbox 570 4189 848 4258; x_wconf 87' lang='lat' dir='ltr'><strong>barbaris,</strong></span> <span class='ocrx_word' id='word_1_500' title='bbox 903 4191 1100 4262; x_wconf 86' lang='lat' dir='ltr'><strong>partim</strong></span> <span class='ocrx_word' id='word_1_501' title='bbox 1139 4191 1194 4244; x_wconf 88' lang='lat' dir='ltr'><strong>in</strong></span> <span class='ocrx_word' id='word_1_502' title='bbox 1229 4191 1398 4246; x_wconf 88' lang='lat' dir='ltr'><strong>urbes</strong></span> <span class='ocrx_word' id='word_1_503' title='bbox 1435 4199 1531 4244; x_wconf 88' lang='lat' dir='ltr'><strong>aut</strong></span> <span class='ocrx_word' id='word_1_504' title='bbox 1577 4203 1736 4244; x_wconf 89' lang='lat' dir='ltr'><strong>arces</strong></span> <span class='ocrx_word' id='word_1_505' title='bbox 1765 4204 1898 4244; x_wconf 89' lang='lat' dir='ltr'><strong>con-</strong></span> 
     </span>
    </p>
   </div>
   <div class='ocr_carea' id='block_1_70' title="bbox 306 4281 1895 4358">
    <p class='ocr_par' dir='ltr' id='par_1_70' title="bbox 306 4281 1895 4358">
     <span class='ocr_line' id='line_1_70' title="bbox 306 4281 1895 4358; baseline -0.004 -17"><span class='ocrx_word' id='word_1_506' title='bbox 306 4284 628 4358; x_wconf 74' lang='lat' dir='ltr'><strong>fugiebant,</strong></span> <span class='ocrx_word' id='word_1_507' title='bbox 681 4284 882 4354; x_wconf 89' lang='lat' dir='ltr'><strong>partim</strong></span> <span class='ocrx_word' id='word_1_508' title='bbox 937 4283 1172 4339; x_wconf 87' lang='lat' dir='ltr'><strong>salutem</strong></span> <span class='ocrx_word' id='word_1_509' title='bbox 1212 4284 1266 4337; x_wconf 94' lang='lat' dir='ltr'><strong>in</strong></span> <span class='ocrx_word' id='word_1_510' title='bbox 1315 4282 1512 4338; x_wconf 85' lang='lat' dir='ltr'><strong>insulis</strong></span> <span class='ocrx_word' id='word_1_511' title='bbox 1553 4281 1895 4352; x_wconf 62' lang='lat' dir='ltr'><strong>quaerebant,</strong></span> 
     </span>
    </p>
   </div>
   <div class='ocr_carea' id='block_1_71' title="bbox 309 4373 1898 4450">
    <p class='ocr_par' dir='ltr' id='par_1_71' title="bbox 309 4373 1898 4450">
     <span class='ocr_line' id='line_1_71' title="bbox 309 4373 1898 4450; baseline -0.001 -17"><span class='ocrx_word' id='word_1_512' title='bbox 309 4377 504 4450; x_wconf 89' lang='lat' dir='ltr'><strong>partim</strong></span> <span class='ocrx_word' id='word_1_513' title='bbox 556 4390 722 4445; x_wconf 89' lang='lat' dir='ltr'><strong>quam</strong></span> <span class='ocrx_word' id='word_1_514' title='bbox 773 4383 1034 4446; x_wconf 88' lang='lat' dir='ltr'><strong>poterant</strong></span> <span class='ocrx_word' id='word_1_515' title='bbox 1085 4373 1416 4446; x_wconf 77' lang='lat' dir='ltr'><strong>longissime</strong></span> <span class='ocrx_word' id='word_1_516' title='bbox 1481 4390 1600 4430; x_wconf 89' lang='lat' dir='ltr'><strong>sea</strong></span> <span class='ocrx_word' id='word_1_517' title='bbox 1651 4375 1898 4445; x_wconf 88' lang='lat' dir='ltr'><strong>periculo</strong></span> 
     </span>
    </p>
   </div>
   <div class='ocr_carea' id='block_1_72' title="bbox 309 4467 1894 4526">
    <p class='ocr_par' dir='ltr' id='par_1_72' title="bbox 309 4467 1894 4526">
     <span class='ocr_line' id='line_1_72' title="bbox 309 4467 1894 4526; baseline 0.001 -2"><span class='ocrx_word' id='word_1_518' title='bbox 309 4478 657 4525; x_wconf 77' lang='lat' dir='ltr'><strong>removentes</strong></span> <span class='ocrx_word' id='word_1_519' title='bbox 721 4467 778 4524; x_wconf 89' lang='lat' dir='ltr'><strong>in</strong></span> <span class='ocrx_word' id='word_1_520' title='bbox 828 4468 1037 4524; x_wconf 90' lang='lat' dir='ltr'><strong>abditis</strong></span> <span class='ocrx_word' id='word_1_521' title='bbox 1095 4467 1342 4525; x_wconf 70' lang='lat' dir='ltr'><strong>adversae</strong></span> <span class='ocrx_word' id='word_1_522' title='bbox 1373 4469 1711 4524; x_wconf 88' lang='lat' dir='ltr'><strong>continentis</strong></span> <span class='ocrx_word' id='word_1_523' title='bbox 1757 4469 1894 4526; x_wconf 90' lang='lat' dir='ltr'><strong>locis</strong></span> 
     </span>
    </p>
   </div>
   <div class='ocr_carea' id='block_1_73' title="bbox 308 4559 1894 4633">
    <p class='ocr_par' dir='ltr' id='par_1_73' title="bbox 308 4559 1894 4633">
     <span class='ocr_line' id='line_1_73' title="bbox 308 4559 1894 4633; baseline -0.003 -13"><span class='ocrx_word' id='word_1_524' title='bbox 308 4578 568 4620; x_wconf 89' lang='lat' dir='ltr'><strong>securum</strong></span> <span class='ocrx_word' id='word_1_525' title='bbox 616 4559 880 4633; x_wconf 77' lang='lat' dir='ltr'><strong>eﬂ‘ugium</strong></span> <span class='ocrx_word' id='word_1_526' title='bbox 939 4562 1154 4627; x_wconf 81' lang='lat' dir='ltr'><strong>trepide</strong></span> <span class='ocrx_word' id='word_1_527' title='bbox 1203 4561 1526 4631; x_wconf 87' lang='lat' dir='ltr'><strong>captabant.</strong></span> <span class='ocrx_word' id='word_1_528' title='bbox 1561 4561 1744 4632; x_wconf 87' lang='lat' dir='ltr'><strong>Ipsius</strong></span> <span class='ocrx_word' id='word_1_529' title='bbox 1791 4576 1894 4616; x_wconf 66' lang='lat' dir='ltr'><strong>auo</strong></span> 
     </span>
    </p>
   </div>
   <div class='ocr_carea' id='block_1_74' title="bbox 310 4653 1892 4726">
    <p class='ocr_par' dir='ltr' id='par_1_74' title="bbox 310 4653 1892 4726">
     <span class='ocr_line' id='line_1_74' title="bbox 310 4653 1892 4726; baseline 0.001 -18"><span class='ocrx_word' id='word_1_530' title='bbox 310 4667 419 4711; x_wconf 89' lang='lat' dir='ltr'><strong>tem</strong></span> <span class='ocrx_word' id='word_1_531' title='bbox 476 4670 688 4726; x_wconf 70' lang='lat' dir='ltr'><strong>magna:</strong></span> <span class='ocrx_word' id='word_1_532' title='bbox 725 4654 882 4712; x_wconf 88' lang='lat' dir='ltr'><strong>urbis</strong></span> <span class='ocrx_word' id='word_1_533' title='bbox 913 4653 1112 4710; x_wconf 85' lang='lat' dir='ltr'><strong>incolae</strong></span> <span class='ocrx_word' id='word_1_534' title='bbox 1167 4668 1364 4724; x_wconf 75' lang='lat' dir='ltr'><strong>magna</strong></span> <span class='ocrx_word' id='word_1_535' title='bbox 1403 4653 1553 4710; x_wconf 89' lang='lat' dir='ltr'><strong>intus</strong></span> <span class='ocrx_word' id='word_1_536' title='bbox 1589 4669 1778 4710; x_wconf 89' lang='lat' dir='ltr'><strong>rerum</strong></span> <span class='ocrx_word' id='word_1_537' title='bbox 1821 4655 1892 4710; x_wconf 88' lang='lat' dir='ltr'><strong>ad</strong></span> 
     </span>
    </p>
   </div>
   <div class='ocr_carea' id='block_1_75' title="bbox 313 4746 1896 4818">
    <p class='ocr_par' dir='ltr' id='par_1_75' title="bbox 313 4746 1896 4818">
     <span class='ocr_line' id='line_1_75' title="bbox 313 4746 1896 4818; baseline -0.001 -15"><span class='ocrx_word' id='word_1_538' title='bbox 313 4749 518 4804; x_wconf 77' lang='lat' dir='ltr'><strong>rictum</strong></span> <span class='ocrx_word' id='word_1_539' title='bbox 535 4749 986 4805; x_wconf 89' lang='lat' dir='ltr'><strong>necessariarum</strong></span> <span class='ocrx_word' id='word_1_540' title='bbox 1016 4747 1248 4818; x_wconf 90' lang='lat' dir='ltr'><strong>penuria</strong></span> <span class='ocrx_word' id='word_1_541' title='bbox 1271 4746 1604 4817; x_wconf 80' lang='lat' dir='ltr'><strong>urgebamur</strong></span> <span class='ocrx_word' id='word_1_542' title='bbox 1622 4746 1694 4804; x_wconf 90' lang='lat' dir='ltr'><strong>ob</strong></span> <span class='ocrx_word' id='word_1_543' title='bbox 1711 4753 1896 4804; x_wconf 87' lang='lat' dir='ltr'><strong>vasta—</strong></span> 
     </span>
    </p>
   </div>
   <div class='ocr_carea' id='block_1_76' title="bbox 310 4839 1893 4911">
    <p class='ocr_par' dir='ltr' id='par_1_76' title="bbox 310 4839 1893 4911">
     <span class='ocr_line' id='line_1_76' title="bbox 310 4839 1893 4911; baseline 0.001 -17"><span class='ocrx_word' id='word_1_544' title='bbox 310 4851 396 4896; x_wconf 86' lang='lat' dir='ltr'><strong>tas</strong></span> <span class='ocrx_word' id='word_1_545' title='bbox 435 4841 644 4895; x_wconf 90' lang='lat' dir='ltr'><strong>circum</strong></span> <span class='ocrx_word' id='word_1_546' title='bbox 703 4839 1100 4910; x_wconf 75' lang='lat' dir='ltr'><strong>desolataeque</strong></span> <span class='ocrx_word' id='word_1_547' title='bbox 1151 4839 1446 4911; x_wconf 80' lang='lat' dir='ltr'><strong>regiones,</strong></span> <span class='ocrx_word' id='word_1_548' title='bbox 1479 4840 1627 4896; x_wconf 90' lang='lat' dir='ltr'><strong>unde</strong></span> <span class='ocrx_word' id='word_1_549' title='bbox 1681 4840 1749 4896; x_wconf 90' lang='lat' dir='ltr'><strong>ad</strong></span> <span class='ocrx_word' id='word_1_550' title='bbox 1789 4855 1893 4896; x_wconf 88' lang='lat' dir='ltr'><strong>nos</strong></span> 
     </span>
    </p>
   </div>
   <div class='ocr_carea' id='block_1_77' title="bbox 309 4928 1895 5000">
    <p class='ocr_par' dir='ltr' id='par_1_77' title="bbox 309 4928 1895 5000">
     <span class='ocr_line' id='line_1_77' title="bbox 309 4928 1895 5000; baseline -0.001 -14"><span class='ocrx_word' id='word_1_551' title='bbox 309 4929 524 4986; x_wconf 85' lang='lat' dir='ltr'><strong>solebat</strong></span> <span class='ocrx_word' id='word_1_552' title='bbox 552 4943 773 4984; x_wconf 88' lang='lat' dir='ltr'><strong>annona</strong></span> <span class='ocrx_word' id='word_1_553' title='bbox 799 4928 1062 4984; x_wconf 87' lang='lat' dir='ltr'><strong>conferri.</strong></span> <span class='ocrx_word' id='word_1_554' title='bbox 1095 4929 1177 4983; x_wconf 87' lang='lat' dir='ltr'><strong>Ad</strong></span> <span class='ocrx_word' id='word_1_555' title='bbox 1197 4928 1314 4984; x_wconf 71' lang='lat' dir='ltr'><strong>haec</strong></span> <span class='ocrx_word' id='word_1_556' title='bbox 1342 4929 1688 4985; x_wconf 88' lang='lat' dir='ltr'><strong>emendanda</strong></span> <span class='ocrx_word' id='word_1_557' title='bbox 1718 4945 1895 5000; x_wconf 88' lang='lat' dir='ltr'><strong>quan-</strong></span> 
     </span>
    </p>
   </div>
   <div class='ocr_carea' id='block_1_78' title="bbox 311 5019 1894 5092">
    <p class='ocr_par' dir='ltr' id='par_1_78' title="bbox 311 5019 1894 5092">
     <span class='ocr_line' id='line_1_78' title="bbox 311 5019 1894 5092; baseline 0.001 -16"><span class='ocrx_word' id='word_1_558' title='bbox 311 5031 428 5076; x_wconf 91' lang='lat' dir='ltr'><strong>tum</strong></span> <span class='ocrx_word' id='word_1_559' title='bbox 465 5029 684 5092; x_wconf 83' lang='lat' dir='ltr'><strong>poterat</strong></span> <span class='ocrx_word' id='word_1_560' title='bbox 730 5035 862 5075; x_wconf 87' lang='lat' dir='ltr'><strong>cura</strong></span> <span class='ocrx_word' id='word_1_561' title='bbox 909 5019 1262 5092; x_wconf 88' lang='lat' dir='ltr'><strong>consilioque</strong></span> <span class='ocrx_word' id='word_1_562' title='bbox 1293 5021 1626 5078; x_wconf 89' lang='lat' dir='ltr'><strong>incumbens</strong></span> <span class='ocrx_word' id='word_1_563' title='bbox 1654 5022 1894 5092; x_wconf 85' lang='lat' dir='ltr'><strong>impera-</strong></span> 
     </span>
    </p>
   </div>
   <div class='ocr_carea' id='block_1_79' title="bbox 314 5109 1895 5182">
    <p class='ocr_par' dir='ltr' id='par_1_79' title="bbox 314 5109 1895 5182">
     <span class='ocr_line' id='line_1_79' title="bbox 314 5109 1895 5182; baseline 0.001 -14"><span class='ocrx_word' id='word_1_564' title='bbox 314 5125 420 5178; x_wconf 87' lang='lat' dir='ltr'><strong>tor,</strong></span> <span class='ocrx_word' id='word_1_565' title='bbox 475 5127 600 5167; x_wconf 90' lang='lat' dir='ltr'><strong>cum</strong></span> <span class='ocrx_word' id='word_1_566' title='bbox 649 5111 859 5167; x_wconf 89' lang='lat' dir='ltr'><strong>nullam</strong></span> <span class='ocrx_word' id='word_1_567' title='bbox 888 5109 1000 5182; x_wconf 90' lang='lat' dir='ltr'><strong>jam</strong></span> <span class='ocrx_word' id='word_1_568' title='bbox 1062 5127 1217 5182; x_wconf 89' lang='lat' dir='ltr'><strong>spem</strong></span> <span class='ocrx_word' id='word_1_569' title='bbox 1263 5111 1492 5168; x_wconf 88' lang='lat' dir='ltr'><strong>haberet</strong></span> <span class='ocrx_word' id='word_1_570' title='bbox 1539 5112 1595 5168; x_wconf 92' lang='lat' dir='ltr'><strong>in</strong></span> <span class='ocrx_word' id='word_1_571' title='bbox 1632 5111 1895 5169; x_wconf 80' lang='lat' dir='ltr'><strong>Romanis</strong></span> 
     </span>
    </p>
   </div>
   <div class='ocr_carea' id='block_1_80' title="bbox 309 5205 1898 5277">
    <p class='ocr_par' dir='ltr' id='par_1_80' title="bbox 309 5205 1898 5277">
     <span class='ocr_line' id='line_1_80' title="bbox 309 5205 1898 5277; baseline 0.001 -15"><span class='ocrx_word' id='word_1_572' title='bbox 309 5205 508 5277; x_wconf 88' lang='lat' dir='ltr'><strong>copiis,</strong></span> <span class='ocrx_word' id='word_1_573' title='bbox 565 5215 756 5260; x_wconf 81' lang='lat' dir='ltr'><strong>extera</strong></span> <span class='ocrx_word' id='word_1_574' title='bbox 801 5219 934 5260; x_wconf 89' lang='lat' dir='ltr'><strong>vero</strong></span> <span class='ocrx_word' id='word_1_575' title='bbox 979 5205 1242 5261; x_wconf 81' lang='lat' dir='ltr'><strong>auxiliari</strong></span> <span class='ocrx_word' id='word_1_576' title='bbox 1273 5205 1464 5261; x_wconf 87' lang='lat' dir='ltr'><strong>militia</strong></span> <span class='ocrx_word' id='word_1_577' title='bbox 1505 5216 1764 5277; x_wconf 88' lang='lat' dir='ltr'><strong>proterva</strong></span> <span class='ocrx_word' id='word_1_578' title='bbox 1795 5222 1898 5264; x_wconf 76' lang='lat' dir='ltr'><strong>sa:-</strong></span> 
     </span>
    </p>
   </div>
   <div class='ocr_carea' id='block_1_81' title="bbox 309 5297 1898 5370">
    <p class='ocr_par' dir='ltr' id='par_1_81' title="bbox 309 5297 1898 5370">
     <span class='ocr_line' id='line_1_81' title="bbox 309 5297 1898 5370; baseline 0.001 -15"><span class='ocrx_word' id='word_1_579' title='bbox 309 5315 489 5370; x_wconf 78' lang='lat' dir='ltr'><strong>vaque</strong></span> <span class='ocrx_word' id='word_1_580' title='bbox 522 5299 830 5369; x_wconf 87' lang='lat' dir='ltr'><strong>eademque</strong></span> <span class='ocrx_word' id='word_1_581' title='bbox 891 5297 1040 5352; x_wconf 83' lang='lat' dir='ltr'><strong>haud</strong></span> <span class='ocrx_word' id='word_1_582' title='bbox 1087 5299 1224 5355; x_wconf 86' lang='lat' dir='ltr'><strong>satis</strong></span> <span class='ocrx_word' id='word_1_583' title='bbox 1269 5298 1373 5354; x_wconf 78' lang='lat' dir='ltr'><strong>lida</strong></span> <span class='ocrx_word' id='word_1_584' title='bbox 1428 5309 1713 5366; x_wconf 85' lang='lat' dir='ltr'><strong>uteretur,</strong></span> <span class='ocrx_word' id='word_1_585' title='bbox 1749 5303 1898 5358; x_wconf 90' lang='lat' dir='ltr'><strong>unde</strong></span> 
     </span>
    </p>
   </div>
   <div class='ocr_carea' id='block_1_82' title="bbox 309 5392 1894 5464">
    <p class='ocr_par' dir='ltr' id='par_1_82' title="bbox 309 5392 1894 5464">
     <span class='ocr_line' id='line_1_82' title="bbox 309 5392 1894 5464; baseline 0 -16"><span class='ocrx_word' id='word_1_586' title='bbox 309 5407 414 5448; x_wconf 90' lang='lat' dir='ltr'><strong>nec</strong></span> <span class='ocrx_word' id='word_1_587' title='bbox 441 5392 796 5460; x_wconf 79' lang='lat' dir='ltr'><strong>acquiescere</strong></span> <span class='ocrx_word' id='word_1_588' title='bbox 825 5393 1012 5446; x_wconf 92' lang='lat' dir='ltr'><strong>animo</strong></span> <span class='ocrx_word' id='word_1_589' title='bbox 1045 5401 1256 5462; x_wconf 86' lang='lat' dir='ltr'><strong>posset,</strong></span> <span class='ocrx_word' id='word_1_590' title='bbox 1295 5393 1463 5447; x_wconf 87' lang='lat' dir='ltr'><strong>vertit</strong></span> <span class='ocrx_word' id='word_1_591' title='bbox 1501 5393 1894 5464; x_wconf 81' lang='lat' dir='ltr'><strong>cogitationem</strong></span> 
     </span>
    </p>
   </div>
   <div class='ocr_carea' id='block_1_83' title="bbox 309 5484 1896 5544">
    <p class='ocr_par' dir='ltr' id='par_1_83' title="bbox 309 5484 1896 5544">
     <span class='ocr_line' id='line_1_83' title="bbox 309 5484 1896 5544; baseline 0.003 -4"><span class='ocrx_word' id='word_1_592' title='bbox 309 5486 378 5540; x_wconf 91' lang='lat' dir='ltr'><strong>ad</strong></span> <span class='ocrx_word' id='word_1_593' title='bbox 419 5486 629 5542; x_wconf 90' lang='lat' dir='ltr'><strong>certius</strong></span> <span class='ocrx_word' id='word_1_594' title='bbox 665 5484 934 5539; x_wconf 75' lang='lat' dir='ltr'><strong>auxilium</strong></span> <span class='ocrx_word' id='word_1_595' title='bbox 977 5500 1006 5539; x_wconf 87' lang='lat' dir='ltr'><strong>a</strong></span> <span class='ocrx_word' id='word_1_596' title='bbox 1035 5485 1258 5540; x_wconf 85' lang='lat' dir='ltr'><strong>Cazane</strong></span> <span class='ocrx_word' id='word_1_597' title='bbox 1285 5485 1665 5542; x_wconf 88' lang='lat' dir='ltr'><strong>Tocbarorum</strong></span> <span class='ocrx_word' id='word_1_598' title='bbox 1695 5485 1896 5544; x_wconf 89' lang='lat' dir='ltr'><strong>Orien-</strong></span> 
     </span>
    </p>
   </div>
   <div class='ocr_carea' id='block_1_84' title="bbox 312 5579 1900 5654">
    <p class='ocr_par' dir='ltr' id='par_1_84' title="bbox 312 5579 1900 5654">
     <span class='ocr_line' id='line_1_84' title="bbox 312 5579 1900 5654; baseline 0.003 -20"><span class='ocrx_word' id='word_1_599' title='bbox 312 5580 502 5634; x_wconf 89' lang='lat' dir='ltr'><strong>talium</strong></span> <span class='ocrx_word' id='word_1_600' title='bbox 540 5593 804 5650; x_wconf 88' lang='lat' dir='ltr'><strong>supremo</strong></span> <span class='ocrx_word' id='word_1_601' title='bbox 852 5579 1101 5648; x_wconf 84' lang='lat' dir='ltr'><strong>principe</strong></span> <span class='ocrx_word' id='word_1_602' title='bbox 1129 5579 1326 5648; x_wconf 83' lang='lat' dir='ltr'><strong>(Canio</strong></span> <span class='ocrx_word' id='word_1_603' title='bbox 1362 5580 1468 5650; x_wconf 86' lang='lat' dir='ltr'><strong>ipsi</strong></span> <span class='ocrx_word' id='word_1_604' title='bbox 1505 5579 1727 5651; x_wconf 69' lang='lat' dir='ltr'><strong>vocant)</strong></span> <span class='ocrx_word' id='word_1_605' title='bbox 1789 5579 1900 5654; x_wconf 66' lang='lat' dir='ltr'><strong>Bo-</strong></span> 
     </span>
    </p>
   </div>
   <div class='ocr_carea' id='block_1_85' title="bbox 311 5671 1898 5744">
    <p class='ocr_par' dir='ltr' id='par_1_85' title="bbox 311 5671 1898 5744">
     <span class='ocr_line' id='line_1_85' title="bbox 311 5671 1898 5744; baseline 0.003 -18"><span class='ocrx_word' id='word_1_606' title='bbox 311 5686 476 5726; x_wconf 88' lang='lat' dir='ltr'><strong>mano</strong></span> <span class='ocrx_word' id='word_1_607' title='bbox 507 5671 740 5741; x_wconf 89' lang='lat' dir='ltr'><strong>imperio</strong></span> <span class='ocrx_word' id='word_1_608' title='bbox 772 5671 1204 5726; x_wconf 89' lang='lat' dir='ltr'><strong>conciliandum.</strong></span> <span class='ocrx_word' id='word_1_609' title='bbox 1257 5673 1426 5729; x_wconf 81' lang='lat' dir='ltr'><strong>Mittit</strong></span> <span class='ocrx_word' id='word_1_610' title='bbox 1459 5688 1591 5744; x_wconf 78' lang='lat' dir='ltr'><strong>ergo</strong></span> <span class='ocrx_word' id='word_1_611' title='bbox 1630 5674 1696 5729; x_wconf 88' lang='lat' dir='ltr'><strong>ad</strong></span> <span class='ocrx_word' id='word_1_612' title='bbox 1747 5675 1898 5730; x_wconf 87' lang='lat' dir='ltr'><strong>hunc</strong></span> 
     </span>
    </p>
   </div>
   <div class='ocr_carea' id='block_1_86' title="bbox 311 5758 1896 5836">
    <p class='ocr_par' dir='ltr' id='par_1_86' title="bbox 311 5758 1896 5836">
     <span class='ocr_line' id='line_1_86' title="bbox 311 5758 1896 5836; baseline 0.004 -20"><span class='ocrx_word' id='word_1_613' title='bbox 311 5762 405 5831; x_wconf 91' lang='lat' dir='ltr'><strong>qui</strong></span> <span class='ocrx_word' id='word_1_614' title='bbox 449 5763 676 5820; x_wconf 67' lang='lat' dir='ltr'><strong>foederis</strong></span> <span class='ocrx_word' id='word_1_615' title='bbox 716 5777 906 5819; x_wconf 89' lang='lat' dir='ltr'><strong>secum</strong></span> <span class='ocrx_word' id='word_1_616' title='bbox 957 5758 1330 5820; x_wconf 84' lang='lat' dir='ltr'><strong>conditionem</strong></span> <span class='ocrx_word' id='word_1_617' title='bbox 1377 5767 1613 5836; x_wconf 88' lang='lat' dir='ltr'><strong>nuptiali</strong></span> <span class='ocrx_word' id='word_1_618' title='bbox 1651 5767 1896 5824; x_wconf 88' lang='lat' dir='ltr'><strong>necessi-</strong></span> 
     </span>
    </p>
   </div>
   <div class='ocr_carea' id='block_1_87' title="bbox 312 5855 1896 5933">
    <p class='ocr_par' dir='ltr' id='par_1_87' title="bbox 312 5855 1896 5933">
     <span class='ocr_line' id='line_1_87' title="bbox 312 5855 1896 5933; baseline 0.004 -23"><span class='ocrx_word' id='word_1_619' title='bbox 312 5855 505 5912; x_wconf 84' lang='lat' dir='ltr'><strong>tudine</strong></span> <span class='ocrx_word' id='word_1_620' title='bbox 555 5855 808 5912; x_wconf 81' lang='lat' dir='ltr'><strong>ﬁrmandi</strong></span> <span class='ocrx_word' id='word_1_621' title='bbox 839 5855 1093 5927; x_wconf 67' lang='lat' dir='ltr'><strong>offerant,</strong></span> <span class='ocrx_word' id='word_1_622' title='bbox 1153 5866 1423 5930; x_wconf 87' lang='lat' dir='ltr'><strong>orentque</strong></span> <span class='ocrx_word' id='word_1_623' title='bbox 1457 5871 1513 5914; x_wconf 90' lang='lat' dir='ltr'><strong>ut</strong></span> <span class='ocrx_word' id='word_1_624' title='bbox 1543 5877 1652 5933; x_wconf 88' lang='lat' dir='ltr'><strong>qua</strong></span> <span class='ocrx_word' id='word_1_625' title='bbox 1681 5862 1896 5921; x_wconf 83' lang='lat' dir='ltr'><strong>valebat</strong></span> 
     </span>
    </p>
   </div>
   <div class='ocr_carea' id='block_1_88' title="bbox 2001 3265 3580 3336">
    <p class='ocr_par' dir='ltr' id='par_1_88' title="bbox 2001 3265 3580 3336">
     <span class='ocr_line' id='line_1_88' title="bbox 2001 3265 3580 3336; baseline -0.003 -11"><span class='ocrx_word' id='word_1_626' title='bbox 2001 3265 2323 3325; x_wconf 86' lang='lat' dir='ltr'><strong>solemniter</strong></span> <span class='ocrx_word' id='word_1_627' title='bbox 2367 3265 2626 3336; x_wconf 91' lang='lat' dir='ltr'><strong>promisit</strong></span> <span class='ocrx_word' id='word_1_628' title='bbox 2667 3281 2792 3322; x_wconf 83' lang='lat' dir='ltr'><strong>sese</strong></span> <span class='ocrx_word' id='word_1_629' title='bbox 2838 3269 3238 3336; x_wconf 87' lang='lat' dir='ltr'><strong>coercitnrum,</strong></span> <span class='ocrx_word' id='word_1_630' title='bbox 3290 3277 3346 3322; x_wconf 91' lang='lat' dir='ltr'><strong>et</strong></span> <span class='ocrx_word' id='word_1_631' title='bbox 3384 3267 3438 3322; x_wconf 92' lang='lat' dir='ltr'><strong>ni</strong></span> <span class='ocrx_word' id='word_1_632' title='bbox 3481 3283 3580 3336; x_wconf 89' lang='lat' dir='ltr'><strong>pa-</strong></span> 
     </span>
    </p>
   </div>
   <div class='ocr_carea' id='block_1_89' title="bbox 2007 3359 3579 3431">
    <p class='ocr_par' dir='ltr' id='par_1_89' title="bbox 2007 3359 3579 3431">
     <span class='ocr_line' id='line_1_89' title="bbox 2007 3359 3579 3431; baseline 0.001 -17"><span class='ocrx_word' id='word_1_633' title='bbox 2007 3369 2216 3421; x_wconf 85' lang='lat' dir='ltr'><strong>rerent,</strong></span> <span class='ocrx_word' id='word_1_634' title='bbox 2272 3359 2443 3412; x_wconf 89' lang='lat' dir='ltr'><strong>armis</strong></span> <span class='ocrx_word' id='word_1_635' title='bbox 2494 3373 2886 3427; x_wconf 89' lang='lat' dir='ltr'><strong>repressurum</strong></span> <span class='ocrx_word' id='word_1_636' title='bbox 2946 3361 3164 3429; x_wconf 85' lang='lat' dir='ltr'><strong>iniquos</strong></span> <span class='ocrx_word' id='word_1_637' title='bbox 3217 3371 3579 3431; x_wconf 78' lang='lat' dir='ltr'><strong>grassatores.</strong></span> 
     </span>
    </p>
   </div>
   <div class='ocr_carea' id='block_1_90' title="bbox 1999 3448 3582 3524">
    <p class='ocr_par' dir='ltr' id='par_1_90' title="bbox 1999 3448 3582 3524">
     <span class='ocr_line' id='line_1_90' title="bbox 1999 3448 3582 3524; baseline -0.003 -19"><span class='ocrx_word' id='word_1_638' title='bbox 1999 3451 2164 3524; x_wconf 62' lang='lat'><strong>403</strong></span> <span class='ocrx_word' id='word_1_639' title='bbox 2206 3452 2320 3504; x_wconf 87' lang='lat' dir='ltr'><strong>Hac</strong></span> <span class='ocrx_word' id='word_1_640' title='bbox 2352 3449 2496 3520; x_wconf 88' lang='lat' dir='ltr'><strong>apud</strong></span> <span class='ocrx_word' id='word_1_641' title='bbox 2543 3449 2810 3504; x_wconf 89' lang='lat' dir='ltr'><strong>barbaros</strong></span> <span class='ocrx_word' id='word_1_642' title='bbox 2845 3465 2939 3516; x_wconf 90' lang='lat' dir='ltr'><strong>per</strong></span> <span class='ocrx_word' id='word_1_643' title='bbox 2972 3448 3298 3507; x_wconf 80' lang='lat' dir='ltr'><strong>Romaniam</strong></span> <span class='ocrx_word' id='word_1_644' title='bbox 3355 3451 3582 3521; x_wconf 79' lang='lat' dir='ltr'><strong>impune</strong></span> 
     </span>
    </p>
   </div>
   <div class='ocr_carea' id='block_1_91' title="bbox 2003 3541 3585 3612">
    <p class='ocr_par' dir='ltr' id='par_1_91' title="bbox 2003 3541 3585 3612">
     <span class='ocr_line' id='line_1_91' title="bbox 2003 3541 3585 3612; baseline 0.002 -19"><span class='ocrx_word' id='word_1_645' title='bbox 2003 3543 2451 3597; x_wconf 86' lang='lat' dir='ltr'><strong>latrocinantinm</strong></span> <span class='ocrx_word' id='word_1_646' title='bbox 2501 3543 2670 3598; x_wconf 89' lang='lat' dir='ltr'><strong>duces</strong></span> <span class='ocrx_word' id='word_1_647' title='bbox 2717 3542 2826 3595; x_wconf 86' lang='lat' dir='ltr'><strong>late</strong></span> <span class='ocrx_word' id='word_1_648' title='bbox 2871 3541 3124 3604; x_wconf 82' lang='lat' dir='ltr'><strong>Cazauis.</strong></span> <span class='ocrx_word' id='word_1_649' title='bbox 3181 3542 3342 3612; x_wconf 84' lang='lat' dir='ltr'><strong>cujus</strong></span> <span class='ocrx_word' id='word_1_650' title='bbox 3391 3551 3585 3612; x_wconf 87' lang='lat' dir='ltr'><strong>poten-</strong></span> 
     </span>
    </p>
   </div>
   <div class='ocr_carea' id='block_1_92' title="bbox 2003 3635 3582 3706">
    <p class='ocr_par' dir='ltr' id='par_1_92' title="bbox 2003 3635 3582 3706">
     <span class='ocr_line' id='line_1_92' title="bbox 2003 3635 3582 3706; baseline 0.001 -18"><span class='ocrx_word' id='word_1_651' title='bbox 2003 3635 2133 3688; x_wconf 79' lang='lat' dir='ltr'><strong>tiam</strong></span> <span class='ocrx_word' id='word_1_652' title='bbox 2189 3642 2424 3701; x_wconf 90' lang='lat' dir='ltr'><strong>norant,</strong></span> <span class='ocrx_word' id='word_1_653' title='bbox 2467 3635 2895 3690; x_wconf 83' lang='lat' dir='ltr'><strong>comminatione</strong></span> <span class='ocrx_word' id='word_1_654' title='bbox 2947 3635 3167 3706; x_wconf 75' lang='lat' dir='ltr'><strong>vulgata</strong></span> <span class='ocrx_word' id='word_1_655' title='bbox 3210 3636 3341 3690; x_wconf 84' lang='lat' dir='ltr'><strong>moti</strong></span> <span class='ocrx_word' id='word_1_656' title='bbox 3389 3651 3582 3691; x_wconf 88' lang='lat' dir='ltr'><strong>omnes</strong></span> 
     </span>
    </p>
   </div>
   <div class='ocr_carea' id='block_1_93' title="bbox 2003 3727 3582 3794">
    <p class='ocr_par' dir='ltr' id='par_1_93' title="bbox 2003 3727 3582 3794">
     <span class='ocr_line' id='line_1_93' title="bbox 2003 3727 3582 3794; baseline -0.001 -13"><span class='ocrx_word' id='word_1_657' title='bbox 2003 3735 2154 3792; x_wconf 88' lang='lat' dir='ltr'><strong>sunt,</strong></span> <span class='ocrx_word' id='word_1_658' title='bbox 2192 3727 2236 3784; x_wconf 90' lang='lat' dir='ltr'><strong>si</strong></span> <span class='ocrx_word' id='word_1_659' title='bbox 2269 3728 2453 3782; x_wconf 89' lang='lat' dir='ltr'><strong>minus</strong></span> <span class='ocrx_word' id='word_1_660' title='bbox 2482 3728 2548 3782; x_wconf 89' lang='lat' dir='ltr'><strong>ad</strong></span> <span class='ocrx_word' id='word_1_661' title='bbox 2593 3727 3012 3794; x_wconf 81' lang='lat' dir='ltr'><strong>continendam,</strong></span> <span class='ocrx_word' id='word_1_662' title='bbox 3063 3729 3255 3784; x_wconf 88' lang='lat' dir='ltr'><strong>saltem</strong></span> <span class='ocrx_word' id='word_1_663' title='bbox 3288 3729 3354 3782; x_wconf 90' lang='lat' dir='ltr'><strong>ad</strong></span> <span class='ocrx_word' id='word_1_664' title='bbox 3393 3730 3582 3782; x_wconf 80' lang='lat' dir='ltr'><strong>mode—</strong></span> 
     </span>
    </p>
   </div>
   <div class='ocr_carea' id='block_1_94' title="bbox 2003 3818 3586 3890">
    <p class='ocr_par' dir='ltr' id='par_1_94' title="bbox 2003 3818 3586 3890">
     <span class='ocr_line' id='line_1_94' title="bbox 2003 3818 3586 3890; baseline -0.002 -17"><span class='ocrx_word' id='word_1_665' title='bbox 2003 3821 2226 3874; x_wconf 88' lang='lat' dir='ltr'><strong>randam</strong></span> <span class='ocrx_word' id='word_1_666' title='bbox 2288 3819 2653 3890; x_wconf 87' lang='lat' dir='ltr'><strong>timidiusque</strong></span> <span class='ocrx_word' id='word_1_667' title='bbox 2699 3819 2960 3890; x_wconf 86' lang='lat' dir='ltr'><strong>deinceps</strong></span> <span class='ocrx_word' id='word_1_668' title='bbox 3011 3818 3373 3875; x_wconf 75' lang='lat' dir='ltr'><strong>exercendam</strong></span> <span class='ocrx_word' id='word_1_669' title='bbox 3429 3819 3586 3872; x_wconf 73' lang='lat' dir='ltr'><strong>saevi-</strong></span> 
     </span>
    </p>
   </div>
   <div class='ocr_carea' id='block_1_95' title="bbox 2004 3909 3582 3982">
    <p class='ocr_par' dir='ltr' id='par_1_95' title="bbox 2004 3909 3582 3982">
     <span class='ocr_line' id='line_1_95' title="bbox 2004 3909 3582 3982; baseline 0 -18"><span class='ocrx_word' id='word_1_670' title='bbox 2004 3912 2158 3966; x_wconf 90' lang='lat' dir='ltr'><strong>tiam.</strong></span> <span class='ocrx_word' id='word_1_671' title='bbox 2193 3909 2330 3966; x_wconf 86' lang='lat' dir='ltr'><strong>Nam</strong></span> <span class='ocrx_word' id='word_1_672' title='bbox 2363 3927 2392 3966; x_wconf 91' lang='lat' dir='ltr'><strong>a</strong></span> <span class='ocrx_word' id='word_1_673' title='bbox 2425 3911 2709 3982; x_wconf 87' lang='lat' dir='ltr'><strong>plerisque</strong></span> <span class='ocrx_word' id='word_1_674' title='bbox 2737 3913 2984 3982; x_wconf 89' lang='lat' dir='ltr'><strong>ipsorum</strong></span> <span class='ocrx_word' id='word_1_675' title='bbox 3015 3925 3210 3981; x_wconf 86' lang='lat' dir='ltr'><strong>parum</strong></span> <span class='ocrx_word' id='word_1_676' title='bbox 3238 3913 3374 3966; x_wconf 86' lang='lat' dir='ltr'><strong>istas</strong></span> <span class='ocrx_word' id='word_1_677' title='bbox 3405 3910 3582 3964; x_wconf 86' lang='lat' dir='ltr'><strong>minas</strong></span> 
     </span>
    </p>
   </div>
   <div class='ocr_carea' id='block_1_96' title="bbox 2002 4001 3582 4072">
    <p class='ocr_par' dir='ltr' id='par_1_96' title="bbox 2002 4001 3582 4072">
     <span class='ocr_line' id='line_1_96' title="bbox 2002 4001 3582 4072; baseline -0.003 -17"><span class='ocrx_word' id='word_1_678' title='bbox 2002 4003 2354 4068; x_wconf 85' lang='lat' dir='ltr'><strong>curantibus,</strong></span> <span class='ocrx_word' id='word_1_679' title='bbox 2391 4001 2742 4058; x_wconf 70' lang='lat' dir='ltr'><strong>simulatione</strong></span> <span class='ocrx_word' id='word_1_680' title='bbox 2779 4013 2937 4058; x_wconf 81' lang='lat' dir='ltr'><strong>lenus</strong></span> <span class='ocrx_word' id='word_1_681' title='bbox 2969 4003 3092 4066; x_wconf 87' lang='lat' dir='ltr'><strong>sola</strong></span> <span class='ocrx_word' id='word_1_682' title='bbox 3124 4018 3223 4058; x_wconf 88' lang='lat' dir='ltr'><strong>nec</strong></span> <span class='ocrx_word' id='word_1_683' title='bbox 3265 4017 3328 4056; x_wconf 89' lang='lat' dir='ltr'><strong>ea</strong></span> <span class='ocrx_word' id='word_1_684' title='bbox 3384 4003 3540 4072; x_wconf 77' lang='lat' dir='ltr'><strong>l0tzga</strong></span> <span class='ocrx_word' id='word_1_685' title='bbox 3569 4041 3582 4064; x_wconf 86' lang='lat'><strong>,</strong></span> 
     </span>
    </p>
   </div>
   <div class='ocr_carea' id='block_1_97' title="bbox 2001 4091 3580 4148">
    <p class='ocr_par' dir='ltr' id='par_1_97' title="bbox 2001 4091 3580 4148">
     <span class='ocr_line' id='line_1_97' title="bbox 2001 4091 3580 4148; baseline -0.003 0"><span class='ocrx_word' id='word_1_686' title='bbox 2001 4093 2244 4148; x_wconf 89' lang='lat' dir='ltr'><strong>delatum</strong></span> <span class='ocrx_word' id='word_1_687' title='bbox 2301 4093 2485 4148; x_wconf 87' lang='lat' dir='ltr'><strong>edicto</strong></span> <span class='ocrx_word' id='word_1_688' title='bbox 2521 4091 2703 4148; x_wconf 73' lang='lat' dir='ltr'><strong>Canis</strong></span> <span class='ocrx_word' id='word_1_689' title='bbox 2745 4103 2826 4148; x_wconf 91' lang='lat' dir='ltr'><strong>est</strong></span> <span class='ocrx_word' id='word_1_690' title='bbox 2875 4092 3066 4147; x_wconf 88' lang='lat' dir='ltr'><strong>absisti</strong></span> <span class='ocrx_word' id='word_1_691' title='bbox 3119 4106 3148 4144; x_wconf 92' lang='lat' dir='ltr'><strong>a</strong></span> <span class='ocrx_word' id='word_1_692' title='bbox 3202 4091 3580 4145; x_wconf 81' lang='lat' dir='ltr'><strong>Romanorum</strong></span> 
     </span>
    </p>
   </div>
   <div class='ocr_carea' id='block_1_98' title="bbox 2003 4183 3582 4253">
    <p class='ocr_par' dir='ltr' id='par_1_98' title="bbox 2003 4183 3582 4253">
     <span class='ocr_line' id='line_1_98' title="bbox 2003 4183 3582 4253; baseline -0.001 -13"><span class='ocrx_word' id='word_1_693' title='bbox 2003 4184 2358 4240; x_wconf 79' lang='lat' dir='ltr'><strong>int‘estatione</strong></span> <span class='ocrx_word' id='word_1_694' title='bbox 2407 4183 2676 4253; x_wconf 77' lang='lat' dir='ltr'><strong>iubentis.</strong></span> <span class='ocrx_word' id='word_1_695' title='bbox 2738 4183 2912 4240; x_wconf 87' lang='lat' dir='ltr'><strong>Uuius‘</strong></span> <span class='ocrx_word' id='word_1_696' title='bbox 2967 4185 3112 4240; x_wconf 88' lang='lat' dir='ltr'><strong>inter</strong></span> <span class='ocrx_word' id='word_1_697' title='bbox 3173 4184 3310 4240; x_wconf 91' lang='lat' dir='ltr'><strong>istos</strong></span> <span class='ocrx_word' id='word_1_698' title='bbox 3373 4183 3582 4238; x_wconf 77' lang='lat' dir='ltr'><strong>Alaidis</strong></span> 
     </span>
    </p>
   </div>
   <div class='ocr_carea' id='block_1_99' title="bbox 2003 4273 3578 4346">
    <p class='ocr_par' dir='ltr' id='par_1_99' title="bbox 2003 4273 3578 4346">
     <span class='ocr_line' id='line_1_99' title="bbox 2003 4273 3578 4346; baseline -0.001 -17"><span class='ocrx_word' id='word_1_699' title='bbox 2003 4277 2170 4346; x_wconf 87' lang='lat' dir='ltr'><strong>paulo</strong></span> <span class='ocrx_word' id='word_1_700' title='bbox 2213 4275 2351 4329; x_wconf 82' lang='lat' dir='ltr'><strong>forte</strong></span> <span class='ocrx_word' id='word_1_701' title='bbox 2381 4273 2566 4331; x_wconf 88' lang='lat' dir='ltr'><strong>minus</strong></span> <span class='ocrx_word' id='word_1_702' title='bbox 2598 4283 2977 4329; x_wconf 84' lang='lat' dir='ltr'><strong>contumacem</strong></span> <span class='ocrx_word' id='word_1_703' title='bbox 3013 4275 3299 4328; x_wconf 85' lang='lat' dir='ltr'><strong>audaciam</strong></span> <span class='ocrx_word' id='word_1_704' title='bbox 3335 4275 3448 4328; x_wconf 84' lang='lat' dir='ltr'><strong>haec</strong></span> <span class='ocrx_word' id='word_1_705' title='bbox 3481 4273 3578 4328; x_wconf 89' lang='lat' dir='ltr'><strong>de-</strong></span> 
     </span>
    </p>
   </div>
   <div class='ocr_carea' id='block_1_100' title="bbox 2003 4365 3580 4438">
    <p class='ocr_par' dir='ltr' id='par_1_100' title="bbox 2003 4365 3580 4438">
     <span class='ocr_line' id='line_1_100' title="bbox 2003 4365 3580 4438; baseline -0.001 -18"><span class='ocrx_word' id='word_1_706' title='bbox 2003 4367 2282 4423; x_wconf 87' lang='lat' dir='ltr'><strong>nuntiatio</strong></span> <span class='ocrx_word' id='word_1_707' title='bbox 2333 4368 2638 4422; x_wconf 85' lang='lat' dir='ltr'><strong>concussit.</strong></span> <span class='ocrx_word' id='word_1_708' title='bbox 2706 4367 2756 4422; x_wconf 81' lang='lat' dir='ltr'><strong>Is</strong></span> <span class='ocrx_word' id='word_1_709' title='bbox 2795 4376 2929 4421; x_wconf 90' lang='lat' dir='ltr'><strong>tunc</strong></span> <span class='ocrx_word' id='word_1_710' title='bbox 2983 4365 3210 4438; x_wconf 81' lang='lat' dir='ltr'><strong>Lydiam</strong></span> <span class='ocrx_word' id='word_1_711' title='bbox 3261 4366 3580 4431; x_wconf 88' lang='lat' dir='ltr'><strong>incursans,</strong></span> 
     </span>
    </p>
   </div>
   <div class='ocr_carea' id='block_1_101' title="bbox 2003 4457 3580 4530">
    <p class='ocr_par' dir='ltr' id='par_1_101' title="bbox 2003 4457 3580 4530">
     <span class='ocr_line' id='line_1_101' title="bbox 2003 4457 3580 4530; baseline -0.001 -17"><span class='ocrx_word' id='word_1_712' title='bbox 2003 4460 2163 4529; x_wconf 83' lang='lat' dir='ltr'><strong>quasi</strong></span> <span class='ocrx_word' id='word_1_713' title='bbox 2201 4469 2440 4514; x_wconf 67' lang='lat' dir='ltr'><strong>verteret</strong></span> <span class='ocrx_word' id='word_1_714' title='bbox 2481 4471 2639 4515; x_wconf 87' lang='lat' dir='ltr'><strong>vetus</strong></span> <span class='ocrx_word' id='word_1_715' title='bbox 2690 4459 3067 4530; x_wconf 84' lang='lat' dir='ltr'><strong>proverbium,</strong></span> <span class='ocrx_word' id='word_1_716' title='bbox 3105 4457 3384 4530; x_wconf 83' lang='lat' dir='ltr'><strong>Mysorum</strong></span> <span class='ocrx_word' id='word_1_717' title='bbox 3419 4474 3448 4514; x_wconf 94' lang='lat' dir='ltr'><strong>e</strong></span> <span class='ocrx_word' id='word_1_718' title='bbox 3475 4458 3580 4530; x_wconf 83' lang='lat' dir='ltr'><strong>Ly-</strong></span> 
     </span>
    </p>
   </div>
   <div class='ocr_carea' id='block_1_102' title="bbox 1999 4551 3585 4622">
    <p class='ocr_par' dir='ltr' id='par_1_102' title="bbox 1999 4551 3585 4622">
     <span class='ocr_line' id='line_1_102' title="bbox 1999 4551 3585 4622; baseline -0.002 -16"><span class='ocrx_word' id='word_1_719' title='bbox 1999 4553 2086 4608; x_wconf 88' lang='lat' dir='ltr'><strong>dis</strong></span> <span class='ocrx_word' id='word_1_720' title='bbox 2119 4551 2451 4622; x_wconf 82' lang='lat' dir='ltr'><strong>congerebat</strong></span> <span class='ocrx_word' id='word_1_721' title='bbox 2487 4553 2723 4622; x_wconf 76' lang='lat' dir='ltr'><strong>praedas.</strong></span> <span class='ocrx_word' id='word_1_722' title='bbox 2761 4551 2922 4618; x_wconf 85' lang='lat' dir='ltr'><strong>Quod</strong></span> <span class='ocrx_word' id='word_1_723' title='bbox 2959 4552 3092 4606; x_wconf 87' lang='lat' dir='ltr'><strong>dum</strong></span> <span class='ocrx_word' id='word_1_724' title='bbox 3128 4552 3275 4622; x_wconf 80' lang='lat' dir='ltr'><strong>agit,</strong></span> <span class='ocrx_word' id='word_1_725' title='bbox 3315 4551 3439 4606; x_wconf 92' lang='lat' dir='ltr'><strong>novi</strong></span> <span class='ocrx_word' id='word_1_726' title='bbox 3477 4551 3585 4605; x_wconf 86' lang='lat' dir='ltr'><strong>Ca—</strong></span> 
     </span>
    </p>
   </div>
   <div class='ocr_carea' id='block_1_103' title="bbox 1997 4635 3584 4715">
    <p class='ocr_par' dir='ltr' id='par_1_103' title="bbox 1997 4635 3584 4715">
     <span class='ocr_line' id='line_1_103' title="bbox 1997 4635 3584 4715; baseline -0.001 -15"><span class='ocrx_word' id='word_1_727' title='bbox 1997 4646 2152 4700; x_wconf 88' lang='lat' dir='ltr'><strong>zanis</strong></span> <span class='ocrx_word' id='word_1_728' title='bbox 2215 4660 2340 4701; x_wconf 92' lang='lat' dir='ltr'><strong>cum</strong></span> <span class='ocrx_word' id='word_1_729' title='bbox 2406 4647 2740 4715; x_wconf 88' lang='lat' dir='ltr'><strong>imperatore</strong></span> <span class='ocrx_word' id='word_1_730' title='bbox 2787 4643 3018 4700; x_wconf 76' lang='lat' dir='ltr'><strong>fcederis</strong></span> <span class='ocrx_word' id='word_1_731' title='bbox 3065 4635 3214 4700; x_wconf 78' lang='lat' dir='ltr'><strong>fama</strong></span> <span class='ocrx_word' id='word_1_732' title='bbox 3280 4643 3584 4714; x_wconf 81' lang='lat' dir='ltr'><strong>improviso</strong></span> 
     </span>
    </p>
   </div>
   <div class='ocr_carea' id='block_1_104' title="bbox 1998 4737 3584 4808">
    <p class='ocr_par' dir='ltr' id='par_1_104' title="bbox 1998 4737 3584 4808">
     <span class='ocr_line' id='line_1_104' title="bbox 1998 4737 3584 4808; baseline -0.003 -15"><span class='ocrx_word' id='word_1_733' title='bbox 1998 4739 2164 4806; x_wconf 69' lang='lat' dir='ltr'><strong>ictus,</strong></span> <span class='ocrx_word' id='word_1_734' title='bbox 2203 4739 2256 4794; x_wconf 92' lang='lat' dir='ltr'><strong>in</strong></span> <span class='ocrx_word' id='word_1_735' title='bbox 2295 4739 2590 4808; x_wconf 80' lang='lat' dir='ltr'><strong>quamdam</strong></span> <span class='ocrx_word' id='word_1_736' title='bbox 2627 4755 2743 4796; x_wconf 82' lang='lat' dir='ltr'><strong>suae</strong></span> <span class='ocrx_word' id='word_1_737' title='bbox 2769 4753 2834 4793; x_wconf 89' lang='lat' dir='ltr'><strong>ac</strong></span> <span class='ocrx_word' id='word_1_738' title='bbox 2863 4753 3090 4794; x_wconf 90' lang='lat' dir='ltr'><strong>suorum</strong></span> <span class='ocrx_word' id='word_1_739' title='bbox 3121 4737 3406 4794; x_wconf 87' lang='lat' dir='ltr'><strong>securitati</strong></span> <span class='ocrx_word' id='word_1_740' title='bbox 3450 4751 3584 4792; x_wconf 91' lang='lat' dir='ltr'><strong>con-</strong></span> 
     </span>
    </p>
   </div>
   <div class='ocr_carea' id='block_1_105' title="bbox 1999 4829 3579 4902">
    <p class='ocr_par' dir='ltr' id='par_1_105' title="bbox 1999 4829 3579 4902">
     <span class='ocr_line' id='line_1_105' title="bbox 1999 4829 3579 4902; baseline -0.003 -14"><span class='ocrx_word' id='word_1_741' title='bbox 1999 4832 2216 4888; x_wconf 88' lang='lat' dir='ltr'><strong>sulendi</strong></span> <span class='ocrx_word' id='word_1_742' title='bbox 2283 4833 2714 4889; x_wconf 90' lang='lat' dir='ltr'><strong>sollicitudinem</strong></span> <span class='ocrx_word' id='word_1_743' title='bbox 2769 4831 3092 4902; x_wconf 80' lang='lat' dir='ltr'><strong>ingressus,</strong></span> <span class='ocrx_word' id='word_1_744' title='bbox 3158 4831 3302 4886; x_wconf 86' lang='lat' dir='ltr'><strong>hanc</strong></span> <span class='ocrx_word' id='word_1_745' title='bbox 3360 4829 3579 4901; x_wconf 65' lang='lat' dir='ltr'><strong>prazdtc,</strong></span> 
     </span>
    </p>
   </div>
   <div class='ocr_carea' id='block_1_106' title="bbox 1997 4921 3580 4996">
    <p class='ocr_par' dir='ltr' id='par_1_106' title="bbox 1997 4921 3580 4996">
     <span class='ocr_line' id='line_1_106' title="bbox 1997 4921 3580 4996; baseline -0.004 -15"><span class='ocrx_word' id='word_1_746' title='bbox 1997 4941 2161 4996; x_wconf 90' lang='lat' dir='ltr'><strong>quam</strong></span> <span class='ocrx_word' id='word_1_747' title='bbox 2204 4925 2484 4996; x_wconf 77' lang='lat' dir='ltr'><strong>ingentem</strong></span> <span class='ocrx_word' id='word_1_748' title='bbox 2527 4933 2817 4994; x_wconf 87' lang='lat' dir='ltr'><strong>paraverat</strong></span> <span class='ocrx_word' id='word_1_749' title='bbox 2876 4925 3044 4979; x_wconf 84' lang='lat' dir='ltr'><strong>et&#39;cui</strong></span> <span class='ocrx_word' id='word_1_750' title='bbox 3098 4921 3449 4992; x_wconf 83' lang='lat' dir='ltr'><strong>potissimum</strong></span> <span class='ocrx_word' id='word_1_751' title='bbox 3513 4921 3580 4974; x_wconf 90' lang='lat' dir='ltr'><strong>ti-</strong></span> 
     </span>
    </p>
   </div>
   <div class='ocr_carea' id='block_1_107' title="bbox 1999 5014 3578 5083">
    <p class='ocr_par' dir='ltr' id='par_1_107' title="bbox 1999 5014 3578 5083">
     <span class='ocr_line' id='line_1_107' title="bbox 1999 5014 3578 5083; baseline -0.004 -9"><span class='ocrx_word' id='word_1_752' title='bbox 1999 5020 2206 5083; x_wconf 89' lang='lat' dir='ltr'><strong>mebat,</strong></span> <span class='ocrx_word' id='word_1_753' title='bbox 2265 5019 2321 5072; x_wconf 89' lang='lat' dir='ltr'><strong>in</strong></span> <span class='ocrx_word' id='word_1_754' title='bbox 2355 5026 2474 5072; x_wconf 82' lang='lat' dir='ltr'><strong>tuto</strong></span> <span class='ocrx_word' id='word_1_755' title='bbox 2527 5017 2862 5072; x_wconf 58' lang='lat' dir='ltr'><strong>collocanda</strong></span> <span class='ocrx_word' id='word_1_756' title='bbox 2901 5017 3173 5070; x_wconf 89' lang='lat' dir='ltr'><strong>rationem</strong></span> <span class='ocrx_word' id='word_1_757' title='bbox 3215 5014 3578 5083; x_wconf 80' lang='lat' dir='ltr'><strong>echgitavit.</strong></span> 
     </span>
    </p>
   </div>
   <div class='ocr_carea' id='block_1_108' title="bbox 2001 5106 3584 5180">
    <p class='ocr_par' dir='ltr' id='par_1_108' title="bbox 2001 5106 3584 5180">
     <span class='ocr_line' id='line_1_108' title="bbox 2001 5106 3584 5180; baseline -0.006 -13"><span class='ocrx_word' id='word_1_758' title='bbox 2001 5111 2096 5167; x_wconf 87' lang='lat' dir='ltr'><strong>Est</strong></span> <span class='ocrx_word' id='word_1_759' title='bbox 2135 5109 2616 5179; x_wconf 81' lang='lat' dir='ltr'><strong>ejusmetmpolis</strong></span> <span class='ocrx_word' id='word_1_760' title='bbox 2658 5107 2956 5179; x_wconf 79' lang='lat' dir='ltr'><strong>provinciae</strong></span> <span class='ocrx_word' id='word_1_761' title='bbox 2997 5109 3226 5180; x_wconf 87' lang='lat' dir='ltr'><strong>antiqua</strong></span> <span class='ocrx_word' id='word_1_762' title='bbox 3278 5108 3410 5164; x_wconf 88' lang='lat' dir='ltr'><strong>urbs</strong></span> <span class='ocrx_word' id='word_1_763' title='bbox 3452 5106 3584 5162; x_wconf 85' lang='lat' dir='ltr'><strong>Sar-</strong></span> 
     </span>
    </p>
   </div>
   <div class='ocr_carea' id='block_1_109' title="bbox 1998 5201 3581 5272">
    <p class='ocr_par' dir='ltr' id='par_1_109' title="bbox 1998 5201 3581 5272">
     <span class='ocr_line' id='line_1_109' title="bbox 1998 5201 3581 5272; baseline -0.004 -14"><span class='ocrx_word' id='word_1_764' title='bbox 1998 5205 2116 5270; x_wconf 84' lang='lat' dir='ltr'><strong>des,</strong></span> <span class='ocrx_word' id='word_1_765' title='bbox 2158 5203 2211 5256; x_wconf 94' lang='lat' dir='ltr'><strong>in</strong></span> <span class='ocrx_word' id='word_1_766' title='bbox 2256 5218 2360 5272; x_wconf 78' lang='lat' dir='ltr'><strong>qua</strong></span> <span class='ocrx_word' id='word_1_767' title='bbox 2404 5203 2514 5258; x_wconf 87' lang='lat' dir='ltr'><strong>situ</strong></span> <span class='ocrx_word' id='word_1_768' title='bbox 2543 5203 2780 5256; x_wconf 89' lang='lat' dir='ltr'><strong>validam</strong></span> <span class='ocrx_word' id='word_1_769' title='bbox 2810 5210 2864 5256; x_wconf 90' lang='lat' dir='ltr'><strong>et</strong></span> <span class='ocrx_word' id='word_1_770' title='bbox 2892 5201 3024 5256; x_wconf 85' lang='lat' dir='ltr'><strong>olim</strong></span> <span class='ocrx_word' id='word_1_771' title='bbox 3067 5201 3338 5256; x_wconf 88' lang='lat' dir='ltr'><strong>munitam</strong></span> <span class='ocrx_word' id='word_1_772' title='bbox 3395 5216 3581 5255; x_wconf 86' lang='lat' dir='ltr'><strong>arcem</strong></span> 
     </span>
    </p>
   </div>
   <div class='ocr_carea' id='block_1_110' title="bbox 2001 5292 3580 5362">
    <p class='ocr_par' dir='ltr' id='par_1_110' title="bbox 2001 5292 3580 5362">
     <span class='ocr_line' id='line_1_110' title="bbox 2001 5292 3580 5362; baseline -0.004 -12"><span class='ocrx_word' id='word_1_773' title='bbox 2001 5307 2134 5350; x_wconf 90' lang='lat' dir='ltr'><strong>tunc</strong></span> <span class='ocrx_word' id='word_1_774' title='bbox 2165 5295 2346 5353; x_wconf 89' lang='lat' dir='ltr'><strong>adhuc</strong></span> <span class='ocrx_word' id='word_1_775' title='bbox 2374 5305 2694 5350; x_wconf 89' lang='lat' dir='ltr'><strong>nostrorum</strong></span> <span class='ocrx_word' id='word_1_776' title='bbox 2731 5295 2958 5362; x_wconf 87' lang='lat' dir='ltr'><strong>quidam</strong></span> <span class='ocrx_word' id='word_1_777' title='bbox 2989 5292 3342 5357; x_wconf 79' lang='lat' dir='ltr'><strong>obtinebant,</strong></span> <span class='ocrx_word' id='word_1_778' title='bbox 3370 5292 3438 5347; x_wconf 88' lang='lat' dir='ltr'><strong>ab</strong></span> <span class='ocrx_word' id='word_1_779' title='bbox 3473 5307 3580 5345; x_wconf 85' lang='lat' dir='ltr'><strong>una</strong></span> 
     </span>
    </p>
   </div>
   <div class='ocr_carea' id='block_1_111' title="bbox 1999 5387 3584 5461">
    <p class='ocr_par' dir='ltr' id='par_1_111' title="bbox 1999 5387 3584 5461">
     <span class='ocr_line' id='line_1_111' title="bbox 1999 5387 3584 5461; baseline -0.005 -17"><span class='ocrx_word' id='word_1_780' title='bbox 1999 5399 2155 5461; x_wconf 82' lang='lat' dir='ltr'><strong>parte</strong></span> <span class='ocrx_word' id='word_1_781' title='bbox 2219 5390 2558 5444; x_wconf 86' lang='lat' dir='ltr'><strong>inaccessam</strong></span> <span class='ocrx_word' id='word_1_782' title='bbox 2621 5389 2839 5459; x_wconf 81' lang='lat' dir='ltr'><strong>objecta</strong></span> <span class='ocrx_word' id='word_1_783' title='bbox 2898 5387 3405 5460; x_wconf 85' lang='lat' dir='ltr'><strong>impenetrabilium</strong></span> <span class='ocrx_word' id='word_1_784' title='bbox 3465 5401 3584 5438; x_wconf 80' lang='lat' dir='ltr'><strong>mo-</strong></span> 
     </span>
    </p>
   </div>
   <div class='ocr_carea' id='block_1_112' title="bbox 2001 5475 3579 5551">
    <p class='ocr_par' dir='ltr' id='par_1_112' title="bbox 2001 5475 3579 5551">
     <span class='ocr_line' id='line_1_112' title="bbox 2001 5475 3579 5551; baseline -0.006 -15"><span class='ocrx_word' id='word_1_785' title='bbox 2001 5483 2156 5549; x_wconf 89' lang='lat' dir='ltr'><strong>lium,</strong></span> <span class='ocrx_word' id='word_1_786' title='bbox 2179 5497 2243 5538; x_wconf 73' lang='grc' dir='ltr'><strong>εκ</strong></span> <span class='ocrx_word' id='word_1_787' title='bbox 2271 5482 2448 5538; x_wconf 89' lang='lat' dir='ltr'><strong>altero</strong></span> <span class='ocrx_word' id='word_1_788' title='bbox 2473 5483 2646 5538; x_wconf 88' lang='lat' dir='ltr'><strong>latere</strong></span> <span class='ocrx_word' id='word_1_789' title='bbox 2673 5483 3011 5537; x_wconf 86' lang='lat' dir='ltr'><strong>innnanibus</strong></span> <span class='ocrx_word' id='word_1_790' title='bbox 3037 5479 3356 5551; x_wconf 66' lang='lat' dir='ltr'><strong>praecipitiis</strong></span> <span class='ocrx_word' id='word_1_791' title='bbox 3385 5475 3579 5531; x_wconf 83' lang='lat' dir='ltr'><strong>dcl&#39;eu-</strong></span> 
     </span>
    </p>
   </div>
   <div class='ocr_carea' id='block_1_113' title="bbox 2002 5571 3580 5645">
    <p class='ocr_par' dir='ltr' id='par_1_113' title="bbox 2002 5571 3580 5645">
     <span class='ocr_line' id='line_1_113' title="bbox 2002 5571 3580 5645; baseline -0.006 -14"><span class='ocrx_word' id='word_1_792' title='bbox 2002 5591 2164 5642; x_wconf 85' lang='lat' dir='ltr'><strong>sam;</strong></span> <span class='ocrx_word' id='word_1_793' title='bbox 2215 5575 2374 5645; x_wconf 88' lang='lat' dir='ltr'><strong>cujus</strong></span> <span class='ocrx_word' id='word_1_794' title='bbox 2434 5573 2558 5630; x_wconf 88' lang='lat' dir='ltr'><strong>ideo</strong></span> <span class='ocrx_word' id='word_1_795' title='bbox 2597 5576 2764 5631; x_wconf 88' lang='lat' dir='ltr'><strong>etiam</strong></span> <span class='ocrx_word' id='word_1_796' title='bbox 2801 5590 2830 5629; x_wconf 91' lang='lat' dir='ltr'><strong>a</strong></span> <span class='ocrx_word' id='word_1_797' title='bbox 2871 5574 3067 5643; x_wconf 86' lang='lat' dir='ltr'><strong>paucis</strong></span> <span class='ocrx_word' id='word_1_798' title='bbox 3103 5582 3156 5628; x_wconf 89' lang='lat' dir='ltr'><strong>et</strong></span> <span class='ocrx_word' id='word_1_799' title='bbox 3187 5571 3408 5642; x_wconf 89' lang='lat' dir='ltr'><strong>prodire</strong></span> <span class='ocrx_word' id='word_1_800' title='bbox 3464 5582 3580 5622; x_wconf 84' lang='lat' dir='ltr'><strong>non</strong></span> 
     </span>
    </p>
   </div>
   <div class='ocr_carea' id='block_1_114' title="bbox 2003 5661 3582 5733">
    <p class='ocr_par' dir='ltr' id='par_1_114' title="bbox 2003 5661 3582 5733">
     <span class='ocr_line' id='line_1_114' title="bbox 2003 5661 3582 5733; baseline -0.007 -7"><span class='ocrx_word' id='word_1_801' title='bbox 2003 5669 2334 5726; x_wconf 85' lang='lat' dir='ltr'><strong>audentibus</strong></span> <span class='ocrx_word' id='word_1_802' title='bbox 2390 5667 2618 5726; x_wconf 66' lang='lat' dir='ltr'><strong>insessae</strong></span> <span class='ocrx_word' id='word_1_803' title='bbox 2651 5668 2874 5725; x_wconf 87' lang='lat' dir='ltr'><strong>barbari</strong></span> <span class='ocrx_word' id='word_1_804' title='bbox 2926 5667 3056 5722; x_wconf 89' lang='lat' dir='ltr'><strong>licet</strong></span> <span class='ocrx_word' id='word_1_805' title='bbox 3098 5679 3332 5720; x_wconf 90' lang='lat' dir='ltr'><strong>numero</strong></span> <span class='ocrx_word' id='word_1_806' title='bbox 3367 5661 3582 5733; x_wconf 87' lang='lat' dir='ltr'><strong>pollen-</strong></span> 
     </span>
    </p>
   </div>
   <div class='ocr_carea' id='block_1_115' title="bbox 2003 5756 3578 5836">
    <p class='ocr_par' dir='ltr' id='par_1_115' title="bbox 2003 5756 3578 5836">
     <span class='ocr_line' id='line_1_115' title="bbox 2003 5756 3578 5836; baseline -0.007 -18"><span class='ocrx_word' id='word_1_807' title='bbox 2003 5775 2085 5821; x_wconf 88' lang='lat' dir='ltr'><strong>tes</strong></span> <span class='ocrx_word' id='word_1_808' title='bbox 2113 5764 2576 5836; x_wconf 80' lang='lat' dir='ltr'><strong>expugnationem</strong></span> <span class='ocrx_word' id='word_1_809' title='bbox 2603 5764 3011 5834; x_wconf 88' lang='lat' dir='ltr'><strong>desperassent.</strong></span> <span class='ocrx_word' id='word_1_810' title='bbox 3047 5757 3224 5830; x_wconf 87' lang='lat' dir='ltr'><strong>Hujus</strong></span> <span class='ocrx_word' id='word_1_811' title='bbox 3257 5756 3406 5812; x_wconf 80' lang='lat' dir='ltr'><strong>Alais</strong></span> <span class='ocrx_word' id='word_1_812' title='bbox 3435 5771 3578 5826; x_wconf 72' lang='lat' dir='ltr'><strong>pra:-</strong></span> 
     </span>
    </p>
   </div>
   <div class='ocr_carea' id='block_1_116' title="bbox 2005 5849 3575 5928">
    <p class='ocr_par' dir='ltr' id='par_1_116' title="bbox 2005 5849 3575 5928">
     <span class='ocr_line' id='line_1_116' title="bbox 2005 5849 3575 5928; baseline -0.008 -12"><span class='ocrx_word' id='word_1_813' title='bbox 2005 5859 2265 5916; x_wconf 76' lang='lat' dir='ltr'><strong>sidiarios</strong></span> <span class='ocrx_word' id='word_1_814' title='bbox 2308 5856 2584 5928; x_wconf 79' lang='lat' dir='ltr'><strong>colloquio</strong></span> <span class='ocrx_word' id='word_1_815' title='bbox 2636 5853 2890 5920; x_wconf 89' lang='lat' dir='ltr'><strong>tentavit,</strong></span> <span class='ocrx_word' id='word_1_816' title='bbox 2943 5869 3144 5924; x_wconf 71' lang='lat' dir='ltr'><strong>rogans</strong></span> <span class='ocrx_word' id='word_1_817' title='bbox 3204 5860 3262 5907; x_wconf 93' lang='lat' dir='ltr'><strong>ut</strong></span> <span class='ocrx_word' id='word_1_818' title='bbox 3311 5849 3575 5922; x_wconf 85' lang='lat' dir='ltr'><strong>quoniam</strong></span> 
     </span>
    </p>
   </div>
  </div>
