4024 6406
479 426 585 489 43

1677 427 1720 481 G
1739 427 2004 486 EOIIGII
2047 427 2535 488 PACHYMEPtrE

3635 430 3737 491 444

481 538 731 605 ὁμονοίας
768 533 1099 598 συνδεϊσθαι,
1147 535 1242 587 mi.
1289 532 1482 602 ἀνέδην
1531 533 1777 598 ἐξιόντας
1813 537 2060 601 ἐκείνους
2087 547 2136 607 Α
2164 536 2368 608 θάρρος
2395 531 2543 606 εἶχον
2574 538 2773 591 ἐκεῖνοι
2795 536 2890 590 καὶ
2913 538 3022 592 τῶν
3047 537 3228 607 φόϐων
3258 538 3486 602 ἑαυτοὺς
3510 540 3739 612 ἀνελάμ-

486 630 586 698 μὲν
624 629 736 687 τοῖς
770 625 924 688 ἰδίοις
971 624 1156 696 ἔργοις
1193 623 1558 695 προσανέχειν
1612 623 1671 688 ἐξ
1717 617 1792 678 ὧν
1845 627 2064 696 τραφή.

486 736 690 776 σονται,
728 717 927 779 αὐτοὺς
973 717 1028 770 δὲ
1067 716 1133 769 τὰ
1171 716 1348 767 οἰκεῖα
1383 716 1604 778 πάντως
1649 717 1847 780 ποιεῖν,
1883 717 2062 770 αὐτῶν

489 811 608 880 μὲν,
651 811 726 872 ὡς
775 809 943 871 εἰκὸς,
981 807 1308 877 ἀπέχοντας,
1353 803 1533 869 ἄλλοις
1575 807 1621 859 δ’
1650 808 2063 877 ἐπιτιθεμένους
2101 796 2112 824 ⁸

487 903 546 966 ἐξ
575 895 650 956 ὧν
681 900 1002 971 κερδανοῦσι
1031 899 1122 952 τὸν
1153 901 1353 952 οἰκεῖον
1391 899 1592 969 τρόπον
1624 900 1720 951 καὶ
1751 899 2060 969 λῃστρικόν.

497 994 728 1048 Ἐκεῖνοι
759 993 856 1063 μὲν
881 992 974 1046 οὖν
1002 991 1210 1045 τοιαῦτ’
1241 992 1448 1061 ἠξίουν,
1482 995 1574 1045 καὶ
1605 992 1850 1062 λιπαρῶς
1887 991 2068 1044 ἀντεί-

491 1103 646 1156 χοντο
691 1085 786 1138 τοῦ
829 1085 1128 1154 φρουρίου·
1179 1087 1292 1147 τοῖς
1339 1084 1396 1137 δὲ
1448 1085 1510 1136 τὸ
1565 1085 1664 1154 μὲν
1712 1082 2065 1137 ἀνθίστασθαι

494 1178 725 1247 μάταιον
753 1176 1060 1244 ἐνομίζετο,
1085 1177 1144 1228 τὸ
1172 1175 1215 1228 δ’
1243 1175 1542 1237 εὐπειθεῖν,
1575 1175 1625 1226 εἰ
1656 1175 1746 1226 καὶ
1782 1173 1856 1244 μὴ
1887 1173 2068 1240 σφίσιν

493 1272 678 1332 αὐτοῖς
707 1270 950 1339 ἀσφαλὲς
979 1269 1069 1322 διὰ
1089 1271 1188 1338 τὴν
1218 1267 1329 1321 τῶν
1361 1266 1574 1337 ἐχθρῶν
1597 1267 1893 1334 γειτνίασιν
1924 1268 2068 1338 (οὐδὲ

493 1365 603 1431 γὰρ
634 1358 702 1432 ἦν
733 1364 966 1432 ἀρνειοῖς
1016 1363 1112 1414 καὶ
1151 1361 1340 1423 λύκοις
1370 1359 1526 1412 κοινὰ
1560 1359 1833 1428 ταμέσθαι
1875 1361 1943 1412 τὰ
1973 1361 2066 1430 ὂρο

495 1456 634 1524 κια),
691 1455 841 1524 ὅμως
895 1454 982 1506 διὰ
1033 1453 1134 1524 τὴν
1183 1452 1500 1521 ἐφεστῶσαν
1552 1453 1800 1521 ἀνάγκην
1831 1453 1930 1505 καὶ
1974 1453 2070 1506 τοῦ

496 1546 820 1616 ὑδρεύεσθαι
836 1565 890 1600 τε
918 1549 1012 1601 καὶ
1033 1546 1424 1614 κατασπείρειν
1445 1547 1609 1598 ’ἑνεκα
1627 1546 1850 1599 ἀνεκτὸν
1871 1547 2068 1612 ὲδζκει,

496 1639 590 1690 καὶ
615 1637 1068 1705 συγκατέϐαινον.
1103 1637 1214 1691 Καὶ
1247 1637 1313 1707 δὴ
1339 1635 1572 1698 πολλούς
1606 1653 1756 1698 τινας
1787 1636 1895 1688 τῶν
1936 1637 2073 1706 Περ-

497 1732 608 1784 σῶν
638 1733 989 1802 ὑποδέχονται
1024 1733 1262 1804 (σωροὺς
1309 1732 1366 1786 δὲ
1419 1733 1720 1802 χρημάτων
1763 1731 1964 1796 αὐτῶν,
1997 1731 2074 1794 ὡς

496 1827 668 1892 εἰκὸς,
703 1828 802 1880 σὺν
836 1827 1022 1890 αὐτοῖς
1055 1821 1166 1879 εἶδέ
1213 1841 1299 1888 τις
1352 1824 1464 1893 ἂν),
1507 1826 1658 1892 παρὰ
1707 1822 1960 1877 τοσοῦτον
2008 1823 2070 1875 οὐ

2166 627 2353 691 ϐανον,
2385 629 2432 680 οἱ
2457 627 2595 691 τέως
2630 627 2804 682 ἱκέται
2826 628 3037 681 ἑαυτῶν
3063 627 3302 696 γίνονται
3345 629 3440 682 καὶ
3474 630 3580 683 τῶν
3614 649 3740 701 προ-

2166 717 2340 787 τέρων
2382 721 2896 790 ἀναμιμνήσκονται
2939 724 3033 774 καὶ
3081 721 3384 792 ἐπιχειρεῖν
3425 725 3538 785 τοῖς
3570 739 3740 789 γειτο-

2167 811 2319 864 νοῦσι
2353 811 2722 881 βουλεύονται.
2762 808 2870 867 Ἦν
2897 813 2952 866 δὲ
2990 814 3098 884 ἄρα
3131 816 3190 867 τὸ
3233 815 3480 884 σόφισμα
3511 815 3748 870 καθἀὑ-

2167 901 2312 953 τῶνο
2373 905 2434 967 ἐξ
2490 904 2605 956 ἴσου
2646 904 2755 974 γὰρ
2790 905 2882 956 καὶ
2935 904 3198 974 Ῥωμαῖοι
3265 904 3742 960 ἀντεπιϐουλεύειν

2172 993 2405 1057 ἐκείνοις
2453 995 2672 1064 ἔχοντες
2717 995 2853 1064 πρὸς
2901 999 3060 1049 τοῦτο
3111 995 3207 1049 καὶ
3243 997 3584 1061 διυττνίζοντο
3617 997 3742 1068 παρ’

2168 1086 2420 1153 ἐκείνων,
2452 1087 2516 1159 [Ρ
2547 1087 2676 1159 9.8!]
2710 1088 2768 1141 τὸ
2796 1087 2998 1158 φθῆναι
3025 1087 3230 1158 πρᾶξαι
3263 1088 3419 1159 παρὰ
3454 1090 3512 1142 τὺ
3556 1091 3741 1143 παθεῖν

2169 1181 2608 1252 κερδαλεώτερον
2657 1182 3020 1252 ἡγησάμενοι.
3075 1181 3183 1236 Καὶ
3248 1181 3312 1253 δὴ
3383 1182 3740 1250 προλαϐόντες

2170 1273 2269 1344 τὴν
2323 1274 2618 1345 ἐπιϐουλὴν
2673 1275 2958 1346 πέμπουσι
3013 1276 3150 1346 πρὸς
3201 1274 3292 1330 τὸν
3343 1277 3602 1344 τηνικάδε
3638 1277 3742 1330 τῶν

2184 1364 2514 1434 Ῥωμαϊκῶν
2544 1369 2838 1437 ταγμάτων
2859 1369 3098 1438 ἄρχοντα
3123 1368 3490 1438 πριμικὴριον
3511 1367 3566 1434 ἐξ
3589 1366 3742 1432 ἀξιῶ·

2177 1472 2348 1525 ματος
2375 1457 2476 1526 τῆς
2524 1457 2715 1529 αὐλῆς.
2757 1459 2869 1512 Καὶ
2917 1459 3111 1522 νυκτὸς
3144 1460 3354 1520 ἐκεῖνος
3401 1459 3527 1512 λαὸν
3570 1460 3743 1514 ἱκανὸν

2173 1548 2678 1620 ἐξετοιμασὰμενος
2737 1551 3072 1622 προσϐάλλει
3107 1552 3186 1621 τῷ
3221 1552 3495 1622 φρουρίῳ,
3529 1553 3622 1606 καὶ
3659 1555 3747 1622 ἑμ-

2175 1641 2348 1711 φανὴς
2375 1637 2445 1712 ἦν
2473 1645 2586 1706 τοῖς
2628 1644 2730 1710 μὲν
2759 1645 3236 1714 προσδοκώμενος,
3275 1621 3460 1708 τοῖς’δ’
3488 1645 3746 1716 ἀπροσδό-

2175 1749 2360 1800 κητος.
2399 1734 2562 1788 Ὅθεν
2611 1737 2705 1789 καὶ
2740 1735 2788 1789 οἱ
2824 1735 2927 1806 μὲν
2978 1737 3231 1806 ἀσμένως
3267 1736 3514 1806 δέχονται
3545 1735 3745 1801 τοῦτον,

2176 1827 2290 1889 τοῖς
2341 1827 2386 1880 δῗ
2420 1827 2712 1896 ἐφίσταται
2761 1831 3134 1900 κοιμωμένοις
3181 1829 3361 1892 δεινὸς
3395 1830 3625 1900 ὄνειρος,
3658 1829 3746 1882 καὶ

497 1920 873 1982 συνοικοῦντες
922 1921 1036 1982 τοῖς
1081 1917 1383 1988 εἰσαχθεῖσι
1432 1918 1564 1988 παρ’
1595 1918 1718 1970 ὅσον
1764 1916 1827 1969 τὸ
1865 1915 2068 1987 μεταξὺ
2104 1929 2146 1981 Β
2175 1917 2428 1972 ἐντεῦθεν
2459 1921 2785 1976 διατεθείκει
2829 1924 2967 1992 σφᾶς
3000 1922 3072 1976 τὰ
3100 1923 3462 1992 παγχάλεπα.

495 2014 673 2079 τεῖχος
709 2013 850 2080 σφᾶς
885 2013 980 2066 ἀπ’
1016 2011 1261 2081 ἀλλήλων
1297 2010 1525 2080 διεῖργε.
1555 2011 1708 2064 Κατά
1736 2027 1857 2062 τινα
1885 2009 1942 2062 δὲ
1967 2025 2070 2062 πυ-

494 2101 617 2156 λίδα
665 2104 762 2156 καὶ
811 2105 1174 2174 συμμετεῖχον
1213 2102 1465 2172 ἀλλήλοις
1518 2101 1672 2168 ἔνιοι,
1714 2102 1790 2165 ὡς
1829 2101 2065 2170 ἐλέγετο.

495 2196 684 2249 Ταῦτα
733 2197 862 2263 γοῦν
906 2195 1047 2268 ἦσαν
1096 2197 1193 2250 ἐπὶ
1247 2197 1464 2267 χρόνον,
1500 2196 1597 2248 καὶ
1641 2195 1933 2264 άνακωχὴν
1961 2193 2109 2247 τῶν-

498 2289 688 2340 κακῶν
722 2289 866 2342 κατά
897 2289 957 2342 τὸ
987 2289 1246 2358 φρούριον
1268 2287 1435 2358 εἶχον.
1477 2289 1629 2340 Ἐπεὶ
1663 2287 1718 2340 δὲ
1753 2289 1818 2340 τὰ
1847 2287 1944 2356 μὲν
1969 2285 2070 2356 τῆς

501 2383 690 2452 φήμης
729 2382 836 2436 τῶν
872 2382 1132 2452 Τοχάρων
1162 2383 1285 2436 κατ’
1325 2381 1507 2450 ὀλίγον
1549 2382 1810 2450 ἠσθένουν
1843 2379 1940 2432 καὶ
1968 2379 2069 2450 ἤδη

499 2559 774 2629 perampla
801 2570 852 2612 et
883 2557 1138 2612 bifariam
1183 2559 1358 2613 divisa
1403 2559 1638 2612 munitio
1684 2566 1827 2621 erat,
1859 2565 2066 2625 partem

500 2667 686 2716 unam,
749 2651 894 2720 quod
941 2660 1056 2706 tuto
1106 2661 1332 2722 possent
1381 2651 1586 2715 facere,
1647 2650 1750 2705 sibi
1805 2649 2073 2704 concede-

499 2754 641 2798 rent.
682 2743 815 2800 Nam
871 2754 1235 2814 praeterquam
1291 2745 1342 2798 id
1375 2745 1498 2799 sine
1539 2759 1643 2799 suo
1699 2744 1812 2798 ullo
1867 2743 2071 2798 damno

499 2837 747 2892 fat-turos
799 2839 901 2892 ﬁde
934 2838 1039 2892 illis
1073 2853 1268 2891 cavere
1338 2835 1688 2892 Sanctissima
1743 2836 2068 2905 spondebat,

499 2931 665 2984 etiam
693 2939 882 2984 contra
913 2931 1240 3000 periurium,
1275 2930 1319 2984 si
1345 2930 1490 3000 quod
1515 2938 1922 3000 suspeetarent,
1954 2945 2074 2984 cer-

501 3031 615 3076 tum
667 3023 936 3077 baberent
1005 3023 1350 3092 praesidium'
1382 3025 1522 3078 muri
1576 3024 1904 3086 ﬁrmissimi,
1961 3037 2072 3092 quo

500 3116 640 3178 duae,
679 3117 746 3169 de
775 3115 972 3184 quibus
1005 3125 1088 3170 est
1123 3117 1348 3180 dictum,
1389 3117 1536 3171 arcis
1573 3117 1744 3170 unius
1781 3125 1974 3186 partes
2004 3117 2072 3168 ab

501 3211 734 3264 invicem
763 3209 1228 3264 discluderentnr.
1270 3211 1344 3264 Ea
1383 3212 1554 3265 nostri
1590 3211 1885 3266 audientes
1923 3209 2070 3266 haud

503 3303 580 3358 iiii
631 3303 854 3375 quidem
907 3307 1142 3358 multum
1183 3305 1428 3359 ﬁdebant
1479 3305 1764 3374 promissis
1811 3305 2076 3360 barbaro-

501 3410 621 3448 rum
663 3412 676 3448 :
714 3402 970 3449 caaterum
1027 3395 1301 3450 diuturna:
1363 3397 1651 3463 clausurae,
1695 3397 1857 3463 cujus
1917 3399 2078 3451 aliter

503 3487 897 3540 reiasationeut
937 3503 1045 3540 non
1087 3497 1400 3557 sperarent,
1435 3487 1616 3544 allecti
1651 3489 1835 3551 taedio,
1886 3499 1942 3543 et
1989 3504 2078 3543 re-

505 3593 625 3631 rum
691 3579 872 3646 inOpia
923 3596 988 3632 ex
1013 3580 1126 3650 agri
1160 3581 1469 3634 circumstti
1533 3580 1699 3649 longa
1733 3580 2078 3636 desolatione

506 3673 822 3726 necessario
849 3686 1036 3726 secuta
1075 3674 1315 3742 graviter
1343 3673 1538 3741 pressi,
1567 3673 1926 3740 rejiciendam
1968 3690 2078 3728 non

509 3773 769 3835 putarunt
805 3764 1204 3834 qualiscunque
1265 3766 1654 3820 conventionis
1720 3766 2074 3821 rnentiouem.

511 3858 786 3912 itomanis
844 3874 974 3927 ergo
1027 3869 1390 3928 congressum
1430 3875 1538 3911 non
1583 3859 1956 3916 abnuentibus
2013 3861 2079 3915 ad

513 3950 859 4006 tractandum
902 3949 1150 4019 pressius
1187 3949 1566 4004 descenditur.
1601 3949 1926 4020 Proponunt
1950 3952 2079 4020 quid

511 4045 710 4100 vellent
753 4045 992 4100 barbari.
1031 4047 1190 4100 Areis
1229 4044 1521 4099 dimidium
1560 4044 1788 4100 concedi
1849 4045 1952 4100 sibi
1983 4060 2080 4114 po-

511 4137 732 4202 stulant,
767 4137 854 4190 ubi
899 4153 984 4192 res
1015 4137 1069 4190 in
1097 4146 1214 4192 tuto
1249 4151 1382 4192 suas
1417 4137 1704 4204 baberent,
1737 4135 1904 4209 404
1937 4136 2082 4191 unde

513 4229 566 4283 in
604 4229 788 4283 hostes
819 4239 1195 4298 erumperent,
1235 4243 1343 4299 quo
1373 4245 1432 4284 se
1465 4229 1808 4300 reciperent.
1846 4229 2081 4284 Romani

517 4322 779 4396 reliquam
827 4321 1072 4374 claustro
1107 4321 1408 4390 quamlibet
1460 4321 1646 4376 valido
1681 4321 1786 4377 sibi
1839 4307 2087 4376 certissi-

520 4427 664 4465 Inam
699 4421 1009 4472 servarent,
1046 4412 1338 4481 securique
1364 4411 1488 4467 inde
1522 4411 1809 4481 prodirent
1838 4411 1904 4465 ad
1939 4410 2085 4480 agri-

514 4507 782 4557 ruituram
815 4512 868 4557 et
905 4505 1256 4568 commercia,
1302 4518 1368 4558 eo
1426 4503 1660 4558 innoxie
1719 4501 2084 4558 reconderem

2175 2029 2260 2094 ιζ’.
2294 2032 2431 2099 Περὶ
2460 2029 2568 2100 τῆς
2598 2033 2705 2087 τοῦ
2725 2033 3036 2098 βασιλέως
3060 2032 3303 2102 Μιχαὴλ
3328 2035 3417 2100 εὶς
3439 2033 3553 2100 τὴν
3575 2035 3745 2086 πόλιν

2728 2104 3209 2170 ἑπαι-ελεύσεως.
3284 2125 3292 2154 ξ

2258 2193 2317 2246 Ὀ
2358 2193 2542 2263 μέντοι
2578 2213 2639 2264 γε
2671 2195 2928 2266 βασιλεὺς
2974 2198 3198 2269 Μιχαὴλ
3247 2200 3454 2269 ῥαΐσας
3482 2197 3576 2266 τῆς
3599 2196 3747 2250 νάσου

2173 2283 2254 2336 ἔτι
2289 2286 2386 2354 μὲν
2427 2287 2578 2358 παρὰ
2605 2291 2726 2352 ταῖς
2759 2291 2972 2358 Πηγαῖς
3009 2286 3095 2358 ἧν,
3124 2291 3218 2342 καὶ
3244 2289 3328 2360 τῷ
3368 2291 3589 2361 μεγάλῳ
3609 2287 3749 2342 δουκὶ

2175 2380 2532 2447 προσελθόντι
2587 2384 2650 2436 ὲκ
2709 2383 2804 2436 τοῦ
2853 2383 2994 2438 κατὰ
3039 2383 3140 2453 τὴν
3187 2383 3443 2451 Κύζικον
3476 2384 3583 2437 τῶν
3619 2378 3750 2453 ἀμφ’

2174 2573 2288 2613 rem
2335 2558 2576 2614 venitur.
2631 2561 3016 2619 Admittuntur
3067 2561 3118 2615 in
3175 2569 3398 2632 partem
3471 2559 3750 2616 Sardensis

2173 2653 2320 2704 arcis
2357 2651 2537 2708 Persae
2566 2670 2670 2708 non
2711 2655 2890 2723 pauci.
2928 2654 3038 2711 llos
3068 2670 3094 2708 a
3129 2653 3406 2710 Romanis
3439 2655 3746 2725 segregabat

2175 2761 2366 2802 murus
2417 2746 2632 2816 longus,
2683 2756 2892 2810 tamen,
2944 2757 2996 2802 ut
3027 2748 3214 2814 audio,
3270 2752 3493 2818 postico
3539 2745 3739 2814 uspiam

2174 2837 2417 2907 pervius.
2447 2834 2610 2890 Stetit
2645 2838 2759 2892 haec
2783 2837 3102 2905 aliquandiu
3131 2839 3392 2901 societas,
3426 2851 3586 2906 quam
3620 2848 3744 2888 con-
3807 2819 3816 2826 ’

2173 2929 2542 3000 glutinaverat
2580 2929 2706 2984 hinc
2731 2929 2953 2998 quidem
2993 2941 3208 3000 egestas
3241 2943 3473 3000 urgens,
3503 2926 3628 2982 inde
3659 2941 3746 2978 au-

2176 3034 2282 3078 tem
2321 3033 2498 3080 metus
2533 3026 2814 3095 ingruens,
2850 3034 3064 3090 neuter,
3097 3025 3142 3081 si
3170 3040 3231 3080 se
3265 3024 3607 3088 remiseriut,
3631 3020 3744 3076 diu-

2177 3114 2322 3167 turni
2384 3113 2646 3184 magister
2691 3113 2875 3169 oiIicii.
2905 3113 3048 3182 Ergo
3100 3130 3223 3171 cum
3271 3116 3434 3186 lapsu
3487 3113 3742 3183 temporis

2180 3202 2413 3258 formido
2457 3220 2621 3274 quam
2659 3206 2820 3259 urina:
2869 3206 3102 3261 Cazauis
3130 3207 3310 3262 Aiaidi
3344 3215 3399 3262 et
3438 3207 3557 3277 ejus
3583 3203 3745 3259 comi-

2102 3271 2148 3334 c
2185 3297 2329 3349 tibus
2360 3295 2708 3350 incusserant
2739 3297 3125 3367 elanguescere
3153 3301 3443 3368 coepisset,
3473 3299 3743 3352 redierunt

2183 3387 2258 3441 illi
2292 3387 2500 3442 scilicet
2529 3387 2592 3440 ad
2619 3387 2920 3458 ingenium,
2956 3397 3009 3443 et
3042 3389 3243 3458 prioris
3275 3390 3518 3448 instituti
3549 3401 3744 3442 memo-

2185 3495 2271 3535 res
2319 3494 2504 3534 secum
2546 3481 2648 3551 ipsi
2695 3489 3007 3536 statuerunt
3058 3483 3136 3536 uti
3191 3483 3594 3540 commoditate
3628 3479 3748 3534 vici-

2183 3573 2286 3626 niae
2315 3573 2383 3627 ad
2414 3573 2732 3642 spoliandos
2776 3588 2948 3628 novos
2981 3575 3248 3644 ltOSpileS,
3288 3579 3514 3647 supina,
3557 3579 3613 3626 ut
3657 3585 3748 3640 pu-

2183 3664 2394 3727 tabant,
2435 3663 2634 3718 ﬁducia
2681 3663 2936 3720 incautos
2961 3706 2976 3730 ,
3029 3667 3083 3720 in
3117 3682 3228 3736 quo
3275 3684 3378 3723 sua
3416 3669 3538 3722 illos
3571 3661 3746 3733 Opinio

2184 3756 2427 3818 fallebat,
2462 3757 2608 3810 unde
2636 3756 2690 3811 in
2731 3767 2892 3826 caput
2924 3767 3209 3815 auctorum
3241 3759 3400 3817 l'raus
3433 3757 3634 3830 perﬁda
3663 3768 3746 3808 re-

2186 3849 2340 3903 cidit.
2401 3849 2607 3919 Vigiles
2633 3851 2777 3903 cnim
2813 3851 2865 3904 in
2923 3853 3008 3904 sui
3057 3852 3374 3907 custodiam
3434 3841 3746 3922 praesidiarii

2187 3939 2528 4007 Sardenses,
2584 3942 2678 3997 ubi
2739 3943 2948 3998 versari
3012 3941 3284 4000 barbaros
3373 3946 3427 3999 in
3503 3943 3748 4012 apparatu

2185 4031 2570 4087 struendarum
2611 4033 2746 4104 ipsis
2778 4035 3102 4088 insidiarum
3140 4044 3194 4091 et
3226 4035 3470 4091 violandi
3524 4027 3750 4088 crudeli-

2187 4136 2270 4179 ter
2300 4125 2526 4196 hospitii
2557 4140 2806 4190 sensere,
2841 4142 3232 4198 praeoccupare
3281 4127 3504 4184 fortiter
3553 4117 3747 4192 agendo

2186 4231 2348 4284 quam
2395 4217 2588 4286 ignave
2647 4225 2924 4274 cessando
2991 4217 3252 4287 iniuriam
3314 4219 3526 4290 perpeti
3577 4211 3750 4268 utilius

2187 4310 2458 4374 arbitrati,
2491 4313 2633 4366 clam
2684 4321 2880 4382 rogant
2914 4328 3022 4367 non
3071 4313 3234 4384 longe
3297 4323 3432 4368 tunc
3469 4310 3745 4364 distantem

2188 4399 2559 4455 Romanorum
2589 4404 2800 4471 aliquot
2827 4403 3020 4457 ducem
3073 4403 3411 4468 cohortium,
3457 4399 3544 4455 cui
3585 4410 3645 4448 ex
3673 4389 3750 4444 di-

2191 4495 2393 4564 gnitate
2412 4494 2650 4564 palatina
2677 4494 2838 4567 405
2869 4495 3216 4564 primicerius
3239 4494 3376 4548 auiae
3407 4491 3600 4547 titulus
3624 4487 3750 4541 erat.

515 4610 575 4648 Se
625 4611 687 4648 ac
737 4610 856 4656 sua,
897 4595 1212 4662 tranquillis
1285 4594 1494 4648 circum
1545 4593 1760 4648 cunctis
1811 4593 2081 4648 beneﬁcio
2113 4603 2170 4666 Ι)
2195 4582 2389 4637 adesse
2421 4583 2556 4652 iPSiS
2588 4597 2654 4636 ηθ
2705 4593 3050 4653 gravaretur:
3085 4591 3414 4652 υἷ’ίιενεηετθ
3446 4575 3745 4666 βτθίίφυω

513 4685 804 4755 ξιιέῑδδρηιῖε
839 4685 1060 4739 hederis
1089 4693 1142 4739 et
1167 4685 1444 4740 constanti
1502 4685 1882 4740 benevolentia
1913 4699 2088 4738 novo-

517 4795 638 4830 rum
685 4777 958 4830 sociorum
1010 4776 1118 4831 late
1159 4792 1256 4847 per
1319 4777 1596 4845 regionem
1657 4777 2086 4830 dominantium.

517 4871 628 4925 Ειεὶ
666 4887 770 4924 non
821 4871 1023 4923 latebat
1051 4870 1119 4924 de
1164 4870 1248 4924 bis
1277 4871 1614 4924 arbitrantes
1648 4879 1870 4923 nostros
1905 4869 2088 4923 homi-

515 4981 612 5017 nes
653 4980 812 5033 quam
849 4964 1017 5019 inﬁda
1051 4963 1248 5017 vicinia
1287 4963 1542 5032 luporum
1585 4977 1708 5014 cum
1740 4961 1890 5030 agnis
1920 4969 2086 5027 esset,

507 5072 786 5125 quumque
842 5065 1111 5126 suspecta:
1175 5055 1405 5110 indutiae
1462 5053 1838 5124 pollicentium
1893 5054 2089 5108 convi-

515 5159 664 5200 ttum
721 5145 1032 5202 indemnem
1090 5147 1194 5202 sibi
1241 5161 1407 5216 prope
1465 5144 1810 5212 degentibus,
1866 5144 2088 5199 interim

514 5238 642 5290 dum
699 5237 750 5291 in
799 5239 936 5292 alios
981 5237 1229 5307 ejusdem
1279 5251 1465 5290 secum
1523 5236 1702 5304 gentis
1759 5251 1822 5290 ac
1871 5235 2092 5306 generis

515 5331 842 5384 excurrendi
877 5329 1286 5394 latrocinando,
1325 5336 1385 5381 ut
1441 5328 1714 5389 solebant,
1757 5327 1862 5382 sibi
1919 5329 2092 5383 licen-

519 5425 646 5474 tiam
694 5421 1031 5490 exciperent,
1083 5427 1266 5473 tamen
1312 5420 1460 5486 quia,
1509 5428 1563 5471 ut
1599 5419 1860 5482 iudicavi,
1918 5433 2092 5487 aqua-

519 5515 671 5568 ti.u.c
695 5522 746 5567 et
799 5512 1140 5582 agricultura
1190 5509 1396 5564 dudum
1449 5511 1656 5564 exclusi
1700 5511 1824 5564 vitae
1877 5511 2090 5564 utilium

521 5609 703 5678 inopia
727 5609 838 5676 jam
863 5619 1106 5662 extrema
1136 5606 1481 5669 laborabant,
1507 5607 1737 5660 stultum
1775 5621 1900 5661 esse
1931 5607 2095 5676 judi-

523 5709 722 5752 catunt
767 5715 874 5752 non
909 5706 1210 5768 praeoptare
1242 5699 1412 5752 exitio
1461 5699 1716 5768 pra’scuti
1760 5698 2098 5767 quantumli—

525 5791 614 5843 iu't
661 5792 930 5860 ancipites
977 5805 1040 5844 ac
1087 5790 1252 5845 duras
1303 5793 1652 5846 conditiones
1700 5791 1878 5860 turpis
1925 5791 2091 5846 etiam

532 5883 774 5938 t'urdet'is.
829 5883 1099 5939 Asscntiri
1132 5899 1190 5938 se
1228 5886 1508 5940 dixerunt.
1564 5885 1680 5952 Mox
1716 5901 1808 5952 ag-
1841 5901 1994 5948 sane,
2039 5885 2092 5938 in

2195 4673 2456 4728 insultum
2491 4674 2818 4740 perﬁdorum
2847 4675 3126 4746 hospitum
3160 4689 3387 4730 necesse
3414 4663 3750 4726 habentibus-

2190 4763 2286 4820 llie
2326 4765 2524 4820 idoneo
2573 4766 2806 4820 militum
2845 4780 3078 4821 numero
3113 4779 3303 4822 secum
3333 4766 3550 4818 armato
3593 4756 3750 4848 nocui

2193 4857 2306 4912 arei
2360 4857 2622 4912 Sardensi
2680 4858 3042 4914 se.admovet.
3105 4857 3302 4913 Statim
3355 4847 3606 4924 apparuit
3653 4847 3752 4894 utri

2191 4959 2543 5018 exspectatus
2569 4951 2735 5017 parti,
2771 4950 2878 5004 utri
2908 4949 3195 5006 adveniret
3225 4946 3560 5021 improvisus
3591 4955 3605 4990 :
3635 4943 3749 4987 ualli

2193 5057 2224 5095 a
2257 5041 2518 5096 Romanis
2553 5044 2896 5112 gratulanter
2943 5049 3225 5110 acceptus,
3258 5037 3552 5094 confestim
3587 5028 3636 5078 in
3667 5033 3753 5071 se-

2195 5136 2336 5204 pitos
2415 5135 2634 5190 irruens
2719 5137 2984 5190 barbaros
3059 5137 3240 5188 dirum
3303 5131 3410 5187 illis
3494 5114 3751 5178 somnium

2193 5227 2430 5296 portavit
2458 5269 2474 5290 ,
2519 5229 2900 5284 internecione
2959 5226 3212 5298 periuros
3265 5226 3510 5280 latrones
3551 5207 3752 5265 delenso

2269 5323 2360 5380 17.
2403 5322 2478 5378 De
2509 5322 2842 5391 {inperatoris
2871 5317 3148 5374 Michaelis
3188 5319 3245 5373 in
3283 5315 3464 5372 urbem
3500 5299 3684 5391 reditu.

2266 5415 2336 5468 At
2372 5381 2605 5468 Michael
2636 5413 2938 5482 imperator
2973 5426 3004 5465 e
3039 5416 3234 5464 morbo
3278 5407 3556 5462 recreatus
3581 5381 3752 5482 adhuc

2195 5507 2354 5578 Pegis
2407 5505 2759 5570 morabatur;
2797 5517 2908 5573 quo
2959 5517 3082 5556 cum
3117 5501 3274 5555 illum
3321 5488 3676 5578 veneraturus‘
3703 5473 3752 5578 εξ

2197 5562 2459 5670 obsequia
2489 5597 2722 5668 principi
2747 5562 2786 5650 ia
2816 5562 3040 5651 subdito
3071 5593 3255 5649 debita
3283 5581 3618 5674 exhibiturus

2199 5660 2432 5762 magnus
2453 5691 2717 5761 e-Gyzico
2751 5689 3014 5748 venisset.
3047 5687 3231 5742 sciens
3265 5680 3540 5762 Augustus
3572 5660 3748 5762 if'ﬁ'ﬂr

2212 5752 2432 5843 summo
2467 5752 2576 5839 suo
2613 5783 2807 5837 dolore
2842 5787 3108 5848 quantum
3139 5776 3231 5832 ille
3274 5783 3328 5830 et
3360 5767 3476 5836 eius
3499 5752 3750 5856 'Ea'Eff’n';

2209 5882 2398 5936 barum
2436 5878 2598 5932 modo
2644 5872 2829 5945 Cyzici
2869 5871 3188 5932 movissent,
3222 5863 3504 5923 admittere
3531 5838 3747 5898 illVlStllﬂ
