4024 6448
449 438 556 502 437

1640 447 1967 508 GEORGII
2009 447 2500 508 PACHYMERE

3652 452 3755 520 iis

459 551 753 620 Ῥωμαίων
795 551 1053 619 ἀγάλλειν
1081 556 1584 626 κατεπηγγέλλετο,
1611 563 1675 630 τῇ
1707 560 1763 612 δὲ
1801 561 2037 631 πενθερᾷ
2072 567 2108 619 Α
2140 560 2340 631 ἀπῄτει
2406 559 2607 628 πιστῆς
2669 557 3002 630 προσεδρίας
3056 561 3149 614 καὶ
3206 560 3618 628 ξυναυλίσεως,
3673 571 3749 633 ὡς

447 641 641 693 τούτου
671 644 737 712 τῇ
775 631 884 696 ’τοῦ
934 644 1204 713 Σμίλτζου
1257 649 1504 719 συζύγῳ,
1557 651 1858 722 αὐτανεψίᾳ
1904 652 2038 725 οὔσῃ

449 732 570 800 (τιῦ
612 736 720 802 γὰρ
779 736 1286 810 σεϐαστοκρατορος
1326 745 1744 799 Κωνσταντίνου
1790 745 2040 817 θυγάτηρ

447 821 539 895 ἦν)
573 827 640 880 τὰ
677 829 910 896 μέγιστα
943 835 1330 906 προσοαῤῥῶν,
1363 836 1438 901 ὡς
1467 839 1557 890 τὸν
1581 839 1830 908 γαμϐρὸν
1863 857 2043 910 παρα-

453 917 632 970 πείσοι
659 922 754 972 καὶ
788 924 1186 992 ἐκμειλίξαιτο,
1223 927 1450 997 πέμψας
1483 929 1574 982 τον
1610 932 1780 1000 αὑτῆς
1813 931 2040 1000 ἀδελφὸν

451 1011 543 1061 τὸν
569 1012 935 1082 Ιιαλαιολόγον
967 1018 1188 1090 Μιχαὴλ
1215 1023 1324 1083 τοῖς
1355 1023 1531 1074 ἐκεῖσε
1559 1023 1746 1087 τόποις
1768 1023 2040 1095 ᾠκονόμει

449 1103 518 1154 τὰ
557 1105 862 1176 πρέσφορα.
903 1104 1012 1162 Ἦν
1053 1112 1109 1165 δὲ
1145 1113 1402 1182 βασιλεὺς
1444 1116 1663 1186 Μιχαὴλ
1697 1119 1789 1170 ἐπὶ
1828 1117 2040 1182 τούτοις

453 1199 818 1268 προσδόκιμος
847 1201 1105 1266 ἐξελθεῖν,
1135 1207 1258 1258 ἐπεὶ
1290 1209 1384 1258 καὶ
1419 1207 1716 1278 ἐξηρτύετο
1749 1210 1872 1263 κατ’
1904 1210 2040 1264 ἰδίαν

452 1289 521 1341 τά
551 1289 694 1344 οἴκοι
719 1295 816 1346 καὶ
846 1293 1142 1363 βασιλικῶς
1165 1298 1502 1369 ᾠκονομεῖτο
1525 1317 1539 1332 °
1575 1301 1908 1356 ἀποϐαλόντι
1931 1304 2040 1372 γὰρ

453 1381 522 1434 τὰ
552 1383 983 1455 ἀποτεταγμὲνα
1017 1392 1066 1442 οἱ
1091 1391 1200 1444 τῶν
1229 1395 1498 1462 προνοιῶν
1530 1397 1652 1448 κατ’
1678 1397 1946 1470 ἀνατολὴν
1977 1401 2041 1451 ἐκ

449 1474 550 1542 τῆς
580 1477 687 1528 τῶν
733 1479 1055 1550 Ἀγαρηνιτιν
1085 1485 1391 1541 ἐπιθέσεως
1423 1490 1866 1559 προσεκυροῦντο
1889 1493 2040 1562 παρὰ

453 1570 661 1639 πατρὸς
679 1570 749 1622 τὰ
778 1572 920 1626 κατὰ
941 1575 1094 1626 δύσιν
1115 1579 1369 1645 κτήματα
1392 1580 1484 1632 τοῦ
1507 1580 1770 1634 δεσπότου
1794 1583 2038 1654 Μιχαὴλ,

451 1659 600 1724 ὅσοις
628 1662 738 1734 ἄρα
785 1667 880 1718 καὶ
915 1669 942 1718 ὁ
977 1667 1243 1740 πενθερὸς
1279 1673 1494 1725 ἐκείνου
1533 1673 1793 1742 βασιλεὺς
1821 1676 2040 1748 Μιχαὴλ

451 1754 513 1804 ἐκ
541 1753 750 1819 δύσεως
783 1757 1010 1827 ἀγαγὼν
1043 1761 1148 1816 ὑπὸ
1180 1767 1436 1834 φρικταῖς
1481 1767 1800 1836 ὁμολογίαις
1844 1771 1939 1824 καὶ
1972 1773 2037 1841 τῇ

453 1842 687 1916 (ὲυγατρὶ
746 1852 1064 1916 συνοικίσας
1123 1857 1562 1927 μεγαλοπρεπῶς
1610 1859 1916 1938 ἐπολυώρει
1947 1863 2040 1916 καὶ

453 1933 528 1996 ὡς
560 1937 810 2010 γαμϐρὸν
841 1942 1070 2011 ἦγαλλε.

454 2049 540 2104 ιϐ’.
576 2051 712 2120 Περὶ
751 2052 865 2122 τῆς
903 2057 1235 2137 καταδίκης
1283 2062 1392 2137 τοῦ
1441 2062 1748 2118 δεσπότου
1796 2067 2039 2137 Μιχαὴλ

551 2171 562 2185 .
1027 2129 1134 2182 τοῦ
1177 2132 1227 2184 Ἀ
1241 2131 1478 2200 γγέλου.

525 2213 600 2264 Τὸ
628 2214 670 2266 δ’
703 2215 876 2270 αἴτιον
905 2221 1002 2290 τῆς
1034 2221 1248 2276 ἐκείνου
1277 2225 1662 2298 ταλαιπωρίας
1693 2229 1787 2282 καὶ
1820 2229 2042 2300 ἐπισχε-

455 2321 596 2368 σεως
626 2306 726 2378 ἤδη
757 2310 858 2378 μὲν
893 2314 986 2365 καὶ
1018 2317 1489 2382 προανατέτακτο,
1527 2320 1671 2390 πλὴν
1713 2323 1910 2391 ῥητέον
1947 2325 2042 2378 καὶ

456 2398 838 2470 ἐντελέστερον
880 2405 961 2458 ὅτι
1009 2409 1352 2478 στρατιώτας
1405 2411 1708 2482 βασιλικῶν
1739 2415 2038 2483 ἀλλαγίων,

453 2487 502 2539 οἳ
535 2487 599 2558 δὴ
635 2491 730 2544 καὶ
763 2492 1082 2568 ἀντολίῆθεν
1128 2499 1550 2568 ἀποικισθέντες
1589 2502 1649 2570 ἐξ
1683 2503 1922 2574 ὑπογύου
1954 2506 2040 2559 διὰ

455 2583 553 2658 τὴν
601 2591 951 2664 καταδρομὴν
985 2597 1095 2651 τῶν
1151 2597 1383 2668 Περσῶν
1424 2601 1620 2664 αὐταῖς
1670 2603 1890 2668 γυναιξὶ
1944 2604 2040 2656 καὶ

454 2682 668 2745 τέκνοις
715 2684 879 2754 ἦλυον
935 2691 1078 2743 κατά
1111 2691 1288 2755 δύσιν,
1324 2693 1413 2746 διά
1459 2713 1605 2758 τινος
1652 2695 1772 2757 ἐνὸς
1817 2696 2042 2749 ἐκείνων

453 2773 548 2825 τοῦ
587 2777 866 2849 Κοτέρτζη
917 2783 1082 2852 μέχρι
1129 2785 1226 2836 καὶ
1263 2786 1320 2848 ἐς
1368 2787 1566 2840 ἑκατὸν
1617 2789 2041 2856 προσεκαλεῖτο,

453 2865 551 2919 καὶ
605 2871 932 2939 προσιόντας
979 2874 1274 2946 δεχὸμενος
1327 2880 1470 2932 κατὰ
1514 2880 1670 2936 πόλιν
1717 2881 1790 2935 ὣν
1845 2883 2043 2954 ὅρκους

461 3045 716 3102 idoneam
758 3051 888 3106 talis
945 3065 1296 3124 sequestram
1336 3057 1729 3126 negotiationis
1771 3057 1888 3114 fore
1919 3075 2043 3114 cre-

458 3138 621 3192 didit.
654 3142 708 3194 In
740 3158 850 3212 quo
879 3159 946 3198 ne
975 3146 1064 3200 illa
1089 3147 1193 3204 sibi
1228 3159 1479 3218 parceret
1509 3160 1606 3204 aut
1628 3150 1792 3206 ullam
1821 3151 2044 3207 omitte-

455 3241 542 3285 τρι
573 3243 747 3287 artem
781 3235 1089 3293 dcliniendi
1125 3255 1388 3310 generum
1418 3251 1476 3296 et
1503 3244 1571 3297 ab
1593 3257 1660 3298 eo
1685 3241 2038 3300 cblaudiendi
2069 3264 2114 3322 α

455 3341 577 3392 qu.e
617 3329 834 3383 volebat
884 3330 1208 3402 imperator.
1264 3337 1651 3408 instigatorem
1697 3338 1746 3393 ei
1785 3338 2042 3396 submisit.

457 3419 704 3476 mulieris
753 3423 915 3478 istius
972 3423 1202 3481 fratrem
1271 3426 1590 3484 Michaelem
1645 3429 2040 3503 PalaeolOgum.

458 3509 552 3566 llis
585 3512 639 3564 in
677 3522 1032 3572 antecessum
1060 3519 1129 3574 ad
1179 3524 1409 3576 tutel-im
1449 3523 1592 3578 illius
1628 3523 1822 3581 limitis
1852 3527 2040 3596 provi-

453 3601 556 3662 sis,
582 3608 1007 3672 exspectabatur
1037 3608 1663 3683 iturus'quamprimum
1697 3617 1826 3671 illuc
1857 3619 2044 3687 junior

461 3689 748 3760 Augustus
795 3695 1050 3763 Michael,
1098 3701 1590 3775 instruebaturque
1636 3723 1700 3760 ac
1751 3710 2044 3779 splendide

457 3783 682 3840 interim
720 3787 1099 3843 adornabatur
1133 3793 1233 3846 ista
1273 3794 1546 3864 profectio
1577 3798 1722 3868 ejus.
1757 3801 1840 3855 Ad
1891 3803 2042 3872 quod

457 3889 596 3944 Opus
623 3875 725 3930 fuit
756 3893 898 3932 nova
931 3879 1032 3946 illi,
1068 3881 1215 3938 unde
1262 3885 1476 3954 imperii
1511 3887 1837 3960 dignitatem
1873 3893 2043 3948 susti-

459 3977 636 4031 neret,
671 3969 946 4042 assignari
994 3988 1021 4025 a
1067 3981 1221 4042 patre
1268 3978 1583 4048 vectigalia,
1630 3981 1887 4048 quoniam
1920 3998 2046 4050 quae

458 4058 666 4113 dudmn
695 4060 803 4130 ipsi
831 4063 886 4115 in
928 4066 1249 4134 regionibus
1276 4067 1581 4127 Orientalis
1633 4080 1842 4128 tractus
1888 4075 2044 4129 attri-

463 4149 590 4206 buta
627 4151 870 4221 fuerant,
904 4157 1324 4216 incursionibus
1349 4163 1731 4232 Agarenorum
1767 4164 2047 4236 perierant

463 4243 713 4302 funditus
768 4250 1050 4306 universa.
1093 4251 1277 4318 Quare
1325 4256 1617 4310 constituit
1652 4271 1801 4311 nunc
1847 4257 1922 4312 illi
1960 4273 2046 4312 se-

463 4339 584 4394 nior
611 4341 889 4412 Ausustus
915 4346 1302 4414 possessiones
1335 4348 1389 4402 in
1413 4347 1660 4405 Occiduo
1687 4358 1870 4407 tractu
1905 4353 2046 4409 sitas

465 4430 754 4488 Michaelis
785 4436 1052 4504 despotic,
1082 4439 1283 4507 quibus
1316 4441 1470 4494 illum
1504 4443 1637 4497 olim
1672 4444 1851 4512 ipsius
1889 4462 2047 4501 socer

462 4523 694 4580 Michael
739 4528 1026 4596 Augustus
1070 4513 1372 4588 Andronici
1409 4541 1583 4604 pater,
1626 4552 1693 4590 ex
1737 4536 2044 4593 Occidente

2145 651 2286 716 σφᾶς
2319 648 2461 702 εἶναι
2485 649 2714 719 ἐχοροῦς
2748 649 2956 719 ἐχθρῶν
2991 650 3100 702 τῶν
3145 651 3368 707 ἐκείνου
3414 659 3515 709 καὶ
3556 659 3752 726 φίλους

2144 742 2336 809 φίλων,
2367 743 2462 795 καὶ
2501 742 2778 796 ἀντεδίδου
2828 743 2896 797 τὰ
2935 744 3102 812 ὅμοια
3152 745 3293 816 προς
3341 747 3622 815 ἐκείνους,
3654 753 3752 821 τὴν

2143 833 2450 904 ὁμαιχμίαν
2481 834 2884 904 προκαθιστὰς,
2915 835 3064 888 πόλλ’
3095 837 3232 890 ἄττα
3283 839 3474 903 διδοὺς
3522 841 3617 894 καὶ
3654 860 3748 912 με·

2143 928 2284 996 γάλα
2323 927 2900 998 καθυπισχνούμενος
2938 931 3047 982 Καὶ
3075 929 3236 984 ταῦτ’
3267 931 3590 1001 ἐπράττετο
3620 935 3753 1003 παρ’

2146 1019 2406 1090 αίσθησιν
2451 1023 2660 1084 πᾶσαν,
2699 1020 2775 1092 μὴ
2815 1023 2898 1076 ὅτι
2951 1039 3013 1090 γε
3053 1021 3350 1092 βασιλέως,
3395 1024 3538 1078 ἀλλὰ
3571 1027 3750 1082 αὐτῶν

2141 1112 2206 1183 δὴ
2226 1111 2336 1166 τῶν
2363 1114 2613 1184 συνήθων
2642 1114 2734 1191 κα]
2765 1112 3136 1184 ᾠκειωμένων
3163 1115 3339 1185 αὑτῷ.
3377 1117 3552 1172 Ἀλλὰ
3582 1138 3750 1191 προσ-

2144 1181 2414 1272 αγγελοὲν
2449 1181 2600 1274 πάρά
2652 1181 2967 1276 σιςιὶῖν-ἀμσὶ.⁷
3011 1207 3102 1260 τὸν
3158 1181 3512 1280 Κοτέρτζην,
3569 1181 3748 1282 δείνὴν

2145 1296 2399 1366 βασιλεὺς
2429 1298 2646 1351 ὑπενόει
2667 1297 2903 1368 μελέτην
2928 1297 2992 1372 [Ρ
3017 1299 3084 1353 ‘28
3098 1299 3144 1372 ii]
3169 1301 3262 1354 καὶ
3287 1303 3561 1367 ἀπιστίας
3583 1305 3748 1360 ὠδῖνα

2144 1388 2458 1457 ὑπώπτευε,
2493 1390 2589 1443 καὶ
2618 1391 2820 1461 μᾶλλον
2843 1392 3036 1461 ὅτιτῆς
3067 1394 3313 1464 ἀδελφῆς
3336 1394 3748 1466 τελευτησάσης

2141 1483 2217 1551 τῇ·
2247 1481 2343 1534 τοῦ
2383 1481 2632 1553 Τερτερῆ
2677 1483 2970 1548 συνοικῶν,
3002 1485 3127 1556 ἥτις
3163 1489 3258 1538 καὶ
3308 1488 3607 1559 ἀλλότριον
3635 1486 3745 1560 εἶχε

2143 1575 2286 1643 πρὸς
2342 1574 2430 1626 τον
2463 1573 2770 1646 κρατοῦντα
2821 1575 2880 1628 τὸ
2917 1575 3099 1642 γένος.
3154 1579 3256 1632 Διά
3304 1597 3391 1632 τοι
3443 1581 3622 1641 ταῦτα
3653 1583 3746 1636 καὶ

2145 1665 2314 1736 μηνὸς
2355 1663 2839 1735 Ἑκατομϐαιῶνος
2870 1670 2970 1740 μιᾷ
2999 1673 3306 1741 προσκαλεῖ
3338 1673 3442 1740 μὲι
3479 1677 3746 1746 πατριάρ-

2143 1777 2266 1830 χην,
2301 1759 2697 1828 προτκαλεῖται
2743 1761 2788 1813 δ’
2815 1764 3099 1832 ἀρχιερεῖς
3144 1767 3239 1817 καὶ
3273 1764 3512 1834 κλῆρῖν,
3553 1769 3722 1836 παρὸν

2143 1871 2252 1906 των
2298 1853 2396 1906 καὶ
2429 1851 2560 1914 ,τῶν
2615 1854 2714 1923 τῆς
2767 1855 3106 1925 συγκλήτου,
3154 1859 3536 1932 συνελθᾶντων
3571 1877 3623 1913 τε
3659 1861 3748 1914 καὶ

2071 1921 2114 1978 Β
2147 1945 2396 2016 μοναχῶν
2432 1946 2529 1998 καὶ
2561 1946 2670 1999 τῶν
2697 1946 2798 2018 τῆς
2837 1948 3144 2012 πολιτείας,
3186 1951 3285 2003 καὶ
3313 1951 3400 2014 είς
3437 1953 3623 2022 κρίσιν
3654 1952 3745 2022 βα-

2144 2039 2326 2102 σιλεὺς
2355 2038 2594 2109 καθιστᾷ
2629 2039 2719 2092 τὸν
2749 2039 3020 2112 δεσπότην
3042 2058 3055 2072 ·
3091 2042 3225 2111 πρὸς
3259 2041 3324 2097 ὃν
3359 2046 3457 2097 καὶ
3503 2047 3585 2108 εἰς
3617 2047 3746 2099 ἀπο-

2141 2133 2330 2202 λογίαν
2355 2133 2635 2196 καταστάς
2669 2137 2901 2199 ἐκεῖνος,
2949 2134 3118 2188 πολλὰ
3139 2137 3328 2205 λέγων
3353 2141 3452 2191 καὶ
3479 2138 3624 2192 κατὰ
3651 2143 3744 2207 τῆς

2142 2225 2484 2294 κατηγορίας
2516 2224 2950 2294 ἀποδιδράσκειν
2974 2225 3355 2296 πειρώμενος,
3387 2227 3541 2290 τέλος
3583 2245 3746 2282 κατα-

2143 2315 2429 2378 δικασθεὶς
2457 2315 2532 2386 τῷ
2561 2316 2786 2386 μεγάλῳ
2829 2315 3084 2388 παλατίῳ
3125 2318 3457 2386 ἐγκλείεται
3501 2336 3746 2390 τρισκαι-

2141 2407 2345 2478 δεκάτῃ
2374 2409 2608 2477 Κρονίου
2646 2407 2808 2472 αὑτὸς
2839 2411 2935 2462 καὶ
2959 2411 3099 2480 γυνὴ
3141 2409 3236 2462 καὶ
3274 2409 3354 2462 τὰ
3397 2410 3591 2473 τέκνα,
3618 2409 3650 2463 ἀ
3682 2410 3741 2480 δὴ

2143 2501 2251 2553 ἀπὸ
2286 2505 2387 2570 τῆς
2432 2501 2526 2553 τοῦ
2562 2502 2809 2572 Τερτερῆ
2851 2503 3248 2573 ἀπεγέννησεν.
3323 2502 3556 2570 Ἀγέλας
3583 2503 3626 2556 δ’
3657 2501 3744 2556 ἴπ-

2145 2609 2266 2645 πων
2302 2595 2399 2646 καὶ
2428 2595 2610 2647 πᾶσαν
2657 2593 2894 2664 ὓπαρξιν
2939 2593 3040 2666 τὴν
3074 2593 3286 2648 ἐκείνου
3344 2597 3444 2649 καὶ
3489 2597 3736 2666 κτήματα

2144 2688 2223 2758 τῷ
2277 2687 2380 2759 υῑῷ
2424 2688 2520 2742 καὶ
2567 2686 2780 2758 βασιλεῖ
2810 2688 3049 2743 δίδωσιν.
3085 2689 3160 2741 Οὑ
3199 2688 3314 2758 μὴν
3361 2689 3409 2743 δ’
3455 2688 3592 2743 ἀλλὰ
3647 2687 3734 2741 καὶ

2147 2777 2320 2848 αὑτὴν
2383 2778 2484 2848 τὴν
2547 2777 2762 2832 ἐκείνου
2812 2777 2994 2832 οὶκίαν
3060 2777 3140 2850 τῷ
3202 2777 3448 2850 δεσπότῃ
3519 2779 3734 2849 Ἰωάννῃ

2147 2869 2475 2941 προσνέμει.
2509 2869 2781 2942 ’Υστερον
2827 2869 2873 2924 δ’
2925 2870 3137 2924 ἐκεῖθεν
3175 2870 3491 2941 ἀποδρᾶναι
3544 2888 3732 2942 πειρα-

2150 3049 2431 3119 supplices
2465 3049 2752 3119 excipiens
2783 3048 3091 3104 adduxerat
3131 3048 3198 3104 ad
3239 3050 3348 3105 sibi
3378 3049 3519 3106 clam
3551 3050 3731 3122 iuran-

2149 3142 2271 3204 dam
2301 3142 2613 3196 clientelam
2641 3143 3128 3212 adltaasionemque
3155 3154 3506 3214 perpetuam,
3534 3144 3730 3198 diserte

2151 3229 2260 3286 Deo
2317 3241 2456 3288 teste
2494 3233 2810 3302 pollicendo
2851 3248 2912 3288 se
2965 3231 3082 3286 fore
3116 3233 3234 3288 sine
3273 3234 3603 3289 discrimine
3637 3233 3729 3288 lto-

2149 3335 2261 3382 stes
2302 3327 2566 3391 hostium,
2602 3327 2812 3382 amicos
2847 3327 3154 3381 amicorum
3192 3326 3345 3396 ejus.
3371 3315 3726 3394 Vicissimque

2149 3433 2303 3474 suam
2337 3418 2444 3473 illis
2474 3418 2636 3472 fidem
2668 3419 2876 3488 pariter
2899 3417 3260 3488 obligaverat,
3292 3420 3595 3476 constituta
3630 3418 3724 3471 im-

2150 3508 2402 3563 mutabili
2456 3509 2742 3564 societate.
2782 3506 2954 3576 ldque
3006 3508 3186 3562 foedus
3235 3509 3431 3564 multis
3481 3509 3724 3576 prodnus

2149 3601 2335 3666 donis,
2370 3598 2680 3668 majoribus
2715 3598 2767 3652 in
2794 3609 3077 3668 posterum
3119 3597 3420 3666 promissis
3449 3600 3720 3650 sanxerat.

2152 3694 2354 3763 Egerat
2399 3691 2514 3745 haec
2549 3705 2750 3746 arcano
2779 3691 3032 3758 despOta,
3071 3689 3240 3744 vitata
3281 3690 3583 3759 diligenter
3625 3700 3722 3740 non

2151 3786 2316 3840 modo
2365 3785 2595 3854 Augusti
2645 3783 3014 3848 conscientia,
3050 3781 3146 3836 sed
3201 3789 3253 3836 et
3287 3797 3515 3837 suorum
3557 3780 3728 3850 ipsius

2153 3881 2489 3938 familiarum
2532 3893 2597 3934 ac
2651 3877 3110 3933 domesticorum.
3163 3875 3374 3931 Verum
3416 3892 3477 3932 ea
3516 3875 3596 3930 vel
3633 3873 3730 3925 fio—

2152 3980 2354 4026 tcrtzes
2397 3971 2480 4024 vel
2533 3984 2597 4024 ex
2635 3969 2756 4039 ejus
2803 3967 3072 4023 comitatu
3111 3967 3394 4038 quispiam
3439 3983 3560 4021 cum
3594 3965 3723 4019 clam

2149 4063 2473 4120 Andronico
2503 4062 2831 4128 indicasset,
2864 4075 3086 4131 gravem
3119 4059 3170 4115 ei
3214 4060 3588 4132 suspicionem
3620 4069 3726 4107 mo-
3801 4119 3804 4122 _

2153 4162 2230 4216 vit
2257 4159 2526 4213 adversus
2557 4156 2840 4226 despotam
2873 4154 3023 4208 velut
3045 4153 3212 4209 rebus
3241 4154 3403 4208 novis
3431 4151 3716 4206 inhiantem

2153 4259 2556 4324 parantemque
2577 4264 2605 4302 a
2641 4263 2702 4304 se
2736 4247 2992 4303 deficere.
3031 4246 3384 4316 Conjecturae
3417 4237 3720 4301 verisimili-

2153 4346 2402 4400 tudinem
2449 4341 2686 4399 addebat
2740 4355 3019 4410 magnam,
3073 4339 3224 4408 quod
3287 4340 3436 4395 idem
3501 4330 3720 4390 Michael

2153 4437 2328 4508 priori
2367 4450 2568 4498 uxore,
2592 4432 2897 4488 Andronici
2935 4431 3163 4502 Augusti
3197 4445 3486 4502 germana,
3515 4433 3718 4482 mortua

2154 4531 2322 4586 filiam
2367 4527 2613 4583 Tel-teris
2662 4526 2918 4591 duxerat,
2965 4525 3253 4580 mulierem
3301 4523 3500 4579 infensi
3543 4513 3719 4574 domiti

461 4627 752 4672 evocatum
786 4623 1252 4682 conventionibns
1301 4627 1668 4698 jurejurando
1713 4629 1949 4686 firmatis
1988 4642 2044 4688 ει
2078 4628 2122 4685 D
2151 4624 2418 4693 Augusta:
2450 4621 2692 4692 generis.
2722 4618 2806 4676 0b
2833 4619 2950 4673 hac
2993 4619 3230 4689 quadam
3263 4617 3354 4673 die
3394 4613 3598 4670 mensis
3630 4607 3710 4663 Ja-

463 4713 699 4780 pmprize
749 4713 872 4769 filim
914 4717 1126 4784 nuptiis
1171 4717 1528 4788 honoratum,
1577 4723 1758 4792 ample
1801 4738 1865 4780 ac
1898 4725 2047 4793 regie

463 4817 786 4862 muneratus
814 4808 890 4864 uti
921 4825 1184 4880 generqu
1229 4812 1439 4868 fuerat.

511 4944 598 5000 l9.
635 4945 704 5000 De
735 4947 1169 5004 condemnatione
1200 4951 1426 5018 despotw
1463 4949 1739 5004 Michaelis
1770 4953 1980 5024 Angeli.

537 5084 626 5138 Ere
675 5100 777 5138 cur
819 5085 897 5139 illi
951 5102 1098 5142 nunc
1155 5095 1358 5157 ereptae
1403 5085 1628 5152 fuerint,
1686 5104 1926 5159 quamve
1978 5089 2048 5144 ob

463 5195 687 5234 causam
732 5178 777 5234 is
826 5179 1266 5248 comprehensus
1321 5179 1573 5236 miserias
1616 5182 1860 5236 carceris
1917 5197 2048 5252 per-

419 5251 426 5258 .
468 5271 656 5331 ferret,
701 5269 818 5339 jam
856 5271 1012 5340 prius
1051 5270 1444 5336 indicavimus,
1487 5271 1584 5326 sed
1615 5280 1670 5324 et
1705 5273 1869 5326 modo
1904 5251 2046 5326 idem

383 5352 388 5359 ’
467 5363 632 5432 paulo
700 5362 916 5432 plenius
972 5361 1354 5419 retexendum.
1419 5361 1618 5417 Milites
1678 5363 2046 5433 imperialium

2153 4715 2332 4771 nuarii
2385 4720 2549 4768 vocat
2591 4712 2896 4782 imperator
2923 4711 3326 4780 patriarcham,
3363 4705 3582 4762 adhibet
3629 4711 3718 4751 c0-

2150 4806 2274 4862 dem
2301 4804 2586 4862 antistites
2611 4811 2666 4858 et
2691 4803 2924 4869 clerum,
2957 4801 3313 4862 senatoribus
3340 4809 3558 4868 quoque
3589 4803 3715 4860 prae-

2100 4905 2104 4910 '
2152 4898 2424 4956 sentibus.
2479 4897 2870 4953 Convenerant
2920 4901 2976 4950 et
3037 4893 3320 4958 monachi,
3385 4903 3486 4944 nec
3531 4898 3636 4939 non
3694 4893 3721 4930 θ

2149 4993 2355 5049 civium
2399 4990 2598 5046 ordine
2641 4987 2922 5058 permulti.
2963 4984 3122 5056 Apud
3160 4985 3306 5040 hunc
3349 4989 3546 5038 coetum
3601 4985 3720 5026 reus

2151 5085 2365 5144 sistitur
2397 5083 2630 5151 Michael
2676 5081 3018 5150 imperatore
3052 5078 3272 5149 judice;
3301 5075 3597 5148 iussusque
3641 5079 3719 5119 re-

2151 5177 2422 5247 spondere
2447 5174 2617 5229 multa
2645 5173 2784 5228 dixit
2813 5173 2867 5226 in
2891 5172 3270 5227 defensionem
3304 5169 3411 5230 sui,
3433 5178 3534 5219 nec
3559 5158 3718 5210 vitare

2155 5277 2334 5322 tamen
2362 5267 2536 5336 potuit
2571 5265 2707 5335 quin
2749 5263 2970 5318 tandem
2999 5261 3296 5316 damnatus
3321 5262 3578 5330 perpetuo
3607 5257 3717 5298 (τεπ-

2151 5361 2264 5415 ceri
2297 5358 2674 5413 addiceretur.
2714 5355 2810 5411 Die
2855 5355 3043 5425 itaque
3078 5355 3243 5410 tertia
3272 5352 3482 5410 decima
3519 5337 3713 5399 mensis

465 5425 982 5515 contuberniorum,
1027 5452 1186 5522 ejecti
1222 5445 1431 5521 nuper,
1470 5459 1529 5503 ut
1587 5425 1850 5519 diximus,
1883 5453 2050 5525 403
2141 5450 2335 5514 Martii
2369 5448 2602 5504 Michael
2653 5447 2908 5515 despota,
2947 5461 3074 5500 cum
3122 5459 3296 5500 uxore
3339 5435 3578 5496 Terteris
3610 5425 3709 5525 lilia

464 5543 733 5598 Urientali
773 5545 1097 5598 continente
1139 5544 1434 5612 coactique
1475 5543 1888 5601 incursionibus
1922 5546 2051 5600 Pcr-

467 5651 654 5690 sirum
693 5635 822 5691 inde
855 5634 1044 5706 fugere
1075 5651 1202 5690 cum
1249 5637 1518 5692 uxoribus
1561 5645 1616 5692 et
1650 5635 1862 5702 liberis,
1899 5653 2054 5693 erra-

467 5727 599 5782 bant
632 5744 727 5798 pcr
759 5726 1030 5784 Occiduas
1082 5729 1356 5798 regiones.
1393 5728 1473 5783 Ex
1507 5728 1592 5783 his
1625 5726 1879 5790 Michael,
1916 5747 2051 5786 usus

469 5821 536 5872 ad
593 5819 646 5873 id
699 5837 864 5888 opera
918 5822 1078 5876 unius
1117 5837 1331 5886 eorum,
1383 5821 1653 5876 Coti-Itzae
1707 5823 1950 5884 nomine.
1983 5823 2050 5876 ad

471 5921 690 5966 centum
719 5913 784 5969 ad
821 5931 883 5970 se
913 5926 1157 5982 vocatos,
1185 5933 1309 5971 cum
1345 5917 1396 5972 in
1435 5918 1571 5972 urbe
1617 5922 1788 5979 esset,
1821 5914 2053 5986 benigne

2153 5512 2210 5598 et
2253 5541 2534 5612 susceptis
2585 5555 2648 5594 ex
2703 5512 2810 5593 hac
2861 5538 3074 5604 liberis,
3125 5537 3182 5592 in
3229 5531 3530 5592 custodiam
3583 5512 3712 5588 al)ud

2155 5652 2412 5706 magnum
2445 5633 2710 5704 palatium
2748 5631 2915 5687 datus
2948 5639 3053 5686 est.
3087 5630 3221 5700 Ejus
3251 5625 3414 5702 409
3443 5622 3710 5714 imiimi

2155 5705 2266 5799 gnii
2299 5741 2562 5797 equorum
2612 5738 2804 5795 greges
2869 5738 3114 5792 opesque
3170 5737 3236 5777 ac
3303 5733 3388 5774 res
3427 5705 3710 5800 .familiar'is

2156 5819 2342 5876 omnis
2378 5817 2600 5890 generis
2637 5817 2956 5888 praediaque
3001 5831 3065 5869 ac
3117 5815 3258 5869 bona
3310 5807 3406 5866 soli
3446 5803 3705 5890 cuncta-ll!

2160 5917 2347 5970 iiscum
2383 5913 2605 5968 redacta
2638 5911 2938 5982 imperator
2973 5909 3182 5977 iuniori
3214 5909 3458 5976 Augusto
3483 5905 3576 5948 suo
3609 5882 3706 5936 ίίῑιο
