4024 6404
286 272 406 348 ⁶449

291 485 630 555 ἐγκλείεται.

290 596 361 651 κ’.
389 602 530 667 Περὶ
564 602 676 670 τῆς
708 609 958 688 simitu};
992 610 1137 688 τῷν-
1153 611 1657 688 ἀποσχισθέντων
1682 619 1881 688 ἀρχιε-

666 676 824 743 ρέων
850 679 946 735 διὰ
972 683 1082 734 τὸν
1124 676 1493 741 Ἀθανάὸιον.

368 763 687 818 Κάντεῦθεν
724 771 892 837 μηνὸς
935 772 1028 826 τοῦ
1067 775 1231 827 αὐτοῦ
1268 777 1500 845 Κρονίου
1543 779 1638 835 καὶ
1679 783 1728 834 οί
1764 799 1880 852 σχι-

285 850 508 920 ζόμενοι
596 857 705 910 τῶν
772 861 1081 933 ἀρχιερέων
1146 867 1529 937 άπηυδηκότες
1605 868 1717 926 οἷον
1778 850 1875 927 καὶ

286 942 588 1004 πείσαντες
681 948 953 1017 ἑαυτοὺς,
1044 955 1200 1023 μόλις
1291 959 1876 1027 καταμαλακισθέντες

296 1036 398 1099 τὰς
480 1038 707 1109 γνώμας
802 1043 1071 1112 βασιλέως
1149 1048 1223 1111 ὡς
1300 1048 1525 1103 δυνατὸν
1618 1054 1876 1107 κατεπεί-

283 1145 500 1194 γοντος,
561 1132 621 1185 ἐν
683 1137 748 1205 τῇ
807 1137 918 1190 τῶν
978 1140 1158 1194 Βαΐων
1226 1143 1387 1214 ἑορτῇ
1453 1146 1518 1215 τῇ
1586 1150 1725 1215 μετά
1776 1150 1870 1202 τοῦ

292 1217 613 1273 Ἀθανασὶου
675 1225 867 1297 εἰρήνῃ
922 1229 1340 1297 ἀφωσιώσαντο.
1408 1236 1466 1287 '0
1511 1235 1568 1288 δέ
1605 1236 1656 1304 γ’
1721 1237 1870 1291 Ἀλε-

281 1305 575 1376 ξανδρείας
617 1311 940 1380 Ἀθανάσιος
972 1321 1238 1386 πολλάκις
1271 1324 1366 1376 καὶ
1389 1325 1555 1389 αὐτὸς
1587 1329 1739 1397 παρὰ
1775 1329 1870 1400 βα·-

280 1397 477 1461 σιὶέως
524 1405 1005 1474 παρακινούμενος
1047 1409 1215 1478 ἀπρὶξ
1268 1414 1368 1483 τῆς
1419 1416 1648 1487 γνώμης
1693 1397 1869 1488 εἴχετο

279 1489 376 1541 καὶ
419 1491 522 1543 οὐκ
551 1493 787 1547 ἐνεδίδου
832 1497 970 1561 ὅλως
1014 1500 1133 1551 οὐδὲ
1164 1502 1425 1556 κατένευε
1457 1506 1554 1571 τὴν
1582 1510 1862 1579 ὁμόνοιαν.

279 1582 418 1651 Παρ’
446 1583 515 1654 ἢν
544 1585 745 1649 αἰτίαν,
788 1588 999 1643 καὶτοῦ
1038 1591 1189 1659 δόξαι
1217 1595 1404 1648 τοῦτον
1429 1598 1565 1667 μηδὲ
1595 1598 1863 1669 βασιλέως

276 1670 446 1723 αὐτοῦ
491 1677 861 1743 μνημονεύειν
890 1679 978 1734 διὰ
1013 1681 1206 1747 ταῦτα,
1240 1685 1433 1754 ἧθελον
1459 1690 1556 1758 μὲν
1584 1692 1679 1743 καὶ
1709 1693 1863 1746 αὐτοὶ

270 1761 367 1813 τοῦ
392 1767 737 1837 πατριάρχου
776 1769 1188 1843 Ἀλεξανδρείας
1227 1777 1521 1833 ἐκκόπτειν
1546 1781 1652 1834 τῶν
1676 1784 1864 1838 διπτύ-
1897 1770 1937 1822 Β

271 1871 386 1923 χων
420 1860 791 1927 μνημόσυνον,
850 1864 1024 1917 δεινὸν
1060 1868 1360 1937 ἡγούμενοι
1407 1872 1472 1944 ἢν
1509 1876 1717 1939 ἐκεῖνος
1758 1878 1856 1946 μὲν

274 1946 387 1998 οὐδ’
418 1947 603 2020 ἵκταρ,
668 1954 725 2005 τὸ
778 1954 874 2008 τοῦ
935 1956 1119 2026 λόγου,
1177 1963 1318 2029 σφᾶς
1369 1980 1433 2032 γε
1481 1967 1857 2036 προσδέχοιτο,

270 2038 474 2092 ἐκεῖνοι
504 2042 560 2095 δὲ
614 2045 709 2098 καὶ
752 2045 930 2112 οὕτως
983 2051 1189 2116 ἀξιοῖεν
1240 2058 1451 2108 ἐκεῖνον
1499 2058 1590 2111 καὶ
1649 2077 1859 2129 μνημο-

264 2131 496 2188 νεύοιεν.
529 2133 681 2199 Τέως
713 2138 768 2190 δὲ
808 2142 904 2193 καὶ
948 2143 1098 2196 πόλλ’
1130 2146 1268 2198 ἄττα
1308 2148 1432 2200 κατ’
1461 2150 1730 2220 ἐπήρειαν
1764 2157 1853 2205 αἱ-

270 2222 555 2293 τιὼμενοι,
583 2231 1024 2299 καραδοκοῦντες
1050 2238 1143 2289 καὶ
1180 2238 1324 2291 οὕτω
1367 2240 1467 2310 τὴν
1495 2243 1592 2312 τῆς
1630 2244 1857 2314 γνώμης

270 2316 592 2383 μετάθεσιν,
622 2320 687 2392 [l’
714 2323 840 2396 ‘2851
878 2326 940 2378 τὸ
978 2327 1079 2396 μὲν
1106 2330 1496 2403 άποθαρρἧαι
1532 2335 1735 2389 αὐτίκα
1754 2338 1855 2407 τὴν

268 2406 362 2459 τοῦ
399 2409 672 2479 ὀνόματος
727 2417 971 2488 ἐκκοπὴν
1028 2420 1102 2482 ὡς
1162 2422 1341 2486 ἄλλως
1399 2426 1601 2480 ἄτοπ>ν
1652 2427 1733 2491 ὃν,
1778 2406 1854 2500 μὴ

269 2502 539 2574 φανείσης
567 2505 851 2577 ἀξιολόγου
879 2513 1057 2575 αἰτίας
1081 2518 1175 2566 καὶ
1198 2517 1454 2584 ἄντικρυς
1484 2519 1576 2571 ἐπὶ
1599 2520 1851 2592 δόγματι,

264 2595 626 2669 πατριάρχου.
655 2601 1063 2661 ἀποϐάλλεσθαι
1114 2607 1322 2679 ὄνομα,
1377 2610 1454 2683 μὴ
1504 2615 1600 2668 καὶ
1649 2617 1852 2685 μᾶλλον

260 2776 509 2841 donavit.
544 2787 791 2855 exceptis
825 2796 1004 2843 tamen
1043 2786 1292 2860 ejusdem
1339 2792 1551 2849 aedibus
1596 2792 1847 2860 urbanis,

256 2886 395 2940 quas
419 2874 673 2937 attribuit
695 2876 891 2933 Joanni
919 2881 1178 2950 despotae.
1209 2884 1302 2938 Sic
1328 2887 1675 2956 mancipatus
1693 2898 1852 2943 aeter-

257 2980 331 3017 no
355 2968 570 3022 carceri
598 2968 827 3037 Michael
857 2972 1037 3043 fugam
1065 2976 1194 3030 inde
1235 2987 1421 3046 postea
1459 2981 1706 3034 tentavit.
1743 2982 1845 3035 Sed

257 3058 648 3129 deprehensus
677 3064 731 3117 in
765 3068 1042 3134 ergastula
1074 3068 1508 3127 Blachernarum
1543 3084 1628 3129 est
1665 3083 1845 3130 trans-
1874 3091 1879 3134 ῖ

259 3151 428 3217 latus,
467 3155 721 3210 securius
750 3156 867 3212 illic
901 3158 1217 3216 habendus.

254 3282 347 3338 20.
381 3283 456 3337 De
482 3302 612 3356 pace
642 3286 1329 3347 abscissorum‘antistilum
1361 3296 1423 3349 ob
1462 3298 1840 3355 Athanasium.

321 3418 459 3475 Inde
496 3420 599 3475 hoc
650 3422 771 3492 ipso
802 3439 992 3479 mense
1031 3426 1228 3480 Martio
1269 3431 1502 3487 abscissi
1540 3435 1841 3503 antistites,

251 3513 473 3583 pertresi
516 3518 886 3583 secessionis,
954 3522 1287 3592 tandemque
1352 3528 1671 3593 persuaderi
1734 3528 1839 3582 sibi

190 3596 195 3599 ⁷
252 3606 403 3674 passi
463 3609 534 3661 ah
570 3609 811 3665 instante
862 3614 1131 3669 continuo
1184 3615 1515 3686 imperatore
1569 3631 1629 3674 ιιι
1676 3623 1837 3676 tinent

250 3696 551 3767 aliquando
603 3703 866 3759 turbandi
930 3704 1196 3772 facerent,
1233 3709 1285 3761 in
1336 3712 1479 3767 festo
1528 3712 1837 3769 Palmarum

251 3792 652 3850 convenientes
722 3810 911 3864 pacem
995 3812 1120 3852 cum
1176 3800 1484 3858 Athanasio
1558 3803 1836 3863 fecerunt.

248 3884 658 3942 Alexandrinus
714 3895 897 3944 tamen
926 3889 1287 3960 Athanasius,
1324 3902 1605 3966 utcunque
1644 3899 1838 3953 crebro

249 3976 315 4032 ad
349 3979 496 4033 idem
542 3978 854 4036 faciendum
885 3982 1184 4054 inStigatus
1213 3988 1281 4041 ab
1310 3989 1584 4058 Augusto,
1623 3991 1837 4045 irrevo.

248 4071 506 4126 cabiliter
535 4073 592 4126 in
624 4076 898 4129 sententia
930 4078 1194 4143 perstitit.
1225 4080 1392 4136 nullis
1418 4082 1835 4140 conditionibus

248 4161 302 4216 in
347 4164 667 4218 concordiae
713 4165 1006 4219 consilium
1048 4169 1249 4222 attrahi
1305 4185 1368 4224 ac
1419 4174 1503 4226 vel
1546 4174 1832 4242 paululum

247 4253 453 4308 inﬂecti
482 4269 607 4309 sese
638 4270 868 4322 passus.
894 4256 1069 4322 Quam
1100 4261 1168 4312 ob
1214 4275 1436 4314 causam
1467 4264 1713 4334 episcopi
1744 4279 1837 4318 co-

246 4345 496 4416 gitarunt
543 4344 612 4401 de
639 4346 867 4402 nomine
924 4347 1097 4416 ipsius
1134 4351 1410 4407 eradendo
1449 4368 1515 4407 ex
1566 4354 1832 4411 ecclesia-

1262 297 1359 357 DE
1393 300 1844 364 ANDRONJCO
1878 307 2342 371 PALzEOLOGO
2371 315 2523 374 ΗΒ.
2561 319 2626 377 ν.

294 393 432 457 θεὶς,
468 398 747 464 γνωσθὲν,
800 402 919 464 ταῖς
975 406 1116 458 κατὰ
1151 408 1248 471 τὰς
1280 408 1594 482 Βλαχέρνας
1638 415 1883 484 εἱρκταῖς
1910 423 1958 481 Α
1987 421 2129 491 θήρα
2155 440 2238 486 τις
2269 424 2636 496 ἀνασοϐηοείη

3461 328 3569 391 450

2671 428 2763 481 καὶ
2790 430 3086 496 ἀντιλαϐἃς
3116 434 3258 489 δοῖεν
3296 440 3409 502 τοῖς
3442 459 3560 509 σχι-

1988 514 2238 580 ζομένοις
2268 516 2348 579 εἰς
2381 518 2760 586 κατάγνωσιν·
2798 524 3108 594 σοφώτερον
3151 527 3205 580 δὲ
3243 534 3414 584 ποιεῖν
3449 534 3565 585 ἐδύ-

1987 619 2117 655 κουν
2147 604 2240 656 καὶ
2288 607 2455 660 εἰσέτι
2490 608 2805 677 ὅιευθετεῖν,
2848 612 2924 676 ὡς
2971 616 3172 671 αὐτίκα
3208 620 3558 689 ἐκκόψοντες,

1983 695 2151 747 εἰκαὶ
2183 697 2261 750 ἔτι
2312 700 2532 770 ἀντέχω
2579 704 2670 754 καὶ
2719 709 2818 774 τὴν
2873 707 2965 759 ἐπὶ
3130 711 3434 784 ἈΟανασίῳ
3480 718 3556 786 μὴ

1981 786 2190 855 δέχοιτο
2233 792 2454 863 πρᾶξιν,
2507 795 2568 846 Ἢ
2617 796 2658 847 δ’
2697 800 2977 869 οἰκονομία
3007 802 3150 856 οὕτω
3186 823 3302 869 πως
3328 803 3418 877 ἦν,
3452 827 3558 861 πα-

1979 880 2247 950 τριάρχην
2285 883 2385 952 μὲν
2424 885 2586 937 αὑτὸν
2622 887 2694 956 μὴ
2718 889 3054 958 λειτουργεῖν
3081 893 3236 958 ὅλως,
3269 895 3342 959 ὡς
3378 897 3442 949 ἂν
3479 901 3553 967 μὴ

1980 975 2547 1045 συλλειτουργούντων
2578 980 2721 1032 κατὰ
2763 981 2821 1034 τὸ
2857 983 3003 1047 εἰκὸς
3041 986 3303 1042 διακόνων
3336 991 3364 1040 ὁ
3406 991 3556 1043 Ἀλεο

1979 1060 2261 1136 ξανδρείας
2284 1071 2373 1120 ἐπὶ
2396 1070 2503 1124 τῶν
2526 1070 2803 1142 διπτύχων
2829 1078 3361 1147 συμμνημονεύοιτο,
3390 1083 3556 1151 ἱερεῖς

1975 1154 2031 1208 δὲ
2085 1157 2281 1222 μόνους
2338 1160 2471 1231 ἄτερ
2518 1163 2781 1218 διακόνων
2838 1167 3163 1243 ἱερουργεῖν.
3229 1172 3339 1225 Καὶ
3393 1173 3552 1227 τοῦτο

1974 1251 2273 1319 ἐπράττετο
2308 1253 2409 1323 μὲν
2436 1254 2529 1307 καὶ
2557 1257 2614 1309 ἐν
2650 1258 2986 1329 ἀνακτόρων,
3017 1264 3319 1332 ἐπράττετο
3347 1266 3403 1319 δέ
3453 1269 3549 1320 καὶ

1973 1345 2065 1397 ἐπὶ
2093 1344 2170 1415 τῷ
2200 1349 2444 1418 μεγίστῳ
2477 1351 2610 1420 ναῷ,
2638 1353 2754 1419 ικαὶ
2782 1353 2972 1419 ἄλλαις
3014 1357 3112 1426 μὲν
3149 1359 3405 1430 ἡμέραις,
3440 1361 3548 1430 μά-

1971 1437 2127 1491 λιστα
2151 1441 2208 1492 δέ
2240 1441 2562 1510 δημοτελέσι
2591 1447 2683 1499 καὶ
2714 1447 3082 1518 ἐορτασίμοις,
3115 1451 3191 1515 ὡς
3219 1455 3323 1505 κάν
3349 1457 3412 1524 τῇ
3447 1455 3547 1524 τῆς

1970 1530 2278 1600 ὀρθοδοξὶας
2317 1535 2688 1605 κοινοπληθεί,
2722 1539 2810 1591 ὅτε
2846 1539 3111 1609 βασιλέως
3139 1544 3546 1615 ἐνδημήσαντος

1970 1622 2061 1673 καὶ
2096 1622 2335 1693 πλήθους
2368 1627 2557 1679 ἱκανοῦ
2591 1630 2948 1698 συναχθέντος
2989 1632 3016 1683 ὁ
3064 1633 3163 1700 μὲν
3196 1636 3543 1705 πατριάρχης

1969 1713 2261 1782 ἡπράκτει,
2319 1719 2498 1788 ἱερεὺς
2547 1718 2602 1772 δὲ
2641 1722 2805 1788 μόνος
2847 1723 3312 1795 άπερικτυπήτως
3364 1729 3541 1796 πάντη

1967 1808 2058 1858 καὶ
2088 1809 2462 1877 ἁνηκούστως,
2508 1813 2678 1883 μηδὲν
2714 1815 3015 1869 ἐπαϊόντων
3040 1816 3127 1869 διὰ
3159 1817 3255 1870 τὸν
3286 1818 3538 1887 θόρυὸον,

1961 1895 2030 1948 τὰ
2063 1897 2160 1966 τῆς
2197 1899 2512 1971 ἱερουργίας
2542 1904 2894 1975 ἐξέπραττεν.
2937 1907 3214 1971 Ὡσαύτως
3246 1910 3303 1963 δὲ
3338 1910 3432 1963 καὶ
3481 1913 3540 1964 ἐν

1961 1992 2080 2051 ταῖς
2112 1994 2439 2061 πασχαλίοις
2467 1996 2707 2063 ἐγένετο.
2748 1998 3020 2070 ’Ὕστερον
3062 2001 3105 2053 δ’
3140 2001 3361 2065 ἐσαῦθις
3395 2007 3537 2057 κατὰ

1958 2080 2059 2150 τὴν
2093 2083 2318 2152 μνήμην
2352 2085 2444 2138 τοῦ
2493 2089 2549 2139 ἐν
2596 2090 2833 2161 μάρτυσι
2884 2092 3221 2162 περιφανοῦς
3259 2094 3538 2163 Γεωργίου

1958 2171 2292 2225 ἐκκόπτουσι
2323 2178 2414 2227 καὶ
2450 2180 2818 2247 μνημόσυνον,
2869 2182 3007 2234 κατὰ
3043 2183 3131 2233 τὸν
3159 2183 3217 2232 ἐν
3246 2185 3357 2244 τοῖς
3392 2200 3536 2252 μαγ-

1958 2264 2143 2329 γάνοις
2163 2263 2298 2317 νεὼν
2328 2268 2843 2339 λειτουργήσαντες,
2863 2272 2917 2334 ὃς
2945 2274 3151 2327 ἀνεῖται
3172 2276 3251 2344 τῷ
3276 2275 3536 2346 μάρτυρι.

1957 2374 2062 2430 κα’.
2095 2377 2234 2443 Περὶ
2253 2377 2380 2453 ⁸τῷν
2396 2382 2858 2453 καταλαϐόντων
2883 2385 2998 2451 τὴν
3020 2386 3274 2453 περαίαν·
3298 2386 3535 2453 δεινῶν,

2168 2447 2267 2499 καὶ
2297 2449 2384 2502 ἔτι
2418 2449 2535 2502 τῶν
2566 2447 2952 2518 ὁπηὸήποτεί
2971 2447 3315 2523 ἑξαξγελιά.

2027 2538 2236 2604 Ηῦξανε
2261 2542 2304 2593 δ’
2329 2543 2600 2614 ὁσημέραι
2633 2548 2722 2597 καὶ
2756 2540 2914 2608 αὖθις
2940 2546 2998 2597 τὸ
3028 2547 3136 2599 ἀπὸ
3170 2546 3279 2599 τῶν
3306 2548 3532 2616 Περσῶν

1955 2631 2147 2696 δεινὸν,
2192 2632 2322 2686 ὥστ’
2358 2633 2784 2688 ἀποκεκλεῖσθαι
2824 2637 3102 2707 πανταχοῦ
3157 2639 3253 2701 τὰς
3284 2643 3381 2711 τῆς
3421 2654 3534 2693 σω-

1955 2790 2104 2842 natio
2166 2787 2308 2843 feras
2372 2782 2721 2858 przepropere
2781 2789 2948 2861 410
3010 2792 3255 2859 abigeret
3296 2803 3348 2849 et
3400 2796 3529 2849 novi

1952 2881 2237 2952 quidpiam
2271 2882 2602 2935 incommodi
2639 2898 2704 2936 ex
2740 2881 2884 2936 facto
2929 2884 3153 2953 ancipiti
3183 2896 3526 2950 nasceretur,

1954 2974 2099 3028 unde
2134 2988 2323 3027 ansam
2367 2973 2543 3027 avulsi
2584 2974 2766 3029 adhuc
2804 2976 2897 3029 alii
2935 2992 3159 3032 suarum
3195 2979 3531 3033 roboranda-

1952 3083 2070 3121 rum
2126 3067 2364 3135 partium
2416 3079 2720 3132 sumerent,
2755 3069 3065 3124 consultius
3121 3080 3250 3125 tunc
3303 3071 3525 3141 quidem

1948 3158 2124 3213 vismn
2155 3152 2601 3227 Teiuperamento
2633 3159 2872 3227 quodam
2913 3161 2989 3214 uti
3030 3161 3368 3231 huiusmodi,
3416 3179 3525 3231 quo

1944 3261 1998 3304 et
2052 3252 2355 3320 periculum
2388 3252 2506 3321 eius
2535 3254 2850 3321 ignominiaa
2902 3255 2981 3309 sic
3032 3255 3408 3317 Alexandrino
3441 3258 3528 3310 in-

1945 3353 2285 3410 tentaretur,
2320 3357 2377 3399 ut
2410 3362 2469 3399 re
2498 3355 2679 3399 tamen
2719 3356 2933 3414 Integra
2986 3361 3091 3401 non
3141 3349 3525 3405 excluderetur

1943 3436 2087 3491 idem
2139 3436 2286 3490 aditu
2348 3436 2769 3506 resipiscentize,
2828 3452 2931 3492 nec
2982 3448 3161 3494 tamen
3220 3441 3337 3495 alca
3394 3443 3520 3497 novi

1941 3528 2126 3583 damni
2152 3529 2450 3597 jacerctur.
2490 3531 2862 3583 Decrt-vcrunt
2919 3530 3186 3603 deinceps
3237 3534 3519 3589 solemnes

1941 3635 1970 3673 a
2009 3620 2318 3691 patriarcha
2344 3622 2699 3678 celebrandas
2733 3624 3121 3694 ipsoliturgias
3149 3627 3424 3693 omittere,
3464 3627 3519 3682 in

1938 3714 2139 3786 quibus
2172 3714 2425 3769 videlicet
2454 3716 2669 3770 recitari
2698 3731 2726 3769 a
2750 3717 3000 3773 diaeonis
3037 3719 3256 3772 nomina
3289 3722 3526 3789 patriar-

1939 3812 2168 3868 charum
2222 3810 2683 3874 orthodoxorum,
2732 3820 2932 3867 cuncto
2985 3813 3243 3867 audiente
3294 3816 3519 3885 populo,

1940 3921 2178 3961 necesse
2210 3904 2372 3969 foret,
2400 3906 2515 3959 vice
2546 3916 2725 3959 autem
2756 3920 2946 3960 earnm
2987 3922 3149 3962 sacro
3174 3906 3400 3978 defungi
3426 3925 3471 3978 pc
3495 3925 3521 3961 r

1937 3998 2212 4068 privatum
2250 3996 2506 4052 faciendo
2554 3999 2924 4062 sacerdotem,
2981 3999 3102 4054 sine
3155 4001 3517 4054 diaconorum
3574 4016 3585 4028 ·

1938 4090 2272 4148 ministerio.
2310 4089 2422 4142 lloe
2449 4088 2524 4141 ita
2566 4088 2806 4144 factitari
2837 4091 3034 4144 exinde
3072 4094 3237 4159 tmpit
3296 4094 3348 4147 in
3401 4095 3517 4147 aede

1938 4197 2094 4237 sacra
2142 4182 2349 4250 palatii,
2386 4182 2488 4233 hoc
2532 4180 2674 4234 idem
2726 4180 2781 4233 in
2822 4182 3022 4249 templo
3083 4182 3342 4243 maxime,
3406 4200 3513 4238 non

1937 4274 2198 4346 profestis
2231 4274 2407 4328 solum
2440 4274 2658 4339 diebus,
2714 4273 2811 4327 sed
2862 4284 2915 4328 ct
2975 4273 3032 4327 in
3066 4274 3514 4330 solemnitatibus

1935 4372 2103 4425 etiam
2136 4368 2323 4440 populi
2350 4381 2623 4423 concursu
2660 4365 2995 4421 celebribus.
3036 4367 3219 4435 itaque
3255 4366 3343 4419 die
3396 4366 3514 4436 ipsa

245 4439 402 4493 sticis
437 4437 714 4509 diplychis
742 4440 1159 4512 omittendaque
1201 4441 1346 4497 inter
1393 4459 1552 4500 sacra
1588 4460 1828 4502 comme-
1860 4455 1905 4510 ι)
1934 4437 2297 4525 orthodoxiae,
2322 4473 2444 4512 cum
2474 4467 2526 4511 et
2551 4456 2617 4511 de
2648 4472 2797 4512 more
2826 4454 3129 4526 imperator
3152 4456 3207 4510 in
3243 4458 3507 4527 templum

244 4533 555 4588 moratione
582 4532 727 4602 ejus,
780 4549 901 4589 cum
938 4535 1242 4604 praesertim
1277 4546 1330 4591 et
1370 4538 1487 4607 ipse
1537 4547 1828 4609 putaretur

236 4627 310 4685 in.
344 4625 464 4679 suis
520 4625 762 4695 lilnrgiis
800 4627 1035 4696 Augusti
1100 4628 1431 4683 mentionem
1493 4632 1826 4699 praztermit-

237 4728 377 4784 tere,
404 4720 551 4785 quod
586 4718 916 4787 patriarcha:
947 4718 1053 4773 sibi
1088 4735 1197 4774 non
1236 4722 1467 4790 probato
1495 4724 1823 4779 adhaereret.

234 4808 353 4861 Nec
415 4808 564 4863 enim
613 4807 897 4863 ferendum
965 4810 1380 4866 arbitrabantur
1429 4814 1823 4870 inconcussam

237 4901 348 4970 ipsi
395 4901 607 4955 servari
655 4902 791 4955 tanti
834 4892 1242 4971 possessionem
1295 4905 1547 4973 honoris,
1604 4909 1822 4963 interim

236 4998 370 5049 dum
402 4996 495 5050 ille
535 5011 603 5050 ne
640 4995 930 5049 minimum
973 4997 1192 5063 quidem
1235 4998 1399 5052 vellet
1451 4998 1732 5075 remittere
1759 5001 1826 5055 de

239 5091 412 5154 fastu,
446 5088 689 5158 quoiam
734 5089 1113 5157 conspirantia
1150 5099 1474 5145 cunctorum
1515 5092 1823 5148 antistitum

234 5184 446 5251 judicia
505 5197 650 5236 unus
712 5182 1068 5249 pertinaciter
1128 5183 1464 5239 dissentiens
1506 5185 1825 5245 damnabat.

242 5277 369 5330 [Lee
399 5277 547 5329 inter
578 5289 638 5327 se
673 5274 839 5327 locuti
883 5290 988 5333 non
1037 5284 1217 5329 tamen
1252 5274 1515 5345 expedire
1567 5275 1621 5329 in
1669 5292 1828 5332 exse-

242 5366 522 5423 cntionem
575 5366 838 5435 impetum
895 5367 1017 5420 ausi
1049 5375 1201 5429 sunt,
1249 5380 1344 5420 seu
1375 5380 1470 5435 spe
1507 5366 1825 5420 attrahendi

241 5462 462 5513 tandem
501 5458 624 5525 ejus
659 5456 713 5511 in
744 5467 951 5527 partes,
993 5473 1089 5513 seu
1119 5458 1281 5512 veriti
1314 5474 1382 5514 ne
1430 5473 1539 5511 non
1568 5458 1704 5513 satis
1737 5472 1827 5512 ca-

242 5553 439 5606 nonira
476 5551 649 5604 videri
677 5561 865 5619 posset
906 5550 1044 5603 tanti
1077 5552 1404 5620 patriarcha:
1431 5552 1521 5606 tali
1557 5553 1623 5607 de
1654 5567 1824 5609 causa

241 5660 267 5699 e
292 5643 468 5700 sacris
503 5640 710 5696 tabulis
741 5640 945 5706 erasin,
1001 5642 1159 5711 cujus
1189 5642 1375 5697 nullus
1428 5642 1577 5699 circa
1619 5643 1819 5714 dogma

240 5751 391 5791 error
431 5742 784 5806 argueretur.
825 5731 969 5803 Ergo
1002 5748 1069 5787 ne
1101 5735 1257 5802 quasi
1295 5735 1694 5791 tumultuosior
1727 5750 1822 5789 ve-

1938 4551 2252 4608 advenisset
2298 4558 2352 4605 et
2397 4550 2603 4605 densus
2647 4548 2869 4605 adesset
2907 4550 3160 4620 populus,
3198 4552 3514 4618 patriarcha

1938 4663 2046 4701 non
2105 4645 2434 4716 comparuit,
2493 4644 2755 4701 sacerdos
2819 4654 3001 4698 autem
3076 4645 3303 4713 simplex
3376 4645 3513 4699 citra

1938 4752 2189 4808 pompam
2239 4746 2292 4790 et
2316 4745 2577 4798 cantum,
2616 4736 2854 4797 nemine,
2893 4736 3194 4805 praesertim
3247 4737 3301 4789 in
3343 4738 3515 4790 turba:

1940 4841 2149 4895 magna}
2177 4827 2429 4896 strepitu,
2466 4825 2795 4880 exaudiente
2829 4825 2960 4894 quid
2990 4828 3307 4880 mussitaret
3340 4839 3514 4898 mysta

1937 4920 2246 4984 celebrans,
2290 4934 2448 4974 sacro
2510 4927 2788 4985 utcunque
2837 4918 3130 4973 defunctus
3174 4919 3355 4972 ofﬁcio
3406 4937 3434 4971 e
3472 4930 3513 4972 t.

1940 5009 2207 5065 Similiter
2245 5017 2300 5065 et
2336 5010 2390 5063 in
2436 5008 2592 5064 festis
2641 5016 2823 5063 actum
2858 5008 3241 5064 Pascltalihus.
3277 5009 3514 5064 Eadem-

1937 5118 2043 5174 que
2075 5111 2196 5157 arte
2234 5103 2290 5156 in
2324 5102 2556 5157 solenmi
2595 5116 2813 5172 quoque
2870 5086 3033 5170 paulo
3083 5111 3206 5171 post
3238 5103 3514 5156 celebrata

1938 5195 2114 5250 sancti
2148 5197 2406 5263 martyris
2429 5192 2647 5263 Georgii
2692 5193 2957 5246 memoria
2997 5192 3304 5248 necessitas
3332 5193 3513 5246 nomi-

1938 5289 2105 5343 nandi
2154 5286 2335 5356 palam
2388 5301 2418 5340 e
2480 5285 2757 5356 diptychis
2808 5285 3168 5339 Alexandrini
3224 5286 3513 5340 lucrifacta

1938 5393 2044 5443 est.
2078 5380 2290 5450 liturgia
2312 5379 2366 5432 in
2404 5381 2607 5448 templo
2636 5378 3055 5449 Manganorum,
3090 5379 3179 5433 ubi
3203 5389 3395 5434 sancto
3426 5377 3517 5432 isti

1938 5476 2112 5529 honos
2144 5488 2361 5527 annuus
2393 5472 2649 5535 habetur,
2681 5473 2955 5526 submisse
2987 5482 3224 5541 peracta.

1935 5569 2024 5623 21.
2070 5566 2270 5620 Rursus
2323 5566 2387 5618 de
2424 5563 2581 5617 malis
2617 5563 2918 5618 ulteriorem
2963 5565 3311 5618 continentem
3354 5561 3513 5614 imm.

2007 5638 2281 5703 dantibus,
2314 5647 2360 5690 et
2385 5634 2566 5688 allatis
2595 5635 2934 5703 undecunque
2954 5634 3192 5688 tristibus
3217 5632 3442 5685 nuntiis.

2006 5730 2306 5786 Crescebat
2336 5730 2480 5784 inter
2512 5727 2626 5782 haec
2659 5730 2947 5799 magisque
2995 5740 3060 5780 ac
3092 5725 3267 5797 magis
3312 5722 3367 5780 in
3393 5724 3514 5782 dies
