4024 6416
435 355 538 421 451

1606 356 1929 418 GEORGII
1970 356 2458 417 PACHYMERiE

3606 368 3726 436 4.52

436 468 631 537 τηρίας
676 464 917 528 ἐλπίδας.
974 463 1040 518 Τί
1080 464 1186 535 γὰρ
1234 464 1341 519 τῶν
1376 466 1653 538 δυσχερῶν
1686 467 1863 537 ἁπῆν;
1906 468 2012 520 Καὶ
2046 473 2090 530 Α
2123 467 2265 521 σθαι.
2300 467 2410 521 Καὶ
2456 470 2556 522 οὐκ
2590 464 2659 540 ἦν
2706 470 2895 541 σχεδὸν
2924 471 3109 546 ἡμέρα
3158 475 3279 530 καθ’
3324 477 3392 548 ἢν
3432 476 3464 548 ἢ
3498 478 3571 549 μὴ
3606 483 3727 536 τοῖς

431 559 514 612 ’ἐῶ
541 558 609 612 τὰ
652 557 895 625 μακράν.
932 554 1096 608 Ἀλλὰ
1123 555 1197 608 τὰ
1223 554 1365 608 κατὰ
1398 555 1569 625 θύραν
1600 556 1771 609 ταῦτα
1802 557 1895 609 καὶ⁸
1921 556 2022 623 τῆς

333 635 343 715 ξ
439 649 720 722 βασιλίδος
770 646 1063 716 προαύλια.
1102 648 1180 699 Τὰ
1230 648 1274 701 δ’
1305 642 1373 718 ἦν
1422 647 1583 708 εὐθὺς
1631 649 1760 717 νηὸς
1791 647 2021 702 ἀποϐαί-

370 760 373 761 ⁷
433 761 585 797 νοντι
616 742 692 811 τῷ
721 746 791 797 τά
816 740 979 796 στενά
1019 738 1114 793 τοῦ
1143 740 1426 810 Βοσπόρου
1457 757 1685 809 περαιου
1696 740 1865 811 μένῳ,
1889 739 2020 793 ὥστ’

351 848 361 869 ⁸
437 836 697 904 ἀφεμένω
723 835 1000 902 θαλάσσης
1028 831 1331 900 λαμϐάνειν
1360 832 1627 885 κίνδυνον.
1668 833 1886 902 Ἀνέδην
1912 834 2022 903 γὰρ

424 927 716 997 διέτρεχον
752 924 1030 995 πανταχοῦ
1077 923 1177 993 τῆς
1223 923 1479 994 περαίας,
1512 925 1607 976 καὶ
1648 927 2021 994 κατεσκήνουν

440 1023 575 1076 ὅπου
617 1017 686 1092 ἧν
714 1020 1085 1091 ξβουλομένοις
1131 1018 1338 1082 αὐτοῖς,
1390 1019 1481 1071 καὶ
1526 1018 1679 1072 ταῦτ’
1711 1020 1810 1072 οὐκ
1846 1019 2023 1073 ἰλαδὸν

444 1115 854 1185 στρατεύουσιν,
905 1112 970 1186 [Ρ
1012 1110 1141 1184 236]
1200 1111 1317 1164 ἀλλ’
1362 1112 1717 1173 ἀσυντάκτως
1763 1115 1857 1164 καὶ
1900 1113 2024 1165 κατ’

442 1206 681 1275 ὀλίγους,
718 1205 860 1258 ὥστε
894 1205 1109 1257 κεῖσθαι
1144 1204 1243 1271 τὴν
1290 1203 1522 1272 περαίαν
1555 1204 1652 1272 τῆς
1701 1205 2024 1267 Βυζαντίδος

441 1294 688 1360 Σκυθῶν,
722 1296 749 1348 ὃ
779 1293 842 1365 δὴ
872 1294 1110 1363 λέγεται,
1148 1292 1410 1362 ἐρημίαν,
1451 1292 1680 1362 μηδενὸς
1710 1294 2023 1361 τολμῶντος

442 1387 701 1456 φανῆναι,
756 1386 847 1438 ὅτε
900 1384 1184 1438 συνέϐαινε
1237 1386 1333 1437 καὶ
1370 1384 1833 1454 παραϐολώτερόν
1877 1402 2025 1447 τινες

438 1476 869 1545 διαπράττεσθαι
926 1477 1017 1525 καὶ
1053 1475 1266 1527 ἐκθέειν
1307 1475 1650 1543 τολμῶντας,
1684 1474 1850 1544 ζήλου
1880 1474 2025 1536 τινος

444 1568 725 1630 πείθοντος
758 1566 790 1635 ἢ
826 1567 921 1620 καὶ
959 1566 1157 1634 μᾶλλον
1184 1565 1390 1628 ἐνδείας
1421 1564 1742 1634 πιεζούσης,
1770 1564 2028 1634 τριϐομέ-

443 1676 537 1712 νου
567 1658 658 1712 τοῦ
688 1658 881 1727 χρόνου
923 1659 1019 1709 καὶ
1056 1658 1162 1709 τῶν
1194 1656 1429 1724 ἐφοδίων,
1450 1655 1601 1722 σφίσι
1633 1657 2024 1725 καταναλωμέ-

442 1768 568 1813 νων,
610 1752 754 1819 ἆπερ
801 1747 1015 1801 οἴκοθεν
1063 1732 1426 1818 ἀπεφέροντο.
1467 1748 1547 1801 Τὰ
1579 1747 1622 1800 δ’
1652 1744 1795 1819 ἦσαν
1827 1749 2027 1818 μᾶλλον

2123 556 2265 610 κατὰ
2294 555 2576 611 θάλασσαν
2607 559 2892 628 φρουρίοις
2919 562 3362 632 προσϐάλλοντες
3396 564 3659 635 ἠκούοντο
3688 565 3722 635 ἢ

2131 648 2209 718 μὴ
2256 648 2565 715 ἀπάγοντες
2596 648 2983 719 αἰχμαλώτους
3027 653 3059 723 ἢ
3115 656 3191 725 μὴ
3244 657 3587 724 φονεύοντες,
3621 657 3724 708 καὶ

2128 740 2335 811 μᾶλλον
2369 741 2459 794 ὅτε
2512 740 2609 794 καὶ
2649 741 2885 806 ἱκεσίαις
2939 743 3237 814 ἐχρώμεθα
3276 745 3415 817 πρὸς
3467 745 3620 809 Θεὸν,
3656 744 3724 796 τὸ

2124 833 2417 887 οἴκτιστον.
2460 834 2640 904 Διείχε
2694 834 2753 888 δὲ
2798 835 2956 904 μόνος
3004 840 3037 890 ὁ
3082 837 3333 909 πορθμὸς
3381 831 3557 902 οὗτος.
3607 837 3752 891 Ka‘t'

2127 926 2394 989 πολλάκις
2431 926 2531 995 μὲν
2570 926 2689 996 μεθ’
2722 929 2936 998 ἡμέραν
2972 929 3258 998 ἐφαίνοντο
3308 933 3422 994 τοῖς
3464 929 3722 983 ἐντεῦθεν

2126 1018 2371 1087 ἀφορῶσι
2404 1018 2497 1071 καὶ
2535 1017 2693 1082 πεζοὶ
2724 1019 2820 1071 καὶ
2847 1019 3035 1083 ἱππεῖς
3055 1036 3071 1051 ⁶
3098 1020 3200 1074 κᾶν
3231 1038 3336 1073 που
3369 1021 3425 1073 δέ
3457 1038 3543 1083 τις
3570 1021 3603 1090 ἢ
3633 1022 3718 1072 ἐν·

2125 1109 2245 1180 δείᾳ
2274 1109 2721 1180 ἐξαπορούμενος
2769 1110 3069 1166 κάντεῦθεν
3119 1112 3360 1177 ἐλπίζων
3409 1113 3721 1183 κερδαίνειν

2127 1201 2191 1255 ἐκ
2230 1201 2341 1254 τῶν
2392 1202 2878 1272 ὑπολελειμμένων
2922 1204 3127 1270 ἄλλοις,
3178 1205 3211 1275 ἢ
3270 1205 3380 1274 μὴν
3429 1205 3525 1258 καὶ
3577 1206 3721 1257 κατὰ

2129 1296 2321 1364 χρείαν
2354 1296 2551 1365 ἑτέραν
2585 1296 2621 1366 ἢ
2647 1294 2741 1349 τοῦ
2777 1297 3047 1367 σφετέρου
3082 1299 3367 1369 κτήματος
3396 1298 3722 1367 ἐπιμέλειαν

2128 1387 2366 1458 ἐξορμᾷν
2397 1389 2629 1455 ἐτόλμα,
2664 1387 2864 1441 αὐτίκα
2888 1389 2920 1460 ἢ
2949 1389 3205 1458 ἡλίσκετο
3231 1389 3263 1459 ἣ
3287 1390 3581 1443 ἐκτείνετο.
3609 1391 3721 1444 Καὶ

2129 1478 2360 1542 πολλοὺς
2418 1480 2484 1532 ἂν
2518 1474 2660 1541 εἶδες
2715 1481 3099 1551 ἐσφαγμένους
3138 1482 3171 1551 ἢ
3206 1482 3585 1551 τετρωμένους
3641 1486 3723 1544 είς

2131 1570 2382 1636 θάνατον,
2428 1570 2617 1625 ἔστιδ’
2648 1566 2708 1625 οὗ
2767 1572 2863 1625 καὶ
2917 1572 3162 1639 κεφαλῆς
3216 1573 3345 1625 ἄνευ
3384 1573 3481 1625 καὶ
3515 1572 3722 1644 κόρσας

2092 1639 2103 1651 .
2131 1661 2460 1730 ἀναύχενας.
2522 1660 2797 1730 Πεπλήθει
2834 1660 2892 1713 δὲ
2936 1661 3048 1713 τῶν
3106 1662 3429 1732 ἀγρομένων
3464 1663 3497 1732 ἡ
3539 1639 3719 1726 πύλις,

2131 1752 2227 1805 καὶ
2261 1755 2692 1822 ἐστενοχωρεῖτο
2722 1754 2844 1811 τοῖς
2883 1752 3165 1822 πανταχοῦ
3197 1754 3477 1823 κειμένοις
3510 1756 3631 1824 εἰκῇ
3662 1771 3720 1807 τε

442 1844 521 1903 είς
550 1841 819 1895 κίνδυνον.
851 1841 1017 1892 Ὅθεν
1047 1842 1143 1893 καῖ⁵
1190 1841 1241 1892 oi
1293 1841 1391 1909 μὲν
1438 1839 1745 1892 ἐκωλύοντο
1774 1841 2026 1905 ἀπειλαῖς
2061 1835 2101 1890 Β
2132 1841 2225 1894 καὶ
2254 1840 2591 1908 ὑπαιθρίοις,
2629 1842 2769 1911 πνοῇ
2807 1841 2905 1910 ζῇν
2941 1840 3039 1893 καὶ
3080 1842 3215 1912 μένῃ
3265 1842 3678 1911 πιστευομένοις
3703 1858 3718 1871 ·

441 1934 552 1987 τῶν
584 1935 934 2003 κρατούντων
981 1935 1074 1984 καὶ
1119 1931 1270 2000 φόϐῳ
1325 1932 1823 2001 σωφρονιζόμενοι·
1877 1936 1925 1986 οἱ
1970 1933 2026 1986 δὲ

442 2027 776 2095 τολμῶντες,
812 2026 878 2096 ἦν
929 2025 1030 2076 πού
1080 2041 1166 2085 τις
1220 2023 1597 2093 πρτεξέδραμε
1634 2023 1817 2088 ἱκανὸς
1855 2019 2029 2078 δοκῶν

445 2119 600 2186 ἄγειν
629 2116 898 2185 σύντομον
947 2116 1203 2186 (λοχαγὸν
1248 2115 1341 2166 τὸν
1375 2117 1617 2167 τοιοῦτον
1648 2115 1777 2189 εἴπῃ
1810 2133 1890 2179 τις
1940 2115 2027 2187 ἂν)

444 2210 539 2262 καὶ
577 2209 672 2261 ἐπὶ
706 2209 767 2260 τὸ
799 2208 951 2277 παρὰ
986 2208 1167 2259 πᾶσαν
1222 2205 1476 2274 αἴσθησιν
1526 2205 1841 2276 ἐξήρχοντο,
1888 2205 2027 2260 ὥστε

446 2302 543 2354 καὶ
570 2300 861 2353 συνέϐαινε
890 2299 1018 2351 ποτὲ
1056 2299 1152 2366 μὲν
1187 2299 1467 2365 εὐστοχεῖν
1497 2298 1700 2365 ὀλίγοις
1734 2300 1870 2368 πρὸς
1903 2300 2029 2353 πολ-

445 2393 572 2453 λοὺς
603 2394 830 2463 γυμνοῖς
864 2391 957 2443 καὶ
991 2391 1270 2455 ἀνόπλοις,
1310 2390 1571 2452 πολλάκις
1601 2391 1659 2444 δὲ
1683 2392 1774 2443 καὶ
1800 2392 2028 2460 σφάλλε-

446 2573 819 2630 invalescebat
869 2584 897 2623 a
929 2568 1116 2624 Persis
1145 2568 1372 2633 malum,
1420 2568 1556 2624 adeo
1592 2579 1652 2624 ut
1689 2569 1875 2626 omnis
1926 2586 2027 2624 un-

444 2668 735 2736 decunque
782 2663 974 2719 salutis
1030 2677 1156 2732 spes
1207 2662 1643 2716 excluderetur:
1688 2662 1822 2732 quid
1874 2661 2025 2719 enim

444 2762 796 2815 miseriarum
848 2756 1077 2812 aberat?
1122 2754 1289 2810 Mitto
1328 2754 1652 2824 longinqua.
1728 2753 2027 2809 Videamus

444 2868 567 2923 quin
597 2852 652 2906 in
693 2857 864 2921 portis
903 2854 1054 2905 urbis
1087 2850 1445 2918 gerebantur,
1484 2849 1538 2901 in
1563 2846 1687 2918 ipso
1714 2846 2027 2917 imperialis

445 2945 612 3013 regiae
651 2942 946 2997 vestibulo.
982 2940 1117 2996 Navi
1154 2947 1210 2994 te
1258 2939 1369 2995 illic
1405 2941 1830 2997 exscendentem
1860 2938 2020 3011 41],

444 3036 633 3092 statim
667 3050 697 3088 a
748 3034 981 3103 traiecto
1015 3033 1265 3102 Bosporo
1302 3033 1625 3102 exciperent
1648 3032 1896 3102 pericula
1929 3049 2025 3087 ex-

446 3137 620 3182 trema
657 3125 1024 3196 spoliationis,
1050 3123 1410 3194 captivitatis,
1436 3123 1626 3189 caedis,
1656 3131 1793 3188 tota,
1816 3131 2022 3203 quanta

444 3228 614 3290 patet,
662 3217 941 3273 ulterioris
983 3217 1319 3272 continentis
1350 3216 1641 3272 latitudine
1695 3216 1897 3272 referta
1941 3217 2021 3270 la-

443 3311 700 3373 tronibus
738 3310 1082 3372 saevissimis,
1132 3311 1359 3379 impune
1417 3324 1526 3380 quo
1575 3299 1773 3365 liberet
1816 3311 2026 3365 ruenti-

440 3402 570 3469 bus,
617 3414 670 3457 et
721 3399 1037 3469 ubicunque
1088 3399 1288 3454 Vellent
1337 3397 1447 3453 ﬁxo
1487 3401 1725 3455 tentorio
1772 3414 2026 3455 securam

441 3495 775 3551 habentibus
809 3494 1131 3549 stationem.
1169 3494 1351 3563 Atque
1390 3492 1428 3547 ii
1453 3508 1523 3547 ne
1556 3501 1770 3548 tantum
1802 3494 2024 3562 quidem

441 3590 614 3643 armis
650 3585 916 3640 Romanis
948 3585 1339 3656 impertiebant
1383 3585 1731 3650 reverentiae,
1764 3594 1825 3639 ut
1876 3596 2023 3640 metu

438 3691 630 3733 eorum
665 3677 848 3745 aliquo
880 3676 1073 3730 saltem
1119 3675 1435 3731 simulando
1482 3673 1885 3744 circumspecte
1936 3676 2024 3730 in-

440 3770 660 3835 cedere,
709 3770 789 3825 ire
839 3769 1119 3823 turmatim
1161 3767 1468 3824 servatisve
1521 3767 1811 3822 ordinibus
1861 3783 2023 3824 cura-

439 3870 563 3915 rent
597 3879 611 3916 :
645 3870 849 3916 temere
896 3861 1018 3933 vagi
1052 3860 1349 3930 manipulis
1386 3858 1644 3924 modicis,
1702 3874 1866 3927 quam
1920 3876 2021 3915 no-

437 3951 539 4007 stri
599 3960 950 4021 contemptus
1014 3950 1258 4015 fecerat,
1317 3948 1645 4004 confidentia
1699 3950 2019 4006 cursabant.

432 4040 668 4112 Jamque
695 4044 827 4098 adeo
854 4043 961 4096 illae
981 4041 1276 4097 celebratae
1300 4041 1514 4109 adagiis
1538 4041 1864 4098 solitudines
1889 4043 2023 4115 Scy-

433 4136 660 4190 tharum
713 4150 820 4189 non
857 4135 986 4189 alibi
1036 4134 1222 4189 verius
1264 4148 1431 4204 quam
1475 4134 1530 4188 in
1566 4149 1661 4190 ora
1704 4133 2021 4205 Byzantina:

436 4230 594 4284 urbis
626 4230 840 4298 objecta
876 4229 1073 4292 muris,
1108 4226 1358 4295 subjecta
1397 4227 1572 4281 oculis
1623 4228 2017 4298 reperirentur,

434 4323 657 4377 nemine
690 4321 803 4374 illic
829 4328 1149 4375 nostrormn
1185 4316 1423 4373 audente
1455 4333 1794 4388 comparere,
1832 4334 2016 4389 quan-

430 4423 717 4480 tacunque
762 4411 1069 4477 necessitas
1109 4418 1356 4474 vocaret,
1391 4408 1556 4462 etiam
1609 4410 1856 4478 urgentis
1895 4424 2019 4479 ege-

2130 1931 2290 2000 λιμδς
2316 1931 2424 2003 γάρ
2457 1930 2709 1985 ἐντεῦθεν
2737 1931 2831 1985 καί
2862 1949 2924 1999 γε
2960 1931 3150 2001 λοιμὸς
3194 1933 3320 1996 τοὺς
3349 1933 3571 1996 ἀθλίους
3609 1933 3722 1985 διε-

2133 2020 2455 2090 μεριζὲτην.
2495 2019 2605 2073 Καὶ
2636 2022 2685 2074 οἱ
2720 2021 2934 2072 ἀστικοὶ
2956 2019 3050 2072 τοῦ
3081 2022 3255 2075 κακοῦ
3288 2024 3718 2095 παραπήλαυον,

2132 2113 2227 2166 καὶ⁸
2252 2113 2300 2164 οἱ
2335 2114 2433 2183 μὲν
2461 2113 2662 2164 αὐτίκα
2687 2115 2801 2177 τοῖς
2834 2112 3027 2175 δεινοῖς
3062 2116 3378 2183 συνείχοντο
3404 2117 3496 2169 καὶ
3521 2117 3720 2188 ἄποροι

2129 2204 2353 2275 διῄεσαν
2384 2206 2480 2259 καὶ
2515 2207 2809 2275 ἀμήχανοι,
2842 2206 2892 2258 οἱ
2916 2206 2972 2258 δὲ
3000 2208 3125 2259 ὅσον
3158 2207 3314 2261 ούπω
3346 2210 3414 2263 τὰ
3438 2212 3552 2272 τοῖς
3581 2211 3722 2281 πλη-

2133 2296 2245 2349 σίον
2277 2295 2558 2365 συμϐάντα
2599 2298 2694 2350 καὶ
2742 2296 2956 2358 ἑαυτοῖς
2995 2297 3080 2348 ἐπ’
3122 2299 3243 2366 ἴσης
3273 2301 3520 2370 ἤλπιζον.
3557 2302 3621 2354 0‘.
3661 2302 3721 2356 δὲ

2135 2389 2210 2458 μὴ
2240 2390 2401 2456 μόνον
2431 2390 2586 2460 Χηλῇ
2619 2407 2675 2441 τε
2705 2393 2801 2443 καὶ
2838 2394 3203 2464 ’Λστραόητῇ,
3240 2393 3375 2448 ἀλλὰ
3407 2395 3503 2447 καὶ
3544 2393 3720 2464 Ἱεροῦ

2132 2583 2300 2638 porro
2332 2568 2452 2624 dies
2494 2572 2836 2639 praeteribat,
2866 2589 2974 2643 qua
3025 2588 3134 2629 non
3181 2572 3509 2628 audirentur
3537 2572 3725 2628 Persae

2131 2659 2185 2713 in
2227 2662 2466 2733 aliquam
2498 2664 2708 2716 arcium
2742 2664 2810 2717 ad
2849 2680 2998 2720 mare
3026 2665 3255 2720 sitarum
3282 2665 3612 2731 incurrisse,
3648 2666 3721 2722 ad

2132 2755 2296 2822 cujus
2325 2764 2513 2824 portas
2551 2767 2644 2808 aut
2675 2755 2853 2811 caedes
2888 2756 3150 2811 fecissent
3183 2766 3278 2811 ant
3309 2758 3560 2827 captivus
3595 2773 3696 2828 pre

2127 2846 2466 2902 bendiSsent.
2488 2845 2675 2915 quue,
2712 2864 2824 2901 rem
2850 2849 3251 2903 miserrimam!
3279 2850 3347 2905 iis
3374 2850 3721 2920 frequentius

2126 2937 2321 2995 diebus
2343 2940 2648 3006 accidebat,
2678 2955 2814 3010 quas
2842 2938 3014 2995 festas
3046 2948 3102 2994 et
3132 2942 3268 2996 bene
3299 2941 3527 2999 feriatas
3544 2943 3722 2999 habe—

2126 3032 2320 3086 bamus
2374 3033 2875 3102 supplicationibus
2930 3036 3034 3088 rite
3104 3032 3214 3088 Deo
3273 3035 3602 3092 adhibendis
3665 3037 3719 3091 ei

2126 3124 2496 3193 prepitiando.
2532 3124 3021 3192 Cernchamusque
3060 3141 3127 3180 ex
3175 3126 3281 3182 hoc
3334 3128 3517 3183 littore
3560 3136 3722 3184 trans
3802 3150 3811 3155 ·

2131 3214 2331 3269 fictum
2373 3223 2692 3283 augustum,
2744 3230 2854 3285 quo
2882 3213 3048 3285 412
3097 3231 3207 3272 uno
3238 3232 3268 3271 a
3322 3229 3497 3274 morte
3529 3232 3721 3289 prote-

2136 3308 2426 3377 gebamur,
2465 3306 2768 3375 equitatum
2798 3318 2852 3362 et
2894 3310 3193 3377 peditatum
3229 3312 3483 3366 hostilem
3522 3327 3719 3381 campo

2138 3414 2337 3454 secure
2381 3401 2613 3457 adverso
2659 3401 2978 3469 potientem,
3031 3402 3233 3457 frustra
3283 3414 3719 3474 recognosceute

2126 3507 2481 3561 uuuanque,
2507 3494 2635 3546 dum
2672 3510 2737 3548 ex
2775 3494 2981 3562 eﬂ'ugio
3021 3495 3073 3549 in
3106 3496 3242 3551 urbe
3270 3506 3490 3566 captato
3522 3501 3713 3554 villam

2126 3595 2220 3637 aut
2262 3602 2355 3639 rus
2399 3586 2635 3654 patrium
2679 3588 2928 3657 respicit,
2965 3590 3082 3643 loca
3124 3590 3217 3643 ubi
3267 3593 3577 3647 recondidit
3606 3609 3719 3664 qua

2126 3673 2214 3729 hic
2257 3686 2400 3743 eget,
2456 3692 2622 3746 quam
2672 3677 3045 3747 nequidquam
3110 3682 3365 3751 requirit,
3413 3696 3714 3749 annonam.

2123 3767 2496 3834 certissimus,
2532 3769 2577 3823 si
2613 3779 2867 3840 repetere
2901 3780 3152 3839 attentet,
3193 3785 3370 3829 morte
3403 3766 3463 3829 se
3494 3780 3713 3835 crudeli

2122 3860 2408 3914 audaciam
2477 3860 2769 3917 luiturum.
2819 3863 3084 3920 Jacehant
3140 3868 3341 3937 quippe
3393 3884 3492 3939 per
3551 3885 3717 3941 agros

2121 3953 2328 4018 passim
2358 3955 2635 4009 cadavera.
2672 3955 2755 4011 vel
2784 3957 2974 4010 mutila
3013 3960 3256 4013 membra
3298 3962 3378 4014 sic
3411 3976 3709 4017 caesorum.

2125 4045 2357 4109 Quidam
2407 4062 2473 4100 ex
2522 4047 2702 4102 letbali
2752 4050 2984 4105 vulnere
3021 4052 3253 4121 neglecti
3294 4055 3530 4109 animam
3576 4072 3711 4125 age-

2124 4137 2276 4191 bant.
2335 4137 2614 4194 Truncum
2666 4141 2742 4196 ibi
2779 4143 2963 4213 capite
3019 4158 3244 4215 corpus,
3288 4146 3400 4202 illic
3446 4147 3711 4204 faciem'a

2120 4223 2263 4278 collo
2294 4226 2596 4282 abscissam
2631 4245 2906 4287 cerneres.
2944 4230 3350 4290 Bedundahant
3393 4238 3586 4307 plateae
3622 4240 3708 4293 ci-

2121 4314 2309 4371 vitatis
2339 4317 2581 4372 conferta
2610 4320 2797 4375 illuvie
2828 4323 3182 4390 fugitivorum
3207 4340 3271 4381 ex
3308 4329 3455 4380 omni
3492 4330 3705 4383 circum

2124 4419 2257 4474 agro
2289 4407 2646 4475 rusticorum,
2677 4411 2975 4481 deeratque
3004 4415 3097 4469 ubi
3134 4416 3335 4484 pedem'
3361 4420 3714 4478 ambulantes

434 4505 620 4566 Statis,
671 4516 768 4556 eos
817 4503 910 4570 qui
969 4516 1094 4555 rure
1136 4516 1196 4557 se
1249 4501 1546 4570 reliquisse
1594 4500 2019 4556 recordarentnr
2052 4519 2094 4573 ι)
2124 4512 2219 4566 per
2250 4497 2401 4552 vicos
2447 4498 2695 4568 figerent,
2732 4502 2850 4556 solo
2882 4503 3086 4574 ubique
3132 4516 3424 4563 constrato
3469 4508 3716 4578 jacenti-

424 4612 547 4665 ~qno
580 4596 636 4649 in
684 4594 822 4648 urbe
857 4595 1199 4665 indigebant.
1249 4594 1353 4660 Qui
1390 4595 1437 4649 si
1472 4594 1674 4649 vellent
1706 4595 1881 4649 aleam
1926 4594 2019 4664 ja-

423 4703 559 4743 cere
591 4688 772 4742 brevis
803 4687 1264 4752 excursiunculze,
1304 4687 1470 4741 etiam
1514 4702 1546 4741 a
1598 4685 2018 4756 magistratibus

430 4780 877 4851 prohibebantur
931 4790 1193 4849 tanquam
1255 4780 1321 4834 ad
1371 4786 1601 4834 mortem
1654 4779 2018 4849 praesentissi-

422 4890 575 4926 «maiu
608 4874 759 4928 ituri.
796 4874 1123 4940 Quanquam
1166 4888 1303 4927 suus
1355 4886 1632 4940 quemque
1683 4870 1822 4926 Satis
1859 4884 2019 4924 coer-

418 4967 593 5018 “cebat
622 4974 817 5027 metus,
865 4963 1103 5033 vulgatis
1144 4960 1408 5031 exemplis
1459 4960 1682 5031 prodire
1723 4975 2012 5023 ausorum,

420 5056 527 5126 qui
578 5064 855 5124 utcunque
898 5055 1065 5124 periti
1097 5051 1548 5123 compendiorum
1584 5059 1635 5104 et
1684 5057 1904 5120 captato
1934 5050 2016 5103 usi

420 5148 836 5218 ‘lelttp0r8,'0bl
876 5148 1100 5201 minime
1141 5155 1418 5214 putarant,
1453 5143 1579 5198 duci
1626 5143 1865 5198 barbaro
1892 5158 2014 5197 cum

421 5258 530 5297 sua
565 5250 744 5296 turma
778 5242 831 5297 in
868 5242 1085 5296 insidiis
1120 5240 1465 5295 delitescenti
1519 5246 1879 5292 occurrerant
1931 5239 2016 5288 in-

353 5356 358 5363 ’
431 5335 676 5389 fortunio
705 5352 805 5389 suo
837 5336 1100 5389 maxime.
1134 5334 1240 5387 Nec
1265 5333 1394 5386 felix
1430 5332 1485 5385 in
1515 5345 1579 5385 eo
1615 5345 1814 5399 genere
1849 5341 2019 5383 teme-

422 5429 567 5483 ritas
601 5429 994 5497 quorumdam,
1049 5425 1144 5495 qui
1190 5426 1350 5495 pauci
1388 5431 1441 5478 et
1495 5424 1735 5477 inermes
1770 5431 2013 5475 armato-

428 5536 551 5574 rum
584 5520 822 5589 plurium
860 5535 1053 5572 manus
1101 5517 1359 5586 etfugisse
1395 5514 1739 5580 ferebamur,
1778 5513 2010 5566 multum

427 5612 498 5665 ad
551 5611 765 5666 similes
819 5625 992 5665 ausus
1040 5607 1473 5678 frequentandos
1522 5606 1794 5660 incitabat
1842 5621 1855 5655 :
1901 5604 2012 5656 rari

427 5704 578 5759 enim
612 5704 666 5758 hi
700 5719 864 5759 casus
918 5711 1107 5769 erant;
1138 5700 1386 5769 qualium
1421 5697 1823 5769 exspectationi
1868 5711 2010 5750 non-

433 5796 538 5851 nisi
589 5796 744 5852 stulti
786 5804 954 5866 caput
1001 5793 1458 5850 committendum
1514 5790 1806 5846 ducerent.
1854 5787 2009 5843 Nulla

2123 4590 2229 4645 bus
2257 4599 2462 4645 temere
2488 4594 2831 4662 corporibus
2860 4594 3043 4660 fessae,
3078 4602 3323 4653 omnium
3364 4599 3569 4671 inopis.
3619 4606 3713 4661 vix

2121 4696 2264 4751 aegre
2297 4682 2568 4736 trahendo
2610 4684 2807 4752 spiritu
2843 4687 2966 4741 vita:
2996 4688 3262 4744 indicium
3297 4692 3481 4747 dantis
3516 4696 3713 4765 plebe-

2121 4776 2275 4836 culae,
2334 4774 2437 4829 sub
2491 4775 2618 4830 divo
2666 4776 2879 4831 diurnis
2931 4780 3088 4848 juxta
3126 4786 3527 4854 nocturnisque
3576 4790 3709 4843 caeli

2120 4868 2337 4935 injuriis
2380 4869 2667 4945 expositae,
2719 4885 2883 4938 quam
2919 4873 3116 4941 praedae
3171 4874 3447 4931 habebant
3474 4888 3528 4932 et
3560 4880 3715 4936 inter

2120 4972 2181 5012 se
2219 4956 2602 5026 partiebantur
2649 4956 2759 5012 duo
2810 4974 2918 5013 non
2970 4961 3191 5015 mitiora
3238 4963 3492 5019 barbaris
3539 4968 3712 5033 mala,

2120 5049 2292 5104 fames
2327 5056 2380 5104 et
2430 5048 2570 5113 lues,
2625 5049 2976 5105 incommodo
3015 5067 3076 5107 se
3106 5052 3175 5107 ad
3231 5054 3433 5108 civium
3483 5072 3711 5127 quoque

2119 5156 2187 5195 ac
2237 5150 2380 5195 tecta
2444 5140 2593 5194 intra
2653 5141 2843 5196 urbem
2909 5143 3230 5198 habentium
3289 5146 3704 5203 infestationem

2119 5244 2475 5306 propagante.
2523 5234 2659 5289 Nam
2706 5246 2763 5291 et
2808 5238 3074 5306 quosdam
3136 5238 3471 5296 invadebant
3522 5243 3704 5299 morbi

2116 5338 2352 5399 contage
2388 5330 2715 5399 propagati;
2751 5338 2807 5383 et
2839 5339 2987 5385 tanta
3029 5334 3187 5386 turba
3219 5335 3373 5387 cibos
3405 5336 3703 5394 absumens

2118 5439 2185 5477 ne
2219 5438 2248 5476 a
2304 5422 2558 5477 felicibus
2614 5423 2838 5491 quidem
2899 5432 2955 5478 et
3005 5424 3152 5480 domi
3203 5426 3444 5497 copiosis
3473 5446 3700 5485 sensum

2116 5513 2380 5583 egestatis
2426 5514 2755 5569 abstinebat.
2811 5512 3125 5583 Praaterque
3181 5514 3440 5573 humanis
3495 5522 3698 5577 animis

2118 5606 2531 5659 miserationem
2561 5604 2935 5660 inevitabilem
2965 5605 3018 5659 in
3045 5617 3344 5675 conspectu
3371 5612 3695 5678 patientium

2114 5703 2382 5761 extrema,
2436 5695 2601 5751 etiam
2658 5696 2743 5750 sui
2796 5698 3002 5765 cuique
3064 5696 3413 5753 denuntiatio
3469 5704 3698 5769 periculi

2116 5789 2300 5844 clades
2358 5789 2588 5844 alterius
2636 5789 2752 5845 visa
2802 5787 2989 5852 (iebat,
3044 5788 3204 5843 anxie
3266 5793 3481 5847 cunctis
3505 5811 3701 5867 exspe-
