4024 6416
298 205 323 217 χ

324 293 442 404 453

1288 343 1387 404 DE
1432 337 1885 402 ANDRONICO
1931 337 2406 399 PALXEOLOGO
2438 340 2588 399 LIB.
2627 340 2692 400 V.

3489 342 3597 405 454

322 458 572 526 φρουρίῳ
608 456 1044 528 προσϐάλλοντες
1091 458 1159 511 τὰ
1209 458 1468 512 πάνδεινα
1496 457 1909 529 διεπράττοντο,
1943 466 1989 523 Α
2020 455 2246 525 ρήσασι,
2275 456 2435 510 νυκτὶ
2464 455 2744 509 πιστεύειν
2777 454 2874 526 τὴν
2908 458 3210 526 σωτηρίαν,
3234 459 3329 512 καὶ
3358 463 3595 513 καταλα-

321 551 512 619 ὣσπερ
542 550 925 611 ὑπνώττοντος
971 550 1240 620 βασιλέως
1280 550 1313 622 ἢ
1361 549 1435 619 μὴ
1482 548 1706 614 ζῶντος.
1739 549 1907 602 Νικο-

324 642 528 713 μήδεια
555 643 600 696 δ’
629 643 936 714 ὲξησθένει,
963 642 1110 713 λιμῷ
1135 659 1196 695 τε
1219 644 1313 695 καὶ
1346 643 1525 713 ἐνδείᾳ
1550 640 1741 701 ὕδατος
1772 641 1910 713 πρὸς

322 735 382 787 τὸ
411 735 851 806 ἀμηχανώτερον
880 735 1262 805 μετεϐάλλετο.
1300 736 1361 788 Ἠ
1389 734 1444 788 δέ
1475 752 1535 802 γε
1567 735 1909 805 περίπυστος

320 828 530 881 Νίκαια
572 828 999 894 ἀποκέκλειστο,
1032 828 1124 879 καὶ
1160 829 1262 890 τὰς
1302 828 1463 899 πέριξ
1505 828 1739 896 χάριτας
1772 828 1908 881 ἀπο-

321 921 635 990 κειραμένη
667 920 850 992 ὲνδείᾳ
897 922 993 974 καὶ
1023 921 1163 990 αὕτη
1202 922 1635 990 ὲστενοχὼρητο.
1676 921 1784 973 Καὶ
1812 921 1908 973 νῦν

326 1012 427 1080 μὲν
458 1012 788 1082 Βηλὸκωμα,
841 1011 936 1065 νῦν
969 1012 1014 1065 δ’
1060 1011 1475 1080 Ἀγγελόκωμα,
1524 1012 1621 1064 νῦν
1649 1011 1694 1064 δ’
1748 1010 1907 1065 Ἀνα-

292 1105 560 1174 ,γουρδὴς
620 1104 711 1156 καὶ
767 1104 1051 1158 Πλατανέα
1087 1106 1181 1158 καὶ
1234 1107 1302 1158 τὰ
1357 1104 1809 1172 Μελάγγειαηκαὶ
1840 1107 1907 1159 τὰ

322 1196 486 1265 πέριξ
504 1197 685 1250 πάντα
703 1196 811 1249 τῶν
826 1197 1191 1250 ἐνοικούντων
1206 1196 1307 1267 ἕρη
1319 1214 1395 1266 μοι
1413 1197 1477 1268 [Ρ
1493 1195 1620 1268 287]
1644 1196 1906 1265 γεγονότα.

324 1286 559 1357 θρήνους
608 1286 926 1357 ἐφείλκοντο
971 1287 1082 1342 τῶν
1116 1287 1359 1341 εἰδότων.
1415 1287 1603 1341 Ταῦτα
1655 1288 1908 1358 Κρούλλα

325 1380 421 1430 καὶ
451 1377 727 1433 Κατοικίσ.
746 1379 1009 1433 πεπόνθει
1051 1381 1143 1433 καὶ
1174 1379 1448 1450 χείριστα.
1497 1378 1585 1442 Ὠς
1626 1380 1735 1448 γὰρ
1768 1381 1906 1433 ἀπο-

323 1471 611 1523 κέκλειστο
664 1470 765 1540 μὲν
820 1472 854 1543 ἡ
911 1472 972 1536 ἐξ
1014 1470 1338 1543 Ἡρακλείου
1384 1471 1478 1525 καὶ
1526 1471 1907 1540 Νεμικώμεως

323 1563 461 1631 πρὸς
493 1563 593 1633 τὴν
622 1563 878 1628 Νίκαιαν,
905 1565 1002 1617 καὶ
1030 1566 1087 1618 αἱ
1113 1564 1340 1619 παλαιαὶ
1375 1564 1471 1618 καὶ
1499 1564 1756 1635 συνήθεις
1792 1565 1906 1618 δίο-

319 1653 400 1705 δοι
440 1656 521 1715 είς
557 1655 740 1725 δεινὴν
789 1647 1028 1727 ὑποψίαν
1068 1659 1163 1711 καὶ
1206 1660 1408 1729 πεῖραν
1453 1653 1593 1728 ἦσαν
1640 1657 1907 1721 πολλάκις

318 1744 828 1811 κινδυνευσάντων,
876 1749 923 1820 ἶὴ
973 1748 1030 1801 δὲ
1076 1747 1221 1801 κατὰ
1275 1749 1408 1801 Κίον
1465 1749 1763 1812 κατάσκιος
1815 1749 1909 1801 καὶ

2013 542 2168 595 ίοῦσι
2205 543 2499 621 ’τὸ-ἐκεῖσε
2543 547 2814 615 παράλιον
2868 547 2946 616 τῷ
2982 550 3112 618 περὶ
3146 550 3245 619 τὴν
3299 545 3594 607 Ἀσκανίαν

1994 635 2132 710 πλῷ
2187 636 2445 707 χρῆσθαι,
2506 640 2602 690 καὶ
2657 637 2800 692 οὕτω
2851 642 2995 694 κατά
3055 640 3152 709 τὴν
3203 641 3298 694 τοῦ
3341 641 3594 709 αἰγιαλοῦ

2014 730 2191 799 πύλην
2237 730 2343 799 τῆς
2384 731 2592 794 πῦλεως
2629 732 2991 787 ἀποϐαίνουσι
3035 734 3341 788 διεκπαίειν
3377 736 3451 797 εί,
3492 736 3595 787 Νί-

2011 840 2196 889 καιαν,
2230 824 2356 877 ἐπεὶ
2385 826 2485 877 οὐκ
2516 820 2582 895 ἦν
2629 827 2746 878 τότε
2772 827 2871 889 τὰς
2912 828 3087 890 πύλας
3120 829 3437 897 ἀνοίγεσθαι
3476 830 3597 880 ἐπι-

2011 922 2283 990 κειμένων
2335 922 2446 991 τῶν
2499 922 2735 991 ἐχθρῶν,
2795 923 2891 976 καὶ
2946 922 3013 974 τὰ
3083 923 3316 991 μέγιστα
3367 919 3594 982 Νικαεῖς

2010 1012 2374 1067 ἐκινδύνευον.
2414 1014 2512 1066 Διὰ
2547 1015 2719 1066 ταῦτα
2745 1013 2805 1066 τὸ
2843 1013 2966 1067 ὅλον
3002 1016 3028 1066 ό
3063 1013 3284 1079 κρατῶν
3325 1012 3595 1063 ἀναστέλ-

2009 1104 2122 1157 λειν
2167 1107 2268 1158 οὐκ
2299 1106 2438 1176 ἔχων
2485 1109 2586 1178 τῆς
2620 1108 2908 1176 συμφορᾶς
2961 1106 3169 1174 πέμπει
3200 1106 3323 1158 τινὰ
3370 1104 3596 1174 Σιοῦρον

2012 1200 2503 1270 στρατοπεδάρχην
2559 1199 2669 1252 τῶν
2716 1199 3150 1270 τζαγκρατόρων
3202 1197 3593 1266 τετιμημένον,

2012 1291 2232 1361 σύναμά
2250 1311 2360 1345 τισι
2392 1294 2488 1345 καὶ
2516 1295 2774 1362 μερικαϊς
2792 1293 2994 1357 ἐξόδοις
3013 1292 3334 1362 χρημάτων,
3356 1292 3421 1359 ἐφ
3441 1283 3485 1357 ᾧ
3504 1291 3599 1343 καὶ

1973 1382 2203 1445 -ἄλλους
2251 1385 2462 1437 ἐκεῖθεν
2522 1385 2661 1455 πρὸς
2714 1385 2776 1438 τὸ
2829 1383 3230 1454 στρατεύεσθπι
3282 1381 3597 1436 ίκανώσειε.

2009 1475 2129 1528 Τῶι
2158 1476 2214 1529 δὲ
2250 1479 2363 1539 τοῖς
2410 1477 2554 1530 κατὰ
2596 1477 2695 1548 τὴν
2740 1478 3043 1532 Κατοικίαν
3088 1476 3282 1546 μέρεσι
3320 1476 3600 1544 φανέντων

2010 1568 2534 1640 ἀνατεθαρσήκονσιν
2586 1571 2636 1622 oi
2685 1569 2829 1635 λαοὶ,
2882 1572 2978 1622 καὶ
3026 1570 3292 1639 ἐμφανεῖς
3343 1564 3488 1639 ἦσαν
3537 1566 3600 1619 τὸ

2009 1657 2248 1726 ἀσφαλὲς
2297 1659 2636 1723 ἐλπίζοντες.
2671 1660 2743 1712 Τὸ
2773 1659 2818 1712 δ’
2864 1655 2930 1730 ἦν
2961 1659 3221 1730 συμφορὰ
3258 1658 3468 1720 τούτοις
3502 1656 3600 1710 καὶ

2009 1749 2252 1819 ὄλεθρος.
2276 1752 2638 1807 Ἐπιτίθενται
2653 1754 2761 1825 γὰρ
2778 1773 2855 1808 πα
2864 1756 3100 1826 μπληθεὶ
3115 1756 3307 1816 νυκτὸς
3320 1755 3453 1811 ὡσεὶ
3468 1772 3600 1807 πεν-

322 1834 641 1905 σλνηρεφὴς
666 1838 893 1903 είκαίως
917 1857 1035 1903 πως
1070 1840 1394 1893 πολισθεῖσα
1428 1840 1725 1912 διεκδρομὴ
1769 1842 1907 1909 πρὸς
1940 1838 1982 1896 Β
2010 1843 2337 1912 τακισχίλιοι
2384 1846 2491 1898 τῶν
2524 1847 2755 1917 ἐχθρῶν,
2795 1849 2890 1900 καὶ
2919 1848 3019 1910 τὰς
3053 1848 3189 1919 πρὸς
3229 1851 3290 1901 τὸ
3336 1847 3601 1917 φρούριον

317 1922 559 1977 Νίκαιαν
588 1927 831 1996 ἤνοικτο,
883 1928 1028 1983 οὓτω
1076 1932 1133 1984 ὲν
1166 1930 1318 2002 φόϐῳ
1364 1931 1461 1984 καὶ
1492 1934 1614 1986 τότε
1666 1933 1913 2002 μεγίστῳ

321 2014 419 2067 καὶ
467 2016 711 2089 ὑποψίᾳ·
773 2022 839 2073 τὰ
876 2025 986 2090 γὰρ
1044 2021 1187 2075 αὐτὰ
1245 2025 1361 2084 τοῖς
1415 2023 1755 2077 Χαλκιδεῦσι
1818 2023 1913 2076 καὶ

330 2105 592 2167 Ἀλιζῶσι
629 2113 726 2165 καὶ
759 2113 810 2164 oi
857 2112 1135 2184 Βέϐρυκες
1192 2114 1257 2166 ἐκ
1312 2113 1506 2167 Πυλῶν
1558 2117 1653 2169 καὶ
1698 2116 1914 2169 Πυθίων

320 2201 833 2272 παρωνυμούμενοι
895 2204 1161 2273 ἔπασχον.
1227 2206 1339 2259 Καὶ
1398 2202 1467 2277 ἦν
1515 2210 1629 2270 τοῖς
1668 2208 1912 2262 ἀποϐᾶσι

279 2370 294 2379 .
320 2288 602 2361 θαλάσσης
633 2294 777 2347 κατὰ
820 2294 918 2364 τὴν
965 2295 1120 2360 Κίον,
1164 2296 1265 2368 τὴν
1304 2298 1521 2368 ἡμέραν
1557 2315 1909 2369 προσκαρτε-

319 2472 602 2528 etantibus
637 2473 690 2527 in
727 2490 849 2545 qum
896 2476 1037 2532 alios
1074 2476 1187 2547 jam
1224 2477 1527 2535 incurrisse
1565 2481 1728 2536 exitia
1788 2498 1909 2539 cer-

320 2569 553 2622 nebant.
617 2569 844 2626 Interim
898 2572 1122 2629 barbari
1176 2590 1288 2630 non
1360 2576 1521 2630 modo
1572 2577 1795 2636 Chelem
1851 2588 1906 2636 et

317 2662 662 2728 Astrabiteu,
698 2663 792 2718 sed
825 2674 879 2718 et
908 2680 1090 2721 arcem
1124 2664 1274 2723 Hieri
1314 2667 1588 2725 hostiliter
1632 2673 1900 2741 aggressi.

319 2753 439 2807 dira
494 2754 607 2810 illic
655 2757 905 2826 exempla
955 2756 1193 2814 feritatis
1251 2760 1511 2816 immanis
1569 2762 1899 2829 ediderunt,

317 2848 470 2900 velut
502 2848 814 2903 dormiente
858 2851 1192 2920 imperatore
1224 2863 1318 2905 aut
1347 2853 1400 2905 in
1433 2855 1570 2928 vivis
1621 2857 1900 2911 numerari

318 2935 521 2992 desito.
554 2939 873 2995 Nicomedia
919 2958 1137 2997 summe
1170 2944 1456 2998 debilitata
1487 2944 1631 2999 fame
1663 2954 1717 3000 et
1743 2960 1902 3015 aquae

315 3028 553 3096 penuria
596 3029 877 3084 redactam
925 3048 987 3086 se
1033 3032 1101 3085 ad
1138 3022 1340 3087 incitas
1375 3033 1644 3102 gemebat.
1697 3027 1898 3106 Inclyta

315 3137 449 3177 vero
482 3122 574 3178 illa
621 3125 903 3194 quondam
934 3124 1113 3180 Nicaaa
1150 3127 1236 3180 vix
1281 3141 1341 3182 se
1387 3129 1571 3182 clausa
1619 3128 1894 3194 tuebatur,

2017 1934 2194 1999 ὁδοὺς,
2244 1935 2503 2002 λαθόντες
2558 1940 2745 1992 πᾶσαν
2796 1939 3073 2009 αἴσθησιν,
3128 1939 3602 2008 προκαταλαμϐά-

2016 2042 2226 2081 νουσιν.
2271 2029 2334 2080 Oi
2384 2027 2428 2081 δ’
2461 2030 2891 2095 ἐπεισπεσόντες
2930 2031 3201 2102 ἑτέρωθεν
3232 2032 3459 2101 ἑτοίμην
3491 2031 3600 2084 ἐδί-

2013 2116 2139 2171 δουν
2168 2118 2334 2189 δῆθεν
2362 2119 2499 2189 πρὸς
2528 2121 2587 2174 τὸ
2624 2122 2883 2193 φρούριον
2908 2123 3007 2194 τὴν
3037 2122 3214 2194 φυγὴν
3244 2122 3391 2177 κατὰ
3423 2123 3597 2176 νώτου

2014 2208 2310 2275 φεύγουσιν
2329 2225 2343 2238 ⁶
2378 2210 2502 2263 οὐδὲ
2536 2212 2646 2281 γὰρ
2671 2204 2738 2283 ἦν
2762 2212 3054 2266 ὑπιδέσθαι
3088 2213 3188 2283 τὴν
3218 2217 3433 2281 πεῖραν,
3463 2214 3598 2266 ὅπου

2011 2316 2073 2366 γε
2100 2301 2193 2353 xci.
2224 2301 2599 2372 ὑπειδομένοῒς
2626 2305 2729 2356 οὐκ
2757 2299 2826 2376 ἦν
2850 2305 3013 2360 ἱκανὰ
3039 2306 3180 2376 πρὸς
3215 2306 3275 2359 τὸ
3301 2306 3598 2371 σώζεσθαι.

2008 2477 2223 2541 derant,
2259 2487 2431 2533 totam
2486 2481 2629 2550 apud
2690 2481 2847 2537 Cium
2913 2482 3057 2538 diem
3110 2484 3309 2537 morati
3369 2484 3600 2542 salutem

2007 2579 2162 2619 suam
2189 2566 2335 2621 nocti
2368 2568 2804 2624 committebant.
2828 2570 2920 2625 Sic
2940 2573 3087 2624 velut
3117 2570 3379 2627 isthmum
3412 2590 3603 2630 einen-

2005 2654 2051 2709 si
2080 2657 2396 2724 quemdam,
2426 2658 2515 2713 ubi
2552 2670 2919 2728 pervenerant
2948 2662 3004 2716 in
3044 2663 3185 2718 latus
3219 2663 3329 2717 illic
3370 2665 3601 2719 alterum

2003 2761 2113 2801 orae
2166 2748 2476 2814 maritimae,
2531 2751 2597 2804 ad
2651 2752 2942 2808 Ascaniam
3000 2754 3200 2808 iterum
3252 2758 3605 2825 navigatione

2003 2843 2322 2905 utebantur,
2354 2858 2460 2912 qua
2494 2843 2715 2898 littorali
2745 2844 2936 2900 Nicarae
2963 2856 3133 2915 porta.-
3168 2848 3384 2918 appulsi
3408 2850 3460 2901 in
3480 2864 3601 2903 eam

2001 2935 2127 2992 illac
2172 2937 2360 2991 urbem
2401 2938 2848 2995 admittebantur.
2895 2939 3176 2996 Ostiorum
3230 2943 3376 2998 enim
3429 2951 3605 2998 terras

2001 3028 2365 3096 spectantium
2397 3045 2496 3083 usu
2544 3037 2672 3084 tunc
2717 3032 2861 3085 ultro
2893 3046 2957 3086 ea
2990 3031 3118 3085 urbs
3157 3032 3469 3087 abstinebat
3515 3046 3604 3086 re-

2002 3116 2301 3187 liquorum,
2340 3120 2421 3175 sic
2450 3136 2613 3191 agere
2675 3130 2865 3176 coacta
2936 3123 3136 3177 timore
3198 3123 3603 3176 iimninentiutu

315 3215 733 3271 amo-uitalibus
767 3216 1013 3285 undique
1064 3218 1306 3273 abscissa
1334 3219 1692 3287 circumsitis,
1727 3235 1903 3291 ang“-
1931 3197 1973 3255 (ἶ
2007 3212 2113 3266 sibi
2147 3212 2293 3266 omni
2323 3228 2386 3266 ex
2425 3221 2580 3283 parte
2615 3213 2977 3269 barbarorum
3017 3214 3280 3278 hostium,
3311 3229 3339 3267 a
3364 3220 3603 3286 quorum

315 3307 440 3377 stiis
486 3308 643 3364 intus
683 3320 738 3365 et
783 3311 900 3381 ipsa
960 3312 1207 3380 penuriae
1253 3314 1598 3378 constricta,
1658 3314 1796 3371 diris
1846 3319 1903 3369 in

315 3399 486 3456 horas
543 3409 599 3457 et
641 3410 920 3458 momenta
980 3403 1284 3457 exanimari
1332 3405 1496 3459 solita
1554 3406 1765 3460 nuntiis
1813 3420 1905 3460 ca-

315 3502 540 3563 ptorum
605 3509 636 3548 a
696 3493 945 3551 barbaris
1005 3496 1058 3550 in
1119 3496 1317 3551 vicinia
1370 3496 1532 3569 5.13
1590 3488 1921 3553 ﬂorentium

316 3604 498 3660 nuper
565 3590 925 3659 oppidorum.
984 3589 1144 3646 Nunc
1206 3590 1350 3646 enim
1410 3592 1520 3646 illic
1579 3592 1905 3647 audiebatur

313 3684 532 3752 direpta
592 3683 902 3747 Belocoma,
957 3701 1107 3740 nunc
1155 3685 1545 3755 Angelocoma,
1585 3701 1713 3741 mox
1755 3690 1904 3743 Aua-

312 3780 487 3848 gurda
523 3782 578 3833 et'
606 3778 864 3834 Platauea
906 3788 960 3834 et
988 3778 1263 3849 Melangea
1307 3779 1650 3849 subjacuisse
1682 3782 1907 3837 saevitiae

313 3870 652 3932 Persarum:
696 3883 1003 3942 cunctaque
1047 3887 1142 3942 per
1199 3873 1488 3927 circuitum
1531 3874 1725 3928 incolis
1776 3875 1908 3929 aba-

313 3967 421 4020 ctis
479 3964 748 4031 desolata,
804 3965 952 4019 luctu
993 3964 1192 4019 acerbo
1250 3965 1620 4020 incendebant
1659 3966 1780 4036 ejus
1828 3967 1909 4021 ci-

314 4074 412 4113 ves
440 4058 615 4121 urbis,
648 4058 804 4113 fama:
842 4058 1078 4114 subinde
1112 4057 1315 4113 indicio
1346 4057 1414 4113 de
1464 4059 1548 4114 his
1575 4058 1904 4127 admonitos.

318 4148 447 4204 Hec
479 4150 595 4218 ipsa
627 4157 680 4205 et
712 4149 795 4205 his
828 4148 1013 4218 pejora
1039 4147 1223 4204 Crulla
1259 4157 1310 4203 et
1343 4147 1583 4203 Catnecia
1623 4164 1799 4219 passae
1824 4148 1906 4205 fe-

314 4240 604 4294 rebantur.
639 4237 1109 4309 Perveuiebatque
1139 4239 1385 4292 omnium
1419 4238 1609 4292 notitia
1646 4238 1904 4306 Niomam,

316 4330 449 4398 quia
479 4329 580 4383 etsi
607 4329 749 4383 trita:
772 4316 902 4382 olim
932 4329 1000 4383 ad
1039 4328 1186 4381 illam
1240 4327 1429 4382 urbem
1484 4329 1607 4394 vite,
1666 4345 1787 4399 qua:
1838 4334 1908 4386 ab

315 4421 586 4477 Heracleo
614 4437 843 4492 qumque
875 4438 903 4477 a
930 4421 1282 4477 Nemicomeo
1310 4420 1650 4493 frequentari
1672 4439 1906 4481 consue-

2007 3305 2168 3359 etiam
2205 3320 2434 3359 numero
2464 3313 2517 3359 et
2551 3305 2664 3360 fera
2692 3307 2936 3375 potentia
2972 3307 3350 3363 indesinenter
3391 3309 3607 3363 iustauv

2008 3397 2145 3450 tium
2173 3396 2368 3468 ingens
2397 3406 2514 3452 erat
2543 3413 2673 3453 sane
2702 3400 3032 3469 periculum,
3088 3416 3158 3456 ne
3204 3416 3314 3454 non
3371 3410 3426 3455 et
3487 3402 3609 3458 haec

2006 3491 2181 3559 ipsam
2212 3500 2318 3544 tam
2356 3500 2561 3544 attenta
2597 3492 2847 3546 custodia
2879 3491 3016 3547 satis
3048 3491 3113 3545 ad
3137 3502 3446 3547 extremum
3475 3503 3600 3548 tue-

2007 3581 2052 3635 ri
2092 3590 2303 3652 posset.
2338 3581 2495 3649 Quod
2529 3584 2665 3637 tanti
2718 3584 2980 3637 momenti
3028 3584 3325 3639 discrimen
3370 3584 3611 3652 impera:

2008 3677 2115 3729 tori
2169 3683 2356 3731 notum
2397 3677 2569 3730 movit
2596 3692 2743 3745 eum,
2779 3692 3090 3748 quanquam
3137 3677 3282 3733 haud
3331 3678 3600 3733 valentem

2008 3782 2304 3823 occurrere
2338 3777 2419 3823 tot
2467 3768 2589 3823 aliis
2641 3770 2801 3824 simul
2862 3759 3209 3839 urgentibus,
3270 3767 3341 3823 ad
3395 3770 3601 3838 aliquid

2009 3862 2199 3915 saltem
2229 3877 2328 3931 pro
2359 3858 2527 3933 414.
2562 3876 2627 3917 eo
2658 3862 2878 3932 proprie
2904 3863 3243 3918 conandum.
3300 3860 3447 3916 Misit
3472 3877 3603 3933 ergo

2009 3951 2299 4022 quemdam
2333 3950 2578 4019 Siurum,
2614 3952 2948 4007 honoratum
3003 3952 3165 4007 titulo
3227 3955 3606 4022 stratnpedar-

2010 4044 2126 4100 chre
2163 4054 2586 4112 tzancratorum,
2639 4061 2762 4101 cum
2816 4048 3002 4115 paucis
3065 4047 3208 4111 aliis,
3267 4048 3601 4103 instructqu

2011 4139 2245 4210 quadam
2285 4138 2532 4208 pecuniae
2561 4154 2802 4205 summa,
2833 4156 2939 4210 qua
2981 4147 3226 4195 uteretur
3244 4142 3308 4195 ad
3334 4142 3605 4209 stipendia

2008 4237 2064 4286 et
2101 4238 2516 4285 auctoramenta
2550 4230 2808 4299 militum,
2842 4232 2886 4285 si
2917 4248 3056 4302 quos
3096 4233 3210 4287 illic
3264 4232 3407 4288 forte
3460 4250 3600 4288 nan-

2011 4323 2144 4377 cisci
2177 4323 2403 4378 idoneos
2429 4324 2521 4394 qui
2578 4323 3061 4379 conscriberentur
3107 4333 3312 4393 posset.
3375 4325 3436 4379 Hi
3474 4342 3611 4380 cum:

2011 4415 2065 4470 in
2102 4415 2360 4471 Catmciae
2394 4415 2644 4484 partibus
2671 4417 3079 4487 apparuissent,
3125 4427 3425 4473 erexerunt
3481 4419 3603 4473 ani-

312 4527 529 4580 verant,
588 4523 717 4570 tunc
758 4530 982 4585 prorsus
1048 4514 1353 4571 incelebres
1403 4516 1734 4585 squallerent
1759 4555 1775 4578 ,
1836 4519 1906 4571 ob
1935 4536 1982 4590 ι)
2012 4521 2133 4563 mos
2166 4506 2373 4577 Ρυρυιί,
2402 4515 2457 4562 ει
2490 4506 2649 4577 quasi
2676 4509 2830 4577 sigth
2868 4509 3062 4564 salulis
3112 4510 3257 4565 elato
3301 4509 3615 4576 οὕθοθῑυηι

314 4605 568 4673 exempla
604 4604 808 4673 passim
836 4614 965 4657 nota
1005 4602 1364 4672 spoliatorum
1395 4613 1489 4656 aut
1515 4603 1910 4661 trucidatorum

312 4696 370 4749 in
402 4697 537 4766 ipsis
606 4697 875 4750 viatorum
907 4707 1055 4750 metu
1081 4695 1190 4764 jam
1241 4695 1481 4751 omnium
1519 4696 1912 4771 impenetrabi-

312 4789 395 4843 les
424 4790 672 4852 creditae,
705 4797 889 4864 tamen
922 4802 1029 4841 una
1084 4788 1255 4842 libera
1286 4795 1342 4842 et
1405 4796 1593 4856 aperta
1646 4790 1908 4855 restabat,

312 4898 435 4952 qua:
466 4898 493 4934 a
530 4882 630 4935 Cio
665 4880 926 4947 tenditur,
959 4880 1110 4936 silvis
1141 4881 1310 4935 densa
1341 4894 1395 4936 et
1429 4881 1570 4935 raris
1598 4896 1788 4950 sparsa
1839 4897 1912 4937 te.

311 4973 533 5035 diﬁciis,
557 4974 787 5040 ideoque
806 4973 1119 5027 incursibus
1147 4974 1423 5026 latronum
1450 4973 1596 5028 culta
1622 4981 1677 5027 et
1695 4975 1910 5029 colonis

312 5065 854 5137 plenaqurerentium
883 5067 1064 5120 minus
1090 5063 1306 5120 infeSta.
1330 5064 1441 5120 Hoc
1471 5064 1667 5120 itinere
1719 5064 1913 5121 afﬂue-

309 5159 442 5214 bant
475 5159 542 5212 ad
589 5157 900 5213 Nicaeenses
922 5171 1062 5211 nova
1094 5156 1338 5226 quotidie
1368 5154 1708 5224 argumenta
1757 5158 1907 5227 plan-

311 5253 492 5321 gendi,
517 5252 640 5303 aliis
669 5265 835 5319 super
862 5249 1021 5314 alias,
1047 5262 1169 5317 quae
1191 5247 1430 5302 sineiine
1463 5247 1907 5323 cumulabantur,

310 5344 549 5412 cognitis
574 5341 851 5414 cladibus,
883 5341 1153 5412 siquidem
1177 5351 1231 5395 et
1254 5338 1456 5394 similia
1500 5339 1566 5395 iis
1598 5356 1720 5410 qum
1743 5340 1910 5395 Chal-

308 5435 628 5491 cidensibus
675 5444 731 5489 et
785 5435 1106 5488 Alizouibus
1163 5432 1500 5497 acciderant,
1564 5435 1913 5503 patiebantur

306 5543 527 5598 quoque
584 5527 854 5598 Bebryces
901 5541 969 5582 ex
1004 5525 1150 5597 Pylis
1181 5534 1237 5581 et
1284 5524 1497 5596 Pythiis
1553 5525 1792 5582 conﬂato
1812 5544 1911 5582 no-

307 5622 455 5675 mine
486 5620 749 5690 insignes.
780 5619 1099 5689 Eademque
1129 5634 1257 5673 mox
1286 5618 1480 5677 Nicaeae
1526 5621 1906 5675 narrabantur

307 5715 516 5783 perlata
555 5713 685 5769 illuc
716 5713 805 5767 via
837 5729 1053 5781 secura,
1090 5727 1252 5783 quam
1286 5713 1374 5767 bit:
1399 5711 1557 5779 juvat
1601 5712 1911 5769 describere

309 5805 651 5864 distinctius.
692 5805 798 5872 Qui
834 5805 890 5860 in
919 5805 1298 5861 continentem
1334 5803 1477 5858 Asiae
1508 5805 1644 5858 mari
1673 5818 1907 5860 exsceu-

2017 4607 2078 4653 ιιι
2126 4600 2400 4655 conlidere
2430 4600 2699 4654 auderent
2740 4601 2888 4653 brevi
2925 4603 3319 4656 restituendam
3366 4602 3482 4658 illic
3503 4620 3607 4671 ριν

2018 4691 2216 4747 blicam
2250 4707 2363 4746 rem
2397 4693 2448 4746 in
2482 4702 2686 4747 statum
2719 4694 2965 4764 pristiam
3003 4696 3343 4750 securitatis.
3370 4695 3472 4750 Sed
3492 4698 3597 4750 Ion-

2017 4801 2083 4855 ge
2113 4786 2235 4841 illos
2267 4787 2456 4857 opinio
2489 4786 2677 4842 fefellit
2703 4804 2825 4852 sua,
2858 4804 2923 4843 eo
2954 4804 3079 4843 mox
3123 4791 3240 4859 ipso
3293 4791 3436 4844 unde
3484 4806 3597 4860 spec

2019 4890 2273 4936 raverant
2309 4882 2362 4935 in
2395 4882 2739 4936 occasionem
2776 4883 2908 4952 ipsis
2941 4898 3099 4938 verso
3134 4884 3286 4937 exitii
3339 4884 3614 4952 supremi.

2016 4974 2420 5031 Anituadverso
2447 4975 2648 5044 quippe
2678 4975 2912 5030 istorum
2958 4987 3108 5031 motu
3145 4976 3335 5031 hostes
3364 4978 3615 5040 barbari;

2016 5080 2081 5120 ac
2109 5069 2540 5136 praevertendum
2568 5067 2692 5132 rati,
2723 5077 2889 5122 noctu
2917 5069 2969 5120 in
3022 5084 3117 5124 eos
3170 5069 3448 5123 irrueruut
3480 5087 3616 5124 cuur

2017 5159 2277 5213 universo
2330 5160 2597 5223 exercitu,
2661 5159 2715 5213 in
2746 5175 2857 5229 quo
2888 5161 3109 5215 circiter
3147 5162 3390 5231 quinque
3440 5165 3611 5217 millia

2014 5250 2472 5303 numerabantur.
2506 5247 2712 5302 llorum
2758 5265 2885 5319 pars
2920 5250 3062 5303 claui
3106 5266 3168 5304 ac
3208 5251 3329 5304 sine
3374 5250 3483 5304 ullo
3515 5267 3613 5303 nu-

2017 5348 2257 5397 strornm
2284 5355 2450 5395 sensu
2482 5340 2687 5394 insedit
2714 5340 2834 5395 vias
2862 5357 2983 5411 quae
3011 5342 3078 5396 ad
3096 5357 3280 5397 arcem
3309 5344 3605 5396 ducebant:

2016 5433 2108 5487 alii
2132 5448 2161 5486 e
2191 5432 2464 5486 contraria
2500 5442 2651 5501 parte
2676 5431 2954 5489 Romanos
3007 5434 3182 5490 adorti
3231 5434 3611 5504 pr0pellebant

2018 5525 2206 5597 fugere
2230 5533 2455 5581 coactos
2489 5541 2672 5580 arcem
2706 5542 2924 5591 versus,
2963 5527 3014 5580 in
3038 5526 3154 5581 loca
3208 5526 3462 5579 videlicet
3521 5528 3612 5579 iuv-

2016 5618 2174 5673 sidiis
2201 5632 2427 5671 suorum
2465 5627 2871 5688 prmoccupata,
2904 5622 3051 5689 quod
3094 5615 3409 5687 suspicaudi
3455 5619 3607 5671 nulla

2015 5717 2132 5764 erat
2158 5709 2366 5764 nostris
2395 5710 2557 5776 ratio;
2588 5721 2643 5764 et
2675 5710 2757 5764 vel
2791 5710 2837 5766 si
2879 5719 3128 5775 nossent,
3152 5710 3217 5764 ad
3246 5710 3477 5765 salutem
3515 5711 3609 5764 tali

2016 5801 2248 5857 articulo
2281 5815 2467 5858 rerum
2524 5799 2667 5857 foret
2725 5802 2941 5859 inutile.
3005 5803 3085 5858 Ac
3137 5802 3342 5859 milites
3386 5804 3615 5875 quidem
