4024 6416
411 382 519 446 455

1578 377 1901 439 GEORGII
1939 375 2431 436 PACIIYMEIL'E

3563 378 3673 443 456

411 493 522 545 Καὶ
553 491 672 544 τότε
706 490 752 542 oi
787 491 883 560 μὲν
931 491 1271 553 ὑποστάντες
1311 488 1665 558 ἐσφάττοντο,
1699 490 1898 557 γύναια
1932 487 1987 541 δὲ
2019 495 2061 549 Α
2091 487 2433 551 ἑκατοστύας
2482 487 2732 541 ἔπιπτον.
2781 489 2903 551 Τοῖς
2937 488 2991 541 δὲ
3030 489 3121 542 καὶ
3154 491 3460 560 πρόστιμον
3506 490 3672 558 ὲτὲθη

410 586 507 637 καὶ
537 585 801 653 παιδάρια
839 584 1041 653 πλῆθος
1078 585 1272 654 μυρίον
1304 584 1438 653 πρὸς
1467 583 1527 636 τὸ
1557 584 1815 654 φρούριον
1850 585 1986 650 φεύ,

409 691 578 745 γοντα
609 677 753 742 ἄγρα
786 672 872 745 ,ἦν
920 677 1113 746 ἑτοίμη
1159 678 1273 740 τοῖς
1322 675 1819 746 προκαταλαϐοῦσι.
1879 674 1986 725 Καὶ

409 768 565 831 τέλος
588 770 633 820 oi
669 769 805 830 τέως
830 772 944 830 τοῖς
969 768 1148 830 ἄλλοις
1173 768 1622 839 προσεπαμὺνειν
1653 766 1987 823 ἀποστελλόε

413 876 567 929 μενοι
599 859 830 930 δρασμῷ
875 861 1222 930 μηχανῶνται
1257 861 1355 931 τὴν
1384 861 1679 930 σωτηρίαν,
1724 859 1817 911 καὶ
1848 858 1989 911 αὐτὰ

413 954 929 1022 προσαποδαὶόντες
984 958 1048 1006 τὸ
1115 936 1374 1024 βασιλικὰ
1431 956 1736 1025 χρήματα·
1796 954 1989 1004 ἔπειτα

413 1045 526 1116 πῦρ
560 1048 975 1115 ὲναὺσαντεςκοί
1024 1048 1209 1117 ἐχθροὶ
1259 1047 1329 1101 τὰ
1370 1048 1489 1099 ἐκεῖ
1521 1047 1691 1114 κάλλη
1725 1048 1805 1107 είς
1836 1044 1989 1105 τέλος

410 1137 722 1207 ὴμάθυναν.
754 1138 889 1191 Τότε
935 1139 1031 1191 καὶ
1093 1139 1303 1207 Ἀτμὰν
1337 1136 1697 1207 ὑποστρέφων
1749 1137 1844 1187 σὺν
1880 1139 1990 1197 τοῖς

411 1229 552 1298 ἀμφ’
587 1228 772 1293 αὑτὸν,
819 1229 944 1281 ἐπεὶ
982 1228 1227 1297 συνῆσαν
1273 1231 1424 1297 σφίσι
1475 1231 1618 1280 κατὰ
1669 1232 1989 1296 συμμαχίαν

414 1324 509 1374 καὶ
562 1322 968 1392 Βηλοκωμῖται,
1022 1322 1348 1391 προσλαϐὼν
1403 1320 1650 1382 ἐκείνους
1708 1322 1835 1390 κενῇ
1882 1324 1991 1372 τᾱιν

413 1413 655 1466 ἐποίκων
701 1412 1012 1485 Βηλοκὼμῃ
1060 1413 1393 1484 προσϐάλλει
1434 1414 1529 1466 xui.
1587 1412 1732 1466 κατὰ
1764 1414 1990 1483 ⁸κράιτος

413 1506 580 1574 αἱρεῖ,
618 1503 714 1555 καὶ
753 1505 882 1564 τοὺς
920 1506 1017 1567 μὲν
1049 1504 1274 1566 κτείνει,
1306 1503 1468 1563 αὑτὸς
1504 1502 1562 1555 δὲ
1602 1504 1795 1572 μυρίον
1826 1502 1991 1554 πλοῦ·-

412 1610 505 1646 τον
539 1594 716 1663 εὑρὼν
744 1595 1106 1661 ὲξολὸίζεται,
1144 1596 1239 1648 καὶ
1264 1596 1330 1648 τὰ
1363 1594 1530 1648 πιστά
1557 1596 1603 1647 oi
1639 1594 1739 1661 τῆς
1763 1594 1828 1665 [Ρ
1860 1593 1990 1662 288]

411 1682 716 1751 ἀσφαλείας
746 1685 810 1737 ἐκ
859 1684 969 1737 τῶν
998 1684 1380 1754 ὀχυρωμάτων
1421 1685 1723 1753 περιποιεῖ.
1770 1683 1991 1736 Τούτων

411 1775 669 1828 ἀπώνατο
719 1776 829 1829 τῶν
884 1775 1075 1828 δεινῶν
1121 1776 1216 1828 καὶ
1264 1776 1508 1846 Προῦσα,
1560 1776 1698 1845 μόνη
1749 1775 1993 1844 περιλει-

411 1866 609 1935 φθεῖσα
639 1868 750 1919 τῶν
799 1866 1000 1932 ἔξωθεν
1030 1867 1346 1921 ’καλλονῶν.
1384 1867 1607 1919 Τούτων
1659 1868 1753 1920 καὶ
1810 1868 1994 1935 Πηγαὶ

411 1958 838 2028 παραθαλασσία
886 1959 1042 2023 πόλις
1079 1958 1187 2011 τῶν
1228 1959 1507 2029 δυσχερῶν
1537 1959 1823 2027 ἐπειράθη,
1872 1956 1994 2009 Τῶν

409 2049 520 2118 γὰρ
549 2048 655 2114 ἔξω
686 2048 908 2103 πάντων
940 2049 1415 2117 συγκλεισθέντων
1450 2048 1620 2123 ἐντὸς,
1657 2049 1772 2101 ὅσοι
1810 2048 1904 2101 καὶ
1934 2048 1995 2101 τὸ

411 2139 569 2206 ξίφος
598 2139 822 2208 ἔφυγον,
867 2141 1104 2194 ἐντίκτει
1153 2142 1308 2194 νόσον
1353 2140 1596 2210 λοιμώδη
1630 2139 1691 2193 τὸ
1728 2139 1991 2193 συνεπτύ-

410 2232 540 2303 χθαι
568 2231 712 2302 λιμῷ
742 2235 836 2285 καὶ
867 2231 1291 2295 κακοπαθείαις.
1332 2233 1452 2286 Ἔτι
1477 2233 1533 2285 δὲ
1553 2234 1647 2285 καὶ
1669 2234 1735 2301 τῇ
1776 2233 1913 2300 νόσῳ
1940 2233 1995 2293 ἐς

412 2421 685 2484 quotquot
724 2411 874 2466 hosti
940 2410 1150 2464 vultum
1212 2424 1322 2464 non
1381 2408 1574 2478 ignave
1622 2408 1992 2472 obverterunt,

413 2507 468 2560 in
506 2504 737 2574 vestigio
768 2510 893 2557 sunt
929 2501 1081 2563 caesi,
1112 2501 1308 2571 vulgus
1365 2508 1547 2554 autem
1598 2500 1998 2555 innumerabile

412 2595 701 2650 mulierum
732 2608 796 2647 ac
827 2607 1122 2662 puerorum
1155 2590 1327 2645 eﬂ‘uso
1356 2605 1523 2645 cursu
1556 2596 1623 2645 ad
1672 2606 1851 2645 arcem
1911 2591 1997 2643 fu-

410 2690 564 2759 giens
593 2695 777 2755 parata
804 2686 988 2757 prmda
1049 2683 1465 2740 subsidentibus
1524 2684 1635 2738 illic
1694 2684 2000 2740 latronibus

410 2779 672 2833 occurrit.
702 2776 918 2847 Reliqui
947 2787 1259 2830 nostrorum
1288 2775 1545 2841 militum,
1564 2790 1629 2831 ne
1656 2775 1853 2831 castris
1873 2777 1999 2846 qui~

413 2871 537 2925 dem
566 2871 810 2931 retentis.
847 2885 1013 2925 cursu
1070 2884 1207 2939 vago
1271 2869 1504 2924 salutem
1560 2870 1853 2938 quaesiere,
1905 2869 1998 2939 qni

413 2961 686 3017 servaturi
748 2962 885 3017 alios
939 2961 1151 3017 scilicet
1206 2968 1489 3026 venerant,
1524 2960 1755 3029 pecunia
1815 2960 1982 3015 etiam

411 3066 576 3122 quam
592 3053 660 3105 ab
678 3053 1008 3122 imperatore
1025 3050 1326 3106 attulerant
1369 3049 1727 3106 amissa.lnde
1744 3050 1866 3119 igne
1879 3049 2001 3119 pul-

2092 579 2247 650 παρὰ
2280 579 2547 650 βασιλέως
2570 580 2884 650 ζημίας,εξς
2915 582 3164 652 χιλιάδας
3190 584 3276 635 ἐπ’
3305 584 3456 653 αίτίᾳ
3482 583 3574 636 τοῦ
3596 584 3673 653 μὴ

2090 673 2185 725 τὸν
2221 672 2402 742 μέγαν
2433 670 2691 736 δέξασθαι
2720 674 2907 739 δοῦκα,
2940 674 3084 727 οὑτω
3130 676 3225 728 τοῦ
3269 674 3547 746 βασιλέως
3568 677 3674 729 Μι-

2092 764 2230 835 χαὴλ
2266 765 2408 836 μετὰ
2435 768 2534 838 τὴν
2563 769 2773 822 ἐκεῖθεν
2804 770 3065 823 ἐπάνοδον
3089 770 3544 837 ἐπαγγείλαντος,
3575 771 3675 822 καὶ

2090 856 2317 911 δέειτοῦ
2350 859 2423 930 μὴ
2481 859 2674 912 παθεῖν
2721 862 3011 923 κάκείνους
3063 861 3130 913 τὰ
3181 863 3296 922 τοῖς
3338 861 3673 929 Κυζικηνοῖς

2094 950 2394 1016 ξυμϐάντα.
2431 952 2564 1006 Οὐδὲ
2603 955 2712 1022 γὰρ
2741 952 2948 1006 ἀνεκτὰ
2979 954 3092 1006 οὐδ’
3128 954 3254 1006 ὅσον
3282 953 3376 1007 καὶ
3408 954 3671 1022 ὑποσχεῖν

2091 1041 2294 1095 δυνατὰ
2321 1043 2478 1095 τάκεῖ
2514 1043 2861 1113 τολμηθέντα
2897 1044 3250 1111 ἠγγέλλοντο.
3283 1042 3395 1096 Βίοι
3429 1044 3540 1113 γὰρ
3570 1045 3680 1112 ἡρν

2096 1131 2354 1196 πάζοντο,
2389 1134 2482 1185 καὶ
2515 1136 2776 1201 γυναῖκες
2799 1132 3108 1203 ὑϐρίζοντο,
3132 1137 3226 1188 καὶ
3248 1134 3408 1201 χόρια
3435 1135 3675 1200 διεφθεί-
3758 1204 3767 1209 Ξ

2097 1241 2269 1294 ροντο.
2304 1226 2410 1277 Καὶ
2446 1226 2474 1277 ὁ
2506 1226 2605 1293 μὲν
2639 1224 2777 1294 ἔχων
2809 1226 2970 1287 εὐθὺς
2999 1225 3345 1288 ὲσκυλεύετο.
3384 1227 3673 1293 ἀγαπητὸν

2092 1317 2234 1386 ἔχων
2261 1317 2310 1369 εί
2351 1316 2529 1379 διδοὺς
2563 1317 2823 1380 σώζοιτο·
2852 1319 2880 1372 ό
2907 1318 2963 1371 δὲ
2998 1319 3073 1388 μὴ
3126 1318 3265 1388 ἔχων
3291 1320 3360 1389 τῇ
3399 1318 3493 1371 τοὺ
3523 1320 3673 1388 ἒχειν

2093 1407 2299 1479 ὑποψίᾳ
2329 1407 2738 1476 κατεδικάζετο,
2785 1411 2880 1464 καὶ
2930 1411 3162 1480 αἰώραις
3193 1412 3397 1474 δειναῖς
3428 1412 3525 1463 καὶ
3572 1413 3672 1480 βα-

2096 1501 2279 1564 σάνοις
2320 1500 2570 1569 ἠτὰζετο,
2605 1502 2864 1572 ἔγκλημα
2914 1504 3097 1574 φέρων
3140 1504 3203 1557 τὸ
3246 1502 3323 1574 μὴ
3369 1504 3673 1573 χρημάτων

2094 1592 2270 1645 θέλειν
2305 1593 2405 1661 τὴν
2441 1595 2723 1663 σωτηρίαν
2774 1595 3119 1664 πορίζεσθαι.
3159 1597 3315 1650 Πᾶσα
3366 1596 3412 1649 δ’
3442 1594 3673 1648 ἐκείνων

2095 1685 2385 1753 περιουσία
2410 1687 2469 1738 οὐ
2504 1687 2706 1756 μᾶλλον
2726 1688 2821 1739 τοῦ
2854 1689 3196 1757 κεκτημένου
3232 1689 3264 1757 ἦ
3298 1688 3392 1741 τοῦ
3429 1687 3674 1740 καταλα-

2097 1772 2282 1835 ϐόντος
2312 1773 2422 1827 τῶν
2466 1776 2866 1847 Ἀμογαϐἀρων
2894 1778 3144 1845 ἐφαίνετο
3166 1796 3178 1811 ·
3208 1779 3351 1831 οὑτω
3388 1778 3498 1848 γὰρ
3533 1778 3677 1831 ἰδιω-

2098 1870 2319 1936 νυμεῖτο
2353 1869 2414 1922 τὸ
2462 1869 2635 1934 ἔθνος,
2678 1871 2757 1941 τῷ
2789 1872 2847 1937 ἐξ
2887 1872 3151 1943 Ἀϐάρων,
3209 1871 3386 1944 οἶμαι,
3436 1874 3677 1939 κατάγε-

2098 1959 2245 2013 σθαι.
2277 1960 2353 2013 Οὑ
2389 1960 2550 2029 μόνον
2574 1960 2618 2014 δ’
2643 1961 2970 2031 αὐτόχθονες
2998 1964 3154 2017 ταῦτ’
3176 1964 3430 2034 ἔπασχον,
3460 1965 3575 2017 ἀλλ’
3599 1964 3675 2027 ὡς

2097 2051 2274 2103 εἰπεῖν
2303 2051 2537 2123 ἀνατολὴ
2574 2055 2724 2106 πᾶσα
2772 2053 3083 2122 Ῥωμαίων,
3115 2056 3198 2108 ὅτι
3247 2057 3344 2109 καὶ
3396 2056 3470 2119 ὡς
3504 2073 3677 2125 προσ-

2097 2141 2281 2210 φυγίῳ
2348 2143 2689 2213 χρησάμενοι
2735 2146 2812 2213 τῷ
2863 2146 3273 2216 ἐπιτειχίσματι
3329 2148 3529 2207 πάντες
3560 2147 3681 2198 ἐκεῖ

2097 2234 2462 2303 κατέδραμον,
2523 2236 2616 2288 καὶ
2673 2238 2832 2307 καινή
2890 2254 2969 2299 τις
3018 2238 3217 2300 ἅλωσις
3265 2232 3332 2310 ἦν
3384 2238 3535 2310 παρὰ
3564 2237 3676 2292 τῶν

2098 2408 2420 2463 nominatim
2454 2417 2703 2465 vetuerat
2752 2410 2981 2468 Michael
3011 2413 3298 2485 Augustus
3328 2414 3518 2485 junior
3552 2426 3679 2486 post

2100 2516 2258 2556 suum
2290 2501 2414 2555 inde
2450 2501 2710 2569 reditum,
2740 2511 2886 2558 metu
2909 2519 2975 2560 ne
3003 2513 3058 2560 et
3090 2506 3168 2560 illi
3206 2515 3523 2576 paterentur
3556 2524 3683 2579 qua:

2099 2588 2393 2661 Cyzicenis
2429 2590 2780 2658 accidissent,
2836 2593 2997 2663 plane
3037 2596 3403 2652 intolerabilia
3442 2607 3498 2653 et
3527 2601 3683 2656 omni
3766 2623 3787 2643 ο

2102 2681 2390 2736 atrocitate
2416 2683 2624 2737 diriora
2659 2722 2672 2734 .
2695 2681 2829 2737 Nam
2855 2693 2909 2739 et
2950 2702 3036 2742 res
3077 2686 3362 2743 familiaris
3388 2691 3680 2761 victusque

2102 2771 2444 2826 domesticus
2505 2772 2724 2826 miseris
2769 2774 2983 2829 civibus
3028 2777 3403 2843 auferebatur,
3455 2789 3507 2834 et
3565 2795 3676 2835 non

2106 2864 2265 2917 modo
2300 2863 2558 2917 mulieres
2602 2872 2696 2918 aut
2748 2877 2928 2934 nuptae
2973 2875 3067 2920 aut
3094 2868 3319 2937 puberis
3346 2870 3547 2943 vetatis,
3582 2870 3679 2926 sed

2104 2955 2289 3009 cruda:
2329 2970 2548 3025 quoque
2593 2956 2932 3026 virguncula:
2968 2959 3052 3012 vix
3103 2974 3338 3029 egressae
3388 2960 3677 3015 infantiam

2106 3045 2333 3102 libidine
2417 3045 2644 3101 immani
2713 3049 3236 3119 corrumpebantur.
3297 3053 3377 3107 Ac
3426 3054 3682 3108 conscius

413 3141 566 3198 chris
601 3158 724 3213 ejus
758 3151 967 3198 tractus
1002 3141 1247 3196 aediliciis
1289 3141 1490 3209 injecto
1525 3142 1580 3195 in
1614 3142 1851 3195 cinerem
1877 3141 2003 3196 bar-
2028 3174 2071 3233 ο
2107 3135 2330 3205 quidem
2366 3151 2425 3191 se
2448 3136 2651 3191 habere
2674 3137 2819 3207 quod
2849 3136 3027 3207 daret,
3066 3141 3213 3195 ultro
3262 3139 3499 3212 largiens
3522 3141 3680 3210 ﬂagi-

415 3232 535 3289 bari
566 3240 844 3287 verterunt
878 3232 1086 3287 omnia.
1122 3229 1198 3283 Ex
1228 3230 1331 3285 hoc
1357 3230 1483 3285 belli
1542 3246 1799 3285 successu
1829 3231 2001 3286 victor

416 3333 698 3379 revertens
735 3325 931 3377 Atnian
977 3339 1101 3377 eum
1156 3325 1297 3387 suis,
1367 3323 1592 3392 cognito
1641 3323 2001 3379 Belocomitas

416 3414 476 3471 in
505 3415 699 3470 castris
749 3413 920 3467 fuisse
958 3413 1219 3466 Romanis
1272 3426 1397 3482 quae
1454 3411 1620 3467 modo
1666 3412 2002 3474 deleverant,

414 3506 758 3561 Belocomam
785 3501 1132 3574 aggrediendi
1164 3503 1277 3572 jam
1312 3505 1487 3569 ipsam
1528 3501 1732 3574 quippe
1775 3516 2002 3555 vacuam

413 3597 579 3671 515
619 3597 977 3668 pra-sidiariis
1008 3606 1224 3664 tempus
1262 3604 1630 3666 Opportunum
1657 3595 1830 3650 duxit.
1862 3592 2004 3663 Ergo

414 3691 564 3744 illam
623 3689 879 3743 insiliens
917 3688 962 3741 vi
1011 3688 1179 3757 capit,
1218 3699 1272 3743 et
1318 3688 1390 3742 ibi
1435 3683 1686 3757 repertos
1721 3686 2001 3742 interﬁcit.

416 3781 540 3852 Ipse
566 3789 747 3836 autem
791 3779 1078 3835 immensis
1107 3780 1305 3851 opibus
1353 3795 1418 3835 ea
1466 3779 1669 3835 clausis
1698 3778 2005 3834 munitione

414 3874 623 3941 potitus
677 3870 948 3940 praedives
991 3870 1118 3926 inde
1173 3880 1255 3925 est
1306 3872 1573 3927 habitus:
1610 3870 1754 3926 arcis
1805 3871 2006 3941 quippe

414 3963 564 4018 illius
597 3962 973 4030 munimentis,
1018 3964 1129 4017 situ
1183 3971 1236 4018 et
1269 3971 1386 4018 arte
1422 3962 1619 4017 validis
1647 3962 1714 4016 ad
1764 3964 2006 4032 quaesita:

415 4059 661 4121 p-cunia:
695 4055 1000 4110 custodiam
1049 4070 1217 4120 usus,
1261 4071 1490 4125 magnos
1535 4055 1639 4109 sibi
1693 4054 2001 4120 thesauros,

414 4150 572 4203 unde
595 4149 718 4204 belli
747 4166 809 4203 ac
841 4150 1185 4221 principatus
1202 4152 1484 4219 expediret
1511 4158 1785 4219 sumptus,
1811 4163 2006 4203 secure

411 4241 662 4297 Conditos
691 4242 758 4297 ad
802 4258 1023 4297 manum
1090 4243 1308 4297 habuit.
1353 4242 1560 4295 Harum
1626 4256 1822 4311 magna
1878 4255 2005 4311 pars

412 4334 790 4389 calamitatum
846 4334 900 4388 in
958 4336 1187 4389 Prusam
1226 4333 1560 4389 redundavit
1611 4334 1689 4388 sic
1742 4333 2002 4387 nudatam

412 4427 795 4498 possessionev
816 4428 932 4491 agri
969 4427 1054 4481 sui
1102 4436 1156 4480 et
1210 4424 1353 4478 intra
1390 4440 1675 4479 murorum
1735 4424 2001 4478 ambitum

2107 3228 2353 3283 tantibus
2394 3227 2759 3297 spoliabatur,
2813 3229 2969 3286 lucro
3013 3230 3297 3301 ,imputans
3339 3233 3483 3302 quod
3516 3234 3682 3290 rebus

2104 3320 2307 3390 ereptis
2337 3320 2525 3374 vivere
2565 3319 2846 3375 sineretur
2877 3340 2890 3375 :
2930 3322 3026 3392 qui
3055 3339 3185 3379 vero
3216 3325 3359 3380 nihil
3387 3341 3449 3382 se
3480 3327 3684 3383 habere

2104 3410 2460 3479 quantumvis
2505 3424 2638 3465 vere
2684 3408 3004 3487 ailirmaret,
3058 3422 3348 3485 suspectus
3408 3418 3683 3475 mendacii

2106 3500 2285 3571 pinnis
2329 3499 2727 3570 subjiciebatur
2768 3503 3180 3572 acerbissimis,
3237 3509 3418 3577 quoad
3461 3514 3683 3565 condita

2108 3592 2368 3646 videlicet
2397 3600 2695 3663 promeret,
2736 3608 3073 3665 suspensus,
3108 3605 3339 3665 tractus,
3369 3601 3687 3656 cruciabili-

2108 3694 2191 3739 ter
2226 3692 2432 3743 tortus.
2488 3685 2559 3739 ab
2602 3687 3073 3756 exprobrantibus
3125 3691 3321 3747 merito
3370 3692 3485 3748 haec
3524 3693 3684 3748 illum

2104 3776 2271 3849 416
2314 3777 2451 3847 pati,
2475 3779 2570 3849 qui
2605 3780 2836 3835 salutem
2890 3782 3059 3838 nollet
3103 3786 3331 3853 pecunia
3387 3785 3683 3844 redimere.

2108 3870 2227 3934 Quo
2256 3870 2312 3923 in
2349 3876 2462 3925 toto
2510 3870 2725 3926 nefario
2755 3886 2954 3943 genere
2976 3885 3221 3945 qumstus
3252 3887 3359 3930 tam
3392 3877 3687 3950 impudens

2107 3963 2332 4019 licentia
2366 3972 2487 4019 erat
2544 3964 2781 4046 istorum
2823 3967 3291 4037 Amogaharorum
3326 3971 3429 4040 (sic
3458 3974 3688 4043 proprie

2107 4056 2411 4109 vocabatur
2461 4070 2523 4110 ea
2578 4070 2734 4125 gens,
2790 4055 2919 4110 inde
2970 4058 3139 4112 credo
3189 4060 3333 4129 quod
3368 4075 3435 4114 ex
3485 4062 3687 4118 Aharis

2106 4146 2374 4215 originem
2409 4146 2698 4219 traheret),
2725 4154 2785 4201 ut
2816 4148 3051 4217 quadam
3083 4151 3228 4206 velut
3259 4153 3369 4221 jam
3403 4168 3506 4209 usu
3529 4168 3685 4224 parta

2108 4237 2419 4308 raptoribus
2453 4240 2785 4295 auctoritate
2821 4242 3125 4310 praedandi,
3159 4244 3423 4314 quidquid
3448 4247 3688 4316 quisque

2107 4345 2270 4400 quam
2308 4329 2515 4398 optimo
2558 4344 2616 4384 se
2648 4339 2866 4399 putaret
2907 4334 3033 4401 jure
3082 4333 3382 4403 possidere.
3420 4335 3474 4389 id
3518 4337 3688 4393 simul

2107 4430 2476 4491 apparuerat,
2532 4422 2638 4476 sibi
2695 4423 2855 4492 quasi
2907 4426 3146 4494 legitime
3197 4429 3487 4496 qua'situm
3546 4430 3687 4484 latro

415 4521 719 4585 redactam,
756 4520 909 4574 nullo
940 4519 1204 4587 deinceps
1229 4520 1560 4573 commercio
1588 4533 1710 4572 cum
1737 4517 2003 4572 suburba-
2041 4547 2082 4599 ο
2110 4514 2325 4599 adven_a
2386 4512 2863 4570 conﬁdentissime
2907 4527 3189 4586 arrogaret
3222 4519 3481 4591 justeque.
3526 4537 3693 4576 usur-

416 4612 504 4667 nis
535 4612 680 4666 villis
735 4620 790 4666 et
822 4610 1064 4679 praediis,
1114 4626 1236 4677 quae
1276 4624 1383 4662 non
1447 4626 1636 4680 parum
1668 4627 1884 4666 amnna
1951 4620 2004 4666 et

416 4712 614 4758 Ornata
679 4703 735 4756 in
800 4703 1078 4756 territorio
1150 4703 1416 4757 habuerat
1485 4703 1739 4773 plurima.
1810 4703 2005 4758 Clades

416 4795 531 4847 haec
594 4801 784 4847 eadem
848 4793 1023 4862 I’egas
1091 4793 1306 4857 aﬂlixit,
1387 4797 1577 4849 urbem
1648 4795 2001 4848 maritimam.

412 4886 552 4940 Cum
592 4884 738 4938 enim
766 4893 891 4953 post
926 4883 1312 4949 barbarorum,
1355 4901 1518 4954 quam
1547 4885 1684 4950 dixi,
1714 4886 2003 4939 victoriam

415 4974 599 5030 cuncti
644 4990 907 5044 pagorum
941 4974 1152 5039 ineolzr,
1179 4975 1274 5045 qui
1306 4975 1543 5045 effugero
1570 4983 1861 5046 potuerant
1890 4977 2007 5045 gla-

417 5069 569 5121 dium
609 5066 882 5126 hostilem.
923 5067 1026 5121 sub
1060 5071 1319 5123 mmnium
1360 5077 1415 5123 et
1461 5068 2004 5138 propugnaculorum

412 5158 535 5228 ejus
581 5156 767 5225 oppidi
817 5157 1012 5226 cupide
1082 5163 1307 5212 tutelam
1349 5160 1743 5221 accnrrissent,
1777 5158 2008 5225 contigit

420 5252 531 5304 iliic
580 5251 878 5318 constipari
918 5250 1132 5304 turbam
1171 5250 1449 5323 ingentem
1483 5252 1659 5319 inopis
1690 5249 1995 5302 tnultitudi~

420 5344 525 5407 nis,
554 5359 615 5397 ex
652 5342 812 5412 cujus
855 5342 1039 5397 illuvie
1090 5358 1155 5396 ac
1189 5342 1320 5396 faece
1363 5341 1641 5408 corruptis
1676 5339 2005 5408 corporibus

418 5436 529 5490 cito
559 5438 675 5489 lues
706 5436 935 5495 exarsit,
964 5449 1070 5504 qua
1106 5444 1234 5486 tota:
1285 5432 1445 5487 simul
1478 5432 1761 5485 hominum
1809 5440 2005 5483 centu-

419 5528 512 5580 ria!
553 5526 846 5581 audebant.
882 5524 1126 5591 Quorum
1164 5525 1219 5577 in
1261 5524 1542 5577 cumulum
1593 5525 1860 5577 malorum
1913 5539 2006 5576 su-

417 5616 669 5685 pervenit
719 5616 924 5670 indicta
968 5614 1309 5685 Pegcnsibus
1349 5614 1417 5667 ab
1460 5614 1792 5684 imperatore
1834 5620 2003 5668 multa

421 5710 721 5763 multorum
760 5709 994 5762 millium
1024 5723 1309 5760 nummum
1340 5706 1410 5760 ob
1446 5705 1750 5761 admissum
1789 5708 1855 5761 ab
1880 5709 2005 5760 'ilhs

418 5799 561 5854 intra
585 5802 777 5856 urbem
838 5813 1098 5868 magnum
1152 5800 1385 5869 ducem;
1438 5800 1583 5869 quod
1649 5814 1718 5854 ne
1763 5799 2004 5856 facerent

2109 4582 2477 4675 passe'videri
2515 4606 2703 4662 vellet.
2743 4605 2852 4661 Nec
2910 4608 3181 4679 indigenis
3238 4615 3352 4666 haec
3382 4613 3558 4667 solum
3591 4623 3689 4667 aut

2108 4696 2257 4751 natis
2291 4695 2471 4767 Cyzici
2521 4696 2745 4766 ﬁebant,
2786 4698 2882 4753 sed
2934 4700 3054 4755 sine
3117 4701 3439 4758 discrimine
3482 4712 3691 4774 pariter

2107 4789 2322 4844 cunctis
2353 4788 2448 4857 qui
2491 4804 2521 4844 e
2573 4791 2782 4845 circum
2830 4793 3104 4850 universis
3148 4795 3374 4852 ditionis
3430 4796 3693 4852 Romanas

2108 4882 2426 4952 regiunihus
2470 4883 2613 4939 intra
2650 4901 2793 4951 eam,
2826 4897 2889 4941 ut
2942 4896 3023 4943 est
3048 4888 3256 4941 dictum
3281 4929 3295 4953 ,
3327 4890 3687 4946 munitionem

2110 4975 2341 5046 perfugii
2379 4977 2555 5044 gratia
2593 4992 2717 5032 sese
2763 4989 3110 5046 receperant.
3152 4979 3426 5035 Praetereo
3465 4982 3691 5035 mutila-

2099 5055 2301 5121 ‘tioncs
2355 5081 2651 5137 corporum
2677 5084 2739 5122 ac
2791 5072 2967 5126 caedes
3024 5071 3486 5142 infandorumquc
3527 5091 3692 5130 onme

2107 5174 2280 5230 genus
2309 5159 2599 5213 coiluviem
2633 5162 2932 5227 scelerum,
2973 5177 3068 5232 per
3101 5180 3252 5234 quae,
3286 5167 3379 5234 qui
3410 5168 3689 5223 defensuri

2109 5252 2319 5307 scilicet
2361 5264 2654 5319 venerant,
2712 5255 3054 5311 miserrimos
3099 5257 3435 5314 immanitate
3486 5259 3692 5317 furoris

2108 5356 2353 5400 extrema
2394 5346 2637 5414 undique
2654 5362 2949 5417 oppressos
2972 5351 3324 5407 obterebant.
3365 5354 3543 5413 Causa
3574 5370 3694 5411 erat

2108 5437 2469 5507 Arnognbaris
2500 5439 2613 5493 haec
2649 5438 2965 5508 frequenter
3004 5451 3059 5496 et
3100 5444 3278 5512 palam
3314 5446 3508 5515 agendi
3546 5450 3694 5516 quod

2110 5530 2332 5597 impune
2384 5529 2677 5589 faciebant.
2710 5549 2908 5601 magno
2938 5536 3095 5599 duce,
3120 5552 3283 5606 quem
3323 5555 3490 5593 unum
3525 5557 3693 5595 vene-

2109 5621 2402 5687 rabantur,
2441 5624 2578 5691 ipsis
2622 5626 2862 5678 obnoxio
2891 5627 3086 5694 partim
3121 5629 3262 5700 grati
3305 5632 3474 5686 animi
3527 5648 3697 5689 sensu

2111 5716 2307 5783 partim
2348 5715 2642 5769 formidine
2677 5737 2690 5771 :
2729 5735 2850 5771 nam
2902 5728 2957 5774 et
3005 5721 3072 5775 ab
3106 5723 3229 5777 aliis
3267 5735 3464 5795 sponte
3499 5742 3555 5781 se
3590 5728 3697 5797 ipsi

2113 5808 2555 5876 sulzjicii-nlibus,
2594 5828 2695 5881 qua
2740 5816 3040 5881 i-tninclzal,
3068 5824 3390 5885 potestatem
3414 5820 3695 5890 accepisse
