4024 6404
269 327 377 390 4ϋῖ

1177 331 1275 390 DE
1311 332 1755 394 ANDRONICO
1791 335 2257 401 PALr‘EOLOGO
2308 342 2459 402 LIB.
2484 343 2555 405 V.

3423 346 3527 411 458

265 443 486 496 οἰκείων
514 445 625 506 τοῖς
660 443 757 496 ἀπ’
791 443 1001 514 ἐχθρῶν
1052 443 1365 512 φεύγουσιν.
1416 446 1521 497 Ἐῶ
1571 447 1838 517 σωμάτων
1870 458 1912 512 Α
1944 453 2455 524 ἐμπειροπολέμους
2487 455 2690 520 πεζοὺς
2724 456 2818 510 καὶ
2842 457 3106 523 ἀνόπλους
3127 459 3403 513 καθίστων
3430 464 3526 516 καὶ

268 535 772 605 ἀκρωτηριασμοὺς
825 538 916 589 καὶ
956 536 1150 604 φόνους
1196 537 1290 590 καὶ
1327 539 1653 608 μιασμάτων
1680 557 1846 610 φορυ-

263 627 358 680 τδν
390 625 587 689 ἄλλως,
623 621 705 689 οἷς
740 628 794 679 ὀί
839 627 1071 696 ἀμύνειν
1117 631 1438 694 ἐπιστάντες
1469 632 1594 695 τοὺς
1631 633 1848 697 ἀθλίους

267 719 768 789 πυργηρουμένους
796 719 861 772 ἐκ
893 719 1074 790 πάσης
1105 721 1431 790 περιέϐαλον
1459 723 1748 790 ἀπηνείας.
1790 723 1848 778 Ὀ

264 811 377 880 γὰρ
432 812 575 876 σφᾶς
637 810 808 876 ἄγων,
857 811 918 863 τὸ
973 812 1072 880 μέν
1141 813 1616 884 προσθεραπεύειν
1675 817 1847 871 θέλων

264 904 508 966 ἐκείνους
536 902 610 963 ὡς
636 903 735 970 τὴν
779 904 954 974 ἀρχὴν
988 903 1183 975 ἐκείνῳ
1211 907 1669 971 πεπιστευκότας,
1699 908 1759 961 τὸ
1788 909 1844 962 δὲ

260 996 453 1059 δεδιὼς
480 995 574 1049 τὸν
614 996 745 1065 παρ’
771 997 948 1049 αὐτῶν
977 996 1240 1063 κίνδυνον,
1270 1000 1318 1052 εί
1349 999 1515 1053 αὑτοῦ
1549 1003 1746 1064 ἱκανῶς
1777 1002 1846 1055 τὰ

263 1091 408 1144 κατά
437 1089 630 1160 χρείαν
664 1090 916 1158 εὑρόντος
957 1092 1267 1161 ὑστέρησαν
1304 1095 1504 1146 ἐκεῖνοι
1535 1093 1644 1146 τῶν
1683 1093 1846 1162 ἠλπι-

265 1181 510 1250 σμένων,
533 1181 644 1235 οὐδ’
685 1180 935 1235 ὁπωσοῦν
971 1181 1323 1235 ἀναστέλλειν
1368 1178 1534 1252 εἶχεν,
1590 1183 1706 1236 ἀλλ’
1757 1185 1845 1237 ὲν·-

262 1273 440 1325 εδέδου
475 1272 628 1340 σφίσι
661 1273 727 1324 τὰ
754 1273 894 1324 κατὰ
932 1271 1057 1324 νοῦν
1097 1272 1380 1341 πράττειν,
1411 1275 1504 1326 καὶ
1540 1273 1694 1326 ταῦθ’
1724 1274 1844 1326 ἱκα-

262 1365 548 1434 νουμένοις
594 1364 691 1418 καὶ
742 1367 850 1428 τοῖς
904 1366 968 1417 ἐκ
1017 1364 1281 1434 βασιλέως
1321 1364 1672 1436 σιτηρεσίοις,
1737 1366 1868 1433 κᾶν,

261 1457 420 1510 οὐδὲν
456 1455 536 1509 ἔτι
569 1455 886 1526 κατώρθουν
916 1455 1024 1509 οὐδ’
1055 1455 1191 1519 ὅλως
1218 1455 1510 1524 ἔπραττον.
1556 1455 1684 1508 Αλλ’
1709 1457 1843 1511 ἀνα-

264 1550 505 1621 ληπτέον
542 1550 634 1602 τὺν
684 1549 844 1616 λόγον
890 1547 1029 1620 πρὸς
1056 1547 1117 1600 τὸ
1147 1548 1498 1603 εὐσύνοπτον.
1529 1549 1842 1619 Στρατηγος

262 1639 334 1714 ἦν
359 1643 486 1713 τῇδε
532 1642 855 1712 Μαροὺλης,
886 1643 978 1694 καὶ
1011 1641 1183 1711 μέγας
1225 1641 1408 1710 ἄρχων
1443 1639 1501 1705 ἐξ
1530 1639 1839 1709 ἀξιώματος

259 1735 562 1798 ἐκλετζετο.
613 1727 781 1797 Οὗτος
825 1733 893 1786 τά
931 1734 1030 1803 μὲν
1067 1732 1293 1785 πλεῖστα
1339 1731 1530 1802 ἐκείνῳ
1579 1733 1834 1802 προσεῖχε

254 1829 352 1880 καὶ
376 1825 711 1890 ἐθεράπευεν
742 1825 1102 1894 ὑποκείμενος
1128 1825 1290 1894 (οὕτω
1319 1824 1428 1892 γὰρ
1457 1824 1552 1878 καὶ
1583 1823 1644 1876 τὸ
1681 1823 1835 1894 βασι-

252 1913 407 1967 λικὸν
445 1913 696 1966 ἐϐούλετο
746 1912 1124 1982 πρόσταγμα),
1175 1913 1315 1976 τέως
1355 1913 1400 1964 δ’
1429 1908 1525 1966 οὖν
1572 1913 1664 1966 καὶ
1703 1914 1832 1977 τοὺς

251 2005 485 2066 οἰκείους
508 2003 691 2067 κακῶς
716 2005 844 2074 παρ’
869 2001 1093 2057 ἐκείνων
1116 2003 1423 2074 πάσχοντας
1444 2003 1829 2072 κατῳκτίζετο,

254 2097 459 2166 μᾶλλον
490 2096 588 2165 μὲν
617 2095 711 2149 οὖν
743 2095 836 2149 καὶ
869 2096 1093 2150 συνίστα
1119 2097 1212 2148 καὶ
1234 2097 1621 2164 περιέθαλπεν.
1643 2092 1831 2153 Ἦπτο

249 2189 360 2256 γὰρ
397 2189 666 2240 κάκείνων
702 2187 760 2240 τὸ
791 2188 968 2241 κοινὸν
993 2190 1169 2241 ἐκεῖνο
1197 2189 1389 2253 δεινὸν,
1435 2192 1530 2244 καὶ
1553 2192 1630 2255 είς
1664 2209 1830 2262 στρα-

246 2279 454 2344 τιώτας
483 2279 548 2352 [Ρ
577 2277 702 2352 289]
730 2278 1096 2350 τεταγμένους
1131 2275 1211 2332 ἔτι
1257 2279 1351 2332 καὶ
1383 2282 1506 2344 ταῖς
1544 2281 1828 2353 ἀληθείαις

246 2471 306 2512 se
354 2455 713 2522 meminerat;
748 2464 802 2510 et
848 2455 892 2511 si
923 2454 1141 2510 tardium
1178 2455 1299 2510 illos
1343 2456 1426 2510 sui
1460 2458 1717 2527 cepisset,
1757 2474 1828 2515 ne

245 2548 531 2603 auferrent
573 2547 719 2616 quod
741 2548 1029 2612 dederant,
1054 2548 1182 2617 quin
1212 2556 1267 2602 et
1291 2547 1359 2602 de
1394 2563 1453 2603 se
1485 2551 1670 2618 pejora
1710 2560 1828 2606 sta-

247 2649 486 2705 tuerent,
520 2640 818 2694 metuebat.
859 2639 1010 2694 Illam
1045 2649 1225 2693 autem
1261 2639 1477 2695 videbat
1507 2649 1561 2696 et
1591 2643 1828 2699 maxime

244 2729 466 2788 obviam
495 2741 549 2785 et
582 2730 1123 2785 vehementissimam
1152 2743 1249 2784 eos
1275 2738 1465 2784 contra
1489 2746 1549 2787 se
1573 2730 1824 2786 irritandi

243 2824 541 2888 rationem,
571 2826 618 2877 si
655 2823 849 2893 plenus
895 2822 1012 2890 ipse
1041 2830 1096 2877 et
1118 2822 1407 2879 abundans
1438 2825 1717 2893 congestis
1758 2825 1826 2880 ab

244 2917 584 2987 imperatore
611 2914 892 2969 donativis
919 2914 1263 2969 intercedere
1295 2928 1362 2971 ac
1391 2915 1634 2969 cavillari
1661 2916 1829 2971 aude-

243 3018 348 3073 ret,
379 3007 677 3076 quominus
717 3005 802 3060 sui
837 3005 1043 3060 milites
1067 3019 1176 3060 sua
1208 3003 1314 3060 sibi
1343 3004 1495 3060 lucra
1521 3005 1646 3076 jure
1677 3007 1825 3077 inju-

240 3099 399 3153 riave
465 3095 806 3151 conficerent
873 3102 927 3150 et
993 3109 1338 3166 quaecunque
1397 3096 1827 3165 concupiverant

244 3191 560 3245 auferrent.
594 3187 765 3256 Cujus
797 3185 918 3243 ideo
938 3185 1333 3256 improbissimi
1357 3198 1600 3258 quaestus
1633 3186 1833 3257 plenis-.-

239 3283 448 3337 simam
496 3281 634 3351 ipsis
669 3278 986 3334 facultatem
1033 3278 1374 3350 indulgebat,
1429 3280 1732 3335 connivens
1764 3279 1832 3335 ad

237 3374 451 3436 omnia,
481 3371 819 3442 etquidquid
842 3380 1227 3438 attentassent,
1255 3387 1323 3426 ne
1354 3372 1580 3428 minimo
1609 3373 1828 3442 quidem

233 3475 378 3520 nutu
435 3465 538 3520 sibi
593 3465 777 3520 minus
817 3464 1035 3534 probari
1077 3461 1358 3519 declarare
1413 3463 1833 3529 sustinens;ne

236 3561 374 3612 dum
409 3568 468 3612 ut
498 3572 757 3612 coercere
784 3557 1180 3626 increpareque
1217 3556 1446 3609 auderet
1469 3555 1639 3610 libere
1666 3557 1829 3611 obse-

234 3649 466 3721 quendo
520 3650 704 3717 pravis
736 3647 1136 3717 cupiditatibus
1195 3647 1248 3700 in
1310 3647 1559 3702 facinora
1623 3645 1827 3716 passim

228 3749 599 3812 erumpentes
636 3739 1012 3803 odiosissima,
1067 3751 1160 3793 aut
1195 3735 1422 3810 quoquo
1451 3741 1614 3795 modo
1658 3741 1830 3797 inter-

231 3847 429 3916 cipere
459 3850 712 3913 speratas
740 3841 877 3911 ipsis
901 3840 1256 3911 quantumvis
1289 3839 1522 3910 injustas
1556 3847 1610 3893 et
1628 3854 1831 3895 cruen-

230 3951 326 3994 tas
363 3936 601 4007 praedas.
640 3933 970 4002 Quanquam
1006 3939 1126 3986 erat
1185 3945 1318 3986 sane
1376 3945 1474 3984 cur
1506 3929 1542 3984 ii
1578 3931 1825 3986 contenti

233 4044 368 4084 esse
391 4026 574 4096 juberi
609 4035 756 4079 recte
787 4029 1039 4093 possent,
1063 4021 1346 4077 alimentis
1373 4021 1522 4092 large
1565 4022 1635 4076 ab
1650 4024 1826 4093 impe-

230 4132 426 4177 ratore
473 4116 840 4188 suppeditatis
904 4124 1017 4168 tam
1053 4115 1214 4185 longo
1239 4114 1351 4182 jam
1388 4123 1682 4184 tempore,
1718 4129 1827 4184 quo

224 4223 353 4268 toto
385 4211 519 4264 nihil
551 4209 733 4264 adhuc
765 4206 1186 4278 egissent,nihil
1225 4205 1526 4260 etiamnum
1561 4213 1822 4274 agerent,

226 4321 348 4376 quo
383 4304 471 4356 illa
501 4303 876 4372 promeruisse
906 4299 1247 4353 viderentur.
1276 4295 1384 4351 Sed
1431 4295 1594 4367 417
1629 4304 1687 4349 ut
1711 4303 1824 4350 tota
1870 4355 1876 4360 ,

227 4402 315 4454 rei
347 4396 512 4465 hujus
532 4394 826 4464 indignitas
853 4393 1098 4461 pressius
1129 4389 1232 4444 sub
1265 4405 1434 4444 unum
1463 4389 1619 4458 quasi
1648 4388 1821 4443 lecto-

1950 539 2060 593 τῶν
2089 543 2210 596 κατ’
2240 539 2388 598 οἷκον
2431 547 2687 617 ἐστέρουν
2735 548 2808 610 ὡς
2851 549 2906 600 εἴ
2947 564 3101 613 τινας
3147 551 3384 620 ἀγρότας
3433 553 3528 606 καὶ

1953 635 2319 702 μετανάστας,
2354 637 2782 709 ἐνθρυπτόμενοι
2826 640 3032 708 σφίσιν.
3076 643 3141 694 Oi
3187 643 3246 695 δὲ
3295 645 3372 713 τῷ
3429 646 3529 698 τοῦ

1949 726 2280 794 κρατοῦντος
2309 730 2418 784 δέει
2453 731 2546 784 καὶ
2579 731 2656 803 τῷ
2683 731 2740 798 ἐξ
2783 732 3060 804 ἐμφυλίων
3090 735 3342 804 πολέμων
3367 755 3526 807 νομιο

1949 816 2163 888 ζομένῳ
2198 820 2428 891 κινδύνῳ
2463 822 2935 893 ὑποστελλόμενοι,
2967 825 3043 889 ὡς
3074 831 3148 897 μή
3184 846 3237 880 τι
3268 845 3530 902 νεωτερι-

1949 909 2103 981 σθείη
2156 913 2263 966 τῶν
2323 915 2667 982 ἀνηκέστων,
2725 917 2863 980 τέως
2911 919 2975 972 ἐκ
3012 918 3134 989 βίας
3176 919 3381 991 ὥρμων
3433 924 3529 976 καὶ

1947 1001 2208 1066 πολλάκις
2235 1006 2540 1070 ἐσφάδαζον
2571 1008 2964 1078 ἀμυνούμενοι.
2991 1013 3159 1075 Τέλος
3180 1013 3290 1066 τῶν
3317 1015 3527 1086 ἐχθρῶν

1945 1092 2112 1178 ἐγγὺς
2143 1094 2522 1163 ἀγγελθέντων
2567 1102 2706 1155 κατὰ
2737 1103 2830 1155 τον
2879 1104 2974 1156 τοῦ
3019 1106 3350 1176 Γουλιέλμου
3382 1109 3527 1178 πύρ-

1945 1175 2062 1252 γόν.
2097 1187 2144 1237 oi
2179 1188 2281 1254 μὲν
2311 1189 2618 1244 ἁπαντόθεν
2665 1193 2885 1263 σύναμα
2923 1199 3001 1267 τῷ
3034 1199 3188 1266 σφῶν
3229 1175 3527 1270 στρατηέῷ

1943 1273 2021 1343 τῷ
2060 1275 2324 1351 Μαρούλῃ
2351 1283 2547 1349 χωρεῖν
2577 1282 2678 1336 οὑκ
2707 1286 2996 1339 ἀπώκνουν
3025 1287 3189 1357 ὁμόσε
3221 1293 3333 1352 τοῖς
3365 1290 3526 1343 πολε-

1949 1365 2110 1434 μίοις,
2158 1369 2207 1419 οί
2268 1368 2314 1420 δ’
2370 1370 2637 1442 ἐλπισμδν
2679 1375 2780 1445 μὲν
2833 1381 3092 1448 παρεῖχον
3143 1381 3377 1451 φανῆναι
3430 1383 3527 1435 καὶ

1944 1460 2276 1527 συμμαχεῖν,
2324 1460 2461 1516 ἀλλά
2507 1464 2616 1518 τῶν
2668 1469 2918 1539 συνήθων
2961 1469 3227 1540 οΰμενουν
3269 1475 3368 1526 οὑκ
3403 1473 3527 1544 ἐλή-

1942 1548 2127 1603 θοντο·
2163 1550 2403 1621 βραδέως
2432 1557 2540 1626 γὰρ
2573 1555 2894 1624 ἐζώννυντο,
2935 1561 3026 1612 καὶ
3060 1563 3214 1631 μόλις
3245 1563 3521 1631 ἐκόσμουν

1941 1641 2068 1702 τοὺς
2098 1641 2340 1708 ’ἵππους,
2401 1648 2495 1701 καὶ
2542 1649 2846 1720 προμηθεῖς
2899 1647 3042 1721 ἦσαν
3089 1653 3182 1706 τοῦ
3231 1654 3520 1708 ἀκινδύνου

1946 1731 2150 1797 σφίσιν,
2179 1731 2254 1796 ὡς
2286 1733 2593 1802 φαίνεσθαι.
2629 1739 2740 1792 Καὶ
2769 1739 2829 1792 τὸ
2856 1741 3052 1810 βράδος
3084 1743 3256 1795 ἐδίδου
3295 1744 3521 1811 μεσοῦν-

1938 1839 2046 1875 των
2072 1823 2256 1878 αὑτῶν
2296 1825 2397 1894 τὴν
2427 1829 2546 1880 ὁδον
2575 1831 2877 1900 κατορθοῦν
2907 1833 3035 1896 τοὺς
3080 1835 3380 1905 προτέρους
3423 1838 3519 1890 καὶ

1942 1915 2142 1984 μόνους
2191 1921 2292 1987 τὴν
2327 1919 2530 1991 μάχην.
2574 1921 2664 1985 Ὧς
2718 1922 2763 1976 δ’
2792 1926 2842 1978 οἱ
2895 1925 2994 1994 μὲν
3045 1927 3327 1997 ὑστέρουν,
3375 1930 3424 1981 oi
3458 1930 3516 1982 δὲ

1938 2006 2364 2076 κατωρθωκότες
2395 2010 2760 2083 ὑπέστρεφον,
2804 2014 3038 2069 ἐνταῦθά
3064 2033 3149 2079 τις
3174 2013 3282 2072 εἶδε
3311 2019 3374 2072 τὸ
3406 2021 3515 2074 τῶν

1939 2098 2248 2168 συμμάχων
2269 2102 2564 2172 κακόηθες,
2599 2106 2688 2157 καὶ
2707 2106 2789 2159 ὅτι
2813 2107 2913 2178 οὐχ
2934 2107 3010 2168 ὡς
3041 2109 3238 2174 φίλοις,
3265 2110 3341 2174 ὡς
3368 2113 3516 2175 εἰκὸς

1933 2181 2025 2255 ἦν,
2053 2188 2168 2241 ἀλλ’
2203 2190 2280 2252 ὡς
2328 2191 2545 2262 ἐχθροῖς
2593 2198 2707 2258 τοῖς
2744 2197 3034 2267 ἡμετέροις
3080 2201 3511 2271 προσεφέροντο.

1937 2281 2160 2336 Συνίασι
2191 2286 2301 2354 γὰρ
2355 2284 2414 2352 ἐξ
2463 2281 2815 2358 ὑποστροφῆς
2850 2290 3083 2354 ἐκείνοις
3114 2293 3164 2345 οι
3217 2293 3516 2364 κατωρθω-

1934 2472 2065 2512 vera
2115 2459 2533 2528 experientibus
2569 2461 2647 2516 rei
2703 2461 2959 2530 Βθῐιίοες
3008 2479 3150 2534 quos
3190 2474 3373 2522 tamen
3405 2484 3513 2524 non

1934 2557 2258 2605 vererentur
2293 2551 2599 2608 insolentes
2660 2553 2885 2610 advena
2927 2566 2988 2610 et
3019 2559 3253 2625 quaestui
3295 2567 3352 2614 et
3376 2560 3517 2615 ludi-

1918 2639 2056 2695 -brio
2113 2649 2224 2695 tam
2275 2643 2588 2710 petulanter
2643 2644 2869 2710 habere,
2903 2655 2964 2700 ut
2991 2661 3090 2703 eos
3126 2648 3373 2718 ipsorum
3418 2653 3515 2722 qui

1934 2733 2216 2801 equestria
2270 2735 2543 2804 stipendia
2611 2737 2918 2802 merebant,
2949 2739 3108 2807 equis
3143 2741 3412 2809 ademptis
3459 2745 3515 2798 in

1934 2824 2187 2879 ordinem
2221 2827 2468 2894 peditum
2510 2827 2845 2898 redigerenl,
2882 2829 3054 2885 armis
3103 2838 3367 2901 prmterea
3393 2872 3411 2900 ,
3465 2835 3515 2890 si

1933 2918 2299 2983 collibuisset,
2339 2919 2661 2989 spoliarent,
2695 2935 2797 2976 nec
2824 2936 2854 2976 a
2885 2936 2946 2977 re
2975 2922 3224 2990 ipsorum
3258 2924 3513 2980 familiari

1934 3011 2383 3081 supellectilique
2414 3012 2717 3069 domestica
2770 3013 3117 3070 abstinerent
3144 3031 3369 3084 rapaces
3404 3035 3517 3070 ma-

1938 3117 2080 3164 nus,
2113 3102 2352 3172 denique
2387 3105 2538 3158 omni
2602 3105 2826 3160 ludibrii
2874 3121 3076 3177 genere
3128 3108 3301 3163 nihilo
3361 3108 3514 3178 ipsos

1936 3192 2140 3248 minori
2164 3195 2502 3250 contumelia
2528 3207 2790 3250 vexarent
2824 3212 2988 3265 quam
3018 3199 3065 3253 si
3097 3198 3233 3254 viles
3256 3201 3509 3255 rusticuli

1935 3290 2032 3338 aut
2080 3283 2294 3354 profugi
2331 3287 2554 3340 exsules
2582 3295 2790 3340 essent.
2825 3285 2935 3342 Hos
2953 3287 3007 3342 in
3039 3295 3148 3341 tam
3174 3287 3381 3343 difficili
3413 3305 3513 3359 pa-

1937 3375 2126 3429 tientia
2166 3375 2325 3430 ducis
2360 3374 2448 3430 sui
2473 3375 2697 3429 Marulis
2727 3376 2952 3432 assidua
2989 3377 3198 3432 monita
3227 3379 3510 3443 tenebant,

1932 3466 2143 3521 nullum
2192 3467 2358 3522 ﬁnem
2414 3467 2674 3523 facientis
2730 3467 3039 3522 inculcandi
3094 3483 3256 3538 quam
3320 3469 3512 3541 iniquo

1933 3559 2117 3612 animo
2140 3557 2432 3613 auditurus
2457 3559 2762 3628 imperator
2789 3559 2933 3615 foret
2956 3560 3132 3614 rixam
3181 3575 3512 3632 quacunque

1933 3662 2105 3703 causa
2141 3649 2286 3703 inter
2338 3649 2617 3704 Romanos
2662 3655 2715 3705 et
2742 3648 3042 3705 auxiliares
3073 3651 3261 3721 copias
3289 3664 3510 3707 contra-

1929 3749 2073 3792 ctam
2113 3755 2127 3792 :
2157 3738 2376 3808 quidvis
2407 3741 2577 3809 igitur
2601 3739 3056 3809 concoquendum
3082 3741 3263 3809 potius
3293 3741 3510 3811 injuriae

1928 3835 2212 3896 putarent,
2236 3841 2401 3896 quam
2433 3829 2500 3882 ad
2532 3827 2736 3882 bellum
2760 3827 2920 3882 civile
2952 3827 3371 3896 descenderent,
3411 3831 3503 3884 tali

1929 3918 2234 3986 praesertim
2293 3926 2542 3987 tempore
2597 3918 2837 3989 capitale
2882 3934 2947 3974 ae
3013 3935 3236 3988 prorsus
3283 3922 3508 3977 exitiale

1931 4008 2245 4078 reipublicae
2269 4009 2544 4065 futurum.
2568 4008 2682 4065 Nec
2732 4018 2917 4064 tamen
2945 4009 3031 4063 bis
3053 4025 3267 4080 semper
3295 4021 3508 4080 poterat

1928 4099 2178 4168 praeverti
2207 4099 2340 4168 quin
2373 4099 2479 4154 sub
2511 4098 2626 4152 aeri
2655 4113 2820 4152 sensu
2851 4099 3200 4153 contumeliae
3223 4101 3508 4166 praesentis

1927 4190 2203 4245 militares
2238 4190 2515 4245 interdum
2550 4189 2721 4244 animi
2755 4190 2863 4244 vim
2897 4197 2952 4244 et
2993 4203 3148 4244 arma
3181 4190 3506 4259 expedirent

1927 4284 1983 4338 in
2025 4283 2325 4339 vindictam
2351 4291 2447 4338 aut
2478 4284 2532 4337 in
2558 4283 2738 4338 minas
2754 4292 3126 4352 erumperent,
3163 4282 3418 4338 incendio
3437 4298 3506 4338 ex

1928 4377 2016 4432 his
2044 4376 2324 4442 scintillis,
2348 4376 2453 4430 nisi
2487 4375 2672 4430 statim
2719 4389 2854 4428 cura
2895 4375 3052 4430 ducis
3079 4377 3505 4444 opprimeretur,

225 4494 314 4547 ris
380 4497 664 4558 aspectum
725 4485 1011 4554 colligatur
1038 4525 1052 4549 ,
1114 4497 1390 4536 resumam
1440 4481 1811 4536 narrationem
1851 4484 1894 4539 D
1926 4470 1984 4524 Ῑη
2015 4469 2592 4558 ωπεηθιιιρβνηίοίθιη
2642 4466 3337 4558 ίηβεωίηθηάοοθοθυηίί
3367 4468 3509 4558 ίιξιυν

227 4584 404 4656 paulo
428 4581 707 4651 superius.
737 4577 869 4632 Erat
903 4576 975 4631 ibi
1009 4575 1261 4629 tribunus
1288 4575 1511 4643 quidam
1545 4573 1818 4638 militaris.

227 4677 476 4732 lllarnles
514 4673 760 4736 neruine,
790 4669 1056 4725 vocabulo
1088 4668 1192 4738 ipsi
1226 4681 1501 4722 concessa:
1536 4666 1820 4736 dignitatis

229 4780 473 4834 magnus
499 4761 705 4816 arcbon
743 4760 849 4813 dici
881 4756 1386 4814 solitus.Hictotus
1409 4756 1597 4810 eratin
1630 4755 1822 4810 obser-

230 4858 421 4914 vando
451 4853 844 4923 obsequiisque
875 4849 1206 4906 demerendo
1237 4848 1440 4902 infimis
1473 4847 1767 4901 Rontzerio
1802 4861 1818 4900 :

228 4953 315 5006 sic
328 4949 473 5004 enim
491 4949 670 5016 ipsum
688 4945 867 4998 facere
880 4941 1437 5011 Augustusjusserat.
1456 4939 1659 4992 Tamen
1675 4938 1818 4993 idem

226 5057 291 5097 St!
304 5057 366 5095 os
385 5039 607 5092 intimos
625 5034 924 5088 familiares
944 5032 1288 5102 propriaeque
1305 5030 1551 5085 cohortis
1573 5029 1771 5084 milites
1789 5045 1817 5082 a

227 5129 620 5186 Rontzerianis
655 5127 876 5197 injuriis
928 5125 1156 5180 affectos
1189 5124 1582 5187 miserabatur,
1611 5138 1815 5178 conso-

227 5223 378 5287 lans,
421 5222 551 5292 quin
589 5220 839 5274 etiamet
880 5217 1174 5279 dcliniens,
1221 5225 1280 5269 ut
1314 5215 1454 5268 mala
1491 5215 1544 5268 in
1583 5223 1818 5268 cunctos

229 5313 412 5384 Cyzici
446 5313 710 5380 degentes
751 5305 1090 5376 grassantia,
1117 5318 1185 5357 ne
1212 5303 1347 5372 ipsis
1377 5300 1595 5370 quidem
1624 5314 1820 5370 excep-

231 5410 338 5470 tis,
375 5417 659 5474 utcunquc
699 5403 987 5474 privilegio
1023 5401 1218 5456 Saltem
1278 5399 1491 5454 militiae
1544 5399 1818 5453 immunes

229 5501 301 5555 ab
332 5501 400 5554 iis
434 5513 558 5552 esse
593 5497 952 5558 debuissent,
1008 5494 1215 5547 ferrent
1264 5489 1588 5561 patientius.
1639 5502 1818 5558 neque

231 5591 298 5645 ad
331 5607 393 5644 ea
423 5589 505 5643 vel
540 5584 854 5656 repellenda
885 5585 967 5638 vel
994 5583 1317 5638 ulciscenda
1338 5590 1625 5635 uterentur
1649 5584 1818 5632 armis

230 5696 352 5752 qua:
403 5680 622 5752 publice
681 5679 816 5747 ipsis
861 5677 1060 5730 tradita
1121 5674 1443 5745 gestabant,
1499 5681 1656 5742 prout
1701 5679 1818 5724 erat

234 5793 462 5847 jronnm
503 5773 650 5828 factu
704 5772 859 5833 viris,
888 5769 1077 5840 quales
1115 5769 1168 5822 hi
1201 5775 1376 5834 erant,
1411 5766 1644 5822 fortibus
1683 5771 1732 5820 et
1763 5777 1819 5817 re

473 5872 751 5931 Pn'noL.
788 5867 907 5927 GR.
968 5867 1239 5928 CXLIV.

1925 4558 2044 4612 lucc
2069 4559 2296 4614 occasio
2329 4557 2600 4612 facinoris
2628 4557 2904 4621 militaris,
2938 4558 3309 4612 certoindicio
3343 4557 3509 4612 allato

1923 4657 2314 4718 provectorum
2361 4664 2536 4718 usque
2592 4649 2646 4702 in
2707 4649 2964 4703 viciniam
3017 4649 3279 4704 hostium.
3331 4648 3394 4702 lli
3439 4651 3508 4704 ad

1923 4743 2120 4796 turrim
2165 4742 2423 4798 Gulielmi
2473 4743 2676 4797 dictam
2703 4781 2725 4808 ,
2765 4742 2944 4796 locum
2979 4742 3190 4796 stativis
3246 4739 3509 4796 Romanis

1922 4833 2264 4902 proximum,
2299 4834 2608 4908 accessisse
2652 4833 2993 4888 ferebantur.
3050 4833 3217 4902 418
3258 4831 3510 4886 Pronun-

1923 4925 2092 4979 tiatur
2119 4940 2250 4995 ergo
2275 4925 2406 4980 totis
2427 4925 2627 4980 castris
2659 4925 2712 4978 in
2730 4939 2827 4978 eos
2851 4923 3103 4992 irruptio.
3125 4924 3362 4978 Marules
3381 4939 3505 4978 cum

1921 5019 2041 5074 suis
2071 5018 2214 5073 inter
2241 5018 2450 5089 primos
2476 5019 2798 5086 procinctus
2842 5017 3042 5082 astitit;
3073 5015 3390 5086 frustraque
3411 5017 3503 5071 diu

1920 5118 2242 5178 exspectato
2269 5118 2328 5164 ut
2353 5108 2739 5172 Rontzeriani,
2774 5107 2868 5176 qui
2917 5114 2986 5161 ad
3017 5107 3144 5160 talia
3195 5122 3390 5176 segnes
3417 5123 3508 5162 oc-

1922 5202 2246 5267 currebant,
2261 5199 2818 5272 expedirentur,dum
2843 5199 2920 5253 illi
2949 5199 3087 5254 tardi
3107 5213 3172 5253 ac
3191 5199 3323 5254 lenti
3347 5199 3507 5254 solita

1921 5297 1977 5350 in
2011 5294 2270 5349 erunibus
2301 5293 2570 5363 pravitate
2599 5307 2780 5347 moras
2811 5291 3066 5347 consulto
3097 5299 3346 5355 nectunt,
3367 5307 3508 5363 aegre

1922 5385 2217 5440 molientes
2265 5397 2417 5436 arma
2447 5391 2503 5436 et
2523 5397 2696 5451 equos
2728 5383 3066 5438 adornantes
3086 5421 3102 5448 ,
3135 5398 3244 5448 quo
3298 5382 3509 5437 scilicet

1923 5473 2227 5546 periculum
2255 5473 2511 5527 incursus
2540 5472 2699 5541 primi
2725 5473 2950 5542 quosvis
2978 5474 3157 5541 potius
3180 5472 3318 5524 alios
3342 5486 3505 5538 quam

1925 5572 2076 5638 ipsos
2129 5565 2430 5633 attingeret
2458 5605 2473 5627 ,
2537 5563 2830 5618 Maruliani
2867 5567 3159 5619 occasione
3193 5565 3510 5616 necessario

1922 5667 2156 5716 vocante
2201 5666 2426 5712 strenue
2461 5657 2653 5710 hostes
2709 5658 2999 5723 invadunt,
3045 5657 3292 5725 fusisque
3348 5655 3416 5708 iis
3446 5671 3511 5708 ac

1923 5752 2128 5824 fugatis
2170 5750 2408 5803 victores
2477 5749 2724 5804 redeunt.
2782 5750 3145 5806 Revertentes
3195 5749 3280 5804 via
3330 5751 3510 5804 media

3114 5844 3186 5904 15
