  <div class='ocr_page' id='page_1' title='image "/cluster/home/n/w/nwhite01/storage/ocr_20150623/144:no.2/coo.31924054870492/237.png"; bbox 0 0 4024 6420; ppageno 0'>
   <div class='ocr_carea' id='block_1_1' title="bbox 549 299 660 361">
    <p class='ocr_par' dir='ltr' id='par_1_1' title="bbox 549 299 660 361">
     <span class='ocr_line' id='line_1_1' title="bbox 549 299 660 361; baseline -0.018 0"><span class='ocrx_word' id='word_1_1' title='bbox 549 299 660 361; x_wconf 69' lang='lat'><strong>439</strong></span> 
     </span>
    </p>
   </div>
   <div class='ocr_carea' id='block_1_2' title="bbox 1787 289 2648 351">
    <p class='ocr_par' dir='ltr' id='par_1_2' title="bbox 1787 289 2648 351">
     <span class='ocr_line' id='line_1_2' title="bbox 1787 289 2648 351; baseline -0.003 0"><span class='ocrx_word' id='word_1_2' title='bbox 1787 289 2111 351; x_wconf 79' lang='lat' dir='ltr'><strong>GEORGII</strong></span> <span class='ocrx_word' id='word_1_3' title='bbox 2160 289 2648 350; x_wconf 71' lang='lat' dir='ltr'><strong>PACllYMERE</strong></span> 
     </span>
    </p>
   </div>
   <div class='ocr_carea' id='block_1_3' title="bbox 3713 294 3812 357">
    <p class='ocr_par' dir='ltr' id='par_1_3' title="bbox 3713 294 3812 357">
     <span class='ocr_line' id='line_1_3' title="bbox 3713 294 3812 357; baseline 0.04 -3"><span class='ocrx_word' id='word_1_4' title='bbox 3713 294 3812 357; x_wconf 64' lang='lat'><strong>463</strong></span> 
     </span>
    </p>
   </div>
   <div class='ocr_carea' id='block_1_4' title="bbox 553 401 3819 478">
    <p class='ocr_par' dir='ltr' id='par_1_4' title="bbox 553 401 3819 478">
     <span class='ocr_line' id='line_1_4' title="bbox 553 401 3819 478; baseline -0.003 -10"><span class='ocrx_word' id='word_1_5' title='bbox 553 416 734 478; x_wconf 73' lang='grc' dir='ltr'>κὰτες,</span> <span class='ocrx_word' id='word_1_6' title='bbox 766 418 858 466; x_wconf 74' lang='grc' dir='ltr'><strong>καὶ</strong></span> <span class='ocrx_word' id='word_1_7' title='bbox 887 411 1006 463; x_wconf 82' lang='grc' dir='ltr'>δέον</span> <span class='ocrx_word' id='word_1_8' title='bbox 1040 407 1322 472; x_wconf 77' lang='grc' dir='ltr'><strong>ὀνειδίζειν</strong></span> <span class='ocrx_word' id='word_1_9' title='bbox 1352 406 1503 475; x_wconf 80' lang='grc' dir='ltr'>σφίσι</span> <span class='ocrx_word' id='word_1_10' title='bbox 1535 403 1594 459; x_wconf 78' lang='grc' dir='ltr'>τὸ</span> <span class='ocrx_word' id='word_1_11' title='bbox 1628 403 2136 472; x_wconf 78' lang='grc' dir='ltr'>κατεδλακευμένον</span> <span class='ocrx_word' id='word_1_12' title='bbox 2166 415 2212 470; x_wconf 70' lang='grc' dir='ltr'>Α</span> <span class='ocrx_word' id='word_1_13' title='bbox 2241 403 2398 470; x_wconf 77' lang='grc' dir='ltr'>ὀλίγα</span> <span class='ocrx_word' id='word_1_14' title='bbox 2431 404 2539 455; x_wconf 85' lang='grc' dir='ltr'><strong>τῶν</strong></span> <span class='ocrx_word' id='word_1_15' title='bbox 2571 402 2706 470; x_wconf 77' lang='grc' dir='ltr'>πρὸς</span> <span class='ocrx_word' id='word_1_16' title='bbox 2745 401 2837 455; x_wconf 76' lang='grc' dir='ltr'>τὸν</span> <span class='ocrx_word' id='word_1_17' title='bbox 2871 401 3050 472; x_wconf 88' lang='grc' dir='ltr'>μέγαν</span> <span class='ocrx_word' id='word_1_18' title='bbox 3077 401 3246 455; x_wconf 83' lang='grc' dir='ltr'>δοῦκα</span> <span class='ocrx_word' id='word_1_19' title='bbox 3282 402 3580 456; x_wconf 82' lang='grc' dir='ltr'>συνθεσιῶν</span> <span class='ocrx_word' id='word_1_20' title='bbox 3609 410 3819 475; x_wconf 72' lang='grc' dir='ltr'>φροντί-</span> 
     </span>
    </p>
   </div>
   <div class='ocr_carea' id='block_1_5' title="bbox 556 495 2138 574">
    <p class='ocr_par' dir='ltr' id='par_1_5' title="bbox 556 495 2138 574">
     <span class='ocr_line' id='line_1_5' title="bbox 556 495 2138 574; baseline -0.01 -13"><span class='ocrx_word' id='word_1_21' title='bbox 556 510 650 562; x_wconf 80' lang='grc' dir='ltr'><strong>καὶ</strong></span> <span class='ocrx_word' id='word_1_22' title='bbox 682 505 903 574; x_wconf 83' lang='grc' dir='ltr'>ἀμελὲς,</span> <span class='ocrx_word' id='word_1_23' title='bbox 942 505 990 555; x_wconf 82' lang='lat' dir='ltr'><strong>oi</strong></span> <span class='ocrx_word' id='word_1_24' title='bbox 1017 503 1070 554; x_wconf 82' lang='grc' dir='ltr'>δὲ</span> <span class='ocrx_word' id='word_1_25' title='bbox 1111 501 1204 553; x_wconf 74' lang='grc' dir='ltr'>καὶ</span> <span class='ocrx_word' id='word_1_26' title='bbox 1233 499 1419 552; x_wconf 85' lang='grc' dir='ltr'>δεινῶν</span> <span class='ocrx_word' id='word_1_27' title='bbox 1462 497 1780 567; x_wconf 78' lang='grc' dir='ltr'>ἐπειρῶντο,</span> <span class='ocrx_word' id='word_1_28' title='bbox 1813 496 1908 549; x_wconf 73' lang='grc' dir='ltr'>καὶ</span> <span class='ocrx_word' id='word_1_29' title='bbox 1933 497 2007 558; x_wconf 85' lang='grc' dir='ltr'><strong>ὡς</strong></span> <span class='ocrx_word' id='word_1_30' title='bbox 2042 495 2138 548; x_wconf 82' lang='grc' dir='ltr'><strong>ἄλ-</strong></span> 
     </span>
    </p>
   </div>
   <div class='ocr_carea' id='block_1_6' title="bbox 555 583 2138 666">
    <p class='ocr_par' dir='ltr' id='par_1_6' title="bbox 555 583 2138 666">
     <span class='ocr_line' id='line_1_6' title="bbox 555 583 2138 666; baseline -0.009 -13"><span class='ocrx_word' id='word_1_31' title='bbox 555 604 669 662; x_wconf 68' lang='grc' dir='ltr'>λοις</span> <span class='ocrx_word' id='word_1_32' title='bbox 705 598 988 666; x_wconf 84' lang='grc' dir='ltr'>πολεμίοις</span> <span class='ocrx_word' id='word_1_33' title='bbox 1022 597 1133 656; x_wconf 81' lang='grc' dir='ltr'>τοῖς</span> <span class='ocrx_word' id='word_1_34' title='bbox 1174 592 1325 654; x_wconf 87' lang='grc' dir='ltr'>ίδίοις</span> <span class='ocrx_word' id='word_1_35' title='bbox 1358 589 1601 657; x_wconf 83' lang='grc' dir='ltr'><strong>ἔγνωσαν</strong></span> <span class='ocrx_word' id='word_1_36' title='bbox 1640 589 1994 659; x_wconf 76' lang='grc' dir='ltr'>προσϐαλεῖν.</span> <span class='ocrx_word' id='word_1_37' title='bbox 2029 583 2138 638; x_wconf 82' lang='grc' dir='ltr'><strong>Ἷιν</strong></span> 
     </span>
    </p>
   </div>
   <div class='ocr_carea' id='block_1_7' title="bbox 555 681 2141 755">
    <p class='ocr_par' dir='ltr' id='par_1_7' title="bbox 555 681 2141 755">
     <span class='ocr_line' id='line_1_7' title="bbox 555 681 2141 755; baseline -0.011 -7"><span class='ocrx_word' id='word_1_38' title='bbox 555 697 601 750; x_wconf 82' lang='grc' dir='ltr'>δ’</span> <span class='ocrx_word' id='word_1_39' title='bbox 633 692 861 749; x_wconf 75' lang='grc' dir='ltr'>ἐκείνοις</span> <span class='ocrx_word' id='word_1_40' title='bbox 887 689 948 740; x_wconf 79' lang='grc' dir='ltr'><strong>τὸ</strong></span> <span class='ocrx_word' id='word_1_41' title='bbox 977 686 1073 755; x_wconf 80' lang='grc' dir='ltr'>τῆς</span> <span class='ocrx_word' id='word_1_42' title='bbox 1099 688 1295 754; x_wconf 86' lang='grc' dir='ltr'>πείρας</span> <span class='ocrx_word' id='word_1_43' title='bbox 1326 683 1511 751; x_wconf 78' lang='grc' dir='ltr'>σοφὸν,</span> <span class='ocrx_word' id='word_1_44' title='bbox 1535 684 1609 745; x_wconf 83' lang='grc' dir='ltr'>ὡς</span> <span class='ocrx_word' id='word_1_45' title='bbox 1638 681 1831 745; x_wconf 75' lang='grc' dir='ltr'>ἔδειξε,</span> <span class='ocrx_word' id='word_1_46' title='bbox 1858 696 2141 748; x_wconf 82' lang='grc' dir='ltr'>παρακερ-</span> 
     </span>
    </p>
   </div>
   <div class='ocr_carea' id='block_1_8' title="bbox 558 770 2138 844">
    <p class='ocr_par' dir='ltr' id='par_1_8' title="bbox 558 770 2138 844">
     <span class='ocr_line' id='line_1_8' title="bbox 558 770 2138 844; baseline -0.014 -2"><span class='ocrx_word' id='word_1_47' title='bbox 558 788 763 842; x_wconf 67' lang='grc' dir='ltr'>ξαίνειν</span> <span class='ocrx_word' id='word_1_48' title='bbox 800 786 861 836; x_wconf 82' lang='grc' dir='ltr'>ὲκ</span> <span class='ocrx_word' id='word_1_49' title='bbox 908 780 1115 832; x_wconf 87' lang='grc' dir='ltr'>τούτων</span> <span class='ocrx_word' id='word_1_50' title='bbox 1157 777 1222 829; x_wconf 79' lang='grc' dir='ltr'>τὰ</span> <span class='ocrx_word' id='word_1_51' title='bbox 1277 775 1515 844; x_wconf 67' lang='grc' dir='ltr'>λάφυρα.</span> <span class='ocrx_word' id='word_1_52' title='bbox 1553 774 1661 826; x_wconf 75' lang='grc' dir='ltr'><strong>Καὶ</strong></span> <span class='ocrx_word' id='word_1_53' title='bbox 1703 775 1730 826; x_wconf 88' lang='grc' dir='ltr'>ὁ</span> <span class='ocrx_word' id='word_1_54' title='bbox 1763 771 1863 841; x_wconf 80' lang='grc' dir='ltr'><strong>μὲν</strong></span> <span class='ocrx_word' id='word_1_55' title='bbox 1897 770 2138 824; x_wconf 80' lang='grc' dir='ltr'><strong>ὑπείκων</strong></span> 
     </span>
    </p>
   </div>
   <div class='ocr_carea' id='block_1_9' title="bbox 555 863 2138 943">
    <p class='ocr_par' dir='ltr' id='par_1_9' title="bbox 555 863 2138 943">
     <span class='ocr_line' id='line_1_9' title="bbox 555 863 2138 943; baseline -0.015 -7"><span class='ocrx_word' id='word_1_56' title='bbox 555 882 732 943; x_wconf 79' lang='grc' dir='ltr'>διδοὺς</span> <span class='ocrx_word' id='word_1_57' title='bbox 797 878 856 930; x_wconf 71' lang='grc' dir='ltr'>τὸ</span> <span class='ocrx_word' id='word_1_58' title='bbox 911 879 973 927; x_wconf 81' lang='grc' dir='ltr'>ἐκ</span> <span class='ocrx_word' id='word_1_59' title='bbox 1032 871 1127 926; x_wconf 79' lang='grc' dir='ltr'>τοῦ</span> <span class='ocrx_word' id='word_1_60' title='bbox 1191 870 1431 936; x_wconf 81' lang='grc' dir='ltr'>πολέμου</span> <span class='ocrx_word' id='word_1_61' title='bbox 1488 867 1678 936; x_wconf 81' lang='grc' dir='ltr'>κέρδος</span> <span class='ocrx_word' id='word_1_62' title='bbox 1730 863 2059 927; x_wconf 76' lang='grc' dir='ltr'>ἐσώζετοοὸ</span> <span class='ocrx_word' id='word_1_63' title='bbox 2095 863 2138 912; x_wconf 82' lang='grc' dir='ltr'>δ’</span> 
     </span>
    </p>
   </div>
   <div class='ocr_carea' id='block_1_10' title="bbox 557 954 2141 1034">
    <p class='ocr_par' dir='ltr' id='par_1_10' title="bbox 557 954 2141 1034">
     <span class='ocr_line' id='line_1_10' title="bbox 557 954 2141 1034; baseline -0.013 -7"><span class='ocrx_word' id='word_1_64' title='bbox 557 971 810 1026; x_wconf 77' lang='grc' dir='ltr'><strong>ὁπωσοῦν</strong></span> <span class='ocrx_word' id='word_1_65' title='bbox 840 965 1258 1034; x_wconf 76' lang='grc' dir='ltr'><strong>ἀνθιστάμενος,</strong></span> <span class='ocrx_word' id='word_1_66' title='bbox 1289 963 1387 1030; x_wconf 71' lang='grc' dir='ltr'>οὐχ</span> <span class='ocrx_word' id='word_1_67' title='bbox 1413 955 1576 1030; x_wconf 76' lang='grc' dir='ltr'>ἦττον</span> <span class='ocrx_word' id='word_1_68' title='bbox 1607 957 1929 1029; x_wconf 79' lang='grc' dir='ltr'>φιλοκερδὴς</span> <span class='ocrx_word' id='word_1_69' title='bbox 1957 955 1990 1026; x_wconf 81' lang='grc' dir='ltr'>ἢ</span> <span class='ocrx_word' id='word_1_70' title='bbox 2019 954 2141 1024; x_wconf 83' lang='grc' dir='ltr'>φιλ-</span> 
     </span>
    </p>
   </div>
   <div class='ocr_carea' id='block_1_11' title="bbox 558 1047 2141 1132">
    <p class='ocr_par' dir='ltr' id='par_1_11' title="bbox 558 1047 2141 1132">
     <span class='ocr_line' id='line_1_11' title="bbox 558 1047 2141 1132; baseline -0.013 -13"><span class='ocrx_word' id='word_1_71' title='bbox 558 1065 843 1132; x_wconf 79' lang='grc' dir='ltr'>ελεύθερος</span> <span class='ocrx_word' id='word_1_72' title='bbox 881 1059 978 1121; x_wconf 82' lang='grc' dir='ltr'><strong>ῶν,</strong></span> <span class='ocrx_word' id='word_1_73' title='bbox 1002 1059 1052 1110; x_wconf 81' lang='grc' dir='ltr'><strong>εἱ</strong></span> <span class='ocrx_word' id='word_1_74' title='bbox 1096 1054 1418 1124; x_wconf 71' lang='grc' dir='ltr'>ἀφαιρεθείη</span> <span class='ocrx_word' id='word_1_75' title='bbox 1447 1053 1720 1121; x_wconf 75' lang='grc' dir='ltr'>ἀνάνδρως</span> <span class='ocrx_word' id='word_1_76' title='bbox 1745 1051 1803 1102; x_wconf 71' lang='grc' dir='ltr'>τὸ</span> <span class='ocrx_word' id='word_1_77' title='bbox 1827 1050 1980 1118; x_wconf 80' lang='grc' dir='ltr'><strong>νίκης</strong></span> <span class='ocrx_word' id='word_1_78' title='bbox 2004 1047 2141 1116; x_wconf 89' lang='grc' dir='ltr'>σύμ-</span> 
     </span>
    </p>
   </div>
   <div class='ocr_carea' id='block_1_12' title="bbox 553 1140 2141 1221">
    <p class='ocr_par' dir='ltr' id='par_1_12' title="bbox 553 1140 2141 1221">
     <span class='ocr_line' id='line_1_12' title="bbox 553 1140 2141 1221; baseline -0.013 -10"><span class='ocrx_word' id='word_1_79' title='bbox 553 1161 710 1211; x_wconf 59' lang='grc' dir='ltr'>ϐλλον</span> <span class='ocrx_word' id='word_1_80' title='bbox 747 1154 934 1221; x_wconf 82' lang='grc' dir='ltr'>οἰκείῳ</span> <span class='ocrx_word' id='word_1_81' title='bbox 982 1152 1176 1218; x_wconf 79' lang='grc' dir='ltr'>αἵματι</span> <span class='ocrx_word' id='word_1_82' title='bbox 1227 1145 1664 1205; x_wconf 78' lang='grc' dir='ltr'>διακινδυνεύσας</span> <span class='ocrx_word' id='word_1_83' title='bbox 1711 1143 1846 1211; x_wconf 80' lang='grc' dir='ltr'>πρὸς</span> <span class='ocrx_word' id='word_1_84' title='bbox 1887 1140 2014 1202; x_wconf 73' lang='grc' dir='ltr'>τοὺς</span> <span class='ocrx_word' id='word_1_85' title='bbox 2053 1141 2141 1207; x_wconf 76' lang='grc' dir='ltr'><strong>ἑχ-</strong></span> 
     </span>
    </p>
   </div>
   <div class='ocr_carea' id='block_1_13' title="bbox 558 1231 2138 1318">
    <p class='ocr_par' dir='ltr' id='par_1_13' title="bbox 558 1231 2138 1318">
     <span class='ocr_line' id='line_1_13' title="bbox 558 1231 2138 1318; baseline -0.008 -21"><span class='ocrx_word' id='word_1_86' title='bbox 558 1249 746 1318; x_wconf 75' lang='grc' dir='ltr'>υροὺς,</span> <span class='ocrx_word' id='word_1_87' title='bbox 804 1238 960 1305; x_wconf 74' lang='grc' dir='ltr'>οὗεος</span> <span class='ocrx_word' id='word_1_88' title='bbox 1015 1240 1236 1309; x_wconf 80' lang='grc' dir='ltr'>καιρίαν</span> <span class='ocrx_word' id='word_1_89' title='bbox 1295 1239 1580 1307; x_wconf 82' lang='grc' dir='ltr'>δεχόμενος</span> <span class='ocrx_word' id='word_1_90' title='bbox 1635 1233 2032 1303; x_wconf 74' lang='grc' dir='ltr'><strong>ἀπηλλάττετο,</strong></span> <span class='ocrx_word' id='word_1_91' title='bbox 2078 1231 2138 1284; x_wconf 78' lang='grc' dir='ltr'><strong>τὸ</strong></span> 
     </span>
    </p>
   </div>
   <div class='ocr_carea' id='block_1_14' title="bbox 558 1323 2136 1396">
    <p class='ocr_par' dir='ltr' id='par_1_14' title="bbox 558 1323 2136 1396">
     <span class='ocr_line' id='line_1_14' title="bbox 558 1323 2136 1396; baseline -0.011 -3"><span class='ocrx_word' id='word_1_92' title='bbox 558 1343 748 1392; x_wconf 78' lang='grc' dir='ltr'>πεσεῖν</span> <span class='ocrx_word' id='word_1_93' title='bbox 782 1335 1020 1395; x_wconf 76' lang='grc' dir='ltr'>εὐκλεῶς</span> <span class='ocrx_word' id='word_1_94' title='bbox 1041 1333 1136 1385; x_wconf 75' lang='grc' dir='ltr'>τοῦ</span> <span class='ocrx_word' id='word_1_95' title='bbox 1168 1331 1379 1390; x_wconf 73' lang='grc' dir='ltr'>ἀκλεῶς</span> <span class='ocrx_word' id='word_1_96' title='bbox 1410 1329 1739 1396; x_wconf 75' lang='grc' dir='ltr'>στερηθῆναι</span> <span class='ocrx_word' id='word_1_97' title='bbox 1771 1324 1881 1377; x_wconf 81' lang='grc' dir='ltr'><strong>τῶν</strong></span> <span class='ocrx_word' id='word_1_98' title='bbox 1903 1323 2136 1391; x_wconf 70' lang='grc' dir='ltr'>ἐνάρων,</span> 
     </span>
    </p>
   </div>
   <div class='ocr_carea' id='block_1_15' title="bbox 550 1414 2140 1496">
    <p class='ocr_par' dir='ltr' id='par_1_15' title="bbox 550 1414 2140 1496">
     <span class='ocr_line' id='line_1_15' title="bbox 550 1414 2140 1496; baseline -0.011 -10"><span class='ocrx_word' id='word_1_99' title='bbox 550 1437 628 1496; x_wconf 77' lang='grc' dir='ltr'>ὡς</span> <span class='ocrx_word' id='word_1_100' title='bbox 665 1433 834 1492; x_wconf 68' lang='grc' dir='ltr'>εἰκὸς,</span> <span class='ocrx_word' id='word_1_101' title='bbox 871 1426 1318 1495; x_wconf 71' lang='grc' dir='ltr'>ἀνθαιρούμενος.</span> <span class='ocrx_word' id='word_1_102' title='bbox 1357 1424 1463 1474; x_wconf 70' lang='grc' dir='ltr'>Καὶ</span> <span class='ocrx_word' id='word_1_103' title='bbox 1493 1420 1643 1473; x_wconf 79' lang='grc' dir='ltr'>ταῦτ’</span> <span class='ocrx_word' id='word_1_104' title='bbox 1696 1414 1838 1490; x_wconf 77' lang='grc' dir='ltr'>ἦσαν</span> <span class='ocrx_word' id='word_1_105' title='bbox 1887 1415 2140 1486; x_wconf 83' lang='grc' dir='ltr'>σφίσιτά</span> 
     </span>
    </p>
   </div>
   <div class='ocr_carea' id='block_1_16' title="bbox 555 1508 2139 1593">
    <p class='ocr_par' dir='ltr' id='par_1_16' title="bbox 555 1508 2139 1593">
     <span class='ocr_line' id='line_1_16' title="bbox 555 1508 2139 1593; baseline -0.012 -15"><span class='ocrx_word' id='word_1_106' title='bbox 555 1523 968 1593; x_wconf 68' lang='grc' dir='ltr'>κατορθούμενα</span> <span class='ocrx_word' id='word_1_107' title='bbox 1008 1520 1084 1579; x_wconf 79' lang='grc' dir='ltr'><strong>εἰς</strong></span> <span class='ocrx_word' id='word_1_108' title='bbox 1118 1513 1248 1586; x_wconf 59' lang='lat' dir='ltr'><strong>ﬁgo;</strong></span> <span class='ocrx_word' id='word_1_109' title='bbox 1279 1513 1338 1578; x_wconf 79' lang='grc' dir='ltr'>ἐξ</span> <span class='ocrx_word' id='word_1_110' title='bbox 1377 1511 1725 1583; x_wconf 81' lang='grc' dir='ltr'>Ἀρκτούρου,</span> <span class='ocrx_word' id='word_1_111' title='bbox 1759 1511 1848 1564; x_wconf 80' lang='grc' dir='ltr'><strong>ὅτε</strong></span> <span class='ocrx_word' id='word_1_112' title='bbox 1872 1508 1964 1562; x_wconf 87' lang='grc' dir='ltr'><strong>καί</strong></span> <span class='ocrx_word' id='word_1_113' title='bbox 1991 1525 2139 1570; x_wconf 87' lang='grc' dir='ltr'>τινες</span> 
     </span>
    </p>
   </div>
   <div class='ocr_carea' id='block_1_17' title="bbox 553 1597 2141 1682">
    <p class='ocr_par' dir='ltr' id='par_1_17' title="bbox 553 1597 2141 1682">
     <span class='ocr_line' id='line_1_17' title="bbox 553 1597 2141 1682; baseline -0.013 -14"><span class='ocrx_word' id='word_1_114' title='bbox 553 1617 615 1682; x_wconf 80' lang='grc' dir='ltr'>ἐξ</span> <span class='ocrx_word' id='word_1_115' title='bbox 652 1613 855 1677; x_wconf 86' lang='grc' dir='ltr'>αὐτῶν,</span> <span class='ocrx_word' id='word_1_116' title='bbox 889 1610 988 1662; x_wconf 63' lang='grc' dir='ltr'><strong>οὐκ</strong></span> <span class='ocrx_word' id='word_1_117' title='bbox 1017 1609 1172 1675; x_wconf 73' lang='grc' dir='ltr'>ὀλίγή</span> <span class='ocrx_word' id='word_1_118' title='bbox 1219 1621 1306 1666; x_wconf 84' lang='grc' dir='ltr'><strong>τις</strong></span> <span class='ocrx_word' id='word_1_119' title='bbox 1343 1607 1508 1673; x_wconf 90' lang='grc' dir='ltr'>μοῖρα</span> <span class='ocrx_word' id='word_1_120' title='bbox 1536 1603 1646 1656; x_wconf 90' lang='grc' dir='ltr'><strong>τῶν</strong></span> <span class='ocrx_word' id='word_1_121' title='bbox 1671 1601 1829 1665; x_wconf 77' lang='grc' dir='ltr'>ὅλων,</span> <span class='ocrx_word' id='word_1_122' title='bbox 1859 1600 1962 1652; x_wconf 81' lang='grc' dir='ltr'><strong>οὐκ</strong></span> <span class='ocrx_word' id='word_1_123' title='bbox 1989 1597 2141 1667; x_wconf 77' lang='grc' dir='ltr'>ἔχον-</span> 
     </span>
    </p>
   </div>
   <div class='ocr_carea' id='block_1_18' title="bbox 554 1687 2138 1763">
    <p class='ocr_par' dir='ltr' id='par_1_18' title="bbox 554 1687 2138 1763">
     <span class='ocr_line' id='line_1_18' title="bbox 554 1687 2138 1763; baseline -0.008 -11"><span class='ocrx_word' id='word_1_124' title='bbox 554 1720 647 1763; x_wconf 80' lang='grc' dir='ltr'><strong>τες</strong></span> <span class='ocrx_word' id='word_1_125' title='bbox 684 1701 845 1752; x_wconf 82' lang='grc' dir='ltr'>πλέον</span> <span class='ocrx_word' id='word_1_126' title='bbox 875 1698 992 1750; x_wconf 78' lang='grc' dir='ltr'>ἐκεῖ</span> <span class='ocrx_word' id='word_1_127' title='bbox 1021 1699 1195 1748; x_wconf 78' lang='grc' dir='ltr'>ποιεῖν</span> <span class='ocrx_word' id='word_1_128' title='bbox 1230 1687 1305 1746; x_wconf 81' lang='grc' dir='ltr'>ὧν</span> <span class='ocrx_word' id='word_1_129' title='bbox 1351 1694 1480 1762; x_wconf 80' lang='grc' dir='ltr'>πρὶν</span> <span class='ocrx_word' id='word_1_130' title='bbox 1527 1690 1800 1761; x_wconf 80' lang='grc' dir='ltr'>ἔπραξαν,</span> <span class='ocrx_word' id='word_1_131' title='bbox 1834 1691 1944 1741; x_wconf 90' lang='grc' dir='ltr'><strong>τῶν</strong></span> <span class='ocrx_word' id='word_1_132' title='bbox 1973 1689 2138 1741; x_wconf 84' lang='grc' dir='ltr'>αύτο-</span> 
     </span>
    </p>
   </div>
   <div class='ocr_carea' id='block_1_19' title="bbox 549 1783 2137 1865">
    <p class='ocr_par' dir='ltr' id='par_1_19' title="bbox 549 1783 2137 1865">
     <span class='ocr_line' id='line_1_19' title="bbox 549 1783 2137 1865; baseline -0.009 -18"><span class='ocrx_word' id='word_1_133' title='bbox 549 1795 765 1865; x_wconf 64' lang='grc' dir='ltr'>χθύνιην</span> <span class='ocrx_word' id='word_1_134' title='bbox 796 1793 939 1859; x_wconf 78' lang='grc' dir='ltr'>φυγῇ</span> <span class='ocrx_word' id='word_1_135' title='bbox 975 1786 1338 1858; x_wconf 79' lang='grc' dir='ltr'>χρησαμένων</span> <span class='ocrx_word' id='word_1_136' title='bbox 1368 1785 1456 1838; x_wconf 74' lang='grc' dir='ltr'>διὰ</span> <span class='ocrx_word' id='word_1_137' title='bbox 1483 1785 1580 1854; x_wconf 78' lang='grc' dir='ltr'>τὴν</span> <span class='ocrx_word' id='word_1_138' title='bbox 1616 1784 1674 1850; x_wconf 80' lang='grc' dir='ltr'>ἐξ</span> <span class='ocrx_word' id='word_1_139' title='bbox 1706 1783 1927 1837; x_wconf 73' lang='grc' dir='ltr'>ἐκείνων</span> <span class='ocrx_word' id='word_1_140' title='bbox 1953 1799 2137 1852; x_wconf 89' lang='grc' dir='ltr'>καιρι-</span> 
     </span>
    </p>
   </div>
   <div class='ocr_carea' id='block_1_20' title="bbox 555 1875 2141 1954">
    <p class='ocr_par' dir='ltr' id='par_1_20' title="bbox 555 1875 2141 1954">
     <span class='ocr_line' id='line_1_20' title="bbox 555 1875 2141 1954; baseline -0.008 -16"><span class='ocrx_word' id='word_1_141' title='bbox 555 1885 661 1954; x_wconf 75' lang='grc' dir='ltr'><strong>κὴν</strong></span> <span class='ocrx_word' id='word_1_142' title='bbox 711 1882 916 1944; x_wconf 74' lang='grc' dir='ltr'>ἄδειαν,</span> <span class='ocrx_word' id='word_1_143' title='bbox 977 1879 1164 1932; x_wconf 62' lang='grc' dir='ltr'>ίκανῦν</span> <span class='ocrx_word' id='word_1_144' title='bbox 1218 1877 1378 1931; x_wconf 65' lang='grc' dir='ltr'>ναυσὶ</span> <span class='ocrx_word' id='word_1_145' title='bbox 1424 1877 1624 1944; x_wconf 80' lang='grc' dir='ltr'>φόρτον</span> <span class='ocrx_word' id='word_1_146' title='bbox 1678 1876 2002 1945; x_wconf 83' lang='grc' dir='ltr'>νηήσαντες,</span> <span class='ocrx_word' id='word_1_147' title='bbox 2047 1875 2141 1926; x_wconf 74' lang='grc' dir='ltr'><strong>καὶ</strong></span> 
     </span>
    </p>
   </div>
   <div class='ocr_carea' id='block_1_21' title="bbox 553 1966 2139 2048">
    <p class='ocr_par' dir='ltr' id='par_1_21' title="bbox 553 1966 2139 2048">
     <span class='ocr_line' id='line_1_21' title="bbox 553 1966 2139 2048; baseline -0.008 -18"><span class='ocrx_word' id='word_1_148' title='bbox 553 1978 769 2048; x_wconf 74' lang='grc' dir='ltr'>μᾶλλον</span> <span class='ocrx_word' id='word_1_149' title='bbox 826 1976 890 2026; x_wconf 81' lang='grc' dir='ltr'>ὲκ</span> <span class='ocrx_word' id='word_1_150' title='bbox 955 1972 1106 2024; x_wconf 84' lang='grc' dir='ltr'>σίτου</span> <span class='ocrx_word' id='word_1_151' title='bbox 1161 1969 1396 2022; x_wconf 76' lang='grc' dir='ltr'>καὶτῶν</span> <span class='ocrx_word' id='word_1_152' title='bbox 1435 1971 1492 2031; x_wconf 80' lang='grc' dir='ltr'>ἐς</span> <span class='ocrx_word' id='word_1_153' title='bbox 1544 1967 1750 2038; x_wconf 70' lang='grc' dir='ltr'>τροφὴν</span> <span class='ocrx_word' id='word_1_154' title='bbox 1803 1966 2139 2035; x_wconf 85' lang='grc' dir='ltr'>ἀναγκαίων,</span> 
     </span>
    </p>
   </div>
   <div class='ocr_carea' id='block_1_22' title="bbox 545 2054 2142 2133">
    <p class='ocr_par' dir='ltr' id='par_1_22' title="bbox 545 2054 2142 2133">
     <span class='ocr_line' id='line_1_22' title="bbox 545 2054 2142 2133; baseline -0.008 -10"><span class='ocrx_word' id='word_1_155' title='bbox 545 2071 699 2124; x_wconf 73' lang='grc' dir='ltr'>κατὰ</span> <span class='ocrx_word' id='word_1_156' title='bbox 734 2068 900 2131; x_wconf 79' lang='grc' dir='ltr'>πόδας</span> <span class='ocrx_word' id='word_1_157' title='bbox 932 2066 1040 2118; x_wconf 89' lang='grc' dir='ltr'><strong>τῶν</strong></span> <span class='ocrx_word' id='word_1_158' title='bbox 1082 2064 1211 2133; x_wconf 70' lang='grc' dir='ltr'>περὶ</span> <span class='ocrx_word' id='word_1_159' title='bbox 1260 2061 1475 2130; x_wconf 78' lang='grc' dir='ltr'>Τζιμῆν</span> <span class='ocrx_word' id='word_1_160' title='bbox 1528 2062 1620 2114; x_wconf 75' lang='grc' dir='ltr'>καὶ</span> <span class='ocrx_word' id='word_1_161' title='bbox 1670 2054 1814 2115; x_wconf 75' lang='grc' dir='ltr'>οὗτοι</span> <span class='ocrx_word' id='word_1_162' title='bbox 1852 2059 2142 2130; x_wconf 76' lang='grc' dir='ltr'>ἐξώρμων,</span> 
     </span>
    </p>
   </div>
   <div class='ocr_carea' id='block_1_23' title="bbox 543 2245 2142 2315">
    <p class='ocr_par' dir='ltr' id='par_1_23' title="bbox 543 2245 2142 2315">
     <span class='ocr_line' id='line_1_23' title="bbox 543 2245 2142 2315; baseline -0.006 -8"><span class='ocrx_word' id='word_1_163' title='bbox 543 2252 958 2309; x_wconf 69' lang='grc' dir='ltr'>Ξῖοηιιοτίυηθε</span> <span class='ocrx_word' id='word_1_164' title='bbox 987 2245 1431 2312; x_wconf 69' lang='lat' dir='ltr'><strong>babentobvios,</strong></span> <span class='ocrx_word' id='word_1_165' title='bbox 1477 2261 1602 2302; x_wconf 85' lang='lat' dir='ltr'><strong>sero</strong></span> <span class='ocrx_word' id='word_1_166' title='bbox 1653 2245 1871 2302; x_wconf 81' lang='lat' dir='ltr'><strong>tandem</strong></span> <span class='ocrx_word' id='word_1_167' title='bbox 1916 2245 2142 2315; x_wconf 77' lang='lat' dir='ltr'><strong>expedi-</strong></span> 
     </span>
    </p>
   </div>
   <div class='ocr_carea' id='block_1_24' title="bbox 543 2337 2141 2409">
    <p class='ocr_par' dir='ltr' id='par_1_24' title="bbox 543 2337 2141 2409">
     <span class='ocr_line' id='line_1_24' title="bbox 543 2337 2141 2409; baseline -0.006 -10"><span class='ocrx_word' id='word_1_168' title='bbox 543 2359 667 2399; x_wconf 66' lang='lat' dir='ltr'><strong>tos.</strong></span> <span class='ocrx_word' id='word_1_169' title='bbox 705 2345 769 2398; x_wconf 89' lang='lat' dir='ltr'><strong>Hi</strong></span> <span class='ocrx_word' id='word_1_170' title='bbox 804 2343 1088 2398; x_wconf 81' lang='lat' dir='ltr'><strong>enimvero</strong></span> <span class='ocrx_word' id='word_1_171' title='bbox 1117 2357 1238 2395; x_wconf 91' lang='lat' dir='ltr'><strong>cttm</strong></span> <span class='ocrx_word' id='word_1_172' title='bbox 1269 2341 1548 2409; x_wconf 85' lang='lat' dir='ltr'><strong>propriam</strong></span> <span class='ocrx_word' id='word_1_173' title='bbox 1589 2337 1812 2407; x_wconf 85' lang='lat' dir='ltr'><strong>culpare</strong></span> <span class='ocrx_word' id='word_1_174' title='bbox 1867 2337 2141 2408; x_wconf 87' lang='lat' dir='ltr'><strong>ignaviam</strong></span> 
     </span>
    </p>
   </div>
   <div class='ocr_carea' id='block_1_25' title="bbox 542 2429 2145 2503">
    <p class='ocr_par' dir='ltr' id='par_1_25' title="bbox 542 2429 2145 2503">
     <span class='ocr_line' id='line_1_25' title="bbox 542 2429 2145 2503; baseline -0.006 -13"><span class='ocrx_word' id='word_1_175' title='bbox 542 2439 823 2490; x_wconf 79' lang='lat' dir='ltr'><strong>deberent</strong></span> <span class='ocrx_word' id='word_1_176' title='bbox 881 2434 1233 2503; x_wconf 70' lang='lat' dir='ltr'><strong>indulgentes</strong></span> <span class='ocrx_word' id='word_1_177' title='bbox 1285 2430 1524 2500; x_wconf 90' lang='lat' dir='ltr'><strong>maligno</strong></span> <span class='ocrx_word' id='word_1_178' title='bbox 1593 2429 1751 2483; x_wconf 90' lang='lat' dir='ltr'><strong>livori</strong></span> <span class='ocrx_word' id='word_1_179' title='bbox 1804 2430 1872 2483; x_wconf 89' lang='lat' dir='ltr'><strong>de</strong></span> <span class='ocrx_word' id='word_1_180' title='bbox 1937 2429 2145 2484; x_wconf 85' lang='lat' dir='ltr'><strong>nostris</strong></span> 
     </span>
    </p>
   </div>
   <div class='ocr_carea' id='block_1_26' title="bbox 537 2523 2141 2596">
    <p class='ocr_par' dir='ltr' id='par_1_26' title="bbox 537 2523 2141 2596">
     <span class='ocr_line' id='line_1_26' title="bbox 537 2523 2141 2596; baseline -0.004 -13"><span class='ocrx_word' id='word_1_181' title='bbox 537 2536 999 2596; x_wconf 65' lang='lat' dir='ltr'><strong>«conquerunlur,</strong></span> <span class='ocrx_word' id='word_1_182' title='bbox 1028 2525 1176 2596; x_wconf 79' lang='lat' dir='ltr'><strong>quod</strong></span> <span class='ocrx_word' id='word_1_183' title='bbox 1217 2539 1276 2579; x_wconf 89' lang='lat' dir='ltr'><strong>se</strong></span> <span class='ocrx_word' id='word_1_184' title='bbox 1333 2539 1442 2577; x_wconf 89' lang='lat' dir='ltr'><strong>non</strong></span> <span class='ocrx_word' id='word_1_185' title='bbox 1489 2523 1824 2590; x_wconf 74' lang='lat' dir='ltr'><strong>exspectatis</strong></span> <span class='ocrx_word' id='word_1_186' title='bbox 1871 2537 1984 2576; x_wconf 89' lang='lat' dir='ltr'><strong>rem</strong></span> <span class='ocrx_word' id='word_1_187' title='bbox 2018 2535 2141 2591; x_wconf 83' lang='lat' dir='ltr'><strong>ges-</strong></span> 
     </span>
    </p>
   </div>
   <div class='ocr_carea' id='block_1_27' title="bbox 542 2615 2142 2689">
    <p class='ocr_par' dir='ltr' id='par_1_27' title="bbox 542 2615 2142 2689">
     <span class='ocr_line' id='line_1_27' title="bbox 542 2615 2142 2689; baseline -0.007 -11"><span class='ocrx_word' id='word_1_188' title='bbox 542 2625 784 2679; x_wconf 68' lang='lat' dir='ltr'><strong>sissent.</strong></span> <span class='ocrx_word' id='word_1_189' title='bbox 813 2621 924 2675; x_wconf 79' lang='lat' dir='ltr'><strong>Nec</strong></span> <span class='ocrx_word' id='word_1_190' title='bbox 975 2620 1166 2689; x_wconf 88' lang='lat' dir='ltr'><strong>procul</strong></span> <span class='ocrx_word' id='word_1_191' title='bbox 1206 2619 1435 2673; x_wconf 89' lang='lat' dir='ltr'><strong>aberant</strong></span> <span class='ocrx_word' id='word_1_192' title='bbox 1477 2617 1548 2672; x_wconf 89' lang='lat' dir='ltr'><strong>ab</strong></span> <span class='ocrx_word' id='word_1_193' title='bbox 1583 2615 1869 2672; x_wconf 86' lang='lat' dir='ltr'><strong>inferenda</strong></span> <span class='ocrx_word' id='word_1_194' title='bbox 1924 2615 1998 2681; x_wconf 92' lang='lat' dir='ltr'><strong>vi,</strong></span> <span class='ocrx_word' id='word_1_195' title='bbox 2035 2615 2142 2668; x_wconf 87' lang='lat' dir='ltr'><strong>nisi</strong></span> 
     </span>
    </p>
   </div>
   <div class='ocr_carea' id='block_1_28' title="bbox 548 2710 2146 2781">
    <p class='ocr_par' dir='ltr' id='par_1_28' title="bbox 548 2710 2146 2781">
     <span class='ocr_line' id='line_1_28' title="bbox 548 2710 2146 2781; baseline -0.005 -14"><span class='ocrx_word' id='word_1_196' title='bbox 548 2713 793 2768; x_wconf 76' lang='lat' dir='ltr'><strong>Marules</strong></span> <span class='ocrx_word' id='word_1_197' title='bbox 825 2711 1004 2781; x_wconf 89' lang='lat' dir='ltr'><strong>spolia</strong></span> <span class='ocrx_word' id='word_1_198' title='bbox 1049 2710 1187 2780; x_wconf 84' lang='lat' dir='ltr'><strong>ipsis</strong></span> <span class='ocrx_word' id='word_1_199' title='bbox 1221 2725 1286 2764; x_wconf 75' lang='lat' dir='ltr'><strong>ex</strong></span> <span class='ocrx_word' id='word_1_200' title='bbox 1321 2710 1481 2764; x_wconf 86' lang='lat' dir='ltr'><strong>hoste</strong></span> <span class='ocrx_word' id='word_1_201' title='bbox 1514 2711 1682 2763; x_wconf 77' lang='lat' dir='ltr'><strong>relata</strong></span> <span class='ocrx_word' id='word_1_202' title='bbox 1718 2713 1915 2776; x_wconf 81' lang='lat' dir='ltr'><strong>sponte</strong></span> <span class='ocrx_word' id='word_1_203' title='bbox 1947 2721 2146 2761; x_wconf 80' lang='lat' dir='ltr'><strong>conce~</strong></span> 
     </span>
    </p>
   </div>
   <div class='ocr_carea' id='block_1_29' title="bbox 539 2801 2141 2874">
    <p class='ocr_par' dir='ltr' id='par_1_29' title="bbox 539 2801 2141 2874">
     <span class='ocr_line' id='line_1_29' title="bbox 539 2801 2141 2874; baseline -0.006 -12"><span class='ocrx_word' id='word_1_204' title='bbox 539 2805 734 2862; x_wconf 61' lang='lat' dir='ltr'><strong>(li-udo</strong></span> <span class='ocrx_word' id='word_1_205' title='bbox 762 2805 1009 2874; x_wconf 82' lang='lat' dir='ltr'><strong>praelium</strong></span> <span class='ocrx_word' id='word_1_206' title='bbox 1041 2802 1205 2858; x_wconf 75' lang='lat' dir='ltr'><strong>civile</strong></span> <span class='ocrx_word' id='word_1_207' title='bbox 1235 2801 1516 2871; x_wconf 83' lang='lat' dir='ltr'><strong>sapienter</strong></span> <span class='ocrx_word' id='word_1_208' title='bbox 1549 2801 1942 2870; x_wconf 63' lang='lat' dir='ltr'><strong>praevertisset,</strong></span> <span class='ocrx_word' id='word_1_209' title='bbox 1977 2814 2141 2854; x_wconf 88' lang='lat' dir='ltr'><strong>suos-</strong></span> 
     </span>
    </p>
   </div>
   <div class='ocr_carea' id='block_1_30' title="bbox 545 2893 2140 2970">
    <p class='ocr_par' dir='ltr' id='par_1_30' title="bbox 545 2893 2140 2970">
     <span class='ocr_line' id='line_1_30' title="bbox 545 2893 2140 2970; baseline -0.003 -18"><span class='ocrx_word' id='word_1_210' title='bbox 545 2916 666 2970; x_wconf 79' lang='lat' dir='ltr'><strong>que</strong></span> <span class='ocrx_word' id='word_1_211' title='bbox 708 2899 794 2953; x_wconf 87' lang='lat' dir='ltr'><strong>sic</strong></span> <span class='ocrx_word' id='word_1_212' title='bbox 825 2908 1128 2960; x_wconf 76' lang='lat' dir='ltr'><strong>servasset,</strong></span> <span class='ocrx_word' id='word_1_213' title='bbox 1162 2896 1256 2963; x_wconf 87' lang='lat' dir='ltr'><strong>qui</strong></span> <span class='ocrx_word' id='word_1_214' title='bbox 1293 2895 1456 2965; x_wconf 83' lang='lat' dir='ltr'><strong>longe</strong></span> <span class='ocrx_word' id='word_1_215' title='bbox 1499 2893 1700 2947; x_wconf 90' lang='lat' dir='ltr'><strong>minori</strong></span> <span class='ocrx_word' id='word_1_216' title='bbox 1734 2908 1965 2948; x_wconf 89' lang='lat' dir='ltr'><strong>numero</strong></span> <span class='ocrx_word' id='word_1_217' title='bbox 1993 2893 2140 2948; x_wconf 86' lang='lat' dir='ltr'><strong>haud</strong></span> 
     </span>
    </p>
   </div>
   <div class='ocr_carea' id='block_1_31' title="bbox 554 2977 2140 3061">
    <p class='ocr_par' dir='ltr' id='par_1_31' title="bbox 554 2977 2140 3061">
     <span class='ocr_line' id='line_1_31' title="bbox 554 2977 2140 3061; baseline -0.004 -19"><span class='ocrx_word' id='word_1_218' title='bbox 554 2989 722 3045; x_wconf 72' lang='lat' dir='ltr'><strong>dubie</strong></span> <span class='ocrx_word' id='word_1_219' title='bbox 763 2977 1158 3061; x_wconf 81' lang='lat' dir='ltr'><strong>opprimendi,</strong></span> <span class='ocrx_word' id='word_1_220' title='bbox 1219 2987 1266 3041; x_wconf 91' lang='lat' dir='ltr'><strong>si</strong></span> <span class='ocrx_word' id='word_1_221' title='bbox 1324 2995 1704 3056; x_wconf 87' lang='lat' dir='ltr'><strong>pugnaretur,</strong></span> <span class='ocrx_word' id='word_1_222' title='bbox 1749 2985 1985 3039; x_wconf 88' lang='lat' dir='ltr'><strong>fuerant.</strong></span> <span class='ocrx_word' id='word_1_223' title='bbox 2022 2983 2140 3040; x_wconf 87' lang='lat' dir='ltr'><strong>Non</strong></span> 
     </span>
    </p>
   </div>
   <div class='ocr_carea' id='block_1_32' title="bbox 2245 494 3825 569">
    <p class='ocr_par' dir='ltr' id='par_1_32' title="bbox 2245 494 3825 569">
     <span class='ocr_line' id='line_1_32' title="bbox 2245 494 3825 569; baseline 0.003 -23"><span class='ocrx_word' id='word_1_224' title='bbox 2245 513 2458 559; x_wconf 74' lang='grc' dir='ltr'>σαντες.</span> <span class='ocrx_word' id='word_1_225' title='bbox 2495 496 2618 548; x_wconf 86' lang='grc' dir='ltr'>Τῶν</span> <span class='ocrx_word' id='word_1_226' title='bbox 2659 495 2704 548; x_wconf 83' lang='grc' dir='ltr'>δ’</span> <span class='ocrx_word' id='word_1_227' title='bbox 2751 494 2932 547; x_wconf 82' lang='grc' dir='ltr'>ἄλλων</span> <span class='ocrx_word' id='word_1_228' title='bbox 2974 495 3292 564; x_wconf 82' lang='grc' dir='ltr'>ἀργούντων</span> <span class='ocrx_word' id='word_1_229' title='bbox 3331 495 3420 557; x_wconf 73' lang='grc' dir='ltr'><strong>διὰ</strong></span> <span class='ocrx_word' id='word_1_230' title='bbox 3477 499 3683 558; x_wconf 72' lang='grc' dir='ltr'>παντὸς</span> <span class='ocrx_word' id='word_1_231' title='bbox 3717 517 3825 569; x_wconf 74' lang='grc' dir='ltr'>χει-</span> 
     </span>
    </p>
   </div>
   <div class='ocr_carea' id='block_1_33' title="bbox 2248 585 3822 660">
    <p class='ocr_par' dir='ltr' id='par_1_33' title="bbox 2248 585 3822 660">
     <span class='ocr_line' id='line_1_33' title="bbox 2248 585 3822 660; baseline 0.001 -21"><span class='ocrx_word' id='word_1_232' title='bbox 2248 589 2426 658; x_wconf 87' lang='grc' dir='ltr'>μῶνος</span> <span class='ocrx_word' id='word_1_233' title='bbox 2458 591 2586 658; x_wconf 70' lang='grc' dir='ltr'>περὶ</span> <span class='ocrx_word' id='word_1_234' title='bbox 2615 587 2713 659; x_wconf 78' lang='grc' dir='ltr'><strong>τὴν</strong></span> <span class='ocrx_word' id='word_1_235' title='bbox 2759 587 3026 652; x_wconf 74' lang='grc' dir='ltr'>Κύζικον,</span> <span class='ocrx_word' id='word_1_236' title='bbox 3077 588 3354 657; x_wconf 82' lang='grc' dir='ltr'>πρόφασις</span> <span class='ocrx_word' id='word_1_237' title='bbox 3401 585 3470 660; x_wconf 81' lang='grc' dir='ltr'>ἧν</span> <span class='ocrx_word' id='word_1_238' title='bbox 3517 591 3701 652; x_wconf 76' lang='grc' dir='ltr'>αὐτοῖς</span> <span class='ocrx_word' id='word_1_239' title='bbox 3730 593 3822 660; x_wconf 77' lang='grc' dir='ltr'>τῆς</span> 
     </span>
    </p>
   </div>
   <div class='ocr_carea' id='block_1_34' title="bbox 2244 677 3820 755">
    <p class='ocr_par' dir='ltr' id='par_1_34' title="bbox 2244 677 3820 755">
     <span class='ocr_line' id='line_1_34' title="bbox 2244 677 3820 755; baseline 0.002 -21"><span class='ocrx_word' id='word_1_240' title='bbox 2244 681 2443 752; x_wconf 82' lang='grc' dir='ltr'>ἀργίας</span> <span class='ocrx_word' id='word_1_241' title='bbox 2472 681 2534 734; x_wconf 85' lang='grc' dir='ltr'><strong>τὸ</strong></span> <span class='ocrx_word' id='word_1_242' title='bbox 2559 679 2652 734; x_wconf 77' lang='grc' dir='ltr'>τοῦ</span> <span class='ocrx_word' id='word_1_243' title='bbox 2681 683 2951 751; x_wconf 79' lang='grc' dir='ltr'>τριμήνου</span> <span class='ocrx_word' id='word_1_244' title='bbox 2989 681 3370 751; x_wconf 73' lang='grc' dir='ltr'>πληρωθέντος</span> <span class='ocrx_word' id='word_1_245' title='bbox 3404 685 3492 751; x_wconf 81' lang='grc' dir='ltr'><strong>ἐφ’</strong></span> <span class='ocrx_word' id='word_1_246' title='bbox 3526 677 3678 755; x_wconf 83' lang='grc' dir='ltr'>ᾧπερ</span> <span class='ocrx_word' id='word_1_247' title='bbox 3708 685 3820 738; x_wconf 78' lang='grc' dir='ltr'>ἕλα-</span> 
     </span>
    </p>
   </div>
   <div class='ocr_carea' id='block_1_35' title="bbox 2245 771 3822 849">
    <p class='ocr_par' dir='ltr' id='par_1_35' title="bbox 2245 771 3822 849">
     <span class='ocr_line' id='line_1_35' title="bbox 2245 771 3822 849; baseline 0.003 -23"><span class='ocrx_word' id='word_1_248' title='bbox 2245 775 2336 826; x_wconf 80' lang='grc' dir='ltr'><strong>6ον</strong></span> <span class='ocrx_word' id='word_1_249' title='bbox 2369 777 2496 838; x_wconf 79' lang='grc' dir='ltr'>τοὺς</span> <span class='ocrx_word' id='word_1_250' title='bbox 2528 775 2752 844; x_wconf 79' lang='grc' dir='ltr'>μισθοὺς</span> <span class='ocrx_word' id='word_1_251' title='bbox 2788 776 2862 844; x_wconf 83' lang='grc' dir='ltr'>μὴ</span> <span class='ocrx_word' id='word_1_252' title='bbox 2900 778 2992 828; x_wconf 75' lang='grc' dir='ltr'>καὶ</span> <span class='ocrx_word' id='word_1_253' title='bbox 3033 771 3190 838; x_wconf 78' lang='grc' dir='ltr'>αὖθις</span> <span class='ocrx_word' id='word_1_254' title='bbox 3240 774 3300 840; x_wconf 60' lang='lat' dir='ltr'><strong>te</strong></span> <span class='ocrx_word' id='word_1_255' title='bbox 3348 777 3573 846; x_wconf 78' lang='grc' dir='ltr'>ἑτοίμου</span> <span class='ocrx_word' id='word_1_256' title='bbox 3611 777 3674 849; x_wconf 73' lang='grc' dir='ltr'><strong>[Ρ</strong></span> <span class='ocrx_word' id='word_1_257' title='bbox 3701 779 3822 849; x_wconf 72' lang='grc' dir='ltr'><strong>29οῙ</strong></span> 
     </span>
    </p>
   </div>
   <div class='ocr_carea' id='block_1_36' title="bbox 2248 865 3824 937">
    <p class='ocr_par' dir='ltr' id='par_1_36' title="bbox 2248 865 3824 937">
     <span class='ocr_line' id='line_1_36' title="bbox 2248 865 3824 937; baseline 0.004 -19"><span class='ocrx_word' id='word_1_258' title='bbox 2248 865 2563 934; x_wconf 80' lang='grc' dir='ltr'>πέμπεσθαι</span> <span class='ocrx_word' id='word_1_259' title='bbox 2595 865 2760 934; x_wconf 82' lang='grc' dir='ltr'><strong>ρὀας</strong></span> <span class='ocrx_word' id='word_1_260' title='bbox 2807 867 2906 936; x_wconf 82' lang='grc' dir='ltr'>τῆς</span> <span class='ocrx_word' id='word_1_261' title='bbox 2938 867 2994 929; x_wconf 77' lang='grc' dir='ltr'>ἐς</span> <span class='ocrx_word' id='word_1_262' title='bbox 3027 869 3204 920; x_wconf 84' lang='grc' dir='ltr'>νέωτα</span> <span class='ocrx_word' id='word_1_263' title='bbox 3237 867 3560 937; x_wconf 73' lang='grc' dir='ltr'>ξυμμαχίας</span> <span class='ocrx_word' id='word_1_264' title='bbox 3593 872 3729 922; x_wconf 71' lang='grc' dir='ltr'>κατὰ</span> <span class='ocrx_word' id='word_1_265' title='bbox 3763 873 3824 925; x_wconf 77' lang='grc' dir='ltr'><strong>τὰ</strong></span> 
     </span>
    </p>
   </div>
   <div class='ocr_carea' id='block_1_37' title="bbox 2244 956 3825 1028">
    <p class='ocr_par' dir='ltr' id='par_1_37' title="bbox 2244 956 3825 1028">
     <span class='ocr_line' id='line_1_37' title="bbox 2244 956 3825 1028; baseline 0.005 -20"><span class='ocrx_word' id='word_1_266' title='bbox 2244 959 2384 1024; x_wconf 72' lang='grc' dir='ltr'>σφᾶς</span> <span class='ocrx_word' id='word_1_267' title='bbox 2417 956 2850 1026; x_wconf 71' lang='grc' dir='ltr'>συμφωνηθέντα</span> <span class='ocrx_word' id='word_1_268' title='bbox 2894 958 3032 1026; x_wconf 76' lang='grc' dir='ltr'>πρὸς</span> <span class='ocrx_word' id='word_1_269' title='bbox 3087 958 3374 1028; x_wconf 84' lang='grc' dir='ltr'>βασιλέως.</span> <span class='ocrx_word' id='word_1_270' title='bbox 3413 961 3515 1012; x_wconf 83' lang='grc' dir='ltr'><strong>Διά</strong></span> <span class='ocrx_word' id='word_1_271' title='bbox 3552 979 3634 1014; x_wconf 89' lang='grc' dir='ltr'><strong>τοι</strong></span> <span class='ocrx_word' id='word_1_272' title='bbox 3662 964 3825 1017; x_wconf 74' lang='grc' dir='ltr'>ταῦτα</span> 
     </span>
    </p>
   </div>
   <div class='ocr_carea' id='block_1_38' title="bbox 2242 1040 3826 1123">
    <p class='ocr_par' dir='ltr' id='par_1_38' title="bbox 2242 1040 3826 1123">
     <span class='ocr_line' id='line_1_38' title="bbox 2242 1040 3826 1123; baseline 0.004 -24"><span class='ocrx_word' id='word_1_273' title='bbox 2242 1048 2518 1118; x_wconf 77' lang='grc' dir='ltr'>ἐρυθριῶν</span> <span class='ocrx_word' id='word_1_274' title='bbox 2545 1043 2660 1101; x_wconf 80' lang='grc' dir='ltr'>οἷον</span> <span class='ocrx_word' id='word_1_275' title='bbox 2724 1048 2812 1100; x_wconf 73' lang='grc' dir='ltr'><strong>διὰ</strong></span> <span class='ocrx_word' id='word_1_276' title='bbox 2841 1047 2902 1100; x_wconf 83' lang='grc' dir='ltr'><strong>τὸ</strong></span> <span class='ocrx_word' id='word_1_277' title='bbox 2929 1048 3082 1114; x_wconf 80' lang='grc' dir='ltr'>σφῶν</span> <span class='ocrx_word' id='word_1_278' title='bbox 3112 1049 3401 1120; x_wconf 80' lang='grc' dir='ltr'>ἄπρακτον</span> <span class='ocrx_word' id='word_1_279' title='bbox 3431 1052 3461 1103; x_wconf 83' lang='grc' dir='ltr'>ὁ</span> <span class='ocrx_word' id='word_1_280' title='bbox 3495 1040 3678 1105; x_wconf 70' lang='grc' dir='ltr'>αὐτῶν</span> <span class='ocrx_word' id='word_1_281' title='bbox 3711 1053 3826 1123; x_wconf 75' lang='grc' dir='ltr'><strong>ἑξη-</strong></span> 
     </span>
    </p>
   </div>
   <div class='ocr_carea' id='block_1_39' title="bbox 2242 1139 3826 1214">
    <p class='ocr_par' dir='ltr' id='par_1_39' title="bbox 2242 1139 3826 1214">
     <span class='ocr_line' id='line_1_39' title="bbox 2242 1139 3826 1214; baseline 0.006 -25"><span class='ocrx_word' id='word_1_282' title='bbox 2242 1141 2510 1208; x_wconf 75' lang='grc' dir='ltr'>γούμενος</span> <span class='ocrx_word' id='word_1_283' title='bbox 2549 1139 2688 1207; x_wconf 76' lang='grc' dir='ltr'>πρὸς</span> <span class='ocrx_word' id='word_1_284' title='bbox 2751 1139 2980 1209; x_wconf 82' lang='grc' dir='ltr'>βασιλέα</span> <span class='ocrx_word' id='word_1_285' title='bbox 3035 1144 3390 1209; x_wconf 85' lang='grc' dir='ltr'>ταχυναυτεῖ.</span> <span class='ocrx_word' id='word_1_286' title='bbox 3453 1144 3564 1195; x_wconf 72' lang='grc' dir='ltr'>Καὶ</span> <span class='ocrx_word' id='word_1_287' title='bbox 3621 1146 3686 1195; x_wconf 74' lang='grc' dir='ltr'><strong>τά</strong></span> <span class='ocrx_word' id='word_1_288' title='bbox 3733 1147 3826 1214; x_wconf 82' lang='grc' dir='ltr'>μὲν</span> 
     </span>
    </p>
   </div>
   <div class='ocr_carea' id='block_1_40' title="bbox 2243 1227 3827 1306">
    <p class='ocr_par' dir='ltr' id='par_1_40' title="bbox 2243 1227 3827 1306">
     <span class='ocr_line' id='line_1_40' title="bbox 2243 1227 3827 1306; baseline 0.003 -22"><span class='ocrx_word' id='word_1_289' title='bbox 2243 1234 2468 1286; x_wconf 81' lang='grc' dir='ltr'>ἐκείνων</span> <span class='ocrx_word' id='word_1_290' title='bbox 2497 1232 2573 1295; x_wconf 84' lang='grc' dir='ltr'>ὡς</span> <span class='ocrx_word' id='word_1_291' title='bbox 2620 1227 2732 1284; x_wconf 76' lang='grc' dir='ltr'>οἷόν</span> <span class='ocrx_word' id='word_1_292' title='bbox 2763 1249 2822 1286; x_wconf 91' lang='grc' dir='ltr'><strong>τε</strong></span> <span class='ocrx_word' id='word_1_293' title='bbox 2853 1233 3149 1296; x_wconf 79' lang='grc' dir='ltr'>ὲπειλύων,</span> <span class='ocrx_word' id='word_1_294' title='bbox 3192 1235 3335 1302; x_wconf 76' lang='grc' dir='ltr'>μόνα</span> <span class='ocrx_word' id='word_1_295' title='bbox 3383 1234 3442 1287; x_wconf 85' lang='grc' dir='ltr'>δὲ</span> <span class='ocrx_word' id='word_1_296' title='bbox 3467 1235 3536 1286; x_wconf 80' lang='grc' dir='ltr'><strong>τὰ</strong></span> <span class='ocrx_word' id='word_1_297' title='bbox 3572 1238 3700 1306; x_wconf 80' lang='grc' dir='ltr'>περὶ</span> <span class='ocrx_word' id='word_1_298' title='bbox 3727 1240 3827 1290; x_wconf 86' lang='grc' dir='ltr'><strong>τῶν</strong></span> 
     </span>
    </p>
   </div>
   <div class='ocr_carea' id='block_1_41' title="bbox 2246 1321 3824 1392">
    <p class='ocr_par' dir='ltr' id='par_1_41' title="bbox 2246 1321 3824 1392">
     <span class='ocr_line' id='line_1_41' title="bbox 2246 1321 3824 1392; baseline 0.004 -18"><span class='ocrx_word' id='word_1_299' title='bbox 2246 1321 2456 1392; x_wconf 84' lang='grc' dir='ltr'>μισθῶν</span> <span class='ocrx_word' id='word_1_300' title='bbox 2486 1322 2788 1388; x_wconf 76' lang='grc' dir='ltr'>ἀνενέγκας</span> <span class='ocrx_word' id='word_1_301' title='bbox 2835 1324 2930 1375; x_wconf 79' lang='grc' dir='ltr'>καὶ</span> <span class='ocrx_word' id='word_1_302' title='bbox 2961 1322 3194 1392; x_wconf 73' lang='grc' dir='ltr'>δεηθεὶς,</span> <span class='ocrx_word' id='word_1_303' title='bbox 3229 1323 3310 1376; x_wconf 82' lang='grc' dir='ltr'>ἔτι</span> <span class='ocrx_word' id='word_1_304' title='bbox 3356 1325 3418 1378; x_wconf 78' lang='grc' dir='ltr'>δὲ</span> <span class='ocrx_word' id='word_1_305' title='bbox 3453 1326 3550 1378; x_wconf 78' lang='grc' dir='ltr'>καὶ</span> <span class='ocrx_word' id='word_1_306' title='bbox 3594 1327 3824 1386; x_wconf 71' lang='grc' dir='ltr'>Ἀλανοῖς</span> 
     </span>
    </p>
   </div>
   <div class='ocr_carea' id='block_1_42' title="bbox 2243 1412 3825 1488">
    <p class='ocr_par' dir='ltr' id='par_1_42' title="bbox 2243 1412 3825 1488">
     <span class='ocr_line' id='line_1_42' title="bbox 2243 1412 3825 1488; baseline 0.001 -20"><span class='ocrx_word' id='word_1_307' title='bbox 2243 1412 2560 1468; x_wconf 87' lang='grc' dir='ltr'>ἱκανοῦσθαι</span> <span class='ocrx_word' id='word_1_308' title='bbox 2594 1413 2766 1467; x_wconf 85' lang='grc' dir='ltr'>θέλων</span> <span class='ocrx_word' id='word_1_309' title='bbox 2795 1415 2870 1476; x_wconf 83' lang='grc' dir='ltr'>ὡς</span> <span class='ocrx_word' id='word_1_310' title='bbox 2901 1415 3147 1483; x_wconf 76' lang='grc' dir='ltr'>ἀρεῖκοῖς</span> <span class='ocrx_word' id='word_1_311' title='bbox 3183 1417 3250 1469; x_wconf 85' lang='grc' dir='ltr'>τὰ</span> <span class='ocrx_word' id='word_1_312' title='bbox 3284 1417 3337 1479; x_wconf 78' lang='grc' dir='ltr'>ὲς</span> <span class='ocrx_word' id='word_1_313' title='bbox 3378 1416 3622 1486; x_wconf 76' lang='grc' dir='ltr'>πόλεμον</span> <span class='ocrx_word' id='word_1_314' title='bbox 3652 1418 3825 1488; x_wconf 76' lang='grc' dir='ltr'>(ἐῴκει</span> 
     </span>
    </p>
   </div>
   <div class='ocr_carea' id='block_1_43' title="bbox 2240 1507 3824 1579">
    <p class='ocr_par' dir='ltr' id='par_1_43' title="bbox 2240 1507 3824 1579">
     <span class='ocr_line' id='line_1_43' title="bbox 2240 1507 3824 1579; baseline 0.001 -19"><span class='ocrx_word' id='word_1_315' title='bbox 2240 1508 2352 1578; x_wconf 86' lang='grc' dir='ltr'>γὰρ</span> <span class='ocrx_word' id='word_1_316' title='bbox 2386 1509 2617 1570; x_wconf 80' lang='grc' dir='ltr'>ἐκείνοις</span> <span class='ocrx_word' id='word_1_317' title='bbox 2643 1507 2722 1575; x_wconf 82' lang='grc' dir='ltr'>τῷ</span> <span class='ocrx_word' id='word_1_318' title='bbox 2761 1507 2898 1577; x_wconf 83' lang='grc' dir='ltr'>μηδὲ</span> <span class='ocrx_word' id='word_1_319' title='bbox 2930 1509 3043 1571; x_wconf 81' lang='grc' dir='ltr'>τοῖς</span> <span class='ocrx_word' id='word_1_320' title='bbox 3077 1509 3225 1571; x_wconf 81' lang='grc' dir='ltr'>ίδίοις</span> <span class='ocrx_word' id='word_1_321' title='bbox 3254 1509 3615 1579; x_wconf 79' lang='grc' dir='ltr'>πιστεύοντι),</span> <span class='ocrx_word' id='word_1_322' title='bbox 3643 1512 3708 1563; x_wconf 83' lang='grc' dir='ltr'><strong>τά</strong></span> <span class='ocrx_word' id='word_1_323' title='bbox 3733 1513 3824 1578; x_wconf 78' lang='grc' dir='ltr'><strong>μὲν</strong></span> 
     </span>
    </p>
   </div>
   <div class='ocr_carea' id='block_1_44' title="bbox 2245 1599 3824 1672">
    <p class='ocr_par' dir='ltr' id='par_1_44' title="bbox 2245 1599 3824 1672">
     <span class='ocr_line' id='line_1_44' title="bbox 2245 1599 3824 1672; baseline 0.003 -20"><span class='ocrx_word' id='word_1_324' title='bbox 2245 1601 2501 1655; x_wconf 79' lang='grc' dir='ltr'>ἐντεῦθεν</span> <span class='ocrx_word' id='word_1_325' title='bbox 2533 1599 2736 1666; x_wconf 76' lang='grc' dir='ltr'>λαϐὼν,</span> <span class='ocrx_word' id='word_1_326' title='bbox 2771 1601 2840 1654; x_wconf 84' lang='grc' dir='ltr'><strong>τά</strong></span> <span class='ocrx_word' id='word_1_327' title='bbox 2869 1600 2926 1655; x_wconf 84' lang='grc' dir='ltr'>δὲ</span> <span class='ocrx_word' id='word_1_328' title='bbox 2957 1604 3050 1654; x_wconf 75' lang='grc' dir='ltr'><strong>καὶ</strong></span> <span class='ocrx_word' id='word_1_329' title='bbox 3094 1602 3336 1672; x_wconf 73' lang='grc' dir='ltr'>ὁρισθεὶς</span> <span class='ocrx_word' id='word_1_330' title='bbox 3380 1604 3446 1656; x_wconf 86' lang='grc' dir='ltr'>ὲκ</span> <span class='ocrx_word' id='word_1_331' title='bbox 3473 1605 3656 1672; x_wconf 75' lang='grc' dir='ltr'>νήσων</span> <span class='ocrx_word' id='word_1_332' title='bbox 3682 1603 3824 1656; x_wconf 60' lang='lat' dir='ltr'><strong>Mi-</strong></span> 
     </span>
    </p>
   </div>
   <div class='ocr_carea' id='block_1_45' title="bbox 2246 1694 3851 1765">
    <p class='ocr_par' dir='ltr' id='par_1_45' title="bbox 2246 1694 3851 1765">
     <span class='ocr_line' id='line_1_45' title="bbox 2246 1694 3851 1765; baseline 0.002 -19"><span class='ocrx_word' id='word_1_333' title='bbox 2246 1695 2353 1760; x_wconf 84' lang='grc' dir='ltr'>ξαι,</span> <span class='ocrx_word' id='word_1_334' title='bbox 2387 1694 2474 1747; x_wconf 78' lang='grc' dir='ltr'>διὰ</span> <span class='ocrx_word' id='word_1_335' title='bbox 2515 1695 2731 1764; x_wconf 85' lang='grc' dir='ltr'>ταχέων</span> <span class='ocrx_word' id='word_1_336' title='bbox 2762 1695 3109 1764; x_wconf 82' lang='grc' dir='ltr'>ὑπέστρεφεν</span> <span class='ocrx_word' id='word_1_337' title='bbox 3158 1696 3230 1758; x_wconf 86' lang='grc' dir='ltr'>ὡς</span> <span class='ocrx_word' id='word_1_338' title='bbox 3271 1697 3514 1764; x_wconf 80' lang='grc' dir='ltr'>ἑτοίμως</span> <span class='ocrx_word' id='word_1_339' title='bbox 3549 1697 3851 1765; x_wconf 25' lang='grc' dir='ltr'>δεξόμενος,</span> 
     </span>
    </p>
   </div>
   <div class='ocr_carea' id='block_1_46' title="bbox 2247 1785 3820 1860">
    <p class='ocr_par' dir='ltr' id='par_1_46' title="bbox 2247 1785 3820 1860">
     <span class='ocr_line' id='line_1_46' title="bbox 2247 1785 3820 1860; baseline 0.002 -21"><span class='ocrx_word' id='word_1_340' title='bbox 2247 1787 2336 1839; x_wconf 80' lang='grc' dir='ltr'>καὶ</span> <span class='ocrx_word' id='word_1_341' title='bbox 2382 1787 2584 1849; x_wconf 77' lang='grc' dir='ltr'>ἵππους</span> <span class='ocrx_word' id='word_1_342' title='bbox 2637 1785 2934 1850; x_wconf 84' lang='grc' dir='ltr'>σταλέντας</span> <span class='ocrx_word' id='word_1_343' title='bbox 2975 1788 3089 1850; x_wconf 87' lang='grc' dir='ltr'>τοῖς</span> <span class='ocrx_word' id='word_1_344' title='bbox 3145 1789 3419 1852; x_wconf 78' lang='grc' dir='ltr'>Ἀλανοῖς,</span> <span class='ocrx_word' id='word_1_345' title='bbox 3457 1789 3534 1852; x_wconf 84' lang='grc' dir='ltr'>ὡς</span> <span class='ocrx_word' id='word_1_346' title='bbox 3584 1790 3820 1860; x_wconf 77' lang='grc' dir='ltr'>ἑζήτητο.</span> 
     </span>
    </p>
   </div>
   <div class='ocr_carea' id='block_1_47' title="bbox 2247 1878 3822 1951">
    <p class='ocr_par' dir='ltr' id='par_1_47' title="bbox 2247 1878 3822 1951">
     <span class='ocr_line' id='line_1_47' title="bbox 2247 1878 3822 1951; baseline 0.001 -19"><span class='ocrx_word' id='word_1_347' title='bbox 2247 1880 2443 1947; x_wconf 83' lang='grc' dir='ltr'>Γέγονε</span> <span class='ocrx_word' id='word_1_348' title='bbox 2477 1879 2672 1933; x_wconf 79' lang='grc' dir='ltr'>ταῦτα.</span> <span class='ocrx_word' id='word_1_349' title='bbox 2701 1878 2811 1932; x_wconf 74' lang='grc' dir='ltr'><strong>Καὶ</strong></span> <span class='ocrx_word' id='word_1_350' title='bbox 2835 1880 2862 1930; x_wconf 82' lang='grc' dir='ltr'><strong>ὁ</strong></span> <span class='ocrx_word' id='word_1_351' title='bbox 2887 1879 2987 1948; x_wconf 84' lang='grc' dir='ltr'>μὲν</span> <span class='ocrx_word' id='word_1_352' title='bbox 3011 1881 3078 1932; x_wconf 87' lang='grc' dir='ltr'>δι’</span> <span class='ocrx_word' id='word_1_353' title='bbox 3104 1881 3233 1950; x_wconf 86' lang='grc' dir='ltr'>ὅλης</span> <span class='ocrx_word' id='word_1_354' title='bbox 3256 1881 3356 1950; x_wconf 77' lang='grc' dir='ltr'>τῆς</span> <span class='ocrx_word' id='word_1_355' title='bbox 3385 1882 3822 1951; x_wconf 72' lang='grc' dir='ltr'>τεσσαρακοστῆς</span> 
     </span>
    </p>
   </div>
   <div class='ocr_carea' id='block_1_48' title="bbox 2249 1972 3822 2045">
    <p class='ocr_par' dir='ltr' id='par_1_48' title="bbox 2249 1972 3822 2045">
     <span class='ocr_line' id='line_1_48' title="bbox 2249 1972 3822 2045; baseline 0.001 -21"><span class='ocrx_word' id='word_1_356' title='bbox 2249 1975 2453 2044; x_wconf 77' lang='grc' dir='ltr'>πεῖραν</span> <span class='ocrx_word' id='word_1_357' title='bbox 2491 1973 2672 2035; x_wconf 64' lang='grc' dir='ltr'>διδοὺς</span> <span class='ocrx_word' id='word_1_358' title='bbox 2713 1974 2810 2025; x_wconf 79' lang='grc' dir='ltr'>καὶ</span> <span class='ocrx_word' id='word_1_359' title='bbox 2855 1972 3154 2042; x_wconf 75' lang='grc' dir='ltr'>λαμϐάνων</span> <span class='ocrx_word' id='word_1_360' title='bbox 3201 1975 3291 2027; x_wconf 78' lang='grc' dir='ltr'>ἐπὶ</span> <span class='ocrx_word' id='word_1_361' title='bbox 3355 1975 3433 2044; x_wconf 83' lang='grc' dir='ltr'>τῷ</span> <span class='ocrx_word' id='word_1_362' title='bbox 3497 1977 3822 2045; x_wconf 82' lang='grc' dir='ltr'>παραμένειν</span> 
     </span>
    </p>
   </div>
   <div class='ocr_carea' id='block_1_49' title="bbox 2248 2062 3819 2135">
    <p class='ocr_par' dir='ltr' id='par_1_49' title="bbox 2248 2062 3819 2135">
     <span class='ocr_line' id='line_1_49' title="bbox 2248 2062 3819 2135; baseline 0.002 -19"><span class='ocrx_word' id='word_1_363' title='bbox 2248 2065 2342 2118; x_wconf 66' lang='grc' dir='ltr'><strong>καὶ</strong></span> <span class='ocrx_word' id='word_1_364' title='bbox 2364 2063 2766 2134; x_wconf 86' lang='grc' dir='ltr'>προθυμεῖσθαι</span> <span class='ocrx_word' id='word_1_365' title='bbox 2797 2062 2888 2116; x_wconf 78' lang='grc' dir='ltr'><strong>τὸν</strong></span> <span class='ocrx_word' id='word_1_366' title='bbox 2915 2064 3012 2134; x_wconf 80' lang='grc' dir='ltr'>τὴν</span> <span class='ocrx_word' id='word_1_367' title='bbox 3039 2065 3207 2135; x_wconf 80' lang='grc' dir='ltr'>ρόγαν</span> <span class='ocrx_word' id='word_1_368' title='bbox 3228 2066 3492 2133; x_wconf 71' lang='grc' dir='ltr'>λαϐόντα,</span> <span class='ocrx_word' id='word_1_369' title='bbox 3538 2067 3679 2122; x_wconf 78' lang='grc' dir='ltr'>οὕτω</span> <span class='ocrx_word' id='word_1_370' title='bbox 3719 2066 3819 2120; x_wconf 80' lang='grc' dir='ltr'>διέ-</span> 
     </span>
    </p>
   </div>
   <div class='ocr_carea' id='block_1_50' title="bbox 2247 2239 3814 2310">
    <p class='ocr_par' dir='ltr' id='par_1_50' title="bbox 2247 2239 3814 2310">
     <span class='ocr_line' id='line_1_50' title="bbox 2247 2239 3814 2310; baseline -0.001 -14"><span class='ocrx_word' id='word_1_371' title='bbox 2247 2241 2623 2297; x_wconf 78' lang='lat' dir='ltr'><strong>exeusaudam</strong></span> <span class='ocrx_word' id='word_1_372' title='bbox 2686 2241 3054 2310; x_wconf 83' lang='lat' dir='ltr'><strong>argumentis.</strong></span> <span class='ocrx_word' id='word_1_373' title='bbox 3108 2239 3173 2294; x_wconf 85' lang='lat' dir='ltr'><strong>Et</strong></span> <span class='ocrx_word' id='word_1_374' title='bbox 3213 2240 3412 2297; x_wconf 80' lang='lat' dir='ltr'><strong>faciles</strong></span> <span class='ocrx_word' id='word_1_375' title='bbox 3467 2242 3556 2296; x_wconf 92' lang='lat' dir='ltr'><strong>ille</strong></span> <span class='ocrx_word' id='word_1_376' title='bbox 3615 2241 3814 2310; x_wconf 84' lang='lat' dir='ltr'><strong>quidem</strong></span> 
     </span>
    </p>
   </div>
   <div class='ocr_carea' id='block_1_51' title="bbox 2246 2332 3816 2402">
    <p class='ocr_par' dir='ltr' id='par_1_51' title="bbox 2246 2332 3816 2402">
     <span class='ocr_line' id='line_1_51' title="bbox 2246 2332 3816 2402; baseline 0 -16"><span class='ocrx_word' id='word_1_377' title='bbox 2246 2347 2409 2386; x_wconf 91' lang='lat' dir='ltr'><strong>aures</strong></span> <span class='ocrx_word' id='word_1_378' title='bbox 2446 2332 2710 2402; x_wconf 67' lang='lat' dir='ltr'><strong>principis</strong></span> <span class='ocrx_word' id='word_1_379' title='bbox 2746 2333 3026 2400; x_wconf 85' lang='lat' dir='ltr'><strong>reperiens</strong></span> <span class='ocrx_word' id='word_1_380' title='bbox 3063 2347 3288 2387; x_wconf 88' lang='lat' dir='ltr'><strong>causam</strong></span> <span class='ocrx_word' id='word_1_381' title='bbox 3356 2333 3597 2389; x_wconf 90' lang='lat' dir='ltr'><strong>obtinuit</strong></span> <span class='ocrx_word' id='word_1_382' title='bbox 3638 2333 3816 2388; x_wconf 79' lang='lat' dir='ltr'><strong>diffici-</strong></span> 
     </span>
    </p>
   </div>
   <div class='ocr_carea' id='block_1_52' title="bbox 2244 2424 3815 2498">
    <p class='ocr_par' dir='ltr' id='par_1_52' title="bbox 2244 2424 3815 2498">
     <span class='ocr_line' id='line_1_52' title="bbox 2244 2424 3815 2498; baseline -0.001 -18"><span class='ocrx_word' id='word_1_383' title='bbox 2244 2429 2370 2490; x_wconf 90' lang='lat' dir='ltr'><strong>lem,</strong></span> <span class='ocrx_word' id='word_1_384' title='bbox 2427 2435 2480 2482; x_wconf 92' lang='lat' dir='ltr'><strong>et</strong></span> <span class='ocrx_word' id='word_1_385' title='bbox 2543 2424 2779 2479; x_wconf 84' lang='lat' dir='ltr'><strong>feliciter</strong></span> <span class='ocrx_word' id='word_1_386' title='bbox 2825 2425 3071 2478; x_wconf 83' lang='lat' dir='ltr'><strong>disertus</strong></span> <span class='ocrx_word' id='word_1_387' title='bbox 3125 2427 3292 2479; x_wconf 89' lang='lat' dir='ltr'><strong>etiam</strong></span> <span class='ocrx_word' id='word_1_388' title='bbox 3354 2443 3528 2483; x_wconf 88' lang='lat' dir='ltr'><strong>novas</strong></span> <span class='ocrx_word' id='word_1_389' title='bbox 3574 2428 3815 2498; x_wconf 83' lang='lat' dir='ltr'><strong>pecunias</strong></span> 
     </span>
    </p>
   </div>
   <div class='ocr_carea' id='block_1_53' title="bbox 2243 2517 3817 2590">
    <p class='ocr_par' dir='ltr' id='par_1_53' title="bbox 2243 2517 3817 2590">
     <span class='ocr_line' id='line_1_53' title="bbox 2243 2517 3817 2590; baseline -0.001 -18"><span class='ocrx_word' id='word_1_390' title='bbox 2243 2517 2560 2588; x_wconf 83' lang='lat' dir='ltr'><strong>impetravit</strong></span> <span class='ocrx_word' id='word_1_391' title='bbox 2589 2517 2642 2571; x_wconf 88' lang='lat' dir='ltr'><strong>itt</strong></span> <span class='ocrx_word' id='word_1_392' title='bbox 2677 2517 2960 2572; x_wconf 83' lang='lat' dir='ltr'><strong>mercedes</strong></span> <span class='ocrx_word' id='word_1_393' title='bbox 2985 2517 3308 2581; x_wconf 76' lang='lat' dir='ltr'><strong>Alanorum,</strong></span> <span class='ocrx_word' id='word_1_394' title='bbox 3357 2538 3589 2590; x_wconf 85' lang='lat' dir='ltr'><strong>quorum</strong></span> <span class='ocrx_word' id='word_1_395' title='bbox 3638 2519 3817 2590; x_wconf 60' lang='lat' dir='ltr'><strong>praedi-</strong></span> 
     </span>
    </p>
   </div>
   <div class='ocr_carea' id='block_1_54' title="bbox 2245 2609 3814 2680">
    <p class='ocr_par' dir='ltr' id='par_1_54' title="bbox 2245 2609 3814 2680">
     <span class='ocr_line' id='line_1_54' title="bbox 2245 2609 3814 2680; baseline 0.001 -16"><span class='ocrx_word' id='word_1_396' title='bbox 2245 2611 2423 2665; x_wconf 89' lang='lat' dir='ltr'><strong>canda</strong></span> <span class='ocrx_word' id='word_1_397' title='bbox 2457 2609 2782 2664; x_wconf 82' lang='lat' dir='ltr'><strong>fortitudine</strong></span> <span class='ocrx_word' id='word_1_398' title='bbox 2817 2620 2870 2664; x_wconf 91' lang='lat' dir='ltr'><strong>et</strong></span> <span class='ocrx_word' id='word_1_399' title='bbox 2926 2612 3019 2664; x_wconf 88' lang='lat' dir='ltr'><strong>tali</strong></span> <span class='ocrx_word' id='word_1_400' title='bbox 3057 2619 3306 2680; x_wconf 90' lang='lat' dir='ltr'><strong>tempore</strong></span> <span class='ocrx_word' id='word_1_401' title='bbox 3369 2616 3686 2669; x_wconf 71' lang='lat' dir='ltr'><strong>nece;sitate</strong></span> <span class='ocrx_word' id='word_1_402' title='bbox 3729 2627 3814 2680; x_wconf 86' lang='lat' dir='ltr'><strong>op-</strong></span> 
     </span>
    </p>
   </div>
   <div class='ocr_carea' id='block_1_55' title="bbox 2248 2703 3816 2774">
    <p class='ocr_par' dir='ltr' id='par_1_55' title="bbox 2248 2703 3816 2774">
     <span class='ocr_line' id='line_1_55' title="bbox 2248 2703 3816 2774; baseline -0.001 -16"><span class='ocrx_word' id='word_1_403' title='bbox 2248 2705 2388 2768; x_wconf 88' lang='lat' dir='ltr'><strong>timi,</strong></span> <span class='ocrx_word' id='word_1_404' title='bbox 2419 2712 2480 2757; x_wconf 89' lang='lat' dir='ltr'><strong>ttt</strong></span> <span class='ocrx_word' id='word_1_405' title='bbox 2515 2703 2720 2768; x_wconf 84' lang='lat' dir='ltr'><strong>aiebat,</strong></span> <span class='ocrx_word' id='word_1_406' title='bbox 2743 2703 2965 2774; x_wconf 80' lang='lat' dir='ltr'><strong>generis</strong></span> <span class='ocrx_word' id='word_1_407' title='bbox 3005 2703 3246 2757; x_wconf 87' lang='lat' dir='ltr'><strong>militum</strong></span> <span class='ocrx_word' id='word_1_408' title='bbox 3279 2705 3508 2774; x_wconf 88' lang='lat' dir='ltr'><strong>(horum</strong></span> <span class='ocrx_word' id='word_1_409' title='bbox 3565 2707 3662 2760; x_wconf 90' lang='lat' dir='ltr'><strong>hac</strong></span> <span class='ocrx_word' id='word_1_410' title='bbox 3711 2715 3816 2757; x_wconf 85' lang='lat' dir='ltr'><strong>arte</strong></span> 
     </span>
    </p>
   </div>
   <div class='ocr_carea' id='block_1_56' title="bbox 2246 2794 3814 2866">
    <p class='ocr_par' dir='ltr' id='par_1_56' title="bbox 2246 2794 3814 2866">
     <span class='ocr_line' id='line_1_56' title="bbox 2246 2794 3814 2866; baseline 0 -19"><span class='ocrx_word' id='word_1_411' title='bbox 2246 2794 2352 2848; x_wconf 86' lang='lat' dir='ltr'><strong>sibi</strong></span> <span class='ocrx_word' id='word_1_412' title='bbox 2384 2794 2568 2849; x_wconf 88' lang='lat' dir='ltr'><strong>studia</strong></span> <span class='ocrx_word' id='word_1_413' title='bbox 2602 2796 2959 2850; x_wconf 80' lang='lat' dir='ltr'><strong>conciliatum</strong></span> <span class='ocrx_word' id='word_1_414' title='bbox 2992 2796 3127 2860; x_wconf 80' lang='lat' dir='ltr'><strong>ibat,</strong></span> <span class='ocrx_word' id='word_1_415' title='bbox 3170 2798 3422 2866; x_wconf 86' lang='lat' dir='ltr'><strong>propriis</strong></span> <span class='ocrx_word' id='word_1_416' title='bbox 3447 2797 3559 2866; x_wconf 90' lang='lat' dir='ltr'><strong>jam</strong></span> <span class='ocrx_word' id='word_1_417' title='bbox 3589 2795 3814 2848; x_wconf 77' lang='lat' dir='ltr'><strong>difﬁdens</strong></span> 
     </span>
    </p>
   </div>
   <div class='ocr_carea' id='block_1_57' title="bbox 2246 2885 3813 2958">
    <p class='ocr_par' dir='ltr' id='par_1_57' title="bbox 2246 2885 3813 2958">
     <span class='ocr_line' id='line_1_57' title="bbox 2246 2885 3813 2958; baseline -0.003 -16"><span class='ocrx_word' id='word_1_418' title='bbox 2246 2889 2445 2958; x_wconf 83' lang='lat' dir='ltr'><strong>copiis,</strong></span> <span class='ocrx_word' id='word_1_419' title='bbox 2476 2903 2711 2957; x_wconf 89' lang='lat' dir='ltr'><strong>quarum</strong></span> <span class='ocrx_word' id='word_1_420' title='bbox 2741 2896 2858 2940; x_wconf 86' lang='lat' dir='ltr'><strong>erat</strong></span> <span class='ocrx_word' id='word_1_421' title='bbox 2893 2887 3152 2942; x_wconf 79' lang='lat' dir='ltr'><strong>conscius</strong></span> <span class='ocrx_word' id='word_1_422' title='bbox 3177 2898 3462 2942; x_wconf 76' lang='lat' dir='ltr'><strong>contuma.</strong></span> <span class='ocrx_word' id='word_1_423' title='bbox 3486 2890 3568 2951; x_wconf 71' lang='lat' dir='ltr'><strong>ne,</strong></span> <span class='ocrx_word' id='word_1_424' title='bbox 3593 2902 3637 2942; x_wconf 89' lang='lat' dir='ltr'><strong>et</strong></span> <span class='ocrx_word' id='word_1_425' title='bbox 3663 2885 3813 2954; x_wconf 86' lang='lat' dir='ltr'><strong>aqui-</strong></span> 
     </span>
    </p>
   </div>
   <div class='ocr_carea' id='block_1_58' title="bbox 2245 2977 3812 3049">
    <p class='ocr_par' dir='ltr' id='par_1_58' title="bbox 2245 2977 3812 3049">
     <span class='ocr_line' id='line_1_58' title="bbox 2245 2977 3812 3049; baseline -0.003 -15"><span class='ocrx_word' id='word_1_426' title='bbox 2245 2981 2350 3035; x_wconf 86' lang='lat' dir='ltr'><strong>bus</strong></span> <span class='ocrx_word' id='word_1_427' title='bbox 2383 2995 2578 3048; x_wconf 87' lang='lat' dir='ltr'><strong>magna</strong></span> <span class='ocrx_word' id='word_1_428' title='bbox 2606 2981 2716 3049; x_wconf 86' lang='lat' dir='ltr'><strong>jam</strong></span> <span class='ocrx_word' id='word_1_429' title='bbox 2742 2995 2808 3033; x_wconf 80' lang='lat' dir='ltr'><strong>ex</strong></span> <span class='ocrx_word' id='word_1_430' title='bbox 2846 2989 2999 3049; x_wconf 89' lang='lat' dir='ltr'><strong>parte</strong></span> <span class='ocrx_word' id='word_1_431' title='bbox 3039 2980 3253 3048; x_wconf 87' lang='lat' dir='ltr'><strong>injussu</strong></span> <span class='ocrx_word' id='word_1_432' title='bbox 3285 2980 3627 3036; x_wconf 84' lang='lat' dir='ltr'><strong>abeuntibus</strong></span> <span class='ocrx_word' id='word_1_433' title='bbox 3669 2977 3812 3032; x_wconf 70' lang='lat' dir='ltr'><strong>desti-</strong></span> 
     </span>
    </p>
   </div>
   <div class='ocr_carea' id='block_1_59' title="bbox 537 3070 3811 3147">
    <p class='ocr_par' dir='ltr' id='par_1_59' title="bbox 537 3070 3811 3147">
     <span class='ocr_line' id='line_1_59' title="bbox 537 3070 3811 3147; baseline -0.004 -13"><span class='ocrx_word' id='word_1_434' title='bbox 537 3081 733 3134; x_wconf 62' lang='lat' dir='ltr'><strong>«lefuit</strong></span> <span class='ocrx_word' id='word_1_435' title='bbox 776 3089 956 3133; x_wconf 90' lang='lat' dir='ltr'><strong>tamen</strong></span> <span class='ocrx_word' id='word_1_436' title='bbox 993 3094 1023 3132; x_wconf 94' lang='lat' dir='ltr'><strong>e</strong></span> <span class='ocrx_word' id='word_1_437' title='bbox 1053 3075 1262 3130; x_wconf 88' lang='lat' dir='ltr'><strong>nostris</strong></span> <span class='ocrx_word' id='word_1_438' title='bbox 1305 3075 1580 3145; x_wconf 83' lang='lat' dir='ltr'><strong>quispiam</strong></span> <span class='ocrx_word' id='word_1_439' title='bbox 1634 3083 1803 3128; x_wconf 67' lang='lat' dir='ltr'><strong>tantm</strong></span> <span class='ocrx_word' id='word_1_440' title='bbox 1853 3073 2214 3147; x_wconf 77' lang='lat' dir='ltr'><strong>impatiensc</strong></span> <span class='ocrx_word' id='word_1_441' title='bbox 2252 3086 2401 3128; x_wconf 87' lang='lat' dir='ltr'><strong>tutus</strong></span> <span class='ocrx_word' id='word_1_442' title='bbox 2439 3072 2637 3142; x_wconf 83' lang='lat' dir='ltr'><strong>fuerat)</strong></span> <span class='ocrx_word' id='word_1_443' title='bbox 2695 3073 2861 3127; x_wconf 92' lang='lat' dir='ltr'><strong>evieit</strong></span> <span class='ocrx_word' id='word_1_444' title='bbox 2912 3081 2973 3126; x_wconf 92' lang='lat' dir='ltr'><strong>ut</strong></span> <span class='ocrx_word' id='word_1_445' title='bbox 3001 3088 3214 3126; x_wconf 90' lang='lat' dir='ltr'><strong>summa</strong></span> <span class='ocrx_word' id='word_1_446' title='bbox 3273 3074 3392 3129; x_wconf 81' lang='lat' dir='ltr'><strong>sibi</strong></span> <span class='ocrx_word' id='word_1_447' title='bbox 3454 3091 3560 3130; x_wconf 91' lang='lat' dir='ltr'><strong>non</strong></span> <span class='ocrx_word' id='word_1_448' title='bbox 3621 3070 3811 3126; x_wconf 74' lang='lat' dir='ltr'><strong>modica</strong></span> 
     </span>
    </p>
   </div>
   <div class='ocr_carea' id='block_1_60' title="bbox 543 3163 2140 3237">
    <p class='ocr_par' dir='ltr' id='par_1_60' title="bbox 543 3163 2140 3237">
     <span class='ocr_line' id='line_1_60' title="bbox 543 3163 2140 3237; baseline -0.005 -13"><span class='ocrx_word' id='word_1_449' title='bbox 543 3170 932 3233; x_wconf 61' lang='lat' dir='ltr'><strong>contumeliae,</strong></span> <span class='ocrx_word' id='word_1_450' title='bbox 956 3171 1048 3237; x_wconf 88' lang='lat' dir='ltr'><strong>qui</strong></span> <span class='ocrx_word' id='word_1_451' title='bbox 1083 3167 1240 3237; x_wconf 86' lang='lat' dir='ltr'><strong>prius</strong></span> <span class='ocrx_word' id='word_1_452' title='bbox 1262 3176 1445 3221; x_wconf 80' lang='lat' dir='ltr'><strong>certus</strong></span> <span class='ocrx_word' id='word_1_453' title='bbox 1473 3165 1690 3236; x_wconf 87' lang='lat' dir='ltr'><strong>quidvis</strong></span> <span class='ocrx_word' id='word_1_454' title='bbox 1736 3163 1945 3234; x_wconf 85' lang='lat' dir='ltr'><strong>perpeti</strong></span> <span class='ocrx_word' id='word_1_455' title='bbox 1975 3179 2140 3234; x_wconf 89' lang='lat' dir='ltr'><strong>quam</strong></span> 
     </span>
    </p>
   </div>
   <div class='ocr_carea' id='block_1_61' title="bbox 548 3256 2144 3334">
    <p class='ocr_par' dir='ltr' id='par_1_61' title="bbox 548 3256 2144 3334">
     <span class='ocr_line' id='line_1_61' title="bbox 548 3256 2144 3334; baseline -0.001 -20"><span class='ocrx_word' id='word_1_456' title='bbox 548 3263 786 3334; x_wconf 67' lang='lat' dir='ltr'><strong>praemia</strong></span> <span class='ocrx_word' id='word_1_457' title='bbox 839 3260 1083 3315; x_wconf 78' lang='lat' dir='ltr'><strong>victoria:</strong></span> <span class='ocrx_word' id='word_1_458' title='bbox 1133 3259 1384 3329; x_wconf 86' lang='lat' dir='ltr'><strong>periculo</strong></span> <span class='ocrx_word' id='word_1_459' title='bbox 1428 3274 1532 3314; x_wconf 89' lang='lat' dir='ltr'><strong>suo</strong></span> <span class='ocrx_word' id='word_1_460' title='bbox 1588 3268 1745 3327; x_wconf 87' lang='lat' dir='ltr'><strong>parta</strong></span> <span class='ocrx_word' id='word_1_461' title='bbox 1790 3256 2144 3313; x_wconf 87' lang='lat' dir='ltr'><strong>inertissimis</strong></span> 
     </span>
    </p>
   </div>
   <div class='ocr_carea' id='block_1_62' title="bbox 541 3348 2143 3419">
    <p class='ocr_par' dir='ltr' id='par_1_62' title="bbox 541 3348 2143 3419">
     <span class='ocr_line' id='line_1_62' title="bbox 541 3348 2143 3419; baseline -0.003 -11"><span class='ocrx_word' id='word_1_462' title='bbox 541 3353 866 3408; x_wconf 64' lang='lat' dir='ltr'><strong>latronibus</strong></span> <span class='ocrx_word' id='word_1_463' title='bbox 917 3350 1071 3406; x_wconf 90' lang='lat' dir='ltr'><strong>ultro</strong></span> <span class='ocrx_word' id='word_1_464' title='bbox 1121 3351 1463 3415; x_wconf 85' lang='lat' dir='ltr'><strong>condonare,</strong></span> <span class='ocrx_word' id='word_1_465' title='bbox 1521 3348 1655 3404; x_wconf 89' lang='lat' dir='ltr'><strong>dum</strong></span> <span class='ocrx_word' id='word_1_466' title='bbox 1690 3349 1842 3404; x_wconf 90' lang='lat' dir='ltr'><strong>ineo</strong></span> <span class='ocrx_word' id='word_1_467' title='bbox 1875 3363 2143 3419; x_wconf 78' lang='lat' dir='ltr'><strong>generoso</strong></span> 
     </span>
    </p>
   </div>
   <div class='ocr_carea' id='block_1_63' title="bbox 547 3439 2144 3517">
    <p class='ocr_par' dir='ltr' id='par_1_63' title="bbox 547 3439 2144 3517">
     <span class='ocr_line' id='line_1_63' title="bbox 547 3439 2144 3517; baseline -0.003 -17"><span class='ocrx_word' id='word_1_468' title='bbox 547 3443 848 3517; x_wconf 74' lang='lat' dir='ltr'><strong>propesito</strong></span> <span class='ocrx_word' id='word_1_469' title='bbox 915 3449 1127 3514; x_wconf 83' lang='lat' dir='ltr'><strong>perstat</strong></span> <span class='ocrx_word' id='word_1_470' title='bbox 1200 3439 1619 3504; x_wconf 88' lang='lat' dir='ltr'><strong>irrevocabilis,</strong></span> <span class='ocrx_word' id='word_1_471' title='bbox 1673 3441 1887 3509; x_wconf 89' lang='lat' dir='ltr'><strong>plagam</strong></span> <span class='ocrx_word' id='word_1_472' title='bbox 1941 3439 2144 3510; x_wconf 90' lang='lat' dir='ltr'><strong>accipit</strong></span> 
     </span>
    </p>
   </div>
   <div class='ocr_carea' id='block_1_64' title="bbox 543 3525 2136 3602">
    <p class='ocr_par' dir='ltr' id='par_1_64' title="bbox 543 3525 2136 3602">
     <span class='ocr_line' id='line_1_64' title="bbox 543 3525 2136 3602; baseline -0.004 -10"><span class='ocrx_word' id='word_1_473' title='bbox 543 3538 855 3599; x_wconf 69' lang='lat' dir='ltr'><strong>‘lethalem,</strong></span> <span class='ocrx_word' id='word_1_474' title='bbox 917 3536 1179 3590; x_wconf 83' lang='lat' dir='ltr'><strong>decoram</strong></span> <span class='ocrx_word' id='word_1_475' title='bbox 1223 3548 1416 3587; x_wconf 77' lang='lat' dir='ltr'><strong>necem</strong></span> <span class='ocrx_word' id='word_1_476' title='bbox 1483 3532 1630 3602; x_wconf 91' lang='lat' dir='ltr'><strong>turpi</strong></span> <span class='ocrx_word' id='word_1_477' title='bbox 1693 3532 1949 3588; x_wconf 80' lang='lat' dir='ltr'><strong>servituti</strong></span> <span class='ocrx_word' id='word_1_478' title='bbox 1997 3525 2136 3601; x_wconf 67' lang='lat' dir='ltr'><strong>prae-</strong></span> 
     </span>
    </p>
   </div>
   <div class='ocr_carea' id='block_1_65' title="bbox 555 3624 2144 3684">
    <p class='ocr_par' dir='ltr' id='par_1_65' title="bbox 555 3624 2144 3684">
     <span class='ocr_line' id='line_1_65' title="bbox 555 3624 2144 3684; baseline -0.002 -2"><span class='ocrx_word' id='word_1_479' title='bbox 555 3631 787 3684; x_wconf 85' lang='lat' dir='ltr'><strong>habens.</strong></span> <span class='ocrx_word' id='word_1_480' title='bbox 801 3627 927 3682; x_wconf 76' lang='lat' dir='ltr'><strong>Hzec</strong></span> <span class='ocrx_word' id='word_1_481' title='bbox 949 3626 1133 3680; x_wconf 87' lang='lat' dir='ltr'><strong>omnia</strong></span> <span class='ocrx_word' id='word_1_482' title='bbox 1159 3624 1315 3679; x_wconf 88' lang='lat' dir='ltr'><strong>fuere</strong></span> <span class='ocrx_word' id='word_1_483' title='bbox 1332 3624 1530 3679; x_wconf 80' lang='lat' dir='ltr'><strong>bellica</strong></span> <span class='ocrx_word' id='word_1_484' title='bbox 1553 3624 1799 3678; x_wconf 74' lang='lat' dir='ltr'><strong>facinora</strong></span> <span class='ocrx_word' id='word_1_485' title='bbox 1817 3625 2144 3680; x_wconf 68' lang='lat' dir='ltr'><strong>liontzeria-</strong></span> 
     </span>
    </p>
   </div>
   <div class='ocr_carea' id='block_1_66' title="bbox 541 3698 2141 3783">
    <p class='ocr_par' dir='ltr' id='par_1_66' title="bbox 541 3698 2141 3783">
     <span class='ocr_line' id='line_1_66' title="bbox 541 3698 2141 3783; baseline -0.005 -9"><span class='ocrx_word' id='word_1_486' title='bbox 541 3733 752 3774; x_wconf 70' lang='lat' dir='ltr'><strong>norum</strong></span> <span class='ocrx_word' id='word_1_487' title='bbox 780 3732 808 3769; x_wconf 91' lang='lat' dir='ltr'><strong>a</strong></span> <span class='ocrx_word' id='word_1_488' title='bbox 823 3729 953 3770; x_wconf 88' lang='lat' dir='ltr'><strong>vere</strong></span> <span class='ocrx_word' id='word_1_489' title='bbox 974 3715 1038 3768; x_wconf 89' lang='lat' dir='ltr'><strong>ad</strong></span> <span class='ocrx_word' id='word_1_490' title='bbox 1063 3715 1357 3767; x_wconf 86' lang='lat' dir='ltr'><strong>Arcturum</strong></span> <span class='ocrx_word' id='word_1_491' title='bbox 1376 3712 1560 3782; x_wconf 71' lang='lat' dir='ltr'><strong>Cyziei</strong></span> <span class='ocrx_word' id='word_1_492' title='bbox 1582 3698 1690 3767; x_wconf 81' lang='lat' dir='ltr'><strong>tam</strong></span> <span class='ocrx_word' id='word_1_493' title='bbox 1706 3713 1855 3783; x_wconf 85' lang='lat' dir='ltr'><strong>largo</strong></span> <span class='ocrx_word' id='word_1_494' title='bbox 1869 3713 2141 3781; x_wconf 86' lang='lat' dir='ltr'><strong>stipendio</strong></span> 
     </span>
    </p>
   </div>
   <div class='ocr_carea' id='block_1_67' title="bbox 541 3805 2144 3877">
    <p class='ocr_par' dir='ltr' id='par_1_67' title="bbox 541 3805 2144 3877">
     <span class='ocr_line' id='line_1_67' title="bbox 541 3805 2144 3877; baseline -0.003 -12"><span class='ocrx_word' id='word_1_495' title='bbox 541 3809 957 3872; x_wconf 74' lang='lat' dir='ltr'><strong>desidentium,</strong></span> <span class='ocrx_word' id='word_1_496' title='bbox 985 3806 1210 3877; x_wconf 84' lang='lat' dir='ltr'><strong>quando</strong></span> <span class='ocrx_word' id='word_1_497' title='bbox 1244 3805 1467 3876; x_wconf 82' lang='lat' dir='ltr'><strong>quidam</strong></span> <span class='ocrx_word' id='word_1_498' title='bbox 1499 3821 1688 3859; x_wconf 90' lang='lat' dir='ltr'><strong>eorum</strong></span> <span class='ocrx_word' id='word_1_499' title='bbox 1711 3807 1901 3876; x_wconf 86' lang='lat' dir='ltr'><strong>plenos</strong></span> <span class='ocrx_word' id='word_1_500' title='bbox 1931 3823 1991 3860; x_wconf 88' lang='lat' dir='ltr'><strong>se</strong></span> <span class='ocrx_word' id='word_1_501' title='bbox 2023 3807 2144 3876; x_wconf 77' lang='lat' dir='ltr'><strong>Opi-</strong></span> 
     </span>
    </p>
   </div>
   <div class='ocr_carea' id='block_1_68' title="bbox 542 3898 2140 3971">
    <p class='ocr_par' dir='ltr' id='par_1_68' title="bbox 542 3898 2140 3971">
     <span class='ocr_line' id='line_1_68' title="bbox 542 3898 2140 3971; baseline -0.005 -11"><span class='ocrx_word' id='word_1_502' title='bbox 542 3906 662 3960; x_wconf 57' lang='lat' dir='ltr'><strong>rbus</strong></span> <span class='ocrx_word' id='word_1_503' title='bbox 679 3911 834 3971; x_wconf 91' lang='lat' dir='ltr'><strong>rapto</strong></span> <span class='ocrx_word' id='word_1_504' title='bbox 853 3899 1026 3968; x_wconf 89' lang='lat' dir='ltr'><strong>partis</strong></span> <span class='ocrx_word' id='word_1_505' title='bbox 1041 3898 1360 3962; x_wconf 81' lang='lat' dir='ltr'><strong>sentientes,</strong></span> <span class='ocrx_word' id='word_1_506' title='bbox 1389 3912 1489 3951; x_wconf 90' lang='lat' dir='ltr'><strong>nec</strong></span> <span class='ocrx_word' id='word_1_507' title='bbox 1506 3906 1791 3965; x_wconf 82' lang='lat' dir='ltr'><strong>sperantes</strong></span> <span class='ocrx_word' id='word_1_508' title='bbox 1809 3914 1967 3968; x_wconf 88' lang='lat' dir='ltr'><strong>posse</strong></span> <span class='ocrx_word' id='word_1_509' title='bbox 1984 3899 2140 3968; x_wconf 91' lang='lat' dir='ltr'><strong>plura</strong></span> 
     </span>
    </p>
   </div>
   <div class='ocr_carea' id='block_1_69' title="bbox 546 3990 2141 4065">
    <p class='ocr_par' dir='ltr' id='par_1_69' title="bbox 546 3990 2141 4065">
     <span class='ocr_line' id='line_1_69' title="bbox 546 3990 2141 4065; baseline -0.003 -14"><span class='ocrx_word' id='word_1_510' title='bbox 546 3996 863 4056; x_wconf 77' lang='lat' dir='ltr'><strong>cumulare.</strong></span> <span class='ocrx_word' id='word_1_511' title='bbox 895 3991 1064 4065; x_wconf 70' lang='grc'><strong>419</strong></span> <span class='ocrx_word' id='word_1_512' title='bbox 1096 3991 1242 4062; x_wconf 89' lang='lat' dir='ltr'><strong>quod</strong></span> <span class='ocrx_word' id='word_1_513' title='bbox 1292 4005 1488 4046; x_wconf 87' lang='lat' dir='ltr'><strong>omnes</strong></span> <span class='ocrx_word' id='word_1_514' title='bbox 1517 3991 1630 4059; x_wconf 89' lang='lat' dir='ltr'><strong>jam</strong></span> <span class='ocrx_word' id='word_1_515' title='bbox 1661 3990 1846 4061; x_wconf 77' lang='lat' dir='ltr'><strong>Cyzici</strong></span> <span class='ocrx_word' id='word_1_516' title='bbox 1879 3991 2141 4061; x_wconf 78' lang='lat' dir='ltr'><strong>degentes</strong></span> 
     </span>
    </p>
   </div>
   <div class='ocr_carea' id='block_1_70' title="bbox 555 4082 2136 4154">
    <p class='ocr_par' dir='ltr' id='par_1_70' title="bbox 555 4082 2136 4154">
     <span class='ocr_line' id='line_1_70' title="bbox 555 4082 2136 4154; baseline -0.004 -11"><span class='ocrx_word' id='word_1_517' title='bbox 555 4091 936 4144; x_wconf 80' lang='lat' dir='ltr'><strong>exltauserant</strong></span> <span class='ocrx_word' id='word_1_518' title='bbox 992 4097 1046 4140; x_wconf 93' lang='lat' dir='ltr'><strong>ct</strong></span> <span class='ocrx_word' id='word_1_519' title='bbox 1071 4100 1179 4138; x_wconf 93' lang='lat' dir='ltr'><strong>non</strong></span> <span class='ocrx_word' id='word_1_520' title='bbox 1238 4099 1447 4154; x_wconf 88' lang='lat' dir='ltr'><strong>paucos</strong></span> <span class='ocrx_word' id='word_1_521' title='bbox 1474 4099 1538 4138; x_wconf 79' lang='lat' dir='ltr'><strong>ex</strong></span> <span class='ocrx_word' id='word_1_522' title='bbox 1573 4083 1710 4153; x_wconf 84' lang='lat' dir='ltr'><strong>ipsis</strong></span> <span class='ocrx_word' id='word_1_523' title='bbox 1747 4083 2018 4154; x_wconf 73' lang='lat' dir='ltr'><strong>indigenis</strong></span> <span class='ocrx_word' id='word_1_524' title='bbox 2050 4082 2136 4136; x_wconf 86' lang='lat' dir='ltr'><strong>fu-</strong></span> 
     </span>
    </p>
   </div>
   <div class='ocr_carea' id='block_1_71' title="bbox 550 4176 2136 4253">
    <p class='ocr_par' dir='ltr' id='par_1_71' title="bbox 550 4176 2136 4253">
     <span class='ocr_line' id='line_1_71' title="bbox 550 4176 2136 4253; baseline -0.006 -16"><span class='ocrx_word' id='word_1_525' title='bbox 550 4198 683 4253; x_wconf 85' lang='lat' dir='ltr'><strong>gere</strong></span> <span class='ocrx_word' id='word_1_526' title='bbox 713 4180 891 4234; x_wconf 90' lang='lat' dir='ltr'><strong>nudos</strong></span> <span class='ocrx_word' id='word_1_527' title='bbox 926 4193 956 4233; x_wconf 92' lang='lat' dir='ltr'><strong>e</strong></span> <span class='ocrx_word' id='word_1_528' title='bbox 1015 4177 1268 4232; x_wconf 85' lang='lat' dir='ltr'><strong>domibus</strong></span> <span class='ocrx_word' id='word_1_529' title='bbox 1311 4176 1610 4231; x_wconf 86' lang='lat' dir='ltr'><strong>exinanitis</strong></span> <span class='ocrx_word' id='word_1_530' title='bbox 1656 4176 1724 4230; x_wconf 89' lang='lat' dir='ltr'><strong>ad</strong></span> <span class='ocrx_word' id='word_1_531' title='bbox 1779 4177 2136 4246; x_wconf 76' lang='lat' dir='ltr'><strong>quaerendum</strong></span> 
     </span>
    </p>
   </div>
   <div class='ocr_carea' id='block_1_72' title="bbox 539 4266 2138 4337">
    <p class='ocr_par' dir='ltr' id='par_1_72' title="bbox 539 4266 2138 4337">
     <span class='ocr_line' id='line_1_72' title="bbox 539 4266 2138 4337; baseline -0.002 -13"><span class='ocrx_word' id='word_1_532' title='bbox 539 4271 682 4324; x_wconf 58' lang='lat' dir='ltr'><strong>alibi</strong></span> <span class='ocrx_word' id='word_1_533' title='bbox 727 4269 934 4322; x_wconf 78' lang='lat' dir='ltr'><strong>vietum</strong></span> <span class='ocrx_word' id='word_1_534' title='bbox 988 4266 1254 4322; x_wconf 89' lang='lat' dir='ltr'><strong>miserum</strong></span> <span class='ocrx_word' id='word_1_535' title='bbox 1307 4267 1706 4336; x_wconf 89' lang='lat' dir='ltr'><strong>compulerant,</strong></span> <span class='ocrx_word' id='word_1_536' title='bbox 1756 4267 1954 4337; x_wconf 85' lang='lat' dir='ltr'><strong>raptim</strong></span> <span class='ocrx_word' id='word_1_537' title='bbox 2002 4283 2138 4322; x_wconf 66' lang='lat' dir='ltr'><strong>con~</strong></span> 
     </span>
    </p>
   </div>
   <div class='ocr_carea' id='block_1_73' title="bbox 535 4355 2130 4430">
    <p class='ocr_par' dir='ltr' id='par_1_73' title="bbox 535 4355 2130 4430">
     <span class='ocr_line' id='line_1_73' title="bbox 535 4355 2130 4430; baseline -0.001 -20"><span class='ocrx_word' id='word_1_538' title='bbox 535 4361 724 4430; x_wconf 52' lang='lat' dir='ltr'><strong>gestis</strong></span> <span class='ocrx_word' id='word_1_539' title='bbox 779 4359 834 4412; x_wconf 91' lang='lat' dir='ltr'><strong>in</strong></span> <span class='ocrx_word' id='word_1_540' title='bbox 871 4371 1038 4410; x_wconf 70' lang='lat' dir='ltr'><strong>naves</strong></span> <span class='ocrx_word' id='word_1_541' title='bbox 1092 4355 1288 4411; x_wconf 85' lang='lat' dir='ltr'><strong>obvias</strong></span> <span class='ocrx_word' id='word_1_542' title='bbox 1339 4370 1465 4409; x_wconf 90' lang='lat' dir='ltr'><strong>eum</strong></span> <span class='ocrx_word' id='word_1_543' title='bbox 1498 4355 1693 4425; x_wconf 77' lang='lat' dir='ltr'><strong>praedis</strong></span> <span class='ocrx_word' id='word_1_544' title='bbox 1745 4357 1979 4421; x_wconf 66' lang='lat' dir='ltr'><strong>caeteris,</strong></span> <span class='ocrx_word' id='word_1_545' title='bbox 2015 4362 2130 4410; x_wconf 91' lang='lat' dir='ltr'><strong>tum</strong></span> 
     </span>
    </p>
   </div>
   <div class='ocr_carea' id='block_1_74' title="bbox 2253 3165 3812 3238">
    <p class='ocr_par' dir='ltr' id='par_1_74' title="bbox 2253 3165 3812 3238">
     <span class='ocr_line' id='line_1_74' title="bbox 2253 3165 3812 3238; baseline -0.003 -17"><span class='ocrx_word' id='word_1_546' title='bbox 2253 3165 2436 3222; x_wconf 85' lang='lat' dir='ltr'><strong>statim</strong></span> <span class='ocrx_word' id='word_1_547' title='bbox 2478 3167 2546 3218; x_wconf 90' lang='lat' dir='ltr'><strong>ab</strong></span> <span class='ocrx_word' id='word_1_548' title='bbox 2573 3165 2821 3235; x_wconf 83' lang='lat' dir='ltr'><strong>Augusto</strong></span> <span class='ocrx_word' id='word_1_549' title='bbox 2887 3165 2954 3218; x_wconf 89' lang='lat' dir='ltr'><strong>ad</strong></span> <span class='ocrx_word' id='word_1_550' title='bbox 2992 3167 3290 3221; x_wconf 86' lang='lat' dir='ltr'><strong>Alanorum</strong></span> <span class='ocrx_word' id='word_1_551' title='bbox 3323 3167 3609 3238; x_wconf 84' lang='lat' dir='ltr'><strong>stipendia</strong></span> <span class='ocrx_word' id='word_1_552' title='bbox 3650 3165 3812 3219; x_wconf 88' lang='lat' dir='ltr'><strong>consi-</strong></span> 
     </span>
    </p>
   </div>
   <div class='ocr_carea' id='block_1_75' title="bbox 2249 3257 3810 3328">
    <p class='ocr_par' dir='ltr' id='par_1_75' title="bbox 2249 3257 3810 3328">
     <span class='ocr_line' id='line_1_75' title="bbox 2249 3257 3810 3328; baseline -0.003 -17"><span class='ocrx_word' id='word_1_553' title='bbox 2249 3268 2535 3328; x_wconf 88' lang='lat' dir='ltr'><strong>gnaretur,</strong></span> <span class='ocrx_word' id='word_1_554' title='bbox 2560 3257 3071 3326; x_wconf 81' lang='lat' dir='ltr'><strong>expedirenturque</strong></span> <span class='ocrx_word' id='word_1_555' title='bbox 3107 3257 3380 3311; x_wconf 80' lang='lat' dir='ltr'><strong>mandata</strong></span> <span class='ocrx_word' id='word_1_556' title='bbox 3435 3265 3810 3327; x_wconf 70' lang='lat' dir='ltr'><strong>repraesentan-</strong></span> 
     </span>
    </p>
   </div>
   <div class='ocr_carea' id='block_1_76' title="bbox 2249 3345 3807 3421">
    <p class='ocr_par' dir='ltr' id='par_1_76' title="bbox 2249 3345 3807 3421">
     <span class='ocr_line' id='line_1_76' title="bbox 2249 3345 3807 3421; baseline -0.004 -17"><span class='ocrx_word' id='word_1_557' title='bbox 2249 3351 2332 3404; x_wconf 65' lang='lat' dir='ltr'><strong>da:</strong></span> <span class='ocrx_word' id='word_1_558' title='bbox 2356 3365 2482 3403; x_wconf 82' lang='lat' dir='ltr'><strong>mox</strong></span> <span class='ocrx_word' id='word_1_559' title='bbox 2516 3349 2750 3404; x_wconf 87' lang='lat' dir='ltr'><strong>alterius</strong></span> <span class='ocrx_word' id='word_1_560' title='bbox 2783 3364 3097 3420; x_wconf 69' lang='lat' dir='ltr'><strong>permagna:</strong></span> <span class='ocrx_word' id='word_1_561' title='bbox 3133 3365 3198 3403; x_wconf 74' lang='lat' dir='ltr'><strong>ex</strong></span> <span class='ocrx_word' id='word_1_562' title='bbox 3232 3351 3547 3421; x_wconf 81' lang='lat' dir='ltr'><strong>assignatis</strong></span> <span class='ocrx_word' id='word_1_563' title='bbox 3601 3360 3652 3404; x_wconf 91' lang='lat' dir='ltr'><strong>et</strong></span> <span class='ocrx_word' id='word_1_564' title='bbox 3679 3347 3724 3401; x_wconf 74' lang='lat' dir='ltr'><strong>ei</strong></span> <span class='ocrx_word' id='word_1_565' title='bbox 3751 3345 3807 3399; x_wconf 89' lang='lat' dir='ltr'><strong>ad</strong></span> 
     </span>
    </p>
   </div>
   <div class='ocr_carea' id='block_1_77' title="bbox 2251 3441 3813 3512">
    <p class='ocr_par' dir='ltr' id='par_1_77' title="bbox 2251 3441 3813 3512">
     <span class='ocr_line' id='line_1_77' title="bbox 2251 3441 3813 3512; baseline -0.003 -16"><span class='ocrx_word' id='word_1_566' title='bbox 2251 3445 2354 3498; x_wconf 85' lang='lat' dir='ltr'><strong>hoc</strong></span> <span class='ocrx_word' id='word_1_567' title='bbox 2414 3442 2657 3497; x_wconf 83' lang='lat' dir='ltr'><strong>addictis</strong></span> <span class='ocrx_word' id='word_1_568' title='bbox 2722 3441 3078 3512; x_wconf 78' lang='lat' dir='ltr'><strong>vectigalibus</strong></span> <span class='ocrx_word' id='word_1_569' title='bbox 3138 3442 3482 3498; x_wconf 76' lang='lat' dir='ltr'><strong>insularum.</strong></span> <span class='ocrx_word' id='word_1_570' title='bbox 3541 3442 3738 3510; x_wconf 86' lang='lat' dir='ltr'><strong>Quibus</strong></span> <span class='ocrx_word' id='word_1_571' title='bbox 3787 3455 3813 3492; x_wconf 92' lang='lat' dir='ltr'><strong>e</strong></span> 
     </span>
    </p>
   </div>
   <div class='ocr_carea' id='block_1_78' title="bbox 2247 3530 3814 3592">
    <p class='ocr_par' dir='ltr' id='par_1_78' title="bbox 2247 3530 3814 3592">
     <span class='ocr_line' id='line_1_78' title="bbox 2247 3530 3814 3592; baseline -0.006 -1"><span class='ocrx_word' id='word_1_572' title='bbox 2247 3538 2516 3591; x_wconf 85' lang='lat' dir='ltr'><strong>sententia</strong></span> <span class='ocrx_word' id='word_1_573' title='bbox 2582 3533 2916 3588; x_wconf 79' lang='lat' dir='ltr'><strong>Rontzerius</strong></span> <span class='ocrx_word' id='word_1_574' title='bbox 2979 3533 3250 3590; x_wconf 79' lang='lat' dir='ltr'><strong>confertis</strong></span> <span class='ocrx_word' id='word_1_575' title='bbox 3329 3536 3601 3592; x_wconf 67' lang='lat' dir='ltr'><strong>velociter</strong></span> <span class='ocrx_word' id='word_1_576' title='bbox 3672 3530 3814 3588; x_wconf 89' lang='lat' dir='ltr'><strong>rediit</strong></span> 
     </span>
    </p>
   </div>
   <div class='ocr_carea' id='block_1_79' title="bbox 2247 3627 3806 3700">
    <p class='ocr_par' dir='ltr' id='par_1_79' title="bbox 2247 3627 3806 3700">
     <span class='ocr_line' id='line_1_79' title="bbox 2247 3627 3806 3700; baseline -0.004 -17"><span class='ocrx_word' id='word_1_577' title='bbox 2247 3630 2532 3700; x_wconf 81' lang='lat' dir='ltr'><strong>Cyzicum,</strong></span> <span class='ocrx_word' id='word_1_578' title='bbox 2589 3642 2930 3682; x_wconf 88' lang='lat' dir='ltr'><strong>occursurus</strong></span> <span class='ocrx_word' id='word_1_579' title='bbox 2981 3627 3096 3682; x_wconf 90' lang='lat' dir='ltr'><strong>illic</strong></span> <span class='ocrx_word' id='word_1_580' title='bbox 3137 3627 3202 3680; x_wconf 89' lang='lat' dir='ltr'><strong>ad</strong></span> <span class='ocrx_word' id='word_1_581' title='bbox 3237 3627 3392 3682; x_wconf 84' lang='lat' dir='ltr'><strong>diem</strong></span> <span class='ocrx_word' id='word_1_582' title='bbox 3448 3630 3662 3689; x_wconf 86' lang='lat' dir='ltr'><strong>dictam,</strong></span> <span class='ocrx_word' id='word_1_583' title='bbox 3715 3638 3806 3694; x_wconf 86' lang='lat' dir='ltr'><strong>qua</strong></span> 
     </span>
    </p>
   </div>
   <div class='ocr_carea' id='block_1_80' title="bbox 2247 3715 3804 3791">
    <p class='ocr_par' dir='ltr' id='par_1_80' title="bbox 2247 3715 3804 3791">
     <span class='ocr_line' id='line_1_80' title="bbox 2247 3715 3804 3791; baseline -0.006 -15"><span class='ocrx_word' id='word_1_584' title='bbox 2247 3722 2336 3776; x_wconf 86' lang='lat' dir='ltr'><strong>die</strong></span> <span class='ocrx_word' id='word_1_585' title='bbox 2367 3719 2674 3791; x_wconf 89' lang='lat' dir='ltr'><strong>promissos</strong></span> <span class='ocrx_word' id='word_1_586' title='bbox 2704 3719 2770 3772; x_wconf 86' lang='lat' dir='ltr'><strong>ab</strong></span> <span class='ocrx_word' id='word_1_587' title='bbox 2807 3718 3058 3786; x_wconf 84' lang='lat' dir='ltr'><strong>Augusto</strong></span> <span class='ocrx_word' id='word_1_588' title='bbox 3093 3734 3290 3789; x_wconf 88' lang='lat' dir='ltr'><strong>equos,</strong></span> <span class='ocrx_word' id='word_1_589' title='bbox 3331 3736 3471 3790; x_wconf 88' lang='lat' dir='ltr'><strong>quos</strong></span> <span class='ocrx_word' id='word_1_590' title='bbox 3499 3718 3678 3773; x_wconf 79' lang='lat' dir='ltr'><strong>Alanis</strong></span> <span class='ocrx_word' id='word_1_591' title='bbox 3703 3715 3804 3767; x_wconf 79' lang='lat' dir='ltr'><strong>dis-</strong></span> 
     </span>
    </p>
   </div>
   <div class='ocr_carea' id='block_1_81' title="bbox 2249 3805 3797 3880">
    <p class='ocr_par' dir='ltr' id='par_1_81' title="bbox 2249 3805 3797 3880">
     <span class='ocr_line' id='line_1_81' title="bbox 2249 3805 3797 3880; baseline -0.008 -13"><span class='ocrx_word' id='word_1_592' title='bbox 2249 3813 2534 3877; x_wconf 89' lang='lat' dir='ltr'><strong>tribueret,</strong></span> <span class='ocrx_word' id='word_1_593' title='bbox 2567 3820 2901 3879; x_wconf 86' lang='lat' dir='ltr'><strong>accepturus</strong></span> <span class='ocrx_word' id='word_1_594' title='bbox 2927 3821 3066 3872; x_wconf 90' lang='lat' dir='ltr'><strong>erat,</strong></span> <span class='ocrx_word' id='word_1_595' title='bbox 3092 3820 3257 3880; x_wconf 86' lang='lat' dir='ltr'><strong>prout</strong></span> <span class='ocrx_word' id='word_1_596' title='bbox 3291 3813 3545 3880; x_wconf 73' lang='lat' dir='ltr'><strong>petierat.</strong></span> <span class='ocrx_word' id='word_1_597' title='bbox 3576 3805 3797 3864; x_wconf 61' lang='lat' dir='ltr'><strong>Prwstita</strong></span> 
     </span>
    </p>
   </div>
   <div class='ocr_carea' id='block_1_82' title="bbox 2249 3899 3800 3970">
    <p class='ocr_par' dir='ltr' id='par_1_82' title="bbox 2249 3899 3800 3970">
     <span class='ocr_line' id='line_1_82' title="bbox 2249 3899 3800 3970; baseline -0.008 -9"><span class='ocrx_word' id='word_1_598' title='bbox 2249 3908 2352 3960; x_wconf 83' lang='lat' dir='ltr'><strong>ista</strong></span> <span class='ocrx_word' id='word_1_599' title='bbox 2377 3916 2575 3960; x_wconf 82' lang='lat' dir='ltr'><strong>cuncta</strong></span> <span class='ocrx_word' id='word_1_600' title='bbox 2609 3921 2733 3959; x_wconf 83' lang='lat' dir='ltr'><strong>eum</strong></span> <span class='ocrx_word' id='word_1_601' title='bbox 2786 3905 2890 3957; x_wconf 80' lang='lat' dir='ltr'><strong>(ide</strong></span> <span class='ocrx_word' id='word_1_602' title='bbox 2919 3919 3050 3958; x_wconf 89' lang='lat' dir='ltr'><strong>sunt</strong></span> <span class='ocrx_word' id='word_1_603' title='bbox 3085 3921 3100 3968; x_wconf 93' lang='lat'><strong>;</strong></span> <span class='ocrx_word' id='word_1_604' title='bbox 3159 3915 3213 3958; x_wconf 91' lang='lat' dir='ltr'><strong>et</strong></span> <span class='ocrx_word' id='word_1_605' title='bbox 3247 3905 3392 3958; x_wconf 86' lang='lat' dir='ltr'><strong>intra</strong></span> <span class='ocrx_word' id='word_1_606' title='bbox 3447 3905 3562 3958; x_wconf 90' lang='lat' dir='ltr'><strong>dies</strong></span> <span class='ocrx_word' id='word_1_607' title='bbox 3587 3899 3800 3970; x_wconf 82' lang='lat' dir='ltr'><strong>quadra-</strong></span> 
     </span>
    </p>
   </div>
   <div class='ocr_carea' id='block_1_83' title="bbox 2244 3993 3800 4069">
    <p class='ocr_par' dir='ltr' id='par_1_83' title="bbox 2244 3993 3800 4069">
     <span class='ocr_line' id='line_1_83' title="bbox 2244 3993 3800 4069; baseline -0.008 -18"><span class='ocrx_word' id='word_1_608' title='bbox 2244 4000 2392 4069; x_wconf 88' lang='lat' dir='ltr'><strong>ginta</strong></span> <span class='ocrx_word' id='word_1_609' title='bbox 2427 3998 2730 4068; x_wconf 72' lang='lat' dir='ltr'><strong>praefinitus</strong></span> <span class='ocrx_word' id='word_1_610' title='bbox 2792 3997 3072 4051; x_wconf 86' lang='lat' dir='ltr'><strong>collationi</strong></span> <span class='ocrx_word' id='word_1_611' title='bbox 3137 3999 3391 4067; x_wconf 72' lang='lat' dir='ltr'><strong>pecuniae</strong></span> <span class='ocrx_word' id='word_1_612' title='bbox 3447 4013 3510 4051; x_wconf 82' lang='lat' dir='ltr'><strong>ex</strong></span> <span class='ocrx_word' id='word_1_613' title='bbox 3545 3993 3726 4048; x_wconf 87' lang='lat' dir='ltr'><strong>insulis</strong></span> <span class='ocrx_word' id='word_1_614' title='bbox 3754 3993 3800 4039; x_wconf 87' lang='lat' dir='ltr'><strong>et</strong></span> 
     </span>
    </p>
   </div>
   <div class='ocr_carea' id='block_1_84' title="bbox 2246 4088 3797 4162">
    <p class='ocr_par' dir='ltr' id='par_1_84' title="bbox 2246 4088 3797 4162">
     <span class='ocr_line' id='line_1_84' title="bbox 2246 4088 3797 4162; baseline -0.005 -16"><span class='ocrx_word' id='word_1_615' title='bbox 2246 4093 2556 4161; x_wconf 62' lang='lat' dir='ltr'><strong>pratbitioni</strong></span> <span class='ocrx_word' id='word_1_616' title='bbox 2589 4107 2860 4162; x_wconf 63' lang='lat' dir='ltr'><strong>equorum</strong></span> <span class='ocrx_word' id='word_1_617' title='bbox 2889 4093 3110 4147; x_wconf 90' lang='lat' dir='ltr'><strong>cunctis</strong></span> <span class='ocrx_word' id='word_1_618' title='bbox 3143 4093 3268 4156; x_wconf 91' lang='lat' dir='ltr'><strong>rite,</strong></span> <span class='ocrx_word' id='word_1_619' title='bbox 3301 4102 3466 4162; x_wconf 89' lang='lat' dir='ltr'><strong>prout</strong></span> <span class='ocrx_word' id='word_1_620' title='bbox 3494 4088 3797 4160; x_wconf 82' lang='lat' dir='ltr'><strong>promissum</strong></span> 
     </span>
    </p>
   </div>
   <div class='ocr_carea' id='block_1_85' title="bbox 2243 4169 3796 4254">
    <p class='ocr_par' dir='ltr' id='par_1_85' title="bbox 2243 4169 3796 4254">
     <span class='ocr_line' id='line_1_85' title="bbox 2243 4169 3796 4254; baseline -0.006 -16"><span class='ocrx_word' id='word_1_621' title='bbox 2243 4185 2441 4248; x_wconf 80' lang='lat' dir='ltr'><strong>fuerat,</strong></span> <span class='ocrx_word' id='word_1_622' title='bbox 2474 4184 2747 4254; x_wconf 84' lang='lat' dir='ltr'><strong>acceptis,</strong></span> <span class='ocrx_word' id='word_1_623' title='bbox 2779 4184 3022 4238; x_wconf 74' lang='lat' dir='ltr'><strong>accimit</strong></span> <span class='ocrx_word' id='word_1_624' title='bbox 3050 4199 3110 4239; x_wconf 83' lang='lat' dir='ltr'><strong>se</strong></span> <span class='ocrx_word' id='word_1_625' title='bbox 3139 4183 3306 4254; x_wconf 68' lang='lat'><strong>420</strong></span> <span class='ocrx_word' id='word_1_626' title='bbox 3338 4186 3449 4238; x_wconf 83' lang='lat' dir='ltr'><strong>dux</strong></span> <span class='ocrx_word' id='word_1_627' title='bbox 3502 4191 3714 4248; x_wconf 80' lang='lat' dir='ltr'><strong>magnus</strong></span> <span class='ocrx_word' id='word_1_628' title='bbox 3741 4169 3796 4222; x_wconf 78' lang='lat' dir='ltr'><strong>ad</strong></span> 
     </span>
    </p>
   </div>
   <div class='ocr_carea' id='block_1_86' title="bbox 2243 4263 3794 4346">
    <p class='ocr_par' dir='ltr' id='par_1_86' title="bbox 2243 4263 3794 4346">
     <span class='ocr_line' id='line_1_86' title="bbox 2243 4263 3794 4346; baseline -0.006 -16"><span class='ocrx_word' id='word_1_629' title='bbox 2243 4277 2576 4332; x_wconf 88' lang='lat' dir='ltr'><strong>solutionem</strong></span> <span class='ocrx_word' id='word_1_630' title='bbox 2637 4277 3067 4346; x_wconf 69' lang='lat' dir='ltr'><strong>stipendiorum.</strong></span> <span class='ocrx_word' id='word_1_631' title='bbox 3140 4278 3217 4331; x_wconf 88' lang='lat' dir='ltr'><strong>Ac</strong></span> <span class='ocrx_word' id='word_1_632' title='bbox 3250 4277 3372 4332; x_wconf 91' lang='lat' dir='ltr'><strong>suis</strong></span> <span class='ocrx_word' id='word_1_633' title='bbox 3421 4275 3633 4346; x_wconf 89' lang='lat' dir='ltr'><strong>quidem</strong></span> <span class='ocrx_word' id='word_1_634' title='bbox 3663 4263 3794 4321; x_wconf 75' lang='lat' dir='ltr'><strong>Italis</strong></span> 
     </span>
    </p>
   </div>
   <div class='ocr_carea' id='block_1_87' title="bbox 2243 4367 3791 4436">
    <p class='ocr_par' dir='ltr' id='par_1_87' title="bbox 2243 4367 3791 4436">
     <span class='ocr_line' id='line_1_87' title="bbox 2243 4367 3791 4436; baseline -0.006 -17"><span class='ocrx_word' id='word_1_635' title='bbox 2243 4367 2439 4436; x_wconf 83' lang='lat' dir='ltr'><strong>partim</strong></span> <span class='ocrx_word' id='word_1_636' title='bbox 2469 4368 2628 4428; x_wconf 87' lang='lat' dir='ltr'><strong>duas.</strong></span> <span class='ocrx_word' id='word_1_637' title='bbox 2662 4368 2858 4435; x_wconf 80' lang='lat' dir='ltr'><strong>partim</strong></span> <span class='ocrx_word' id='word_1_638' title='bbox 2888 4377 2997 4422; x_wconf 84' lang='lat' dir='ltr'><strong>tres</strong></span> <span class='ocrx_word' id='word_1_639' title='bbox 3025 4367 3142 4421; x_wconf 88' lang='lat' dir='ltr'><strong>auri</strong></span> <span class='ocrx_word' id='word_1_640' title='bbox 3173 4369 3368 4423; x_wconf 90' lang='lat' dir='ltr'><strong>uncias</strong></span> <span class='ocrx_word' id='word_1_641' title='bbox 3395 4369 3448 4422; x_wconf 93' lang='lat' dir='ltr'><strong>in</strong></span> <span class='ocrx_word' id='word_1_642' title='bbox 3484 4368 3791 4419; x_wconf 81' lang='lat' dir='ltr'><strong>menstrqu</strong></span> 
     </span>
    </p>
   </div>
   <div class='ocr_carea' id='block_1_88' title="bbox 537 4447 2137 4521">
    <p class='ocr_par' dir='ltr' id='par_1_88' title="bbox 537 4447 2133 4518">
     <span class='ocr_line' id='line_1_88' title="bbox 537 4447 2133 4518; baseline -0.003 -14"><span class='ocrx_word' id='word_1_643' title='bbox 537 4453 834 4504; x_wconf 51' lang='lat' dir='ltr'><strong>frumento</strong></span> <span class='ocrx_word' id='word_1_644' title='bbox 869 4457 1140 4518; x_wconf 88' lang='lat' dir='ltr'><strong>quantum</strong></span> <span class='ocrx_word' id='word_1_645' title='bbox 1189 4455 1423 4516; x_wconf 10' lang='lat' dir='ltr'><strong>(potuere</strong></span> <span class='ocrx_word' id='word_1_646' title='bbox 1461 4462 1492 4501; x_wconf 89' lang='lat' dir='ltr'><strong>e</strong></span> <span class='ocrx_word' id='word_1_647' title='bbox 1552 4447 1779 4517; x_wconf 84' lang='lat' dir='ltr'><strong>privatis</strong></span> <span class='ocrx_word' id='word_1_648' title='bbox 1849 4447 2133 4516; x_wconf 87' lang='lat' dir='ltr'><strong>apothecis</strong></span> 
     </span>
    </p>
   </div>
   <div class='ocr_carea' id='block_1_89' title="bbox 2243 4447 3789 4521">
    <p class='ocr_par' dir='ltr' id='par_1_89' title="bbox 2246 4451 3789 4521">
     <span class='ocr_line' id='line_1_89' title="bbox 2246 4451 3789 4521; baseline -0.002 -10"><span class='ocrx_word' id='word_1_649' title='bbox 2246 4461 2446 4514; x_wconf 86' lang='lat' dir='ltr'><strong>viritim</strong></span> <span class='ocrx_word' id='word_1_650' title='bbox 2510 4458 2817 4514; x_wconf 87' lang='lat' dir='ltr'><strong>mercedem</strong></span> <span class='ocrx_word' id='word_1_651' title='bbox 2851 4460 3160 4521; x_wconf 84' lang='lat' dir='ltr'><strong>distribuit,</strong></span> <span class='ocrx_word' id='word_1_652' title='bbox 3209 4462 3416 4515; x_wconf 83' lang='lat' dir='ltr'><strong>Alanos</strong></span> <span class='ocrx_word' id='word_1_653' title='bbox 3465 4472 3592 4511; x_wconf 89' lang='lat' dir='ltr'><strong>vero</strong></span> <span class='ocrx_word' id='word_1_654' title='bbox 3641 4451 3789 4502; x_wconf 74' lang='lat' dir='ltr'><strong>trium</strong></span> 
     </span>
    </p>
   </div>
   <div class='ocr_carea' id='block_1_90' title="bbox 536 4539 2132 4613">
    <p class='ocr_par' dir='ltr' id='par_1_90' title="bbox 536 4539 2132 4613">
     <span class='ocr_line' id='line_1_90' title="bbox 536 4539 2132 4613; baseline -0.003 -15"><span class='ocrx_word' id='word_1_655' title='bbox 536 4555 611 4598; x_wconf 48' lang='lat' dir='ltr'><strong>‘et</strong></span> <span class='ocrx_word' id='word_1_656' title='bbox 663 4541 904 4613; x_wconf 77' lang='lat' dir='ltr'><strong>publicis</strong></span> <span class='ocrx_word' id='word_1_657' title='bbox 969 4556 1182 4610; x_wconf 88' lang='lat' dir='ltr'><strong>rapere,</strong></span> <span class='ocrx_word' id='word_1_658' title='bbox 1245 4540 1523 4595; x_wconf 78' lang='lat' dir='ltr'><strong>solventes</strong></span> <span class='ocrx_word' id='word_1_659' title='bbox 1560 4553 1692 4596; x_wconf 87' lang='lat' dir='ltr'><strong>sunt</strong></span> <span class='ocrx_word' id='word_1_660' title='bbox 1725 4543 1899 4595; x_wconf 89' lang='lat' dir='ltr'><strong>seculi</strong></span> <span class='ocrx_word' id='word_1_661' title='bbox 1929 4539 2132 4594; x_wconf 76' lang='lat' dir='ltr'><strong>Tzima:</strong></span> 
     </span>
    </p>
   </div>
   <div class='ocr_carea' id='block_1_91' title="bbox 539 4629 2132 4702">
    <p class='ocr_par' dir='ltr' id='par_1_91' title="bbox 539 4629 2132 4702">
     <span class='ocr_line' id='line_1_91' title="bbox 539 4629 2132 4702; baseline -0.001 -14"><span class='ocrx_word' id='word_1_662' title='bbox 539 4635 782 4698; x_wconf 55' lang='lat' dir='ltr'><strong>&#39;Ittilites,</strong></span> <span class='ocrx_word' id='word_1_663' title='bbox 817 4647 958 4701; x_wconf 82' lang='lat' dir='ltr'><strong>quos</strong></span> <span class='ocrx_word' id='word_1_664' title='bbox 993 4639 1124 4685; x_wconf 88' lang='lat' dir='ltr'><strong>ante</strong></span> <span class='ocrx_word' id='word_1_665' title='bbox 1146 4629 1354 4685; x_wconf 82' lang='lat' dir='ltr'><strong>abiisse</strong></span> <span class='ocrx_word' id='word_1_666' title='bbox 1377 4630 1618 4685; x_wconf 83' lang='lat' dir='ltr'><strong>indidem</strong></span> <span class='ocrx_word' id='word_1_667' title='bbox 1638 4631 1900 4697; x_wconf 80' lang='lat' dir='ltr'><strong>diximus,</strong></span> <span class='ocrx_word' id='word_1_668' title='bbox 1936 4635 2132 4702; x_wconf 85' lang='lat' dir='ltr'><strong>parum</strong></span> 
     </span>
    </p>
   </div>
   <div class='ocr_carea' id='block_1_92' title="bbox 555 4722 2132 4795">
    <p class='ocr_par' dir='ltr' id='par_1_92' title="bbox 555 4722 2132 4795">
     <span class='ocr_line' id='line_1_92' title="bbox 555 4722 2132 4795; baseline 0 -16"><span class='ocrx_word' id='word_1_669' title='bbox 555 4735 816 4780; x_wconf 81' lang='lat' dir='ltr'><strong>curantes</strong></span> <span class='ocrx_word' id='word_1_670' title='bbox 845 4724 1123 4795; x_wconf 87' lang='lat' dir='ltr'><strong>promissa</strong></span> <span class='ocrx_word' id='word_1_671' title='bbox 1159 4722 1362 4790; x_wconf 88' lang='lat' dir='ltr'><strong>quibus</strong></span> <span class='ocrx_word' id='word_1_672' title='bbox 1393 4738 1452 4778; x_wconf 86' lang='lat' dir='ltr'><strong>se</strong></span> <span class='ocrx_word' id='word_1_673' title='bbox 1496 4738 1697 4794; x_wconf 80' lang='lat' dir='ltr'><strong>magno</strong></span> <span class='ocrx_word' id='word_1_674' title='bbox 1723 4723 1853 4779; x_wconf 88' lang='lat' dir='ltr'><strong>duci</strong></span> <span class='ocrx_word' id='word_1_675' title='bbox 1890 4725 2132 4780; x_wconf 84' lang='lat' dir='ltr'><strong>obstrin-</strong></span> 
     </span>
    </p>
   </div>
   <div class='ocr_carea' id='block_1_93' title="bbox 547 4813 2133 4886">
    <p class='ocr_par' dir='ltr' id='par_1_93' title="bbox 547 4813 2133 4886">
     <span class='ocr_line' id='line_1_93' title="bbox 547 4813 2133 4886; baseline -0.001 -15"><span class='ocrx_word' id='word_1_676' title='bbox 547 4826 776 4880; x_wconf 60' lang='lat' dir='ltr'><strong>«serant,</strong></span> <span class='ocrx_word' id='word_1_677' title='bbox 831 4820 1182 4871; x_wconf 86' lang='lat' dir='ltr'><strong>sacramento</strong></span> <span class='ocrx_word' id='word_1_678' title='bbox 1243 4813 1374 4886; x_wconf 86' lang='lat' dir='ltr'><strong>huic</strong></span> <span class='ocrx_word' id='word_1_679' title='bbox 1441 4813 1561 4869; x_wconf 75' lang='lat' dir='ltr'><strong>fidae</strong></span> <span class='ocrx_word' id='word_1_680' title='bbox 1629 4817 2133 4885; x_wconf 68' lang='lat' dir='ltr'><strong>att-perseverantis</strong></span> 
     </span>
    </p>
   </div>
   <div class='ocr_carea' id='block_1_94' title="bbox 559 4905 2134 4975">
    <p class='ocr_par' dir='ltr' id='par_1_94' title="bbox 559 4905 2134 4975">
     <span class='ocr_line' id='line_1_94' title="bbox 559 4905 2134 4975; baseline 0.002 -15"><span class='ocrx_word' id='word_1_681' title='bbox 559 4909 766 4960; x_wconf 69' lang='grc' dir='ltr'>ιιιίιηίιρ</span> <span class='ocrx_word' id='word_1_682' title='bbox 801 4907 972 4962; x_wconf 83' lang='lat' dir='ltr'><strong>dicto.</strong></span> <span class='ocrx_word' id='word_1_683' title='bbox 1006 4905 1111 4959; x_wconf 87' lang='lat' dir='ltr'><strong>Alii</strong></span> <span class='ocrx_word' id='word_1_684' title='bbox 1145 4905 1236 4974; x_wconf 90' lang='lat' dir='ltr'><strong>qui</strong></span> <span class='ocrx_word' id='word_1_685' title='bbox 1261 4915 1453 4960; x_wconf 66' lang='lat' dir='ltr'><strong>aestate</strong></span> <span class='ocrx_word' id='word_1_686' title='bbox 1481 4907 1596 4960; x_wconf 91' lang='lat' dir='ltr'><strong>illic</strong></span> <span class='ocrx_word' id='word_1_687' title='bbox 1620 4905 1815 4975; x_wconf 84' lang='lat' dir='ltr'><strong>ignave</strong></span> <span class='ocrx_word' id='word_1_688' title='bbox 1833 4921 1905 4961; x_wconf 82' lang='lat' dir='ltr'><strong>ac</strong></span> <span class='ocrx_word' id='word_1_689' title='bbox 1934 4907 2134 4963; x_wconf 84' lang='lat' dir='ltr'><strong>erude—</strong></span> 
     </span>
    </p>
   </div>
   <div class='ocr_carea' id='block_1_95' title="bbox 537 4997 2130 5066">
    <p class='ocr_par' dir='ltr' id='par_1_95' title="bbox 537 4997 2130 5066">
     <span class='ocr_line' id='line_1_95' title="bbox 537 4997 2130 5066; baseline 0 -14"><span class='ocrx_word' id='word_1_690' title='bbox 537 5001 684 5054; x_wconf 74' lang='lat' dir='ltr'><strong>&#39;liter</strong></span> <span class='ocrx_word' id='word_1_691' title='bbox 725 5009 1004 5054; x_wconf 86' lang='lat' dir='ltr'><strong>transacta</strong></span> <span class='ocrx_word' id='word_1_692' title='bbox 1038 4998 1206 5052; x_wconf 90' lang='lat' dir='ltr'><strong>etiam</strong></span> <span class='ocrx_word' id='word_1_693' title='bbox 1235 4997 1482 5052; x_wconf 70' lang='lat' dir='ltr'><strong>ltiemetn</strong></span> <span class='ocrx_word' id='word_1_694' title='bbox 1501 4997 1890 5066; x_wconf 79' lang='lat' dir='ltr'><strong>insequentem</strong></span> <span class='ocrx_word' id='word_1_695' title='bbox 1921 4999 2130 5054; x_wconf 86' lang='lat' dir='ltr'><strong>ibidem</strong></span> 
     </span>
    </p>
   </div>
   <div class='ocr_carea' id='block_1_96' title="bbox 549 5088 2131 5159">
    <p class='ocr_par' dir='ltr' id='par_1_96' title="bbox 549 5088 2131 5159">
     <span class='ocr_line' id='line_1_96' title="bbox 549 5088 2131 5159; baseline 0.001 -19"><span class='ocrx_word' id='word_1_696' title='bbox 549 5090 852 5159; x_wconf 69' lang='lat' dir='ltr'><strong>perdurare</strong></span> <span class='ocrx_word' id='word_1_697' title='bbox 905 5091 1080 5159; x_wconf 80' lang='lat' dir='ltr'><strong>parati</strong></span> <span class='ocrx_word' id='word_1_698' title='bbox 1141 5088 1496 5153; x_wconf 88' lang='lat' dir='ltr'><strong>videbantur,</strong></span> <span class='ocrx_word' id='word_1_699' title='bbox 1547 5097 1864 5158; x_wconf 71' lang='lat' dir='ltr'><strong>quaestuosa</strong></span> <span class='ocrx_word' id='word_1_700' title='bbox 1915 5089 2131 5144; x_wconf 80' lang='lat' dir='ltr'><strong>scilicet</strong></span> 
     </span>
    </p>
   </div>
   <div class='ocr_carea' id='block_1_97' title="bbox 549 5181 2132 5252">
    <p class='ocr_par' dir='ltr' id='par_1_97' title="bbox 549 5181 2132 5252">
     <span class='ocr_line' id='line_1_97' title="bbox 549 5181 2132 5252; baseline 0.001 -16"><span class='ocrx_word' id='word_1_701' title='bbox 549 5183 848 5237; x_wconf 82' lang='lat' dir='ltr'><strong>rationein</strong></span> <span class='ocrx_word' id='word_1_702' title='bbox 876 5199 995 5236; x_wconf 87' lang='lat' dir='ltr'><strong>eam</strong></span> <span class='ocrx_word' id='word_1_703' title='bbox 1015 5182 1453 5237; x_wconf 70' lang='lat' dir='ltr'><strong>oblirmabautur</strong></span> <span class='ocrx_word' id='word_1_704' title='bbox 1474 5183 1861 5238; x_wconf 79' lang='lat' dir='ltr'><strong>consta:.tiam.</strong></span> <span class='ocrx_word' id='word_1_705' title='bbox 1881 5181 2132 5252; x_wconf 77' lang='lat' dir='ltr'><strong>Exspec-</strong></span> 
     </span>
    </p>
   </div>
   <div class='ocr_carea' id='block_1_98' title="bbox 556 5275 2127 5346">
    <p class='ocr_par' dir='ltr' id='par_1_98' title="bbox 556 5275 2127 5346">
     <span class='ocr_line' id='line_1_98' title="bbox 556 5275 2127 5346; baseline -0.001 -17"><span class='ocrx_word' id='word_1_706' title='bbox 556 5278 742 5329; x_wconf 89' lang='lat' dir='ltr'><strong>tabant</strong></span> <span class='ocrx_word' id='word_1_707' title='bbox 781 5275 927 5330; x_wconf 90' lang='lat' dir='ltr'><strong>enim</strong></span> <span class='ocrx_word' id='word_1_708' title='bbox 985 5278 1115 5329; x_wconf 92' lang='lat' dir='ltr'><strong>dum</strong></span> <span class='ocrx_word' id='word_1_709' title='bbox 1163 5275 1313 5328; x_wconf 84' lang='lat' dir='ltr'><strong>aliud</strong></span> <span class='ocrx_word' id='word_1_710' title='bbox 1345 5276 1522 5329; x_wconf 84' lang='lat' dir='ltr'><strong>adhuc</strong></span> <span class='ocrx_word' id='word_1_711' title='bbox 1559 5277 1836 5330; x_wconf 83' lang='lat' dir='ltr'><strong>trimestre</strong></span> <span class='ocrx_word' id='word_1_712' title='bbox 1889 5277 2127 5346; x_wconf 85' lang='lat' dir='ltr'><strong>spatium</strong></span> 
     </span>
    </p>
   </div>
   <div class='ocr_carea' id='block_1_99' title="bbox 540 5367 2129 5438">
    <p class='ocr_par' dir='ltr' id='par_1_99' title="bbox 540 5367 2129 5438">
     <span class='ocr_line' id='line_1_99' title="bbox 540 5367 2129 5438; baseline 0.002 -17"><span class='ocrx_word' id='word_1_713' title='bbox 540 5368 838 5431; x_wconf 72' lang='lat' dir='ltr'><strong>:tt&#39;ansiret,</strong></span> <span class='ocrx_word' id='word_1_714' title='bbox 876 5377 997 5436; x_wconf 84' lang='lat' dir='ltr'><strong>post</strong></span> <span class='ocrx_word' id='word_1_715' title='bbox 1029 5369 1173 5438; x_wconf 89' lang='lat' dir='ltr'><strong>quod</strong></span> <span class='ocrx_word' id='word_1_716' title='bbox 1201 5369 1472 5436; x_wconf 86' lang='lat' dir='ltr'><strong>promissa</strong></span> <span class='ocrx_word' id='word_1_717' title='bbox 1506 5367 1640 5436; x_wconf 88' lang='lat' dir='ltr'><strong>ipsis</strong></span> <span class='ocrx_word' id='word_1_718' title='bbox 1672 5369 1742 5438; x_wconf 81' lang='lat' dir='ltr'><strong>ah</strong></span> <span class='ocrx_word' id='word_1_719' title='bbox 1793 5368 2129 5437; x_wconf 85' lang='lat' dir='ltr'><strong>imperatore</strong></span> 
     </span>
    </p>
   </div>
   <div class='ocr_carea' id='block_1_100' title="bbox 539 5460 2131 5530">
    <p class='ocr_par' dir='ltr' id='par_1_100' title="bbox 539 5460 2131 5530">
     <span class='ocr_line' id='line_1_100' title="bbox 539 5460 2131 5530; baseline -0.001 -16"><span class='ocrx_word' id='word_1_720' title='bbox 539 5461 821 5530; x_wconf 73' lang='lat' dir='ltr'><strong>stipendia</strong></span> <span class='ocrx_word' id='word_1_721' title='bbox 859 5461 1196 5515; x_wconf 86' lang='lat' dir='ltr'><strong>numeranda</strong></span> <span class='ocrx_word' id='word_1_722' title='bbox 1232 5470 1410 5514; x_wconf 88' lang='lat' dir='ltr'><strong>erant.</strong></span> <span class='ocrx_word' id='word_1_723' title='bbox 1443 5460 1576 5514; x_wconf 87' lang='lat' dir='ltr'><strong>Tant</strong></span> <span class='ocrx_word' id='word_1_724' title='bbox 1637 5461 1828 5515; x_wconf 79' lang='lat' dir='ltr'><strong>otiosa:</strong></span> <span class='ocrx_word' id='word_1_725' title='bbox 1861 5476 1924 5514; x_wconf 78' lang='lat' dir='ltr'><strong>at:</strong></span> <span class='ocrx_word' id='word_1_726' title='bbox 1979 5462 2131 5530; x_wconf 80' lang='lat' dir='ltr'><strong>ﬂagi-</strong></span> 
     </span>
    </p>
   </div>
   <div class='ocr_carea' id='block_1_101' title="bbox 540 5552 2132 5622">
    <p class='ocr_par' dir='ltr' id='par_1_101' title="bbox 540 5552 2132 5622">
     <span class='ocr_line' id='line_1_101' title="bbox 540 5552 2132 5622; baseline 0.003 -17"><span class='ocrx_word' id='word_1_727' title='bbox 540 5555 703 5608; x_wconf 67' lang='lat' dir='ltr'><strong>tiosae</strong></span> <span class='ocrx_word' id='word_1_728' title='bbox 745 5552 951 5606; x_wconf 81' lang='lat' dir='ltr'><strong>militiae</strong></span> <span class='ocrx_word' id='word_1_729' title='bbox 982 5553 1247 5622; x_wconf 88' lang='lat' dir='ltr'><strong>pudorem</strong></span> <span class='ocrx_word' id='word_1_730' title='bbox 1300 5569 1367 5608; x_wconf 90' lang='lat' dir='ltr'><strong>ne</strong></span> <span class='ocrx_word' id='word_1_731' title='bbox 1442 5553 1560 5622; x_wconf 88' lang='lat' dir='ltr'><strong>ipse</strong></span> <span class='ocrx_word' id='word_1_732' title='bbox 1588 5553 1808 5622; x_wconf 80' lang='lat' dir='ltr'><strong>quidem</strong></span> <span class='ocrx_word' id='word_1_733' title='bbox 1846 5571 1951 5608; x_wconf 91' lang='lat' dir='ltr'><strong>non</strong></span> <span class='ocrx_word' id='word_1_734' title='bbox 1999 5570 2132 5610; x_wconf 88' lang='lat' dir='ltr'><strong>con-</strong></span> 
     </span>
    </p>
   </div>
   <div class='ocr_carea' id='block_1_102' title="bbox 542 5645 2128 5714">
    <p class='ocr_par' dir='ltr' id='par_1_102' title="bbox 542 5645 2128 5714">
     <span class='ocr_line' id='line_1_102' title="bbox 542 5645 2128 5714; baseline 0.002 -17"><span class='ocrx_word' id='word_1_735' title='bbox 542 5648 764 5711; x_wconf 60' lang='lat' dir='ltr'><strong>ripiens</strong></span> <span class='ocrx_word' id='word_1_736' title='bbox 828 5645 1064 5712; x_wconf 87' lang='lat' dir='ltr'><strong>aliquem</strong></span> <span class='ocrx_word' id='word_1_737' title='bbox 1129 5645 1252 5698; x_wconf 62' lang='lat' dir='ltr'><strong>dua</strong></span> <span class='ocrx_word' id='word_1_738' title='bbox 1315 5659 1546 5714; x_wconf 80' lang='lat' dir='ltr'><strong>magnus</strong></span> <span class='ocrx_word' id='word_1_739' title='bbox 1607 5645 1674 5698; x_wconf 88' lang='lat' dir='ltr'><strong>ad</strong></span> <span class='ocrx_word' id='word_1_740' title='bbox 1746 5647 2128 5714; x_wconf 88' lang='lat' dir='ltr'><strong>itnpcratotem</strong></span> 
     </span>
    </p>
   </div>
   <div class='ocr_carea' id='block_1_103' title="bbox 539 5737 2130 5808">
    <p class='ocr_par' dir='ltr' id='par_1_103' title="bbox 539 5737 2130 5808">
     <span class='ocr_line' id='line_1_103' title="bbox 539 5737 2130 5808; baseline 0.001 -14"><span class='ocrx_word' id='word_1_741' title='bbox 539 5739 823 5794; x_wconf 65' lang='lat' dir='ltr'><strong>sollicitus</strong></span> <span class='ocrx_word' id='word_1_742' title='bbox 856 5737 1118 5802; x_wconf 85' lang='lat' dir='ltr'><strong>accurrit,</strong></span> <span class='ocrx_word' id='word_1_743' title='bbox 1151 5737 1358 5807; x_wconf 77' lang='lat' dir='ltr'><strong>paratis</strong></span> <span class='ocrx_word' id='word_1_744' title='bbox 1408 5739 1472 5794; x_wconf 84' lang='lat' dir='ltr'><strong>ad</strong></span> <span class='ocrx_word' id='word_1_745' title='bbox 1527 5753 1645 5793; x_wconf 90' lang='lat' dir='ltr'><strong>eam</strong></span> <span class='ocrx_word' id='word_1_746' title='bbox 1677 5739 2012 5808; x_wconf 76' lang='lat' dir='ltr'><strong>purgattduttt</strong></span> <span class='ocrx_word' id='word_1_747' title='bbox 2047 5747 2130 5795; x_wconf 86' lang='lat' dir='ltr'><strong>vel</strong></span> 
     </span>
    </p>
   </div>
   <div class='ocr_carea' id='block_1_104' title="bbox 2239 4535 3796 4620">
    <p class='ocr_par' dir='ltr' id='par_1_104' title="bbox 2239 4535 3796 4620">
     <span class='ocr_line' id='line_1_104' title="bbox 2239 4535 3796 4620; baseline 0.001 -16"><span class='ocrx_word' id='word_1_748' title='bbox 2239 4553 2508 4605; x_wconf 78' lang='lat' dir='ltr'><strong>duntaxat</strong></span> <span class='ocrx_word' id='word_1_749' title='bbox 2568 4566 2920 4604; x_wconf 85' lang='lat' dir='ltr'><strong>nummorum</strong></span> <span class='ocrx_word' id='word_1_750' title='bbox 2985 4552 3036 4604; x_wconf 92' lang='lat' dir='ltr'><strong>in</strong></span> <span class='ocrx_word' id='word_1_751' title='bbox 3075 4568 3294 4607; x_wconf 83' lang='lat' dir='ltr'><strong>menses</strong></span> <span class='ocrx_word' id='word_1_752' title='bbox 3353 4550 3596 4620; x_wconf 85' lang='lat' dir='ltr'><strong>singulos</strong></span> <span class='ocrx_word' id='word_1_753' title='bbox 3651 4535 3796 4606; x_wconf 60' lang='lat' dir='ltr'><strong>largi&#39;</strong></span> 
     </span>
    </p>
   </div>
   <div class='ocr_carea' id='block_1_105' title="bbox 2239 4635 3794 4710">
    <p class='ocr_par' dir='ltr' id='par_1_105' title="bbox 2239 4635 3794 4710">
     <span class='ocr_line' id='line_1_105' title="bbox 2239 4635 3794 4710; baseline -0.005 -18"><span class='ocrx_word' id='word_1_754' title='bbox 2239 4639 2478 4692; x_wconf 87' lang='lat' dir='ltr'><strong>tittnenla</strong></span> <span class='ocrx_word' id='word_1_755' title='bbox 2508 4653 2672 4708; x_wconf 86' lang='lat' dir='ltr'><strong>parce</strong></span> <span class='ocrx_word' id='word_1_756' title='bbox 2705 4653 2768 4691; x_wconf 82' lang='lat' dir='ltr'><strong>ac</strong></span> <span class='ocrx_word' id='word_1_757' title='bbox 2801 4639 3042 4693; x_wconf 87' lang='lat' dir='ltr'><strong>tenuiter</strong></span> <span class='ocrx_word' id='word_1_758' title='bbox 3092 4641 3354 4710; x_wconf 85' lang='lat' dir='ltr'><strong>aspersit,</strong></span> <span class='ocrx_word' id='word_1_759' title='bbox 3409 4641 3563 4707; x_wconf 87' lang='lat' dir='ltr'><strong>equis</strong></span> <span class='ocrx_word' id='word_1_760' title='bbox 3592 4635 3794 4696; x_wconf 76' lang='lat' dir='ltr'><strong>inSttpel‘</strong></span> 
     </span>
    </p>
   </div>
   <div class='ocr_carea' id='block_1_106' title="bbox 2238 4718 3790 4802">
    <p class='ocr_par' dir='ltr' id='par_1_106' title="bbox 2238 4718 3790 4802">
     <span class='ocr_line' id='line_1_106' title="bbox 2238 4718 3790 4802; baseline 0.003 -16"><span class='ocrx_word' id='word_1_761' title='bbox 2238 4731 2443 4790; x_wconf 81' lang='lat' dir='ltr'><strong>additis</strong></span> <span class='ocrx_word' id='word_1_762' title='bbox 2469 4746 2497 4785; x_wconf 93' lang='lat' dir='ltr'><strong>e</strong></span> <span class='ocrx_word' id='word_1_763' title='bbox 2515 4730 2864 4800; x_wconf 78' lang='lat' dir='ltr'><strong>suppeditata</strong></span> <span class='ocrx_word' id='word_1_764' title='bbox 2884 4733 3006 4800; x_wconf 78' lang='lat' dir='ltr'><strong>ejus</strong></span> <span class='ocrx_word' id='word_1_765' title='bbox 3033 4734 3247 4802; x_wconf 76' lang='lat' dir='ltr'><strong>generis</strong></span> <span class='ocrx_word' id='word_1_766' title='bbox 3271 4734 3342 4788; x_wconf 91' lang='lat' dir='ltr'><strong>ab</strong></span> <span class='ocrx_word' id='word_1_767' title='bbox 3369 4735 3608 4801; x_wconf 82' lang='lat' dir='ltr'><strong>Augusto</strong></span> <span class='ocrx_word' id='word_1_768' title='bbox 3635 4718 3790 4790; x_wconf 64' lang='lat' dir='ltr'><strong>copia&#39;</strong></span> 
     </span>
    </p>
   </div>
   <div class='ocr_carea' id='block_1_107' title="bbox 2236 4813 3792 4890">
    <p class='ocr_par' dir='ltr' id='par_1_107' title="bbox 2236 4813 3792 4890">
     <span class='ocr_line' id='line_1_107' title="bbox 2236 4813 3792 4890; baseline -0.001 -14"><span class='ocrx_word' id='word_1_769' title='bbox 2236 4823 2353 4888; x_wconf 91' lang='lat' dir='ltr'><strong>Qua</strong></span> <span class='ocrx_word' id='word_1_770' title='bbox 2383 4821 2753 4890; x_wconf 70' lang='lat' dir='ltr'><strong>iuta-qualitate</strong></span> <span class='ocrx_word' id='word_1_771' title='bbox 2783 4824 3054 4880; x_wconf 88' lang='lat' dir='ltr'><strong>mercedis</strong></span> <span class='ocrx_word' id='word_1_772' title='bbox 3085 4832 3330 4880; x_wconf 87' lang='lat' dir='ltr'><strong>atrocem</strong></span> <span class='ocrx_word' id='word_1_773' title='bbox 3366 4825 3418 4877; x_wconf 93' lang='lat' dir='ltr'><strong>in</strong></span> <span class='ocrx_word' id='word_1_774' title='bbox 3487 4835 3546 4876; x_wconf 89' lang='lat' dir='ltr'><strong>se</strong></span> <span class='ocrx_word' id='word_1_775' title='bbox 3571 4813 3792 4874; x_wconf 62' lang='lat' dir='ltr'><strong>concila&#39;</strong></span> 
     </span>
    </p>
   </div>
   <div class='ocr_carea' id='block_1_108' title="bbox 2239 4911 3789 4983">
    <p class='ocr_par' dir='ltr' id='par_1_108' title="bbox 2239 4911 3789 4983">
     <span class='ocr_line' id='line_1_108' title="bbox 2239 4911 3789 4983; baseline -0.01 -18"><span class='ocrx_word' id='word_1_776' title='bbox 2239 4913 2316 4966; x_wconf 86' lang='lat' dir='ltr'><strong>vit</strong></span> <span class='ocrx_word' id='word_1_777' title='bbox 2341 4911 2586 4966; x_wconf 70' lang='lat' dir='ltr'><strong>Alanicae</strong></span> <span class='ocrx_word' id='word_1_778' title='bbox 2604 4913 2786 4983; x_wconf 85' lang='lat' dir='ltr'><strong>gentis</strong></span> <span class='ocrx_word' id='word_1_779' title='bbox 2827 4912 3118 4979; x_wconf 81' lang='lat' dir='ltr'><strong>invidiam,</strong></span> <span class='ocrx_word' id='word_1_780' title='bbox 3171 4916 3350 4983; x_wconf 90' lang='lat' dir='ltr'><strong>palam</strong></span> <span class='ocrx_word' id='word_1_781' title='bbox 3382 4912 3642 4965; x_wconf 90' lang='lat' dir='ltr'><strong>fremente</strong></span> <span class='ocrx_word' id='word_1_782' title='bbox 3671 4911 3789 4953; x_wconf 81' lang='lat' dir='ltr'><strong>uno-</strong></span> 
     </span>
    </p>
   </div>
   <div class='ocr_carea' id='block_1_109' title="bbox 2236 4991 3790 5072">
    <p class='ocr_par' dir='ltr' id='par_1_109' title="bbox 2236 4991 3790 5072">
     <span class='ocr_line' id='line_1_109' title="bbox 2236 4991 3790 5072; baseline -0.012 -15"><span class='ocrx_word' id='word_1_783' title='bbox 2236 5019 2456 5072; x_wconf 87' lang='lat' dir='ltr'><strong>quoque</strong></span> <span class='ocrx_word' id='word_1_784' title='bbox 2481 5003 2714 5057; x_wconf 89' lang='lat' dir='ltr'><strong>istorum</strong></span> <span class='ocrx_word' id='word_1_785' title='bbox 2750 5013 2860 5056; x_wconf 88' lang='lat' dir='ltr'><strong>tam</strong></span> <span class='ocrx_word' id='word_1_786' title='bbox 2894 5003 2988 5057; x_wconf 89' lang='lat' dir='ltr'><strong>vili</strong></span> <span class='ocrx_word' id='word_1_787' title='bbox 3015 5006 3190 5059; x_wconf 83' lang='lat' dir='ltr'><strong>taxari</strong></span> <span class='ocrx_word' id='word_1_788' title='bbox 3231 5020 3362 5060; x_wconf 88' lang='lat' dir='ltr'><strong>suas</strong></span> <span class='ocrx_word' id='word_1_789' title='bbox 3395 5013 3612 5071; x_wconf 89' lang='lat' dir='ltr'><strong>operas,</strong></span> <span class='ocrx_word' id='word_1_790' title='bbox 3666 4991 3790 5044; x_wconf 84' lang='lat' dir='ltr'><strong>inte-</strong></span> 
     </span>
    </p>
   </div>
   <div class='ocr_carea' id='block_1_110' title="bbox 2238 5081 3786 5173">
    <p class='ocr_par' dir='ltr' id='par_1_110' title="bbox 2238 5081 3786 5173">
     <span class='ocr_line' id='line_1_110' title="bbox 2238 5081 3786 5173; baseline -0.009 -27"><span class='ocrx_word' id='word_1_791' title='bbox 2238 5093 2338 5147; x_wconf 83' lang='lat' dir='ltr'><strong>t&#39;iut</strong></span> <span class='ocrx_word' id='word_1_792' title='bbox 2385 5094 2514 5147; x_wconf 88' lang='lat' dir='ltr'><strong>dunt</strong></span> <span class='ocrx_word' id='word_1_793' title='bbox 2545 5093 2670 5147; x_wconf 87' lang='lat' dir='ltr'><strong>aliis</strong></span> <span class='ocrx_word' id='word_1_794' title='bbox 2716 5094 2890 5149; x_wconf 84' lang='lat' dir='ltr'><strong>nihilo</strong></span> <span class='ocrx_word' id='word_1_795' title='bbox 2941 5095 3320 5151; x_wconf 86' lang='lat' dir='ltr'><strong>laboriosioris</strong></span> <span class='ocrx_word' id='word_1_796' title='bbox 3351 5101 3503 5148; x_wconf 78' lang='lat' dir='ltr'><strong>tanto</strong></span> <span class='ocrx_word' id='word_1_797' title='bbox 3559 5081 3786 5173; x_wconf 59' lang='lat' dir='ltr'><strong>uberiora</strong></span> 
     </span>
    </p>
   </div>
   <div class='ocr_carea' id='block_1_111' title="bbox 2240 5170 3785 5253">
    <p class='ocr_par' dir='ltr' id='par_1_111' title="bbox 2240 5170 3785 5253">
     <span class='ocr_line' id='line_1_111' title="bbox 2240 5170 3785 5253; baseline -0.01 -16"><span class='ocrx_word' id='word_1_798' title='bbox 2240 5187 2602 5253; x_wconf 77' lang='lat' dir='ltr'><strong>procederent</strong></span> <span class='ocrx_word' id='word_1_799' title='bbox 2631 5191 3069 5239; x_wconf 61' lang='lat' dir='ltr'><strong>.attctoraznenta</strong></span> <span class='ocrx_word' id='word_1_800' title='bbox 3110 5183 3364 5248; x_wconf 65' lang='lat' dir='ltr'><strong>militiae;</strong></span> <span class='ocrx_word' id='word_1_801' title='bbox 3407 5195 3528 5250; x_wconf 71' lang='lat' dir='ltr'><strong>qua:</strong></span> <span class='ocrx_word' id='word_1_802' title='bbox 3580 5170 3785 5228; x_wconf 77' lang='lat' dir='ltr'><strong>offensio</strong></span> 
     </span>
    </p>
   </div>
   <div class='ocr_carea' id='block_1_112' title="bbox 2236 5266 3782 5347">
    <p class='ocr_par' dir='ltr' id='par_1_112' title="bbox 2236 5266 3782 5347">
     <span class='ocr_line' id='line_1_112' title="bbox 2236 5266 3782 5347; baseline -0.017 -15"><span class='ocrx_word' id='word_1_803' title='bbox 2236 5279 2784 5346; x_wconf 83' lang='lat' dir='ltr'><strong>quorsum-tandem</strong></span> <span class='ocrx_word' id='word_1_804' title='bbox 2849 5279 3112 5347; x_wconf 85' lang='lat' dir='ltr'><strong>eruperit,</strong></span> <span class='ocrx_word' id='word_1_805' title='bbox 3163 5279 3324 5347; x_wconf 82' lang='lat' dir='ltr'><strong>paulo</strong></span> <span class='ocrx_word' id='word_1_806' title='bbox 3382 5282 3506 5344; x_wconf 89' lang='lat' dir='ltr'><strong>post</strong></span> <span class='ocrx_word' id='word_1_807' title='bbox 3569 5266 3782 5347; x_wconf 74' lang='lat' dir='ltr'><strong>dicetur.</strong></span> 
     </span>
    </p>
   </div>
   <div class='ocr_carea' id='block_1_113' title="bbox 2236 5343 3778 5440">
    <p class='ocr_par' dir='ltr' id='par_1_113' title="bbox 2236 5343 3778 5440">
     <span class='ocr_line' id='line_1_113' title="bbox 2236 5343 3778 5440; baseline -0.014 -18"><span class='ocrx_word' id='word_1_808' title='bbox 2236 5343 2448 5424; x_wconf 73' lang='lat' dir='ltr'><strong>interea</strong></span> <span class='ocrx_word' id='word_1_809' title='bbox 2513 5371 2626 5423; x_wconf 76' lang='lat' dir='ltr'><strong>dux</strong></span> <span class='ocrx_word' id='word_1_810' title='bbox 2683 5385 2916 5440; x_wconf 86' lang='lat' dir='ltr'><strong>magnus</strong></span> <span class='ocrx_word' id='word_1_811' title='bbox 2953 5343 3238 5433; x_wconf 28' lang='lat' dir='ltr'><strong>vnavibus,</strong></span> <span class='ocrx_word' id='word_1_812' title='bbox 3299 5343 3436 5437; x_wconf 85' lang='lat' dir='ltr'><strong>quas</strong></span> <span class='ocrx_word' id='word_1_813' title='bbox 3469 5355 3689 5414; x_wconf 87' lang='lat' dir='ltr'><strong>habebat</strong></span> <span class='ocrx_word' id='word_1_814' title='bbox 3722 5343 3778 5440; x_wconf 72' lang='lat' dir='ltr'><strong>ad</strong></span> 
     </span>
    </p>
   </div>
   <div class='ocr_carea' id='block_1_114' title="bbox 2238 5436 3778 5527">
    <p class='ocr_par' dir='ltr' id='par_1_114' title="bbox 2238 5436 3778 5527">
     <span class='ocr_line' id='line_1_114' title="bbox 2238 5436 3778 5527; baseline -0.011 -12"><span class='ocrx_word' id='word_1_815' title='bbox 2238 5477 2460 5515; x_wconf 88' lang='lat' dir='ltr'><strong>manum</strong></span> <span class='ocrx_word' id='word_1_816' title='bbox 2523 5478 2757 5516; x_wconf 81' lang='lat' dir='ltr'><strong>numero</strong></span> <span class='ocrx_word' id='word_1_817' title='bbox 2837 5461 3152 5527; x_wconf 83' lang='lat' dir='ltr'><strong>duodecim,</strong></span> <span class='ocrx_word' id='word_1_818' title='bbox 3218 5460 3414 5514; x_wconf 88' lang='lat' dir='ltr'><strong>ducem</strong></span> <span class='ocrx_word' id='word_1_819' title='bbox 3504 5436 3778 5520; x_wconf 68' lang='grc' dir='ltr'>ρι’ωροειιὲι</span> 
     </span>
    </p>
   </div>
   <div class='ocr_carea' id='block_1_115' title="bbox 2239 5531 3774 5624">
    <p class='ocr_par' dir='ltr' id='par_1_115' title="bbox 2239 5531 3774 5624">
     <span class='ocr_line' id='line_1_115' title="bbox 2239 5531 3774 5624; baseline -0.012 -18"><span class='ocrx_word' id='word_1_820' title='bbox 2239 5569 2408 5607; x_wconf 88' lang='lat' dir='ltr'><strong>unum</strong></span> <span class='ocrx_word' id='word_1_821' title='bbox 2487 5569 2517 5608; x_wconf 88' lang='lat' dir='ltr'><strong>e</strong></span> <span class='ocrx_word' id='word_1_822' title='bbox 2567 5555 2704 5618; x_wconf 83' lang='lat' dir='ltr'><strong>suis,</strong></span> <span class='ocrx_word' id='word_1_823' title='bbox 2793 5556 3009 5623; x_wconf 85' lang='lat' dir='ltr'><strong>qualem</strong></span> <span class='ocrx_word' id='word_1_824' title='bbox 3069 5556 3449 5624; x_wconf 77' lang='lat' dir='ltr'><strong>magistratum</strong></span> <span class='ocrx_word' id='word_1_825' title='bbox 3512 5531 3774 5595; x_wconf 69' lang='lat' dir='ltr'><strong>amcralt&#39;l&quot;</strong></span> 
     </span>
    </p>
   </div>
   <div class='ocr_carea' id='block_1_116' title="bbox 2236 5629 3773 5718">
    <p class='ocr_par' dir='ltr' id='par_1_116' title="bbox 2236 5629 3773 5718">
     <span class='ocr_line' id='line_1_116' title="bbox 2236 5629 3773 5718; baseline 0.003 -19"><span class='ocrx_word' id='word_1_826' title='bbox 2236 5661 2433 5700; x_wconf 77' lang='lat' dir='ltr'><strong>vocare</strong></span> <span class='ocrx_word' id='word_1_827' title='bbox 2467 5663 2566 5702; x_wconf 88' lang='lat' dir='ltr'><strong>sua</strong></span> <span class='ocrx_word' id='word_1_828' title='bbox 2593 5647 2684 5700; x_wconf 80' lang='lat' dir='ltr'><strong>isti</strong></span> <span class='ocrx_word' id='word_1_829' title='bbox 2720 5650 2900 5718; x_wconf 80' lang='lat' dir='ltr'><strong>lingua</strong></span> <span class='ocrx_word' id='word_1_830' title='bbox 2951 5653 3392 5705; x_wconf 76' lang='lat' dir='ltr'><strong>consueverunt;</strong></span> <span class='ocrx_word' id='word_1_831' title='bbox 3439 5629 3773 5705; x_wconf 68' lang='lat' dir='ltr'><strong>imlmsuitquc</strong></span> 
     </span>
    </p>
   </div>
   <div class='ocr_carea' id='block_1_117' title="bbox 2237 5727 3774 5812">
    <p class='ocr_par' dir='ltr' id='par_1_117' title="bbox 2237 5727 3774 5812">
     <span class='ocr_line' id='line_1_117' title="bbox 2237 5727 3774 5812; baseline -0.007 -20"><span class='ocrx_word' id='word_1_832' title='bbox 2237 5738 2292 5793; x_wconf 84' lang='lat' dir='ltr'><strong>in</strong></span> <span class='ocrx_word' id='word_1_833' title='bbox 2335 5755 2426 5796; x_wconf 86' lang='lat' dir='ltr'><strong>eas</strong></span> <span class='ocrx_word' id='word_1_834' title='bbox 2459 5756 2522 5795; x_wconf 76' lang='lat' dir='ltr'><strong>ex</strong></span> <span class='ocrx_word' id='word_1_835' title='bbox 2561 5738 2765 5795; x_wconf 71' lang='lat' dir='ltr'><strong>Italicis</strong></span> <span class='ocrx_word' id='word_1_836' title='bbox 2793 5742 3060 5812; x_wconf 85' lang='lat' dir='ltr'><strong>plurimos</strong></span> <span class='ocrx_word' id='word_1_837' title='bbox 3087 5742 3283 5812; x_wconf 82' lang='lat' dir='ltr'><strong>copiis,</strong></span> <span class='ocrx_word' id='word_1_838' title='bbox 3317 5747 3510 5804; x_wconf 84' lang='lat' dir='ltr'><strong>magno</strong></span> <span class='ocrx_word' id='word_1_839' title='bbox 3532 5727 3774 5799; x_wconf 61' lang='lat' dir='ltr'><strong>quell&#39;ll‘w</strong></span> 
     </span>
    </p>
   </div>
  </div>
