  <div class='ocr_page' id='page_1' title='image "/cluster/home/n/w/nwhite01/storage/ocr_20150623/144:no.2/coo.31924054870492/238.png"; bbox 0 0 4024 6396; ppageno 0'>
   <div class='ocr_carea' id='block_1_1' title="bbox 305 294 404 361">
    <p class='ocr_par' dir='ltr' id='par_1_1' title="bbox 305 294 404 361">
     <span class='ocr_line' id='line_1_1' title="bbox 305 294 404 361; baseline 0.03 -3"><span class='ocrx_word' id='word_1_1' title='bbox 305 294 404 361; x_wconf 73' lang='grc'><strong>4’1</strong></span> 
     </span>
    </p>
   </div>
   <div class='ocr_carea' id='block_1_2' title="bbox 1211 288 2597 355">
    <p class='ocr_par' dir='ltr' id='par_1_2' title="bbox 1211 288 2597 355">
     <span class='ocr_line' id='line_1_2' title="bbox 1211 288 2597 355; baseline -0.004 0"><span class='ocrx_word' id='word_1_2' title='bbox 1211 294 1311 355; x_wconf 86' lang='lat' dir='ltr'><strong>DE</strong></span> <span class='ocrx_word' id='word_1_3' title='bbox 1353 294 1564 355; x_wconf 82' lang='lat' dir='ltr'><strong>ANDR</strong></span> <span class='ocrx_word' id='word_1_4' title='bbox 1587 289 1797 350; x_wconf 51' lang='lat' dir='ltr'><strong>TNICO</strong></span> <span class='ocrx_word' id='word_1_5' title='bbox 1828 289 2291 352; x_wconf 78' lang='lat' dir='ltr'><strong>PAL/EOLOGO</strong></span> <span class='ocrx_word' id='word_1_6' title='bbox 2328 288 2491 352; x_wconf 75' lang='lat' dir='ltr'><strong>LIB.</strong></span> <span class='ocrx_word' id='word_1_7' title='bbox 2535 294 2597 350; x_wconf 87' lang='lat' dir='ltr'><strong>V.</strong></span> 
     </span>
    </p>
   </div>
   <div class='ocr_carea' id='block_1_3' title="bbox 3452 267 3577 356">
    <p class='ocr_par' dir='ltr' id='par_1_3' title="bbox 3452 267 3577 356">
     <span class='ocr_line' id='line_1_3' title="bbox 3452 267 3577 356; baseline 0 -1"><span class='ocrx_word' id='word_1_8' title='bbox 3452 267 3577 356; x_wconf 59' lang='grc' dir='ltr'>ωε</span> 
     </span>
    </p>
   </div>
   <div class='ocr_carea' id='block_1_4' title="bbox 302 398 3555 486">
    <p class='ocr_par' dir='ltr' id='par_1_4' title="bbox 302 398 3555 486">
     <span class='ocr_line' id='line_1_4' title="bbox 302 398 3555 486; baseline -0.001 -23"><span class='ocrx_word' id='word_1_9' title='bbox 302 428 435 481; x_wconf 86' lang='grc' dir='ltr'>νεμε</span> <span class='ocrx_word' id='word_1_10' title='bbox 470 413 539 464; x_wconf 73' lang='grc' dir='ltr'>τὰ</span> <span class='ocrx_word' id='word_1_11' title='bbox 575 410 666 463; x_wconf 80' lang='grc' dir='ltr'>τοῦ</span> <span class='ocrx_word' id='word_1_12' title='bbox 699 409 893 480; x_wconf 82' lang='grc' dir='ltr'>μισθοῦ</span> <span class='ocrx_word' id='word_1_13' title='bbox 923 408 1208 480; x_wconf 81' lang='grc' dir='ltr'>χρήματα.</span> <span class='ocrx_word' id='word_1_14' title='bbox 1235 410 1346 462; x_wconf 76' lang='lat' dir='ltr'><strong>Kal.</strong></span> <span class='ocrx_word' id='word_1_15' title='bbox 1374 409 1489 486; x_wconf 80' lang='grc' dir='ltr'>τοῖς</span> <span class='ocrx_word' id='word_1_16' title='bbox 1523 407 1622 476; x_wconf 83' lang='grc' dir='ltr'>μὲν</span> <span class='ocrx_word' id='word_1_17' title='bbox 1658 404 1875 468; x_wconf 75' lang='grc' dir='ltr'><strong>Ἰταλοῖς</strong></span> <span class='ocrx_word' id='word_1_18' title='bbox 1907 411 1950 466; x_wconf 73' lang='grc' dir='ltr'>Α</span> <span class='ocrx_word' id='word_1_19' title='bbox 1980 403 2271 473; x_wconf 83' lang='grc' dir='ltr'>παννυχίσι</span> <span class='ocrx_word' id='word_1_20' title='bbox 2309 404 2405 457; x_wconf 82' lang='grc' dir='ltr'>καὶ</span> <span class='ocrx_word' id='word_1_21' title='bbox 2443 403 2760 469; x_wconf 79' lang='grc' dir='ltr'><strong>λιτανείαις,</strong></span> <span class='ocrx_word' id='word_1_22' title='bbox 2805 398 2880 458; x_wconf 75' lang='grc' dir='ltr'>ὧν</span> <span class='ocrx_word' id='word_1_23' title='bbox 2930 405 3040 458; x_wconf 73' lang='grc' dir='ltr'>οὐδ’</span> <span class='ocrx_word' id='word_1_24' title='bbox 3089 404 3249 469; x_wconf 68' lang='grc' dir='ltr'>αὐτὸς</span> <span class='ocrx_word' id='word_1_25' title='bbox 3297 404 3555 475; x_wconf 78' lang='grc' dir='ltr'>βασιλεὺς</span> 
     </span>
    </p>
   </div>
   <div class='ocr_carea' id='block_1_5' title="bbox 302 498 1879 571">
    <p class='ocr_par' dir='ltr' id='par_1_5' title="bbox 302 498 1879 571">
     <span class='ocr_line' id='line_1_5' title="bbox 302 498 1879 571; baseline -0.004 -14"><span class='ocrx_word' id='word_1_26' title='bbox 302 502 553 569; x_wconf 83' lang='grc' dir='ltr'>διούγγια</span> <span class='ocrx_word' id='word_1_27' title='bbox 629 502 836 571; x_wconf 80' lang='grc' dir='ltr'>χρυσοῦ</span> <span class='ocrx_word' id='word_1_28' title='bbox 906 504 1000 555; x_wconf 73' lang='grc' dir='ltr'><strong>καὶ</strong></span> <span class='ocrx_word' id='word_1_29' title='bbox 1064 500 1359 571; x_wconf 81' lang='grc' dir='ltr'>τριούγγια</span> <span class='ocrx_word' id='word_1_30' title='bbox 1428 499 1596 571; x_wconf 82' lang='grc' dir='ltr'>μηνὸς</span> <span class='ocrx_word' id='word_1_31' title='bbox 1645 498 1879 551; x_wconf 79' lang='grc' dir='ltr'><strong>ἑκάστου</strong></span> 
     </span>
    </p>
   </div>
   <div class='ocr_carea' id='block_1_6' title="bbox 304 587 1880 662">
    <p class='ocr_par' dir='ltr' id='par_1_6' title="bbox 304 587 1880 662">
     <span class='ocr_line' id='line_1_6' title="bbox 304 587 1880 662; baseline -0.002 -17"><span class='ocrx_word' id='word_1_32' title='bbox 304 593 570 662; x_wconf 81' lang='grc' dir='ltr'><strong>ἐπλήρου,</strong></span> <span class='ocrx_word' id='word_1_33' title='bbox 620 593 878 655; x_wconf 76' lang='grc' dir='ltr'><strong>Ἀλανοὺς</strong></span> <span class='ocrx_word' id='word_1_34' title='bbox 924 592 970 644; x_wconf 86' lang='grc' dir='ltr'>δ’</span> <span class='ocrx_word' id='word_1_35' title='bbox 1005 592 1242 645; x_wconf 69' lang='grc' dir='ltr'>ἕκαστον</span> <span class='ocrx_word' id='word_1_36' title='bbox 1271 590 1423 660; x_wconf 79' lang='grc' dir='ltr'>τρισὶ</span> <span class='ocrx_word' id='word_1_37' title='bbox 1451 590 1544 642; x_wconf 76' lang='grc' dir='ltr'><strong>καὶ</strong></span> <span class='ocrx_word' id='word_1_38' title='bbox 1578 589 1761 657; x_wconf 88' lang='grc' dir='ltr'>μόνοις</span> <span class='ocrx_word' id='word_1_39' title='bbox 1782 587 1880 642; x_wconf 80' lang='grc' dir='ltr'>τοῦ</span> 
     </span>
    </p>
   </div>
   <div class='ocr_carea' id='block_1_7' title="bbox 307 680 1881 753">
    <p class='ocr_par' dir='ltr' id='par_1_7' title="bbox 307 680 1881 753">
     <span class='ocr_line' id='line_1_7' title="bbox 307 680 1881 753; baseline -0.001 -18"><span class='ocrx_word' id='word_1_40' title='bbox 307 687 479 752; x_wconf 73' lang='grc' dir='ltr'>μηνὸς</span> <span class='ocrx_word' id='word_1_41' title='bbox 506 685 756 737; x_wconf 67' lang='grc' dir='ltr'>ἑνικάνου</span> <span class='ocrx_word' id='word_1_42' title='bbox 790 682 1091 753; x_wconf 75' lang='grc' dir='ltr'><strong>νομίσμασι</strong></span> <span class='ocrx_word' id='word_1_43' title='bbox 1146 684 1286 753; x_wconf 65' lang='grc' dir='ltr'>πρὸς</span> <span class='ocrx_word' id='word_1_44' title='bbox 1310 682 1387 752; x_wconf 81' lang='grc' dir='ltr'>τῷ</span> <span class='ocrx_word' id='word_1_45' title='bbox 1414 683 1509 735; x_wconf 76' lang='grc' dir='ltr'><strong>καὶ</strong></span> <span class='ocrx_word' id='word_1_46' title='bbox 1542 682 1743 743; x_wconf 72' lang='grc' dir='ltr'>ἵππους</span> <span class='ocrx_word' id='word_1_47' title='bbox 1766 680 1881 733; x_wconf 75' lang='grc' dir='ltr'>τισὶ</span> 
     </span>
    </p>
   </div>
   <div class='ocr_carea' id='block_1_8' title="bbox 301 770 1880 844">
    <p class='ocr_par' dir='ltr' id='par_1_8' title="bbox 301 770 1880 844">
     <span class='ocr_line' id='line_1_8' title="bbox 301 770 1880 844; baseline -0.003 -16"><span class='ocrx_word' id='word_1_48' title='bbox 301 776 529 844; x_wconf 80' lang='grc' dir='ltr'>δοθῆναι</span> <span class='ocrx_word' id='word_1_49' title='bbox 554 775 648 838; x_wconf 81' lang='grc' dir='ltr'><strong>οὓς</strong></span> <span class='ocrx_word' id='word_1_50' title='bbox 678 774 1038 844; x_wconf 73' lang='grc' dir='ltr'><strong>ἀπεξεδέχετο</strong></span> <span class='ocrx_word' id='word_1_51' title='bbox 1070 791 1213 830; x_wconf 56' lang='grc' dir='ltr'>θοι-α</span> <span class='ocrx_word' id='word_1_52' title='bbox 1242 774 1312 827; x_wconf 82' lang='grc' dir='ltr'>τὰ</span> <span class='ocrx_word' id='word_1_53' title='bbox 1340 773 1681 843; x_wconf 81' lang='grc' dir='ltr'>συνθήματα.</span> <span class='ocrx_word' id='word_1_54' title='bbox 1721 770 1787 827; x_wconf 90' lang='grc' dir='ltr'><strong>Ὃ</strong></span> <span class='ocrx_word' id='word_1_55' title='bbox 1815 770 1880 842; x_wconf 86' lang='grc' dir='ltr'>δὴ</span> 
     </span>
    </p>
   </div>
   <div class='ocr_carea' id='block_1_9' title="bbox 301 864 1881 939">
    <p class='ocr_par' dir='ltr' id='par_1_9' title="bbox 301 864 1881 939">
     <span class='ocr_line' id='line_1_9' title="bbox 301 864 1881 939; baseline -0.003 -19"><span class='ocrx_word' id='word_1_56' title='bbox 301 872 401 921; x_wconf 76' lang='grc' dir='ltr'><strong>καὶ</strong></span> <span class='ocrx_word' id='word_1_57' title='bbox 458 869 634 937; x_wconf 85' lang='grc' dir='ltr'>μέγαν</span> <span class='ocrx_word' id='word_1_58' title='bbox 671 868 876 939; x_wconf 76' lang='grc' dir='ltr'>μεταξὺ</span> <span class='ocrx_word' id='word_1_59' title='bbox 923 867 1130 921; x_wconf 81' lang='grc' dir='ltr'>τούτων</span> <span class='ocrx_word' id='word_1_60' title='bbox 1187 868 1447 937; x_wconf 74' lang='grc' dir='ltr'><strong>ἀνήγειρε</strong></span> <span class='ocrx_word' id='word_1_61' title='bbox 1501 864 1761 933; x_wconf 73' lang='grc' dir='ltr'>κυδοιμὸν</span> <span class='ocrx_word' id='word_1_62' title='bbox 1815 865 1881 916; x_wconf 82' lang='grc' dir='ltr'>ὲκ</span> 
     </span>
    </p>
   </div>
   <div class='ocr_carea' id='block_1_10' title="bbox 302 956 1879 1032">
    <p class='ocr_par' dir='ltr' id='par_1_10' title="bbox 302 956 1879 1032">
     <span class='ocr_line' id='line_1_10' title="bbox 302 956 1879 1032; baseline -0.004 -19"><span class='ocrx_word' id='word_1_63' title='bbox 302 961 597 1028; x_wconf 71' lang='grc' dir='ltr'><strong>φιλαυτίας</strong></span> <span class='ocrx_word' id='word_1_64' title='bbox 633 960 1118 1032; x_wconf 75' lang='grc' dir='ltr'>ἀναῤῥιπισθέντα,</span> <span class='ocrx_word' id='word_1_65' title='bbox 1149 958 1226 1021; x_wconf 84' lang='grc' dir='ltr'>ὼς</span> <span class='ocrx_word' id='word_1_66' title='bbox 1260 959 1380 1026; x_wconf 85' lang='grc' dir='ltr'>μετ’</span> <span class='ocrx_word' id='word_1_67' title='bbox 1418 956 1602 1025; x_wconf 84' lang='grc' dir='ltr'><strong>ὀλίγον</strong></span> <span class='ocrx_word' id='word_1_68' title='bbox 1638 956 1879 1026; x_wconf 78' lang='grc' dir='ltr'>ῥηθήσε-</span> 
     </span>
    </p>
   </div>
   <div class='ocr_carea' id='block_1_11' title="bbox 214 1047 1879 1119">
    <p class='ocr_par' dir='ltr' id='par_1_11' title="bbox 214 1047 1879 1119">
     <span class='ocr_line' id='line_1_11' title="bbox 214 1047 1879 1119; baseline -0.002 -16"><span class='ocrx_word' id='word_1_69' title='bbox 214 1047 223 1053; x_wconf 76' lang='grc'><strong>’</strong></span> <span class='ocrx_word' id='word_1_70' title='bbox 300 1067 415 1105; x_wconf 83' lang='grc' dir='ltr'>ται.</span> <span class='ocrx_word' id='word_1_71' title='bbox 457 1051 698 1114; x_wconf 85' lang='grc' dir='ltr'>Ἐκεῖνος</span> <span class='ocrx_word' id='word_1_72' title='bbox 729 1050 829 1118; x_wconf 82' lang='grc' dir='ltr'><strong>μὲν</strong></span> <span class='ocrx_word' id='word_1_73' title='bbox 851 1050 944 1103; x_wconf 82' lang='grc' dir='ltr'><strong>οὖν</strong></span> <span class='ocrx_word' id='word_1_74' title='bbox 966 1049 1198 1119; x_wconf 73' lang='grc' dir='ltr'>ἔξαρχον</span> <span class='ocrx_word' id='word_1_75' title='bbox 1219 1048 1327 1100; x_wconf 92' lang='grc' dir='ltr'><strong>τῶν</strong></span> <span class='ocrx_word' id='word_1_76' title='bbox 1354 1047 1480 1101; x_wconf 83' lang='grc' dir='ltr'>καθ’</span> <span class='ocrx_word' id='word_1_77' title='bbox 1512 1047 1678 1101; x_wconf 70' lang='grc' dir='ltr'>αύτὶν</span> <span class='ocrx_word' id='word_1_78' title='bbox 1708 1062 1879 1100; x_wconf 81' lang='grc' dir='ltr'>κατα.-</span> 
     </span>
    </p>
   </div>
   <div class='ocr_carea' id='block_1_12' title="bbox 300 1138 1876 1212">
    <p class='ocr_par' dir='ltr' id='par_1_12' title="bbox 300 1138 1876 1212">
     <span class='ocr_line' id='line_1_12' title="bbox 300 1138 1876 1212; baseline -0.003 -17"><span class='ocrx_word' id='word_1_79' title='bbox 300 1144 508 1212; x_wconf 81' lang='grc' dir='ltr'>στήσας</span> <span class='ocrx_word' id='word_1_80' title='bbox 540 1142 678 1195; x_wconf 86' lang='grc' dir='ltr'>νεῶν</span> <span class='ocrx_word' id='word_1_81' title='bbox 724 1141 906 1194; x_wconf 80' lang='grc' dir='ltr'>οὐσῶν</span> <span class='ocrx_word' id='word_1_82' title='bbox 949 1141 1084 1194; x_wconf 79' lang='grc' dir='ltr'>ὡσεὶ</span> <span class='ocrx_word' id='word_1_83' title='bbox 1131 1139 1363 1204; x_wconf 83' lang='grc' dir='ltr'>δώδεκα,</span> <span class='ocrx_word' id='word_1_84' title='bbox 1411 1138 1474 1192; x_wconf 83' lang='grc' dir='ltr'><strong>δν</strong></span> <span class='ocrx_word' id='word_1_85' title='bbox 1521 1138 1814 1209; x_wconf 79' lang='grc' dir='ltr'>ἀμηραλῆν</span> <span class='ocrx_word' id='word_1_86' title='bbox 1841 1138 1876 1206; x_wconf 75' lang='grc' dir='ltr'>ἡ</span> 
     </span>
    </p>
   </div>
   <div class='ocr_carea' id='block_1_13' title="bbox 300 1228 1881 1304">
    <p class='ocr_par' dir='ltr' id='par_1_13' title="bbox 300 1228 1881 1304">
     <span class='ocr_line' id='line_1_13' title="bbox 300 1228 1881 1304; baseline -0.004 -16"><span class='ocrx_word' id='word_1_87' title='bbox 300 1230 533 1289; x_wconf 65' lang='grc' dir='ltr'>ἐκείνων</span> <span class='ocrx_word' id='word_1_88' title='bbox 578 1234 860 1296; x_wconf 80' lang='grc' dir='ltr'>διάλεκτος</span> <span class='ocrx_word' id='word_1_89' title='bbox 891 1234 1132 1304; x_wconf 76' lang='grc' dir='ltr'>ὲξυμνεϊ,</span> <span class='ocrx_word' id='word_1_90' title='bbox 1162 1229 1378 1302; x_wconf 77' lang='grc' dir='ltr'><strong>ὁρισμῷ</strong></span> <span class='ocrx_word' id='word_1_91' title='bbox 1420 1230 1556 1301; x_wconf 76' lang='grc' dir='ltr'>πρὸς</span> <span class='ocrx_word' id='word_1_92' title='bbox 1592 1230 1756 1284; x_wconf 76' lang='grc' dir='ltr'>τοῦτο</span> <span class='ocrx_word' id='word_1_93' title='bbox 1782 1228 1881 1282; x_wconf 78' lang='grc' dir='ltr'>καὶ</span> 
     </span>
    </p>
   </div>
   <div class='ocr_carea' id='block_1_14' title="bbox 308 1321 1882 1396">
    <p class='ocr_par' dir='ltr' id='par_1_14' title="bbox 308 1321 1882 1396">
     <span class='ocr_line' id='line_1_14' title="bbox 308 1321 1882 1396; baseline -0.004 -17"><span class='ocrx_word' id='word_1_94' title='bbox 308 1326 403 1379; x_wconf 76' lang='grc' dir='ltr'>τοῦ</span> <span class='ocrx_word' id='word_1_95' title='bbox 444 1325 798 1396; x_wconf 79' lang='grc' dir='ltr'><strong>κρατοῦντος,</strong></span> <span class='ocrx_word' id='word_1_96' title='bbox 831 1325 1018 1378; x_wconf 84' lang='grc' dir='ltr'>στόλον</span> <span class='ocrx_word' id='word_1_97' title='bbox 1053 1322 1358 1394; x_wconf 68' lang='grc' dir='ltr'>ἐξαρτύσας</span> <span class='ocrx_word' id='word_1_98' title='bbox 1390 1322 1451 1386; x_wconf 70' lang='grc' dir='ltr'><strong>ἐξ</strong></span> <span class='ocrx_word' id='word_1_99' title='bbox 1492 1321 1732 1387; x_wconf 83' lang='grc' dir='ltr'><strong>Ἰταλῶν,</strong></span> <span class='ocrx_word' id='word_1_100' title='bbox 1763 1321 1882 1391; x_wconf 75' lang='grc' dir='ltr'><strong>ἅμα</strong></span> 
     </span>
    </p>
   </div>
   <div class='ocr_carea' id='block_1_15' title="bbox 303 1414 1881 1486">
    <p class='ocr_par' dir='ltr' id='par_1_15' title="bbox 303 1414 1881 1486">
     <span class='ocr_line' id='line_1_15' title="bbox 303 1414 1881 1486; baseline -0.003 -16"><span class='ocrx_word' id='word_1_101' title='bbox 303 1420 610 1480; x_wconf 75' lang='grc' dir='ltr'>παλλακαῖς</span> <span class='ocrx_word' id='word_1_102' title='bbox 640 1417 821 1471; x_wconf 76' lang='grc' dir='ltr'>αὐτῶν</span> <span class='ocrx_word' id='word_1_103' title='bbox 841 1419 936 1469; x_wconf 67' lang='grc' dir='ltr'><strong>καὶ</strong></span> <span class='ocrx_word' id='word_1_104' title='bbox 970 1417 1337 1479; x_wconf 78' lang='grc' dir='ltr'>παντοδαποῖς</span> <span class='ocrx_word' id='word_1_105' title='bbox 1369 1416 1714 1486; x_wconf 81' lang='grc' dir='ltr'>πραγμάτων</span> <span class='ocrx_word' id='word_1_106' title='bbox 1744 1414 1881 1467; x_wconf 80' lang='grc' dir='ltr'>εῖδε-</span> 
     </span>
    </p>
   </div>
   <div class='ocr_carea' id='block_1_16' title="bbox 304 1501 1880 1582">
    <p class='ocr_par' dir='ltr' id='par_1_16' title="bbox 304 1501 1880 1582">
     <span class='ocr_line' id='line_1_16' title="bbox 304 1501 1880 1582; baseline -0.004 -17"><span class='ocrx_word' id='word_1_107' title='bbox 304 1531 391 1565; x_wconf 90' lang='grc' dir='ltr'><strong>σιν</strong></span> <span class='ocrx_word' id='word_1_108' title='bbox 428 1515 491 1565; x_wconf 75' lang='grc' dir='ltr'>ἐκ</span> <span class='ocrx_word' id='word_1_109' title='bbox 516 1513 618 1581; x_wconf 82' lang='grc' dir='ltr'>τῆς</span> <span class='ocrx_word' id='word_1_110' title='bbox 649 1509 855 1582; x_wconf 81' lang='grc' dir='ltr'>χώρας,</span> <span class='ocrx_word' id='word_1_111' title='bbox 901 1504 977 1564; x_wconf 80' lang='grc' dir='ltr'>ὧν</span> <span class='ocrx_word' id='word_1_112' title='bbox 1002 1510 1244 1573; x_wconf 65' lang='grc' dir='ltr'>ἕκαστος</span> <span class='ocrx_word' id='word_1_113' title='bbox 1287 1508 1563 1580; x_wconf 69' lang='grc' dir='ltr'>ἀγκρατὴς</span> <span class='ocrx_word' id='word_1_114' title='bbox 1590 1504 1658 1579; x_wconf 80' lang='grc' dir='ltr'>ἦν</span> <span class='ocrx_word' id='word_1_115' title='bbox 1686 1508 1783 1560; x_wconf 76' lang='grc' dir='ltr'>καὶ</span> <span class='ocrx_word' id='word_1_116' title='bbox 1804 1501 1880 1560; x_wconf 83' lang='grc' dir='ltr'><strong>ῶν</strong></span> 
     </span>
    </p>
   </div>
   <div class='ocr_carea' id='block_1_17' title="bbox 302 1598 1884 1675">
    <p class='ocr_par' dir='ltr' id='par_1_17' title="bbox 302 1598 1884 1675">
     <span class='ocr_line' id='line_1_17' title="bbox 302 1598 1884 1675; baseline -0.006 -15"><span class='ocrx_word' id='word_1_117' title='bbox 302 1606 364 1670; x_wconf 79' lang='grc' dir='ltr'>ἐξ</span> <span class='ocrx_word' id='word_1_118' title='bbox 384 1605 557 1675; x_wconf 77' lang='grc' dir='ltr'>αὐτῆς</span> <span class='ocrx_word' id='word_1_119' title='bbox 583 1604 769 1657; x_wconf 78' lang='grc' dir='ltr'>λαὸεἷν</span> <span class='ocrx_word' id='word_1_120' title='bbox 797 1602 1143 1674; x_wconf 80' lang='grc' dir='ltr'>ηὐπόρησεν,</span> <span class='ocrx_word' id='word_1_121' title='bbox 1170 1601 1273 1655; x_wconf 87' lang='grc' dir='ltr'><strong>ἀνά</strong></span> <span class='ocrx_word' id='word_1_122' title='bbox 1301 1602 1401 1663; x_wconf 82' lang='grc' dir='ltr'>τὰς</span> <span class='ocrx_word' id='word_1_123' title='bbox 1431 1601 1635 1669; x_wconf 80' lang='grc' dir='ltr'>νήσους</span> <span class='ocrx_word' id='word_1_124' title='bbox 1668 1598 1884 1668; x_wconf 74' lang='grc' dir='ltr'>ἐκπέμ-</span> 
     </span>
    </p>
   </div>
   <div class='ocr_carea' id='block_1_18' title="bbox 301 1690 1874 1766">
    <p class='ocr_par' dir='ltr' id='par_1_18' title="bbox 301 1690 1874 1766">
     <span class='ocr_line' id='line_1_18' title="bbox 301 1690 1874 1766; baseline -0.004 -16"><span class='ocrx_word' id='word_1_125' title='bbox 301 1715 418 1757; x_wconf 84' lang='grc' dir='ltr'>πει,</span> <span class='ocrx_word' id='word_1_126' title='bbox 463 1698 717 1766; x_wconf 83' lang='grc' dir='ltr'>σύνθημα</span> <span class='ocrx_word' id='word_1_127' title='bbox 754 1697 881 1758; x_wconf 74' lang='grc' dir='ltr'>δοὺς</span> <span class='ocrx_word' id='word_1_128' title='bbox 937 1694 1170 1756; x_wconf 68' lang='grc' dir='ltr'>ἐκείνοις</span> <span class='ocrx_word' id='word_1_129' title='bbox 1228 1693 1327 1763; x_wconf 84' lang='grc' dir='ltr'>τὴν</span> <span class='ocrx_word' id='word_1_130' title='bbox 1377 1692 1653 1762; x_wconf 77' lang='grc' dir='ltr'>σφετέραν</span> <span class='ocrx_word' id='word_1_131' title='bbox 1705 1690 1874 1745; x_wconf 83' lang='grc' dir='ltr'>αὑτοῦ</span> 
     </span>
    </p>
   </div>
   <div class='ocr_carea' id='block_1_19' title="bbox 300 1783 1878 1859">
    <p class='ocr_par' dir='ltr' id='par_1_19' title="bbox 300 1783 1878 1859">
     <span class='ocr_line' id='line_1_19' title="bbox 300 1783 1878 1859; baseline -0.006 -16"><span class='ocrx_word' id='word_1_132' title='bbox 300 1789 446 1843; x_wconf 78' lang='grc' dir='ltr'>κατὰ</span> <span class='ocrx_word' id='word_1_133' title='bbox 483 1788 582 1859; x_wconf 78' lang='grc' dir='ltr'>τὴν</span> <span class='ocrx_word' id='word_1_134' title='bbox 624 1787 812 1839; x_wconf 80' lang='grc' dir='ltr'>Ἀσίαν</span> <span class='ocrx_word' id='word_1_135' title='bbox 841 1786 1051 1854; x_wconf 81' lang='grc' dir='ltr'>ἄφιξιν,</span> <span class='ocrx_word' id='word_1_136' title='bbox 1104 1786 1199 1840; x_wconf 83' lang='grc' dir='ltr'>τοῦ</span> <span class='ocrx_word' id='word_1_137' title='bbox 1233 1785 1327 1839; x_wconf 78' lang='grc' dir='ltr'>καὶ</span> <span class='ocrx_word' id='word_1_138' title='bbox 1357 1786 1498 1852; x_wconf 82' lang='grc' dir='ltr'>σφᾶς</span> <span class='ocrx_word' id='word_1_139' title='bbox 1540 1783 1658 1853; x_wconf 75' lang='grc' dir='ltr'><strong>ἅμα</strong></span> <span class='ocrx_word' id='word_1_140' title='bbox 1703 1799 1878 1853; x_wconf 87' lang='grc' dir='ltr'>προσ-</span> 
     </span>
    </p>
   </div>
   <div class='ocr_carea' id='block_1_20' title="bbox 300 1873 1877 1947">
    <p class='ocr_par' dir='ltr' id='par_1_20' title="bbox 300 1873 1877 1947">
     <span class='ocr_line' id='line_1_20' title="bbox 300 1873 1877 1947; baseline -0.001 -17"><span class='ocrx_word' id='word_1_141' title='bbox 300 1881 454 1947; x_wconf 76' lang='grc' dir='ltr'>σχεῖν</span> <span class='ocrx_word' id='word_1_142' title='bbox 494 1878 685 1947; x_wconf 77' lang='grc' dir='ltr'>Ἀναίᾳ</span> <span class='ocrx_word' id='word_1_143' title='bbox 721 1876 817 1929; x_wconf 75' lang='grc' dir='ltr'>καὶ</span> <span class='ocrx_word' id='word_1_144' title='bbox 851 1877 965 1938; x_wconf 82' lang='grc' dir='ltr'>τοῖς</span> <span class='ocrx_word' id='word_1_145' title='bbox 1000 1876 1123 1928; x_wconf 82' lang='grc' dir='ltr'>ἐκεῖ</span> <span class='ocrx_word' id='word_1_146' title='bbox 1154 1875 1349 1943; x_wconf 84' lang='grc' dir='ltr'>μέρεσι</span> <span class='ocrx_word' id='word_1_147' title='bbox 1387 1873 1877 1943; x_wconf 77' lang='grc' dir='ltr'>συμμαχήσοντας.</span> 
     </span>
    </p>
   </div>
   <div class='ocr_carea' id='block_1_21' title="bbox 300 1954 1882 2032">
    <p class='ocr_par' dir='ltr' id='par_1_21' title="bbox 300 1954 1882 2032">
     <span class='ocr_line' id='line_1_21' title="bbox 300 1954 1882 2032; baseline -0.001 -15"><span class='ocrx_word' id='word_1_148' title='bbox 300 1964 424 2017; x_wconf 84' lang='grc' dir='ltr'>Τῶν</span> <span class='ocrx_word' id='word_1_149' title='bbox 448 1964 492 2017; x_wconf 85' lang='grc' dir='ltr'>δ’</span> <span class='ocrx_word' id='word_1_150' title='bbox 521 1963 962 2032; x_wconf 80' lang='grc' dir='ltr'>ὑπολειφθέντων</span> <span class='ocrx_word' id='word_1_151' title='bbox 993 1964 1342 2032; x_wconf 80' lang='grc' dir='ltr'>ἀπεπειρᾶτο</span> <span class='ocrx_word' id='word_1_152' title='bbox 1370 1964 1425 2026; x_wconf 84' lang='grc' dir='ltr'>ἐς</span> <span class='ocrx_word' id='word_1_153' title='bbox 1443 1961 1471 2014; x_wconf 87' lang='grc' dir='ltr'><strong>ὃ</strong></span> <span class='ocrx_word' id='word_1_154' title='bbox 1492 1954 1882 2032; x_wconf 66' lang='grc' dir='ltr'>καὶικινήσέιεν</span> 
     </span>
    </p>
   </div>
   <div class='ocr_carea' id='block_1_22' title="bbox 299 2053 1883 2127">
    <p class='ocr_par' dir='ltr' id='par_1_22' title="bbox 299 2053 1883 2127">
     <span class='ocr_line' id='line_1_22' title="bbox 299 2053 1883 2127; baseline -0.002 -18"><span class='ocrx_word' id='word_1_155' title='bbox 299 2060 366 2110; x_wconf 81' lang='grc' dir='ltr'>ἐκ</span> <span class='ocrx_word' id='word_1_156' title='bbox 404 2055 645 2119; x_wconf 77' lang='grc' dir='ltr'>Κυζίκου</span> <span class='ocrx_word' id='word_1_157' title='bbox 676 2057 816 2117; x_wconf 87' lang='grc' dir='ltr'>τέως</span> <span class='ocrx_word' id='word_1_158' title='bbox 844 2054 1316 2117; x_wconf 78' lang='grc' dir='ltr'>δυσαπαλλάκτως</span> <span class='ocrx_word' id='word_1_159' title='bbox 1352 2053 1442 2107; x_wconf 84' lang='grc' dir='ltr'>διὰ</span> <span class='ocrx_word' id='word_1_160' title='bbox 1475 2054 1576 2127; x_wconf 83' lang='grc' dir='ltr'>τὴν</span> <span class='ocrx_word' id='word_1_161' title='bbox 1604 2056 1725 2106; x_wconf 79' lang='grc' dir='ltr'>ἐκεῖ</span> <span class='ocrx_word' id='word_1_162' title='bbox 1755 2053 1883 2123; x_wconf 88' lang='grc' dir='ltr'>βλα-</span> 
     </span>
    </p>
   </div>
   <div class='ocr_carea' id='block_1_23' title="bbox 300 2142 1884 2216">
    <p class='ocr_par' dir='ltr' id='par_1_23' title="bbox 300 2142 1884 2216">
     <span class='ocr_line' id='line_1_23' title="bbox 300 2142 1884 2216; baseline -0.003 -15"><span class='ocrx_word' id='word_1_163' title='bbox 300 2148 459 2202; x_wconf 80' lang='grc' dir='ltr'>κείαν</span> <span class='ocrx_word' id='word_1_164' title='bbox 494 2147 597 2216; x_wconf 80' lang='grc' dir='ltr'><strong>τῆς</strong></span> <span class='ocrx_word' id='word_1_165' title='bbox 638 2146 824 2216; x_wconf 82' lang='grc' dir='ltr'>χώρας</span> <span class='ocrx_word' id='word_1_166' title='bbox 861 2144 1105 2215; x_wconf 75' lang='grc' dir='ltr'>ἔχοντας.</span> <span class='ocrx_word' id='word_1_167' title='bbox 1155 2144 1269 2197; x_wconf 79' lang='grc' dir='ltr'><strong>Καὶ</strong></span> <span class='ocrx_word' id='word_1_168' title='bbox 1295 2146 1324 2196; x_wconf 86' lang='grc' dir='ltr'><strong>ό</strong></span> <span class='ocrx_word' id='word_1_169' title='bbox 1366 2144 1464 2213; x_wconf 79' lang='grc' dir='ltr'>μὲν</span> <span class='ocrx_word' id='word_1_170' title='bbox 1504 2142 1700 2208; x_wconf 76' lang='grc' dir='ltr'>ταῦτα,</span> <span class='ocrx_word' id='word_1_171' title='bbox 1732 2142 1884 2213; x_wconf 81' lang='grc' dir='ltr'>βασι-</span> 
     </span>
    </p>
   </div>
   <div class='ocr_carea' id='block_1_24' title="bbox 297 2235 1882 2308">
    <p class='ocr_par' dir='ltr' id='par_1_24' title="bbox 297 2235 1882 2308">
     <span class='ocr_line' id='line_1_24' title="bbox 297 2235 1882 2308; baseline -0.001 -17"><span class='ocrx_word' id='word_1_172' title='bbox 297 2239 424 2301; x_wconf 79' lang='grc' dir='ltr'>λεὺς</span> <span class='ocrx_word' id='word_1_173' title='bbox 456 2240 513 2291; x_wconf 81' lang='grc' dir='ltr'>δὲ</span> <span class='ocrx_word' id='word_1_174' title='bbox 542 2237 637 2291; x_wconf 71' lang='grc' dir='ltr'><strong>καὶ</strong></span> <span class='ocrx_word' id='word_1_175' title='bbox 678 2239 779 2308; x_wconf 80' lang='grc' dir='ltr'>τὴν</span> <span class='ocrx_word' id='word_1_176' title='bbox 807 2237 903 2292; x_wconf 79' lang='grc' dir='ltr'>τοῦ</span> <span class='ocrx_word' id='word_1_177' title='bbox 934 2236 1155 2291; x_wconf 82' lang='grc' dir='ltr'>ἀκούειν</span> <span class='ocrx_word' id='word_1_178' title='bbox 1205 2235 1479 2299; x_wconf 80' lang='grc' dir='ltr'>τάκείνοις</span> <span class='ocrx_word' id='word_1_179' title='bbox 1513 2236 1882 2305; x_wconf 78' lang='grc' dir='ltr'>πεπραγμένα</span> 
     </span>
    </p>
   </div>
   <div class='ocr_carea' id='block_1_25' title="bbox 298 2326 1881 2401">
    <p class='ocr_par' dir='ltr' id='par_1_25' title="bbox 298 2326 1881 2401">
     <span class='ocr_line' id='line_1_25' title="bbox 298 2326 1881 2401; baseline -0.003 -17"><span class='ocrx_word' id='word_1_180' title='bbox 298 2332 523 2401; x_wconf 73' lang='grc' dir='ltr'>θέλησιν</span> <span class='ocrx_word' id='word_1_181' title='bbox 581 2330 1019 2400; x_wconf 77' lang='grc' dir='ltr'>παραιτούμενος</span> <span class='ocrx_word' id='word_1_182' title='bbox 1087 2328 1164 2391; x_wconf 85' lang='grc' dir='ltr'><strong>ὡς</strong></span> <span class='ocrx_word' id='word_1_183' title='bbox 1236 2328 1392 2381; x_wconf 67' lang='grc' dir='ltr'>οὐδὲν</span> <span class='ocrx_word' id='word_1_184' title='bbox 1460 2327 1613 2395; x_wconf 82' lang='grc' dir='ltr'>ὑγιὲς</span> <span class='ocrx_word' id='word_1_185' title='bbox 1667 2326 1881 2395; x_wconf 78' lang='grc' dir='ltr'>ἔχοντα,</span> 
     </span>
    </p>
   </div>
   <div class='ocr_carea' id='block_1_26' title="bbox 301 2419 1885 2493">
    <p class='ocr_par' dir='ltr' id='par_1_26' title="bbox 301 2419 1885 2493">
     <span class='ocr_line' id='line_1_26' title="bbox 301 2419 1885 2493; baseline -0.001 -18"><span class='ocrx_word' id='word_1_186' title='bbox 301 2424 477 2493; x_wconf 83' lang='grc' dir='ltr'>μόνην</span> <span class='ocrx_word' id='word_1_187' title='bbox 497 2422 541 2475; x_wconf 83' lang='grc' dir='ltr'>δ’</span> <span class='ocrx_word' id='word_1_188' title='bbox 564 2421 734 2493; x_wconf 83' lang='grc' dir='ltr'>ὀργὴν</span> <span class='ocrx_word' id='word_1_189' title='bbox 761 2420 898 2475; x_wconf 82' lang='grc' dir='ltr'>Θεοῦ</span> <span class='ocrx_word' id='word_1_190' title='bbox 924 2421 1033 2474; x_wconf 85' lang='grc' dir='ltr'><strong>τῶν</strong></span> <span class='ocrx_word' id='word_1_191' title='bbox 1061 2420 1322 2475; x_wconf 82' lang='grc' dir='ltr'>ἁπάντων</span> <span class='ocrx_word' id='word_1_192' title='bbox 1355 2420 1586 2475; x_wconf 76' lang='grc' dir='ltr'>ἐκείνων</span> <span class='ocrx_word' id='word_1_193' title='bbox 1617 2419 1885 2474; x_wconf 71' lang='grc' dir='ltr'>ἐπαιτιώ-</span> 
     </span>
    </p>
   </div>
   <div class='ocr_carea' id='block_1_27' title="bbox 300 2509 1881 2585">
    <p class='ocr_par' dir='ltr' id='par_1_27' title="bbox 300 2509 1881 2585">
     <span class='ocr_line' id='line_1_27' title="bbox 300 2509 1881 2585; baseline -0.003 -17"><span class='ocrx_word' id='word_1_194' title='bbox 300 2531 490 2585; x_wconf 82' lang='grc' dir='ltr'>μενος,</span> <span class='ocrx_word' id='word_1_195' title='bbox 523 2509 639 2585; x_wconf 75' lang='grc' dir='ltr'>εἶχε</span> <span class='ocrx_word' id='word_1_196' title='bbox 662 2514 764 2584; x_wconf 80' lang='grc' dir='ltr'><strong>μὲν</strong></span> <span class='ocrx_word' id='word_1_197' title='bbox 790 2513 889 2567; x_wconf 81' lang='grc' dir='ltr'>καὶ</span> <span class='ocrx_word' id='word_1_198' title='bbox 910 2511 1003 2576; x_wconf 75' lang='grc' dir='ltr'><strong>τὸν</strong></span> <span class='ocrx_word' id='word_1_199' title='bbox 1029 2512 1148 2565; x_wconf 84' lang='grc' dir='ltr'>τότε</span> <span class='ocrx_word' id='word_1_200' title='bbox 1176 2510 1633 2583; x_wconf 80' lang='grc' dir='ltr'>πατριαρχοῦντα</span> <span class='ocrx_word' id='word_1_201' title='bbox 1659 2513 1881 2583; x_wconf 80' lang='grc' dir='ltr'>συχναῖς</span> 
     </span>
    </p>
   </div>
   <div class='ocr_carea' id='block_1_28' title="bbox 299 2693 1883 2768">
    <p class='ocr_par' dir='ltr' id='par_1_28' title="bbox 299 2693 1883 2768">
     <span class='ocr_line' id='line_1_28' title="bbox 299 2693 1883 2768; baseline -0.001 -15"><span class='ocrx_word' id='word_1_202' title='bbox 299 2706 689 2768; x_wconf 79' lang='lat' dir='ltr'><strong>congestarum</strong></span> <span class='ocrx_word' id='word_1_203' title='bbox 729 2710 794 2751; x_wconf 87' lang='lat' dir='ltr'><strong>ex</strong></span> <span class='ocrx_word' id='word_1_204' title='bbox 829 2693 968 2750; x_wconf 85' lang='lat' dir='ltr'><strong>urbe</strong></span> <span class='ocrx_word' id='word_1_205' title='bbox 1027 2702 1123 2749; x_wconf 86' lang='lat' dir='ltr'><strong>aut</strong></span> <span class='ocrx_word' id='word_1_206' title='bbox 1152 2708 1284 2766; x_wconf 87' lang='lat' dir='ltr'><strong>agro</strong></span> <span class='ocrx_word' id='word_1_207' title='bbox 1342 2694 1647 2766; x_wconf 67' lang='lat' dir='ltr'><strong>praedarum</strong></span> <span class='ocrx_word' id='word_1_208' title='bbox 1702 2694 1883 2752; x_wconf 90' lang='lat' dir='ltr'><strong>omnis</strong></span> 
     </span>
    </p>
   </div>
   <div class='ocr_carea' id='block_1_29' title="bbox 298 2784 1883 2858">
    <p class='ocr_par' dir='ltr' id='par_1_29' title="bbox 298 2784 1883 2858">
     <span class='ocr_line' id='line_1_29' title="bbox 298 2784 1883 2858; baseline 0.001 -17"><span class='ocrx_word' id='word_1_209' title='bbox 298 2789 523 2858; x_wconf 84' lang='lat' dir='ltr'><strong>generis</strong></span> <span class='ocrx_word' id='word_1_210' title='bbox 553 2785 775 2841; x_wconf 85' lang='lat' dir='ltr'><strong>cumulo</strong></span> <span class='ocrx_word' id='word_1_211' title='bbox 802 2786 1159 2848; x_wconf 88' lang='lat' dir='ltr'><strong>instructum,</strong></span> <span class='ocrx_word' id='word_1_212' title='bbox 1192 2801 1291 2841; x_wconf 85' lang='lat' dir='ltr'><strong>nec</strong></span> <span class='ocrx_word' id='word_1_213' title='bbox 1322 2801 1432 2857; x_wconf 79' lang='lat' dir='ltr'><strong>non</strong></span> <span class='ocrx_word' id='word_1_214' title='bbox 1483 2785 1601 2839; x_wconf 85' lang='lat' dir='ltr'><strong>suis</strong></span> <span class='ocrx_word' id='word_1_215' title='bbox 1636 2784 1883 2855; x_wconf 83' lang='lat' dir='ltr'><strong>singulos</strong></span> 
     </span>
    </p>
   </div>
   <div class='ocr_carea' id='block_1_30' title="bbox 299 2874 1882 2947">
    <p class='ocr_par' dir='ltr' id='par_1_30' title="bbox 299 2874 1882 2947">
     <span class='ocr_line' id='line_1_30' title="bbox 299 2874 1882 2947; baseline -0.002 -15"><span class='ocrx_word' id='word_1_216' title='bbox 299 2876 669 2947; x_wconf 75' lang='lat' dir='ltr'><strong>sequentibus</strong></span> <span class='ocrx_word' id='word_1_217' title='bbox 727 2875 1080 2939; x_wconf 83' lang='lat' dir='ltr'><strong>concubinis,</strong></span> <span class='ocrx_word' id='word_1_218' title='bbox 1134 2874 1589 2933; x_wconf 79' lang='lat' dir='ltr'><strong>memorabilibus</strong></span> <span class='ocrx_word' id='word_1_219' title='bbox 1647 2874 1882 2929; x_wconf 83' lang='lat' dir='ltr'><strong>sarcinis</strong></span> 
     </span>
    </p>
   </div>
   <div class='ocr_carea' id='block_1_31' title="bbox 303 2967 1883 3036">
    <p class='ocr_par' dir='ltr' id='par_1_31' title="bbox 303 2967 1883 3036">
     <span class='ocr_line' id='line_1_31' title="bbox 303 2967 1883 3036; baseline -0.003 -13"><span class='ocrx_word' id='word_1_220' title='bbox 303 2969 522 3025; x_wconf 86' lang='lat' dir='ltr'><strong>navalis</strong></span> <span class='ocrx_word' id='word_1_221' title='bbox 570 2969 717 3024; x_wconf 85' lang='lat' dir='ltr'><strong>belli.</strong></span> <span class='ocrx_word' id='word_1_222' title='bbox 751 2967 997 3023; x_wconf 84' lang='lat' dir='ltr'><strong>Classem</strong></span> <span class='ocrx_word' id='word_1_223' title='bbox 1039 2967 1120 3022; x_wconf 93' lang='lat' dir='ltr'><strong>sic</strong></span> <span class='ocrx_word' id='word_1_224' title='bbox 1152 2976 1406 3021; x_wconf 84' lang='lat' dir='ltr'><strong>ornatam</strong></span> <span class='ocrx_word' id='word_1_225' title='bbox 1449 2967 1607 3022; x_wconf 86' lang='lat' dir='ltr'><strong>obire</strong></span> <span class='ocrx_word' id='word_1_226' title='bbox 1644 2967 1883 3036; x_wconf 91' lang='lat' dir='ltr'><strong>primum</strong></span> 
     </span>
    </p>
   </div>
   <div class='ocr_carea' id='block_1_32' title="bbox 304 3061 1884 3134">
    <p class='ocr_par' dir='ltr' id='par_1_32' title="bbox 304 3061 1884 3134">
     <span class='ocr_line' id='line_1_32' title="bbox 304 3061 1884 3134; baseline -0.001 -15"><span class='ocrx_word' id='word_1_227' title='bbox 304 3066 520 3120; x_wconf 87' lang='lat' dir='ltr'><strong>insulas</strong></span> <span class='ocrx_word' id='word_1_228' title='bbox 564 3064 754 3134; x_wconf 82' lang='lat' dir='ltr'><strong>jussit,</strong></span> <span class='ocrx_word' id='word_1_229' title='bbox 788 3064 874 3118; x_wconf 89' lang='lat' dir='ltr'><strong>sui</strong></span> <span class='ocrx_word' id='word_1_230' title='bbox 897 3077 1117 3132; x_wconf 87' lang='lat' dir='ltr'><strong>quoque</strong></span> <span class='ocrx_word' id='word_1_231' title='bbox 1151 3062 1329 3131; x_wconf 85' lang='lat' dir='ltr'><strong>ipsius</strong></span> <span class='ocrx_word' id='word_1_232' title='bbox 1366 3063 1417 3116; x_wconf 93' lang='lat' dir='ltr'><strong>in</strong></span> <span class='ocrx_word' id='word_1_233' title='bbox 1455 3062 1643 3117; x_wconf 83' lang='lat' dir='ltr'><strong>Asiam</strong></span> <span class='ocrx_word' id='word_1_234' title='bbox 1680 3061 1884 3133; x_wconf 84' lang='lat' dir='ltr'><strong>trajec-</strong></span> 
     </span>
    </p>
   </div>
   <div class='ocr_carea' id='block_1_33' title="bbox 301 3154 1884 3225">
    <p class='ocr_par' dir='ltr' id='par_1_33' title="bbox 301 3154 1884 3225">
     <span class='ocr_line' id='line_1_33' title="bbox 301 3154 1884 3225; baseline -0.003 -11"><span class='ocrx_word' id='word_1_235' title='bbox 301 3168 396 3214; x_wconf 91' lang='lat' dir='ltr'><strong>tus</strong></span> <span class='ocrx_word' id='word_1_236' title='bbox 438 3166 646 3212; x_wconf 87' lang='lat' dir='ltr'><strong>certam</strong></span> <span class='ocrx_word' id='word_1_237' title='bbox 694 3157 856 3212; x_wconf 81' lang='lat' dir='ltr'><strong>ﬁdere</strong></span> <span class='ocrx_word' id='word_1_238' title='bbox 917 3155 1079 3220; x_wconf 89' lang='lat' dir='ltr'><strong>dans,</strong></span> <span class='ocrx_word' id='word_1_239' title='bbox 1145 3167 1310 3225; x_wconf 84' lang='lat' dir='ltr'><strong>alque</strong></span> <span class='ocrx_word' id='word_1_240' title='bbox 1363 3155 1501 3210; x_wconf 87' lang='lat' dir='ltr'><strong>adeo</strong></span> <span class='ocrx_word' id='word_1_241' title='bbox 1562 3154 1676 3225; x_wconf 85' lang='lat' dir='ltr'><strong>jam</strong></span> <span class='ocrx_word' id='word_1_242' title='bbox 1738 3169 1884 3215; x_wconf 83' lang='lat' dir='ltr'><strong>nunc</strong></span> 
     </span>
    </p>
   </div>
   <div class='ocr_carea' id='block_1_34' title="bbox 299 3246 1883 3318">
    <p class='ocr_par' dir='ltr' id='par_1_34' title="bbox 299 3246 1883 3318">
     <span class='ocr_line' id='line_1_34' title="bbox 299 3246 1883 3318; baseline -0.003 -11"><span class='ocrx_word' id='word_1_243' title='bbox 299 3251 609 3307; x_wconf 84' lang='lat' dir='ltr'><strong>condicens</strong></span> <span class='ocrx_word' id='word_1_244' title='bbox 647 3258 901 3306; x_wconf 85' lang='lat' dir='ltr'><strong>mutuum</strong></span> <span class='ocrx_word' id='word_1_245' title='bbox 938 3248 1022 3304; x_wconf 82' lang='lat' dir='ltr'><strong>sui</strong></span> <span class='ocrx_word' id='word_1_246' title='bbox 1058 3255 1111 3303; x_wconf 90' lang='lat' dir='ltr'><strong>et</strong></span> <span class='ocrx_word' id='word_1_247' title='bbox 1134 3249 1384 3318; x_wconf 90' lang='lat' dir='ltr'><strong>ipsorum</strong></span> <span class='ocrx_word' id='word_1_248' title='bbox 1421 3262 1712 3303; x_wconf 87' lang='lat' dir='ltr'><strong>occursum</strong></span> <span class='ocrx_word' id='word_1_249' title='bbox 1739 3246 1883 3317; x_wconf 90' lang='lat' dir='ltr'><strong>apud</strong></span> 
     </span>
    </p>
   </div>
   <div class='ocr_carea' id='block_1_35' title="bbox 298 3339 1885 3416">
    <p class='ocr_par' dir='ltr' id='par_1_35' title="bbox 298 3339 1885 3416">
     <span class='ocr_line' id='line_1_35' title="bbox 298 3339 1885 3416; baseline -0.005 -17"><span class='ocrx_word' id='word_1_250' title='bbox 298 3346 551 3409; x_wconf 76' lang='lat' dir='ltr'><strong>Anacam,</strong></span> <span class='ocrx_word' id='word_1_251' title='bbox 608 3343 772 3416; x_wconf 80' lang='lat' dir='ltr'><strong>simul</strong></span> <span class='ocrx_word' id='word_1_252' title='bbox 837 3342 961 3397; x_wconf 87' lang='lat' dir='ltr'><strong>illos</strong></span> <span class='ocrx_word' id='word_1_253' title='bbox 1025 3341 1079 3395; x_wconf 91' lang='lat' dir='ltr'><strong>in</strong></span> <span class='ocrx_word' id='word_1_254' title='bbox 1134 3356 1258 3396; x_wconf 87' lang='lat' dir='ltr'><strong>eum</strong></span> <span class='ocrx_word' id='word_1_255' title='bbox 1320 3340 1504 3395; x_wconf 91' lang='lat' dir='ltr'><strong>locum</strong></span> <span class='ocrx_word' id='word_1_256' title='bbox 1561 3339 1885 3408; x_wconf 74' lang='lat' dir='ltr'><strong>contigisset</strong></span> 
     </span>
    </p>
   </div>
   <div class='ocr_carea' id='block_1_36' title="bbox 301 3432 1884 3508">
    <p class='ocr_par' dir='ltr' id='par_1_36' title="bbox 301 3432 1884 3508">
     <span class='ocr_line' id='line_1_36' title="bbox 301 3432 1884 3508; baseline -0.001 -17"><span class='ocrx_word' id='word_1_257' title='bbox 301 3438 600 3508; x_wconf 79' lang='lat' dir='ltr'><strong>appellere.</strong></span> <span class='ocrx_word' id='word_1_258' title='bbox 664 3436 926 3505; x_wconf 81' lang='lat' dir='ltr'><strong>Reliquas</strong></span> <span class='ocrx_word' id='word_1_259' title='bbox 982 3449 1209 3489; x_wconf 90' lang='lat' dir='ltr'><strong>suorum</strong></span> <span class='ocrx_word' id='word_1_260' title='bbox 1285 3432 1475 3504; x_wconf 83' lang='lat' dir='ltr'><strong>Cyzici</strong></span> <span class='ocrx_word' id='word_1_261' title='bbox 1538 3433 1884 3489; x_wconf 89' lang='lat' dir='ltr'><strong>diversantes</strong></span> 
     </span>
    </p>
   </div>
   <div class='ocr_carea' id='block_1_37' title="bbox 300 3525 1886 3596">
    <p class='ocr_par' dir='ltr' id='par_1_37' title="bbox 300 3525 1886 3596">
     <span class='ocr_line' id='line_1_37' title="bbox 300 3525 1886 3596; baseline -0.002 -12"><span class='ocrx_word' id='word_1_262' title='bbox 300 3530 496 3596; x_wconf 83' lang='lat' dir='ltr'><strong>cepias</strong></span> <span class='ocrx_word' id='word_1_263' title='bbox 558 3529 685 3583; x_wconf 86' lang='lat' dir='ltr'><strong>inde</strong></span> <span class='ocrx_word' id='word_1_264' title='bbox 744 3543 1000 3582; x_wconf 79' lang='lat' dir='ltr'><strong>amovere</strong></span> <span class='ocrx_word' id='word_1_265' title='bbox 1051 3527 1272 3595; x_wconf 85' lang='lat' dir='ltr'><strong>alioque</strong></span> <span class='ocrx_word' id='word_1_266' title='bbox 1343 3537 1402 3579; x_wconf 92' lang='lat' dir='ltr'><strong>ut</strong></span> <span class='ocrx_word' id='word_1_267' title='bbox 1463 3540 1523 3581; x_wconf 91' lang='lat' dir='ltr'><strong>sc</strong></span> <span class='ocrx_word' id='word_1_268' title='bbox 1567 3525 1886 3581; x_wconf 82' lang='lat' dir='ltr'><strong>conferrent</strong></span> 
     </span>
    </p>
   </div>
   <div class='ocr_carea' id='block_1_38' title="bbox 298 3618 1888 3695">
    <p class='ocr_par' dir='ltr' id='par_1_38' title="bbox 298 3618 1888 3695">
     <span class='ocr_line' id='line_1_38' title="bbox 298 3618 1888 3695; baseline -0.003 -17"><span class='ocrx_word' id='word_1_269' title='bbox 298 3623 643 3695; x_wconf 79' lang='lat' dir='ltr'><strong>persuadere</strong></span> <span class='ocrx_word' id='word_1_270' title='bbox 672 3622 1000 3685; x_wconf 81' lang='lat' dir='ltr'><strong>conabatur,</strong></span> <span class='ocrx_word' id='word_1_271' title='bbox 1035 3620 1323 3690; x_wconf 61' lang='lat' dir='ltr'><strong>agerrime</strong></span> <span class='ocrx_word' id='word_1_272' title='bbox 1371 3620 1422 3673; x_wconf 90' lang='lat' dir='ltr'><strong>id</strong></span> <span class='ocrx_word' id='word_1_273' title='bbox 1452 3618 1804 3674; x_wconf 84' lang='lat' dir='ltr'><strong>audientibus</strong></span> <span class='ocrx_word' id='word_1_274' title='bbox 1832 3631 1888 3674; x_wconf 90' lang='lat' dir='ltr'><strong>et</strong></span> 
     </span>
    </p>
   </div>
   <div class='ocr_carea' id='block_1_39' title="bbox 300 3710 1883 3783">
    <p class='ocr_par' dir='ltr' id='par_1_39' title="bbox 300 3710 1883 3783">
     <span class='ocr_line' id='line_1_39' title="bbox 300 3710 1883 3783; baseline -0.004 -12"><span class='ocrx_word' id='word_1_275' title='bbox 300 3736 335 3771; x_wconf 86' lang='lat' dir='ltr'><strong>e</strong></span> <span class='ocrx_word' id='word_1_276' title='bbox 367 3726 477 3769; x_wconf 86' lang='lat' dir='ltr'><strong>tam</strong></span> <span class='ocrx_word' id='word_1_277' title='bbox 541 3714 693 3767; x_wconf 88' lang='lat' dir='ltr'><strong>molli</strong></span> <span class='ocrx_word' id='word_1_278' title='bbox 735 3726 1166 3783; x_wconf 58' lang='lat' dir='ltr'><strong>quaestuosoque</strong></span> <span class='ocrx_word' id='word_1_279' title='bbox 1216 3710 1458 3780; x_wconf 88' lang='lat' dir='ltr'><strong>hospitio</strong></span> <span class='ocrx_word' id='word_1_280' title='bbox 1495 3711 1883 3781; x_wconf 78' lang='lat' dir='ltr'><strong>migrationem</strong></span> 
     </span>
    </p>
   </div>
   <div class='ocr_carea' id='block_1_40' title="bbox 300 3806 1888 3865">
    <p class='ocr_par' dir='ltr' id='par_1_40' title="bbox 300 3806 1888 3865">
     <span class='ocr_line' id='line_1_40' title="bbox 300 3806 1888 3865; baseline -0.003 -1"><span class='ocrx_word' id='word_1_281' title='bbox 300 3809 593 3865; x_wconf 76' lang='lat' dir='ltr'><strong>infortunii</strong></span> <span class='ocrx_word' id='word_1_282' title='bbox 630 3809 747 3862; x_wconf 89' lang='lat' dir='ltr'><strong>loco</strong></span> <span class='ocrx_word' id='word_1_283' title='bbox 783 3808 1114 3862; x_wconf 81' lang='lat' dir='ltr'><strong>habentibus</strong></span> <span class='ocrx_word' id='word_1_284' title='bbox 1157 3807 1406 3860; x_wconf 78' lang='lat' dir='ltr'><strong>maximi.</strong></span> <span class='ocrx_word' id='word_1_285' title='bbox 1447 3806 1505 3860; x_wconf 90' lang='lat' dir='ltr'><strong>In</strong></span> <span class='ocrx_word' id='word_1_286' title='bbox 1549 3806 1636 3860; x_wconf 90' lang='lat' dir='ltr'><strong>his</strong></span> <span class='ocrx_word' id='word_1_287' title='bbox 1676 3806 1757 3861; x_wconf 84' lang='lat' dir='ltr'><strong>sic</strong></span> <span class='ocrx_word' id='word_1_288' title='bbox 1787 3806 1888 3859; x_wconf 52' lang='lat' dir='ltr'><strong>adw</strong></span> 
     </span>
    </p>
   </div>
   <div class='ocr_carea' id='block_1_41' title="bbox 305 3896 1889 3967">
    <p class='ocr_par' dir='ltr' id='par_1_41' title="bbox 305 3896 1889 3967">
     <span class='ocr_line' id='line_1_41' title="bbox 305 3896 1889 3967; baseline -0.004 -12"><span class='ocrx_word' id='word_1_289' title='bbox 305 3900 689 3957; x_wconf 84' lang='lat' dir='ltr'><strong>ministrandis</strong></span> <span class='ocrx_word' id='word_1_290' title='bbox 745 3914 977 3967; x_wconf 85' lang='lat' dir='ltr'><strong>magnus</strong></span> <span class='ocrx_word' id='word_1_291' title='bbox 1014 3902 1120 3953; x_wconf 84' lang='lat' dir='ltr'><strong>dux</strong></span> <span class='ocrx_word' id='word_1_292' title='bbox 1184 3898 1529 3953; x_wconf 82' lang='lat' dir='ltr'><strong>versabatur.</strong></span> <span class='ocrx_word' id='word_1_293' title='bbox 1583 3896 1889 3966; x_wconf 87' lang='lat' dir='ltr'><strong>Imperator</strong></span> 
     </span>
    </p>
   </div>
   <div class='ocr_carea' id='block_1_42' title="bbox 305 3987 1888 4058">
    <p class='ocr_par' dir='ltr' id='par_1_42' title="bbox 305 3987 1888 4058">
     <span class='ocr_line' id='line_1_42' title="bbox 305 3987 1888 4058; baseline -0.006 -7"><span class='ocrx_word' id='word_1_294' title='bbox 305 4004 492 4051; x_wconf 90' lang='lat' dir='ltr'><strong>autem</strong></span> <span class='ocrx_word' id='word_1_295' title='bbox 533 3992 672 4047; x_wconf 83' lang='lat' dir='ltr'><strong>nihil</strong></span> <span class='ocrx_word' id='word_1_296' title='bbox 733 3991 923 4045; x_wconf 88' lang='lat' dir='ltr'><strong>minus</strong></span> <span class='ocrx_word' id='word_1_297' title='bbox 970 3990 1292 4058; x_wconf 75' lang='lat' dir='ltr'><strong>patiebatur</strong></span> <span class='ocrx_word' id='word_1_298' title='bbox 1350 3997 1443 4043; x_wconf 89' lang='lat' dir='ltr'><strong>attt</strong></span> <span class='ocrx_word' id='word_1_299' title='bbox 1478 3987 1693 4043; x_wconf 80' lang='lat' dir='ltr'><strong>volebat</strong></span> <span class='ocrx_word' id='word_1_300' title='bbox 1722 4004 1888 4058; x_wconf 87' lang='lat' dir='ltr'><strong>quam</strong></span> 
     </span>
    </p>
   </div>
   <div class='ocr_carea' id='block_1_43' title="bbox 305 4080 1891 4150">
    <p class='ocr_par' dir='ltr' id='par_1_43' title="bbox 305 4080 1891 4150">
     <span class='ocr_line' id='line_1_43' title="bbox 305 4080 1891 4150; baseline -0.004 -10"><span class='ocrx_word' id='word_1_301' title='bbox 305 4086 504 4140; x_wconf 90' lang='lat' dir='ltr'><strong>audire</strong></span> <span class='ocrx_word' id='word_1_302' title='bbox 543 4097 572 4135; x_wconf 89' lang='lat' dir='ltr'><strong>a</strong></span> <span class='ocrx_word' id='word_1_303' title='bbox 609 4097 741 4136; x_wconf 82' lang='lat' dir='ltr'><strong>vera</strong></span> <span class='ocrx_word' id='word_1_304' title='bbox 774 4082 1132 4136; x_wconf 87' lang='lat' dir='ltr'><strong>narrantibus</strong></span> <span class='ocrx_word' id='word_1_305' title='bbox 1162 4081 1294 4150; x_wconf 88' lang='lat' dir='ltr'><strong>quid</strong></span> <span class='ocrx_word' id='word_1_306' title='bbox 1340 4081 1430 4137; x_wconf 86' lang='lat' dir='ltr'><strong>isti</strong></span> <span class='ocrx_word' id='word_1_307' title='bbox 1480 4081 1690 4136; x_wconf 79' lang='lat' dir='ltr'><strong>externi</strong></span> <span class='ocrx_word' id='word_1_308' title='bbox 1747 4080 1891 4134; x_wconf 91' lang='lat' dir='ltr'><strong>mili-</strong></span> 
     </span>
    </p>
   </div>
   <div class='ocr_carea' id='block_1_44' title="bbox 307 4174 1889 4243">
    <p class='ocr_par' dir='ltr' id='par_1_44' title="bbox 307 4174 1889 4243">
     <span class='ocr_line' id='line_1_44' title="bbox 307 4174 1889 4243; baseline -0.003 -11"><span class='ocrx_word' id='word_1_309' title='bbox 307 4188 393 4234; x_wconf 72' lang='lat' dir='ltr'><strong>tes</strong></span> <span class='ocrx_word' id='word_1_310' title='bbox 444 4188 541 4231; x_wconf 89' lang='lat' dir='ltr'><strong>aut</strong></span> <span class='ocrx_word' id='word_1_311' title='bbox 590 4183 744 4229; x_wconf 89' lang='lat' dir='ltr'><strong>tanto</strong></span> <span class='ocrx_word' id='word_1_312' title='bbox 800 4178 1066 4228; x_wconf 85' lang='lat' dir='ltr'><strong>hactenus</strong></span> <span class='ocrx_word' id='word_1_313' title='bbox 1128 4182 1372 4243; x_wconf 87' lang='lat' dir='ltr'><strong>tempore</strong></span> <span class='ocrx_word' id='word_1_314' title='bbox 1430 4182 1511 4227; x_wconf 89' lang='lat' dir='ltr'><strong>tot</strong></span> <span class='ocrx_word' id='word_1_315' title='bbox 1579 4174 1889 4243; x_wconf 84' lang='lat' dir='ltr'><strong>absumptis</strong></span> 
     </span>
    </p>
   </div>
   <div class='ocr_carea' id='block_1_45' title="bbox 304 4266 1891 4339">
    <p class='ocr_par' dir='ltr' id='par_1_45' title="bbox 304 4266 1891 4339">
     <span class='ocr_line' id='line_1_45' title="bbox 304 4266 1891 4339; baseline -0.004 -13"><span class='ocrx_word' id='word_1_316' title='bbox 304 4268 601 4339; x_wconf 86' lang='lat' dir='ltr'><strong>stipendiis</strong></span> <span class='ocrx_word' id='word_1_317' title='bbox 628 4275 724 4320; x_wconf 89' lang='lat' dir='ltr'><strong>aut</strong></span> <span class='ocrx_word' id='word_1_318' title='bbox 761 4280 907 4320; x_wconf 90' lang='lat' dir='ltr'><strong>nunc</strong></span> <span class='ocrx_word' id='word_1_319' title='bbox 928 4266 1166 4319; x_wconf 90' lang='lat' dir='ltr'><strong>maxime</strong></span> <span class='ocrx_word' id='word_1_320' title='bbox 1199 4273 1443 4334; x_wconf 83' lang='lat' dir='ltr'><strong>agerent,</strong></span> <span class='ocrx_word' id='word_1_321' title='bbox 1471 4280 1533 4318; x_wconf 90' lang='lat' dir='ltr'><strong>ea</strong></span> <span class='ocrx_word' id='word_1_322' title='bbox 1558 4276 1891 4333; x_wconf 79' lang='lat' dir='ltr'><strong>cognoscere</strong></span> 
     </span>
    </p>
   </div>
   <div class='ocr_carea' id='block_1_46' title="bbox 309 4355 1887 4430">
    <p class='ocr_par' dir='ltr' id='par_1_46' title="bbox 309 4355 1887 4430">
     <span class='ocr_line' id='line_1_46' title="bbox 309 4355 1887 4430; baseline -0.004 -15"><span class='ocrx_word' id='word_1_323' title='bbox 309 4361 588 4430; x_wconf 77' lang='lat' dir='ltr'><strong>refugiens</strong></span> <span class='ocrx_word' id='word_1_324' title='bbox 638 4374 759 4429; x_wconf 60' lang='lat' dir='ltr'><strong>qua</strong></span> <span class='ocrx_word' id='word_1_325' title='bbox 814 4356 1078 4412; x_wconf 80' lang='lat' dir='ltr'><strong>aﬂ‘errent</strong></span> <span class='ocrx_word' id='word_1_326' title='bbox 1135 4356 1390 4411; x_wconf 88' lang='lat' dir='ltr'><strong>inutilem</strong></span> <span class='ocrx_word' id='word_1_327' title='bbox 1461 4355 1887 4410; x_wconf 75' lang='lat' dir='ltr'><strong>immedicabilis</strong></span> 
     </span>
    </p>
   </div>
   <div class='ocr_carea' id='block_1_47' title="bbox 1984 494 3558 568">
    <p class='ocr_par' dir='ltr' id='par_1_47' title="bbox 1984 494 3558 568">
     <span class='ocr_line' id='line_1_47' title="bbox 1984 494 3558 568; baseline 0.005 -22"><span class='ocrx_word' id='word_1_328' title='bbox 1984 494 2246 557; x_wconf 75' lang='grc' dir='ltr'>πολλάκις</span> <span class='ocrx_word' id='word_1_329' title='bbox 2300 494 2739 564; x_wconf 82' lang='grc' dir='ltr'>ἀπελιμπάνετο,</span> <span class='ocrx_word' id='word_1_330' title='bbox 2793 498 2989 559; x_wconf 81' lang='grc' dir='ltr'>αὑταῖς</span> <span class='ocrx_word' id='word_1_331' title='bbox 3040 497 3201 560; x_wconf 81' lang='grc' dir='ltr'>ίδίαις</span> <span class='ocrx_word' id='word_1_332' title='bbox 3237 499 3426 568; x_wconf 75' lang='grc' dir='ltr'>εὐχαῖς</span> <span class='ocrx_word' id='word_1_333' title='bbox 3460 503 3558 553; x_wconf 82' lang='grc' dir='ltr'>καὶ</span> 
     </span>
    </p>
   </div>
   <div class='ocr_carea' id='block_1_48' title="bbox 1982 585 3558 662">
    <p class='ocr_par' dir='ltr' id='par_1_48' title="bbox 1982 585 3558 662">
     <span class='ocr_line' id='line_1_48' title="bbox 1982 585 3558 662; baseline 0.004 -24"><span class='ocrx_word' id='word_1_334' title='bbox 1982 586 2172 638; x_wconf 84' lang='grc' dir='ltr'>κανόσι</span> <span class='ocrx_word' id='word_1_335' title='bbox 2198 585 2268 640; x_wconf 77' lang='grc' dir='ltr'>τὰ</span> <span class='ocrx_word' id='word_1_336' title='bbox 2294 587 2392 656; x_wconf 85' lang='grc' dir='ltr'>τῆς</span> <span class='ocrx_word' id='word_1_337' title='bbox 2431 587 2565 657; x_wconf 81' lang='grc' dir='ltr'>πρὸς</span> <span class='ocrx_word' id='word_1_338' title='bbox 2595 588 2731 640; x_wconf 83' lang='grc' dir='ltr'>Θεὸν</span> <span class='ocrx_word' id='word_1_339' title='bbox 2761 589 2974 653; x_wconf 87' lang='grc' dir='ltr'>ίκεσίας</span> <span class='ocrx_word' id='word_1_340' title='bbox 3004 590 3097 643; x_wconf 79' lang='grc' dir='ltr'>καὶ</span> <span class='ocrx_word' id='word_1_341' title='bbox 3134 593 3286 662; x_wconf 81' lang='grc' dir='ltr'>παρὰ</span> <span class='ocrx_word' id='word_1_342' title='bbox 3324 592 3558 662; x_wconf 89' lang='grc' dir='ltr'>δύναμιν</span> 
     </span>
    </p>
   </div>
   <div class='ocr_carea' id='block_1_49' title="bbox 1983 678 3559 752">
    <p class='ocr_par' dir='ltr' id='par_1_49' title="bbox 1983 678 3559 752">
     <span class='ocr_line' id='line_1_49' title="bbox 1983 678 3559 752; baseline 0.002 -21"><span class='ocrx_word' id='word_1_343' title='bbox 1983 678 2278 743; x_wconf 76' lang='grc' dir='ltr'>ὲξανύοντα</span> <span class='ocrx_word' id='word_1_344' title='bbox 2319 680 2398 748; x_wconf 81' lang='grc' dir='ltr'>τῷ</span> <span class='ocrx_word' id='word_1_345' title='bbox 2453 680 2553 750; x_wconf 73' lang='grc' dir='ltr'>ἤδη</span> <span class='ocrx_word' id='word_1_346' title='bbox 2605 680 2829 752; x_wconf 72' lang='grc' dir='ltr'>οαρρεῖν</span> <span class='ocrx_word' id='word_1_347' title='bbox 2883 681 3163 746; x_wconf 79' lang='grc' dir='ltr'>ὲξανύτειν</span> <span class='ocrx_word' id='word_1_348' title='bbox 3216 682 3454 752; x_wconf 88' lang='grc' dir='ltr'>χρηστόν</span> <span class='ocrx_word' id='word_1_349' title='bbox 3504 700 3559 735; x_wconf 85' lang='grc' dir='ltr'><strong>τι</strong></span> 
     </span>
    </p>
   </div>
   <div class='ocr_carea' id='block_1_50' title="bbox 1953 760 3560 845">
    <p class='ocr_par' dir='ltr' id='par_1_50' title="bbox 1953 760 3560 845">
     <span class='ocr_line' id='line_1_50' title="bbox 1953 760 3560 845; baseline 0 -20"><span class='ocrx_word' id='word_1_350' title='bbox 1953 828 1966 843; x_wconf 30' lang='grc' dir='ltr'><strong>κ</strong></span> <span class='ocrx_word' id='word_1_351' title='bbox 1985 771 2255 826; x_wconf 78' lang='grc' dir='ltr'>ἐντεῦθεν.</span> <span class='ocrx_word' id='word_1_352' title='bbox 2282 774 2474 843; x_wconf 83' lang='grc' dir='ltr'>’Ὅμως</span> <span class='ocrx_word' id='word_1_353' title='bbox 2502 772 2558 825; x_wconf 78' lang='grc' dir='ltr'>δὲ</span> <span class='ocrx_word' id='word_1_354' title='bbox 2589 773 2650 825; x_wconf 64' lang='grc' dir='ltr'>τὸ</span> <span class='ocrx_word' id='word_1_355' title='bbox 2676 775 2785 827; x_wconf 82' lang='grc' dir='ltr'>πᾶν</span> <span class='ocrx_word' id='word_1_356' title='bbox 2822 772 2908 827; x_wconf 80' lang='grc' dir='ltr'><strong>ἐπ’</strong></span> <span class='ocrx_word' id='word_1_357' title='bbox 2939 773 3170 836; x_wconf 79' lang='grc' dir='ltr'>ἐκείνοις</span> <span class='ocrx_word' id='word_1_358' title='bbox 3203 760 3450 826; x_wconf 47' lang='grc' dir='ltr'>σαλεύων</span> <span class='ocrx_word' id='word_1_359' title='bbox 3489 770 3560 845; x_wconf 83' lang='grc' dir='ltr'>ἦν</span> 
     </span>
    </p>
   </div>
   <div class='ocr_carea' id='block_1_51' title="bbox 1982 862 3560 932">
    <p class='ocr_par' dir='ltr' id='par_1_51' title="bbox 1982 862 3560 932">
     <span class='ocr_line' id='line_1_51' title="bbox 1982 862 3560 932; baseline 0.001 -17"><span class='ocrx_word' id='word_1_360' title='bbox 1982 864 2080 915; x_wconf 76' lang='grc' dir='ltr'>καὶ</span> <span class='ocrx_word' id='word_1_361' title='bbox 2112 862 2315 931; x_wconf 87' lang='grc' dir='ltr'>μόνοις,</span> <span class='ocrx_word' id='word_1_362' title='bbox 2343 862 2420 925; x_wconf 86' lang='grc' dir='ltr'>ὡς</span> <span class='ocrx_word' id='word_1_363' title='bbox 2440 862 2641 915; x_wconf 74' lang='grc' dir='ltr'>αὐτίκα</span> <span class='ocrx_word' id='word_1_364' title='bbox 2678 862 2728 914; x_wconf 83' lang='grc' dir='ltr'><strong>εί</strong></span> <span class='ocrx_word' id='word_1_365' title='bbox 2752 864 3025 932; x_wconf 83' lang='grc' dir='ltr'>κινηθείεν</span> <span class='ocrx_word' id='word_1_366' title='bbox 3045 864 3327 932; x_wconf 77' lang='grc' dir='ltr'>πράξειεν.</span> <span class='ocrx_word' id='word_1_367' title='bbox 3352 864 3560 917; x_wconf 72' lang='grc' dir='ltr'>Ἵίκουε</span> 
     </span>
    </p>
   </div>
   <div class='ocr_carea' id='block_1_52' title="bbox 1981 954 3560 1023">
    <p class='ocr_par' dir='ltr' id='par_1_52' title="bbox 1981 954 3560 1023">
     <span class='ocr_line' id='line_1_52' title="bbox 1981 954 3560 1023; baseline 0.003 -17"><span class='ocrx_word' id='word_1_368' title='bbox 1981 955 2093 1022; x_wconf 76' lang='grc' dir='ltr'><strong>γὰρ</strong></span> <span class='ocrx_word' id='word_1_369' title='bbox 2147 957 2242 1007; x_wconf 72' lang='grc' dir='ltr'><strong>καὶ</strong></span> <span class='ocrx_word' id='word_1_370' title='bbox 2301 954 2432 1023; x_wconf 75' lang='grc' dir='ltr'>περὶ</span> <span class='ocrx_word' id='word_1_371' title='bbox 2490 954 2881 1023; x_wconf 77' lang='grc' dir='ltr'>Φιλαδελφείας</span> <span class='ocrx_word' id='word_1_372' title='bbox 2917 956 2986 1009; x_wconf 74' lang='grc' dir='ltr'>τὰ</span> <span class='ocrx_word' id='word_1_373' title='bbox 3033 957 3320 1020; x_wconf 83' lang='grc' dir='ltr'>πάνδεινα,</span> <span class='ocrx_word' id='word_1_374' title='bbox 3363 958 3459 1009; x_wconf 76' lang='grc' dir='ltr'>καὶ</span> <span class='ocrx_word' id='word_1_375' title='bbox 3483 958 3560 1022; x_wconf 86' lang='grc' dir='ltr'><strong>ὡς</strong></span> 
     </span>
    </p>
   </div>
   <div class='ocr_carea' id='block_1_53' title="bbox 1994 1045 3561 1122">
    <p class='ocr_par' dir='ltr' id='par_1_53' title="bbox 1994 1045 3561 1122">
     <span class='ocr_line' id='line_1_53' title="bbox 1994 1045 3561 1122; baseline 0.004 -24"><span class='ocrx_word' id='word_1_376' title='bbox 1994 1046 2284 1116; x_wconf 80' lang='grc' dir='ltr'>Ἀλισύρας</span> <span class='ocrx_word' id='word_1_377' title='bbox 2322 1045 2385 1118; x_wconf 84' lang='grc' dir='ltr'><strong>[Ρ</strong></span> <span class='ocrx_word' id='word_1_378' title='bbox 2409 1046 2643 1118; x_wconf 72' lang='grc' dir='ltr'>291]σὺν</span> <span class='ocrx_word' id='word_1_379' title='bbox 2678 1049 2998 1119; x_wconf 81' lang='grc' dir='ltr'>Καρμανοῖς</span> <span class='ocrx_word' id='word_1_380' title='bbox 3033 1052 3301 1119; x_wconf 69' lang='grc' dir='ltr'>περιστὰς</span> <span class='ocrx_word' id='word_1_381' title='bbox 3327 1052 3428 1122; x_wconf 82' lang='grc' dir='ltr'><strong>τὴν</strong></span> <span class='ocrx_word' id='word_1_382' title='bbox 3462 1053 3561 1104; x_wconf 81' lang='grc' dir='ltr'>πό·-</span> 
     </span>
    </p>
   </div>
   <div class='ocr_carea' id='block_1_54' title="bbox 1980 1128 3558 1214">
    <p class='ocr_par' dir='ltr' id='par_1_54' title="bbox 1980 1128 3558 1214">
     <span class='ocr_line' id='line_1_54' title="bbox 1980 1128 3558 1214; baseline 0.004 -24"><span class='ocrx_word' id='word_1_383' title='bbox 1980 1136 2087 1198; x_wconf 81' lang='grc' dir='ltr'>λιν,</span> <span class='ocrx_word' id='word_1_384' title='bbox 2119 1140 2187 1190; x_wconf 73' lang='grc' dir='ltr'>τὰ</span> <span class='ocrx_word' id='word_1_385' title='bbox 2218 1139 2349 1209; x_wconf 76' lang='grc' dir='ltr'>περὶ</span> <span class='ocrx_word' id='word_1_386' title='bbox 2369 1138 2538 1208; x_wconf 79' lang='grc' dir='ltr'>αὐτὴν</span> <span class='ocrx_word' id='word_1_387' title='bbox 2554 1128 2838 1209; x_wconf 67' lang='grc' dir='ltr'>’πρότερον</span> <span class='ocrx_word' id='word_1_388' title='bbox 2861 1140 3271 1212; x_wconf 82' lang='grc' dir='ltr'>χειρωσάμενος</span> <span class='ocrx_word' id='word_1_389' title='bbox 3291 1143 3558 1214; x_wconf 86' lang='grc' dir='ltr'>φρούρια,</span> 
     </span>
    </p>
   </div>
   <div class='ocr_carea' id='block_1_55' title="bbox 1980 1229 3561 1305">
    <p class='ocr_par' dir='ltr' id='par_1_55' title="bbox 1980 1229 3561 1305">
     <span class='ocr_line' id='line_1_55' title="bbox 1980 1229 3561 1305; baseline 0.004 -22"><span class='ocrx_word' id='word_1_390' title='bbox 1980 1229 2127 1300; x_wconf 83' lang='grc' dir='ltr'>λιμῷ</span> <span class='ocrx_word' id='word_1_391' title='bbox 2159 1230 2254 1284; x_wconf 72' lang='grc' dir='ltr'>καὶ</span> <span class='ocrx_word' id='word_1_392' title='bbox 2281 1230 2462 1301; x_wconf 69' lang='grc' dir='ltr'>ἐνδείᾳ.</span> <span class='ocrx_word' id='word_1_393' title='bbox 2502 1232 2614 1285; x_wconf 87' lang='grc' dir='ltr'><strong>τῶν</strong></span> <span class='ocrx_word' id='word_1_394' title='bbox 2662 1234 2979 1300; x_wconf 85' lang='grc' dir='ltr'>ἀναγκαίων</span> <span class='ocrx_word' id='word_1_395' title='bbox 3002 1237 3060 1287; x_wconf 85' lang='grc' dir='ltr'>ὲν</span> <span class='ocrx_word' id='word_1_396' title='bbox 3105 1233 3392 1305; x_wconf 77' lang='grc' dir='ltr'>ὲλπισμοῖς</span> <span class='ocrx_word' id='word_1_397' title='bbox 3443 1238 3561 1289; x_wconf 78' lang='grc' dir='ltr'>ἐστι</span> 
     </span>
    </p>
   </div>
   <div class='ocr_carea' id='block_1_56' title="bbox 1982 1323 3560 1399">
    <p class='ocr_par' dir='ltr' id='par_1_56' title="bbox 1982 1323 3560 1399">
     <span class='ocr_line' id='line_1_56' title="bbox 1982 1323 3560 1399; baseline 0.005 -25"><span class='ocrx_word' id='word_1_398' title='bbox 1982 1323 2478 1392; x_wconf 80' lang='grc' dir='ltr'>παραστήσασθαι·</span> <span class='ocrx_word' id='word_1_399' title='bbox 2547 1326 2575 1376; x_wconf 86' lang='grc' dir='ltr'><strong>ό</strong></span> <span class='ocrx_word' id='word_1_400' title='bbox 2613 1324 2724 1394; x_wconf 77' lang='grc' dir='ltr'><strong>γὰρ</strong></span> <span class='ocrx_word' id='word_1_401' title='bbox 2774 1326 2931 1394; x_wconf 77' lang='grc' dir='ltr'>λιμὸς</span> <span class='ocrx_word' id='word_1_402' title='bbox 2991 1328 3222 1396; x_wconf 68' lang='grc' dir='ltr'>ἤπειγε,</span> <span class='ocrx_word' id='word_1_403' title='bbox 3288 1330 3382 1399; x_wconf 63' lang='grc' dir='ltr'>κα).</span> <span class='ocrx_word' id='word_1_404' title='bbox 3436 1330 3560 1382; x_wconf 73' lang='grc' dir='ltr'>ὗνου</span> 
     </span>
    </p>
   </div>
   <div class='ocr_carea' id='block_1_57' title="bbox 1984 1409 3562 1492">
    <p class='ocr_par' dir='ltr' id='par_1_57' title="bbox 1984 1409 3562 1492">
     <span class='ocr_line' id='line_1_57' title="bbox 1984 1409 3562 1492; baseline 0.006 -26"><span class='ocrx_word' id='word_1_405' title='bbox 1984 1414 2083 1483; x_wconf 84' lang='grc' dir='ltr'>μὲν</span> <span class='ocrx_word' id='word_1_406' title='bbox 2115 1414 2326 1485; x_wconf 83' lang='grc' dir='ltr'>κεφαλὴ</span> <span class='ocrx_word' id='word_1_407' title='bbox 2360 1417 2536 1470; x_wconf 86' lang='grc' dir='ltr'>τόσων</span> <span class='ocrx_word' id='word_1_408' title='bbox 2568 1417 2769 1472; x_wconf 87' lang='grc' dir='ltr'>σίκλων</span> <span class='ocrx_word' id='word_1_409' title='bbox 2787 1417 3129 1492; x_wconf 80' lang='grc' dir='ltr'>ὲξωνουμένη</span> <span class='ocrx_word' id='word_1_410' title='bbox 3146 1409 3398 1492; x_wconf 77' lang='grc' dir='ltr'>ἠκούετο,</span> <span class='ocrx_word' id='word_1_411' title='bbox 3421 1418 3562 1491; x_wconf 78' lang='grc' dir='ltr'>αἷμα</span> 
     </span>
    </p>
   </div>
   <div class='ocr_carea' id='block_1_58' title="bbox 1981 1504 3562 1586">
    <p class='ocr_par' dir='ltr' id='par_1_58' title="bbox 1981 1504 3562 1586">
     <span class='ocr_line' id='line_1_58' title="bbox 1981 1504 3562 1586; baseline 0.008 -28"><span class='ocrx_word' id='word_1_412' title='bbox 1981 1504 2036 1558; x_wconf 79' lang='grc' dir='ltr'>δὲ</span> <span class='ocrx_word' id='word_1_413' title='bbox 2073 1506 2295 1575; x_wconf 80' lang='grc' dir='ltr'>σφαγῆς</span> <span class='ocrx_word' id='word_1_414' title='bbox 2327 1508 2603 1578; x_wconf 73' lang='grc' dir='ltr'>προϐάτου</span> <span class='ocrx_word' id='word_1_415' title='bbox 2651 1510 2744 1564; x_wconf 74' lang='grc' dir='ltr'><strong>καὶ</strong></span> <span class='ocrx_word' id='word_1_416' title='bbox 2780 1513 2968 1581; x_wconf 87' lang='grc' dir='ltr'>χοίρου</span> <span class='ocrx_word' id='word_1_417' title='bbox 3008 1516 3087 1577; x_wconf 89' lang='grc' dir='ltr'><strong>είς</strong></span> <span class='ocrx_word' id='word_1_418' title='bbox 3118 1518 3355 1584; x_wconf 74' lang='grc' dir='ltr'>χρυσοῦν</span> <span class='ocrx_word' id='word_1_419' title='bbox 3388 1516 3562 1586; x_wconf 75' lang='grc' dir='ltr'>τιμῶ·</span> 
     </span>
    </p>
   </div>
   <div class='ocr_carea' id='block_1_59' title="bbox 1986 1599 3560 1677">
    <p class='ocr_par' dir='ltr' id='par_1_59' title="bbox 1986 1599 3560 1677">
     <span class='ocr_line' id='line_1_59' title="bbox 1986 1599 3560 1677; baseline 0.006 -28"><span class='ocrx_word' id='word_1_420' title='bbox 1986 1614 2147 1666; x_wconf 86' lang='grc' dir='ltr'>μενον</span> <span class='ocrx_word' id='word_1_421' title='bbox 2174 1599 2443 1668; x_wconf 83' lang='grc' dir='ltr'>νόμισμα,</span> <span class='ocrx_word' id='word_1_422' title='bbox 2501 1602 2638 1671; x_wconf 69' lang='grc' dir='ltr'>πρὸς</span> <span class='ocrx_word' id='word_1_423' title='bbox 2692 1606 2900 1673; x_wconf 83' lang='grc' dir='ltr'>μικρὰν</span> <span class='ocrx_word' id='word_1_424' title='bbox 2930 1605 3141 1668; x_wconf 81' lang='grc' dir='ltr'>ἐνδείας</span> <span class='ocrx_word' id='word_1_425' title='bbox 3198 1609 3560 1677; x_wconf 73' lang='grc' dir='ltr'>παραμυθίαν</span> 
     </span>
    </p>
   </div>
   <div class='ocr_carea' id='block_1_60' title="bbox 1982 1688 3560 1768">
    <p class='ocr_par' dir='ltr' id='par_1_60' title="bbox 1982 1688 3560 1768">
     <span class='ocr_line' id='line_1_60' title="bbox 1982 1688 3560 1768; baseline 0.008 -28"><span class='ocrx_word' id='word_1_426' title='bbox 1982 1688 2218 1758; x_wconf 81' lang='grc' dir='ltr'>ἀρκέσον</span> <span class='ocrx_word' id='word_1_427' title='bbox 2242 1691 2357 1752; x_wconf 78' lang='grc' dir='ltr'>τοῖς</span> <span class='ocrx_word' id='word_1_428' title='bbox 2387 1689 2734 1761; x_wconf 77' lang='grc' dir='ltr'>ληψομένοις.</span> <span class='ocrx_word' id='word_1_429' title='bbox 2768 1694 2872 1746; x_wconf 76' lang='grc' dir='ltr'><strong>Διὰ</strong></span> <span class='ocrx_word' id='word_1_430' title='bbox 2911 1695 3082 1749; x_wconf 74' lang='grc' dir='ltr'>ταῦτα</span> <span class='ocrx_word' id='word_1_431' title='bbox 3119 1699 3214 1750; x_wconf 75' lang='grc' dir='ltr'>καὶ</span> <span class='ocrx_word' id='word_1_432' title='bbox 3247 1699 3346 1767; x_wconf 78' lang='grc' dir='ltr'>τῆς</span> <span class='ocrx_word' id='word_1_433' title='bbox 3382 1703 3560 1768; x_wconf 82' lang='grc' dir='ltr'>μεγά-</span> 
     </span>
    </p>
   </div>
   <div class='ocr_carea' id='block_1_61' title="bbox 1979 1778 3563 1863">
    <p class='ocr_par' dir='ltr' id='par_1_61' title="bbox 1979 1778 3563 1863">
     <span class='ocr_line' id='line_1_61' title="bbox 1979 1778 3563 1863; baseline 0.009 -31"><span class='ocrx_word' id='word_1_434' title='bbox 1979 1778 2076 1850; x_wconf 82' lang='grc' dir='ltr'><strong>λης</strong></span> <span class='ocrx_word' id='word_1_435' title='bbox 2101 1780 2400 1850; x_wconf 75' lang='grc' dir='ltr'>ἑϐδομάδος</span> <span class='ocrx_word' id='word_1_436' title='bbox 2430 1784 2870 1858; x_wconf 76' lang='grc' dir='ltr'>καταλαόούσης,</span> <span class='ocrx_word' id='word_1_437' title='bbox 2899 1789 3131 1857; x_wconf 83' lang='grc' dir='ltr'>Κρονίου</span> <span class='ocrx_word' id='word_1_438' title='bbox 3164 1792 3334 1859; x_wconf 80' lang='grc' dir='ltr'>μηνὸς</span> <span class='ocrx_word' id='word_1_439' title='bbox 3367 1792 3563 1863; x_wconf 81' lang='grc' dir='ltr'>λήγον-</span> 
     </span>
    </p>
   </div>
   <div class='ocr_carea' id='block_1_62' title="bbox 1980 1872 3560 1957">
    <p class='ocr_par' dir='ltr' id='par_1_62' title="bbox 1980 1872 3560 1957">
     <span class='ocr_line' id='line_1_62' title="bbox 1980 1872 3560 1957; baseline 0.01 -32"><span class='ocrx_word' id='word_1_440' title='bbox 1980 1888 2095 1934; x_wconf 81' lang='grc' dir='ltr'>τος,</span> <span class='ocrx_word' id='word_1_441' title='bbox 2128 1872 2226 1943; x_wconf 80' lang='grc' dir='ltr'>τὴν</span> <span class='ocrx_word' id='word_1_442' title='bbox 2261 1873 2400 1927; x_wconf 77' lang='grc' dir='ltr'>ἰδίαν</span> <span class='ocrx_word' id='word_1_443' title='bbox 2430 1875 2775 1947; x_wconf 83' lang='grc' dir='ltr'>αύταδέλφην</span> <span class='ocrx_word' id='word_1_444' title='bbox 2801 1878 2901 1948; x_wconf 78' lang='grc' dir='ltr'>τὴν</span> <span class='ocrx_word' id='word_1_445' title='bbox 2942 1879 3041 1939; x_wconf 26' lang='grc' dir='ltr'>τοῦ,</span> <span class='ocrx_word' id='word_1_446' title='bbox 3100 1882 3267 1935; x_wconf 76' lang='grc' dir='ltr'>Ἀσὰν</span> <span class='ocrx_word' id='word_1_447' title='bbox 3318 1885 3560 1957; x_wconf 79' lang='grc' dir='ltr'>Είρήνην</span> 
     </span>
    </p>
   </div>
   <div class='ocr_carea' id='block_1_63' title="bbox 1981 1964 3556 2040">
    <p class='ocr_par' dir='ltr' id='par_1_63' title="bbox 1981 1964 3556 2040">
     <span class='ocr_line' id='line_1_63' title="bbox 1981 1964 3556 2040; baseline 0.01 -26"><span class='ocrx_word' id='word_1_448' title='bbox 1981 1964 2055 2027; x_wconf 82' lang='grc' dir='ltr'>ὡς</span> <span class='ocrx_word' id='word_1_449' title='bbox 2088 1964 2357 2035; x_wconf 77' lang='grc' dir='ltr'>πενθερὰν</span> <span class='ocrx_word' id='word_1_450' title='bbox 2410 1966 2529 2037; x_wconf 84' lang='grc' dir='ltr'>πλῷ</span> <span class='ocrx_word' id='word_1_451' title='bbox 2580 1970 2931 2040; x_wconf 83' lang='grc' dir='ltr'>χρησομένην</span> <span class='ocrx_word' id='word_1_452' title='bbox 2987 1974 3275 2036; x_wconf 70' lang='grc' dir='ltr'>Κυζίκωσε</span> <span class='ocrx_word' id='word_1_453' title='bbox 3306 1976 3556 2039; x_wconf 86' lang='grc' dir='ltr'>ἀπολύει,</span> 
     </span>
    </p>
   </div>
   <div class='ocr_carea' id='block_1_64' title="bbox 1981 2055 3563 2139">
    <p class='ocr_par' dir='ltr' id='par_1_64' title="bbox 1981 2055 3563 2139">
     <span class='ocr_line' id='line_1_64' title="bbox 1981 2055 3563 2139; baseline 0.01 -33"><span class='ocrx_word' id='word_1_454' title='bbox 1981 2055 2197 2118; x_wconf 76' lang='grc' dir='ltr'>οὐδενὸς</span> <span class='ocrx_word' id='word_1_455' title='bbox 2235 2056 2400 2128; x_wconf 87' lang='grc' dir='ltr'>χάριν</span> <span class='ocrx_word' id='word_1_456' title='bbox 2425 2058 2587 2112; x_wconf 80' lang='grc' dir='ltr'>ἄλλου</span> <span class='ocrx_word' id='word_1_457' title='bbox 2619 2060 2775 2130; x_wconf 83' lang='grc' dir='ltr'>ἢτοῦ</span> <span class='ocrx_word' id='word_1_458' title='bbox 2818 2063 2908 2118; x_wconf 72' lang='grc' dir='ltr'>τὸν</span> <span class='ocrx_word' id='word_1_459' title='bbox 2947 2064 3201 2135; x_wconf 77' lang='grc' dir='ltr'>γαμϐρὸν</span> <span class='ocrx_word' id='word_1_460' title='bbox 3244 2068 3563 2139; x_wconf 80' lang='grc' dir='ltr'>ἐκμειλιξα-</span> 
     </span>
    </p>
   </div>
   <div class='ocr_carea' id='block_1_65' title="bbox 1986 2145 3554 2230">
    <p class='ocr_par' dir='ltr' id='par_1_65' title="bbox 1986 2145 3554 2230">
     <span class='ocr_line' id='line_1_65' title="bbox 1986 2145 3554 2230; baseline 0.012 -33"><span class='ocrx_word' id='word_1_461' title='bbox 1986 2146 2158 2217; x_wconf 83' lang='grc' dir='ltr'>μένην</span> <span class='ocrx_word' id='word_1_462' title='bbox 2184 2149 2429 2218; x_wconf 84' lang='grc' dir='ltr'>ὁρμῆσαι</span> <span class='ocrx_word' id='word_1_463' title='bbox 2454 2165 2467 2179; x_wconf 85' lang='lat'><strong>&#39;</strong></span> <span class='ocrx_word' id='word_1_464' title='bbox 2520 2145 2665 2206; x_wconf 79' lang='grc' dir='ltr'>εἶναι</span> <span class='ocrx_word' id='word_1_465' title='bbox 2717 2153 2827 2224; x_wconf 81' lang='grc' dir='ltr'>γὰρ</span> <span class='ocrx_word' id='word_1_466' title='bbox 2867 2157 2960 2208; x_wconf 72' lang='grc' dir='ltr'><strong>καὶ</strong></span> <span class='ocrx_word' id='word_1_467' title='bbox 2994 2156 3088 2210; x_wconf 78' lang='grc' dir='ltr'><strong>τὸν</strong></span> <span class='ocrx_word' id='word_1_468' title='bbox 3124 2159 3319 2230; x_wconf 70' lang='grc' dir='ltr'>καιρδι</span> <span class='ocrx_word' id='word_1_469' title='bbox 3352 2163 3432 2224; x_wconf 86' lang='grc' dir='ltr'><strong>είς</strong></span> <span class='ocrx_word' id='word_1_470' title='bbox 3466 2164 3554 2216; x_wconf 66' lang='lat' dir='ltr'><strong>sx-</strong></span> 
     </span>
    </p>
   </div>
   <div class='ocr_carea' id='block_1_66' title="bbox 1985 2238 3613 2321">
    <p class='ocr_par' dir='ltr' id='par_1_66' title="bbox 1985 2238 3613 2321">
     <span class='ocr_line' id='line_1_66' title="bbox 1985 2238 3613 2321; baseline 0.014 -33"><span class='ocrx_word' id='word_1_471' title='bbox 1985 2239 2276 2308; x_wconf 84' lang='grc' dir='ltr'>στρατείαν</span> <span class='ocrx_word' id='word_1_472' title='bbox 2316 2238 2556 2306; x_wconf 76' lang='grc' dir='ltr'>εὔθετον,</span> <span class='ocrx_word' id='word_1_473' title='bbox 2581 2243 2769 2315; x_wconf 82' lang='grc' dir='ltr'>ἀκμὴν</span> <span class='ocrx_word' id='word_1_474' title='bbox 2795 2245 2853 2299; x_wconf 87' lang='grc' dir='ltr'>δὲ</span> <span class='ocrx_word' id='word_1_475' title='bbox 2885 2246 3022 2301; x_wconf 79' lang='grc' dir='ltr'>ἀλλὰ</span> <span class='ocrx_word' id='word_1_476' title='bbox 3047 2250 3141 2302; x_wconf 83' lang='grc' dir='ltr'>καὶ</span> <span class='ocrx_word' id='word_1_477' title='bbox 3163 2255 3560 2321; x_wconf 75' lang='grc' dir='ltr'>στρατιωτικὸν</span> <span class='ocrx_word' id='word_1_478' title='bbox 3605 2256 3613 2264; x_wconf 84' lang='grc'><strong>’</strong></span> 
     </span>
    </p>
   </div>
   <div class='ocr_carea' id='block_1_67' title="bbox 1986 2329 3563 2418">
    <p class='ocr_par' dir='ltr' id='par_1_67' title="bbox 1986 2329 3563 2418">
     <span class='ocr_line' id='line_1_67' title="bbox 1986 2329 3563 2418; baseline 0.014 -38"><span class='ocrx_word' id='word_1_479' title='bbox 1986 2329 2046 2395; x_wconf 75' lang='grc' dir='ltr'><strong>ἐξ</strong></span> <span class='ocrx_word' id='word_1_480' title='bbox 2073 2330 2317 2399; x_wconf 87' lang='grc' dir='ltr'>ὑπογύου</span> <span class='ocrx_word' id='word_1_481' title='bbox 2345 2331 2611 2399; x_wconf 82' lang='grc' dir='ltr'>λαϐόντας</span> <span class='ocrx_word' id='word_1_482' title='bbox 2651 2336 2798 2407; x_wconf 77' lang='grc' dir='ltr'>ἔχειν</span> <span class='ocrx_word' id='word_1_483' title='bbox 2829 2341 2926 2402; x_wconf 77' lang='grc' dir='ltr'>τὰς</span> <span class='ocrx_word' id='word_1_484' title='bbox 2956 2340 3126 2410; x_wconf 81' lang='grc' dir='ltr'>ρόγας</span> <span class='ocrx_word' id='word_1_485' title='bbox 3158 2346 3254 2397; x_wconf 79' lang='grc' dir='ltr'><strong>καὶ</strong></span> <span class='ocrx_word' id='word_1_486' title='bbox 3283 2346 3563 2418; x_wconf 79' lang='grc' dir='ltr'>ἐντελομί-</span> 
     </span>
    </p>
   </div>
   <div class='ocr_carea' id='block_1_68' title="bbox 1986 2419 3560 2505">
    <p class='ocr_par' dir='ltr' id='par_1_68' title="bbox 1986 2419 3560 2505">
     <span class='ocr_line' id='line_1_68' title="bbox 1986 2419 3560 2505; baseline 0.01 -31"><span class='ocrx_word' id='word_1_487' title='bbox 1986 2421 2147 2486; x_wconf 84' lang='grc' dir='ltr'>σθους</span> <span class='ocrx_word' id='word_1_488' title='bbox 2182 2419 2343 2477; x_wconf 78' lang='grc' dir='ltr'>εἶναι.</span> <span class='ocrx_word' id='word_1_489' title='bbox 2397 2423 2485 2487; x_wconf 79' lang='grc' dir='ltr'>Ὠς</span> <span class='ocrx_word' id='word_1_490' title='bbox 2514 2424 2647 2494; x_wconf 83' lang='grc' dir='ltr'>γοῦν</span> <span class='ocrx_word' id='word_1_491' title='bbox 2688 2426 2809 2496; x_wconf 81' lang='grc' dir='ltr'>μεθ’</span> <span class='ocrx_word' id='word_1_492' title='bbox 2848 2430 3065 2499; x_wconf 77' lang='grc' dir='ltr'>ἡμέρας</span> <span class='ocrx_word' id='word_1_493' title='bbox 3099 2433 3327 2504; x_wconf 79' lang='grc' dir='ltr'>ἐπέστη,</span> <span class='ocrx_word' id='word_1_494' title='bbox 3377 2435 3560 2505; x_wconf 76' lang='grc' dir='ltr'>ἐκείνη</span> 
     </span>
    </p>
   </div>
   <div class='ocr_carea' id='block_1_69' title="bbox 1986 2508 3563 2595">
    <p class='ocr_par' dir='ltr' id='par_1_69' title="bbox 1986 2508 3563 2595">
     <span class='ocr_line' id='line_1_69' title="bbox 1986 2508 3563 2595; baseline 0.005 -28"><span class='ocrx_word' id='word_1_495' title='bbox 1986 2510 2087 2585; x_wconf 75' lang='grc' dir='ltr'>μὲν</span> <span class='ocrx_word' id='word_1_496' title='bbox 2118 2513 2272 2568; x_wconf 78' lang='grc' dir='ltr'>οὐδὲν</span> <span class='ocrx_word' id='word_1_497' title='bbox 2320 2508 2390 2586; x_wconf 81' lang='grc' dir='ltr'>ἦν</span> <span class='ocrx_word' id='word_1_498' title='bbox 2417 2514 2529 2569; x_wconf 85' lang='grc' dir='ltr'><strong>τῶν</strong></span> <span class='ocrx_word' id='word_1_499' title='bbox 2560 2514 2620 2579; x_wconf 74' lang='grc' dir='ltr'>ἐς</span> <span class='ocrx_word' id='word_1_500' title='bbox 2655 2515 2956 2589; x_wconf 76' lang='grc' dir='ltr'>ἐξόρμησιν</span> <span class='ocrx_word' id='word_1_501' title='bbox 2990 2521 3381 2576; x_wconf 84' lang='grc' dir='ltr'>συντεινόντων</span> <span class='ocrx_word' id='word_1_502' title='bbox 3422 2523 3563 2595; x_wconf 80' lang='grc' dir='ltr'>ὅπερ</span> 
     </span>
    </p>
   </div>
   <div class='ocr_carea' id='block_1_70' title="bbox 1987 2690 3565 2762">
    <p class='ocr_par' dir='ltr' id='par_1_70' title="bbox 1987 2690 3565 2762">
     <span class='ocr_line' id='line_1_70' title="bbox 1987 2690 3565 2762; baseline 0.005 -16"><span class='ocrx_word' id='word_1_503' title='bbox 1987 2690 2339 2760; x_wconf 83' lang='lat' dir='ltr'><strong>rationesque</strong></span> <span class='ocrx_word' id='word_1_504' title='bbox 2369 2691 2846 2762; x_wconf 63' lang='lat' dir='ltr'><strong>salutis&#39;pnblicaa:</strong></span> <span class='ocrx_word' id='word_1_505' title='bbox 2870 2694 3017 2761; x_wconf 89' lang='lat' dir='ltr'><strong>illas,</strong></span> <span class='ocrx_word' id='word_1_506' title='bbox 3044 2696 3207 2755; x_wconf 90' lang='lat' dir='ltr'><strong>simul</strong></span> <span class='ocrx_word' id='word_1_507' title='bbox 3236 2712 3294 2752; x_wconf 89' lang='lat' dir='ltr'><strong>se</strong></span> <span class='ocrx_word' id='word_1_508' title='bbox 3315 2713 3565 2754; x_wconf 84' lang='lat' dir='ltr'><strong>commo-</strong></span> 
     </span>
    </p>
   </div>
   <div class='ocr_carea' id='block_1_71' title="bbox 1986 2781 3563 2859">
    <p class='ocr_par' dir='ltr' id='par_1_71' title="bbox 1986 2781 3563 2859">
     <span class='ocr_line' id='line_1_71' title="bbox 1986 2781 3563 2859; baseline 0.006 -23"><span class='ocrx_word' id='word_1_509' title='bbox 1986 2782 2216 2846; x_wconf 82' lang='lat' dir='ltr'><strong>vissem,</strong></span> <span class='ocrx_word' id='word_1_510' title='bbox 2277 2782 2468 2853; x_wconf 78' lang='lat' dir='ltr'><strong>ingens</strong></span> <span class='ocrx_word' id='word_1_511' title='bbox 2504 2781 2749 2839; x_wconf 81' lang='lat' dir='ltr'><strong>facturas</strong></span> <span class='ocrx_word' id='word_1_512' title='bbox 2801 2799 2984 2855; x_wconf 73' lang='lat' dir='ltr'><strong>opera:</strong></span> <span class='ocrx_word' id='word_1_513' title='bbox 3020 2789 3255 2858; x_wconf 88' lang='lat' dir='ltr'><strong>pretium</strong></span> <span class='ocrx_word' id='word_1_514' title='bbox 3292 2789 3563 2859; x_wconf 67' lang='lat' dir='ltr'><strong>opinaba-</strong></span> 
     </span>
    </p>
   </div>
   <div class='ocr_carea' id='block_1_72' title="bbox 1986 2876 3558 2949">
    <p class='ocr_par' dir='ltr' id='par_1_72' title="bbox 1986 2876 3558 2949">
     <span class='ocr_line' id='line_1_72' title="bbox 1986 2876 3558 2949; baseline 0.006 -20"><span class='ocrx_word' id='word_1_515' title='bbox 1986 2883 2100 2930; x_wconf 91' lang='lat' dir='ltr'><strong>tur.</strong></span> <span class='ocrx_word' id='word_1_516' title='bbox 2136 2876 2379 2930; x_wconf 83' lang='lat' dir='ltr'><strong>Audiens</strong></span> <span class='ocrx_word' id='word_1_517' title='bbox 2411 2884 2591 2931; x_wconf 88' lang='lat' dir='ltr'><strong>autem</strong></span> <span class='ocrx_word' id='word_1_518' title='bbox 2620 2892 2741 2947; x_wconf 66' lang='lat' dir='ltr'><strong>quae</strong></span> <span class='ocrx_word' id='word_1_519' title='bbox 2774 2878 2894 2941; x_wconf 82' lang='lat' dir='ltr'><strong>dira</strong></span> <span class='ocrx_word' id='word_1_520' title='bbox 2926 2880 3234 2949; x_wconf 84' lang='lat' dir='ltr'><strong>miseraque</strong></span> <span class='ocrx_word' id='word_1_521' title='bbox 3270 2882 3338 2936; x_wconf 85' lang='lat' dir='ltr'><strong>ab</strong></span> <span class='ocrx_word' id='word_1_522' title='bbox 3379 2880 3558 2938; x_wconf 82' lang='lat' dir='ltr'><strong>Phila-</strong></span> 
     </span>
    </p>
   </div>
   <div class='ocr_carea' id='block_1_73' title="bbox 1986 2964 3563 3041">
    <p class='ocr_par' dir='ltr' id='par_1_73' title="bbox 1986 2964 3563 3041">
     <span class='ocr_line' id='line_1_73' title="bbox 1986 2964 3563 3041; baseline 0.008 -24"><span class='ocrx_word' id='word_1_523' title='bbox 1986 2964 2206 3034; x_wconf 81' lang='lat' dir='ltr'><strong>delphia</strong></span> <span class='ocrx_word' id='word_1_524' title='bbox 2233 2965 2656 3031; x_wconf 86' lang='lat' dir='ltr'><strong>nuntiabantur,</strong></span> <span class='ocrx_word' id='word_1_525' title='bbox 2694 2982 2858 3034; x_wconf 89' lang='lat' dir='ltr'><strong>quam</strong></span> <span class='ocrx_word' id='word_1_526' title='bbox 2917 2968 3107 3023; x_wconf 88' lang='lat' dir='ltr'><strong>urbem</strong></span> <span class='ocrx_word' id='word_1_527' title='bbox 3143 2972 3389 3041; x_wconf 85' lang='lat' dir='ltr'><strong>Alisyras</strong></span> <span class='ocrx_word' id='word_1_528' title='bbox 3437 2990 3563 3029; x_wconf 88' lang='lat' dir='ltr'><strong>cum</strong></span> 
     </span>
    </p>
   </div>
   <div class='ocr_carea' id='block_1_74' title="bbox 1912 3055 3566 3160">
    <p class='ocr_par' dir='ltr' id='par_1_74' title="bbox 1912 3055 3566 3160">
     <span class='ocr_line' id='line_1_74' title="bbox 1912 3055 3566 3160; baseline 0.006 -49"><span class='ocrx_word' id='word_1_529' title='bbox 1912 3100 1956 3160; x_wconf 79' lang='lat' dir='ltr'><strong>C</strong></span> <span class='ocrx_word' id='word_1_530' title='bbox 1989 3055 2278 3112; x_wconf 88' lang='lat' dir='ltr'><strong>Carmanis</strong></span> <span class='ocrx_word' id='word_1_531' title='bbox 2303 3064 2422 3110; x_wconf 90' lang='lat' dir='ltr'><strong>arta</strong></span> <span class='ocrx_word' id='word_1_532' title='bbox 2485 3056 2772 3113; x_wconf 88' lang='lat' dir='ltr'><strong>obsidione</strong></span> <span class='ocrx_word' id='word_1_533' title='bbox 2803 3059 3078 3127; x_wconf 85' lang='lat' dir='ltr'><strong>cinxerat,</strong></span> <span class='ocrx_word' id='word_1_534' title='bbox 3122 3065 3566 3134; x_wconf 78' lang='lat' dir='ltr'><strong>expugnatisque</strong></span> 
     </span>
    </p>
   </div>
   <div class='ocr_carea' id='block_1_75' title="bbox 1989 3148 3564 3226">
    <p class='ocr_par' dir='ltr' id='par_1_75' title="bbox 1989 3148 3564 3226">
     <span class='ocr_line' id='line_1_75' title="bbox 1989 3148 3564 3226; baseline 0.006 -23"><span class='ocrx_word' id='word_1_535' title='bbox 1989 3165 2051 3203; x_wconf 87' lang='lat' dir='ltr'><strong>ac</strong></span> <span class='ocrx_word' id='word_1_536' title='bbox 2101 3148 2349 3205; x_wconf 82' lang='lat' dir='ltr'><strong>subactis</strong></span> <span class='ocrx_word' id='word_1_537' title='bbox 2403 3150 2572 3206; x_wconf 87' lang='lat' dir='ltr'><strong>variis</strong></span> <span class='ocrx_word' id='word_1_538' title='bbox 2638 3151 2884 3219; x_wconf 89' lang='lat' dir='ltr'><strong>arcibus,</strong></span> <span class='ocrx_word' id='word_1_539' title='bbox 2939 3169 3172 3224; x_wconf 90' lang='lat' dir='ltr'><strong>quarum</strong></span> <span class='ocrx_word' id='word_1_540' title='bbox 3233 3170 3338 3226; x_wconf 84' lang='lat' dir='ltr'><strong>ope</strong></span> <span class='ocrx_word' id='word_1_541' title='bbox 3404 3166 3564 3214; x_wconf 84' lang='lat' dir='ltr'><strong>antea</strong></span> 
     </span>
    </p>
   </div>
   <div class='ocr_carea' id='block_1_76' title="bbox 1985 3241 3565 3321">
    <p class='ocr_par' dir='ltr' id='par_1_76' title="bbox 1985 3241 3565 3321">
     <span class='ocr_line' id='line_1_76' title="bbox 1985 3241 3565 3321; baseline 0.006 -24"><span class='ocrx_word' id='word_1_542' title='bbox 1985 3243 2313 3312; x_wconf 87' lang='lat' dir='ltr'><strong>opportunis</strong></span> <span class='ocrx_word' id='word_1_543' title='bbox 2338 3241 2551 3321; x_wconf 89' lang='lat' dir='ltr'><strong>circum</strong></span> <span class='ocrx_word' id='word_1_544' title='bbox 2610 3244 2847 3300; x_wconf 89' lang='lat' dir='ltr'><strong>sitarum</strong></span> <span class='ocrx_word' id='word_1_545' title='bbox 2890 3245 3024 3302; x_wconf 91' lang='lat' dir='ltr'><strong>locis</strong></span> <span class='ocrx_word' id='word_1_546' title='bbox 3057 3247 3565 3318; x_wconf 86' lang='lat' dir='ltr'><strong>Philadelphienses</strong></span> 
     </span>
    </p>
   </div>
   <div class='ocr_carea' id='block_1_77' title="bbox 1988 3335 3564 3397">
    <p class='ocr_par' dir='ltr' id='par_1_77' title="bbox 1988 3335 3564 3397">
     <span class='ocr_line' id='line_1_77' title="bbox 1988 3335 3564 3397; baseline 0.006 -10"><span class='ocrx_word' id='word_1_547' title='bbox 1988 3335 2217 3389; x_wconf 82' lang='lat' dir='ltr'><strong>liberum</strong></span> <span class='ocrx_word' id='word_1_548' title='bbox 2249 3350 2373 3389; x_wconf 90' lang='lat' dir='ltr'><strong>eum</strong></span> <span class='ocrx_word' id='word_1_549' title='bbox 2406 3335 2611 3391; x_wconf 76' lang='lat' dir='ltr'><strong>exteris</strong></span> <span class='ocrx_word' id='word_1_550' title='bbox 2645 3339 3038 3393; x_wconf 89' lang='lat' dir='ltr'><strong>commercium</strong></span> <span class='ocrx_word' id='word_1_551' title='bbox 3074 3340 3143 3394; x_wconf 91' lang='lat' dir='ltr'><strong>ad</strong></span> <span class='ocrx_word' id='word_1_552' title='bbox 3190 3342 3564 3397; x_wconf 84' lang='lat' dir='ltr'><strong>necessariam</strong></span> 
     </span>
    </p>
   </div>
   <div class='ocr_carea' id='block_1_78' title="bbox 1985 3427 3563 3498">
    <p class='ocr_par' dir='ltr' id='par_1_78' title="bbox 1985 3427 3563 3498">
     <span class='ocr_line' id='line_1_78' title="bbox 1985 3427 3563 3498; baseline 0.004 -19"><span class='ocrx_word' id='word_1_553' title='bbox 1985 3442 2217 3482; x_wconf 74' lang='lat' dir='ltr'><strong>annona:</strong></span> <span class='ocrx_word' id='word_1_554' title='bbox 2274 3427 2717 3498; x_wconf 88' lang='lat' dir='ltr'><strong>importationem</strong></span> <span class='ocrx_word' id='word_1_555' title='bbox 2776 3430 2882 3485; x_wconf 87' lang='lat' dir='ltr'><strong>sibi</strong></span> <span class='ocrx_word' id='word_1_556' title='bbox 2919 3441 3296 3497; x_wconf 72' lang='lat' dir='ltr'><strong>servaverant,</strong></span> <span class='ocrx_word' id='word_1_557' title='bbox 3335 3433 3401 3487; x_wconf 86' lang='lat' dir='ltr'><strong>ad</strong></span> <span class='ocrx_word' id='word_1_558' title='bbox 3441 3443 3563 3486; x_wconf 85' lang='lat' dir='ltr'><strong>tan-</strong></span> 
     </span>
    </p>
   </div>
   <div class='ocr_carea' id='block_1_79' title="bbox 1986 3519 3566 3594">
    <p class='ocr_par' dir='ltr' id='par_1_79' title="bbox 1986 3519 3566 3594">
     <span class='ocr_line' id='line_1_79' title="bbox 1986 3519 3566 3594; baseline 0.003 -20"><span class='ocrx_word' id='word_1_559' title='bbox 1986 3528 2096 3576; x_wconf 86' lang='lat' dir='ltr'><strong>tam</strong></span> <span class='ocrx_word' id='word_1_560' title='bbox 2129 3535 2223 3575; x_wconf 90' lang='lat' dir='ltr'><strong>eos</strong></span> <span class='ocrx_word' id='word_1_561' title='bbox 2256 3519 2369 3588; x_wconf 88' lang='lat' dir='ltr'><strong>jam</strong></span> <span class='ocrx_word' id='word_1_562' title='bbox 2402 3520 2578 3576; x_wconf 87' lang='lat' dir='ltr'><strong>victus</strong></span> <span class='ocrx_word' id='word_1_563' title='bbox 2632 3521 2870 3591; x_wconf 90' lang='lat' dir='ltr'><strong>inopiam</strong></span> <span class='ocrx_word' id='word_1_564' title='bbox 2904 3523 3223 3594; x_wconf 70' lang='lat' dir='ltr'><strong>redegerat,</strong></span> <span class='ocrx_word' id='word_1_565' title='bbox 3282 3532 3342 3578; x_wconf 91' lang='lat' dir='ltr'><strong>ut</strong></span> <span class='ocrx_word' id='word_1_566' title='bbox 3398 3532 3566 3593; x_wconf 66' lang='lat' dir='ltr'><strong>capit</strong></span> 
     </span>
    </p>
   </div>
   <div class='ocr_carea' id='block_1_80' title="bbox 1986 3613 3563 3683">
    <p class='ocr_par' dir='ltr' id='par_1_80' title="bbox 1986 3613 3563 3683">
     <span class='ocr_line' id='line_1_80' title="bbox 1986 3613 3563 3683; baseline 0 -15"><span class='ocrx_word' id='word_1_567' title='bbox 1986 3615 2102 3670; x_wconf 89' lang='lat' dir='ltr'><strong>illic</strong></span> <span class='ocrx_word' id='word_1_568' title='bbox 2159 3613 2299 3668; x_wconf 87' lang='lat' dir='ltr'><strong>asini</strong></span> <span class='ocrx_word' id='word_1_569' title='bbox 2367 3613 2556 3668; x_wconf 89' lang='lat' dir='ltr'><strong>nescio</strong></span> <span class='ocrx_word' id='word_1_570' title='bbox 2596 3622 2731 3683; x_wconf 89' lang='lat' dir='ltr'><strong>quot</strong></span> <span class='ocrx_word' id='word_1_571' title='bbox 2791 3615 2946 3669; x_wconf 78' lang='lat' dir='ltr'><strong>sirlis</strong></span> <span class='ocrx_word' id='word_1_572' title='bbox 2989 3615 3205 3669; x_wconf 80' lang='lat' dir='ltr'><strong>venisse</strong></span> <span class='ocrx_word' id='word_1_573' title='bbox 3258 3616 3563 3683; x_wconf 86' lang='lat' dir='ltr'><strong>diceretur,</strong></span> 
     </span>
    </p>
   </div>
   <div class='ocr_carea' id='block_1_81' title="bbox 1986 3707 3564 3779">
    <p class='ocr_par' dir='ltr' id='par_1_81' title="bbox 1986 3707 3564 3779">
     <span class='ocr_line' id='line_1_81' title="bbox 1986 3707 3564 3779; baseline 0 -16"><span class='ocrx_word' id='word_1_574' title='bbox 1986 3716 2139 3763; x_wconf 89' lang='lat' dir='ltr'><strong>certa</strong></span> <span class='ocrx_word' id='word_1_575' title='bbox 2164 3721 2296 3763; x_wconf 80' lang='lat' dir='ltr'><strong>vero</strong></span> <span class='ocrx_word' id='word_1_576' title='bbox 2324 3723 2582 3763; x_wconf 86' lang='lat' dir='ltr'><strong>mensura</strong></span> <span class='ocrx_word' id='word_1_577' title='bbox 2614 3707 2904 3778; x_wconf 79' lang='lat' dir='ltr'><strong>sanguinis</strong></span> <span class='ocrx_word' id='word_1_578' title='bbox 2930 3708 3050 3764; x_wconf 89' lang='lat' dir='ltr'><strong>ovis</strong></span> <span class='ocrx_word' id='word_1_579' title='bbox 3084 3716 3179 3762; x_wconf 89' lang='lat' dir='ltr'><strong>aut</strong></span> <span class='ocrx_word' id='word_1_580' title='bbox 3208 3710 3359 3779; x_wconf 91' lang='lat' dir='ltr'><strong>porci</strong></span> <span class='ocrx_word' id='word_1_581' title='bbox 3393 3724 3564 3764; x_wconf 84' lang='lat' dir='ltr'><strong>aureo</strong></span> 
     </span>
    </p>
   </div>
   <div class='ocr_carea' id='block_1_82' title="bbox 1987 3799 3569 3857">
    <p class='ocr_par' dir='ltr' id='par_1_82' title="bbox 1987 3799 3569 3857">
     <span class='ocr_line' id='line_1_82' title="bbox 1987 3799 3569 3857; baseline 0.002 -3"><span class='ocrx_word' id='word_1_582' title='bbox 1987 3815 2215 3854; x_wconf 89' lang='lat' dir='ltr'><strong>nummo</strong></span> <span class='ocrx_word' id='word_1_583' title='bbox 2254 3799 2626 3855; x_wconf 67' lang='lat' dir='ltr'><strong>aestimaretur</strong></span> <span class='ocrx_word' id='word_1_584' title='bbox 2656 3809 2714 3856; x_wconf 88' lang='lat' dir='ltr'><strong>et</strong></span> <span class='ocrx_word' id='word_1_585' title='bbox 2764 3800 3000 3855; x_wconf 85' lang='lat' dir='ltr'><strong>libenter</strong></span> <span class='ocrx_word' id='word_1_586' title='bbox 3043 3810 3323 3856; x_wconf 86' lang='lat' dir='ltr'><strong>emeretur</strong></span> <span class='ocrx_word' id='word_1_587' title='bbox 3354 3817 3386 3854; x_wconf 86' lang='lat' dir='ltr'><strong>a</strong></span> <span class='ocrx_word' id='word_1_588' title='bbox 3427 3802 3569 3857; x_wconf 87' lang='lat' dir='ltr'><strong>bene</strong></span> 
     </span>
    </p>
   </div>
   <div class='ocr_carea' id='block_1_83' title="bbox 1987 3892 3569 3969">
    <p class='ocr_par' dir='ltr' id='par_1_83' title="bbox 1987 3892 3569 3969">
     <span class='ocr_line' id='line_1_83' title="bbox 1987 3892 3569 3969; baseline 0.001 -21"><span class='ocrx_word' id='word_1_589' title='bbox 1987 3900 2386 3948; x_wconf 87' lang='lat' dir='ltr'><strong>commutatum</strong></span> <span class='ocrx_word' id='word_1_590' title='bbox 2425 3901 2572 3949; x_wconf 88' lang='lat' dir='ltr'><strong>tanta</strong></span> <span class='ocrx_word' id='word_1_591' title='bbox 2602 3892 2854 3969; x_wconf 71' lang='lat' dir='ltr'><strong>impensa</strong></span> <span class='ocrx_word' id='word_1_592' title='bbox 2907 3894 3238 3950; x_wconf 87' lang='lat' dir='ltr'><strong>ducentibus</strong></span> <span class='ocrx_word' id='word_1_593' title='bbox 3267 3896 3349 3949; x_wconf 84' lang='lat' dir='ltr'><strong>vel</strong></span> <span class='ocrx_word' id='word_1_594' title='bbox 3407 3899 3569 3951; x_wconf 80' lang='lat' dir='ltr'><strong>breve</strong></span> 
     </span>
    </p>
   </div>
   <div class='ocr_carea' id='block_1_84' title="bbox 1988 3987 3570 4048">
    <p class='ocr_par' dir='ltr' id='par_1_84' title="bbox 1988 3987 3570 4048">
     <span class='ocr_line' id='line_1_84' title="bbox 1988 3987 3570 4048; baseline 0.004 -7"><span class='ocrx_word' id='word_1_595' title='bbox 1988 4003 2054 4042; x_wconf 85' lang='lat' dir='ltr'><strong>ae</strong></span> <span class='ocrx_word' id='word_1_596' title='bbox 2084 3988 2351 4041; x_wconf 87' lang='lat' dir='ltr'><strong>miserum</strong></span> <span class='ocrx_word' id='word_1_597' title='bbox 2379 3987 2636 4042; x_wconf 86' lang='lat' dir='ltr'><strong>solatium</strong></span> <span class='ocrx_word' id='word_1_598' title='bbox 2678 3988 2841 4045; x_wconf 80' lang='lat' dir='ltr'><strong>famis</strong></span> <span class='ocrx_word' id='word_1_599' title='bbox 2868 4000 3149 4046; x_wconf 76' lang='lat' dir='ltr'><strong>extremae.</strong></span> <span class='ocrx_word' id='word_1_600' title='bbox 3179 3992 3274 4046; x_wconf 83' lang='lat' dir='ltr'><strong>lsti</strong></span> <span class='ocrx_word' id='word_1_601' title='bbox 3300 3994 3383 4048; x_wconf 90' lang='lat' dir='ltr'><strong>sic</strong></span> <span class='ocrx_word' id='word_1_602' title='bbox 3422 3995 3570 4047; x_wconf 89' lang='lat' dir='ltr'><strong>Iaho-</strong></span> 
     </span>
    </p>
   </div>
   <div class='ocr_carea' id='block_1_85' title="bbox 1990 4079 3568 4148">
    <p class='ocr_par' dir='ltr' id='par_1_85' title="bbox 1990 4079 3568 4148">
     <span class='ocr_line' id='line_1_85' title="bbox 1990 4079 3568 4148; baseline 0.004 -15"><span class='ocrx_word' id='word_1_603' title='bbox 1990 4079 2135 4133; x_wconf 88' lang='lat' dir='ltr'><strong>ranti</strong></span> <span class='ocrx_word' id='word_1_604' title='bbox 2166 4079 2375 4134; x_wconf 78' lang='lat' dir='ltr'><strong>rivitati</strong></span> <span class='ocrx_word' id='word_1_605' title='bbox 2413 4089 2719 4148; x_wconf 86' lang='lat' dir='ltr'><strong>promptum</strong></span> <span class='ocrx_word' id='word_1_606' title='bbox 2759 4081 3024 4138; x_wconf 76' lang='lat' dir='ltr'><strong>allaturos</strong></span> <span class='ocrx_word' id='word_1_607' title='bbox 3062 4084 3330 4139; x_wconf 89' lang='lat' dir='ltr'><strong>auxilium</strong></span> <span class='ocrx_word' id='word_1_608' title='bbox 3389 4085 3568 4140; x_wconf 77' lang='lat' dir='ltr'><strong>Rant-</strong></span> 
     </span>
    </p>
   </div>
   <div class='ocr_carea' id='block_1_86' title="bbox 1990 4171 3567 4246">
    <p class='ocr_par' dir='ltr' id='par_1_86' title="bbox 1990 4171 3567 4246">
     <span class='ocr_line' id='line_1_86' title="bbox 1990 4171 3567 4246; baseline 0.004 -22"><span class='ocrx_word' id='word_1_609' title='bbox 1990 4172 2241 4242; x_wconf 79' lang='lat' dir='ltr'><strong>zerianas</strong></span> <span class='ocrx_word' id='word_1_610' title='bbox 2268 4172 2455 4241; x_wconf 78' lang='lat' dir='ltr'><strong>capias</strong></span> <span class='ocrx_word' id='word_1_611' title='bbox 2490 4171 2595 4227; x_wconf 88' lang='lat' dir='ltr'><strong>sibi</strong></span> <span class='ocrx_word' id='word_1_612' title='bbox 2634 4173 2923 4227; x_wconf 87' lang='lat' dir='ltr'><strong>blandiens</strong></span> <span class='ocrx_word' id='word_1_613' title='bbox 2958 4176 3279 4230; x_wconf 87' lang='lat' dir='ltr'><strong>autumabat</strong></span> <span class='ocrx_word' id='word_1_614' title='bbox 3328 4177 3567 4246; x_wconf 80' lang='lat' dir='ltr'><strong>impera-</strong></span> 
     </span>
    </p>
   </div>
   <div class='ocr_carea' id='block_1_87' title="bbox 1992 4263 3570 4335">
    <p class='ocr_par' dir='ltr' id='par_1_87' title="bbox 1992 4263 3570 4335">
     <span class='ocr_line' id='line_1_87' title="bbox 1992 4263 3570 4335; baseline 0.003 -17"><span class='ocrx_word' id='word_1_615' title='bbox 1992 4273 2097 4318; x_wconf 83' lang='lat' dir='ltr'><strong>tor.</strong></span> <span class='ocrx_word' id='word_1_616' title='bbox 2163 4263 2338 4330; x_wconf 84' lang='lat' dir='ltr'><strong>quue</strong></span> <span class='ocrx_word' id='word_1_617' title='bbox 2406 4271 2466 4316; x_wconf 93' lang='lat' dir='ltr'><strong>ut</strong></span> <span class='ocrx_word' id='word_1_618' title='bbox 2524 4272 2766 4334; x_wconf 83' lang='lat' dir='ltr'><strong>urgeret,</strong></span> <span class='ocrx_word' id='word_1_619' title='bbox 2824 4274 3002 4334; x_wconf 72' lang='lat' dir='ltr'><strong>empta</strong></span> <span class='ocrx_word' id='word_1_620' title='bbox 3049 4265 3164 4335; x_wconf 88' lang='lat' dir='ltr'><strong>jam</strong></span> <span class='ocrx_word' id='word_1_621' title='bbox 3224 4266 3570 4323; x_wconf 86' lang='lat' dir='ltr'><strong>hebdomada</strong></span> 
     </span>
    </p>
   </div>
   <div class='ocr_carea' id='block_1_88' title="bbox 1992 4353 3566 4427">
    <p class='ocr_par' dir='ltr' id='par_1_88' title="bbox 1992 4353 3566 4427">
     <span class='ocr_line' id='line_1_88' title="bbox 1992 4353 3566 4427; baseline 0.003 -19"><span class='ocrx_word' id='word_1_622' title='bbox 1992 4354 2203 4424; x_wconf 83' lang='lat' dir='ltr'><strong>majore</strong></span> <span class='ocrx_word' id='word_1_623' title='bbox 2255 4353 2358 4408; x_wconf 89' lang='lat' dir='ltr'><strong>sub</strong></span> <span class='ocrx_word' id='word_1_624' title='bbox 2415 4354 2579 4408; x_wconf 79' lang='lat' dir='ltr'><strong>linem</strong></span> <span class='ocrx_word' id='word_1_625' title='bbox 2642 4354 2823 4409; x_wconf 77' lang='lat' dir='ltr'><strong>Martii</strong></span> <span class='ocrx_word' id='word_1_626' title='bbox 2880 4357 3161 4426; x_wconf 80' lang='lat' dir='ltr'><strong>propriam</strong></span> <span class='ocrx_word' id='word_1_627' title='bbox 3210 4373 3566 4427; x_wconf 74' lang='lat' dir='ltr'><strong>germanam</strong></span> 
     </span>
    </p>
   </div>
   <div class='ocr_carea' id='block_1_89' title="bbox 311 4445 3570 4520">
    <p class='ocr_par' dir='ltr' id='par_1_89' title="bbox 311 4445 3570 4520">
     <span class='ocr_line' id='line_1_89' title="bbox 311 4445 3570 4520; baseline -0.001 -13"><span class='ocrx_word' id='word_1_628' title='bbox 311 4454 583 4511; x_wconf 83' lang='lat' dir='ltr'><strong>dolorem.</strong></span> <span class='ocrx_word' id='word_1_629' title='bbox 647 4452 827 4506; x_wconf 88' lang='lat' dir='ltr'><strong>solum</strong></span> <span class='ocrx_word' id='word_1_630' title='bbox 889 4464 1197 4519; x_wconf 76' lang='lat' dir='ltr'><strong>agnoscens</strong></span> <span class='ocrx_word' id='word_1_631' title='bbox 1249 4457 1302 4503; x_wconf 87' lang='lat' dir='ltr'><strong>et</strong></span> <span class='ocrx_word' id='word_1_632' title='bbox 1341 4448 1581 4503; x_wconf 87' lang='lat' dir='ltr'><strong>obnoxie</strong></span> <span class='ocrx_word' id='word_1_633' title='bbox 1618 4456 1882 4516; x_wconf 87' lang='lat' dir='ltr'><strong>reputans</strong></span> <span class='ocrx_word' id='word_1_634' title='bbox 1908 4445 1962 4504; x_wconf 88' lang='lat' dir='ltr'><strong>D</strong></span> <span class='ocrx_word' id='word_1_635' title='bbox 1991 4447 2207 4510; x_wconf 89' lang='lat' dir='ltr'><strong>lrenen,</strong></span> <span class='ocrx_word' id='word_1_636' title='bbox 2257 4447 2459 4501; x_wconf 76' lang='lat' dir='ltr'><strong>Asanis</strong></span> <span class='ocrx_word' id='word_1_637' title='bbox 2490 4448 2732 4512; x_wconf 85' lang='lat' dir='ltr'><strong>viduam,</strong></span> <span class='ocrx_word' id='word_1_638' title='bbox 2770 4464 2911 4503; x_wconf 84' lang='lat' dir='ltr'><strong>nave</strong></span> <span class='ocrx_word' id='word_1_639' title='bbox 2939 4450 3105 4503; x_wconf 86' lang='lat' dir='ltr'><strong>celeri</strong></span> <span class='ocrx_word' id='word_1_640' title='bbox 3150 4450 3406 4520; x_wconf 82' lang='lat' dir='ltr'><strong>Cyzicum</strong></span> <span class='ocrx_word' id='word_1_641' title='bbox 3467 4471 3496 4503; x_wconf 78' lang='grc' dir='ltr'><strong>ιι</strong></span> <span class='ocrx_word' id='word_1_642' title='bbox 3525 4454 3570 4505; x_wconf 89' lang='lat' dir='ltr'><strong>i-</strong></span> 
     </span>
    </p>
   </div>
   <div class='ocr_carea' id='block_1_90' title="bbox 308 4538 1883 4613">
    <p class='ocr_par' dir='ltr' id='par_1_90' title="bbox 308 4538 1883 4613">
     <span class='ocr_line' id='line_1_90' title="bbox 308 4538 1883 4613; baseline -0.003 -14"><span class='ocrx_word' id='word_1_643' title='bbox 308 4543 701 4613; x_wconf 82' lang='lat' dir='ltr'><strong>Deijudicium</strong></span> <span class='ocrx_word' id='word_1_644' title='bbox 736 4541 900 4595; x_wconf 87' lang='lat' dir='ltr'><strong>rebus</strong></span> <span class='ocrx_word' id='word_1_645' title='bbox 950 4541 1213 4595; x_wconf 74' lang='lat' dir='ltr'><strong>Romanis</strong></span> <span class='ocrx_word' id='word_1_646' title='bbox 1260 4538 1678 4595; x_wconf 82' lang='lat' dir='ltr'><strong>inexorabiliter</strong></span> <span class='ocrx_word' id='word_1_647' title='bbox 1734 4540 1883 4595; x_wconf 84' lang='lat' dir='ltr'><strong>irati.</strong></span> 
     </span>
    </p>
   </div>
   <div class='ocr_carea' id='block_1_91' title="bbox 309 4630 1887 4702">
    <p class='ocr_par' dir='ltr' id='par_1_91' title="bbox 309 4630 1887 4702">
     <span class='ocr_line' id='line_1_91' title="bbox 309 4630 1887 4702; baseline -0.003 -12"><span class='ocrx_word' id='word_1_648' title='bbox 309 4635 559 4691; x_wconf 80' lang='lat' dir='ltr'><strong>Habebat</strong></span> <span class='ocrx_word' id='word_1_649' title='bbox 587 4643 641 4689; x_wconf 91' lang='lat' dir='ltr'><strong>et</strong></span> <span class='ocrx_word' id='word_1_650' title='bbox 681 4633 1055 4701; x_wconf 84' lang='lat' dir='ltr'><strong>patriareliam</strong></span> <span class='ocrx_word' id='word_1_651' title='bbox 1120 4631 1267 4700; x_wconf 82' lang='lat' dir='ltr'><strong>paris</strong></span> <span class='ocrx_word' id='word_1_652' title='bbox 1299 4630 1459 4702; x_wconf 65' lang='grc'><strong>421</strong></span> <span class='ocrx_word' id='word_1_653' title='bbox 1521 4647 1711 4688; x_wconf 87' lang='lat' dir='ltr'><strong>secum</strong></span> <span class='ocrx_word' id='word_1_654' title='bbox 1738 4647 1887 4686; x_wconf 77' lang='lat' dir='ltr'><strong>cura:</strong></span> 
     </span>
    </p>
   </div>
   <div class='ocr_carea' id='block_1_92' title="bbox 307 4724 1887 4796">
    <p class='ocr_par' dir='ltr' id='par_1_92' title="bbox 307 4724 1887 4796">
     <span class='ocr_line' id='line_1_92' title="bbox 307 4724 1887 4796; baseline -0.004 -14"><span class='ocrx_word' id='word_1_655' title='bbox 307 4726 632 4796; x_wconf 68' lang='lat' dir='ltr'><strong>participem</strong></span> <span class='ocrx_word' id='word_1_656' title='bbox 662 4732 716 4777; x_wconf 73' lang='lat' dir='ltr'><strong>et</strong></span> <span class='ocrx_word' id='word_1_657' title='bbox 747 4725 909 4778; x_wconf 85' lang='lat' dir='ltr'><strong>enixe</strong></span> <span class='ocrx_word' id='word_1_658' title='bbox 938 4732 1278 4795; x_wconf 84' lang='lat' dir='ltr'><strong>satagentem</strong></span> <span class='ocrx_word' id='word_1_659' title='bbox 1336 4724 1556 4791; x_wconf 83' lang='lat' dir='ltr'><strong>placare</strong></span> <span class='ocrx_word' id='word_1_660' title='bbox 1600 4725 1887 4794; x_wconf 86' lang='lat' dir='ltr'><strong>supplica-</strong></span> 
     </span>
    </p>
   </div>
   <div class='ocr_carea' id='block_1_93' title="bbox 304 4815 1890 4886">
    <p class='ocr_par' dir='ltr' id='par_1_93' title="bbox 304 4815 1890 4886">
     <span class='ocr_line' id='line_1_93' title="bbox 304 4815 1890 4886; baseline -0.003 -12"><span class='ocrx_word' id='word_1_661' title='bbox 304 4820 551 4875; x_wconf 80' lang='lat' dir='ltr'><strong>tionibus</strong></span> <span class='ocrx_word' id='word_1_662' title='bbox 584 4818 831 4873; x_wconf 80' lang='lat' dir='ltr'><strong>tiivinum</strong></span> <span class='ocrx_word' id='word_1_663' title='bbox 863 4832 1063 4871; x_wconf 85' lang='lat' dir='ltr'><strong>numen</strong></span> <span class='ocrx_word' id='word_1_664' title='bbox 1091 4835 1106 4882; x_wconf 90' lang='lat'><strong>;</strong></span> <span class='ocrx_word' id='word_1_665' title='bbox 1142 4815 1485 4886; x_wconf 80' lang='lat' dir='ltr'><strong>ingressique</strong></span> <span class='ocrx_word' id='word_1_666' title='bbox 1531 4818 1695 4870; x_wconf 86' lang='lat' dir='ltr'><strong>ambo</strong></span> <span class='ocrx_word' id='word_1_667' title='bbox 1745 4817 1890 4873; x_wconf 80' lang='lat' dir='ltr'><strong>ﬁdu-</strong></span> 
     </span>
    </p>
   </div>
   <div class='ocr_carea' id='block_1_94' title="bbox 308 4899 1888 4979">
    <p class='ocr_par' dir='ltr' id='par_1_94' title="bbox 308 4899 1888 4979">
     <span class='ocr_line' id='line_1_94' title="bbox 308 4899 1888 4979; baseline -0.004 -13"><span class='ocrx_word' id='word_1_668' title='bbox 308 4913 451 4966; x_wconf 86' lang='lat' dir='ltr'><strong>ciam</strong></span> <span class='ocrx_word' id='word_1_669' title='bbox 484 4899 806 4963; x_wconf 82' lang='lat' dir='ltr'><strong>videbaatur</strong></span> <span class='ocrx_word' id='word_1_670' title='bbox 838 4906 1045 4977; x_wconf 83' lang='lat' dir='ltr'><strong>aiiquid</strong></span> <span class='ocrx_word' id='word_1_671' title='bbox 1098 4908 1290 4961; x_wconf 83' lang='lat' dir='ltr'><strong>talium</strong></span> <span class='ocrx_word' id='word_1_672' title='bbox 1343 4908 1645 4961; x_wconf 79' lang='lat' dir='ltr'><strong>ollieiorum</strong></span> <span class='ocrx_word' id='word_1_673' title='bbox 1705 4924 1888 4979; x_wconf 84' lang='lat' dir='ltr'><strong>perse-</strong></span> 
     </span>
    </p>
   </div>
   <div class='ocr_carea' id='block_1_95' title="bbox 309 4998 1888 5071">
    <p class='ocr_par' dir='ltr' id='par_1_95' title="bbox 309 4998 1888 5071">
     <span class='ocr_line' id='line_1_95' title="bbox 309 4998 1888 5071; baseline -0.003 -14"><span class='ocrx_word' id='word_1_674' title='bbox 309 5002 558 5058; x_wconf 85' lang='lat' dir='ltr'><strong>verantia</strong></span> <span class='ocrx_word' id='word_1_675' title='bbox 620 5000 962 5071; x_wconf 74' lang='lat' dir='ltr'><strong>proficiendi.</strong></span> <span class='ocrx_word' id='word_1_676' title='bbox 1027 4999 1182 5055; x_wconf 83' lang='lat' dir='ltr'><strong>Unde</strong></span> <span class='ocrx_word' id='word_1_677' title='bbox 1240 4998 1447 5053; x_wconf 89' lang='lat' dir='ltr'><strong>Iitaniis</strong></span> <span class='ocrx_word' id='word_1_678' title='bbox 1498 5000 1888 5053; x_wconf 89' lang='lat' dir='ltr'><strong>continuamlis</strong></span> 
     </span>
    </p>
   </div>
   <div class='ocr_carea' id='block_1_96' title="bbox 310 5092 1903 5163">
    <p class='ocr_par' dir='ltr' id='par_1_96' title="bbox 310 5092 1903 5163">
     <span class='ocr_line' id='line_1_96' title="bbox 310 5092 1903 5163; baseline 0.001 -14"><span class='ocrx_word' id='word_1_679' title='bbox 310 5103 501 5151; x_wconf 89' lang='lat' dir='ltr'><strong>noctes</strong></span> <span class='ocrx_word' id='word_1_680' title='bbox 552 5093 907 5163; x_wconf 75' lang='lat' dir='ltr'><strong>impendente</strong></span> <span class='ocrx_word' id='word_1_681' title='bbox 969 5102 1116 5146; x_wconf 80' lang='lat' dir='ltr'><strong>totas</strong></span> <span class='ocrx_word' id='word_1_682' title='bbox 1176 5092 1489 5160; x_wconf 77' lang='lat' dir='ltr'><strong>patriarcha</strong></span> <span class='ocrx_word' id='word_1_683' title='bbox 1550 5108 1676 5145; x_wconf 88' lang='lat' dir='ltr'><strong>cum</strong></span> <span class='ocrx_word' id='word_1_684' title='bbox 1743 5093 1903 5159; x_wconf 88' lang='lat' dir='ltr'><strong>suis,.</strong></span> 
     </span>
    </p>
   </div>
   <div class='ocr_carea' id='block_1_97' title="bbox 306 5183 1885 5261">
    <p class='ocr_par' dir='ltr' id='par_1_97' title="bbox 306 5183 1885 5261">
     <span class='ocr_line' id='line_1_97' title="bbox 306 5183 1885 5261; baseline -0.001 -20"><span class='ocrx_word' id='word_1_685' title='bbox 306 5187 430 5254; x_wconf 88' lang='lat' dir='ltr'><strong>ipse</strong></span> <span class='ocrx_word' id='word_1_686' title='bbox 467 5187 791 5254; x_wconf 89' lang='lat' dir='ltr'><strong>plerumque</strong></span> <span class='ocrx_word' id='word_1_687' title='bbox 852 5184 1046 5240; x_wconf 82' lang='lat' dir='ltr'><strong>aderat</strong></span> <span class='ocrx_word' id='word_1_688' title='bbox 1078 5199 1188 5237; x_wconf 89' lang='lat' dir='ltr'><strong>una</strong></span> <span class='ocrx_word' id='word_1_689' title='bbox 1222 5183 1556 5261; x_wconf 65' lang='lat' dir='ltr'><strong>pervigilans</strong></span> <span class='ocrx_word' id='word_1_690' title='bbox 1581 5185 1885 5254; x_wconf 80' lang='lat' dir='ltr'><strong>Augusms,</strong></span> 
     </span>
    </p>
   </div>
   <div class='ocr_carea' id='block_1_98' title="bbox 308 5276 1888 5346">
    <p class='ocr_par' dir='ltr' id='par_1_98' title="bbox 308 5276 1888 5346">
     <span class='ocr_line' id='line_1_98' title="bbox 308 5276 1888 5346; baseline -0.003 -14"><span class='ocrx_word' id='word_1_691' title='bbox 308 5280 390 5332; x_wconf 89' lang='lat' dir='ltr'><strong>sic</strong></span> <span class='ocrx_word' id='word_1_692' title='bbox 421 5277 643 5333; x_wconf 86' lang='lat' dir='ltr'><strong>demum</strong></span> <span class='ocrx_word' id='word_1_693' title='bbox 681 5292 741 5332; x_wconf 91' lang='lat' dir='ltr'><strong>se</strong></span> <span class='ocrx_word' id='word_1_694' title='bbox 774 5279 1194 5346; x_wconf 86' lang='lat' dir='ltr'><strong>impetraturum</strong></span> <span class='ocrx_word' id='word_1_695' title='bbox 1258 5290 1583 5329; x_wconf 87' lang='lat' dir='ltr'><strong>successum</strong></span> <span class='ocrx_word' id='word_1_696' title='bbox 1650 5276 1888 5344; x_wconf 78' lang='lat' dir='ltr'><strong>aliquem</strong></span> 
     </span>
    </p>
   </div>
   <div class='ocr_carea' id='block_1_99' title="bbox 307 5370 1889 5440">
    <p class='ocr_par' dir='ltr' id='par_1_99' title="bbox 307 5370 1889 5440">
     <span class='ocr_line' id='line_1_99' title="bbox 307 5370 1889 5440; baseline -0.001 -16"><span class='ocrx_word' id='word_1_697' title='bbox 307 5385 634 5440; x_wconf 86' lang='lat' dir='ltr'><strong>prosperum</strong></span> <span class='ocrx_word' id='word_1_698' title='bbox 704 5378 759 5425; x_wconf 86' lang='lat' dir='ltr'><strong>et</strong></span> <span class='ocrx_word' id='word_1_699' title='bbox 788 5370 1030 5424; x_wconf 83' lang='lat' dir='ltr'><strong>divinam</strong></span> <span class='ocrx_word' id='word_1_700' title='bbox 1091 5376 1537 5440; x_wconf 82' lang='lat' dir='ltr'><strong>expugnaturum</strong></span> <span class='ocrx_word' id='word_1_701' title='bbox 1576 5372 1889 5427; x_wconf 65' lang='lat' dir='ltr'><strong>inisericoro</strong></span> 
     </span>
    </p>
   </div>
   <div class='ocr_carea' id='block_1_100' title="bbox 251 5462 1891 5532">
    <p class='ocr_par' dir='ltr' id='par_1_100' title="bbox 251 5462 1891 5532">
     <span class='ocr_line' id='line_1_100' title="bbox 251 5462 1891 5532; baseline 0.002 -18"><span class='ocrx_word' id='word_1_702' title='bbox 251 5512 259 5520; x_wconf 80' lang='grc'><strong>,</strong></span> <span class='ocrx_word' id='word_1_703' title='bbox 309 5464 457 5516; x_wconf 87' lang='lat' dir='ltr'><strong>diam</strong></span> <span class='ocrx_word' id='word_1_704' title='bbox 517 5472 834 5525; x_wconf 87' lang='lat' dir='ltr'><strong>autumans,</strong></span> <span class='ocrx_word' id='word_1_705' title='bbox 864 5464 907 5517; x_wconf 91' lang='lat' dir='ltr'><strong>si</strong></span> <span class='ocrx_word' id='word_1_706' title='bbox 969 5463 1134 5517; x_wconf 89' lang='lat' dir='ltr'><strong>etiam</strong></span> <span class='ocrx_word' id='word_1_707' title='bbox 1183 5478 1349 5532; x_wconf 86' lang='lat' dir='ltr'><strong>supra</strong></span> <span class='ocrx_word' id='word_1_708' title='bbox 1384 5463 1528 5519; x_wconf 87' lang='lat' dir='ltr'><strong>vires</strong></span> <span class='ocrx_word' id='word_1_709' title='bbox 1557 5462 1616 5516; x_wconf 89' lang='lat' dir='ltr'><strong>in</strong></span> <span class='ocrx_word' id='word_1_710' title='bbox 1677 5478 1741 5518; x_wconf 90' lang='lat' dir='ltr'><strong>ea</strong></span> <span class='ocrx_word' id='word_1_711' title='bbox 1770 5467 1891 5519; x_wconf 84' lang='lat' dir='ltr'><strong>reli-</strong></span> 
     </span>
    </p>
   </div>
   <div class='ocr_carea' id='block_1_101' title="bbox 308 5555 1888 5626">
    <p class='ocr_par' dir='ltr' id='par_1_101' title="bbox 308 5555 1888 5626">
     <span class='ocr_line' id='line_1_101' title="bbox 308 5555 1888 5626; baseline 0.006 -22"><span class='ocrx_word' id='word_1_712' title='bbox 308 5559 470 5625; x_wconf 83' lang='lat' dir='ltr'><strong>ginne</strong></span> <span class='ocrx_word' id='word_1_713' title='bbox 503 5556 884 5611; x_wconf 84' lang='lat' dir='ltr'><strong>contenderet.</strong></span> <span class='ocrx_word' id='word_1_714' title='bbox 910 5555 1137 5611; x_wconf 87' lang='lat' dir='ltr'><strong>Summa</strong></span> <span class='ocrx_word' id='word_1_715' title='bbox 1160 5571 1324 5626; x_wconf 89' lang='lat' dir='ltr'><strong>porro</strong></span> <span class='ocrx_word' id='word_1_716' title='bbox 1360 5557 1437 5611; x_wconf 77' lang='lat' dir='ltr'><strong>rei</strong></span> <span class='ocrx_word' id='word_1_717' title='bbox 1465 5569 1590 5613; x_wconf 89' lang='lat' dir='ltr'><strong>tunc</strong></span> <span class='ocrx_word' id='word_1_718' title='bbox 1626 5556 1888 5613; x_wconf 76' lang='lat' dir='ltr'><strong>Romanae</strong></span> 
     </span>
    </p>
   </div>
   <div class='ocr_carea' id='block_1_102' title="bbox 308 5645 1887 5723">
    <p class='ocr_par' dir='ltr' id='par_1_102' title="bbox 308 5645 1887 5723">
     <span class='ocr_line' id='line_1_102' title="bbox 308 5645 1887 5723; baseline -0.001 -24"><span class='ocrx_word' id='word_1_719' title='bbox 308 5646 365 5699; x_wconf 91' lang='lat' dir='ltr'><strong>in</strong></span> <span class='ocrx_word' id='word_1_720' title='bbox 402 5645 489 5723; x_wconf 77' lang='lat' dir='ltr'><strong>his</strong></span> <span class='ocrx_word' id='word_1_721' title='bbox 520 5645 703 5715; x_wconf 83' lang='lat' dir='ltr'><strong>magni</strong></span> <span class='ocrx_word' id='word_1_722' title='bbox 750 5646 911 5700; x_wconf 87' lang='lat' dir='ltr'><strong>ducis</strong></span> <span class='ocrx_word' id='word_1_723' title='bbox 949 5646 1122 5714; x_wconf 83' lang='lat' dir='ltr'><strong>copiis</strong></span> <span class='ocrx_word' id='word_1_724' title='bbox 1158 5645 1411 5699; x_wconf 85' lang='lat' dir='ltr'><strong>universa</strong></span> <span class='ocrx_word' id='word_1_725' title='bbox 1446 5645 1756 5702; x_wconf 87' lang='lat' dir='ltr'><strong>residebat:</strong></span> <span class='ocrx_word' id='word_1_726' title='bbox 1821 5661 1887 5700; x_wconf 82' lang='lat' dir='ltr'><strong>ex</strong></span> 
     </span>
    </p>
   </div>
   <div class='ocr_carea' id='block_1_103' title="bbox 312 5736 1889 5809">
    <p class='ocr_par' dir='ltr' id='par_1_103' title="bbox 312 5736 1889 5809">
     <span class='ocr_line' id='line_1_103' title="bbox 312 5736 1889 5809; baseline 0.001 -18"><span class='ocrx_word' id='word_1_727' title='bbox 312 5736 506 5791; x_wconf 81' lang='lat' dir='ltr'><strong>barum</strong></span> <span class='ocrx_word' id='word_1_728' title='bbox 544 5737 743 5793; x_wconf 81' lang='lat' dir='ltr'><strong>ﬁducia</strong></span> <span class='ocrx_word' id='word_1_729' title='bbox 781 5753 1086 5809; x_wconf 78' lang='lat' dir='ltr'><strong>suspensas</strong></span> <span class='ocrx_word' id='word_1_730' title='bbox 1144 5738 1394 5794; x_wconf 75' lang='lat' dir='ltr'><strong>trahebat</strong></span> <span class='ocrx_word' id='word_1_731' title='bbox 1428 5737 1724 5807; x_wconf 78' lang='lat' dir='ltr'><strong>imperator</strong></span> <span class='ocrx_word' id='word_1_732' title='bbox 1763 5754 1889 5808; x_wconf 63' lang='lat' dir='ltr'><strong>spes</strong></span> 
     </span>
    </p>
   </div>
   <div class='ocr_carea' id='block_1_104' title="bbox 1993 4540 3569 4613">
    <p class='ocr_par' dir='ltr' id='par_1_104' title="bbox 1993 4540 3569 4613">
     <span class='ocr_line' id='line_1_104' title="bbox 1993 4540 3569 4613; baseline 0.002 -19"><span class='ocrx_word' id='word_1_733' title='bbox 1993 4548 2165 4599; x_wconf 63' lang='lat' dir='ltr'><strong>svrat,</strong></span> <span class='ocrx_word' id='word_1_734' title='bbox 2205 4548 2381 4607; x_wconf 84' lang='lat' dir='ltr'><strong>ntqua</strong></span> <span class='ocrx_word' id='word_1_735' title='bbox 2403 4554 2598 4594; x_wconf 87' lang='lat' dir='ltr'><strong>socrus</strong></span> <span class='ocrx_word' id='word_1_736' title='bbox 2620 4540 2763 4609; x_wconf 89' lang='lat' dir='ltr'><strong>apud</strong></span> <span class='ocrx_word' id='word_1_737' title='bbox 2789 4555 3053 4609; x_wconf 84' lang='lat' dir='ltr'><strong>generum</strong></span> <span class='ocrx_word' id='word_1_738' title='bbox 3083 4542 3277 4596; x_wconf 89' lang='lat' dir='ltr'><strong>ducem</strong></span> <span class='ocrx_word' id='word_1_739' title='bbox 3315 4559 3569 4613; x_wconf 62' lang='lat' dir='ltr'><strong>magnum</strong></span> 
     </span>
    </p>
   </div>
   <div class='ocr_carea' id='block_1_105' title="bbox 1994 4632 3572 4703">
    <p class='ocr_par' dir='ltr' id='par_1_105' title="bbox 1994 4632 3572 4703">
     <span class='ocr_line' id='line_1_105' title="bbox 1994 4632 3572 4703; baseline 0.003 -20"><span class='ocrx_word' id='word_1_740' title='bbox 1994 4632 2175 4686; x_wconf 73' lang='lat' dir='ltr'><strong>valere</strong></span> <span class='ocrx_word' id='word_1_741' title='bbox 2210 4632 2542 4686; x_wconf 87' lang='lat' dir='ltr'><strong>auctoritate</strong></span> <span class='ocrx_word' id='word_1_742' title='bbox 2571 4632 2928 4699; x_wconf 82' lang='lat' dir='ltr'><strong>credebatur,</strong></span> <span class='ocrx_word' id='word_1_743' title='bbox 2967 4648 3092 4687; x_wconf 88' lang='lat' dir='ltr'><strong>eum</strong></span> <span class='ocrx_word' id='word_1_744' title='bbox 3128 4635 3462 4703; x_wconf 69' lang='lat' dir='ltr'><strong>perpellerrt</strong></span> <span class='ocrx_word' id='word_1_745' title='bbox 3506 4640 3572 4690; x_wconf 82' lang='lat' dir='ltr'><strong>ad</strong></span> 
     </span>
    </p>
   </div>
   <div class='ocr_carea' id='block_1_106' title="bbox 1996 4724 3569 4796">
    <p class='ocr_par' dir='ltr' id='par_1_106' title="bbox 1996 4724 3569 4796">
     <span class='ocr_line' id='line_1_106' title="bbox 1996 4724 3569 4796; baseline 0.002 -18"><span class='ocrx_word' id='word_1_746' title='bbox 1996 4733 2104 4778; x_wconf 85' lang='lat' dir='ltr'><strong>tam</strong></span> <span class='ocrx_word' id='word_1_747' title='bbox 2169 4726 2541 4778; x_wconf 87' lang='lat' dir='ltr'><strong>necessariam</strong></span> <span class='ocrx_word' id='word_1_748' title='bbox 2580 4724 2723 4778; x_wconf 89' lang='lat' dir='ltr'><strong>urbi</strong></span> <span class='ocrx_word' id='word_1_749' title='bbox 2770 4726 2862 4779; x_wconf 90' lang='lat' dir='ltr'><strong>tali</strong></span> <span class='ocrx_word' id='word_1_750' title='bbox 2920 4738 3172 4780; x_wconf 85' lang='lat' dir='ltr'><strong>extreme</strong></span> <span class='ocrx_word' id='word_1_751' title='bbox 3233 4728 3569 4796; x_wconf 82' lang='lat' dir='ltr'><strong>periclitanti</strong></span> 
     </span>
    </p>
   </div>
   <div class='ocr_carea' id='block_1_107' title="bbox 1991 4816 3572 4884">
    <p class='ocr_par' dir='ltr' id='par_1_107' title="bbox 1991 4816 3572 4884">
     <span class='ocr_line' id='line_1_107' title="bbox 1991 4816 3572 4884; baseline 0.001 -16"><span class='ocrx_word' id='word_1_752' title='bbox 1991 4816 2397 4883; x_wconf 81' lang='lat' dir='ltr'><strong>expeditionem</strong></span> <span class='ocrx_word' id='word_1_753' title='bbox 2429 4816 2550 4869; x_wconf 89' lang='lat' dir='ltr'><strong>sine</strong></span> <span class='ocrx_word' id='word_1_754' title='bbox 2584 4829 2737 4868; x_wconf 90' lang='lat' dir='ltr'><strong>mora</strong></span> <span class='ocrx_word' id='word_1_755' title='bbox 2767 4816 3185 4884; x_wconf 86' lang='lat' dir='ltr'><strong>capessendam,</strong></span> <span class='ocrx_word' id='word_1_756' title='bbox 3233 4831 3572 4871; x_wconf 85' lang='lat' dir='ltr'><strong>commemo-</strong></span> 
     </span>
    </p>
   </div>
   <div class='ocr_carea' id='block_1_108' title="bbox 1996 4902 3573 4979">
    <p class='ocr_par' dir='ltr' id='par_1_108' title="bbox 1996 4902 3573 4979">
     <span class='ocr_line' id='line_1_108' title="bbox 1996 4902 3573 4979; baseline 0.001 -20"><span class='ocrx_word' id='word_1_757' title='bbox 1996 4909 2253 4963; x_wconf 76' lang='lat' dir='ltr'><strong>randoct</strong></span> <span class='ocrx_word' id='word_1_758' title='bbox 2303 4902 2684 4979; x_wconf 77' lang='lat' dir='ltr'><strong>tempestatem</strong></span> <span class='ocrx_word' id='word_1_759' title='bbox 2740 4923 2865 4961; x_wconf 86' lang='lat' dir='ltr'><strong>esse</strong></span> <span class='ocrx_word' id='word_1_760' title='bbox 2911 4909 3237 4976; x_wconf 80' lang='lat' dir='ltr'><strong>profectioni</strong></span> <span class='ocrx_word' id='word_1_761' title='bbox 3300 4919 3482 4978; x_wconf 88' lang='lat' dir='ltr'><strong>aptam</strong></span> <span class='ocrx_word' id='word_1_762' title='bbox 3519 4919 3573 4962; x_wconf 89' lang='lat' dir='ltr'><strong>et</strong></span> 
     </span>
    </p>
   </div>
   <div class='ocr_carea' id='block_1_109' title="bbox 1995 5002 3573 5071">
    <p class='ocr_par' dir='ltr' id='par_1_109' title="bbox 1995 5002 3573 5071">
     <span class='ocr_line' id='line_1_109' title="bbox 1995 5002 3573 5071; baseline 0.002 -16"><span class='ocrx_word' id='word_1_763' title='bbox 1995 5009 2282 5055; x_wconf 80' lang='lat' dir='ltr'><strong>numerata</strong></span> <span class='ocrx_word' id='word_1_764' title='bbox 2311 5002 2588 5056; x_wconf 66' lang='lat' dir='ltr'><strong>cumulate</strong></span> <span class='ocrx_word' id='word_1_765' title='bbox 2647 5002 2921 5071; x_wconf 88' lang='lat' dir='ltr'><strong>stipendia</strong></span> <span class='ocrx_word' id='word_1_766' title='bbox 2980 5015 3286 5071; x_wconf 85' lang='lat' dir='ltr'><strong>omnesque</strong></span> <span class='ocrx_word' id='word_1_767' title='bbox 3350 5018 3573 5058; x_wconf 78' lang='lat' dir='ltr'><strong>recusa-</strong></span> 
     </span>
    </p>
   </div>
   <div class='ocr_carea' id='block_1_110' title="bbox 1994 5094 3570 5169">
    <p class='ocr_par' dir='ltr' id='par_1_110' title="bbox 1994 5094 3570 5169">
     <span class='ocr_line' id='line_1_110' title="bbox 1994 5094 3570 5169; baseline 0.004 -23"><span class='ocrx_word' id='word_1_768' title='bbox 1994 5094 2164 5150; x_wconf 84' lang='lat' dir='ltr'><strong>tionis</strong></span> <span class='ocrx_word' id='word_1_769' title='bbox 2194 5112 2259 5152; x_wconf 84' lang='lat' dir='ltr'><strong>ac</strong></span> <span class='ocrx_word' id='word_1_770' title='bbox 2290 5097 2574 5151; x_wconf 83' lang='lat' dir='ltr'><strong>dilationis</strong></span> <span class='ocrx_word' id='word_1_771' title='bbox 2613 5106 2829 5151; x_wconf 81' lang='lat' dir='ltr'><strong>amotas</strong></span> <span class='ocrx_word' id='word_1_772' title='bbox 2860 5097 3030 5169; x_wconf 65' lang='grc'><strong>422</strong></span> <span class='ocrx_word' id='word_1_773' title='bbox 3067 5113 3293 5154; x_wconf 82' lang='lat' dir='ltr'><strong>causas.</strong></span> <span class='ocrx_word' id='word_1_774' title='bbox 3327 5100 3570 5168; x_wconf 81' lang='lat' dir='ltr'><strong>Appulsa</strong></span> 
     </span>
    </p>
   </div>
   <div class='ocr_carea' id='block_1_111' title="bbox 1994 5185 3572 5258">
    <p class='ocr_par' dir='ltr' id='par_1_111' title="bbox 1994 5185 3572 5258">
     <span class='ocr_line' id='line_1_111' title="bbox 1994 5185 3572 5258; baseline 0.006 -21"><span class='ocrx_word' id='word_1_775' title='bbox 1994 5185 2123 5241; x_wconf 87' lang='lat' dir='ltr'><strong>illuc</strong></span> <span class='ocrx_word' id='word_1_776' title='bbox 2165 5197 2289 5255; x_wconf 81' lang='lat' dir='ltr'><strong>past</strong></span> <span class='ocrx_word' id='word_1_777' title='bbox 2346 5189 2466 5243; x_wconf 85' lang='lat' dir='ltr'><strong>dies</strong></span> <span class='ocrx_word' id='word_1_778' title='bbox 2520 5189 2731 5258; x_wconf 83' lang='lat' dir='ltr'><strong>aliquot</strong></span> <span class='ocrx_word' id='word_1_779' title='bbox 2768 5199 3020 5243; x_wconf 86' lang='lat' dir='ltr'><strong>matrona</strong></span> <span class='ocrx_word' id='word_1_780' title='bbox 3059 5191 3199 5246; x_wconf 88' lang='lat' dir='ltr'><strong>nihil</strong></span> <span class='ocrx_word' id='word_1_781' title='bbox 3251 5194 3443 5248; x_wconf 90' lang='lat' dir='ltr'><strong>omisit</strong></span> <span class='ocrx_word' id='word_1_782' title='bbox 3483 5194 3572 5247; x_wconf 86' lang='lat' dir='ltr'><strong>illa</strong></span> 
     </span>
    </p>
   </div>
   <div class='ocr_carea' id='block_1_112' title="bbox 1994 5278 3572 5353">
    <p class='ocr_par' dir='ltr' id='par_1_112' title="bbox 1994 5278 3572 5353">
     <span class='ocr_line' id='line_1_112' title="bbox 1994 5278 3572 5353; baseline 0.005 -21"><span class='ocrx_word' id='word_1_783' title='bbox 1994 5278 2213 5347; x_wconf 86' lang='lat' dir='ltr'><strong>quidem</strong></span> <span class='ocrx_word' id='word_1_784' title='bbox 2270 5280 2410 5339; x_wconf 81' lang='lat' dir='ltr'><strong>altis</strong></span> <span class='ocrx_word' id='word_1_785' title='bbox 2464 5296 2529 5334; x_wconf 86' lang='lat' dir='ltr'><strong>ac</strong></span> <span class='ocrx_word' id='word_1_786' title='bbox 2579 5283 2954 5337; x_wconf 81' lang='lat' dir='ltr'><strong>contentionis</strong></span> <span class='ocrx_word' id='word_1_787' title='bbox 2992 5286 3046 5337; x_wconf 86' lang='lat' dir='ltr'><strong>in</strong></span> <span class='ocrx_word' id='word_1_788' title='bbox 3105 5288 3390 5341; x_wconf 85' lang='lat' dir='ltr'><strong>suadendo</strong></span> <span class='ocrx_word' id='word_1_789' title='bbox 3425 5287 3572 5353; x_wconf 82' lang='lat' dir='ltr'><strong>quod</strong></span> 
     </span>
    </p>
   </div>
   <div class='ocr_carea' id='block_1_113' title="bbox 1996 5373 3582 5445">
    <p class='ocr_par' dir='ltr' id='par_1_113' title="bbox 1996 5373 3582 5445">
     <span class='ocr_line' id='line_1_113' title="bbox 1996 5373 3582 5445; baseline 0.003 -19"><span class='ocrx_word' id='word_1_790' title='bbox 1996 5387 2084 5426; x_wconf 87' lang='lat' dir='ltr'><strong>res</strong></span> <span class='ocrx_word' id='word_1_791' title='bbox 2111 5373 2373 5439; x_wconf 80' lang='lat' dir='ltr'><strong>poscebat</strong></span> <span class='ocrx_word' id='word_1_792' title='bbox 2412 5379 2467 5426; x_wconf 91' lang='lat' dir='ltr'><strong>et</strong></span> <span class='ocrx_word' id='word_1_793' title='bbox 2526 5373 2793 5442; x_wconf 81' lang='lat' dir='ltr'><strong>cupiebat</strong></span> <span class='ocrx_word' id='word_1_794' title='bbox 2844 5376 3180 5445; x_wconf 86' lang='lat' dir='ltr'><strong>imperator:</strong></span> <span class='ocrx_word' id='word_1_795' title='bbox 3214 5393 3399 5432; x_wconf 88' lang='lat' dir='ltr'><strong>verum</strong></span> <span class='ocrx_word' id='word_1_796' title='bbox 3456 5373 3582 5432; x_wconf 79' lang='lat' dir='ltr'><strong>Itali</strong></span> 
     </span>
    </p>
   </div>
   <div class='ocr_carea' id='block_1_114' title="bbox 1994 5467 3574 5538">
    <p class='ocr_par' dir='ltr' id='par_1_114' title="bbox 1994 5467 3574 5538">
     <span class='ocr_line' id='line_1_114' title="bbox 1994 5467 3574 5538; baseline 0.003 -22"><span class='ocrx_word' id='word_1_797' title='bbox 1994 5477 2187 5517; x_wconf 86' lang='lat' dir='ltr'><strong>rursus</strong></span> <span class='ocrx_word' id='word_1_798' title='bbox 2218 5472 2533 5529; x_wconf 59' lang='lat' dir='ltr'><strong>quaerentes</strong></span> <span class='ocrx_word' id='word_1_799' title='bbox 2594 5475 2891 5533; x_wconf 65' lang='lat' dir='ltr'><strong>prtctcxtns</strong></span> <span class='ocrx_word' id='word_1_800' title='bbox 2923 5467 3164 5525; x_wconf 61' lang='lat' dir='ltr'><strong>inserendi</strong></span> <span class='ocrx_word' id='word_1_801' title='bbox 3220 5479 3376 5538; x_wconf 80' lang='lat' dir='ltr'><strong>grato</strong></span> <span class='ocrx_word' id='word_1_802' title='bbox 3436 5470 3574 5537; x_wconf 82' lang='lat' dir='ltr'><strong>ipsis</strong></span> 
     </span>
    </p>
   </div>
   <div class='ocr_carea' id='block_1_115' title="bbox 1996 5554 3575 5635">
    <p class='ocr_par' dir='ltr' id='par_1_115' title="bbox 1996 5554 3575 5635">
     <span class='ocr_line' id='line_1_115' title="bbox 1996 5554 3575 5635; baseline 0.004 -28"><span class='ocrx_word' id='word_1_803' title='bbox 1996 5554 2118 5609; x_wconf 91' lang='lat' dir='ltr'><strong>loco</strong></span> <span class='ocrx_word' id='word_1_804' title='bbox 2173 5554 2323 5635; x_wconf 59' lang='lat' dir='ltr'><strong>rixas</strong></span> <span class='ocrx_word' id='word_1_805' title='bbox 2361 5570 2485 5609; x_wconf 89' lang='lat' dir='ltr'><strong>cum</strong></span> <span class='ocrx_word' id='word_1_806' title='bbox 2551 5557 2744 5611; x_wconf 87' lang='lat' dir='ltr'><strong>Alanis</strong></span> <span class='ocrx_word' id='word_1_807' title='bbox 2777 5559 3061 5626; x_wconf 69' lang='lat' dir='ltr'><strong>serebant,</strong></span> <span class='ocrx_word' id='word_1_808' title='bbox 3102 5561 3388 5614; x_wconf 84' lang='lat' dir='ltr'><strong>irritantes</strong></span> <span class='ocrx_word' id='word_1_809' title='bbox 3423 5560 3575 5630; x_wconf 83' lang='lat' dir='ltr'><strong>ipsos</strong></span> 
     </span>
    </p>
   </div>
   <div class='ocr_carea' id='block_1_116' title="bbox 1994 5654 3645 5727">
    <p class='ocr_par' dir='ltr' id='par_1_116' title="bbox 1994 5654 3645 5727">
     <span class='ocr_line' id='line_1_116' title="bbox 1994 5654 3645 5727; baseline 0.002 -24"><span class='ocrx_word' id='word_1_810' title='bbox 1994 5656 2317 5716; x_wconf 86' lang='lat' dir='ltr'><strong>contemptu</strong></span> <span class='ocrx_word' id='word_1_811' title='bbox 2399 5657 2454 5703; x_wconf 87' lang='lat' dir='ltr'><strong>et</strong></span> <span class='ocrx_word' id='word_1_812' title='bbox 2505 5654 2877 5719; x_wconf 64' lang='lat' dir='ltr'><strong>contumeliis,</strong></span> <span class='ocrx_word' id='word_1_813' title='bbox 2942 5655 3107 5725; x_wconf 82' lang='lat' dir='ltr'><strong>idque</strong></span> <span class='ocrx_word' id='word_1_814' title='bbox 3192 5654 3577 5722; x_wconf 81' lang='lat' dir='ltr'><strong>intempestive</strong></span> <span class='ocrx_word' id='word_1_815' title='bbox 3635 5716 3645 5727; x_wconf 42' lang='grc'><strong><em>⁸</em></strong></span> 
     </span>
    </p>
   </div>
   <div class='ocr_carea' id='block_1_117' title="bbox 1997 5744 3579 5810">
    <p class='ocr_par' dir='ltr' id='par_1_117' title="bbox 1997 5744 3579 5810">
     <span class='ocr_line' id='line_1_117' title="bbox 1997 5744 3579 5810; baseline 0.004 -16"><span class='ocrx_word' id='word_1_816' title='bbox 1997 5754 2129 5795; x_wconf 88' lang='lat' dir='ltr'><strong>sane</strong></span> <span class='ocrx_word' id='word_1_817' title='bbox 2164 5747 2414 5810; x_wconf 71' lang='lat' dir='ltr'><strong>,agentcs</strong></span> <span class='ocrx_word' id='word_1_818' title='bbox 2477 5752 2537 5798; x_wconf 92' lang='lat' dir='ltr'><strong>ut</strong></span> <span class='ocrx_word' id='word_1_819' title='bbox 2602 5744 2746 5799; x_wconf 91' lang='lat' dir='ltr'><strong>bello</strong></span> <span class='ocrx_word' id='word_1_820' title='bbox 2810 5745 2956 5800; x_wconf 87' lang='lat' dir='ltr'><strong>civili</strong></span> <span class='ocrx_word' id='word_1_821' title='bbox 3016 5746 3159 5802; x_wconf 86' lang='lat' dir='ltr'><strong>vires</strong></span> <span class='ocrx_word' id='word_1_822' title='bbox 3224 5746 3579 5800; x_wconf 81' lang='lat' dir='ltr'><strong>absumerent</strong></span> 
     </span>
    </p>
   </div>
  </div>
