  <div class='ocr_page' id='page_1' title='image "/cluster/home/n/w/nwhite01/storage/ocr_20150623/144:no.2/coo.31924054870492/241.png"; bbox 0 0 4024 6424; ppageno 0'>
   <div class='ocr_carea' id='block_1_1' title="bbox 439 490 547 555">
    <p class='ocr_par' dir='ltr' id='par_1_1' title="bbox 439 490 547 555">
     <span class='ocr_line' id='line_1_1' title="bbox 439 490 547 555; baseline 0.009 -2"><span class='ocrx_word' id='word_1_1' title='bbox 439 490 547 555; x_wconf 66' lang='grc'><strong>467</strong></span> 
     </span>
    </p>
   </div>
   <div class='ocr_carea' id='block_1_2' title="bbox 1681 493 2534 558">
    <p class='ocr_par' dir='ltr' id='par_1_2' title="bbox 1681 493 2534 558">
     <span class='ocr_line' id='line_1_2' title="bbox 1681 493 2534 558; baseline 0 -2"><span class='ocrx_word' id='word_1_2' title='bbox 1681 493 2006 556; x_wconf 83' lang='lat' dir='ltr'><strong>GEORGII</strong></span> <span class='ocrx_word' id='word_1_3' title='bbox 2053 497 2354 558; x_wconf 85' lang='lat' dir='ltr'><strong>PACHYM</strong></span> <span class='ocrx_word' id='word_1_4' title='bbox 2369 497 2534 558; x_wconf 60' lang='lat' dir='ltr'><strong>ERE</strong></span> 
     </span>
    </p>
   </div>
   <div class='ocr_carea' id='block_1_3' title="bbox 3591 478 3694 542">
    <p class='ocr_par' dir='ltr' id='par_1_3' title="bbox 3591 478 3694 542">
     <span class='ocr_line' id='line_1_3' title="bbox 3591 478 3694 542; baseline 0 0"><span class='ocrx_word' id='word_1_5' title='bbox 3591 478 3694 542; x_wconf 58' lang='lat'><strong>468</strong></span> 
     </span>
    </p>
   </div>
   <div class='ocr_carea' id='block_1_4' title="bbox 439 592 3698 683">
    <p class='ocr_par' dir='ltr' id='par_1_4' title="bbox 439 592 3698 683">
     <span class='ocr_line' id='line_1_4' title="bbox 439 592 3698 683; baseline -0.005 -22"><span class='ocrx_word' id='word_1_6' title='bbox 439 608 547 676; x_wconf 77' lang='grc' dir='ltr'>χρὴ</span> <span class='ocrx_word' id='word_1_7' title='bbox 582 607 886 675; x_wconf 76' lang='grc' dir='ltr'><strong>πιστεύειν,</strong></span> <span class='ocrx_word' id='word_1_8' title='bbox 921 607 1018 662; x_wconf 88' lang='grc' dir='ltr'><strong>καί</strong></span> <span class='ocrx_word' id='word_1_9' title='bbox 1049 624 1160 661; x_wconf 89' lang='grc' dir='ltr'>τισι</span> <span class='ocrx_word' id='word_1_10' title='bbox 1206 607 1274 660; x_wconf 80' lang='grc' dir='ltr'>δι’</span> <span class='ocrx_word' id='word_1_11' title='bbox 1305 606 1543 678; x_wconf 79' lang='grc' dir='ltr'><strong>ἀγχόνης</strong></span> <span class='ocrx_word' id='word_1_12' title='bbox 1571 610 1737 679; x_wconf 84' lang='grc' dir='ltr'>μόρον</span> <span class='ocrx_word' id='word_1_13' title='bbox 1767 608 1910 662; x_wconf 82' lang='grc' dir='ltr'><strong>κατά</strong></span> <span class='ocrx_word' id='word_1_14' title='bbox 1937 608 2026 661; x_wconf 68' lang='grc' dir='ltr'><strong>τδν</strong></span> <span class='ocrx_word' id='word_1_15' title='bbox 2058 613 2098 670; x_wconf 82' lang='grc' dir='ltr'><strong>Α</strong></span> <span class='ocrx_word' id='word_1_16' title='bbox 2134 611 2222 683; x_wconf 81' lang='grc' dir='ltr'><strong>ριξ</strong></span> <span class='ocrx_word' id='word_1_17' title='bbox 2247 613 2487 682; x_wconf 80' lang='grc' dir='ltr'>φρούρια</span> <span class='ocrx_word' id='word_1_18' title='bbox 2527 610 2587 674; x_wconf 78' lang='grc' dir='ltr'>ἐξ</span> <span class='ocrx_word' id='word_1_19' title='bbox 2619 603 2910 676; x_wconf 68' lang='grc' dir='ltr'>ὁμολογίας</span> <span class='ocrx_word' id='word_1_20' title='bbox 2931 598 3018 654; x_wconf 78' lang='grc' dir='ltr'>διὰ</span> <span class='ocrx_word' id='word_1_21' title='bbox 3049 597 3148 667; x_wconf 80' lang='grc' dir='ltr'><strong>τὴν</strong></span> <span class='ocrx_word' id='word_1_22' title='bbox 3195 593 3435 660; x_wconf 82' lang='grc' dir='ltr'>ἀνάγκην</span> <span class='ocrx_word' id='word_1_23' title='bbox 3474 592 3698 660; x_wconf 78' lang='grc' dir='ltr'>Πέρσαις</span> 
     </span>
    </p>
   </div>
   <div class='ocr_carea' id='block_1_5' title="bbox 438 699 2020 770">
    <p class='ocr_par' dir='ltr' id='par_1_5' title="bbox 438 699 2020 770">
     <span class='ocr_line' id='line_1_5' title="bbox 438 699 2020 770; baseline 0 -18"><span class='ocrx_word' id='word_1_24' title='bbox 438 699 644 769; x_wconf 83' lang='grc' dir='ltr'>τρόπον</span> <span class='ocrx_word' id='word_1_25' title='bbox 673 701 781 753; x_wconf 84' lang='grc' dir='ltr'><strong>τῶν</strong></span> <span class='ocrx_word' id='word_1_26' title='bbox 805 700 1028 754; x_wconf 82' lang='grc' dir='ltr'><strong>Ἰταλῶν</strong></span> <span class='ocrx_word' id='word_1_27' title='bbox 1064 699 1266 768; x_wconf 81' lang='grc' dir='ltr'>ὲπῆξεν</span> <span class='ocrx_word' id='word_1_28' title='bbox 1296 703 1324 753; x_wconf 84' lang='grc' dir='ltr'>ὁ</span> <span class='ocrx_word' id='word_1_29' title='bbox 1355 701 1758 770; x_wconf 81' lang='grc' dir='ltr'>ἀφηγούμενος,</span> <span class='ocrx_word' id='word_1_30' title='bbox 1799 700 1858 752; x_wconf 85' lang='grc' dir='ltr'>οὺ</span> <span class='ocrx_word' id='word_1_31' title='bbox 1888 699 2020 768; x_wconf 85' lang='grc' dir='ltr'>παρ’</span> 
     </span>
    </p>
   </div>
   <div class='ocr_carea' id='block_1_6' title="bbox 443 791 2022 862">
    <p class='ocr_par' dir='ltr' id='par_1_6' title="bbox 443 791 2022 862">
     <span class='ocr_line' id='line_1_6' title="bbox 443 791 2022 862; baseline -0.001 -18"><span class='ocrx_word' id='word_1_32' title='bbox 443 792 574 844; x_wconf 77' lang='grc' dir='ltr'>ἄλλο</span> <span class='ocrx_word' id='word_1_33' title='bbox 617 811 670 847; x_wconf 89' lang='grc' dir='ltr'><strong>τι</strong></span> <span class='ocrx_word' id='word_1_34' title='bbox 723 794 754 862; x_wconf 82' lang='grc' dir='ltr'>ἢ</span> <span class='ocrx_word' id='word_1_35' title='bbox 803 793 862 846; x_wconf 79' lang='grc' dir='ltr'>τὸ</span> <span class='ocrx_word' id='word_1_36' title='bbox 906 793 1080 846; x_wconf 79' lang='grc' dir='ltr'>θέλειν</span> <span class='ocrx_word' id='word_1_37' title='bbox 1113 794 1355 855; x_wconf 76' lang='grc' dir='ltr'><strong>ἐκείνους</strong></span> <span class='ocrx_word' id='word_1_38' title='bbox 1410 795 1720 862; x_wconf 83' lang='grc' dir='ltr'><strong>περιποιεῖν</strong></span> <span class='ocrx_word' id='word_1_39' title='bbox 1760 791 2022 860; x_wconf 77' lang='grc' dir='ltr'>σφέτερα.</span> 
     </span>
    </p>
   </div>
   <div class='ocr_carea' id='block_1_7' title="bbox 453 883 2026 956">
    <p class='ocr_par' dir='ltr' id='par_1_7' title="bbox 453 883 2026 956">
     <span class='ocr_line' id='line_1_7' title="bbox 453 883 2026 956; baseline -0.003 -18"><span class='ocrx_word' id='word_1_40' title='bbox 453 885 512 938; x_wconf 89' lang='lat'><strong>&#39;0</strong></span> <span class='ocrx_word' id='word_1_41' title='bbox 538 885 591 938; x_wconf 78' lang='grc' dir='ltr'>δὲ</span> <span class='ocrx_word' id='word_1_42' title='bbox 619 885 717 938; x_wconf 81' lang='grc' dir='ltr'>εἴτ’</span> <span class='ocrx_word' id='word_1_43' title='bbox 743 886 1082 956; x_wconf 80' lang='grc' dir='ltr'><strong>ἀμυνόμενος</strong></span> <span class='ocrx_word' id='word_1_44' title='bbox 1113 883 1341 937; x_wconf 81' lang='grc' dir='ltr'>αὐτόθεν</span> <span class='ocrx_word' id='word_1_45' title='bbox 1371 883 1481 936; x_wconf 80' lang='grc' dir='ltr'>εἴτε</span> <span class='ocrx_word' id='word_1_46' title='bbox 1515 884 1623 953; x_wconf 84' lang='grc' dir='ltr'><strong>μὴν</strong></span> <span class='ocrx_word' id='word_1_47' title='bbox 1641 884 1734 936; x_wconf 69' lang='grc' dir='ltr'><strong>καὶ</strong></span> <span class='ocrx_word' id='word_1_48' title='bbox 1763 885 1891 946; x_wconf 81' lang='grc' dir='ltr'>τοὺς</span> <span class='ocrx_word' id='word_1_49' title='bbox 1913 884 2026 935; x_wconf 78' lang='grc' dir='ltr'>λοι-</span> 
     </span>
    </p>
   </div>
   <div class='ocr_carea' id='block_1_8' title="bbox 443 975 2027 1045">
    <p class='ocr_par' dir='ltr' id='par_1_8' title="bbox 443 975 2027 1045">
     <span class='ocr_line' id='line_1_8' title="bbox 443 975 2027 1045; baseline -0.001 -17"><span class='ocrx_word' id='word_1_50' title='bbox 443 979 580 1040; x_wconf 74' lang='grc' dir='ltr'>ποὺς</span> <span class='ocrx_word' id='word_1_51' title='bbox 605 977 996 1045; x_wconf 86' lang='grc' dir='ltr'>δεδιττόμενος,</span> <span class='ocrx_word' id='word_1_52' title='bbox 1035 977 1129 1030; x_wconf 78' lang='grc' dir='ltr'>καὶ</span> <span class='ocrx_word' id='word_1_53' title='bbox 1165 977 1268 1030; x_wconf 80' lang='grc' dir='ltr'>ὑπὸ</span> <span class='ocrx_word' id='word_1_54' title='bbox 1296 976 1425 1038; x_wconf 75' lang='grc' dir='ltr'>τοὺς</span> <span class='ocrx_word' id='word_1_55' title='bbox 1459 976 1690 1040; x_wconf 79' lang='grc' dir='ltr'>δώδεκα,</span> <span class='ocrx_word' id='word_1_56' title='bbox 1727 976 1799 1038; x_wconf 86' lang='grc' dir='ltr'>ὼς</span> <span class='ocrx_word' id='word_1_57' title='bbox 1835 975 2027 1042; x_wconf 74' lang='grc' dir='ltr'>ἐλέγε-</span> 
     </span>
    </p>
   </div>
   <div class='ocr_carea' id='block_1_9' title="bbox 442 1066 2030 1140">
    <p class='ocr_par' dir='ltr' id='par_1_9' title="bbox 442 1066 2030 1140">
     <span class='ocr_line' id='line_1_9' title="bbox 442 1066 2030 1140; baseline -0.001 -20"><span class='ocrx_word' id='word_1_58' title='bbox 442 1085 524 1133; x_wconf 86' lang='grc' dir='ltr'><strong>το,</strong></span> <span class='ocrx_word' id='word_1_59' title='bbox 554 1069 946 1140; x_wconf 79' lang='grc' dir='ltr'>ἀπηγχόνισεν,</span> <span class='ocrx_word' id='word_1_60' title='bbox 981 1069 1116 1122; x_wconf 85' lang='grc' dir='ltr'>ὅπου</span> <span class='ocrx_word' id='word_1_61' title='bbox 1152 1085 1216 1136; x_wconf 89' lang='grc' dir='ltr'><strong>γε</strong></span> <span class='ocrx_word' id='word_1_62' title='bbox 1250 1069 1348 1122; x_wconf 60' lang='grc' dir='ltr'><strong>καὶ⁹</strong></span> <span class='ocrx_word' id='word_1_63' title='bbox 1397 1067 1562 1121; x_wconf 67' lang='grc' dir='ltr'>αὑτὸν</span> <span class='ocrx_word' id='word_1_64' title='bbox 1587 1068 1679 1120; x_wconf 80' lang='grc' dir='ltr'><strong>τὸν</strong></span> <span class='ocrx_word' id='word_1_65' title='bbox 1709 1067 1862 1134; x_wconf 68' lang='grc' dir='ltr'>σφῶν</span> <span class='ocrx_word' id='word_1_66' title='bbox 1905 1066 2030 1135; x_wconf 80' lang='grc' dir='ltr'><strong>ἐξη-</strong></span> 
     </span>
    </p>
   </div>
   <div class='ocr_carea' id='block_1_10' title="bbox 443 1158 2030 1230">
    <p class='ocr_par' dir='ltr' id='par_1_10' title="bbox 443 1158 2030 1230">
     <span class='ocr_line' id='line_1_10' title="bbox 443 1158 2030 1230; baseline -0.001 -18"><span class='ocrx_word' id='word_1_67' title='bbox 443 1160 541 1226; x_wconf 83' lang='grc' dir='ltr'>γού</span> <span class='ocrx_word' id='word_1_68' title='bbox 552 1177 732 1230; x_wconf 75' lang='grc' dir='ltr'>μενον,</span> <span class='ocrx_word' id='word_1_69' title='bbox 757 1161 924 1229; x_wconf 81' lang='grc' dir='ltr'>ἄνδρα</span> <span class='ocrx_word' id='word_1_70' title='bbox 951 1160 1173 1230; x_wconf 73' lang='grc' dir='ltr'>ἀρεῖκὸν</span> <span class='ocrx_word' id='word_1_71' title='bbox 1207 1161 1270 1212; x_wconf 80' lang='grc' dir='ltr'>ἐκ</span> <span class='ocrx_word' id='word_1_72' title='bbox 1292 1159 1620 1227; x_wconf 86' lang='grc' dir='ltr'>Βουλγάρων</span> <span class='ocrx_word' id='word_1_73' title='bbox 1646 1158 1744 1211; x_wconf 75' lang='grc' dir='ltr'>καὶ</span> <span class='ocrx_word' id='word_1_74' title='bbox 1772 1159 1948 1229; x_wconf 77' lang='grc' dir='ltr'>μέγαν</span> <span class='ocrx_word' id='word_1_75' title='bbox 1972 1158 2030 1224; x_wconf 77' lang='grc' dir='ltr'><strong>ὲξ</strong></span> 
     </span>
    </p>
   </div>
   <div class='ocr_carea' id='block_1_11' title="bbox 445 1252 2029 1323">
    <p class='ocr_par' dir='ltr' id='par_1_11' title="bbox 445 1252 2029 1323">
     <span class='ocr_line' id='line_1_11' title="bbox 445 1252 2029 1323; baseline 0 -17"><span class='ocrx_word' id='word_1_76' title='bbox 445 1253 778 1323; x_wconf 79' lang='grc' dir='ltr'>ἀξιωμάτων</span> <span class='ocrx_word' id='word_1_77' title='bbox 806 1254 1090 1318; x_wconf 79' lang='grc' dir='ltr'>τζαούσιον</span> <span class='ocrx_word' id='word_1_78' title='bbox 1127 1254 1219 1306; x_wconf 85' lang='grc' dir='ltr'><strong>τὸν</strong></span> <span class='ocrx_word' id='word_1_79' title='bbox 1247 1253 1682 1323; x_wconf 72' lang='grc' dir='ltr'>Χρανίσθλαϐον,</span> <span class='ocrx_word' id='word_1_80' title='bbox 1736 1252 1794 1305; x_wconf 85' lang='grc' dir='ltr'>ὃν</span> <span class='ocrx_word' id='word_1_81' title='bbox 1823 1255 1886 1306; x_wconf 82' lang='grc' dir='ltr'>ὲκ</span> <span class='ocrx_word' id='word_1_82' title='bbox 1934 1252 2029 1306; x_wconf 77' lang='grc' dir='ltr'>τοῦ</span> 
     </span>
    </p>
   </div>
   <div class='ocr_carea' id='block_1_12' title="bbox 434 1344 2033 1417">
    <p class='ocr_par' dir='ltr' id='par_1_12' title="bbox 434 1344 2033 1417">
     <span class='ocr_line' id='line_1_12' title="bbox 434 1344 2033 1417; baseline -0.002 -17"><span class='ocrx_word' id='word_1_83' title='bbox 434 1348 590 1400; x_wconf 78' lang='grc' dir='ltr'>κατὰ</span> <span class='ocrx_word' id='word_1_84' title='bbox 617 1347 706 1400; x_wconf 69' lang='grc' dir='ltr'>τὸν</span> <span class='ocrx_word' id='word_1_85' title='bbox 733 1346 1249 1417; x_wconf 77' lang='grc' dir='ltr'>Λαχανᾶνπολέμου</span> <span class='ocrx_word' id='word_1_86' title='bbox 1273 1348 1365 1398; x_wconf 78' lang='grc' dir='ltr'><strong>ἐπὶ</strong></span> <span class='ocrx_word' id='word_1_87' title='bbox 1391 1346 1612 1415; x_wconf 80' lang='grc' dir='ltr'>Μιχαὴλ</span> <span class='ocrx_word' id='word_1_88' title='bbox 1641 1344 1736 1398; x_wconf 80' lang='grc' dir='ltr'>τοῦ</span> <span class='ocrx_word' id='word_1_89' title='bbox 1768 1344 2033 1413; x_wconf 78' lang='grc' dir='ltr'>βασιλέως</span> 
     </span>
    </p>
   </div>
   <div class='ocr_carea' id='block_1_13' title="bbox 448 1437 2035 1508">
    <p class='ocr_par' dir='ltr' id='par_1_13' title="bbox 448 1437 2035 1508">
     <span class='ocr_line' id='line_1_13' title="bbox 448 1437 2035 1508; baseline -0.004 -17"><span class='ocrx_word' id='word_1_90' title='bbox 448 1439 646 1492; x_wconf 82' lang='grc' dir='ltr'>ἁλόντα</span> <span class='ocrx_word' id='word_1_91' title='bbox 705 1439 797 1494; x_wconf 77' lang='grc' dir='ltr'>καὶ</span> <span class='ocrx_word' id='word_1_92' title='bbox 840 1441 1059 1508; x_wconf 81' lang='grc' dir='ltr'>δεσμοῖς</span> <span class='ocrx_word' id='word_1_93' title='bbox 1098 1439 1181 1506; x_wconf 79' lang='grc' dir='ltr'><strong>ἐφ’</strong></span> <span class='ocrx_word' id='word_1_94' title='bbox 1218 1437 1438 1506; x_wconf 80' lang='grc' dir='ltr'>εἱρκτῆς</span> <span class='ocrx_word' id='word_1_95' title='bbox 1475 1437 1871 1506; x_wconf 82' lang='grc' dir='ltr'>συνισχημὲνον</span> <span class='ocrx_word' id='word_1_96' title='bbox 1906 1437 2035 1486; x_wconf 85' lang='grc' dir='ltr'>πολ-</span> 
     </span>
    </p>
   </div>
   <div class='ocr_carea' id='block_1_14' title="bbox 446 1525 2035 1600">
    <p class='ocr_par' dir='ltr' id='par_1_14' title="bbox 446 1525 2035 1600">
     <span class='ocr_line' id='line_1_14' title="bbox 446 1525 2035 1600; baseline -0.003 -18"><span class='ocrx_word' id='word_1_97' title='bbox 446 1530 560 1592; x_wconf 88' lang='grc' dir='ltr'>λοῖς</span> <span class='ocrx_word' id='word_1_98' title='bbox 586 1528 817 1600; x_wconf 78' lang='grc' dir='ltr'>ὕστερον</span> <span class='ocrx_word' id='word_1_99' title='bbox 844 1531 1056 1599; x_wconf 84' lang='grc' dir='ltr'>χρόνοις</span> <span class='ocrx_word' id='word_1_100' title='bbox 1097 1528 1354 1599; x_wconf 80' lang='grc' dir='ltr'>βασιλεὺς</span> <span class='ocrx_word' id='word_1_101' title='bbox 1382 1533 1479 1598; x_wconf 86' lang='grc' dir='ltr'><strong>τῆς</strong></span> <span class='ocrx_word' id='word_1_102' title='bbox 1513 1528 1740 1597; x_wconf 74' lang='grc' dir='ltr'>εἱρκτῆς</span> <span class='ocrx_word' id='word_1_103' title='bbox 1787 1525 2035 1579; x_wconf 74' lang='grc' dir='ltr'>ἐκϐαλὼν</span> 
     </span>
    </p>
   </div>
   <div class='ocr_carea' id='block_1_15' title="bbox 450 1618 2039 1692">
    <p class='ocr_par' dir='ltr' id='par_1_15' title="bbox 450 1618 2039 1692">
     <span class='ocr_line' id='line_1_15' title="bbox 450 1618 2039 1692; baseline -0.003 -18"><span class='ocrx_word' id='word_1_104' title='bbox 450 1624 542 1674; x_wconf 64' lang='grc' dir='ltr'><strong>καὶ¹</strong></span> <span class='ocrx_word' id='word_1_105' title='bbox 571 1623 814 1691; x_wconf 85' lang='grc' dir='ltr'>τιμήσας</span> <span class='ocrx_word' id='word_1_106' title='bbox 841 1621 918 1690; x_wconf 85' lang='grc' dir='ltr'><strong>τῷ</strong></span> <span class='ocrx_word' id='word_1_107' title='bbox 946 1621 1215 1692; x_wconf 82' lang='grc' dir='ltr'>ἀξιώματι</span> <span class='ocrx_word' id='word_1_108' title='bbox 1238 1625 1351 1684; x_wconf 84' lang='grc' dir='ltr'>τοῖς</span> <span class='ocrx_word' id='word_1_109' title='bbox 1379 1623 1494 1674; x_wconf 77' lang='grc' dir='ltr'>ἐκεῖ</span> <span class='ocrx_word' id='word_1_110' title='bbox 1533 1621 1758 1691; x_wconf 85' lang='grc' dir='ltr'>μέρεσιν</span> <span class='ocrx_word' id='word_1_111' title='bbox 1790 1619 1883 1672; x_wconf 68' lang='grc' dir='ltr'><strong>ἐπὶ</strong></span> <span class='ocrx_word' id='word_1_112' title='bbox 1911 1618 2039 1688; x_wconf 91' lang='grc' dir='ltr'>χρό-</span> 
     </span>
    </p>
   </div>
   <div class='ocr_carea' id='block_1_16' title="bbox 450 1708 2041 1785">
    <p class='ocr_par' dir='ltr' id='par_1_16' title="bbox 450 1708 2041 1785">
     <span class='ocr_line' id='line_1_16' title="bbox 450 1708 2041 1785; baseline -0.003 -19"><span class='ocrx_word' id='word_1_113' title='bbox 450 1731 562 1776; x_wconf 83' lang='grc' dir='ltr'>νοις</span> <span class='ocrx_word' id='word_1_114' title='bbox 598 1716 845 1785; x_wconf 74' lang='grc' dir='ltr'>ἁρχηγὺν</span> <span class='ocrx_word' id='word_1_115' title='bbox 885 1711 1022 1784; x_wconf 75' lang='grc' dir='ltr'>εἶχε,</span> <span class='ocrx_word' id='word_1_116' title='bbox 1070 1716 1165 1766; x_wconf 78' lang='grc' dir='ltr'><strong>καὶ</strong></span> <span class='ocrx_word' id='word_1_117' title='bbox 1206 1715 1369 1768; x_wconf 76' lang='grc' dir='ltr'>αὐτὸν</span> <span class='ocrx_word' id='word_1_118' title='bbox 1423 1714 1556 1780; x_wconf 80' lang='grc' dir='ltr'>γοῦν</span> <span class='ocrx_word' id='word_1_119' title='bbox 1587 1713 1801 1773; x_wconf 80' lang='grc' dir='ltr'>τοῦτον,</span> <span class='ocrx_word' id='word_1_120' title='bbox 1832 1711 1908 1774; x_wconf 85' lang='grc' dir='ltr'>ὡς</span> <span class='ocrx_word' id='word_1_121' title='bbox 1953 1708 2041 1762; x_wconf 81' lang='grc' dir='ltr'><strong>λέ-</strong></span> 
     </span>
    </p>
   </div>
   <div class='ocr_carea' id='block_1_17' title="bbox 453 1804 2039 1876">
    <p class='ocr_par' dir='ltr' id='par_1_17' title="bbox 453 1804 2039 1876">
     <span class='ocr_line' id='line_1_17' title="bbox 453 1804 2039 1876; baseline -0.004 -17"><span class='ocrx_word' id='word_1_122' title='bbox 453 1823 631 1872; x_wconf 82' lang='grc' dir='ltr'>γεται,</span> <span class='ocrx_word' id='word_1_123' title='bbox 663 1807 721 1872; x_wconf 74' lang='grc' dir='ltr'>ἐξ</span> <span class='ocrx_word' id='word_1_124' title='bbox 753 1805 970 1875; x_wconf 79' lang='grc' dir='ltr'>ἑτοίμου</span> <span class='ocrx_word' id='word_1_125' title='bbox 999 1809 1063 1876; x_wconf 79' lang='grc' dir='ltr'>τῇ</span> <span class='ocrx_word' id='word_1_126' title='bbox 1119 1806 1365 1876; x_wconf 81' lang='grc' dir='ltr'>μαχαίρᾳ</span> <span class='ocrx_word' id='word_1_127' title='bbox 1387 1805 1606 1876; x_wconf 85' lang='grc' dir='ltr'>τρώσας</span> <span class='ocrx_word' id='word_1_128' title='bbox 1646 1806 1758 1865; x_wconf 83' lang='grc' dir='ltr'>τοῖς</span> <span class='ocrx_word' id='word_1_129' title='bbox 1787 1804 2039 1871; x_wconf 88' lang='grc' dir='ltr'>ἀπαγχο-</span> 
     </span>
    </p>
   </div>
   <div class='ocr_carea' id='block_1_18' title="bbox 455 1894 2060 1970">
    <p class='ocr_par' dir='ltr' id='par_1_18' title="bbox 455 1894 2060 1970">
     <span class='ocr_line' id='line_1_18' title="bbox 455 1894 2060 1970; baseline -0.004 -19"><span class='ocrx_word' id='word_1_130' title='bbox 455 1901 663 1953; x_wconf 82' lang='grc' dir='ltr'>νίσουσι</span> <span class='ocrx_word' id='word_1_131' title='bbox 697 1899 1010 1970; x_wconf 82' lang='grc' dir='ltr'>παρεδίδου.</span> <span class='ocrx_word' id='word_1_132' title='bbox 1036 1898 1154 1952; x_wconf 71' lang='grc' dir='ltr'><strong>Κᾶν</strong></span> <span class='ocrx_word' id='word_1_133' title='bbox 1185 1901 1277 1951; x_wconf 71' lang='grc' dir='ltr'><strong>καὶ</strong></span> <span class='ocrx_word' id='word_1_134' title='bbox 1303 1897 1447 1951; x_wconf 80' lang='grc' dir='ltr'>τοῦτ’</span> <span class='ocrx_word' id='word_1_135' title='bbox 1483 1896 1749 1964; x_wconf 79' lang='grc' dir='ltr'>ἐγεγόνει,</span> <span class='ocrx_word' id='word_1_136' title='bbox 1794 1895 1843 1946; x_wconf 85' lang='grc' dir='ltr'><strong>εί</strong></span> <span class='ocrx_word' id='word_1_137' title='bbox 1879 1894 1952 1963; x_wconf 86' lang='grc' dir='ltr'>μή</span> <span class='ocrx_word' id='word_1_138' title='bbox 1977 1906 2060 1958; x_wconf 87' lang='grc' dir='ltr'>γε·</span> 
     </span>
    </p>
   </div>
   <div class='ocr_carea' id='block_1_19' title="bbox 458 1985 2036 2061">
    <p class='ocr_par' dir='ltr' id='par_1_19' title="bbox 458 1985 2036 2061">
     <span class='ocr_line' id='line_1_19' title="bbox 458 1985 2036 2061; baseline -0.006 -15"><span class='ocrx_word' id='word_1_139' title='bbox 458 1993 645 2046; x_wconf 84' lang='grc' dir='ltr'>πολλοὶ</span> <span class='ocrx_word' id='word_1_140' title='bbox 683 1993 776 2046; x_wconf 73' lang='grc' dir='ltr'>καὶ</span> <span class='ocrx_word' id='word_1_141' title='bbox 803 1993 941 2061; x_wconf 75' lang='grc' dir='ltr'>πρὸς</span> <span class='ocrx_word' id='word_1_142' title='bbox 973 1992 1214 2044; x_wconf 78' lang='grc' dir='ltr'>ἱκετείαν</span> <span class='ocrx_word' id='word_1_143' title='bbox 1246 1992 1515 2060; x_wconf 80' lang='grc' dir='ltr'>ἀξιόχρεῳ</span> <span class='ocrx_word' id='word_1_144' title='bbox 1543 1989 1683 2058; x_wconf 83' lang='grc' dir='ltr'>ὑπὲρ</span> <span class='ocrx_word' id='word_1_145' title='bbox 1706 1987 1799 2040; x_wconf 84' lang='grc' dir='ltr'>τοῦ</span> <span class='ocrx_word' id='word_1_146' title='bbox 1846 1985 2036 2050; x_wconf 70' lang='grc' dir='ltr'>ἀνδρὸς</span> 
     </span>
    </p>
   </div>
   <div class='ocr_carea' id='block_1_20' title="bbox 409 2077 2038 2154">
    <p class='ocr_par' dir='ltr' id='par_1_20' title="bbox 409 2077 2038 2154">
     <span class='ocr_line' id='line_1_20' title="bbox 409 2077 2038 2154; baseline -0.004 -19"><span class='ocrx_word' id='word_1_147' title='bbox 409 2121 418 2130; x_wconf 92' lang='grc'><em>.</em></span> <span class='ocrx_word' id='word_1_148' title='bbox 455 2085 553 2136; x_wconf 76' lang='grc' dir='ltr'><strong>οὐκ</strong></span> <span class='ocrx_word' id='word_1_149' title='bbox 593 2084 749 2152; x_wconf 83' lang='grc' dir='ltr'>ὀλίγα</span> <span class='ocrx_word' id='word_1_150' title='bbox 783 2085 1156 2154; x_wconf 84' lang='grc' dir='ltr'>προτείνοντες</span> <span class='ocrx_word' id='word_1_151' title='bbox 1179 2083 1364 2136; x_wconf 87' lang='grc' dir='ltr'>δίκαια</span> <span class='ocrx_word' id='word_1_152' title='bbox 1393 2082 1754 2150; x_wconf 76' lang='grc' dir='ltr'>ὲξηρήσαντο.</span> <span class='ocrx_word' id='word_1_153' title='bbox 1790 2077 2038 2131; x_wconf 78' lang='grc' dir='ltr'>Κάντεῦ-</span> 
     </span>
    </p>
   </div>
   <div class='ocr_carea' id='block_1_21' title="bbox 456 2169 2042 2247">
    <p class='ocr_par' dir='ltr' id='par_1_21' title="bbox 456 2169 2042 2247">
     <span class='ocr_line' id='line_1_21' title="bbox 456 2169 2042 2247; baseline -0.006 -18"><span class='ocrx_word' id='word_1_154' title='bbox 456 2178 549 2230; x_wconf 83' lang='grc' dir='ltr'><strong>θεν</strong></span> <span class='ocrx_word' id='word_1_155' title='bbox 589 2177 805 2247; x_wconf 77' lang='grc' dir='ltr'>Χλιαρὰ</span> <span class='ocrx_word' id='word_1_156' title='bbox 837 2175 1062 2230; x_wconf 85' lang='grc' dir='ltr'>διελθὼν</span> <span class='ocrx_word' id='word_1_157' title='bbox 1088 2175 1182 2228; x_wconf 76' lang='grc' dir='ltr'>καὶ</span> <span class='ocrx_word' id='word_1_158' title='bbox 1204 2175 1370 2228; x_wconf 81' lang='grc' dir='ltr'>τᾶλλα</span> <span class='ocrx_word' id='word_1_159' title='bbox 1398 2174 1498 2242; x_wconf 80' lang='grc' dir='ltr'>τὴν</span> <span class='ocrx_word' id='word_1_160' title='bbox 1525 2174 1620 2226; x_wconf 71' lang='grc' dir='ltr'><strong>ἐπὶ</strong></span> <span class='ocrx_word' id='word_1_161' title='bbox 1651 2169 2042 2235; x_wconf 78' lang='grc' dir='ltr'>Φιλαδελφείας</span> 
     </span>
    </p>
   </div>
   <div class='ocr_carea' id='block_1_22' title="bbox 457 2264 2044 2337">
    <p class='ocr_par' dir='ltr' id='par_1_22' title="bbox 457 2264 2044 2337">
     <span class='ocr_line' id='line_1_22' title="bbox 457 2264 2044 2337; baseline -0.003 -17"><span class='ocrx_word' id='word_1_162' title='bbox 457 2268 720 2322; x_wconf 75' lang='grc' dir='ltr'>ἔσπευδεν</span> <span class='ocrx_word' id='word_1_163' title='bbox 758 2269 1024 2337; x_wconf 78' lang='grc' dir='ltr'><strong>ἐσχάτως,</strong></span> <span class='ocrx_word' id='word_1_164' title='bbox 1057 2267 1130 2325; x_wconf 84' lang='grc' dir='ltr'><strong>ὡς</strong></span> <span class='ocrx_word' id='word_1_165' title='bbox 1176 2266 1398 2336; x_wconf 77' lang='grc' dir='ltr'>ἐρρέθη,</span> <span class='ocrx_word' id='word_1_166' title='bbox 1448 2265 1884 2318; x_wconf 82' lang='grc' dir='ltr'>κινδυνεύουσαν.</span> <span class='ocrx_word' id='word_1_167' title='bbox 1933 2264 2044 2315; x_wconf 84' lang='grc' dir='ltr'>Κά-</span> 
     </span>
    </p>
   </div>
   <div class='ocr_carea' id='block_1_23' title="bbox 459 2353 2042 2430">
    <p class='ocr_par' dir='ltr' id='par_1_23' title="bbox 459 2353 2042 2430">
     <span class='ocr_line' id='line_1_23' title="bbox 459 2353 2042 2430; baseline -0.006 -15"><span class='ocrx_word' id='word_1_168' title='bbox 459 2361 620 2430; x_wconf 78' lang='grc' dir='ltr'>πειδὴ</span> <span class='ocrx_word' id='word_1_169' title='bbox 653 2359 907 2428; x_wconf 80' lang='grc' dir='ltr'>ἡλίσκετο</span> <span class='ocrx_word' id='word_1_170' title='bbox 941 2359 1042 2430; x_wconf 80' lang='grc' dir='ltr'><strong>μὲν</strong></span> <span class='ocrx_word' id='word_1_171' title='bbox 1067 2359 1328 2429; x_wconf 85' lang='grc' dir='ltr'>Τρίπολις</span> <span class='ocrx_word' id='word_1_172' title='bbox 1359 2356 1464 2428; x_wconf 75' lang='grc' dir='ltr'><strong>πρὸ</strong></span> <span class='ocrx_word' id='word_1_173' title='bbox 1508 2357 1724 2428; x_wconf 81' lang='grc' dir='ltr'>καιροῦ,</span> <span class='ocrx_word' id='word_1_174' title='bbox 1753 2356 1821 2408; x_wconf 75' lang='grc' dir='ltr'>τὰ</span> <span class='ocrx_word' id='word_1_175' title='bbox 1855 2355 1911 2407; x_wconf 79' lang='grc' dir='ltr'><strong>δὲ</strong></span> <span class='ocrx_word' id='word_1_176' title='bbox 1945 2353 2042 2406; x_wconf 83' lang='grc' dir='ltr'><strong>πέ-</strong></span> 
     </span>
    </p>
   </div>
   <div class='ocr_carea' id='block_1_24' title="bbox 462 2531 2042 2607">
    <p class='ocr_par' dir='ltr' id='par_1_24' title="bbox 462 2531 2042 2607">
     <span class='ocr_line' id='line_1_24' title="bbox 462 2531 2042 2607; baseline -0.006 -17"><span class='ocrx_word' id='word_1_177' title='bbox 462 2544 658 2607; x_wconf 83' lang='lat' dir='ltr'><strong>laqueo</strong></span> <span class='ocrx_word' id='word_1_178' title='bbox 692 2538 758 2593; x_wconf 91' lang='lat' dir='ltr'><strong>de</strong></span> <span class='ocrx_word' id='word_1_179' title='bbox 791 2552 943 2592; x_wconf 72' lang='lat' dir='ltr'><strong>wore</strong></span> <span class='ocrx_word' id='word_1_180' title='bbox 974 2536 1232 2591; x_wconf 83' lang='lat' dir='ltr'><strong>Italorum</strong></span> <span class='ocrx_word' id='word_1_181' title='bbox 1265 2550 1456 2591; x_wconf 88' lang='lat' dir='ltr'><strong>necem</strong></span> <span class='ocrx_word' id='word_1_182' title='bbox 1487 2531 1818 2605; x_wconf 81' lang='lat' dir='ltr'><strong>quihusdam</strong></span> <span class='ocrx_word' id='word_1_183' title='bbox 1851 2543 2042 2585; x_wconf 91' lang='lat' dir='ltr'><strong>eorum</strong></span> 
     </span>
    </p>
   </div>
   <div class='ocr_carea' id='block_1_25' title="bbox 462 2624 2046 2697">
    <p class='ocr_par' dir='ltr' id='par_1_25' title="bbox 462 2624 2046 2697">
     <span class='ocr_line' id='line_1_25' title="bbox 462 2624 2046 2697; baseline -0.006 -11"><span class='ocrx_word' id='word_1_184' title='bbox 462 2633 665 2686; x_wconf 89' lang='lat' dir='ltr'><strong>ductor</strong></span> <span class='ocrx_word' id='word_1_185' title='bbox 721 2633 930 2693; x_wconf 88' lang='lat' dir='ltr'><strong>intulit,</strong></span> <span class='ocrx_word' id='word_1_186' title='bbox 976 2647 1084 2684; x_wconf 92' lang='lat' dir='ltr'><strong>non</strong></span> <span class='ocrx_word' id='word_1_187' title='bbox 1127 2631 1236 2683; x_wconf 88' lang='lat' dir='ltr'><strong>alia</strong></span> <span class='ocrx_word' id='word_1_188' title='bbox 1268 2629 1335 2684; x_wconf 90' lang='lat' dir='ltr'><strong>de</strong></span> <span class='ocrx_word' id='word_1_189' title='bbox 1363 2641 1533 2684; x_wconf 87' lang='lat' dir='ltr'><strong>causa</strong></span> <span class='ocrx_word' id='word_1_190' title='bbox 1565 2640 1732 2697; x_wconf 91' lang='lat' dir='ltr'><strong>quam</strong></span> <span class='ocrx_word' id='word_1_191' title='bbox 1781 2624 1927 2694; x_wconf 90' lang='lat' dir='ltr'><strong>quod</strong></span> <span class='ocrx_word' id='word_1_192' title='bbox 1958 2635 2046 2676; x_wconf 84' lang='lat' dir='ltr'><strong>res</strong></span> 
     </span>
    </p>
   </div>
   <div class='ocr_carea' id='block_1_26' title="bbox 463 2716 2048 2795">
    <p class='ocr_par' dir='ltr' id='par_1_26' title="bbox 463 2716 2048 2795">
     <span class='ocr_line' id='line_1_26' title="bbox 463 2716 2048 2795; baseline -0.008 -15"><span class='ocrx_word' id='word_1_193' title='bbox 463 2740 593 2781; x_wconf 86' lang='lat' dir='ltr'><strong>suas</strong></span> <span class='ocrx_word' id='word_1_194' title='bbox 650 2725 705 2778; x_wconf 92' lang='lat' dir='ltr'><strong>in</strong></span> <span class='ocrx_word' id='word_1_195' title='bbox 746 2725 926 2795; x_wconf 64' lang='lat' dir='ltr'><strong>praeda</strong></span> <span class='ocrx_word' id='word_1_196' title='bbox 962 2722 1186 2777; x_wconf 89' lang='lat' dir='ltr'><strong>Persica</strong></span> <span class='ocrx_word' id='word_1_197' title='bbox 1246 2722 1463 2792; x_wconf 86' lang='lat' dir='ltr'><strong>agnitas</strong></span> <span class='ocrx_word' id='word_1_198' title='bbox 1513 2732 1793 2775; x_wconf 91' lang='lat' dir='ltr'><strong>resumere</strong></span> <span class='ocrx_word' id='word_1_199' title='bbox 1859 2716 1936 2769; x_wconf 86' lang='lat' dir='ltr'><strong>illi</strong></span> <span class='ocrx_word' id='word_1_200' title='bbox 1984 2728 2048 2768; x_wconf 87' lang='lat' dir='ltr'><strong>ac</strong></span> 
     </span>
    </p>
   </div>
   <div class='ocr_carea' id='block_1_27' title="bbox 462 2805 2047 2881">
    <p class='ocr_par' dir='ltr' id='par_1_27' title="bbox 462 2805 2047 2881">
     <span class='ocr_line' id='line_1_27' title="bbox 462 2805 2047 2881; baseline -0.009 -8"><span class='ocrx_word' id='word_1_201' title='bbox 462 2817 569 2873; x_wconf 86' lang='lat' dir='ltr'><strong>sibi</strong></span> <span class='ocrx_word' id='word_1_202' title='bbox 615 2817 901 2872; x_wconf 89' lang='lat' dir='ltr'><strong>vindicare</strong></span> <span class='ocrx_word' id='word_1_203' title='bbox 948 2815 1274 2870; x_wconf 90' lang='lat' dir='ltr'><strong>voluissent.</strong></span> <span class='ocrx_word' id='word_1_204' title='bbox 1348 2810 1458 2866; x_wconf 85' lang='lat' dir='ltr'><strong>Sed</strong></span> <span class='ocrx_word' id='word_1_205' title='bbox 1521 2807 1789 2881; x_wconf 85' lang='lat' dir='ltr'><strong>quidquid</strong></span> <span class='ocrx_word' id='word_1_206' title='bbox 1846 2807 1919 2861; x_wconf 88' lang='lat' dir='ltr'><strong>sit</strong></span> <span class='ocrx_word' id='word_1_207' title='bbox 1978 2805 2047 2858; x_wconf 86' lang='lat' dir='ltr'><strong>de</strong></span> 
     </span>
    </p>
   </div>
   <div class='ocr_carea' id='block_1_28' title="bbox 461 2896 2049 2976">
    <p class='ocr_par' dir='ltr' id='par_1_28' title="bbox 461 2896 2049 2976">
     <span class='ocr_line' id='line_1_28' title="bbox 461 2896 2049 2976; baseline -0.009 -11"><span class='ocrx_word' id='word_1_208' title='bbox 461 2925 630 2965; x_wconf 88' lang='lat' dir='ltr'><strong>causa</strong></span> <span class='ocrx_word' id='word_1_209' title='bbox 666 2909 819 2975; x_wconf 86' lang='lat' dir='ltr'><strong>facti,</strong></span> <span class='ocrx_word' id='word_1_210' title='bbox 871 2908 940 2962; x_wconf 85' lang='lat' dir='ltr'><strong>de</strong></span> <span class='ocrx_word' id='word_1_211' title='bbox 976 2906 1124 2962; x_wconf 87' lang='lat' dir='ltr'><strong>facto</strong></span> <span class='ocrx_word' id='word_1_212' title='bbox 1155 2906 1376 2976; x_wconf 86' lang='lat' dir='ltr'><strong>quidem</strong></span> <span class='ocrx_word' id='word_1_213' title='bbox 1429 2896 1566 2958; x_wconf 79' lang='lat' dir='ltr'><strong>satis</strong></span> <span class='ocrx_word' id='word_1_214' title='bbox 1613 2909 1832 2957; x_wconf 88' lang='lat' dir='ltr'><strong>constat</strong></span> <span class='ocrx_word' id='word_1_215' title='bbox 1881 2898 2049 2968; x_wconf 58' lang='lat'><strong>[‘26</strong></span> 
     </span>
    </p>
   </div>
   <div class='ocr_carea' id='block_1_29' title="bbox 464 2989 2047 3061">
    <p class='ocr_par' dir='ltr' id='par_1_29' title="bbox 464 2989 2047 3061">
     <span class='ocr_line' id='line_1_29' title="bbox 464 2989 2047 3061; baseline -0.008 -8"><span class='ocrx_word' id='word_1_216' title='bbox 464 2999 788 3054; x_wconf 90' lang='lat' dir='ltr'><strong>testimonio</strong></span> <span class='ocrx_word' id='word_1_217' title='bbox 835 2998 1158 3061; x_wconf 90' lang='lat' dir='ltr'><strong>multorum,</strong></span> <span class='ocrx_word' id='word_1_218' title='bbox 1216 2997 1470 3051; x_wconf 86' lang='lat' dir='ltr'><strong>homines</strong></span> <span class='ocrx_word' id='word_1_219' title='bbox 1517 2993 1774 3048; x_wconf 75' lang='lat' dir='ltr'><strong>videlicet</strong></span> <span class='ocrx_word' id='word_1_220' title='bbox 1826 2989 2047 3045; x_wconf 75' lang='lat' dir='ltr'><strong>circiter</strong></span> 
     </span>
    </p>
   </div>
   <div class='ocr_carea' id='block_1_30' title="bbox 453 3083 2102 3160">
    <p class='ocr_par' dir='ltr' id='par_1_30' title="bbox 453 3083 2102 3160">
     <span class='ocr_line' id='line_1_30' title="bbox 453 3083 2102 3160; baseline -0.009 -12"><span class='ocrx_word' id='word_1_221' title='bbox 453 3091 763 3148; x_wconf 85' lang='lat' dir='ltr'><strong>duodecim</strong></span> <span class='ocrx_word' id='word_1_222' title='bbox 796 3089 959 3160; x_wconf 85' lang='lat' dir='ltr'><strong>jussu</strong></span> <span class='ocrx_word' id='word_1_223' title='bbox 992 3089 1153 3146; x_wconf 86' lang='lat' dir='ltr'><strong>ducis</strong></span> <span class='ocrx_word' id='word_1_224' title='bbox 1184 3089 1391 3158; x_wconf 83' lang='lat' dir='ltr'><strong>magni,</strong></span> <span class='ocrx_word' id='word_1_225' title='bbox 1425 3088 1542 3142; x_wconf 87' lang='lat' dir='ltr'><strong>sive</strong></span> <span class='ocrx_word' id='word_1_226' title='bbox 1569 3083 1890 3140; x_wconf 75' lang='lat' dir='ltr'><strong>ulciscentis</strong></span> <span class='ocrx_word' id='word_1_227' title='bbox 1921 3096 2051 3150; x_wconf 85' lang='lat' dir='ltr'><strong>pec-</strong></span> <span class='ocrx_word' id='word_1_228' title='bbox 2093 3110 2102 3119; x_wconf 91' lang='lat'><strong>-</strong></span> 
     </span>
    </p>
   </div>
   <div class='ocr_carea' id='block_1_31' title="bbox 470 3175 2051 3256">
    <p class='ocr_par' dir='ltr' id='par_1_31' title="bbox 470 3175 2051 3256">
     <span class='ocr_line' id='line_1_31' title="bbox 470 3175 2051 3256; baseline -0.011 -14"><span class='ocrx_word' id='word_1_229' title='bbox 470 3195 656 3242; x_wconf 88' lang='lat' dir='ltr'><strong>catum</strong></span> <span class='ocrx_word' id='word_1_230' title='bbox 696 3184 1024 3256; x_wconf 82' lang='lat' dir='ltr'><strong>quodpiam,</strong></span> <span class='ocrx_word' id='word_1_231' title='bbox 1058 3183 1173 3236; x_wconf 86' lang='lat' dir='ltr'><strong>sive</strong></span> <span class='ocrx_word' id='word_1_232' title='bbox 1201 3179 1561 3251; x_wconf 67' lang='lat' dir='ltr'><strong>prmcaveutis</strong></span> <span class='ocrx_word' id='word_1_233' title='bbox 1601 3177 1656 3231; x_wconf 92' lang='lat' dir='ltr'><strong>in</strong></span> <span class='ocrx_word' id='word_1_234' title='bbox 1707 3175 1950 3229; x_wconf 88' lang='lat' dir='ltr'><strong>futurum</strong></span> <span class='ocrx_word' id='word_1_235' title='bbox 1995 3179 2051 3226; x_wconf 89' lang='lat' dir='ltr'><strong>et</strong></span> 
     </span>
    </p>
   </div>
   <div class='ocr_carea' id='block_1_32' title="bbox 470 3276 2126 3368">
    <p class='ocr_par' dir='ltr' id='par_1_32' title="bbox 470 3276 2126 3368">
     <span class='ocr_line' id='line_1_32' title="bbox 470 3276 2126 3368; baseline -0.012 -31"><span class='ocrx_word' id='word_1_236' title='bbox 470 3292 683 3337; x_wconf 87' lang='lat' dir='ltr'><strong>terrore</strong></span> <span class='ocrx_word' id='word_1_237' title='bbox 717 3276 1138 3346; x_wconf 64' lang='lat' dir='ltr'><strong>praemunientis</strong></span> <span class='ocrx_word' id='word_1_238' title='bbox 1175 3289 1305 3330; x_wconf 90' lang='lat' dir='ltr'><strong>suos</strong></span> <span class='ocrx_word' id='word_1_239' title='bbox 1349 3288 1416 3326; x_wconf 92' lang='lat' dir='ltr'><strong>ne</strong></span> <span class='ocrx_word' id='word_1_240' title='bbox 1458 3276 1774 3341; x_wconf 84' lang='lat' dir='ltr'><strong>peccarent.</strong></span> <span class='ocrx_word' id='word_1_241' title='bbox 1805 3276 2053 3337; x_wconf 86' lang='lat' dir='ltr'><strong>strangu-</strong></span> <span class='ocrx_word' id='word_1_242' title='bbox 2083 3313 2126 3368; x_wconf 62' lang='grc' dir='ltr'>Ο</span> 
     </span>
    </p>
   </div>
   <div class='ocr_carea' id='block_1_33' title="bbox 470 3359 2051 3439">
    <p class='ocr_par' dir='ltr' id='par_1_33' title="bbox 470 3359 2051 3439">
     <span class='ocr_line' id='line_1_33' title="bbox 470 3359 2051 3439; baseline -0.011 -11"><span class='ocrx_word' id='word_1_243' title='bbox 470 3377 616 3430; x_wconf 89' lang='lat' dir='ltr'><strong>latos</strong></span> <span class='ocrx_word' id='word_1_244' title='bbox 679 3380 814 3428; x_wconf 91' lang='lat' dir='ltr'><strong>tunc</strong></span> <span class='ocrx_word' id='word_1_245' title='bbox 868 3369 1174 3439; x_wconf 89' lang='lat' dir='ltr'><strong>suspendio</strong></span> <span class='ocrx_word' id='word_1_246' title='bbox 1230 3367 1423 3428; x_wconf 86' lang='lat' dir='ltr'><strong>fuisse,</strong></span> <span class='ocrx_word' id='word_1_247' title='bbox 1487 3363 1712 3435; x_wconf 83' lang='lat' dir='ltr'><strong>quando</strong></span> <span class='ocrx_word' id='word_1_248' title='bbox 1766 3370 1820 3415; x_wconf 92' lang='lat' dir='ltr'><strong>et</strong></span> <span class='ocrx_word' id='word_1_249' title='bbox 1869 3359 2051 3426; x_wconf 92' lang='lat' dir='ltr'><strong>ipsum</strong></span> 
     </span>
    </p>
   </div>
   <div class='ocr_carea' id='block_1_34' title="bbox 467 3453 2052 3529">
    <p class='ocr_par' dir='ltr' id='par_1_34' title="bbox 467 3453 2052 3529">
     <span class='ocr_line' id='line_1_34' title="bbox 467 3453 2052 3529; baseline -0.014 -5"><span class='ocrx_word' id='word_1_250' title='bbox 467 3469 665 3524; x_wconf 91' lang='lat' dir='ltr'><strong>ducem</strong></span> <span class='ocrx_word' id='word_1_251' title='bbox 723 3467 890 3522; x_wconf 68' lang='lat' dir='ltr'><strong>isrius</strong></span> <span class='ocrx_word' id='word_1_252' title='bbox 952 3462 1224 3528; x_wconf 76' lang='lat' dir='ltr'><strong>cohortis,</strong></span> <span class='ocrx_word' id='word_1_253' title='bbox 1263 3476 1328 3514; x_wconf 82' lang='lat' dir='ltr'><strong>ex</strong></span> <span class='ocrx_word' id='word_1_254' title='bbox 1392 3473 1498 3529; x_wconf 89' lang='lat' dir='ltr'><strong>qua</strong></span> <span class='ocrx_word' id='word_1_255' title='bbox 1533 3457 1620 3512; x_wconf 87' lang='lat' dir='ltr'><strong>isti</strong></span> <span class='ocrx_word' id='word_1_256' title='bbox 1663 3463 1842 3519; x_wconf 89' lang='lat' dir='ltr'><strong>erant,</strong></span> <span class='ocrx_word' id='word_1_257' title='bbox 1871 3453 2052 3504; x_wconf 84' lang='lat' dir='ltr'><strong>virum</strong></span> 
     </span>
    </p>
   </div>
   <div class='ocr_carea' id='block_1_35' title="bbox 469 3543 2054 3631">
    <p class='ocr_par' dir='ltr' id='par_1_35' title="bbox 469 3543 2054 3631">
     <span class='ocr_line' id='line_1_35' title="bbox 469 3543 2054 3631; baseline -0.011 -17"><span class='ocrx_word' id='word_1_258' title='bbox 469 3561 738 3631; x_wconf 88' lang='lat' dir='ltr'><strong>inclytum</strong></span> <span class='ocrx_word' id='word_1_259' title='bbox 788 3561 995 3613; x_wconf 88' lang='lat' dir='ltr'><strong>virtute</strong></span> <span class='ocrx_word' id='word_1_260' title='bbox 1057 3555 1311 3618; x_wconf 84' lang='lat' dir='ltr'><strong>militari,</strong></span> <span class='ocrx_word' id='word_1_261' title='bbox 1389 3561 1515 3607; x_wconf 92' lang='lat' dir='ltr'><strong>ortu</strong></span> <span class='ocrx_word' id='word_1_262' title='bbox 1582 3550 1897 3618; x_wconf 85' lang='lat' dir='ltr'><strong>Bulgarum,</strong></span> <span class='ocrx_word' id='word_1_263' title='bbox 1965 3543 2054 3598; x_wconf 92' lang='lat' dir='ltr'><strong>cui</strong></span> 
     </span>
    </p>
   </div>
   <div class='ocr_carea' id='block_1_36' title="bbox 469 3637 2057 3720">
    <p class='ocr_par' dir='ltr' id='par_1_36' title="bbox 469 3637 2057 3720">
     <span class='ocr_line' id='line_1_36' title="bbox 469 3637 2057 3720; baseline -0.012 -14"><span class='ocrx_word' id='word_1_264' title='bbox 469 3654 653 3708; x_wconf 77' lang='lat' dir='ltr'><strong>fuerat</strong></span> <span class='ocrx_word' id='word_1_265' title='bbox 722 3652 966 3720; x_wconf 77' lang='lat' dir='ltr'><strong>dignitas</strong></span> <span class='ocrx_word' id='word_1_266' title='bbox 1029 3649 1233 3703; x_wconf 87' lang='lat' dir='ltr'><strong>collata</strong></span> <span class='ocrx_word' id='word_1_267' title='bbox 1287 3647 1465 3713; x_wconf 87' lang='lat' dir='ltr'><strong>magni</strong></span> <span class='ocrx_word' id='word_1_268' title='bbox 1528 3641 1767 3705; x_wconf 89' lang='lat' dir='ltr'><strong>tzausii,</strong></span> <span class='ocrx_word' id='word_1_269' title='bbox 1823 3637 2057 3692; x_wconf 88' lang='lat' dir='ltr'><strong>Chrani-</strong></span> 
     </span>
    </p>
   </div>
   <div class='ocr_carea' id='block_1_37' title="bbox 470 3729 2056 3808">
    <p class='ocr_par' dir='ltr' id='par_1_37' title="bbox 470 3729 2056 3808">
     <span class='ocr_line' id='line_1_37' title="bbox 470 3729 2056 3808; baseline -0.015 -7"><span class='ocrx_word' id='word_1_270' title='bbox 470 3745 750 3801; x_wconf 88' lang='lat' dir='ltr'><strong>sthlabum</strong></span> <span class='ocrx_word' id='word_1_271' title='bbox 808 3742 1052 3804; x_wconf 89' lang='lat' dir='ltr'><strong>nomine,</strong></span> <span class='ocrx_word' id='word_1_272' title='bbox 1086 3752 1249 3808; x_wconf 89' lang='lat' dir='ltr'><strong>quem</strong></span> <span class='ocrx_word' id='word_1_273' title='bbox 1315 3735 1459 3790; x_wconf 90' lang='lat' dir='ltr'><strong>bello</strong></span> <span class='ocrx_word' id='word_1_274' title='bbox 1511 3735 1708 3787; x_wconf 77' lang='lat' dir='ltr'><strong>contra</strong></span> <span class='ocrx_word' id='word_1_275' title='bbox 1745 3729 2056 3783; x_wconf 88' lang='lat' dir='ltr'><strong>Lachanam</strong></span> 
     </span>
    </p>
   </div>
   <div class='ocr_carea' id='block_1_38' title="bbox 470 3819 2058 3903">
    <p class='ocr_par' dir='ltr' id='par_1_38' title="bbox 470 3819 2058 3903">
     <span class='ocr_line' id='line_1_38' title="bbox 470 3819 2058 3903; baseline -0.012 -13"><span class='ocrx_word' id='word_1_276' title='bbox 470 3835 704 3891; x_wconf 79' lang='lat' dir='ltr'><strong>Michael</strong></span> <span class='ocrx_word' id='word_1_277' title='bbox 746 3835 1030 3903; x_wconf 84' lang='lat' dir='ltr'><strong>Augustus</strong></span> <span class='ocrx_word' id='word_1_278' title='bbox 1070 3829 1261 3885; x_wconf 85' lang='lat' dir='ltr'><strong>senior</strong></span> <span class='ocrx_word' id='word_1_279' title='bbox 1317 3827 1449 3881; x_wconf 89' lang='lat' dir='ltr'><strong>olim</strong></span> <span class='ocrx_word' id='word_1_280' title='bbox 1485 3834 1706 3895; x_wconf 86' lang='lat' dir='ltr'><strong>captum</strong></span> <span class='ocrx_word' id='word_1_281' title='bbox 1765 3823 1968 3890; x_wconf 87' lang='lat' dir='ltr'><strong>diuque</strong></span> <span class='ocrx_word' id='word_1_282' title='bbox 2001 3819 2058 3872; x_wconf 93' lang='lat' dir='ltr'><strong>in</strong></span> 
     </span>
    </p>
   </div>
   <div class='ocr_carea' id='block_1_39' title="bbox 475 3912 2058 3983">
    <p class='ocr_par' dir='ltr' id='par_1_39' title="bbox 475 3912 2058 3983">
     <span class='ocr_line' id='line_1_39' title="bbox 475 3912 2058 3983; baseline -0.012 0"><span class='ocrx_word' id='word_1_283' title='bbox 475 3942 701 3983; x_wconf 85' lang='lat' dir='ltr'><strong>carcere</strong></span> <span class='ocrx_word' id='word_1_284' title='bbox 765 3923 1134 3980; x_wconf 65' lang='lat' dir='ltr'><strong>censuit-tum</strong></span> <span class='ocrx_word' id='word_1_285' title='bbox 1192 3919 1431 3974; x_wconf 89' lang='lat' dir='ltr'><strong>vinculis</strong></span> <span class='ocrx_word' id='word_1_286' title='bbox 1496 3920 1828 3978; x_wconf 89' lang='lat' dir='ltr'><strong>detenlum,</strong></span> <span class='ocrx_word' id='word_1_287' title='bbox 1894 3912 2058 3982; x_wconf 90' lang='lat' dir='ltr'><strong>longo</strong></span> 
     </span>
    </p>
   </div>
   <div class='ocr_carea' id='block_1_40' title="bbox 473 4004 2056 4090">
    <p class='ocr_par' dir='ltr' id='par_1_40' title="bbox 473 4004 2056 4090">
     <span class='ocr_line' id='line_1_40' title="bbox 473 4004 2056 4090; baseline -0.013 -15"><span class='ocrx_word' id='word_1_288' title='bbox 473 4028 600 4090; x_wconf 86' lang='lat' dir='ltr'><strong>post</strong></span> <span class='ocrx_word' id='word_1_289' title='bbox 674 4028 922 4086; x_wconf 90' lang='lat' dir='ltr'><strong>tempore</strong></span> <span class='ocrx_word' id='word_1_290' title='bbox 982 4012 1340 4068; x_wconf 86' lang='lat' dir='ltr'><strong>Andronicus</strong></span> <span class='ocrx_word' id='word_1_291' title='bbox 1412 4010 1718 4077; x_wconf 88' lang='lat' dir='ltr'><strong>imperator</strong></span> <span class='ocrx_word' id='word_1_292' title='bbox 1790 4004 2056 4061; x_wconf 89' lang='lat' dir='ltr'><strong>emissum</strong></span> 
     </span>
    </p>
   </div>
   <div class='ocr_carea' id='block_1_41' title="bbox 474 4095 2058 4179">
    <p class='ocr_par' dir='ltr' id='par_1_41' title="bbox 474 4095 2058 4179">
     <span class='ocr_line' id='line_1_41' title="bbox 474 4095 2058 4179; baseline -0.013 -10"><span class='ocrx_word' id='word_1_293' title='bbox 474 4112 728 4169; x_wconf 84' lang='lat' dir='ltr'><strong>custodia</strong></span> <span class='ocrx_word' id='word_1_294' title='bbox 765 4122 818 4166; x_wconf 89' lang='lat' dir='ltr'><strong>et</strong></span> <span class='ocrx_word' id='word_1_295' title='bbox 865 4125 928 4164; x_wconf 82' lang='lat' dir='ltr'><strong>ca</strong></span> <span class='ocrx_word' id='word_1_296' title='bbox 963 4123 1127 4179; x_wconf 91' lang='lat' dir='ltr'><strong>quam</strong></span> <span class='ocrx_word' id='word_1_297' title='bbox 1178 4103 1294 4159; x_wconf 82' lang='lat' dir='ltr'><strong>dixi</strong></span> <span class='ocrx_word' id='word_1_298' title='bbox 1336 4111 1590 4156; x_wconf 89' lang='lat' dir='ltr'><strong>ornatum</strong></span> <span class='ocrx_word' id='word_1_299' title='bbox 1621 4097 1914 4168; x_wconf 84' lang='lat' dir='ltr'><strong>dignitate,</strong></span> <span class='ocrx_word' id='word_1_300' title='bbox 1947 4095 2058 4150; x_wconf 86' lang='lat' dir='ltr'><strong>illis</strong></span> 
     </span>
    </p>
   </div>
   <div class='ocr_carea' id='block_1_42' title="bbox 475 4191 2060 4276">
    <p class='ocr_par' dir='ltr' id='par_1_42' title="bbox 475 4191 2060 4276">
     <span class='ocr_line' id='line_1_42' title="bbox 475 4191 2060 4276; baseline -0.013 -13"><span class='ocrx_word' id='word_1_301' title='bbox 475 4208 568 4264; x_wconf 89' lang='lat' dir='ltr'><strong>diu</strong></span> <span class='ocrx_word' id='word_1_302' title='bbox 627 4210 682 4260; x_wconf 89' lang='lat' dir='ltr'><strong>in</strong></span> <span class='ocrx_word' id='word_1_303' title='bbox 743 4204 990 4276; x_wconf 86' lang='lat' dir='ltr'><strong>partibus</strong></span> <span class='ocrx_word' id='word_1_304' title='bbox 1049 4199 1260 4252; x_wconf 58' lang='lat' dir='ltr'><strong>militia</strong></span> <span class='ocrx_word' id='word_1_305' title='bbox 1316 4196 1510 4250; x_wconf 85' lang='lat' dir='ltr'><strong>ducem</strong></span> <span class='ocrx_word' id='word_1_306' title='bbox 1552 4193 1765 4257; x_wconf 87' lang='lat' dir='ltr'><strong>habuit,</strong></span> <span class='ocrx_word' id='word_1_307' title='bbox 1803 4200 1859 4246; x_wconf 88' lang='lat' dir='ltr'><strong>et</strong></span> <span class='ocrx_word' id='word_1_308' title='bbox 1891 4191 2060 4252; x_wconf 91' lang='lat' dir='ltr'><strong>hunc,</strong></span> 
     </span>
    </p>
   </div>
   <div class='ocr_carea' id='block_1_43' title="bbox 477 4276 2062 4372">
    <p class='ocr_par' dir='ltr' id='par_1_43' title="bbox 477 4276 2062 4372">
     <span class='ocr_line' id='line_1_43' title="bbox 477 4276 2062 4372; baseline -0.013 -17"><span class='ocrx_word' id='word_1_309' title='bbox 477 4303 730 4372; x_wconf 85' lang='lat' dir='ltr'><strong>inquam,</strong></span> <span class='ocrx_word' id='word_1_310' title='bbox 798 4306 857 4351; x_wconf 92' lang='lat' dir='ltr'><strong>ut</strong></span> <span class='ocrx_word' id='word_1_311' title='bbox 915 4294 1146 4357; x_wconf 88' lang='lat' dir='ltr'><strong>dcitur,</strong></span> <span class='ocrx_word' id='word_1_312' title='bbox 1208 4291 1318 4346; x_wconf 81' lang='lat' dir='ltr'><strong>dux</strong></span> <span class='ocrx_word' id='word_1_313' title='bbox 1378 4302 1613 4357; x_wconf 89' lang='lat' dir='ltr'><strong>magnus</strong></span> <span class='ocrx_word' id='word_1_314' title='bbox 1685 4276 1782 4339; x_wconf 68' lang='lat' dir='ltr'><strong>ira:</strong></span> <span class='ocrx_word' id='word_1_315' title='bbox 1855 4283 2062 4351; x_wconf 87' lang='lat' dir='ltr'><strong>impetu</strong></span> 
     </span>
    </p>
   </div>
   <div class='ocr_carea' id='block_1_44' title="bbox 477 4380 2064 4464">
    <p class='ocr_par' dir='ltr' id='par_1_44' title="bbox 477 4380 2064 4464">
     <span class='ocr_line' id='line_1_44' title="bbox 477 4380 2064 4464; baseline -0.014 -13"><span class='ocrx_word' id='word_1_316' title='bbox 477 4399 656 4464; x_wconf 88' lang='lat' dir='ltr'><strong>primo</strong></span> <span class='ocrx_word' id='word_1_317' title='bbox 715 4408 742 4445; x_wconf 90' lang='lat' dir='ltr'><strong>a</strong></span> <span class='ocrx_word' id='word_1_318' title='bbox 785 4408 844 4446; x_wconf 91' lang='lat' dir='ltr'><strong>se</strong></span> <span class='ocrx_word' id='word_1_319' title='bbox 870 4391 1222 4445; x_wconf 82' lang='lat' dir='ltr'><strong>vulneratum</strong></span> <span class='ocrx_word' id='word_1_320' title='bbox 1271 4385 1452 4456; x_wconf 88' lang='lat' dir='ltr'><strong>gladio</strong></span> <span class='ocrx_word' id='word_1_321' title='bbox 1481 4381 1840 4439; x_wconf 87' lang='lat' dir='ltr'><strong>carnificibus</strong></span> <span class='ocrx_word' id='word_1_322' title='bbox 1869 4380 2064 4445; x_wconf 86' lang='lat' dir='ltr'><strong>laqueo</strong></span> 
     </span>
    </p>
   </div>
   <div class='ocr_carea' id='block_1_45' title="bbox 482 4465 2067 4544">
    <p class='ocr_par' dir='ltr' id='par_1_45' title="bbox 482 4465 2067 4544">
     <span class='ocr_line' id='line_1_45' title="bbox 482 4465 2067 4544; baseline -0.011 -5"><span class='ocrx_word' id='word_1_323' title='bbox 482 4483 868 4539; x_wconf 68' lang='lat' dir='ltr'><strong>suffocandum</strong></span> <span class='ocrx_word' id='word_1_324' title='bbox 926 4479 1176 4539; x_wconf 84' lang='lat' dir='ltr'><strong>tradidit,</strong></span> <span class='ocrx_word' id='word_1_325' title='bbox 1225 4476 1551 4544; x_wconf 83' lang='lat' dir='ltr'><strong>finissetque</strong></span> <span class='ocrx_word' id='word_1_326' title='bbox 1622 4474 1668 4528; x_wconf 90' lang='lat' dir='ltr'><strong>ls</strong></span> <span class='ocrx_word' id='word_1_327' title='bbox 1717 4471 1862 4525; x_wconf 88' lang='lat' dir='ltr'><strong>haud</strong></span> <span class='ocrx_word' id='word_1_328' title='bbox 1897 4465 2067 4522; x_wconf 85' lang='lat' dir='ltr'><strong>dubie</strong></span> 
     </span>
    </p>
   </div>
   <div class='ocr_carea' id='block_1_46' title="bbox 480 4567 2066 4642">
    <p class='ocr_par' dir='ltr' id='par_1_46' title="bbox 480 4567 2066 4642">
     <span class='ocr_line' id='line_1_46' title="bbox 480 4567 2066 4642; baseline -0.013 -10"><span class='ocrx_word' id='word_1_329' title='bbox 480 4579 651 4632; x_wconf 85' lang='lat' dir='ltr'><strong>vitam</strong></span> <span class='ocrx_word' id='word_1_330' title='bbox 704 4571 1032 4642; x_wconf 89' lang='lat' dir='ltr'><strong>suspendio,</strong></span> <span class='ocrx_word' id='word_1_331' title='bbox 1064 4569 1168 4624; x_wconf 89' lang='lat' dir='ltr'><strong>nisi</strong></span> <span class='ocrx_word' id='word_1_332' title='bbox 1202 4567 1360 4621; x_wconf 91' lang='lat' dir='ltr'><strong>multi</strong></span> <span class='ocrx_word' id='word_1_333' title='bbox 1391 4567 1643 4620; x_wconf 88' lang='lat' dir='ltr'><strong>certatim</strong></span> <span class='ocrx_word' id='word_1_334' title='bbox 1709 4571 2066 4618; x_wconf 86' lang='lat' dir='ltr'><strong>accurrentes</strong></span> 
     </span>
    </p>
   </div>
   <div class='ocr_carea' id='block_1_47' title="bbox 2126 683 3702 773">
    <p class='ocr_par' dir='ltr' id='par_1_47' title="bbox 2126 683 3702 773">
     <span class='ocr_line' id='line_1_47' title="bbox 2126 683 3702 773; baseline -0.017 -16"><span class='ocrx_word' id='word_1_335' title='bbox 2126 705 2432 768; x_wconf 78' lang='grc' dir='ltr'>ὑπέκειντο,</span> <span class='ocrx_word' id='word_1_336' title='bbox 2455 700 2595 773; x_wconf 75' lang='grc' dir='ltr'>ἦσαν</span> <span class='ocrx_word' id='word_1_337' title='bbox 2628 700 2672 752; x_wconf 84' lang='grc' dir='ltr'>δ’</span> <span class='ocrx_word' id='word_1_338' title='bbox 2705 689 2851 750; x_wconf 69' lang='grc' dir='ltr'>οὗτοι</span> <span class='ocrx_word' id='word_1_339' title='bbox 2877 694 2927 745; x_wconf 89' lang='grc' dir='ltr'>οἱ</span> <span class='ocrx_word' id='word_1_340' title='bbox 2961 691 3087 759; x_wconf 71' lang='grc' dir='ltr'>περὶ</span> <span class='ocrx_word' id='word_1_341' title='bbox 3120 688 3211 740; x_wconf 77' lang='grc' dir='ltr'><strong>τὸν</strong></span> <span class='ocrx_word' id='word_1_342' title='bbox 3245 683 3532 753; x_wconf 81' lang='grc' dir='ltr'>Ἀλισὺραν</span> <span class='ocrx_word' id='word_1_343' title='bbox 3561 685 3702 749; x_wconf 81' lang='grc' dir='ltr'>Καρ-</span> 
     </span>
    </p>
   </div>
   <div class='ocr_carea' id='block_1_48' title="bbox 2131 774 3704 867">
    <p class='ocr_par' dir='ltr' id='par_1_48' title="bbox 2131 774 3704 867">
     <span class='ocr_line' id='line_1_48' title="bbox 2131 774 3704 867; baseline -0.017 -15"><span class='ocrx_word' id='word_1_344' title='bbox 2131 799 2292 867; x_wconf 74' lang='grc' dir='ltr'>μανοὶ</span> <span class='ocrx_word' id='word_1_345' title='bbox 2337 796 2405 850; x_wconf 77' lang='grc' dir='ltr'>τὰ</span> <span class='ocrx_word' id='word_1_346' title='bbox 2455 796 2726 866; x_wconf 72' lang='grc' dir='ltr'>κράτιστα</span> <span class='ocrx_word' id='word_1_347' title='bbox 2755 790 2866 841; x_wconf 84' lang='grc' dir='ltr'><strong>τῶν</strong></span> <span class='ocrx_word' id='word_1_348' title='bbox 2917 781 3168 851; x_wconf 83' lang='grc' dir='ltr'>Περσῶν,</span> <span class='ocrx_word' id='word_1_349' title='bbox 3225 776 3533 844; x_wconf 78' lang='grc' dir='ltr'>πέμψαντες</span> <span class='ocrx_word' id='word_1_350' title='bbox 3575 775 3621 825; x_wconf 81' lang='lat' dir='ltr'><strong>oi</strong></span> <span class='ocrx_word' id='word_1_351' title='bbox 3651 774 3704 826; x_wconf 83' lang='grc' dir='ltr'>ὲν</span> 
     </span>
    </p>
   </div>
   <div class='ocr_carea' id='block_1_49' title="bbox 2127 864 3709 959">
    <p class='ocr_par' dir='ltr' id='par_1_49' title="bbox 2127 864 3709 959">
     <span class='ocr_line' id='line_1_49' title="bbox 2127 864 3709 959; baseline -0.02 -15"><span class='ocrx_word' id='word_1_352' title='bbox 2127 864 2241 952; x_wconf 77' lang='grc' dir='ltr'>τοῖς</span> <span class='ocrx_word' id='word_1_353' title='bbox 2274 864 2557 959; x_wconf 77' lang='grc' dir='ltr'>φρουρίοις</span> <span class='ocrx_word' id='word_1_354' title='bbox 2593 884 2736 937; x_wconf 79' lang='grc' dir='ltr'>κατὰ</span> <span class='ocrx_word' id='word_1_355' title='bbox 2770 881 2868 948; x_wconf 83' lang='grc' dir='ltr'>τὴν</span> <span class='ocrx_word' id='word_1_356' title='bbox 2900 875 3033 946; x_wconf 76' lang='grc' dir='ltr'>περὶ</span> <span class='ocrx_word' id='word_1_357' title='bbox 3081 873 3172 926; x_wconf 83' lang='grc' dir='ltr'><strong>τὸν</strong></span> <span class='ocrx_word' id='word_1_358' title='bbox 3225 867 3450 922; x_wconf 63' lang='grc' dir='ltr'>Αίὶλακα</span> <span class='ocrx_word' id='word_1_359' title='bbox 3507 864 3709 934; x_wconf 77' lang='grc' dir='ltr'>διατρί-</span> 
     </span>
    </p>
   </div>
   <div class='ocr_carea' id='block_1_50' title="bbox 2131 954 3707 1044">
    <p class='ocr_par' dir='ltr' id='par_1_50' title="bbox 2131 954 3707 1044">
     <span class='ocr_line' id='line_1_50' title="bbox 2131 954 3707 1044; baseline -0.015 -13"><span class='ocrx_word' id='word_1_360' title='bbox 2131 954 2698 1044; x_wconf 33' lang='grc' dir='ltr'>ϐοντι-ἀναγγέλλουσι</span> <span class='ocrx_word' id='word_1_361' title='bbox 2735 971 2833 1041; x_wconf 83' lang='grc' dir='ltr'>μὲν</span> <span class='ocrx_word' id='word_1_362' title='bbox 2867 968 2966 1036; x_wconf 81' lang='grc' dir='ltr'>τὴν</span> <span class='ocrx_word' id='word_1_363' title='bbox 3019 965 3160 1035; x_wconf 86' lang='grc' dir='ltr'>βίαν,</span> <span class='ocrx_word' id='word_1_364' title='bbox 3213 955 3641 1028; x_wconf 74' lang='grc' dir='ltr'>προσλιπαροῦσι</span> <span class='ocrx_word' id='word_1_365' title='bbox 3664 954 3707 1008; x_wconf 80' lang='grc' dir='ltr'>δ’</span> 
     </span>
    </p>
   </div>
   <div class='ocr_carea' id='block_1_51' title="bbox 2132 1049 3709 1139">
    <p class='ocr_par' dir='ltr' id='par_1_51' title="bbox 2132 1049 3709 1139">
     <span class='ocr_line' id='line_1_51' title="bbox 2132 1049 3709 1139; baseline -0.016 -15"><span class='ocrx_word' id='word_1_366' title='bbox 2132 1069 2436 1139; x_wconf 77' lang='grc' dir='ltr'>ἐπαμύνειν</span> <span class='ocrx_word' id='word_1_367' title='bbox 2465 1063 3086 1136; x_wconf 85' lang='grc' dir='ltr'>ἀντιπροσχωρήσουσιν</span> <span class='ocrx_word' id='word_1_368' title='bbox 3125 1052 3186 1118; x_wconf 79' lang='grc' dir='ltr'><strong>ἐξ</strong></span> <span class='ocrx_word' id='word_1_369' title='bbox 3237 1051 3481 1120; x_wconf 79' lang='grc' dir='ltr'>ἑτοίμου,</span> <span class='ocrx_word' id='word_1_370' title='bbox 3515 1049 3578 1117; x_wconf 70' lang='grc' dir='ltr'>ἣν</span> <span class='ocrx_word' id='word_1_371' title='bbox 3613 1065 3709 1098; x_wconf 84' lang='grc' dir='ltr'><strong>που</strong></span> 
     </span>
    </p>
   </div>
   <div class='ocr_carea' id='block_1_52' title="bbox 2134 1140 3712 1235">
    <p class='ocr_par' dir='ltr' id='par_1_52' title="bbox 2134 1140 3712 1235">
     <span class='ocr_line' id='line_1_52' title="bbox 2134 1140 3712 1235; baseline -0.018 -17"><span class='ocrx_word' id='word_1_372' title='bbox 2134 1166 2354 1235; x_wconf 78' lang='grc' dir='ltr'>φανείη,</span> <span class='ocrx_word' id='word_1_373' title='bbox 2398 1160 2694 1230; x_wconf 85' lang='grc' dir='ltr'>Ῥωμαίοις</span> <span class='ocrx_word' id='word_1_374' title='bbox 2745 1172 2809 1224; x_wconf 90' lang='grc' dir='ltr'><strong>γε</strong></span> <span class='ocrx_word' id='word_1_375' title='bbox 2855 1149 2975 1206; x_wconf 78' lang='grc' dir='ltr'>οὖσι</span> <span class='ocrx_word' id='word_1_376' title='bbox 3011 1151 3102 1204; x_wconf 67' lang='grc' dir='ltr'>καὶ</span> <span class='ocrx_word' id='word_1_377' title='bbox 3142 1149 3209 1216; x_wconf 80' lang='grc' dir='ltr'>τῇ</span> <span class='ocrx_word' id='word_1_378' title='bbox 3245 1143 3340 1196; x_wconf 85' lang='grc' dir='ltr'>τοῦ</span> <span class='ocrx_word' id='word_1_379' title='bbox 3384 1140 3586 1210; x_wconf 86' lang='grc' dir='ltr'>καιροῦ·</span> <span class='ocrx_word' id='word_1_380' title='bbox 3627 1140 3712 1210; x_wconf 80' lang='grc' dir='ltr'><strong>βίᾳ</strong></span> 
     </span>
    </p>
   </div>
   <div class='ocr_carea' id='block_1_53' title="bbox 2135 1231 3714 1324">
    <p class='ocr_par' dir='ltr' id='par_1_53' title="bbox 2135 1231 3714 1324">
     <span class='ocr_line' id='line_1_53' title="bbox 2135 1231 3714 1324; baseline -0.019 -12"><span class='ocrx_word' id='word_1_381' title='bbox 2135 1261 2362 1324; x_wconf 73' lang='grc' dir='ltr'>εἴξασιν.</span> <span class='ocrx_word' id='word_1_382' title='bbox 2411 1257 2468 1307; x_wconf 85' lang='grc' dir='ltr'><strong>Ὀ</strong></span> <span class='ocrx_word' id='word_1_383' title='bbox 2507 1254 2564 1306; x_wconf 73' lang='grc' dir='ltr'>δὲ</span> <span class='ocrx_word' id='word_1_384' title='bbox 2609 1247 2822 1320; x_wconf 85' lang='grc' dir='ltr'>δέχεταί</span> <span class='ocrx_word' id='word_1_385' title='bbox 2857 1263 2915 1300; x_wconf 90' lang='grc' dir='ltr'><strong>τε</strong></span> <span class='ocrx_word' id='word_1_386' title='bbox 2951 1245 3050 1312; x_wconf 83' lang='grc' dir='ltr'><strong>τὴν</strong></span> <span class='ocrx_word' id='word_1_387' title='bbox 3103 1238 3341 1293; x_wconf 82' lang='grc' dir='ltr'>ἱκετείαν</span> <span class='ocrx_word' id='word_1_388' title='bbox 3378 1236 3470 1287; x_wconf 77' lang='grc' dir='ltr'><strong>καὶ</strong></span> <span class='ocrx_word' id='word_1_389' title='bbox 3495 1231 3714 1300; x_wconf 80' lang='grc' dir='ltr'>ἀμύνειν</span> 
     </span>
    </p>
   </div>
   <div class='ocr_carea' id='block_1_54' title="bbox 2135 1323 3715 1416">
    <p class='ocr_par' dir='ltr' id='par_1_54' title="bbox 2135 1323 3715 1416">
     <span class='ocr_line' id='line_1_54' title="bbox 2135 1323 3715 1416; baseline -0.02 -12"><span class='ocrx_word' id='word_1_390' title='bbox 2135 1323 2666 1416; x_wconf 80' lang='grc' dir='ltr'>κατεπαγγέλλεται.</span> <span class='ocrx_word' id='word_1_391' title='bbox 2695 1343 2769 1396; x_wconf 80' lang='grc' dir='ltr'><strong>Οὐ</strong></span> <span class='ocrx_word' id='word_1_392' title='bbox 2799 1340 2908 1411; x_wconf 79' lang='grc' dir='ltr'>μὴν</span> <span class='ocrx_word' id='word_1_393' title='bbox 2941 1335 3140 1390; x_wconf 61' lang='lat' dir='ltr'><strong>rem</strong></span> <span class='ocrx_word' id='word_1_394' title='bbox 3175 1331 3271 1385; x_wconf 77' lang='grc' dir='ltr'>καὶ</span> <span class='ocrx_word' id='word_1_395' title='bbox 3306 1327 3557 1381; x_wconf 75' lang='grc' dir='ltr'>ἐντεῦθεν</span> <span class='ocrx_word' id='word_1_396' title='bbox 3591 1323 3715 1393; x_wconf 81' lang='grc' dir='ltr'><strong>θάῤ-</strong></span> 
     </span>
    </p>
   </div>
   <div class='ocr_carea' id='block_1_55' title="bbox 2141 1421 3718 1517">
    <p class='ocr_par' dir='ltr' id='par_1_55' title="bbox 2141 1421 3718 1517">
     <span class='ocr_line' id='line_1_55' title="bbox 2141 1421 3718 1517; baseline -0.019 -19"><span class='ocrx_word' id='word_1_397' title='bbox 2141 1449 2232 1517; x_wconf 78' lang='grc' dir='ltr'><strong>ρος</strong></span> <span class='ocrx_word' id='word_1_398' title='bbox 2255 1442 2438 1496; x_wconf 81' lang='grc' dir='ltr'>λαόὼν</span> <span class='ocrx_word' id='word_1_399' title='bbox 2465 1441 2566 1493; x_wconf 81' lang='grc' dir='ltr'><strong>οὐκ</strong></span> <span class='ocrx_word' id='word_1_400' title='bbox 2596 1437 2869 1500; x_wconf 84' lang='grc' dir='ltr'>ὀλίγιστον</span> <span class='ocrx_word' id='word_1_401' title='bbox 2908 1432 3048 1502; x_wconf 67' lang='grc' dir='ltr'>πρὸς</span> <span class='ocrx_word' id='word_1_402' title='bbox 3077 1425 3399 1496; x_wconf 80' lang='grc' dir='ltr'>συμπλοκὰς</span> <span class='ocrx_word' id='word_1_403' title='bbox 3424 1422 3562 1474; x_wconf 82' lang='grc' dir='ltr'><strong>κατά</strong></span> <span class='ocrx_word' id='word_1_404' title='bbox 3589 1421 3718 1487; x_wconf 81' lang='grc' dir='ltr'>Περ-</span> 
     </span>
    </p>
   </div>
   <div class='ocr_carea' id='block_1_56' title="bbox 2140 1513 3718 1604">
    <p class='ocr_par' dir='ltr' id='par_1_56' title="bbox 2140 1513 3718 1604">
     <span class='ocr_line' id='line_1_56' title="bbox 2140 1513 3718 1604; baseline -0.02 -13"><span class='ocrx_word' id='word_1_405' title='bbox 2140 1513 2251 1591; x_wconf 79' lang='grc' dir='ltr'><strong>σῶν</strong></span> <span class='ocrx_word' id='word_1_406' title='bbox 2283 1532 2633 1604; x_wconf 70' lang='grc' dir='ltr'>ἡτοιμάζετο.</span> <span class='ocrx_word' id='word_1_407' title='bbox 2659 1529 2746 1601; x_wconf 76' lang='grc' dir='ltr'>[ιι.</span> <span class='ocrx_word' id='word_1_408' title='bbox 2776 1525 2909 1597; x_wconf 70' lang='lat'><strong>296]</strong></span> <span class='ocrx_word' id='word_1_409' title='bbox 2945 1524 3092 1592; x_wconf 77' lang='grc' dir='ltr'>Πλὴν</span> <span class='ocrx_word' id='word_1_410' title='bbox 3119 1521 3162 1573; x_wconf 75' lang='grc' dir='ltr'>δ’</span> <span class='ocrx_word' id='word_1_411' title='bbox 3191 1518 3306 1573; x_wconf 79' lang='grc' dir='ltr'>ἀλλ’</span> <span class='ocrx_word' id='word_1_412' title='bbox 3348 1515 3466 1570; x_wconf 73' lang='grc' dir='ltr'>οὐδὲ</span> <span class='ocrx_word' id='word_1_413' title='bbox 3493 1513 3718 1580; x_wconf 79' lang='grc' dir='ltr'>Πέρσαις</span> 
     </span>
    </p>
   </div>
   <div class='ocr_carea' id='block_1_57' title="bbox 2140 1605 3719 1700">
    <p class='ocr_par' dir='ltr' id='par_1_57' title="bbox 2140 1605 3719 1700">
     <span class='ocr_line' id='line_1_57' title="bbox 2140 1605 3719 1700; baseline -0.018 -18"><span class='ocrx_word' id='word_1_414' title='bbox 2140 1630 2455 1700; x_wconf 74' lang='grc' dir='ltr'>ἀνήκουστα</span> <span class='ocrx_word' id='word_1_415' title='bbox 2479 1623 2732 1678; x_wconf 84' lang='grc' dir='ltr'>τάκείνου</span> <span class='ocrx_word' id='word_1_416' title='bbox 2765 1619 3032 1684; x_wconf 82' lang='grc' dir='ltr'>κατέστη,</span> <span class='ocrx_word' id='word_1_417' title='bbox 3060 1613 3199 1667; x_wconf 83' lang='grc' dir='ltr'><strong>ἀλλά</strong></span> <span class='ocrx_word' id='word_1_418' title='bbox 3223 1611 3317 1664; x_wconf 71' lang='grc' dir='ltr'><strong>καὶ</strong></span> <span class='ocrx_word' id='word_1_419' title='bbox 3340 1607 3498 1662; x_wconf 69' lang='grc' dir='ltr'>αὐτοὶ</span> <span class='ocrx_word' id='word_1_420' title='bbox 3533 1605 3719 1672; x_wconf 85' lang='grc' dir='ltr'>μαθόν-</span> 
     </span>
    </p>
   </div>
   <div class='ocr_carea' id='block_1_58' title="bbox 2140 1695 3720 1790">
    <p class='ocr_par' dir='ltr' id='par_1_58' title="bbox 2140 1695 3720 1790">
     <span class='ocr_line' id='line_1_58' title="bbox 2140 1695 3720 1790; baseline -0.018 -16"><span class='ocrx_word' id='word_1_421' title='bbox 2140 1695 2242 1783; x_wconf 68' lang='grc' dir='ltr'><strong>τες⁷</strong></span> <span class='ocrx_word' id='word_1_422' title='bbox 2289 1715 2817 1790; x_wconf 78' lang='grc' dir='ltr'>προσητοιμάζοντο.</span> <span class='ocrx_word' id='word_1_423' title='bbox 2879 1708 2989 1763; x_wconf 85' lang='grc' dir='ltr'>Καί</span> <span class='ocrx_word' id='word_1_424' title='bbox 3038 1722 3144 1758; x_wconf 86' lang='grc' dir='ltr'><strong>που</strong></span> <span class='ocrx_word' id='word_1_425' title='bbox 3207 1703 3340 1771; x_wconf 70' lang='grc' dir='ltr'>περὶ</span> <span class='ocrx_word' id='word_1_426' title='bbox 3385 1700 3476 1752; x_wconf 84' lang='grc' dir='ltr'><strong>τὸν</strong></span> <span class='ocrx_word' id='word_1_427' title='bbox 3509 1695 3720 1748; x_wconf 77' lang='grc' dir='ltr'>Αῠλακα</span> 
     </span>
    </p>
   </div>
   <div class='ocr_carea' id='block_1_59' title="bbox 2146 1786 3722 1869">
    <p class='ocr_par' dir='ltr' id='par_1_59' title="bbox 2146 1786 3722 1869">
     <span class='ocr_line' id='line_1_59' title="bbox 2146 1786 3722 1869; baseline -0.02 -2"><span class='ocrx_word' id='word_1_428' title='bbox 2146 1786 2494 1869; x_wconf 79' lang='grc' dir='ltr'>συνελθόντες</span> <span class='ocrx_word' id='word_1_429' title='bbox 2530 1809 2631 1862; x_wconf 77' lang='grc' dir='ltr'><strong>οὐκ</strong></span> <span class='ocrx_word' id='word_1_430' title='bbox 2680 1805 2807 1869; x_wconf 84' lang='grc' dir='ltr'>ἀξια</span> <span class='ocrx_word' id='word_1_431' title='bbox 2843 1803 2942 1868; x_wconf 84' lang='grc' dir='ltr'><strong>μὲν</strong></span> <span class='ocrx_word' id='word_1_432' title='bbox 2973 1798 3067 1852; x_wconf 83' lang='grc' dir='ltr'>τοῦ</span> <span class='ocrx_word' id='word_1_433' title='bbox 3110 1797 3356 1866; x_wconf 83' lang='grc' dir='ltr'>πλήθους</span> <span class='ocrx_word' id='word_1_434' title='bbox 3387 1789 3512 1844; x_wconf 72' lang='grc' dir='ltr'>οὐδὲ</span> <span class='ocrx_word' id='word_1_435' title='bbox 3543 1804 3605 1856; x_wconf 85' lang='grc' dir='ltr'><strong>γε</strong></span> <span class='ocrx_word' id='word_1_436' title='bbox 3631 1786 3722 1853; x_wconf 79' lang='grc' dir='ltr'><strong>τῆς</strong></span> 
     </span>
    </p>
   </div>
   <div class='ocr_carea' id='block_1_60' title="bbox 2146 1874 3722 1976">
    <p class='ocr_par' dir='ltr' id='par_1_60' title="bbox 2146 1874 3722 1976">
     <span class='ocr_line' id='line_1_60' title="bbox 2146 1874 3722 1976; baseline -0.021 -16"><span class='ocrx_word' id='word_1_437' title='bbox 2146 1903 2508 1976; x_wconf 77' lang='grc' dir='ltr'>παρασκευῆς</span> <span class='ocrx_word' id='word_1_438' title='bbox 2538 1900 2817 1967; x_wconf 77' lang='grc' dir='ltr'>ἑκατέρων</span> <span class='ocrx_word' id='word_1_439' title='bbox 2841 1893 3106 1960; x_wconf 86' lang='grc' dir='ltr'>ἀλλήλους</span> <span class='ocrx_word' id='word_1_440' title='bbox 3136 1890 3398 1958; x_wconf 78' lang='grc' dir='ltr'>ἔδρασαν,</span> <span class='ocrx_word' id='word_1_441' title='bbox 3447 1881 3661 1944; x_wconf 79' lang='grc' dir='ltr'>λέγεται</span> <span class='ocrx_word' id='word_1_442' title='bbox 3682 1874 3722 1928; x_wconf 80' lang='grc' dir='ltr'>δ’</span> 
     </span>
    </p>
   </div>
   <div class='ocr_carea' id='block_1_61' title="bbox 2147 1969 3723 2068">
    <p class='ocr_par' dir='ltr' id='par_1_61' title="bbox 2147 1969 3723 2068">
     <span class='ocr_line' id='line_1_61' title="bbox 2147 1969 3723 2068; baseline -0.022 -15"><span class='ocrx_word' id='word_1_443' title='bbox 2147 2002 2297 2068; x_wconf 83' lang='grc' dir='ltr'>ὅμως</span> <span class='ocrx_word' id='word_1_444' title='bbox 2324 1995 2628 2065; x_wconf 79' lang='grc' dir='ltr'>τρωθέντος</span> <span class='ocrx_word' id='word_1_445' title='bbox 2658 1990 2856 2044; x_wconf 82' lang='grc' dir='ltr'>αὐτίκα</span> <span class='ocrx_word' id='word_1_446' title='bbox 2881 1987 2975 2039; x_wconf 79' lang='grc' dir='ltr'>τοῦ</span> <span class='ocrx_word' id='word_1_447' title='bbox 3001 1983 3297 2052; x_wconf 81' lang='grc' dir='ltr'>Ἀλισύρου</span> <span class='ocrx_word' id='word_1_448' title='bbox 3328 1979 3422 2032; x_wconf 73' lang='grc' dir='ltr'><strong>καὶ</strong></span> <span class='ocrx_word' id='word_1_449' title='bbox 3456 1977 3534 2035; x_wconf 78' lang='grc' dir='ltr'>εἷς</span> <span class='ocrx_word' id='word_1_450' title='bbox 3555 1969 3723 2040; x_wconf 76' lang='grc' dir='ltr'>φυγὴν</span> 
     </span>
    </p>
   </div>
   <div class='ocr_carea' id='block_1_62' title="bbox 2149 2063 3725 2157">
    <p class='ocr_par' dir='ltr' id='par_1_62' title="bbox 2149 2063 3725 2157">
     <span class='ocr_line' id='line_1_62' title="bbox 2149 2063 3725 2157; baseline -0.021 -12"><span class='ocrx_word' id='word_1_451' title='bbox 2149 2063 2235 2145; x_wconf 70' lang='grc' dir='ltr'><strong>δίά</strong></span> <span class='ocrx_word' id='word_1_452' title='bbox 2280 2063 2452 2142; x_wconf 56' lang='lat' dir='ltr'><strong>satis:</strong></span> <span class='ocrx_word' id='word_1_453' title='bbox 2492 2085 2789 2157; x_wconf 73' lang='grc' dir='ltr'>βλέψαντος</span> <span class='ocrx_word' id='word_1_454' title='bbox 2845 2079 3064 2148; x_wconf 82' lang='grc' dir='ltr'>Πέρσας</span> <span class='ocrx_word' id='word_1_455' title='bbox 3124 2074 3224 2142; x_wconf 81' lang='grc' dir='ltr'><strong>μὲν</strong></span> <span class='ocrx_word' id='word_1_456' title='bbox 3283 2070 3407 2141; x_wconf 84' lang='grc' dir='ltr'>μετ’</span> <span class='ocrx_word' id='word_1_457' title='bbox 3435 2063 3725 2131; x_wconf 81' lang='grc' dir='ltr'>εὐκοσμίας</span> 
     </span>
    </p>
   </div>
   <div class='ocr_carea' id='block_1_63' title="bbox 2151 2155 3728 2248">
    <p class='ocr_par' dir='ltr' id='par_1_63' title="bbox 2151 2155 3728 2248">
     <span class='ocr_line' id='line_1_63' title="bbox 2151 2155 3728 2248; baseline -0.018 -12"><span class='ocrx_word' id='word_1_458' title='bbox 2151 2179 2409 2235; x_wconf 70' lang='grc' dir='ltr'>καὶκατὰ</span> <span class='ocrx_word' id='word_1_459' title='bbox 2443 2179 2647 2248; x_wconf 86' lang='grc' dir='ltr'>τρόπον</span> <span class='ocrx_word' id='word_1_460' title='bbox 2681 2171 3009 2241; x_wconf 79' lang='grc' dir='ltr'>ἀναχωρεῖν,</span> <span class='ocrx_word' id='word_1_461' title='bbox 3031 2169 3142 2228; x_wconf 88' lang='grc' dir='ltr'>τοῖς</span> <span class='ocrx_word' id='word_1_462' title='bbox 3173 2165 3228 2217; x_wconf 80' lang='grc' dir='ltr'>δὲ</span> <span class='ocrx_word' id='word_1_463' title='bbox 3264 2162 3411 2216; x_wconf 81' lang='grc' dir='ltr'>κατᾶ</span> <span class='ocrx_word' id='word_1_464' title='bbox 3445 2159 3535 2211; x_wconf 57' lang='grc' dir='ltr'><strong>τὴν</strong></span> <span class='ocrx_word' id='word_1_465' title='bbox 3565 2155 3728 2225; x_wconf 60' lang='grc' dir='ltr'>μέιάν</span> 
     </span>
    </p>
   </div>
   <div class='ocr_carea' id='block_1_64' title="bbox 2150 2244 3730 2342">
    <p class='ocr_par' dir='ltr' id='par_1_64' title="bbox 2150 2244 3730 2342">
     <span class='ocr_line' id='line_1_64' title="bbox 2150 2244 3730 2342; baseline -0.021 -12"><span class='ocrx_word' id='word_1_466' title='bbox 2150 2268 2318 2330; x_wconf 83' lang='grc' dir='ltr'>δοῦκα</span> <span class='ocrx_word' id='word_1_467' title='bbox 2347 2244 2660 2342; x_wconf 81' lang='grc' dir='ltr'>συναχθεῖσι</span> <span class='ocrx_word' id='word_1_468' title='bbox 2696 2265 2840 2320; x_wconf 67' lang='grc' dir='ltr'>κατὰ</span> <span class='ocrx_word' id='word_1_469' title='bbox 2872 2262 3122 2331; x_wconf 82' lang='grc' dir='ltr'>φρήτρας</span> <span class='ocrx_word' id='word_1_470' title='bbox 3153 2256 3318 2326; x_wconf 80' lang='grc' dir='ltr'>τριχῆ</span> <span class='ocrx_word' id='word_1_471' title='bbox 3351 2254 3452 2306; x_wconf 79' lang='grc' dir='ltr'><strong>οὐκ</strong></span> <span class='ocrx_word' id='word_1_472' title='bbox 3489 2246 3558 2320; x_wconf 83' lang='grc' dir='ltr'>ἦν</span> <span class='ocrx_word' id='word_1_473' title='bbox 3606 2244 3730 2300; x_wconf 83' lang='grc' dir='ltr'>ἀτά-</span> 
     </span>
    </p>
   </div>
   <div class='ocr_carea' id='block_1_65' title="bbox 2153 2337 3730 2437">
    <p class='ocr_par' dir='ltr' id='par_1_65' title="bbox 2153 2337 3730 2437">
     <span class='ocr_line' id='line_1_65' title="bbox 2153 2337 3730 2437; baseline -0.023 -14"><span class='ocrx_word' id='word_1_474' title='bbox 2153 2385 2297 2430; x_wconf 85' lang='grc' dir='ltr'>κτως</span> <span class='ocrx_word' id='word_1_475' title='bbox 2330 2365 2465 2437; x_wconf 87' lang='grc' dir='ltr'>μίγα</span> <span class='ocrx_word' id='word_1_476' title='bbox 2487 2337 2648 2416; x_wconf 33' lang='grc' dir='ltr'><strong>-.πᾶσι</strong></span> <span class='ocrx_word' id='word_1_477' title='bbox 2676 2360 2911 2412; x_wconf 81' lang='grc' dir='ltr'>διώκειν.</span> <span class='ocrx_word' id='word_1_478' title='bbox 2950 2354 3213 2406; x_wconf 81' lang='grc' dir='ltr'>Ἕκαστοι</span> <span class='ocrx_word' id='word_1_479' title='bbox 3240 2349 3288 2401; x_wconf 83' lang='grc' dir='ltr'>δ’</span> <span class='ocrx_word' id='word_1_480' title='bbox 3317 2344 3552 2415; x_wconf 83' lang='grc' dir='ltr'>ὁρῶντες</span> <span class='ocrx_word' id='word_1_481' title='bbox 3581 2337 3730 2406; x_wconf 80' lang='grc' dir='ltr'>ἀλλή-</span> 
     </span>
    </p>
   </div>
   <div class='ocr_carea' id='block_1_66' title="bbox 2157 2515 3727 2606">
    <p class='ocr_par' dir='ltr' id='par_1_66' title="bbox 2157 2515 3727 2606">
     <span class='ocr_line' id='line_1_66' title="bbox 2157 2515 3727 2606; baseline -0.024 0"><span class='ocrx_word' id='word_1_482' title='bbox 2157 2551 2310 2606; x_wconf 86' lang='lat' dir='ltr'><strong>duci.</strong></span> <span class='ocrx_word' id='word_1_483' title='bbox 2343 2546 2548 2602; x_wconf 76' lang='lat' dir='ltr'><strong>Verum</strong></span> <span class='ocrx_word' id='word_1_484' title='bbox 2610 2541 2702 2597; x_wconf 86' lang='lat' dir='ltr'><strong>tali</strong></span> <span class='ocrx_word' id='word_1_485' title='bbox 2755 2546 3077 2596; x_wconf 88' lang='lat' dir='ltr'><strong>coactarum</strong></span> <span class='ocrx_word' id='word_1_486' title='bbox 3131 2531 3427 2601; x_wconf 86' lang='lat' dir='ltr'><strong>subjacere</strong></span> <span class='ocrx_word' id='word_1_487' title='bbox 3485 2515 3727 2578; x_wconf 85' lang='lat' dir='ltr'><strong>servituti</strong></span> 
     </span>
    </p>
   </div>
   <div class='ocr_carea' id='block_1_67' title="bbox 2157 2615 3729 2699">
    <p class='ocr_par' dir='ltr' id='par_1_67' title="bbox 2157 2615 3729 2699">
     <span class='ocr_line' id='line_1_67' title="bbox 2157 2615 3729 2699; baseline -0.023 -2"><span class='ocrx_word' id='word_1_488' title='bbox 2157 2643 2372 2697; x_wconf 86' lang='lat' dir='ltr'><strong>arcium</strong></span> <span class='ocrx_word' id='word_1_489' title='bbox 2411 2635 2632 2699; x_wconf 66' lang='lat' dir='ltr'><strong>incolae,</strong></span> <span class='ocrx_word' id='word_1_490' title='bbox 2671 2632 2863 2687; x_wconf 86' lang='lat' dir='ltr'><strong>audito</strong></span> <span class='ocrx_word' id='word_1_491' title='bbox 2891 2629 3194 2683; x_wconf 86' lang='lat' dir='ltr'><strong>adventare</strong></span> <span class='ocrx_word' id='word_1_492' title='bbox 3235 2633 3500 2691; x_wconf 85' lang='lat' dir='ltr'><strong>magnum</strong></span> <span class='ocrx_word' id='word_1_493' title='bbox 3525 2615 3729 2672; x_wconf 70' lang='lat' dir='ltr'><strong>ducem,</strong></span> 
     </span>
    </p>
   </div>
   <div class='ocr_carea' id='block_1_68' title="bbox 2156 2712 3729 2802">
    <p class='ocr_par' dir='ltr' id='par_1_68' title="bbox 2156 2712 3729 2802">
     <span class='ocr_line' id='line_1_68' title="bbox 2156 2712 3729 2802; baseline -0.022 -15"><span class='ocrx_word' id='word_1_494' title='bbox 2156 2748 2280 2790; x_wconf 88' lang='lat' dir='ltr'><strong>eum</strong></span> <span class='ocrx_word' id='word_1_495' title='bbox 2333 2732 2446 2802; x_wconf 84' lang='lat' dir='ltr'><strong>jam</strong></span> <span class='ocrx_word' id='word_1_496' title='bbox 2495 2729 2710 2782; x_wconf 87' lang='lat' dir='ltr'><strong>circum</strong></span> <span class='ocrx_word' id='word_1_497' title='bbox 2743 2723 3007 2776; x_wconf 84' lang='lat' dir='ltr'><strong>Aulacem</strong></span> <span class='ocrx_word' id='word_1_498' title='bbox 3039 2715 3240 2772; x_wconf 81' lang='lat' dir='ltr'><strong>castris</strong></span> <span class='ocrx_word' id='word_1_499' title='bbox 3271 2712 3475 2784; x_wconf 84' lang='lat' dir='ltr'><strong>positis</strong></span> <span class='ocrx_word' id='word_1_500' title='bbox 3519 2717 3729 2761; x_wconf 86' lang='lat' dir='ltr'><strong>moran-</strong></span> 
     </span>
    </p>
   </div>
   <div class='ocr_carea' id='block_1_69' title="bbox 2163 2794 3730 2893">
    <p class='ocr_par' dir='ltr' id='par_1_69' title="bbox 2163 2794 3730 2893">
     <span class='ocr_line' id='line_1_69' title="bbox 2163 2794 3730 2893; baseline -0.022 -12"><span class='ocrx_word' id='word_1_501' title='bbox 2163 2837 2269 2881; x_wconf 85' lang='lat' dir='ltr'><strong>tem</strong></span> <span class='ocrx_word' id='word_1_502' title='bbox 2311 2822 2584 2893; x_wconf 80' lang='lat' dir='ltr'><strong>legatione</strong></span> <span class='ocrx_word' id='word_1_503' title='bbox 2616 2817 2785 2870; x_wconf 86' lang='lat' dir='ltr'><strong>missa</strong></span> <span class='ocrx_word' id='word_1_504' title='bbox 2821 2810 3198 2868; x_wconf 89' lang='lat' dir='ltr'><strong>communiter</strong></span> <span class='ocrx_word' id='word_1_505' title='bbox 3234 2811 3511 2874; x_wconf 77' lang='lat' dir='ltr'><strong>rogarunt</strong></span> <span class='ocrx_word' id='word_1_506' title='bbox 3554 2809 3608 2852; x_wconf 91' lang='lat' dir='ltr'><strong>ut</strong></span> <span class='ocrx_word' id='word_1_507' title='bbox 3635 2794 3730 2850; x_wconf 83' lang='lat' dir='ltr'><strong>sibi</strong></span> 
     </span>
    </p>
   </div>
   <div class='ocr_carea' id='block_1_70' title="bbox 2161 2886 3731 2978">
    <p class='ocr_par' dir='ltr' id='par_1_70' title="bbox 2161 2886 3731 2978">
     <span class='ocr_line' id='line_1_70' title="bbox 2161 2886 3731 2978; baseline -0.023 -6"><span class='ocrx_word' id='word_1_508' title='bbox 2161 2920 2229 2972; x_wconf 90' lang='lat' dir='ltr'><strong>ab</strong></span> <span class='ocrx_word' id='word_1_509' title='bbox 2282 2913 2659 2970; x_wconf 88' lang='lat' dir='ltr'><strong>rebellandum</strong></span> <span class='ocrx_word' id='word_1_510' title='bbox 2700 2904 2906 2978; x_wconf 86' lang='lat' dir='ltr'><strong>paratis</strong></span> <span class='ocrx_word' id='word_1_511' title='bbox 2940 2903 3159 2956; x_wconf 89' lang='lat' dir='ltr'><strong>admoto</strong></span> <span class='ocrx_word' id='word_1_512' title='bbox 3217 2898 3451 2968; x_wconf 83' lang='lat' dir='ltr'><strong>propius</strong></span> <span class='ocrx_word' id='word_1_513' title='bbox 3503 2886 3731 2944; x_wconf 81' lang='lat' dir='ltr'><strong>exercitu</strong></span> 
     </span>
    </p>
   </div>
   <div class='ocr_carea' id='block_1_71' title="bbox 2161 2985 3732 3066">
    <p class='ocr_par' dir='ltr' id='par_1_71' title="bbox 2161 2985 3732 3066">
     <span class='ocr_line' id='line_1_71' title="bbox 2161 2985 3732 3066; baseline -0.024 0"><span class='ocrx_word' id='word_1_514' title='bbox 2161 3012 2420 3066; x_wconf 85' lang='lat' dir='ltr'><strong>adesset:</strong></span> <span class='ocrx_word' id='word_1_515' title='bbox 2455 3019 2578 3060; x_wconf 89' lang='lat' dir='ltr'><strong>sese</strong></span> <span class='ocrx_word' id='word_1_516' title='bbox 2611 3003 2783 3062; x_wconf 73' lang='lat' dir='ltr'><strong>enim,</strong></span> <span class='ocrx_word' id='word_1_517' title='bbox 2837 2996 3003 3052; x_wconf 87' lang='lat' dir='ltr'><strong>simul</strong></span> <span class='ocrx_word' id='word_1_518' title='bbox 3035 3002 3155 3047; x_wconf 90' lang='lat' dir='ltr'><strong>tuto</strong></span> <span class='ocrx_word' id='word_1_519' title='bbox 3187 2991 3239 3046; x_wconf 84' lang='lat' dir='ltr'><strong>id</strong></span> <span class='ocrx_word' id='word_1_520' title='bbox 3277 2995 3513 3059; x_wconf 86' lang='lat' dir='ltr'><strong>possent</strong></span> <span class='ocrx_word' id='word_1_521' title='bbox 3543 2985 3732 3040; x_wconf 83' lang='lat' dir='ltr'><strong>facere,</strong></span> 
     </span>
    </p>
   </div>
   <div class='ocr_carea' id='block_1_72' title="bbox 2163 3080 3724 3174">
    <p class='ocr_par' dir='ltr' id='par_1_72' title="bbox 2163 3080 3724 3174">
     <span class='ocr_line' id='line_1_72' title="bbox 2163 3080 3724 3174; baseline -0.024 -17"><span class='ocrx_word' id='word_1_522' title='bbox 2163 3111 2345 3174; x_wconf 88' lang='lat' dir='ltr'><strong>pacta,</strong></span> <span class='ocrx_word' id='word_1_523' title='bbox 2378 3098 2582 3165; x_wconf 85' lang='lat' dir='ltr'><strong>quibus</strong></span> <span class='ocrx_word' id='word_1_524' title='bbox 2609 3109 2667 3150; x_wconf 87' lang='lat' dir='ltr'><strong>se</strong></span> <span class='ocrx_word' id='word_1_525' title='bbox 2689 3104 2905 3146; x_wconf 86' lang='lat' dir='ltr'><strong>summa</strong></span> <span class='ocrx_word' id='word_1_526' title='bbox 2934 3089 2980 3140; x_wconf 85' lang='lat' dir='ltr'><strong>vi</strong></span> <span class='ocrx_word' id='word_1_527' title='bbox 3012 3084 3190 3138; x_wconf 87' lang='lat' dir='ltr'><strong>adacti</strong></span> <span class='ocrx_word' id='word_1_528' title='bbox 3227 3090 3283 3136; x_wconf 82' lang='lat' dir='ltr'><strong>et</strong></span> <span class='ocrx_word' id='word_1_529' title='bbox 3317 3080 3575 3137; x_wconf 86' lang='lat' dir='ltr'><strong>cedentes</strong></span> <span class='ocrx_word' id='word_1_530' title='bbox 3599 3082 3724 3125; x_wconf 88' lang='lat' dir='ltr'><strong>tem-</strong></span> 
     </span>
    </p>
   </div>
   <div class='ocr_carea' id='block_1_73' title="bbox 2165 3160 3731 3264">
    <p class='ocr_par' dir='ltr' id='par_1_73' title="bbox 2165 3160 3731 3264">
     <span class='ocr_line' id='line_1_73' title="bbox 2165 3160 3731 3264; baseline -0.023 -17"><span class='ocrx_word' id='word_1_531' title='bbox 2165 3160 2285 3264; x_wconf 78' lang='lat' dir='ltr'><strong>pori</strong></span> <span class='ocrx_word' id='word_1_532' title='bbox 2339 3160 2532 3243; x_wconf 82' lang='lat' dir='ltr'><strong>contra</strong></span> <span class='ocrx_word' id='word_1_533' title='bbox 2578 3182 2917 3235; x_wconf 87' lang='lat' dir='ltr'><strong>voluntatem</strong></span> <span class='ocrx_word' id='word_1_534' title='bbox 2979 3174 3402 3229; x_wconf 81' lang='lat' dir='ltr'><strong>obstrinxerant</strong></span> <span class='ocrx_word' id='word_1_535' title='bbox 3469 3160 3731 3221; x_wconf 85' lang='lat' dir='ltr'><strong>barbaris.</strong></span> 
     </span>
    </p>
   </div>
   <div class='ocr_carea' id='block_1_74' title="bbox 2163 3251 3737 3341">
    <p class='ocr_par' dir='ltr' id='par_1_74' title="bbox 2163 3251 3737 3341">
     <span class='ocr_line' id='line_1_74' title="bbox 2163 3251 3737 3341; baseline -0.023 -1"><span class='ocrx_word' id='word_1_536' title='bbox 2163 3284 2531 3340; x_wconf 85' lang='lat' dir='ltr'><strong>rescissuros,</strong></span> <span class='ocrx_word' id='word_1_537' title='bbox 2577 3285 2630 3330; x_wconf 92' lang='lat' dir='ltr'><strong>et</strong></span> <span class='ocrx_word' id='word_1_538' title='bbox 2684 3273 2829 3328; x_wconf 90' lang='lat' dir='ltr'><strong>sicut</strong></span> <span class='ocrx_word' id='word_1_539' title='bbox 2859 3269 3023 3341; x_wconf 66' lang='lat'><strong>427</strong></span> <span class='ocrx_word' id='word_1_540' title='bbox 3060 3265 3294 3320; x_wconf 81' lang='lat' dir='ltr'><strong>Romani</strong></span> <span class='ocrx_word' id='word_1_541' title='bbox 3350 3267 3528 3324; x_wconf 88' lang='lat' dir='ltr'><strong>erant,</strong></span> <span class='ocrx_word' id='word_1_542' title='bbox 3561 3251 3737 3309; x_wconf 82' lang='lat' dir='ltr'><strong>missis</strong></span> 
     </span>
    </p>
   </div>
   <div class='ocr_carea' id='block_1_75' title="bbox 2161 3343 3735 3443">
    <p class='ocr_par' dir='ltr' id='par_1_75' title="bbox 2161 3343 3735 3443">
     <span class='ocr_line' id='line_1_75' title="bbox 2161 3343 3735 3443; baseline -0.024 -12"><span class='ocrx_word' id='word_1_543' title='bbox 2161 3377 2229 3430; x_wconf 88' lang='lat' dir='ltr'><strong>ab</strong></span> <span class='ocrx_word' id='word_1_544' title='bbox 2259 3376 2600 3443; x_wconf 86' lang='lat' dir='ltr'><strong>imperatore</strong></span> <span class='ocrx_word' id='word_1_545' title='bbox 2648 3365 2847 3434; x_wconf 79' lang='lat' dir='ltr'><strong>copiis,</strong></span> <span class='ocrx_word' id='word_1_546' title='bbox 2885 3361 3072 3417; x_wconf 87' lang='lat' dir='ltr'><strong>statim</strong></span> <span class='ocrx_word' id='word_1_547' title='bbox 3107 3370 3271 3426; x_wconf 85' lang='lat' dir='ltr'><strong>atque</strong></span> <span class='ocrx_word' id='word_1_548' title='bbox 3314 3357 3413 3410; x_wconf 85' lang='lat' dir='ltr'><strong>illa</strong></span> <span class='ocrx_word' id='word_1_549' title='bbox 3458 3352 3513 3404; x_wconf 90' lang='lat' dir='ltr'><strong>in</strong></span> <span class='ocrx_word' id='word_1_550' title='bbox 3550 3343 3735 3402; x_wconf 77' lang='lat' dir='ltr'><strong>vicinia</strong></span> 
     </span>
    </p>
   </div>
   <div class='ocr_carea' id='block_1_76' title="bbox 2161 3435 3737 3536">
    <p class='ocr_par' dir='ltr' id='par_1_76' title="bbox 2161 3435 3737 3536">
     <span class='ocr_line' id='line_1_76' title="bbox 2161 3435 3737 3536; baseline -0.024 -12"><span class='ocrx_word' id='word_1_551' title='bbox 2161 3465 2634 3536; x_wconf 87' lang='lat' dir='ltr'><strong>comparuissem,</strong></span> <span class='ocrx_word' id='word_1_552' title='bbox 2671 3472 2798 3513; x_wconf 89' lang='lat' dir='ltr'><strong>sese</strong></span> <span class='ocrx_word' id='word_1_553' title='bbox 2847 3455 3030 3526; x_wconf 86' lang='lat' dir='ltr'><strong>palam</strong></span> <span class='ocrx_word' id='word_1_554' title='bbox 3086 3449 3479 3518; x_wconf 73' lang='lat' dir='ltr'><strong>adiuncturos.</strong></span> <span class='ocrx_word' id='word_1_555' title='bbox 3537 3435 3737 3496; x_wconf 84' lang='lat' dir='ltr'><strong>Annuit</strong></span> 
     </span>
    </p>
   </div>
   <div class='ocr_carea' id='block_1_77' title="bbox 2160 3528 3738 3628">
    <p class='ocr_par' dir='ltr' id='par_1_77' title="bbox 2160 3528 3738 3628">
     <span class='ocr_line' id='line_1_77' title="bbox 2160 3528 3738 3628; baseline -0.02 -16"><span class='ocrx_word' id='word_1_556' title='bbox 2160 3560 2253 3614; x_wconf 90' lang='lat' dir='ltr'><strong>ille</strong></span> <span class='ocrx_word' id='word_1_557' title='bbox 2281 3528 2538 3628; x_wconf 82' lang='lat' dir='ltr'><strong>precibus</strong></span> <span class='ocrx_word' id='word_1_558' title='bbox 2580 3550 2913 3621; x_wconf 85' lang='lat' dir='ltr'><strong>supplicum,</strong></span> <span class='ocrx_word' id='word_1_559' title='bbox 2955 3555 3010 3601; x_wconf 88' lang='lat' dir='ltr'><strong>ct</strong></span> <span class='ocrx_word' id='word_1_560' title='bbox 3055 3543 3356 3598; x_wconf 87' lang='lat' dir='ltr'><strong>ducturum</strong></span> <span class='ocrx_word' id='word_1_561' title='bbox 3393 3554 3454 3594; x_wconf 86' lang='lat' dir='ltr'><strong>se</strong></span> <span class='ocrx_word' id='word_1_562' title='bbox 3501 3546 3608 3603; x_wconf 65' lang='lat' dir='ltr'><strong>quo</strong></span> <span class='ocrx_word' id='word_1_563' title='bbox 3632 3528 3738 3584; x_wconf 85' lang='lat' dir='ltr'><strong>vel—</strong></span> 
     </span>
    </p>
   </div>
   <div class='ocr_carea' id='block_1_78' title="bbox 2161 3628 3738 3717">
    <p class='ocr_par' dir='ltr' id='par_1_78' title="bbox 2161 3628 3738 3717">
     <span class='ocr_line' id='line_1_78' title="bbox 2161 3628 3738 3717; baseline -0.017 -13"><span class='ocrx_word' id='word_1_564' title='bbox 2161 3653 2276 3705; x_wconf 84' lang='lat' dir='ltr'><strong>lent</strong></span> <span class='ocrx_word' id='word_1_565' title='bbox 2333 3649 2524 3717; x_wconf 83' lang='lat' dir='ltr'><strong>COpias</strong></span> <span class='ocrx_word' id='word_1_566' title='bbox 2581 3643 2858 3713; x_wconf 85' lang='lat' dir='ltr'><strong>promisit,</strong></span> <span class='ocrx_word' id='word_1_567' title='bbox 2919 3655 2984 3696; x_wconf 86' lang='lat' dir='ltr'><strong>eo</strong></span> <span class='ocrx_word' id='word_1_568' title='bbox 3031 3638 3297 3693; x_wconf 80' lang='lat' dir='ltr'><strong>libentius</strong></span> <span class='ocrx_word' id='word_1_569' title='bbox 3356 3632 3503 3704; x_wconf 87' lang='lat' dir='ltr'><strong>quod</strong></span> <span class='ocrx_word' id='word_1_570' title='bbox 3541 3645 3605 3684; x_wconf 78' lang='lat' dir='ltr'><strong>ex</strong></span> <span class='ocrx_word' id='word_1_571' title='bbox 3643 3628 3738 3679; x_wconf 89' lang='lat' dir='ltr'><strong>hoc</strong></span> 
     </span>
    </p>
   </div>
   <div class='ocr_carea' id='block_1_79' title="bbox 2163 3729 3740 3812">
    <p class='ocr_par' dir='ltr' id='par_1_79' title="bbox 2163 3729 3740 3812">
     <span class='ocr_line' id='line_1_79' title="bbox 2163 3729 3740 3812; baseline -0.018 -17"><span class='ocrx_word' id='word_1_572' title='bbox 2163 3743 2284 3812; x_wconf 92' lang='lat' dir='ltr'><strong>ipso</strong></span> <span class='ocrx_word' id='word_1_573' title='bbox 2332 3751 2441 3795; x_wconf 92' lang='lat' dir='ltr'><strong>tam</strong></span> <span class='ocrx_word' id='word_1_574' title='bbox 2478 3745 2787 3807; x_wconf 83' lang='lat' dir='ltr'><strong>opportune</strong></span> <span class='ocrx_word' id='word_1_575' title='bbox 2838 3732 3047 3787; x_wconf 84' lang='lat' dir='ltr'><strong>auxilio</strong></span> <span class='ocrx_word' id='word_1_576' title='bbox 3087 3729 3273 3784; x_wconf 89' lang='lat' dir='ltr'><strong>oblato</strong></span> <span class='ocrx_word' id='word_1_577' title='bbox 3303 3743 3418 3780; x_wconf 87' lang='lat' dir='ltr'><strong>non</strong></span> <span class='ocrx_word' id='word_1_578' title='bbox 3456 3735 3640 3794; x_wconf 88' lang='lat' dir='ltr'><strong>parum</strong></span> <span class='ocrx_word' id='word_1_579' title='bbox 3685 3729 3740 3767; x_wconf 84' lang='lat' dir='ltr'><strong>se</strong></span> 
     </span>
    </p>
   </div>
   <div class='ocr_carea' id='block_1_80' title="bbox 2163 3813 3741 3888">
    <p class='ocr_par' dir='ltr' id='par_1_80' title="bbox 2163 3813 3741 3888">
     <span class='ocr_line' id='line_1_80' title="bbox 2163 3813 3741 3888; baseline -0.02 0"><span class='ocrx_word' id='word_1_580' title='bbox 2163 3829 2483 3888; x_wconf 90' lang='lat' dir='ltr'><strong>conllrmari</strong></span> <span class='ocrx_word' id='word_1_581' title='bbox 2536 3825 2814 3881; x_wconf 85' lang='lat' dir='ltr'><strong>sentiebat</strong></span> <span class='ocrx_word' id='word_1_582' title='bbox 2870 3821 2937 3877; x_wconf 91' lang='lat' dir='ltr'><strong>ad</strong></span> <span class='ocrx_word' id='word_1_583' title='bbox 2974 3822 3118 3876; x_wconf 87' lang='lat' dir='ltr'><strong>bene</strong></span> <span class='ocrx_word' id='word_1_584' title='bbox 3147 3817 3490 3888; x_wconf 84' lang='lat' dir='ltr'><strong>sperandum</strong></span> <span class='ocrx_word' id='word_1_585' title='bbox 3523 3813 3591 3865; x_wconf 91' lang='lat' dir='ltr'><strong>de</strong></span> <span class='ocrx_word' id='word_1_586' title='bbox 3627 3818 3741 3860; x_wconf 88' lang='lat' dir='ltr'><strong>suc-</strong></span> 
     </span>
    </p>
   </div>
   <div class='ocr_carea' id='block_1_81' title="bbox 2163 3898 3740 3990">
    <p class='ocr_par' dir='ltr' id='par_1_81' title="bbox 2163 3898 3740 3990">
     <span class='ocr_line' id='line_1_81' title="bbox 2163 3898 3740 3990; baseline -0.019 -10"><span class='ocrx_word' id='word_1_587' title='bbox 2163 3939 2322 3980; x_wconf 88' lang='lat' dir='ltr'><strong>cessu</strong></span> <span class='ocrx_word' id='word_1_588' title='bbox 2374 3918 2749 3990; x_wconf 79' lang='lat' dir='ltr'><strong>expeditionis</strong></span> <span class='ocrx_word' id='word_1_589' title='bbox 2787 3915 2972 3985; x_wconf 87' lang='lat' dir='ltr'><strong>hujus.</strong></span> <span class='ocrx_word' id='word_1_590' title='bbox 3010 3911 3154 3980; x_wconf 83' lang='lat' dir='ltr'><strong>Ergo</strong></span> <span class='ocrx_word' id='word_1_591' title='bbox 3185 3918 3348 3964; x_wconf 88' lang='lat' dir='ltr'><strong>tanto</strong></span> <span class='ocrx_word' id='word_1_592' title='bbox 3395 3924 3454 3963; x_wconf 88' lang='lat' dir='ltr'><strong>se</strong></span> <span class='ocrx_word' id='word_1_593' title='bbox 3481 3905 3604 3959; x_wconf 88' lang='lat' dir='ltr'><strong>inde</strong></span> <span class='ocrx_word' id='word_1_594' title='bbox 3633 3898 3740 3952; x_wconf 87' lang='lat' dir='ltr'><strong>ala-</strong></span> 
     </span>
    </p>
   </div>
   <div class='ocr_carea' id='block_1_82' title="bbox 2164 3989 3738 4071">
    <p class='ocr_par' dir='ltr' id='par_1_82' title="bbox 2164 3989 3738 4071">
     <span class='ocr_line' id='line_1_82' title="bbox 2164 3989 3738 4071; baseline -0.016 0"><span class='ocrx_word' id='word_1_595' title='bbox 2164 4016 2317 4071; x_wconf 82' lang='lat' dir='ltr'><strong>crius</strong></span> <span class='ocrx_word' id='word_1_596' title='bbox 2362 4013 2430 4067; x_wconf 92' lang='lat' dir='ltr'><strong>ad</strong></span> <span class='ocrx_word' id='word_1_597' title='bbox 2479 4010 2797 4066; x_wconf 88' lang='lat' dir='ltr'><strong>conflictum</strong></span> <span class='ocrx_word' id='word_1_598' title='bbox 2849 4023 2972 4062; x_wconf 91' lang='lat' dir='ltr'><strong>cum</strong></span> <span class='ocrx_word' id='word_1_599' title='bbox 3013 4004 3198 4059; x_wconf 85' lang='lat' dir='ltr'><strong>Persis</strong></span> <span class='ocrx_word' id='word_1_600' title='bbox 3236 3998 3604 4071; x_wconf 84' lang='lat' dir='ltr'><strong>comparavit.</strong></span> <span class='ocrx_word' id='word_1_601' title='bbox 3643 3989 3738 4056; x_wconf 84' lang='lat' dir='ltr'><strong>Qui</strong></span> 
     </span>
    </p>
   </div>
   <div class='ocr_carea' id='block_1_83' title="bbox 2164 4084 3742 4174">
    <p class='ocr_par' dir='ltr' id='par_1_83' title="bbox 2164 4084 3742 4174">
     <span class='ocr_line' id='line_1_83' title="bbox 2164 4084 3742 4174; baseline -0.016 -13"><span class='ocrx_word' id='word_1_602' title='bbox 2164 4107 2412 4162; x_wconf 85' lang='lat' dir='ltr'><strong>vicissim</strong></span> <span class='ocrx_word' id='word_1_603' title='bbox 2475 4119 2572 4174; x_wconf 89' lang='lat' dir='ltr'><strong>per</strong></span> <span class='ocrx_word' id='word_1_604' title='bbox 2627 4103 3014 4170; x_wconf 83' lang='lat' dir='ltr'><strong>exploratores</strong></span> <span class='ocrx_word' id='word_1_605' title='bbox 3062 4099 3286 4166; x_wconf 89' lang='lat' dir='ltr'><strong>cognito</strong></span> <span class='ocrx_word' id='word_1_606' title='bbox 3356 4093 3534 4162; x_wconf 80' lang='lat' dir='ltr'><strong>magni</strong></span> <span class='ocrx_word' id='word_1_607' title='bbox 3598 4084 3742 4141; x_wconf 88' lang='lat' dir='ltr'><strong>ducis</strong></span> 
     </span>
    </p>
   </div>
   <div class='ocr_carea' id='block_1_84' title="bbox 2167 4179 3744 4266">
    <p class='ocr_par' dir='ltr' id='par_1_84' title="bbox 2167 4179 3744 4266">
     <span class='ocr_line' id='line_1_84' title="bbox 2167 4179 3744 4266; baseline -0.015 -12"><span class='ocrx_word' id='word_1_608' title='bbox 2167 4208 2363 4255; x_wconf 91' lang='lat' dir='ltr'><strong>contra</strong></span> <span class='ocrx_word' id='word_1_609' title='bbox 2398 4199 2550 4266; x_wconf 87' lang='lat' dir='ltr'><strong>ipsos</strong></span> <span class='ocrx_word' id='word_1_610' title='bbox 2582 4194 2860 4249; x_wconf 91' lang='lat' dir='ltr'><strong>moventis</strong></span> <span class='ocrx_word' id='word_1_611' title='bbox 2893 4192 3131 4246; x_wconf 86' lang='lat' dir='ltr'><strong>adventu</strong></span> <span class='ocrx_word' id='word_1_612' title='bbox 3171 4189 3394 4244; x_wconf 86' lang='lat' dir='ltr'><strong>obviam</strong></span> <span class='ocrx_word' id='word_1_613' title='bbox 3432 4187 3505 4241; x_wconf 92' lang='lat' dir='ltr'><strong>illi</strong></span> <span class='ocrx_word' id='word_1_614' title='bbox 3541 4179 3744 4251; x_wconf 86' lang='lat' dir='ltr'><strong>prodire</strong></span> 
     </span>
    </p>
   </div>
   <div class='ocr_carea' id='block_1_85' title="bbox 2169 4277 3744 4358">
    <p class='ocr_par' dir='ltr' id='par_1_85' title="bbox 2169 4277 3744 4358">
     <span class='ocr_line' id='line_1_85' title="bbox 2169 4277 3744 4358; baseline -0.011 -12"><span class='ocrx_word' id='word_1_615' title='bbox 2169 4296 2519 4358; x_wconf 90' lang='lat' dir='ltr'><strong>occuparunt</strong></span> <span class='ocrx_word' id='word_1_616' title='bbox 2551 4323 2565 4348; x_wconf 87' lang='lat'><strong>,</strong></span> <span class='ocrx_word' id='word_1_617' title='bbox 2628 4291 2889 4354; x_wconf 83' lang='lat' dir='ltr'><strong>promoto</strong></span> <span class='ocrx_word' id='word_1_618' title='bbox 2944 4281 3188 4336; x_wconf 83' lang='lat' dir='ltr'><strong>exercitu</strong></span> <span class='ocrx_word' id='word_1_619' title='bbox 3235 4293 3411 4348; x_wconf 87' lang='lat' dir='ltr'><strong>prepe</strong></span> <span class='ocrx_word' id='word_1_620' title='bbox 3463 4277 3744 4330; x_wconf 76' lang='lat' dir='ltr'><strong>Aulacem.</strong></span> 
     </span>
    </p>
   </div>
   <div class='ocr_carea' id='block_1_86' title="bbox 2172 4363 3742 4433">
    <p class='ocr_par' dir='ltr' id='par_1_86' title="bbox 2172 4363 3742 4433">
     <span class='ocr_line' id='line_1_86' title="bbox 2172 4363 3742 4433; baseline -0.013 0"><span class='ocrx_word' id='word_1_621' title='bbox 2172 4380 2258 4433; x_wconf 90' lang='lat' dir='ltr'><strong>ubi</strong></span> <span class='ocrx_word' id='word_1_622' title='bbox 2312 4393 2436 4431; x_wconf 87' lang='lat' dir='ltr'><strong>eum</strong></span> <span class='ocrx_word' id='word_1_623' title='bbox 2492 4375 2689 4429; x_wconf 84' lang='lat' dir='ltr'><strong>stativa</strong></span> <span class='ocrx_word' id='word_1_624' title='bbox 2743 4373 2929 4426; x_wconf 80' lang='lat' dir='ltr'><strong>fixisse</strong></span> <span class='ocrx_word' id='word_1_625' title='bbox 2967 4368 3338 4424; x_wconf 85' lang='lat' dir='ltr'><strong>ostendimus.</strong></span> <span class='ocrx_word' id='word_1_626' title='bbox 3385 4363 3742 4421; x_wconf 86' lang='lat' dir='ltr'><strong>Commissum</strong></span> 
     </span>
    </p>
   </div>
   <div class='ocr_carea' id='block_1_87' title="bbox 2174 4456 3744 4531">
    <p class='ocr_par' dir='ltr' id='par_1_87' title="bbox 2174 4456 3744 4531">
     <span class='ocr_line' id='line_1_87' title="bbox 2174 4456 3744 4531; baseline -0.011 -7"><span class='ocrx_word' id='word_1_627' title='bbox 2174 4471 2290 4524; x_wconf 89' lang='lat' dir='ltr'><strong>illic</strong></span> <span class='ocrx_word' id='word_1_628' title='bbox 2321 4470 2467 4523; x_wconf 90' lang='lat' dir='ltr'><strong>inter</strong></span> <span class='ocrx_word' id='word_1_629' title='bbox 2491 4467 2638 4523; x_wconf 79' lang='lat' dir='ltr'><strong>acies</strong></span> <span class='ocrx_word' id='word_1_630' title='bbox 2673 4466 2939 4520; x_wconf 80' lang='lat' dir='ltr'><strong>adversus</strong></span> <span class='ocrx_word' id='word_1_631' title='bbox 2969 4472 3056 4517; x_wconf 89' lang='lat' dir='ltr'><strong>est</strong></span> <span class='ocrx_word' id='word_1_632' title='bbox 3087 4462 3366 4531; x_wconf 62' lang='lat' dir='ltr'><strong>praelium,</strong></span> <span class='ocrx_word' id='word_1_633' title='bbox 3405 4456 3626 4528; x_wconf 75' lang='lat' dir='ltr'><strong>segnius</strong></span> <span class='ocrx_word' id='word_1_634' title='bbox 3665 4463 3744 4503; x_wconf 85' lang='lat' dir='ltr'><strong>re-</strong></span> 
     </span>
    </p>
   </div>
   <div class='ocr_carea' id='block_1_88' title="bbox 2177 4548 3747 4629">
    <p class='ocr_par' dir='ltr' id='par_1_88' title="bbox 2177 4548 3747 4629">
     <span class='ocr_line' id='line_1_88' title="bbox 2177 4548 3747 4629; baseline -0.015 -15"><span class='ocrx_word' id='word_1_635' title='bbox 2177 4562 2522 4629; x_wconf 87' lang='lat' dir='ltr'><strong>missiusque</strong></span> <span class='ocrx_word' id='word_1_636' title='bbox 2574 4573 2739 4628; x_wconf 87' lang='lat' dir='ltr'><strong>quam</strong></span> <span class='ocrx_word' id='word_1_637' title='bbox 2789 4572 2818 4610; x_wconf 85' lang='lat' dir='ltr'><strong>a</strong></span> <span class='ocrx_word' id='word_1_638' title='bbox 2863 4565 2973 4609; x_wconf 91' lang='lat' dir='ltr'><strong>tam</strong></span> <span class='ocrx_word' id='word_1_639' title='bbox 3025 4553 3340 4608; x_wconf 86' lang='lat' dir='ltr'><strong>numerosis</strong></span> <span class='ocrx_word' id='word_1_640' title='bbox 3391 4549 3566 4619; x_wconf 87' lang='lat' dir='ltr'><strong>c0piis</strong></span> <span class='ocrx_word' id='word_1_641' title='bbox 3600 4548 3747 4598; x_wconf 88' lang='lat' dir='ltr'><strong>tanto</strong></span> 
     </span>
    </p>
   </div>
   <div class='ocr_carea' id='block_1_89' title="bbox 484 4636 3746 4737">
    <p class='ocr_par' dir='ltr' id='par_1_89' title="bbox 484 4636 3746 4737">
     <span class='ocr_line' id='line_1_89' title="bbox 484 4636 3746 4737; baseline -0.014 -12"><span class='ocrx_word' id='word_1_642' title='bbox 484 4680 539 4725; x_wconf 72' lang='grc' dir='ltr'>(τί.</span> <span class='ocrx_word' id='word_1_643' title='bbox 579 4667 840 4737; x_wconf 86' lang='lat' dir='ltr'><strong>precibus</strong></span> <span class='ocrx_word' id='word_1_644' title='bbox 889 4663 1096 4716; x_wconf 83' lang='lat' dir='ltr'><strong>infimis</strong></span> <span class='ocrx_word' id='word_1_645' title='bbox 1138 4672 1186 4716; x_wconf 82' lang='lat' dir='ltr'><strong>Cl</strong></span> <span class='ocrx_word' id='word_1_646' title='bbox 1252 4645 1564 4713; x_wconf 83' lang='lat' dir='ltr'><strong>rationibus</strong></span> <span class='ocrx_word' id='word_1_647' title='bbox 1615 4655 1851 4716; x_wconf 81' lang='lat' dir='ltr'><strong>idoneis,</strong></span> <span class='ocrx_word' id='word_1_648' title='bbox 1903 4652 2059 4706; x_wconf 86' lang='lat' dir='ltr'><strong>meri-</strong></span> <span class='ocrx_word' id='word_1_649' title='bbox 2097 4659 2150 4720; x_wconf 76' lang='grc' dir='ltr'><strong>ι)</strong></span> <span class='ocrx_word' id='word_1_650' title='bbox 2180 4655 2444 4724; x_wconf 70' lang='lat' dir='ltr'><strong>utrinque</strong></span> <span class='ocrx_word' id='word_1_651' title='bbox 2481 4660 2747 4722; x_wconf 63' lang='lat' dir='ltr'><strong>apparatu</strong></span> <span class='ocrx_word' id='word_1_652' title='bbox 2789 4649 2988 4703; x_wconf 64' lang='lat' dir='ltr'><strong>infeste</strong></span> <span class='ocrx_word' id='word_1_653' title='bbox 3021 4647 3256 4701; x_wconf 76' lang='lat' dir='ltr'><strong>invicem</strong></span> <span class='ocrx_word' id='word_1_654' title='bbox 3289 4636 3746 4699; x_wconf 74' lang='lat' dir='ltr'><strong>concurremibus</strong></span> 
     </span>
    </p>
   </div>
   <div class='ocr_carea' id='block_1_90' title="bbox 485 4745 2070 4834">
    <p class='ocr_par' dir='ltr' id='par_1_90' title="bbox 485 4745 2070 4834">
     <span class='ocr_line' id='line_1_90' title="bbox 485 4745 2070 4834; baseline -0.015 -13"><span class='ocrx_word' id='word_1_655' title='bbox 485 4768 671 4834; x_wconf 82' lang='lat' dir='ltr'><strong>lisque</strong></span> <span class='ocrx_word' id='word_1_656' title='bbox 714 4760 890 4830; x_wconf 88' lang='lat' dir='ltr'><strong>ipsius</strong></span> <span class='ocrx_word' id='word_1_657' title='bbox 936 4745 1006 4812; x_wconf 87' lang='lat' dir='ltr'><strong>ac</strong></span> <span class='ocrx_word' id='word_1_658' title='bbox 1057 4754 1403 4810; x_wconf 87' lang='lat' dir='ltr'><strong>defensionis</strong></span> <span class='ocrx_word' id='word_1_659' title='bbox 1437 4749 1783 4820; x_wconf 81' lang='lat' dir='ltr'><strong>argumentis</strong></span> <span class='ocrx_word' id='word_1_660' title='bbox 1825 4747 2070 4814; x_wconf 85' lang='lat' dir='ltr'><strong>allegan—</strong></span> 
     </span>
    </p>
   </div>
   <div class='ocr_carea' id='block_1_91' title="bbox 484 4834 2070 4924">
    <p class='ocr_par' dir='ltr' id='par_1_91' title="bbox 484 4834 2070 4924">
     <span class='ocr_line' id='line_1_91' title="bbox 484 4834 2070 4924; baseline -0.015 -14"><span class='ocrx_word' id='word_1_661' title='bbox 484 4860 572 4912; x_wconf 88' lang='lat' dir='ltr'><strong>dis</strong></span> <span class='ocrx_word' id='word_1_662' title='bbox 628 4853 902 4924; x_wconf 86' lang='lat' dir='ltr'><strong>plurimis,</strong></span> <span class='ocrx_word' id='word_1_663' title='bbox 959 4863 1103 4918; x_wconf 75' lang='lat' dir='ltr'><strong>aegre</strong></span> <span class='ocrx_word' id='word_1_664' title='bbox 1159 4846 1382 4901; x_wconf 89' lang='lat' dir='ltr'><strong>tandem</strong></span> <span class='ocrx_word' id='word_1_665' title='bbox 1431 4840 1792 4897; x_wconf 69' lang='lat' dir='ltr'><strong>liontzerium</strong></span> <span class='ocrx_word' id='word_1_666' title='bbox 1837 4834 2070 4890; x_wconf 82' lang='lat' dir='ltr'><strong>avertis-</strong></span> 
     </span>
    </p>
   </div>
   <div class='ocr_carea' id='block_1_92' title="bbox 486 4925 2067 5014">
    <p class='ocr_par' dir='ltr' id='par_1_92' title="bbox 486 4925 2067 5014">
     <span class='ocr_line' id='line_1_92' title="bbox 486 4925 2067 5014; baseline -0.017 -10"><span class='ocrx_word' id='word_1_667' title='bbox 486 4957 670 5004; x_wconf 88' lang='lat' dir='ltr'><strong>senta</strong></span> <span class='ocrx_word' id='word_1_668' title='bbox 704 4944 988 5014; x_wconf 85' lang='lat' dir='ltr'><strong>proposito</strong></span> <span class='ocrx_word' id='word_1_669' title='bbox 1039 4940 1164 4995; x_wconf 83' lang='lat' dir='ltr'><strong>talis</strong></span> <span class='ocrx_word' id='word_1_670' title='bbox 1207 4939 1308 4992; x_wconf 88' lang='lat' dir='ltr'><strong>viri</strong></span> <span class='ocrx_word' id='word_1_671' title='bbox 1352 4937 1462 4990; x_wconf 89' lang='lat' dir='ltr'><strong>leto</strong></span> <span class='ocrx_word' id='word_1_672' title='bbox 1518 4931 1741 4986; x_wconf 89' lang='lat' dir='ltr'><strong>informi</strong></span> <span class='ocrx_word' id='word_1_673' title='bbox 1778 4925 2067 4983; x_wconf 76' lang='lat' dir='ltr'><strong>enecandi.</strong></span> 
     </span>
    </p>
   </div>
   <div class='ocr_carea' id='block_1_93' title="bbox 489 5018 2069 5100">
    <p class='ocr_par' dir='ltr' id='par_1_93' title="bbox 489 5018 2069 5100">
     <span class='ocr_line' id='line_1_93' title="bbox 489 5018 2069 5100; baseline -0.015 -9"><span class='ocrx_word' id='word_1_674' title='bbox 489 5041 657 5094; x_wconf 83' lang='lat' dir='ltr'><strong>Porro</strong></span> <span class='ocrx_word' id='word_1_675' title='bbox 692 5040 818 5091; x_wconf 90' lang='lat' dir='ltr'><strong>hinc</strong></span> <span class='ocrx_word' id='word_1_676' title='bbox 851 5034 961 5088; x_wconf 82' lang='lat' dir='ltr'><strong>dux</strong></span> <span class='ocrx_word' id='word_1_677' title='bbox 1008 5033 1150 5087; x_wconf 88' lang='lat' dir='ltr'><strong>idem</strong></span> <span class='ocrx_word' id='word_1_678' title='bbox 1189 5043 1420 5100; x_wconf 86' lang='lat' dir='ltr'><strong>magnus</strong></span> <span class='ocrx_word' id='word_1_679' title='bbox 1457 5026 1679 5081; x_wconf 85' lang='lat' dir='ltr'><strong>Chliara</strong></span> <span class='ocrx_word' id='word_1_680' title='bbox 1710 5032 1766 5078; x_wconf 89' lang='lat' dir='ltr'><strong>et</strong></span> <span class='ocrx_word' id='word_1_681' title='bbox 1801 5021 1915 5074; x_wconf 86' lang='lat' dir='ltr'><strong>loca</strong></span> <span class='ocrx_word' id='word_1_682' title='bbox 1948 5018 2069 5085; x_wconf 84' lang='lat' dir='ltr'><strong>ejus</strong></span> 
     </span>
    </p>
   </div>
   <div class='ocr_carea' id='block_1_94' title="bbox 486 5112 2070 5196">
    <p class='ocr_par' dir='ltr' id='par_1_94' title="bbox 486 5112 2070 5196">
     <span class='ocr_line' id='line_1_94' title="bbox 486 5112 2070 5196; baseline -0.013 -12"><span class='ocrx_word' id='word_1_683' title='bbox 486 5134 587 5187; x_wconf 77' lang='lat' dir='ltr'><strong>viae</strong></span> <span class='ocrx_word' id='word_1_684' title='bbox 639 5139 833 5184; x_wconf 62' lang='lat' dir='ltr'><strong>uetera</strong></span> <span class='ocrx_word' id='word_1_685' title='bbox 886 5127 1283 5196; x_wconf 86' lang='lat' dir='ltr'><strong>pertransiens,</strong></span> <span class='ocrx_word' id='word_1_686' title='bbox 1339 5122 1545 5174; x_wconf 84' lang='lat' dir='ltr'><strong>ducere</strong></span> <span class='ocrx_word' id='word_1_687' title='bbox 1586 5116 1844 5172; x_wconf 75' lang='lat' dir='ltr'><strong>fesrinato</strong></span> <span class='ocrx_word' id='word_1_688' title='bbox 1882 5112 2070 5178; x_wconf 73' lang='lat' dir='ltr'><strong>copias</strong></span> 
     </span>
    </p>
   </div>
   <div class='ocr_carea' id='block_1_95' title="bbox 488 5210 2070 5284">
    <p class='ocr_par' dir='ltr' id='par_1_95' title="bbox 488 5210 2070 5284">
     <span class='ocr_line' id='line_1_95' title="bbox 488 5210 2070 5284; baseline -0.013 -8"><span class='ocrx_word' id='word_1_689' title='bbox 488 5223 692 5278; x_wconf 71' lang='lat' dir='ltr'><strong>insutit</strong></span> <span class='ocrx_word' id='word_1_690' title='bbox 747 5230 899 5276; x_wconf 86' lang='lat' dir='ltr'><strong>recta</strong></span> <span class='ocrx_word' id='word_1_691' title='bbox 954 5215 1638 5284; x_wconf 84' lang='lat' dir='ltr'><strong>Philadelphiamversus,</strong></span> <span class='ocrx_word' id='word_1_692' title='bbox 1685 5217 1954 5265; x_wconf 80' lang='lat' dir='ltr'><strong>extreme.</strong></span> <span class='ocrx_word' id='word_1_693' title='bbox 2010 5210 2070 5256; x_wconf 92' lang='lat' dir='ltr'><strong>ut</strong></span> 
     </span>
    </p>
   </div>
   <div class='ocr_carea' id='block_1_96' title="bbox 488 5296 2072 5382">
    <p class='ocr_par' dir='ltr' id='par_1_96' title="bbox 488 5296 2072 5382">
     <span class='ocr_line' id='line_1_96' title="bbox 488 5296 2072 5382; baseline -0.015 -12"><span class='ocrx_word' id='word_1_694' title='bbox 488 5322 695 5373; x_wconf 67' lang='lat' dir='ltr'><strong>dictum</strong></span> <span class='ocrx_word' id='word_1_695' title='bbox 729 5327 836 5378; x_wconf 81' lang='lat' dir='ltr'><strong>est,</strong></span> <span class='ocrx_word' id='word_1_696' title='bbox 889 5313 1312 5382; x_wconf 86' lang='lat' dir='ltr'><strong>periclitantem.</strong></span> <span class='ocrx_word' id='word_1_697' title='bbox 1373 5306 1642 5371; x_wconf 83' lang='lat' dir='ltr'><strong>Quoniam</strong></span> <span class='ocrx_word' id='word_1_698' title='bbox 1678 5310 1863 5355; x_wconf 85' lang='lat' dir='ltr'><strong>autem</strong></span> <span class='ocrx_word' id='word_1_699' title='bbox 1891 5296 2072 5352; x_wconf 87' lang='lat' dir='ltr'><strong>conti-</strong></span> 
     </span>
    </p>
   </div>
   <div class='ocr_carea' id='block_1_97' title="bbox 489 5397 2070 5481">
    <p class='ocr_par' dir='ltr' id='par_1_97' title="bbox 489 5397 2070 5481">
     <span class='ocr_line' id='line_1_97' title="bbox 489 5397 2070 5481; baseline -0.014 -18"><span class='ocrx_word' id='word_1_700' title='bbox 489 5419 640 5481; x_wconf 64' lang='lat' dir='ltr'><strong>gerat</strong></span> <span class='ocrx_word' id='word_1_701' title='bbox 682 5409 965 5476; x_wconf 86' lang='lat' dir='ltr'><strong>aliquanto</strong></span> <span class='ocrx_word' id='word_1_702' title='bbox 1025 5411 1154 5456; x_wconf 83' lang='lat' dir='ltr'><strong>ante</strong></span> <span class='ocrx_word' id='word_1_703' title='bbox 1200 5401 1319 5469; x_wconf 90' lang='lat' dir='ltr'><strong>capi</strong></span> <span class='ocrx_word' id='word_1_704' title='bbox 1377 5397 1664 5465; x_wconf 88' lang='lat' dir='ltr'><strong>Tripolim,</strong></span> <span class='ocrx_word' id='word_1_705' title='bbox 1720 5409 1877 5448; x_wconf 74' lang='lat' dir='ltr'><strong>arces</strong></span> <span class='ocrx_word' id='word_1_706' title='bbox 1948 5403 2070 5457; x_wconf 72' lang='lat' dir='ltr'><strong>qua:</strong></span> 
     </span>
    </p>
   </div>
   <div class='ocr_carea' id='block_1_98' title="bbox 489 5487 2068 5556">
    <p class='ocr_par' dir='ltr' id='par_1_98' title="bbox 489 5487 2068 5556">
     <span class='ocr_line' id='line_1_98' title="bbox 489 5487 2068 5556; baseline -0.015 -3"><span class='ocrx_word' id='word_1_707' title='bbox 489 5505 636 5556; x_wconf 79' lang='lat' dir='ltr'><strong>circa</strong></span> <span class='ocrx_word' id='word_1_708' title='bbox 687 5501 836 5551; x_wconf 79' lang='lat' dir='ltr'><strong>illaut</strong></span> <span class='ocrx_word' id='word_1_709' title='bbox 897 5496 1088 5548; x_wconf 83' lang='lat' dir='ltr'><strong>urbem</strong></span> <span class='ocrx_word' id='word_1_710' title='bbox 1151 5498 1312 5547; x_wconf 74' lang='lat' dir='ltr'><strong>erant</strong></span> <span class='ocrx_word' id='word_1_711' title='bbox 1372 5487 1690 5542; x_wconf 83' lang='lat' dir='ltr'><strong>necessario</strong></span> <span class='ocrx_word' id='word_1_712' title='bbox 1756 5496 1889 5552; x_wconf 89' lang='lat' dir='ltr'><strong>pace</strong></span> <span class='ocrx_word' id='word_1_713' title='bbox 1941 5492 2068 5532; x_wconf 80' lang='lat' dir='ltr'><strong>cum</strong></span> 
     </span>
    </p>
   </div>
   <div class='ocr_carea' id='block_1_99' title="bbox 491 5574 2067 5661">
    <p class='ocr_par' dir='ltr' id='par_1_99' title="bbox 491 5574 2067 5661">
     <span class='ocr_line' id='line_1_99' title="bbox 491 5574 2067 5661; baseline -0.016 -11"><span class='ocrx_word' id='word_1_714' title='bbox 491 5587 676 5650; x_wconf 80' lang='lat' dir='ltr'><strong>Persis</strong></span> <span class='ocrx_word' id='word_1_715' title='bbox 735 5589 1068 5661; x_wconf 81' lang='lat' dir='ltr'><strong>quihusdam</strong></span> <span class='ocrx_word' id='word_1_716' title='bbox 1133 5581 1545 5640; x_wconf 84' lang='lat' dir='ltr'><strong>conditionibus</strong></span> <span class='ocrx_word' id='word_1_717' title='bbox 1605 5580 1746 5634; x_wconf 88' lang='lat' dir='ltr'><strong>facta</strong></span> <span class='ocrx_word' id='word_1_718' title='bbox 1802 5574 2067 5643; x_wconf 63' lang='lat' dir='ltr'><strong>subjecta:</strong></span> 
     </span>
    </p>
   </div>
   <div class='ocr_carea' id='block_1_100' title="bbox 494 5666 2072 5757">
    <p class='ocr_par' dir='ltr' id='par_1_100' title="bbox 494 5666 2072 5757">
     <span class='ocr_line' id='line_1_100' title="bbox 494 5666 2072 5757; baseline -0.014 -17"><span class='ocrx_word' id='word_1_719' title='bbox 494 5688 628 5757; x_wconf 72' lang='lat' dir='ltr'><strong>ipsis</strong></span> <span class='ocrx_word' id='word_1_720' title='bbox 672 5670 1082 5753; x_wconf 70' lang='lat' dir='ltr'><strong>t‘piadatntenus</strong></span> <span class='ocrx_word' id='word_1_721' title='bbox 1135 5686 1317 5738; x_wconf 86' lang='lat' dir='ltr'><strong>erant,</strong></span> <span class='ocrx_word' id='word_1_722' title='bbox 1367 5675 1502 5727; x_wconf 90' lang='lat' dir='ltr'><strong>citra</strong></span> <span class='ocrx_word' id='word_1_723' title='bbox 1545 5681 1726 5724; x_wconf 81' lang='lat' dir='ltr'><strong>tamen</strong></span> <span class='ocrx_word' id='word_1_724' title='bbox 1779 5666 2072 5722; x_wconf 81' lang='lat' dir='ltr'><strong>admissio-</strong></span> 
     </span>
    </p>
   </div>
   <div class='ocr_carea' id='block_1_101' title="bbox 495 5759 2067 5846">
    <p class='ocr_par' dir='ltr' id='par_1_101' title="bbox 495 5759 2067 5846">
     <span class='ocr_line' id='line_1_101' title="bbox 495 5759 2067 5846; baseline -0.016 -14"><span class='ocrx_word' id='word_1_725' title='bbox 495 5795 618 5833; x_wconf 89' lang='lat' dir='ltr'><strong>ncm</strong></span> <span class='ocrx_word' id='word_1_726' title='bbox 653 5773 893 5846; x_wconf 63' lang='lat' dir='ltr'><strong>praesidii</strong></span> <span class='ocrx_word' id='word_1_727' title='bbox 931 5767 1137 5822; x_wconf 80' lang='lat' dir='ltr'><strong>Persici</strong></span> <span class='ocrx_word' id='word_1_728' title='bbox 1177 5782 1274 5822; x_wconf 86' lang='lat' dir='ltr'><strong>seu</strong></span> <span class='ocrx_word' id='word_1_729' title='bbox 1325 5762 1506 5834; x_wconf 88' lang='lat' dir='ltr'><strong>potius</strong></span> <span class='ocrx_word' id='word_1_730' title='bbox 1557 5759 1867 5816; x_wconf 86' lang='lat' dir='ltr'><strong>Carmauici</strong></span> <span class='ocrx_word' id='word_1_731' title='bbox 1897 5775 1909 5809; x_wconf 88' lang='lat'>:</span> <span class='ocrx_word' id='word_1_732' title='bbox 1941 5771 2067 5810; x_wconf 89' lang='lat' dir='ltr'><strong>nam</strong></span> 
     </span>
    </p>
   </div>
   <div class='ocr_carea' id='block_1_102' title="bbox 497 5851 2069 5931">
    <p class='ocr_par' dir='ltr' id='par_1_102' title="bbox 497 5851 2069 5931">
     <span class='ocr_line' id='line_1_102' title="bbox 497 5851 2069 5931; baseline -0.014 -11"><span class='ocrx_word' id='word_1_733' title='bbox 497 5869 548 5921; x_wconf 88' lang='lat' dir='ltr'><strong>hi</strong></span> <span class='ocrx_word' id='word_1_734' title='bbox 603 5881 728 5918; x_wconf 78' lang='lat' dir='ltr'><strong>cum</strong></span> <span class='ocrx_word' id='word_1_735' title='bbox 791 5862 995 5931; x_wconf 86' lang='lat' dir='ltr'><strong>quibus</strong></span> <span class='ocrx_word' id='word_1_736' title='bbox 1054 5859 1159 5914; x_wconf 86' lang='lat' dir='ltr'><strong>ista</strong></span> <span class='ocrx_word' id='word_1_737' title='bbox 1219 5858 1538 5926; x_wconf 83' lang='lat' dir='ltr'><strong>pepigerant</strong></span> <span class='ocrx_word' id='word_1_738' title='bbox 1582 5851 1838 5906; x_wconf 77' lang='lat' dir='ltr'><strong>Garumni</strong></span> <span class='ocrx_word' id='word_1_739' title='bbox 1889 5855 2069 5911; x_wconf 87' lang='lat' dir='ltr'><strong>erant,</strong></span> 
     </span>
    </p>
   </div>
   <div class='ocr_carea' id='block_1_103' title="bbox 501 5946 2073 6034">
    <p class='ocr_par' dir='ltr' id='par_1_103' title="bbox 501 5946 2073 6034">
     <span class='ocr_line' id='line_1_103' title="bbox 501 5946 2073 6034; baseline -0.011 -21"><span class='ocrx_word' id='word_1_740' title='bbox 501 5959 759 6034; x_wconf 43' lang='lat' dir='ltr'><strong>prlavripui</strong></span> <span class='ocrx_word' id='word_1_741' title='bbox 803 5969 855 6011; x_wconf 85' lang='lat' dir='ltr'><strong>ct</strong></span> <span class='ocrx_word' id='word_1_742' title='bbox 884 5953 1167 6010; x_wconf 70' lang='lat' dir='ltr'><strong>fortissimi</strong></span> <span class='ocrx_word' id='word_1_743' title='bbox 1201 5951 1522 6016; x_wconf 79' lang='lat' dir='ltr'><strong>Persarum,</strong></span> <span class='ocrx_word' id='word_1_744' title='bbox 1563 5946 1790 6014; x_wconf 70' lang='lat' dir='ltr'><strong>Alisyrw</strong></span> <span class='ocrx_word' id='word_1_745' title='bbox 1817 5948 2073 6014; x_wconf 74' lang='lat' dir='ltr'><strong>parentes</strong></span> 
     </span>
    </p>
   </div>
   <div class='ocr_carea' id='block_1_104' title="bbox 2172 4731 3750 4816">
    <p class='ocr_par' dir='ltr' id='par_1_104' title="bbox 2172 4731 3750 4816">
     <span class='ocr_line' id='line_1_104' title="bbox 2172 4731 3750 4816; baseline -0.017 -14"><span class='ocrx_word' id='word_1_746' title='bbox 2172 4745 2484 4816; x_wconf 84' lang='lat' dir='ltr'><strong>exspectari</strong></span> <span class='ocrx_word' id='word_1_747' title='bbox 2555 4743 2847 4798; x_wconf 78' lang='lat' dir='ltr'><strong>debuerat.</strong></span> <span class='ocrx_word' id='word_1_748' title='bbox 2935 4738 3149 4792; x_wconf 77' lang='lat' dir='ltr'><strong>Dicitur</strong></span> <span class='ocrx_word' id='word_1_749' title='bbox 3219 4746 3405 4792; x_wconf 87' lang='lat' dir='ltr'><strong>tamen</strong></span> <span class='ocrx_word' id='word_1_750' title='bbox 3469 4731 3750 4788; x_wconf 88' lang='lat' dir='ltr'><strong>vulnerato</strong></span> 
     </span>
    </p>
   </div>
   <div class='ocr_carea' id='block_1_105' title="bbox 2173 4829 3745 4908">
    <p class='ocr_par' dir='ltr' id='par_1_105' title="bbox 2173 4829 3745 4908">
     <span class='ocr_line' id='line_1_105' title="bbox 2173 4829 3745 4908; baseline -0.017 -15"><span class='ocrx_word' id='word_1_751' title='bbox 2173 4840 2392 4908; x_wconf 81' lang='lat' dir='ltr'><strong>Alisyra</strong></span> <span class='ocrx_word' id='word_1_752' title='bbox 2426 4836 2620 4907; x_wconf 88' lang='lat' dir='ltr'><strong>primis</strong></span> <span class='ocrx_word' id='word_1_753' title='bbox 2647 4836 2834 4890; x_wconf 89' lang='lat' dir='ltr'><strong>statim</strong></span> <span class='ocrx_word' id='word_1_754' title='bbox 2866 4830 3328 4902; x_wconf 75' lang='lat' dir='ltr'><strong>iaculationibus,</strong></span> <span class='ocrx_word' id='word_1_755' title='bbox 3362 4843 3428 4881; x_wconf 88' lang='lat' dir='ltr'><strong>ac</strong></span> <span class='ocrx_word' id='word_1_756' title='bbox 3468 4829 3745 4896; x_wconf 85' lang='lat' dir='ltr'><strong>propterea</strong></span> 
     </span>
    </p>
   </div>
   <div class='ocr_carea' id='block_1_106' title="bbox 2179 4911 3746 4996">
    <p class='ocr_par' dir='ltr' id='par_1_106' title="bbox 2179 4911 3746 4996">
     <span class='ocr_line' id='line_1_106' title="bbox 2179 4911 3746 4996; baseline -0.017 -12"><span class='ocrx_word' id='word_1_757' title='bbox 2179 4931 2365 4996; x_wconf 78' lang='lat' dir='ltr'><strong>fugam</strong></span> <span class='ocrx_word' id='word_1_758' title='bbox 2419 4929 2695 4996; x_wconf 88' lang='lat' dir='ltr'><strong>respicere</strong></span> <span class='ocrx_word' id='word_1_759' title='bbox 2757 4934 2980 4988; x_wconf 73' lang='lat' dir='ltr'><strong>coacto,</strong></span> <span class='ocrx_word' id='word_1_760' title='bbox 3037 4933 3189 4978; x_wconf 85' lang='lat' dir='ltr'><strong>retro</strong></span> <span class='ocrx_word' id='word_1_761' title='bbox 3239 4921 3482 4976; x_wconf 89' lang='lat' dir='ltr'><strong>cessisse</strong></span> <span class='ocrx_word' id='word_1_762' title='bbox 3535 4911 3746 4983; x_wconf 83' lang='lat' dir='ltr'><strong>quidem</strong></span> 
     </span>
    </p>
   </div>
   <div class='ocr_carea' id='block_1_107' title="bbox 2175 5003 3746 5082">
    <p class='ocr_par' dir='ltr' id='par_1_107' title="bbox 2175 5003 3746 5082">
     <span class='ocr_line' id='line_1_107' title="bbox 2175 5003 3746 5082; baseline -0.017 -9"><span class='ocrx_word' id='word_1_763' title='bbox 2175 5019 2398 5081; x_wconf 89' lang='lat' dir='ltr'><strong>Persas,</strong></span> <span class='ocrx_word' id='word_1_764' title='bbox 2444 5015 2538 5070; x_wconf 91' lang='lat' dir='ltr'><strong>sed</strong></span> <span class='ocrx_word' id='word_1_765' title='bbox 2586 5013 2806 5068; x_wconf 91' lang='lat' dir='ltr'><strong>militari</strong></span> <span class='ocrx_word' id='word_1_766' title='bbox 2864 5008 3036 5082; x_wconf 77' lang='lat' dir='ltr'><strong>gradu</strong></span> <span class='ocrx_word' id='word_1_767' title='bbox 3075 5017 3130 5064; x_wconf 89' lang='lat' dir='ltr'><strong>et</strong></span> <span class='ocrx_word' id='word_1_768' title='bbox 3176 5010 3314 5063; x_wconf 91' lang='lat' dir='ltr'><strong>citra</strong></span> <span class='ocrx_word' id='word_1_769' title='bbox 3368 5003 3746 5060; x_wconf 83' lang='lat' dir='ltr'><strong>confusionem</strong></span> 
     </span>
    </p>
   </div>
   <div class='ocr_carea' id='block_1_108' title="bbox 2175 5090 3749 5166">
    <p class='ocr_par' dir='ltr' id='par_1_108' title="bbox 2175 5090 3749 5166">
     <span class='ocr_line' id='line_1_108' title="bbox 2175 5090 3749 5166; baseline -0.017 0"><span class='ocrx_word' id='word_1_770' title='bbox 2175 5121 2272 5166; x_wconf 90' lang='lat' dir='ltr'><strong>aut</strong></span> <span class='ocrx_word' id='word_1_771' title='bbox 2305 5108 2641 5164; x_wconf 88' lang='lat' dir='ltr'><strong>solutionem</strong></span> <span class='ocrx_word' id='word_1_772' title='bbox 2675 5105 2956 5159; x_wconf 87' lang='lat' dir='ltr'><strong>ordinum.</strong></span> <span class='ocrx_word' id='word_1_773' title='bbox 2993 5102 3105 5156; x_wconf 80' lang='lat' dir='ltr'><strong>llos</strong></span> <span class='ocrx_word' id='word_1_774' title='bbox 3140 5116 3211 5155; x_wconf 89' lang='lat' dir='ltr'><strong>ne</strong></span> <span class='ocrx_word' id='word_1_775' title='bbox 3237 5099 3424 5154; x_wconf 88' lang='lat' dir='ltr'><strong>acrius</strong></span> <span class='ocrx_word' id='word_1_776' title='bbox 3458 5103 3514 5150; x_wconf 87' lang='lat' dir='ltr'><strong>et</strong></span> <span class='ocrx_word' id='word_1_777' title='bbox 3538 5090 3749 5159; x_wconf 77' lang='lat' dir='ltr'><strong>longius</strong></span> 
     </span>
    </p>
   </div>
   <div class='ocr_carea' id='block_1_109' title="bbox 2175 5179 3742 5269">
    <p class='ocr_par' dir='ltr' id='par_1_109' title="bbox 2175 5179 3742 5269">
     <span class='ocr_line' id='line_1_109' title="bbox 2175 5179 3742 5269; baseline -0.015 -14"><span class='ocrx_word' id='word_1_778' title='bbox 2175 5200 2350 5269; x_wconf 72' lang='lat' dir='ltr'><strong>copiae</strong></span> <span class='ocrx_word' id='word_1_779' title='bbox 2379 5197 2562 5268; x_wconf 82' lang='lat' dir='ltr'><strong>magni</strong></span> <span class='ocrx_word' id='word_1_780' title='bbox 2598 5195 2758 5249; x_wconf 91' lang='lat' dir='ltr'><strong>ducis</strong></span> <span class='ocrx_word' id='word_1_781' title='bbox 2790 5196 3235 5259; x_wconf 76' lang='lat' dir='ltr'><strong>insequerentur,</strong></span> <span class='ocrx_word' id='word_1_782' title='bbox 3270 5203 3333 5242; x_wconf 90' lang='lat' dir='ltr'><strong>ea</strong></span> <span class='ocrx_word' id='word_1_783' title='bbox 3361 5201 3528 5240; x_wconf 88' lang='lat' dir='ltr'><strong>causa</strong></span> <span class='ocrx_word' id='word_1_784' title='bbox 3570 5179 3742 5235; x_wconf 83' lang='lat' dir='ltr'><strong>obsti—</strong></span> 
     </span>
    </p>
   </div>
   <div class='ocr_carea' id='block_1_110' title="bbox 2180 5278 3745 5354">
    <p class='ocr_par' dir='ltr' id='par_1_110' title="bbox 2180 5278 3745 5354">
     <span class='ocr_line' id='line_1_110' title="bbox 2180 5278 3745 5354; baseline -0.015 -10"><span class='ocrx_word' id='word_1_785' title='bbox 2180 5293 2318 5347; x_wconf 86' lang='lat' dir='ltr'><strong>tisse</strong></span> <span class='ocrx_word' id='word_1_786' title='bbox 2379 5290 2690 5350; x_wconf 75' lang='lat' dir='ltr'><strong>dicebatur,</strong></span> <span class='ocrx_word' id='word_1_787' title='bbox 2736 5284 2886 5354; x_wconf 83' lang='lat' dir='ltr'><strong>quod</strong></span> <span class='ocrx_word' id='word_1_788' title='bbox 2932 5285 3014 5336; x_wconf 78' lang='lat' dir='ltr'><strong>ha:</strong></span> <span class='ocrx_word' id='word_1_789' title='bbox 3055 5280 3332 5334; x_wconf 89' lang='lat' dir='ltr'><strong>trifariam</strong></span> <span class='ocrx_word' id='word_1_790' title='bbox 3371 5279 3426 5331; x_wconf 94' lang='lat' dir='ltr'><strong>in</strong></span> <span class='ocrx_word' id='word_1_791' title='bbox 3467 5287 3661 5345; x_wconf 84' lang='lat' dir='ltr'><strong>genera</strong></span> <span class='ocrx_word' id='word_1_792' title='bbox 3695 5278 3745 5322; x_wconf 88' lang='lat' dir='ltr'><strong>et</strong></span> 
     </span>
    </p>
   </div>
   <div class='ocr_carea' id='block_1_111' title="bbox 2175 5363 3746 5453">
    <p class='ocr_par' dir='ltr' id='par_1_111' title="bbox 2175 5363 3746 5453">
     <span class='ocr_line' id='line_1_111' title="bbox 2175 5363 3746 5453; baseline -0.019 -14"><span class='ocrx_word' id='word_1_793' title='bbox 2175 5398 2412 5453; x_wconf 89' lang='lat' dir='ltr'><strong>corpora</strong></span> <span class='ocrx_word' id='word_1_794' title='bbox 2468 5379 2696 5434; x_wconf 69' lang='lat' dir='ltr'><strong>totidem</strong></span> <span class='ocrx_word' id='word_1_795' title='bbox 2747 5377 2940 5452; x_wconf 71' lang='lat' dir='ltr'><strong>divisa:</strong></span> <span class='ocrx_word' id='word_1_796' title='bbox 2989 5375 3168 5443; x_wconf 89' lang='lat' dir='ltr'><strong>(suam</strong></span> <span class='ocrx_word' id='word_1_797' title='bbox 3221 5371 3367 5428; x_wconf 87' lang='lat' dir='ltr'><strong>enim</strong></span> <span class='ocrx_word' id='word_1_798' title='bbox 3409 5368 3514 5422; x_wconf 83' lang='lat' dir='ltr'><strong>sibi</strong></span> <span class='ocrx_word' id='word_1_799' title='bbox 3550 5363 3746 5434; x_wconf 83' lang='lat' dir='ltr'><strong>quique</strong></span> 
     </span>
    </p>
   </div>
   <div class='ocr_carea' id='block_1_112' title="bbox 2177 5463 3741 5537">
    <p class='ocr_par' dir='ltr' id='par_1_112' title="bbox 2177 5463 3741 5537">
     <span class='ocr_line' id='line_1_112' title="bbox 2177 5463 3741 5537; baseline -0.019 -3"><span class='ocrx_word' id='word_1_800' title='bbox 2177 5479 2411 5534; x_wconf 89' lang='lat' dir='ltr'><strong>seorsim</strong></span> <span class='ocrx_word' id='word_1_801' title='bbox 2466 5474 2614 5537; x_wconf 86' lang='lat' dir='ltr'><strong>Itali,</strong></span> <span class='ocrx_word' id='word_1_802' title='bbox 2651 5473 2808 5525; x_wconf 87' lang='lat' dir='ltr'><strong>Alani</strong></span> <span class='ocrx_word' id='word_1_803' title='bbox 2850 5480 2904 5524; x_wconf 92' lang='lat' dir='ltr'><strong>et</strong></span> <span class='ocrx_word' id='word_1_804' title='bbox 2957 5467 3191 5522; x_wconf 80' lang='lat' dir='ltr'><strong>Romani</strong></span> <span class='ocrx_word' id='word_1_805' title='bbox 3245 5463 3400 5536; x_wconf 89' lang='lat' dir='ltr'><strong>quasi</strong></span> <span class='ocrx_word' id='word_1_806' title='bbox 3443 5466 3741 5528; x_wconf 86' lang='lat' dir='ltr'><strong>separatam</strong></span> 
     </span>
    </p>
   </div>
   <div class='ocr_carea' id='block_1_113' title="bbox 2180 5558 3746 5632">
    <p class='ocr_par' dir='ltr' id='par_1_113' title="bbox 2180 5558 3746 5632">
     <span class='ocr_line' id='line_1_113' title="bbox 2180 5558 3746 5632; baseline -0.015 -11"><span class='ocrx_word' id='word_1_807' title='bbox 2180 5570 2353 5624; x_wconf 84' lang='lat' dir='ltr'><strong>aciem</strong></span> <span class='ocrx_word' id='word_1_808' title='bbox 2390 5565 2689 5632; x_wconf 86' lang='lat' dir='ltr'><strong>habebant)</strong></span> <span class='ocrx_word' id='word_1_809' title='bbox 2718 5562 3030 5616; x_wconf 87' lang='lat' dir='ltr'><strong>immiscere</strong></span> <span class='ocrx_word' id='word_1_810' title='bbox 3059 5574 3117 5621; x_wconf 79' lang='lat' dir='ltr'><strong>se</strong></span> <span class='ocrx_word' id='word_1_811' title='bbox 3147 5560 3404 5619; x_wconf 88' lang='lat' dir='ltr'><strong>invicem,</strong></span> <span class='ocrx_word' id='word_1_812' title='bbox 3433 5558 3594 5622; x_wconf 85' lang='lat' dir='ltr'><strong>prout</strong></span> <span class='ocrx_word' id='word_1_813' title='bbox 3615 5559 3746 5615; x_wconf 87' lang='lat' dir='ltr'><strong>opus</strong></span> 
     </span>
    </p>
   </div>
   <div class='ocr_carea' id='block_1_114' title="bbox 2180 5642 3743 5715">
    <p class='ocr_par' dir='ltr' id='par_1_114' title="bbox 2180 5642 3743 5715">
     <span class='ocr_line' id='line_1_114' title="bbox 2180 5642 3743 5715; baseline -0.016 -1"><span class='ocrx_word' id='word_1_814' title='bbox 2180 5669 2301 5715; x_wconf 88' lang='lat' dir='ltr'><strong>erat</strong></span> <span class='ocrx_word' id='word_1_815' title='bbox 2349 5658 2416 5711; x_wconf 89' lang='lat' dir='ltr'><strong>ad</strong></span> <span class='ocrx_word' id='word_1_816' title='bbox 2482 5666 2706 5711; x_wconf 84' lang='lat' dir='ltr'><strong>strenue</strong></span> <span class='ocrx_word' id='word_1_817' title='bbox 2760 5653 3079 5708; x_wconf 85' lang='lat' dir='ltr'><strong>instandum</strong></span> <span class='ocrx_word' id='word_1_818' title='bbox 3119 5647 3466 5706; x_wconf 84' lang='lat' dir='ltr'><strong>cedentibus,</strong></span> <span class='ocrx_word' id='word_1_819' title='bbox 3505 5642 3743 5697; x_wconf 82' lang='lat' dir='ltr'><strong>noluere,</strong></span> 
     </span>
    </p>
   </div>
   <div class='ocr_carea' id='block_1_115' title="bbox 2182 5730 3741 5813">
    <p class='ocr_par' dir='ltr' id='par_1_115' title="bbox 2182 5730 3741 5813">
     <span class='ocr_line' id='line_1_115' title="bbox 2182 5730 3741 5813; baseline -0.02 -3"><span class='ocrx_word' id='word_1_820' title='bbox 2182 5754 2278 5811; x_wconf 89' lang='lat' dir='ltr'><strong>sed</strong></span> <span class='ocrx_word' id='word_1_821' title='bbox 2305 5768 2364 5807; x_wconf 88' lang='lat' dir='ltr'><strong>se</strong></span> <span class='ocrx_word' id='word_1_822' title='bbox 2396 5761 2585 5806; x_wconf 87' lang='lat' dir='ltr'><strong>mutuo</strong></span> <span class='ocrx_word' id='word_1_823' title='bbox 2622 5743 3370 5813; x_wconf 73' lang='lat' dir='ltr'><strong>intueb:tntur,0pperientcs</strong></span> <span class='ocrx_word' id='word_1_824' title='bbox 3413 5734 3571 5802; x_wconf 87' lang='lat' dir='ltr'><strong>siqui</strong></span> <span class='ocrx_word' id='word_1_825' title='bbox 3603 5730 3741 5798; x_wconf 89' lang='lat' dir='ltr'><strong>prio-</strong></span> 
     </span>
    </p>
   </div>
   <div class='ocr_carea' id='block_1_116' title="bbox 2183 5822 3742 5908">
    <p class='ocr_par' dir='ltr' id='par_1_116' title="bbox 2183 5822 3742 5908">
     <span class='ocr_line' id='line_1_116' title="bbox 2183 5822 3742 5908; baseline -0.02 -8"><span class='ocrx_word' id='word_1_826' title='bbox 2183 5864 2270 5902; x_wconf 87' lang='lat' dir='ltr'><strong>res</strong></span> <span class='ocrx_word' id='word_1_827' title='bbox 2304 5845 2600 5903; x_wconf 84' lang='lat' dir='ltr'><strong>insilirent,</strong></span> <span class='ocrx_word' id='word_1_828' title='bbox 2649 5839 2803 5908; x_wconf 85' lang='lat' dir='ltr'><strong>quasi</strong></span> <span class='ocrx_word' id='word_1_829' title='bbox 2864 5852 2986 5889; x_wconf 71' lang='grc' dir='ltr'>ιιιοκ</span> <span class='ocrx_word' id='word_1_830' title='bbox 3032 5845 3084 5889; x_wconf 88' lang='lat' dir='ltr'><strong>et</strong></span> <span class='ocrx_word' id='word_1_831' title='bbox 3134 5835 3235 5903; x_wconf 88' lang='lat' dir='ltr'><strong>ipsi</strong></span> <span class='ocrx_word' id='word_1_832' title='bbox 3279 5825 3543 5887; x_wconf 85' lang='lat' dir='ltr'><strong>secuturi.</strong></span> <span class='ocrx_word' id='word_1_833' title='bbox 3580 5822 3742 5874; x_wconf 68' lang='lat' dir='ltr'><strong>Carte-</strong></span> 
     </span>
    </p>
   </div>
   <div class='ocr_carea' id='block_1_117' title="bbox 2181 5917 3738 6005">
    <p class='ocr_par' dir='ltr' id='par_1_117' title="bbox 2181 5917 3738 6005">
     <span class='ocr_line' id='line_1_117' title="bbox 2181 5917 3738 6005; baseline -0.018 -10"><span class='ocrx_word' id='word_1_834' title='bbox 2181 5955 2306 6002; x_wconf 70' lang='lat' dir='ltr'><strong>rum</strong></span> <span class='ocrx_word' id='word_1_835' title='bbox 2367 5953 2436 5992; x_wconf 87' lang='lat' dir='ltr'><strong>ue</strong></span> <span class='ocrx_word' id='word_1_836' title='bbox 2493 5933 2584 6005; x_wconf 87' lang='lat' dir='ltr'><strong>qui</strong></span> <span class='ocrx_word' id='word_1_837' title='bbox 2648 5930 2810 6003; x_wconf 90' lang='lat' dir='ltr'><strong>primi</strong></span> <span class='ocrx_word' id='word_1_838' title='bbox 2859 5929 3178 6001; x_wconf 56' lang='lat' dir='ltr'><strong>expedirent</strong></span> <span class='ocrx_word' id='word_1_839' title='bbox 3210 5924 3277 5980; x_wconf 83' lang='lat' dir='ltr'><strong>ad</strong></span> <span class='ocrx_word' id='word_1_840' title='bbox 3312 5926 3415 5977; x_wconf 82' lang='lat' dir='ltr'><strong>hoc</strong></span> <span class='ocrx_word' id='word_1_841' title='bbox 3465 5917 3738 5982; x_wconf 79' lang='lat' dir='ltr'><strong>impetum.</strong></span> 
     </span>
    </p>
   </div>
  </div>
