4024 6396
302 409 411 475 ἕὸε)

1246 419 1347 479 DE
1387 415 1837 479 ANDBONICO
1876 413 2355 475 PALAEOLOGO'
2375 413 2518 474 LIB.
2596 413 2659 474 ν.

3488 407 3605 470 60

303 525 425 588 λους
458 527 507 579 εἰ
554 526 984 597 προπηδήσειαν,
1042 529 1193 599 ὅμως
1251 533 1328 602 τῷ
1358 533 1465 585 ὑπὸ
1503 534 1616 587 τῶν
1648 533 1895 601 συνήθων
1925 533 1971 590 Α
2002 531 2322 599 ἀποστάτης
2352 528 2511 593 δόξας
2555 526 2743 595 ἐγγὺς,
2799 521 2880 590 εἷς
2917 525 3025 580 τῶν
3077 525 3377 596 βασιλικῶν
3420 526 3593 581 inno-

307 616 542 686 ὲνεδρῶν
576 621 862 687 Περσικῶν
915 623 1064 691 φόϐῳ
1114 624 1277 692 (μηδὲ
1333 626 1442 696 γὰρ
1476 622 1617 682 εἶναι
1674 627 1890 698 Πέρσας

309 709 469 775 ὄντας
494 712 818 767 ἐκλαθέσθαι
849 716 948 782 τῆς
980 718 1251 788 μηχανῆς)
1293 720 1617 790 ὲπεχὸμενοι
1663 723 1894 792 ὑφειμέ-

308 819 415 864 νως
441 803 734 855 ἐνέπιπτον
760 804 857 856 καὶ
889 805 1177 874 βάλλοντες
1211 809 1597 879 κατῃκίζοντο,
1633 809 1774 863 ὥστε
1798 812 1893 864 καὶ

308 893 524 962 Πέρσας
556 894 657 946 οὒκ
693 895 908 963 ὀλίγους
957 900 1167 953 πεσεῖν.
1212 898 1363 962 Τέως
1393 900 1439 954 δ’
1471 901 1722 955 ἐντεῦθεν
1764 902 1895 956 ἀνα-

308 980 683 1054 χωρησάντων
713 986 940 1057 Περσῶν
970 989 1358 1060 Φιλαδελφεΰσι
1386 990 1496 1047 τῶν
1544 995 1732 1049 κακῶν
1784 995 1893 1065 ἄμ-

309 1091 537 1139 πνευσις
561 1077 793 1146 γίνεται,
830 1082 925 1133 καὶ
942 1082 1088 1152 λιμῷ
1128 1084 1530 1147 κινδυνεύοντες
1571 1085 1893 1158 σιταρκοῦν-

307 1184 420 1232 ται,
442 1170 701 1240 καὶπρὸς
743 1171 810 1225 τὰ
829 1172 1009 1239 δεινὰ,
1045 1176 1110 1246 ἦν
1147 1192 1249 1228 που
1286 1179 1381 1231 καὶ
1418 1168 1890 1252 ὲπεισφρήσωσιν,

307 1259 588 1325 εὐέλπιδες
612 1262 884 1318 ἵστανται.
914 1265 1101 1331 Ἔδοξε
1126 1267 1183 1320 δὲ
1212 1268 1361 1338 μέγα
1390 1270 1452 1323 τὸ
1482 1270 1645 1341 ἔργον
1681 1273 1778 1326 καὶ
1806 1272 1894 1325 εὐ-

306 1352 580 1424 φημίσθη,
615 1357 690 1426 μὴ
710 1356 855 1421 ἄξιον
884 1357 944 1412 δν
965 1360 1205 1413 τοσοῖσδε
1230 1363 1325 1414 καὶ
1354 1360 1499 1416 οὕτω
1533 1362 1895 1433 παρασκευῆς

306 1443 547 1514 ἔχουσιν.
584 1446 755 1510 Αὐτὸς
779 1448 835 1501 δὲ
859 1449 954 1501 σὺν
979 1453 1090 1513 τοῖς
1128 1452 1270 1523 ἀμφ’
1302 1453 1465 1507 αύτδν
1495 1454 1750 1507 ἐντεῦθεν
1772 1471 1896 1524 τρε-

309 1536 486 1607 μούσῃ
521 1538 718 1610 καρδία
750 1541 864 1609 (καὶ
907 1542 1139 1607 Θάνατος
1164 1545 1275 1616 γὰρ
1326 1547 1389 1599 ὲκ
1418 1546 1517 1617 τῆς
1551 1545 1767 1616 πληγῆς
1814 1546 1895 1616 τῷ

317 1630 581 1701 Ἀλισύρα
630 1634 1002 1706 ἔπειρήμιστο)
1048 1638 1211 1690 τάκεῖ
1256 1638 1503 1703 διελθὼν,
1551 1641 1642 1693 καὶ
1674 1638 1751 1701 ὡς
1785 1638 1893 1692 ἔδει

305 1723 885 1795 κατασφαλισάμενος,
921 1728 1140 1800 ἔρχεται
1179 1730 1315 1801 πρὸς
1346 1733 1407 1786 τὺ
1443 1732 1759 1804 Ἀμούριον.

306 1834 406 1891 κδ’.
441 1835 582 1905 Περὶ
620 1838 726 1920 τοῦ
775 1839 1202 1922 ᾌττιιρειώζου
1238 1843 1348 1922 ’καί
1389 1844 1506 1922 τῷν
1540 1848 1894 1915 Marmora)—
1928 1868 1967 1922 Β

285 1983 290 1985 _
589 1910 713 1962 τῶν
740 1911 834 1963 καί
870 1911 977 1965 τοῦ
1007 1913 1202 1966 Aetium
1227 1913 1606 1984 Νοστόγγου.

382 1996 472 2068 [Ρ.
510 1998 638 2070 297]
682 2000 741 2053 Ὀ
771 2001 826 2053 δέ
854 2018 916 2067 γε
952 2003 1126 2070 μέγας
1153 2004 1278 2069 δοὺξ
1311 2006 1397 2057 ἐπ’
1425 2005 1604 2074 ὀλίγον
1638 2009 1702 2076 τῇ
1724 2005 1892 2059 Φιλα-

306 2090 528 2163 δ;λφείᾳ
557 2092 922 2163 ἐνδιατρίψας.
965 2098 1059 2149 καὶ
1087 2097 1248 2149 ίκανά
1273 2100 1530 2169 χρήματα
1561 2098 1891 2167 συλλεξάμε-

310 2199 421 2248 νος,
464 2184 654 2237 νόστου
691 2184 989 2258 ὲμέμνητο.
1034 2190 1144 2242 Καὶ
1176 2190 1238 2260 δὴ
1273 2193 1493 2244 τᾶκεῖσε
1522 2191 1696 2244 πάντα
1724 2191 1891 2260 φρού-

311 2290 402 2340 ρια
434 2276 989 2346 κατασφαλισάμενος
1015 2281 1123 2340 τοῖς
1155 2281 1295 2334 κατὰ
1324 2281 1417 2332 τὸν
1437 2282 1646 2353 Ἕρμον
1665 2283 1889 2351 Μαγνη-

310 2365 539 2431 σιὼταις
569 2369 959 2441 παραγίνεται.
995 2371 1107 2425 Καὶ
1134 2371 1256 2426 τότε
1287 2373 1315 2425 δ
1347 2373 1448 2443 μὲν
1500 2374 1765 2445 πρότερον
1795 2377 1890 2429 καὶ

310 2546 587 2603 deterruit
626 2557 808 2604 metus
853 2547 1198 2618 insidiarum,
1223 2568 1288 2609 ex
1330 2562 1458 2609 nota
1488 2558 1890 2613 consuetudine

312 2636 637 2703 Persarum,
664 2641 952 2707 subsidere
985 2642 1121 2697 locis
1146 2645 1281 2700 tutis
1306 2657 1358 2702 et
1390 2647 1613 2702 incaute
1646 2648 1890 2705 subeun-

312 2738 399 2784 tes
434 2730 690 2800 excipere
717 2732 1043 2800 solitorum;
1074 2751 1215 2805 quos
1241 2738 1403 2794 istius
1432 2738 1573 2810 ipsis
1602 2740 1891 2798 familiaris

316 2821 456 2876 artis
500 2823 923 2893 haudquaquam
960 2826 1054 2879 tali
1100 2834 1351 2898 tempore
1377 2844 1538 2885 usum
1582 2833 1889 2889 omissuros

312 2925 627 2984 appareret.
691 2916 882 2986 Itaque
946 2929 1105 2973 caute
1144 2920 1442 2977 admodum
1489 2931 1540 2977 et
1568 2924 1727 2996 longe
1749 2925 1890 2980 dun-

315 3013 466 3059 taxat
500 3006 550 3059 in
583 3016 732 3077 terga
760 3009 1071 3063 cedentium
1105 3011 1408 3079 iaculando
1445 3013 1677 3070 insecuti
1708 3019 1882 3074 nostri

312 3096 511 3152 Persas
561 3099 829 3171 fugientes
889 3112 1058 3157 sunt:
1099 3120 1334 3172 quorum
1388 3105 1470 3162 sic
1526 3115 1714 3164 tamen
1775 3106 1901 3167 non'

1995 622 2205 692 κόμων,
2252 620 2653 692 Ἀτταλειώτης
2682 619 3015 687 τούπίκλην,
3069 619 3166 674 ac;
3214 619 3345 690 παρ’
3379 618 3589 689 εἴδησιν

1996 713 2264 785 βασιλέως
2314 714 2412 768 καὶ
2439 713 2756 785 προσταγὴν
2792 714 3086 785 κατασχὼν
3134 711 3461 781 Μαγνησίαν
3492 714 3591 766 καὶ

2000 806 2167 870 ἰδίαις
2186 805 2300 859 τισὶ
2327 805 2585 875 Θελήσεσι
2617 806 2840 876 σύναμα
2862 808 2976 870 τοϊς
3006 805 3298 876 αὐτόχθοσι
3338 804 3586 868 διοικῶν,

1998 895 2124 965 μηδ’
2151 895 2319 949 αὐτοῦ
2344 896 2439 950 τοῦ
2462 897 2543 961 είς
2572 896 2821 968 κεφαλὴν
2852 897 3005 961 δντος
3027 896 3121 951 τοῦ
3145 896 3462 964 Νοστόγγου
3490 896 3587 949 καὶ

1996 985 2174 1040 Δούκα
2195 987 2524 1058 φροντίζων,
2565 989 2701 1058 μηδὲ
2728 990 2829 1057 τῆς
2871 990 3013 1060 πρὸς
3038 989 3140 1059 τὴν
3186 987 3344 1041 πόλιν
3374 986 3587 1040 εἰσόδου

1998 1076 2370 1149 παραχωρῶν,
2408 1078 2437 1129 ὁ
2464 1076 2595 1145 γοῦν
2615 1078 2859 1141 τοιοῦτος
2887 1077 3126 1144 ἐξελθὼν
3157 1078 3252 1130 καὶ
3277 1076 3460 1145 λόγοις
3489 1078 3585 1129 καὶ

1996 1166 2352 1222 ύποπτὼσεσι
2391 1167 2712 1239 παραυτίκα
2767 1168 2859 1221 τὸν
2904 1170 3078 1237 μέγαν
3118 1168 3288 1223 δοῦκα
3339 1166 3590 1238 ὲκμειλι-
3642 1221 3661 1239 ο

1998 1260 2231 1331 ξάμενος
2253 1261 2348 1316 καὶ
2377 1260 2605 1331 γαμικῷ
2642 1263 2795 1331 κήδει
2824 1262 3246 1333 δεξιωσάμενος,
3283 1263 3401 1331 ἅμα
3426 1281 3486 1316 τε
3516 1261 3602 1315 διν

1995 1353 2210 1407 ἐκείνου
2240 1355 2430 1418 πιστὸς
2458 1354 2603 1421 εδοξε
2630 1353 2865 1424 βασιλεῖ,
2901 1356 2997 1408 καὶ
3031 1355 3148 1425 ἅμα
3166 1358 3303 1417 ὅλως
3330 1352 3398 1425 ἦν
3436 1355 3586 1409 ἐκεί-

1996 1462 2074 1515 νῳ
2097 1445 2538 1516 ὑποταττόμενος
2565 1449 2658 1499 καὶ
2684 1430 2925 1500 ὑπείκων
2948 1448 3007 1509 ἐς
3044 1447 3072 1499 ὃ
3100 1448 3196 1500 καὶ⁵
3227 1448 3583 1518 προστάξειε.

1997 1539 2088 1610 Τῷ
2117 1538 2251 1609 γοῦν
2281 1539 2588 1609 Νοστόγγῳ
2617 1539 2823 1611 Δούκᾳ,
2876 1540 2935 1593 ὃν
2974 1540 3071 1594 καὶ
3100 1541 3159 1603 ἐς
3215 1540 3393 1609 μέγαν
3438 1541 3587 1593 ἐται-

1997 1630 2267 1701 ρειάρχην
2297 1630 2521 1701 κρατῶν
2550 1630 2743 1684 ἔταττε
2796 1633 3029 1701 γράφων
3081 1633 3451 1703 πριμικήριον
3482 1631 3585 1701 τῆς

1995 1722 2164 1792 αὐλῆς
2199 1722 2352 1786 ὄντα,
2410 1722 2511 1775 οὐκ
2565 1716 2709 1792 ἦσαν
2740 1722 2967 1794 θυμήρη
3001 1723 3099 1777 καὶ
3134 1722 3345 1792 ἀρεστὰ
3375 1722 3443 1775 τὰ
3475 1722 3589 1776 ἀπὸ

1997 1813 2092 1869 τοῦ
2126 1814 2365 1885 μεγάλου
2399 1813 2592 1877 δουκδς
2624 1814 3081 1885 προσταττόμενα
3102 1815 3172 1879 οί,
3209 1815 3322 1867 εἴτε
3357 1814 3465 1884 μὴν
3489 1813 3589 1867 καὶ

2001 1906 2376 1976 πραττόμενα.
2410 1904 2534 1957 Εἴτε
2562 1900 2656 1958 οὖν
2682 1905 3038 1975 ὑδριοπαοῶν
3068 1907 3278 1970 ἐκεῖνος
3302 1905 3361 1972 ἐξ
3381 1899 3456 1959 ὧν
3483 1905 3589 1957 αύο

1997 1995 2076 2063 τῷ
2102 1995 2202 2047 οὐκ
2250 1993 2414 2060 ἀξίως
2438 1992 2534 2047 τοῦ
2568 1995 2690 2048 κατ’
2721 1995 2882 2048 αὐτὸν
2913 1995 3206 2064 μεγαλείου
3245 1999 3273 2049 ὁ
3300 1996 3409 2047 τῶν
3443 1994 3591 2048 ὅλων

1999 2083 2366 2153 ἐξηγούμενος
2398 2085 2793 2154 προσεφέρετο,
2816 2085 2929 2137 εἴτε
2965 2084 3071 2155 μὴν
3102 2084 3199 2137 καὶ
3231 2083 3600 2145 ὑποπτεύσας

2000 2175 2061 2238 ἐξ
2086 2173 2300 2228 ἐκείνου
2332 2173 2463 2227 δείν’
2499 2174 2640 2228 ἄττα
2673 2176 2752 2239 είς
2788 2192 2941 2239 τινας
2989 2177 3320 2247 ἀπαιτήσεις
3359 2175 3584 2246 χρημά-

2001 2283 2108 2318 των
2139 2264 2203 2331 se
2229 2260 2305 2320 ὧν
2335 2264 2600 2333 συλλέξας
2632 2267 2725 2318 καὶ
2760 2266 3226 2337 προσηγγέλλετο,
3258 2268 3371 2321 εἴτε
3402 2266 3496 2342 καὶ
3516 2266 3598 2319 δι’⁸

2000 2357 2294 2428 ἀμφότερα
2338 2355 2513 2411 ταῦτα
2574 2356 2672 2428 τὴν
2700 2360 2780 2421 εἰς
2810 2358 3035 2412 τούπιὸν
3075 2359 3296 2423 ἀδοξίαν
3343 2361 3402 2413 ἐν
3423 2358 3598 2429 δεινῷ.

2002 2546 2275 2615 pervenit.
2318 2545 2448 2602 Erat
2485 2546 2559 2603 ibi
2610 2555 2739 2601 tunc
2781 2561 2980 2618 magna
3008 2545 3326 2602 rebellionis
3355 2543 3601 2599 infamia
3669 2560 3701 2611 ρ

2003 2640 2268 2695 laborans
2324 2653 2391 2695 ac
2449 2647 2663 2693 tantum
2728 2654 2839 2694 non
2911 2638 3212 2709 perduellis
3266 2638 3587 2694 declaratus

2005 2744 2149 2784 unus
2209 2729 2540 2799 equisonum
2598 2727 2938 2797 imperatorii
2996 2725 3240 2793 stabuli,
3308 2726 3602 2782 Attaleota.

2003 2829 2401 2892 cognomento;
2459 2818 2554 2889 qui
2588 2834 2689 2873 nec
2719 2819 2948 2874 conscio
2994 2832 3097 2874 nec
3143 2818 3372 2889 iubente
3405 2819 3596 2887 impe-

2001 2920 2186 2968 ratore
2234 2918 2555 2981 occupatam
2593 2909 2930 2981 Magnesiam
2961 2912 3179 2982 privato
3219 2910 3441 2982 quidem
3478 2925 3583 2965 suo

1998 3004 2237 3075 quodam
2281 3000 2689 3060 moderabatur
2726 3003 2980 3070 arbitrio,
3038 3005 3134 3060 sed
3168 3004 3254 3059 cui
3288 3003 3354 3058 ad
3414 3003 3585 3057 robur

2001 3093 2325 3162 adiungeret
2363 3106 2697 3147 consensum
2742 3099 2862 3146 arte
2894 3090 3252 3147 conciliatum
3298 3091 3589 3162 indigena-

315 3205 524 3260 paucos
571 3192 983 3251 interfecerunt.
1027 3198 1135 3251 Per
1172 3198 1316 3252 hunc
1349 3199 1575 3255 modum
1606 3203 1884 3262 submotis
1919 3214 1961 3271 ο
1998 3184 2119 3240 rm“
2173 3186 2489 3255 εῖνῑιιηιίιιιθ
2527 3186 2684 3241 urbis
2747 3185 2888 3255 eius:
2923 3200 3089 3255 quam
3145 3185 3228 3240 δίο
3281 3184 3421 3241 adeo
3475 3185 3590 3241 Sibi

316 3280 447 3335 inde
493 3281 673 3337 Persis
713 3282 1226 3356 Philadelphienses
1284 3292 1561 3361 respirare
1625 3308 1655 3346 a
1706 3297 1889 3360 malis,

317 3376 525 3443 quibus
572 3377 984 3443 premebantur,
1012 3383 1262 3453 contigit.
1301 3382 1439 3439 Nam
1474 3385 1542 3439 iis
1576 3385 1720 3444 fame
1746 3388 1895 3458 peri-

316 3466 642 3521 clitantibus
695 3482 913 3524 annona
956 3480 1041 3526 est
1086 3472 1408 3542 importata,
1444 3476 1777 3548 animusque
1815 3481 1898 3536 sic

316 3554 541 3609 additus
565 3557 654 3621 ad,
690 3557 734 3611 si
764 3573 889 3626 qua:
918 3558 1104 3615 denuo
1138 3562 1509 3631 incurrerent,
1548 3566 1897 3624 incommoda

320 3645 711 3715 longanimiter
737 3647 905 3721 428
935 3652 1218 3708 toleranda
1268 3672 1365 3725 spe
1405 3656 1663 3713 similiter
1691 3659 1899 3715 adven-

318 3739 458 3805 turi,
496 3740 542 3794 si
596 3751 1035 3810 exspectaretur,
1077 3748 1333 3802 subsidii.
1375 3749 1628 3819 Magnum
1661 3752 1715 3807 id
1757 3768 1899 3823 opus

318 3833 487 3904 vulgo
515 3827 717 3901 visum,
760 3843 815 3890 et
858 3838 1064 3894 solutio
1095 3841 1607 3913 Philadelphiensis
1642 3846 1898 3902 obsidio-

318 3930 431 3993 nis,
467 3927 673 3998 ingenti
731 3930 839 3985 late
895 3933 1185 3988 celebrata
1236 3936 1434 4005 plausu
1486 3945 1590 4003 est,
1639 3937 1767 3993 licet
1810 3954 1902 3994 res

319 4018 468 4073 haud
501 4034 635 4074 sane
665 4021 749 4074 sui
792 4023 1172 4092 magnitudine
1199 4027 1543 4096 respondens
1588 4044 1819 4085 numero
1845 4038 1904 4086 et

320 4114 615 4184 apparatui
650 4123 923 4173 tantarum
958 4126 1222 4190 tantoque
1250 4121 1649 4177 instructarmu
1677 4133 1899 4194 sumptu

320 4205 635 4273 copiarum.
684 4207 855 4263 Porro
904 4209 1151 4282 Alisyras
1193 4225 1316 4268 cum
1366 4214 1482 4269 suis
1512 4214 1666 4284 gravi
1712 4229 1900 4270 corre-

322 4307 451 4365 plus
505 4309 676 4362 metu,
737 4300 885 4370 quod
945 4317 1070 4357 eum
1133 4318 1165 4359 e
1205 4304 1430 4360 vulnere
1467 4316 1696 4375 accepto
1748 4305 1902 4361 brevi

323 4389 659 4442 moriturum
701 4392 1000 4445 multorum
1035 4394 1295 4463 opinione
1340 4410 1405 4450 ac
1467 4410 1727 4451 sermone
1778 4411 1900 4467 per-

321 4482 635 4543 crebuerat,
675 4484 874 4551 raptim
908 4485 1240 4541 constitutis
1285 4502 1407 4557 qua:
1455 4502 1595 4560 Opus
1626 4497 1787 4544 erant
1832 4491 1901 4546 ad

2000 3277 2299 3333 obnoxiam
2335 3277 2593 3344 habebat,
2623 3287 2683 3331 ut
2716 3293 2815 3333 nec
2854 3278 3122 3349 Nostongi
3149 3278 3304 3334 ducas
3337 3278 3415 3342 illi
3448 3292 3589 3347 pro-

2002 3369 2201 3425 vincite
2247 3371 2489 3439 praefecti
2538 3371 2807 3425 rationem
2859 3370 3089 3425 omnino
3127 3371 3292 3426 ullam
3324 3370 3591 3433 duceret,

2001 3477 2102 3517 nec
2135 3463 2238 3532 ipsi
2291 3462 2635 3533 permitteret
2693 3462 3003 3531 ingressum
3060 3462 3115 3516 in
3143 3462 3446 3518 civitatem.
3480 3460 3587 3517 Hic

2004 3556 2128 3611 talis
2160 3554 2379 3611 obviam
2420 3570 2618 3625 magno
2662 3554 2790 3609 duci
2852 3553 3173 3608 adventanti
3212 3553 3474 3623 prodiens
3505 3557 3582 3609 ita

2001 3662 2126 3702 eum
2158 3646 2335 3702 infimi
2375 3646 2728 3716 professione
2768 3645 3022 3717 obsequii
3049 3647 3346 3716 verbisque
3371 3648 3587 3718 supplio

2002 3739 2163 3795 cibus
2199 3738 2493 3794 delinitum
2536 3737 2641 3793 sibi
2672 3737 2926 3808 adiunxit
2958 3738 3378 3793 necessitudine
3414 3740 3583 3794 etiam

2003 3831 2292 3888 afﬁnitatis
2330 3846 2429 3902 per
2466 3831 2787 3902 coniugium
2816 3831 2962 3887 inter
3019 3832 3309 3888 amborum
3343 3848 3597 3888 consan-

2001 3925 2233 3995 guineos
2282 3938 2409 3980 cum
2464 3937 2531 3979 eo
2565 3930 2875 3987 contracta,
2922 3936 2983 3978 ut
3022 3932 3245 3993 repente
3301 3925 3596 3981 Attaleom.

2003 4015 2420 4071 commendatus
2480 4015 2803 4085 imperatori
2859 4030 2891 4070 a
2957 4030 3158 4087 magno
3205 4017 3349 4073 duce
3397 4018 3593 4072 omnis

2004 4107 2255 4162 criminis
2308 4105 2625 4176 suspicione
2685 4106 3039 4174 liberaretur,
3080 4108 3411 4179 volenteqtue
3465 4109 3579 4180 iam

2004 4198 2257 4265 Augusto
2304 4197 2360 4252 in
2414 4207 2680 4268 usurpata
2735 4207 3010 4268 potestate
3068 4201 3419 4269 persisteret,
3484 4204 3592 4259 sed'

2003 4288 2170 4361 429
2201 4303 2367 4358 quam
2413 4298 2698 4360 acceptam
2735 4291 2915 4361 palam
2970 4291 3143 4347 ferret
3190 4292 3323 4348 duci
3360 4308 3588 4365 magno,

2007 4381 2373 4452 precarioque
2407 4390 2465 4437 et
2511 4390 2703 4452 parata
2738 4383 2807 4437 ad
2855 4397 3053 4438 omnes
3103 4384 3225 4455 eius
3256 4394 3422 4441 nutus
3453 4387 3588 4443 obe-

2007 4476 2215 4534 dientia
2256 4475 2311 4529 in
2357 4490 2422 4531 ea
2467 4491 2527 4532 se
2572 4476 2779 4531 versari
2832 4476 3318 4534 administratione
3363 4480 3589 4548 profite-

321 4572 441 4626 ιοςε,
501 4579 699 4627 casiam
755 4590 877 4644 quae
934 4576 987 4630 in
1049 4578 1160 4635 illis
1221 4578 1472 4648 panibus
1529 4590 1902 4652 occupaverat
1938 4561 1979 4615 ο
2011 4572 2184 4619 retur.
2214 4560 2372 4619 Haud
2399 4573 2556 4634 grata
2582 4564 2698 4621 bare.
2725 4575 2882 4622 erant
2903 4564 3189 4639 Nostongo
3212 4567 3397 4634 Ducas,
3422 4586 3584 4640 quem
3609 4603 3637 4617 -.

321 4664 549 4729 tuenda,
579 4665 811 4722 Amurio
846 4682 905 4723 se
954 4670 1249 4728 admovere
1280 4671 1583 4738 festinavit,
1611 4673 1666 4727 in
1694 4672 1897 4729 vicinia

319 4764 635 4809 castrorum
680 4757 839 4813 ducis
887 4758 1048 4813 amici
1087 4761 1532 4817 emendationem
1573 4762 1897 4819 oll‘ensionis

320 4845 474 4907 belli,
533 4854 588 4901 et
654 4847 709 4900 in
767 4850 1024 4917 praesenti
1080 4859 1341 4920 receptus
1393 4850 1578 4907 infesti
1630 4852 1903 4922 periculo.

321 4953 490 5008 quam
530 4937 706 4994 obiter
767 4954 831 4995 ex
890 4940 1052 4996 obvio
1112 4951 1343 5011 poterat,
1400 4944 1755 5000 securitatem
1810 4961 1906 5002 ca-

322 5039 510 5099 ptans.

319 5124 415 5178 2i.
452 5123 524 5176 De
553 5121 821 5177 Attaleota
849 5135 895 5178 et
923 5124 1511 5200 de_Magnesieitsibus,
1563 5128 1730 5200 deque
1774 5130 1910 5187 duce

969 5193 1022 5248 Ν
1027 5193 1173 5250 om»
1179 5214 1264 5267 go.

398 5308 630 5378 Magnus
671 5325 803 5365 vero
855 5311 967 5365 dux
1023 5311 1251 5380 paulum
1314 5321 1563 5371 moratus
1626 5315 1907 5372 Philadel-

325 5400 490 5469 phiae,
536 5413 642 5454 nec
682 5400 876 5468 paucis
923 5408 1111 5457 tamen
1168 5403 1273 5458 sibi
1326 5405 1572 5461 corrasis
1607 5406 1700 5460 illa
1746 5406 1904 5463 brevi

329 5507 485 5546 mora
541 5492 818 5560 pecuniis,
861 5494 1110 5563 cogitare
1164 5496 1231 5551 de
1287 5497 1468 5551 reditu
1512 5498 1901 5568 tempestivum

329 5581 506 5635 duxit.
572 5581 762 5651 Itaque
825 5584 1047 5639 arcibus
1099 5584 1247 5641 illius
1305 5597 1511 5643 tractus
1562 5597 1616 5642 et
1650 5602 1906 5645 numero

334 5672 802 5740 praesidiariorum
839 5684 893 5729 et
910 5677 1070 5745 copia
1096 5690 1505 5733 commeatuum
1537 5689 1588 5735 et
1621 5687 1907 5746 restaura-

336 5762 483 5817 tione
527 5772 622 5818 aut
674 5763 984 5834 adiectione
1035 5767 1506 5822 munimentormn
1564 5768 1787 5824 abunde
1838 5769 1905 5824 ad

335 5854 685 5910 securitatem
751 5855 1063 5923 instruetis,
1126 5857 1461 5930 Magnesiam
1523 5860 1589 5915 ad
1643 5859 1904 5917 llermum

2005 4656 2153 4719 istis,
2202 4664 2267 4710 ut
2310 4655 2446 4721 dixi,
2502 4672 2532 4711 a
2579 4672 2642 4712 se
2692 4658 2945 4728 partibus
2997 4675 3213 4716 summa
3267 4661 3588 4731 praefectum

2002 4759 2276 4821 potestate
2315 4752 2641 4821 imperator,
2681 4754 2866 4810 missis
2894 4755 3059 4810 etiam
3107 4770 3281 4825 nuper
3311 4756 3587 4826 diploma-

2002 4845 2152 4899 tibus
2203 4860 2271 4899 ex
2312 4845 2630 4915 primicerio
2676 4847 2817 4900 aulae
2866 4862 3122 4916 magnum
3163 4847 3583 4903 haateriarcham
3684 4920 3685 4923 η

2001 4946 2326 5005 creaverat;
2352 4938 2450 5007 qui
2495 4938 2665 4993 etiam
2697 4939 3056 5009 contemptim
3107 4953 3136 4992 a
3175 4953 3377 5010 magno
3419 4940 3585 5007 duce,

2001 5028 2154 5083 velut
2185 5028 2289 5100 ipsi
2338 5028 2498 5100 plane
2532 5030 2809 5096 subditus,
2852 5030 3060 5086 solitus
3087 5032 3315 5087 tractari
3358 5048 3589 5089 exerce»

2006 5122 2169 5192 rique
2218 5123 2536 5193 imperiosis
2574 5123 2770 5191 iussis,
2807 5123 2958 5178 velut
3003 5138 3148 5178 unus
3176 5140 3208 5179 e
3239 5125 3403 5193 vulgo
3432 5127 3589 5195 quis-
3649 5126 3659 5149 ‘

2005 5217 2175 5287 piam,
2209 5231 2332 5271 cum
2366 5216 2471 5271 sibi
2503 5224 2686 5271 tamen
2714 5231 3030 5286 supremam
3059 5217 3171 5274 illic
3198 5217 3602 5275 auctoritatem

2007 5309 2077 5363 ab
2144 5310 2501 5379 imperatore;
2544 5309 2901 5364 commissam
2964 5309 3334 5377 meminisset,
3391 5311 3595 5364 tacitus

2004 5401 2358 5473 ﬁngebatur,
2414 5401 2642 5472 indigna
2666 5408 2816 5458 “sese
2844 5402 2958 5471 pati
2992 5417 3363 5474 conquerens,
3407 5417 3591 5471 neque

2006 5507 2109 5562 pro
2156 5507 2270 5547 sua:
2320 5492 2608 5563 dignitatis
2660 5501 2717 5548 et
2770 5494 3037 5553 natalium
3091 5496 3293 5550 merito
3342 5495 3587 5550 tractari.

2005 5585 2317 5641 Accedebat
2365 5586 2412 5640 is
2450 5597 2650 5652 metus,
2701 5586 2874 5656 cuius
2900 5597 3227 5659 argumenta
3269 5604 3335 5643 ex
3375 5589 3597 5643 idoneis

2008 5687 2063 5731 et
2094 5677 2466 5747 praesentibus
2507 5677 2826 5750 Nostongus
2858 5680 3100 5735 ducebat
3129 5679 3326 5750 signis,
3365 5694 3435 5735 ne
3465 5696 3494 5732 a
3530 5696 3593 5737 se

2008 5785 2263 5840 quoque,
2292 5771 2441 5826 sicut
2466 5785 2494 5826 a
2528 5771 2744 5826 caeteris
2790 5779 3176 5834 consueverat,
3214 5770 3466 5839 ingentes
3496 5787 3592 5841 pc-

2009 5864 2188 5919 cuuia:
2229 5863 2681 5920 contributioucst
2723 5860 2986 5933 exigeret.
3039 5862 3183 5932 Ergo
3231 5871 3286 5917 et
3325 5854 3603 5918 damnum
