4024 6464
444 377 540 439 471

1639 375 1962 435 GEORGII
2002 375 2358 439 PACHYME
2369 377 2484 437 Pu‘E

3613 368 3711 434 £72

444 487 768 556 ποιούμενος
794 529 810 554 ,
853 485 994 554 ἔγνω
1026 486 1127 557 μὲν
1183 485 1279 558 τὴν
1309 486 1384 550 ὡς
1413 487 1638 558 βασιλέα
1680 484 2022 557 τεχνιτεῦσαι
2055 493 2096 550 Α
2133 489 2368 558 μεγάλου
2412 487 2629 557 δουκδς,
2661 489 2735 554 ὡς
2759 487 2922 560 δῆθεν
2968 488 3105 559 πρὸς
3135 490 3228 541 τδν
3269 483 3588 540 κανικλεὶου
3615 485 3709 554 δη-

445 579 772 649 ἀπόδρασιν,
814 579 950 648 ταχῦ
979 577 1036 630 δὲ
1087 578 1329 648 παρέσχε
1371 579 1465 630 καὶ
1497 578 1532 648 ή
1579 577 1716 648 τύχη
1755 577 1854 646 τὴν
1881 575 2024 645 πρόο
2064 591 2074 597 ·

449 688 634 739 φασιν.
673 671 737 723 Ἢ
769 671 798 724 δ
847 667 937 740 ἦν,
971 669 1249 740 πέμπεται
1308 670 1408 738 μὲν
1457 669 1608 738 παρά
1641 667 1734 722 τοῦ
1781 668 2022 738 μεγάλου

447 762 640 824 δουκδς
669 762 807 831 ἀνὴρ
838 763 1038 823 οἰκεῖος
1065 763 1134 831 τῇ
1186 759 1426 831 πενθερᾷ
1450 761 1499 812 οἱ
1540 760 1569 812 ὁ
1614 758 2025 828 Καννασούριος

451 853 592 923 πρὸς
627 852 1209 906 Κωνσταντινούπολιν
1248 852 1338 906 διά
1391 851 1440 904 τ’
1479 850 1639 916 ἄλλα,
1679 851 1775 905 καὶ
1811 849 2026 914 ἀξιοῦνο

448 961 540 1007 τες
574 942 950 1012 ἀποσταλῆναι
979 944 1078 1013 τὴν
1100 944 1350 1013 γαμετήν
1367 961 1380 976 ο
1407 943 1532 996 ἐπεὶ
1555 943 1599 994 δ’
1622 941 1731 996 ἔδει
1758 941 1856 1012 τῆς
1884 939 2028 994 κατά

451 1035 553 1103 τὴν
574 1033 693 1087 ὁδὸν
725 1034 1030 1102 ἀσφαλείας
1055 1034 1130 1104 τῷ
1157 1034 1312 1104 ἀνδρὶ
1336 1031 1850 1104 προμηθεύσασθαι,
1881 1031 2026 1101 πέμ-

455 1140 546 1175 πει
581 1123 720 1194 πρὸς
748 1123 841 1176 τὸν
886 1100 1198 1190 Νοστὸγγον
1250 1121 1583 1191 παρεγγυῶν
1623 1119 1888 1194 ίκανῶσαι
1917 1119 2030 1172 δια-

357 1234 376 1252 ο
457 1214 693 1276 σὼσταις
723 1215 787 1266 ὲκ
822 1215 914 1268 τοῦ
972 1213 1365 1284 στρατιωτικοῦ
1398 1215 1491 1268 τὸν
1539 1211 2027 1281 ἀποστελλόμενον.

452 1304 625 1368 Αὐτὸς
653 1305 709 1358 δὲ
731 1307 828 1368 τὰς
860 1307 1275 1375 παρεγγυήσεις
1299 1305 1592 1376 δεξάμενος
1619 1304 1696 1373 τῷ
1728 1305 1907 1358 δοκεῖν
1935 1303 2030 1357 καὶ

455 1396 598 1465 ὑπὲρ
631 1398 694 1449 ὲκ
725 1397 987 1466 περισσοῦ
1024 1400 1094 1452 τὰ
1138 1397 1518 1466 ἐπεσταλμένα.
1549 1395 1730 1449 θέλειν
1761 1394 2029 1467 πληροῦν,

455 1487 530 1546 ὡς
555 1486 719 1550 αὐτὸς
751 1487 891 1557 ὑπὲρ
925 1487 1084 1540 ἀλλον
1114 1489 1194 1550 εἰς
1225 1488 1386 1558 χάριν
1421 1487 1537 1556 ἅμα
1583 1487 1696 1549 τοῖς
1735 1486 1888 1549 ἰδίοις
1915 1485 2033 1539 δια-

459 1578 801 1647 σωσάμενος,
859 1579 1198 1648 ἑτεχνίτευεν
1252 1578 1336 1650 [Ρ.
1379 1578 1509 1650 298]
1567 1577 1882 1648 ἀποφυγήν.
1943 1577 2034 1628 Ἐν

456 1672 633 1741 τούτῳ
669 1671 725 1724 δὲ
757 1672 853 1726 καί
874 1689 960 1736 τις
975 1672 1085 1724 τῶν
1107 1673 1165 1734 ἐς
1196 1673 1562 1742 γραμματέας
1587 1670 1781 1739 ἐκείνῳ
1815 1667 2035 1722 τελούν-

458 1779 587 1828 των,
624 1763 749 1816 ἐπεὶ
801 1765 894 1816 καὶ
944 1763 1091 1832 αὑτῷ
1124 1763 1298 1816 ἐδόκει
1349 1761 1444 1815 τοῦ
1493 1762 1840 1830 κεκτημένου
1875 1759 2034 1814 ἀλλο-

459 1853 764 1924 τριοῦσθαι,
796 1853 951 1907 ἔνθεν
988 1853 1088 1922 μὲν
1117 1846 1293 1915 οὗτος,
1323 1851 1478 1905 ἔνθεν
1501 1851 1548 1905 δ’
1576 1852 1785 1913 ἐκεῖνος
1815 1849 1915 1920 τὴν
1937 1848 2034 1901 πό·

460 1947 544 1999 λιν
567 1938 1071 2015 καταλαμϐάνουσι.
1121 1945 1263 1998 Ἀλλ’
1297 1947 1325 1998 ὀ
1368 1945 1466 2014 μὶν
1515 1943 1641 1996 ἐπεὶ
1690 1942 1843 1996 οὐδὲν
1891 1941 2040 2012 ἑώρα

461 2039 721 2092 ἀκίνδυνα
749 2037 929 2106 ἑαυτῷ
975 2037 1064 2090 διὰ
1111 2037 1208 2106 τὴν
1237 2037 1339 2104 τῆς
1365 2037 1557 2105 ὲνοχῆς
1601 2035 1913 2104 παράλυσιν
1943 2033 2038 2087 καὶ

467 2130 568 2199 τὴν
596 2131 652 2192 ές
689 2129 911 2198 βασιλέα
942 2127 1288 2198 προσφυγὴν,
1316 2126 1634 2197 πατριάρχῃ
1671 2124 2036 2196 προσφεύγειο

466 2225 498 2263 ὁ
521 2221 578 2273 δὲ
608 2220 976 2291 γραμματεὺς
1006 2219 1234 2280 ἐπιστὰς
1268 2219 1375 2288 πρὸ
1401 2216 1615 2282 τούτου,
1653 2217 1747 2271 καὶ
1774 2217 1842 2270 τά
1873 2213 2042 2268 πιστά

467 2312 787 2381 προσδοκῶν
813 2311 959 2382 ἔχειν
1007 2310 1070 2365 ἐκ
1103 2328 1247 2374 τινος
1292 2311 1622 2383 γράμματος
1667 2309 1764 2362 τοῦ
1804 2308 1913 2362 ἀπὸ
1947 2307 2039 2361 τοῦ

468 2488 686 2541 instans
719 2494 1066 2556 praevertere,
1103 2492 1157 2539 et
1201 2484 1550 2554 ignominiam
1585 2483 1669 2539 vel
1710 2483 1891 2538 delere
1928 2482 2042 2552 jam

468 2579 709 2632 inustam
769 2578 853 2632 vel
909 2591 980 2631 ne
1040 2575 1149 2630 sibi
1203 2577 1598 2645 impingeretnr
1648 2575 1704 2629 in
1756 2583 2043 2646 posterum

469 2684 781 2739 praecavere
817 2669 1070 2727 studens.
1103 2680 1270 2720 unam
1301 2667 1564 2736 optimam
1593 2674 1850 2721 votorum
1889 2679 2042 2720 asse-

470 2764 818 2833 qncndorum
862 2762 1076 2836 putavit
1129 2761 1428 2824 rationem,
1479 2759 1866 2828 imperatorem
1895 2758 2048 2814 adire

473 2856 910 2925 quamprimum,
964 2852 1008 2907 si
1058 2867 1220 2922 quem
1273 2852 1434 2906 modo
1485 2850 1831 2920 plausibilem
1887 2850 2047 2905 dese-

473 2949 655 3002 rendae
701 2947 997 3017 provinciae
1037 2945 1282 2999 nancisci
1331 2953 1659 3015 praetextum
1694 2952 1898 3012 posset.
1944 2941 2049 2997 Fa-

469 3041 550 3095 vit
599 3039 652 3093 in
711 3040 815 3093 hoc
862 3038 911 3092 ei
966 3036 1209 3103 fortuna,
1252 3036 1603 3091 occasionem
1637 3034 1787 3089 brevi
1811 3033 2049 3089 oﬂ'erens

2124 577 2344 642 λοῦντος
2375 580 2476 649 τὴν
2503 580 2767 634 ἀπόλυσιν
2798 579 2874 644 ὡς
2910 579 3180 645 ἑκούσιος,
3216 577 3410 630 ἐλπίσι
3444 577 3726 645 χρησταῖς

2125 672 2376 742 ᾐωρεῖτο.
2412 673 2584 740 Λόγος
2619 673 2664 726 δ’
2689 668 2757 742 ἦν
2796 671 3144 742 ἀμφοτέρους
3172 667 3537 729 συνελθόντας
3573 665 3709 736 πρὸς

2127 761 2477 834 πατριάρχην
2501 762 2890 828 ἀπολογεῖσθαι
2924 762 3014 816 διὰ
3037 762 3232 815 τούτου
3254 759 3334 830 τῷ
3365 759 3583 828 βασιλεῖ
3611 759 3708 826 τὴν

2127 852 2191 905 έκ
2224 852 2315 910 τοῦ
2345 854 2587 924 μεγάλου
2626 854 2818 918 δουκδς
2852 853 3227 924 ἀναχώρησιν,
3272 851 3344 905 τά
3394 849 3569 903 πολλά
3603 849 3713 904 τῶν

2128 943 2326 1013 ἐκείνῳ
2363 944 2754 1015 πραττομένων
2792 943 3142 1014 ἀταμιεύτοις
3169 939 3515 1011 παριῤηίαις
3546 937 3715 991 καθα-

2129 1037 2451 1106 πτομένους.
2491 1036 2558 1088 Ἀ
2585 1036 2680 1088 καὶ
2712 1034 3068 1104 ἀγγελθέντα,
3094 1033 3192 1104 οὐχ
3223 1033 3376 1095 ὅπως
3394 1032 3445 1083 οἱ
3462 1029 3715 1095 λέγοντες

2129 1126 2366 1191 ἔπειθον,
2395 1124 2532 1180 ἀλλά
2557 1125 2652 1180 καὶ
2680 1125 3058 1196 δυσμεναίνειν
3083 1125 3299 1186 ἑαυτοῖς
3332 1123 3428 1174 τὸν
3451 1119 3717 1191 κρατοῦνο

2127 1235 2198 1273 τα
2231 1220 2486 1272 ἐποίουν·
2519 1218 2772 1288 βασιλεὺς
2805 1216 2914 1288 γὰρ
2944 1217 3168 1280 κακίας,
3213 1214 3317 1268 οὐκ
3350 1212 3614 1283 ἀληθείας
3647 1210 3715 1265 τὰ

2129 1308 2402 1379 λεγόμενα
2429 1309 2654 1380 κρίνων,
2689 1309 2786 1362 καὶ
2821 1307 3230 1376 ὑπεκκαύματα
3271 1303 3478 1374 φθόνου
3514 1303 3716 1374 μᾶλλον

2130 1399 2165 1468 ἦ
2197 1400 2521 1469 προνοήσεις
2552 1397 2611 1463 ἐξ
2636 1397 2851 1458 εὐνοίας
2885 1396 3028 1466 ὑπὲρ
3052 1394 3240 1461 αὑτοῦ,
3282 1393 3522 1454 ἐκείνοις
3555 1391 3714 1460 ὲχόλα

2133 1491 2226 1545 καὶ
2280 1489 2628 1560 ἔξωργίζετο.
2684 1487 2792 1541 Τοῦ
2841 1488 2888 1542 δ’
2917 1488 3010 1540 ἐπὶ
3044 1487 3258 1549 τούτοις
3297 1485 3400 1538 καὶ
3437 1484 3714 1554 μετελθεῖν

2131 1582 2226 1634 τοῦ
2279 1582 2379 1652 μὲν
2405 1583 2465 1636 τὺ
2495 1582 2594 1634 οὐκ
2627 1581 2708 1645 εἰς
2739 1579 2894 1649 ὀλίγα
2944 1581 3215 1650 χρήσιμον
3245 1577 3584 1646 παρῃτεῖτο,
3618 1571 3713 1626 τοῦ

2133 1673 2190 1726 δὲ
2216 1673 2277 1726 τὸ
2328 1671 2661 1742 ἀξιοπρεπὲς
2698 1672 2778 1734 εις
2808 1671 2909 1740 τὴν
2957 1670 3066 1723 ἀπὺ
3099 1667 3370 1740 βασιλέως
3406 1666 3717 1735 παρόρασιν

2135 1763 2446 1821 διεκώλυεν.
2481 1758 2592 1816 Ἦν
2616 1763 2660 1816 δ’
2681 1762 2860 1824 ἄλλως
2898 1760 3148 1831 ἐμποδὼν
3177 1757 3316 1828 πρὸς
3355 1756 3527 1811 τοῦτο
3555 1755 3647 1807 καὶ
3683 1755 3716 1821 ἡ

2138 1861 2275 1927 πρδς
2295 1855 2387 1908 τὸν
2415 1853 2761 1924 πατριάρχην
2787 1850 3080 1920 καταφυγὴ
3108 1849 3203 1903 τοῦ
3233 1848 3579 1914 Νοστόγγου,
3599 1843 3716 1897 ὅθεν

2136 1946 2275 2018 ᾤετο
2303 1945 2448 2016 ἔχειν
2477 1943 2575 2014 τὴν
2603 1946 2656 2007 ἐς
2683 1944 2828 1997 ἀπαν
2859 1942 3090 1996 ἀσυλίαν
3115 1943 3180 2010 τῇ
3208 1939 3313 2010 τῆς
3345 1937 3716 2009 Περιϐλέπτου

2139 2037 2277 2100 τέως
2325 2035 2780 2104 ἐγκεκλεισμένον
2843 2035 2999 2103 μονῇ.
3054 2031 3216 2085 Ὅθεν
3260 2029 3362 2084 καὶ
3420 2027 3574 2098 παρὰ
3622 2025 3719 2094 τῆς

2140 2129 2374 2198 ἀδελφῆς
2404 2128 2432 2180 ὁ
2452 2125 2669 2198 κρατῶν
2702 2125 2961 2188 πολλάκις
2998 2121 3447 2193 παρωξυμμένος
3482 2117 3717 2187 (ἀνάπυ-

2145 2239 2243 2275 στα
2273 2221 2384 2292 γάρ
2426 2219 2656 2290 κάκείνῃ
2684 2219 2751 2272 τὰ
2806 2216 3068 2287 λεχθέντα
3099 2215 3239 2267 κατά
3263 2213 3327 2266 τὸ
3357 2212 3505 2274 εἰκὸς
3542 2207 3718 2277 ἐγεγό-

2142 2330 2243 2376 νει,
2274 2313 2371 2368 καὶ
2409 2311 2734 2384 ὑϐριοπάθει
2761 2307 2832 2363 τά
2863 2307 3119 2378 μέγιστα,
3151 2305 3202 2358 εί
3248 2305 3329 2374 μή
3363 2319 3428 2370 γε
3469 2300 3518 2353 οἱ
3544 2315 3720 2352 κατει·

2146 2496 2228 2552 uti
2283 2493 2679 2556 destinaverat,
2712 2492 2776 2546 ad
2812 2491 3017 2562 ipsum,
3046 2499 3096 2544 et
3131 2486 3417 2543 audientia
3453 2481 3718 2556 poscenda

2145 2588 2266 2658 ejus
2290 2585 2547 2658 potestati
2573 2601 2632 2641 se
2656 2582 3209 2654 permittere.'Quare
3240 2581 3312 2635 ad
3355 2576 3716 2651 patriarcham

2147 2695 2207 2736 se
2256 2678 2493 2742 confert,
2552 2677 2690 2748 asyli
2732 2675 2858 2746 jure
2911 2689 3144 2730 securus
3200 2673 3320 2728 illic
3375 2671 3614 2734 futurus,
3667 2674 3719 2722 et

2147 2769 2338 2826 eodem
2375 2769 2574 2824 idoneo
2624 2765 3104 2822 reconciliationis
3156 2773 3451 2833 sequestro
3500 2761 3564 2815 ad
3610 2759 3717 2814 Att-

2148 2871 2371 2934 gustum
2423 2875 2650 2916 usurus.
2704 2857 2923 2923 Scriba,
2969 2857 3064 2928 qui
3112 2857 3262 2928 prior
3300 2856 3358 2910 in
3393 2853 3605 2917 urbem,
3630 2865 3717 2905 ex-

2150 2953 2390 3025 peditius
2443 2953 2530 3007 via
2592 2966 2841 3015 emensa,
2899 2956 3252 3021 pervenerat,
3321 2949 3565 3002 Iactatus
3626 2955 3716 3012 spe

2151 3045 2323 3108 inani,
2357 3041 2666 3111 cujusdam,
2699 3057 2863 3113 quam
2909 3041 3195 3104 attulerat,
3233 3049 3481 3110 acceptae
3527 3052 3556 3093 a
3605 3049 3714 3090 nta-

471 3131 593 3201 ejus
625 3132 724 3185 vita
756 3129 1124 3200 probabilem,
1169 3129 1311 3183 hanc
1360 3127 1590 3182 scilicet.
1625 3125 1837 3182 Mittere
1872 3141 1969 3197 per
1997 3126 2048 3179 id
2077 3147 2120 3206 ο
2155 3151 2263 3205 κηο
2289 3134 2424 3190 duce
2456 3134 2520 3188 ad
2551 3133 2777 3189 caniclci
2805 3133 3120 3203 prmrectum
3162 3130 3436 3199 ερῙειοιω,
3465 3142 3570 3200 qua
3599 3139 3714 3182 cum

472 3232 695 3291 tempus
743 3221 917 3277 voluit
948 3222 1058 3276 dux
1093 3236 1323 3291 magnus
1361 3221 1428 3274 ad
1464 3235 1681 3272 socrum
1717 3234 1896 3283 suam,
1931 3234 2051 3289 ger-

477 3327 696 3368 manam
752 3312 1105 3383 imperatoris
1145 3309 1624 3379 Constantinopoli
1673 3317 1804 3363 tunc
1852 3311 2055 3378 degen-

472 3415 606 3472 tem,
655 3407 966 3461 minlstrutn
1006 3404 1084 3459 illi
1140 3413 1407 3459 matronte
1456 3403 1513 3456 in
1562 3400 1752 3472 primis
1803 3400 1966 3454 ﬁdum
1998 3409 2052 3454 et

472 3501 670 3554 intime
700 3498 1054 3562 familiarem,
1091 3497 1530 3557 Canuaburium,
1567 3504 1680 3548 tum
1716 3503 1777 3548 ut
1807 3493 1914 3548 alia
1944 3491 2050 3547 sibi

475 3590 783 3644 desiderata
833 3589 1079 3658 quaedam
1135 3603 1228 3656 per
1274 3603 1393 3642 eam
1447 3588 1500 3640 in
1540 3586 1665 3638 aula
1730 3583 2046 3646 conficeret,

481 3690 597 3733 tum
636 3687 698 3733 ttt
748 3692 975 3732 uxorem
1020 3678 1162 3746 apud
1215 3687 1441 3730 matrem
1477 3676 1846 3730 diversantem
1898 3672 1962 3726 ad
1997 3689 2058 3728 se

480 3779 811 3825 accerseret.
849 3769 986 3834 Quia
1022 3782 1157 3822 vero
1205 3783 1304 3838 per
1351 3767 1581 3822 infestas
1623 3765 1918 3821 hostilibus
1968 3765 2056 3818 in-

477 3861 734 3916 cursibus
757 3847 1172 3931 regioncs'haud
1199 3868 1376 3914 ttttum
1409 3859 1734 3914 incomitato
1763 3857 1956 3912 viatori
1982 3857 2059 3910 vi-

475 3955 638 4009 debat
661 3955 764 4008 iter
787 3954 924 4018 fore,
951 3952 1234 4022 Nostongo
1259 3951 1538 4006 mandavit
1565 3961 1624 4005 ut
1648 3967 1770 4007 eum
1802 3957 1922 4005 tuto
1964 3949 2060 4004 de-

476 4055 796 4116 putatorutn
850 4061 881 4100 e
911 4061 1010 4101 sua
1052 4047 1277 4100 cohorte
1319 4046 1372 4098 in
1403 4044 1588 4098 urbem
1638 4058 1832 4099 secure
1862 4041 2059 4098 deduci

475 4140 734 4208 praesidio
771 4149 1008 4194 curaret.
1032 4137 1189 4204 Quod
1219 4137 1308 4192 ille
1339 4137 1657 4191 mandatum
1698 4136 1934 4190 obnoxie
1974 4149 2062 4190 ac-

477 4231 716 4300 cipiens,
741 4231 901 4300 quasi
934 4230 1272 4287 ostentando
1298 4227 1690 4284 abundantiori
1726 4227 1907 4282 studio
1938 4241 2064 4299 gra-

429 4331 440 4344 ‘
477 4323 727 4377 tifieandi
775 4323 902 4376 duci
946 4335 1168 4390 magno,
1205 4321 1369 4374 simul
1402 4319 1522 4390 plus
1557 4335 1722 4388 quam
1771 4319 2064 4388 petebatur

481 4413 654 4477 dedit,
714 4412 881 4466 simul
943 4423 1126 4482 aptam
1187 4413 1428 4480 captavit
1492 4413 1952 4482 opportunitatem
2007 4411 2059 4464 id

479 4503 627 4572 quod
679 4518 779 4558 sua
829 4480 998 4557 causa
1054 4505 1278 4572 Optabat
1324 4503 1490 4574 530
1530 4480 1760 4571 agendi.
1809 4500 2056 4557 Olﬁcium
2090 4480 2139 4540 D

481 4595 688 4663 quippe
734 4593 1050 4648 deductoris
1083 4594 1186 4648 sibi
1238 4609 1361 4647 cum
1397 4593 1650 4661 praetoria
1689 4609 1786 4648 sua
1837 4592 2066 4646 cohorte

481 4700 793 4752 assumens,
818 4685 1230 4739 Cannabttrium
1275 4687 1816 4755 Constantinopolim
1861 4685 2058 4755 perdu-

484 4780 585 4834 xit.
621 4777 746 4844 Quo
803 4779 926 4847 ipso
987 4787 1238 4846 tempore
1284 4777 1504 4845 quidam
1553 4777 1609 4831 in
1657 4777 1904 4847 ejusdem
1955 4775 2066 4831 No-

487 4873 666 4941 stongi
722 4871 1048 4940 provinciali
1111 4870 1378 4924 comitatu
1437 4869 1633 4924 scribat
1698 4870 2066 4924 ministerium

481 4978 772 5025 exercens,
806 4977 930 5017 cum
981 4962 1319 5017 decrevisset
1345 4961 1533 5016 nescio
1580 4976 1686 5030 qua
1727 4976 1789 5014 re
1822 4960 2068 5016 oll‘cnsus

484 5057 553 5110 ab
608 5056 762 5108 exesi
795 5054 898 5108 sibi
953 5053 1167 5108 domini
1227 5055 1455 5108 servitio
1519 5053 1798 5118 recedere,
1854 5061 1907 5107 ct
1948 5053 2066 5122 ipse

487 5145 593 5198 iter
655 5145 846 5198 urbem
901 5160 1097 5200 versus
1149 5146 1289 5198 clam
1347 5145 1598 5214 arripuit.
1657 5146 1848 5213 itaque
1902 5145 2064 5199 ambo

485 5237 604 5305 pari
647 5237 902 5301 consilio,
932 5236 1058 5292 licet.
1099 5237 1332 5292 invicem
1375 5237 1574 5306 ignari,
1620 5235 1839 5291 furtivis
1885 5238 2066 5305 profe-

484 5326 764 5380 ctiouibus
827 5325 1364 5396 Constantinopolim
1423 5340 1738 5394 pervenere.
1796 5323 1900 5379 Ubi
1953 5323 2061 5377 No-

485 5427 717 5486 stongus
753 5419 1007 5486 inspecto
1050 5433 1234 5472 rerum
1289 5425 1460 5480 statu,
1499 5432 1623 5470 cum
1668 5416 1895 5469 minime
1929 5430 2058 5484 spe-

485 5520 637 5565 raret
673 5510 911 5579 probare
942 5525 1002 5564 se
1056 5509 1375 5577 imperatori
1409 5522 1594 5576 posse.
1644 5506 1956 5561 manifestis
2007 5505 2058 5559 in

489 5601 734 5656 favorem
813 5602 996 5670 magni
1069 5600 1224 5654 ducis
1299 5609 1678 5668 praeoccupato
1744 5598 2059 5662 'all‘ectibus,

487 5712 629 5762 quas
682 5712 841 5752 veras
890 5697 1155 5749 habuerat
1204 5708 1404 5748 causas
1448 5707 1478 5746 e
1511 5693 1793 5762 provincia
1850 5690 2059 5759 injussu

486 5788 827 5870 discedendi,
883 5789 1027 5843 haud
1088 5796 1268 5842 tutum
1323 5787 1428 5844 sibi
1479 5787 1692 5857 putavit
1739 5785 2058 5855 confugere,

2152 3223 2418 3280 declarari
2454 3223 2780 3279 credidisset
2811 3237 2870 3277 se
2899 3222 3170 3292 legitimas
3203 3221 3501 3275 habentem
3531 3229 3718 3272 causas

2155 3316 2460 3372 ahnuenda:
2490 3314 2769 3370 ulterioris
2806 3329 2971 3369 morae
3017 3315 3071 3369 in
3121 3313 3400 3383 obsequio
3445 3306 3717 3377 Nostongi,

2156 3423 2185 3464 a
2221 3423 2330 3479 quo
2365 3407 2610 3478 indignis
2649 3406 2829 3464 modis
2876 3415 3233 3474 tractaretur,
3273 3405 3610 3466 auctoritate
3635 3415 3719 3455 su-

2156 3499 2360 3572 periori
2405 3501 2562 3555 ducis
2591 3500 2770 3570 magni
2799 3514 2828 3552 a
2855 3497 3117 3553 famulatu
3143 3499 3329 3569 magni
3363 3491 3721 3554 hetmriarchae

2160 3595 2265 3648 rite
2315 3592 2487 3648 fuisse
2537 3590 2874 3656 absolutum,
2902 3597 3190 3660 postquam
3239 3604 3302 3644 ea
3361 3587 3570 3644 reddita
3617 3580 3720 3650 epi-

2160 3683 2300 3740 stola
2329 3682 2640 3754 promoveri
2672 3696 2735 3736 ea
2767 3681 2853 3734 via
2896 3680 3171 3750 negotium
3201 3694 3308 3733 non
3348 3676 3518 3734 sensit
3547 3686 3718 3730 suum,

2159 3776 2274 3831 sive
2325 3775 2418 3829 illa
2473 3773 2841 3845 perfunctoria
2890 3771 3294 3827 commendatio
3357 3771 3571 3830 fuisset,
3617 3765 3720 3818 sive

2159 3867 2418 3939 quamvis
2447 3875 2725 3930 accurata,
2750 3878 2944 3933 parum
2972 3863 3113 3934 apud
3141 3860 3461 3932 praefectum
3491 3853 3721 3913 canielco

2163 3961 2394 4026 valeret,
2429 3960 2547 4013 vela
2577 3957 2882 4013 secundum
2930 3971 3122 4011 auram
3161 3965 3382 4010 vertere
3412 3953 3616 4012 statu't,
3644 3960 3722 4000 rc-

2161 4051 2570 4119 conciliataque
2615 4065 2739 4103 cum
2773 4049 3058 4117 Nostongo
3087 4046 3258 4116 gratia
3295 4046 3566 4100 societate
3607 4047 3719 4090 cum

2163 4161 2230 4202 eo
2304 4146 2546 4199 ineunda
2612 4141 2858 4205 consilii,
2923 4141 2988 4194 ad
3063 4137 3439 4210 patriarcham
3499 4145 3551 4189 et
3612 4129 3722 4197 ipse

2161 4236 2434 4305 confugit,
2469 4249 2654 4305 parem
2689 4247 2801 4304 prae
2831 4247 2889 4288 se
2924 4234 3108 4287 ferens
3175 4231 3525 4286 aversionem
3559 4238 3585 4277 a
3619 4233 3722 4274 ma-

2165 4341 2272 4396 gno
2309 4325 2472 4380 duce.
2511 4324 2590 4378 lbi
2653 4321 2888 4392 uterque
2936 4321 3196 4376 concordi
3254 4329 3458 4376 conatu
3510 4311 3720 4370 studue-

2168 4427 2298 4472 runt
2332 4416 2606 4471 infamare
2660 4415 2804 4485 apud
2837 4414 3142 4483 Augustum
3187 4414 3368 4482 magni
3403 4408 3554 4466 dttcis
3587 4410 3716 4462 acta.

2163 4509 2401 4582 querelis
2458 4516 2650 4564 contra
2692 4507 2812 4577 ejus
2873 4521 3121 4569 avaram,
3159 4513 3510 4574 arrogantem
3551 4507 3605 4552 et
3641 4503 3719 4562 ly-

2165 4601 2449 4655 rannicam
2503 4600 2957 4670 gubernationem
2999 4598 3152 4651 libris
3200 4599 3343 4666 apud
3371 4586 3719 4665 patriarcham

2165 4689 2532 4758 deponendis,
2585 4704 2723 4757 quas
2782 4688 2872 4743 ille
2923 4687 3176 4742 videlicet
3225 4688 3291 4741 ad
3350 4687 3717 4754 imperatorem

2165 4778 2427 4846 deferret,
2461 4789 2513 4835 et
2540 4794 2639 4849 pro
2684 4794 2746 4833 ea
2776 4793 2882 4849 qua
2911 4778 3147 4848 pollebat
3172 4777 3313 4846 apud
3359 4779 3531 4845 ipsum
3558 4764 3717 4840 gratia

2169 4871 2412 4927 creditas
2457 4871 2562 4925 sibi
2594 4871 2962 4941 probatasquc
3007 4870 3560 4938 persuaderetjustas
3585 4869 3714 4912 esse.
3798 4931 3804 4937 .

2172 4961 2277 5017 Sed
2308 4977 2570 5016 successu
2605 4976 2667 5016 ea
2697 4975 2788 5015 res
2833 4961 3050 5014 caruit:
3081 4957 3284 5013 auditis
3327 4955 3467 5015 enim
3499 4952 3718 5016 impera-

2169 5061 2255 5107 tor
2301 5066 2327 5104 a
2357 5050 2675 5120 patriarcha
2722 5065 2845 5119 quae
2873 5048 3186 5119 Nostongus
3225 5057 3280 5103 et
3311 5049 3428 5120 ejus
3451 5038 3623 5099 scriba
3665 5032 3715 5087 in

2167 5155 2364 5211 magno
2389 5141 2526 5196 duce
2551 5141 2857 5210 culparent,
2884 5139 3022 5194 adeo
3063 5154 3170 5193 non
3198 5147 3285 5194 est
3331 5141 3617 5207 persuasus
3666 5127 3719 5175 ut

2165 5234 2310 5287 iram
2346 5233 2530 5303 potius
2564 5247 2671 5286 non
2706 5231 3036 5286 mediocrem
3078 5231 3130 5285 in
3168 5236 3510 5284 accusatores
3546 5226 3715 5272 osten-

2168 5327 2348 5389 deret,
2403 5324 2506 5378 hos
2551 5323 2811 5388 judicans
2866 5323 3001 5376 falso
3031 5330 3086 5377 et
3131 5337 3297 5391 prava
3349 5317 3614 5372 voluntate
3643 5307 3720 5358 in-

2165 5417 2476 5486 stinctuque
2488 5413 2645 5487 5,31
2665 5415 2881 5482 maligni
2908 5414 3117 5476 livoris,
3135 5427 3240 5467 non
3263 5420 3461 5470 autem,
3485 5412 3537 5459 ut
3560 5393 3713 5455 videri

2165 5509 2439 5572 volebant,
2481 5509 2597 5562 zelo
2625 5508 2825 5575 publici
2861 5506 2987 5562 boni
3021 5514 3076 5560 et
3115 5506 3297 5562 studio
3328 5497 3581 5559 benevolo
3607 5502 3711 5544 ser-

2165 5600 2342 5655 viendi
2376 5599 2687 5666 imperatori
2717 5599 2782 5653 ad
2812 5600 2970 5654 istam
3007 5595 3396 5651 calttmniosam
3427 5600 3477 5645 et
3510 5578 3713 5637 menda-

2166 5707 2286 5746 cem
2324 5691 2654 5746 delationem
2707 5688 3074 5760 processisse.
3113 5685 3256 5754 Ergo
3313 5685 3367 5739 in
3426 5693 3515 5734 eos
3545 5668 3708 5760 palam

2167 5783 2500 5853 indignatus,
2539 5759 2775 5838 scribam
2802 5779 3018 5850 quidem
3050 5787 3107 5832 ut
3145 5776 3300 5832 nihili
3347 5759 3708 5831 homunculum
