4024 6392
252 406 358 471 473

1179 407 1280 468 DE
1311 406 1754 471 ANDRONICO
1795 408 2268 470 PALIEOLOGO
2305 408 2460 480 LIB.
2515 407 2582 469 V.

3418 396 3523 462 474

251 520 446 582 πόντες
476 519 636 583 ἀξίαις
677 518 774 582 τὰς
801 518 956 581 δίκας
980 521 1216 584 τίσαιεν,
1252 520 1391 590 μηδὲ
1421 521 1709 590 προσέξειν
1737 522 1834 576 ἄλο
1862 527 1911 588 Α
1940 521 2207 593 ὲλπισμδν
2244 517 2592 589 συμπαθείας
2620 515 2718 583 τῆς
2759 515 2928 585 μονῆς
2959 513 3250 579 ἀπελύετο,
3279 514 3312 582 ἡ
3337 514 3391 566 δὲ
3417 515 3519 584 τῆς

256 613 344 662 λον
373 609 450 679 τῷ
492 609 808 680 στρατηγῷ,
864 609 940 680 μὴ
972 609 1080 662 τῶν
1134 612 1390 680 φυγάδων
1440 611 1669 666 ἐκείνων
1698 613 1831 666 ὐποο

256 702 498 769 σχόντων
529 700 630 760 τὰς
675 699 852 766 δίκας)
884 698 1019 752 ἀλλὰ
1046 697 1108 750 τδ
1137 698 1238 768 μὲν
1271 701 1409 769 μονῇ
1445 699 1832 767 ἐγκεκλεῖσθαι

256 790 348 848 καὶ
380 789 490 843 ἀπὸ
516 788 812 858 προσώπου
842 785 986 842 εἶναι
1013 789 1091 858 τῷ
1122 789 1339 859 βασιλεῖ
1365 790 1600 861 ἀρκετὸν
1643 792 1723 853 είς
1754 809 1836 844 τι-

256 882 474 952 μωρίαν
504 881 740 950 ἔκρινεν,
788 881 965 934 ὲκεῖνο
1007 881 1141 947 παρ’
1169 883 1368 936 ἑαυτοῦ
1400 884 1835 937 καταδικασθέν-

252 990 344 1035 τος
372 974 512 1044 ὅπερ
555 974 620 1025 ἂν
654 972 904 1042 βασιλεὺς
961 973 1154 1026 παθεῖν
1185 976 1395 1027 ἐκεῖνον
1427 974 1502 1038 ὡς
1533 975 1836 1046 πρόστιμον

255 1064 522 1128 ἐδικαίου,
550 1064 650 1134 τῆς
679 1065 850 1134 μονῆς
881 1067 1002 1118 a'tvel.
1033 1065 1285 1136 φυλακῆς
1313 1067 1481 1136 οὔσης
1526 1067 1751 1132 αὐτίκα,

255 1157 322 1225 δὴ
355 1158 452 1208 καὶ
500 1158 650 1226 παρὰ
702 1158 1042 1228 πατριάρχου
1094 1158 1424 1222 ἀποσταλεὶς
1455 1158 1834 1228 ἐγκέκλειστο.

257 1247 350 1318 Τῷ
375 1248 430 1302 δέ
453 1265 518 1316 γε
549 1253 943 1320 γραμματιστῇ
966 1249 1386 1318 ἀπεπροσπάθει
1415 1248 1491 1312 ὡς
1524 1248 1600 1319 μὴ
1636 1249 1753 1319 ίδίῳ
1774 1248 1836 1302 τὸ

259 1341 482 1395 σύνολον
513 1343 625 1396 ὄντι
658 1343 753 1396 καὶ
781 1343 857 1406 ὡς
883 1343 946 1396 ἐκ
971 1361 1118 1406 τινος
1144 1343 1402 1414 λατρείας
1437 1343 1670 1406 ἐκείνοις
1700 1344 1836 1395 ἀνα-

256 1429 518 1499 ληφθέντι
537 1447 551 1462 ο
582 1432 693 1484 δεῖν
721 1432 830 1501 γὰρ
857 1434 969 1494 τοῖς
995 1431 1096 1499 τῆς
1115 1431 1226 1484 τῶν
1241 1430 1520 1500 ἀρχόντων
1539 1429 1632 1483 ἐπὶ
1656 1428 1762 1494 πλη
1771 1446 1837 1500 μ·

258 1525 543 1594 μελῆμασι
565 1524 840 1595 τιμωρίας
880 1525 980 1594 οὐχ
1011 1519 1176 1595 ἦττον
1205 1525 1456 1582 κολάσεις
1481 1521 1514 1592 ἢ
1539 1521 1838 1591 καθάρσεις

255 1615 425 1679 οὔσας
459 1616 611 1676 ἰδίοις
648 1619 966 1685 προσήκειν,
1001 1617 1050 1669 εί
1085 1615 1330 1686 μέλλοιεν
1363 1615 1413 1667 οἱ
1447 1614 1548 1684 μὲν
1583 1613 1839 1678 κολάζον-

253 1724 347 1768 τες
383 1707 724 1776 κερδαίνειν,
770 1708 820 1760 oi
848 1707 903 1760 δὲ
947 1708 1098 1761 δεινὰ
1149 1709 1454 1777 πάσχοντες
1484 1705 1836 1776 ὠφελεῖσθαι,

257 1797 402 1851 κατὰ
435 1799 533 1868 τὴν
555 1799 634 1862 είς
670 1799 891 1852 τούπιὸν
917 1799 1108 1868 χρείαν
1137 1797 1198 1851 τὸ
1223 1800 1496 1868 χρήσιμον
1531 1795 1840 1868 παρεξόμεο

1934 614 2230 684 ὀλιγωρίας
2252 609 2382 677 δόξα
2413 610 2507 663 καὶ
2541 609 2623 662 ἔτι
2645 607 2951 672 ἁναζέουσα
2982 603 3070 678 ἦν,
3106 607 3201 658 καὶ
3228 605 3357 658 δείν’
3385 607 3525 660 ἄττα

1933 703 2059 768 τοὺς
2098 702 2178 773 τῷ
2209 701 2435 772 μεγάλῳ
2474 699 2628 752 δουκὶ
2692 697 3133 767 προσκειμένους
3180 695 3522 764 ὑπέσμυχον,

1935 797 1984 849 εί
2012 795 2428 863 καταφρονοὴο,
2460 793 2556 846 καὶ
2601 790 2836 861 μάλιστα
2882 789 3036 858 παρὰ
3076 788 3183 840 τῶν
3213 787 3523 840 δοκούντων

1936 889 2032 942 καὶ
2057 889 2114 942 ὲν
2162 887 2343 952 ἀξίαις
2369 887 2505 957 (τοῖς
2537 886 2646 956 γὰρ
2689 883 3071 954 καιριωτέρως
3111 883 3357 951 μέρεσιν,
3389 881 3525 934 ὅταν·

1936 981 2072 1050 ὲνδῷ
2096 979 2233 1050 πρὸς
2263 981 2326 1033 τι
2352 981 2555 1050 χεῖρον,
2584 980 2798 1050 ἀνάγκη
2827 974 3284 1044 συνδιεστράφθαι
3315 974 3410 1027 καὶ
3449 975 3521 1027 τὰ

1936 1073 2124 1135 λοιπὰ,
2175 1072 2242 1142 ἣν
2283 1073 2356 1144 μή
2397 1090 2485 1136 τις
2537 1073 2789 1144 ἐπίσχῃ),
2848 1071 2972 1124 τότε
3005 1069 3264 1138 βασιλεὺς
3298 1067 3523 1136 πέμψας

1938 1166 2064 1234 ἄγει
2115 1165 2212 1219 καὶ
2259 1165 2630 1236 ἀμφοτέρους,
2686 1168 2784 1218 καὶ
2837 1163 2901 1232 δὴ
2933 1163 3118 1232 ἡμέρα
3163 1159 3523 1230 κνριωνύμῳ,

1937 1255 2447 1327 Μαιμακτηριῶνος
2475 1254 3078 1326 τεσσαρεσκαιδεκάτῃ,
3107 1254 3234 1316 τοὺς
3262 1253 3390 1322 περὶ
3429 1252 3528 1304 αὐ·-

1937 1346 2030 1399 τδν
2081 1346 2618 1416 παραστησάμενος,
2677 1344 2968 1413 παρόντων
3009 1343 3302 1407 κάκείνων,
3358 1341 3534 1394 πολὺν

1943 1436 2044 1504 μὲν
2071 1435 2231 1504 λόγον
2255 1435 2546 1505 παρέτεινε
2578 1433 2937 1504 δημηγορῶν,
2971 1433 3048 1501 τῷ
3082 1432 3182 1501 μὲν
3215 1433 3392 1485 δοκεῖν
3421 1449 3527 1485 καα

1941 1528 2285 1597 ϐαπτόμενος
2317 1526 2412 1580 τοῦ
2440 1525 2777 1596 Νοστόγγου,
2799 1529 2861 1579 τὸ
2888 1526 2942 1578 δὲ
2977 1525 3232 1578 πλεῖστον
3264 1524 3358 1580 καὶ
3388 1524 3530 1592 ὑπὲρ

1939 1621 2034 1676 τοῦ⁹
2095 1619 2338 1689 μεγάλου
2386 1619 2579 1682 ὃουκδς
2615 1619 2750 1688 πρὸς
2778 1619 2906 1682 τοὺς
2959 1619 3295 1686 μεγιστᾶνας
3330 1615 3533 1669 ἀπολο-

1940 1711 2233 1781 γούμενος,
2285 1710 2361 1774 ὡς
2396 1709 2563 1780 μηδὲν
2597 1709 2836 1774 ἀναξίως
2871 1711 2982 1762 κάκ
3023 1708 3119 1762 τοῦ
3164 1708 3529 1778 παρείκοντος

1944 1807 2072 1878 μήτ’
2121 1805 2284 1859 αὑτὸν
2313 1803 2720 1875 πρώιὸασμοῖς
2749 1803 2982 1872 τιμῆσαι
3025 1802 3117 1855 τὸν
3166 1802 3263 1856 καὶ
3296 1801 3402 1871 πρὸ
3434 1800 3535 1853 τοῦ

254 1907 358 1943 νοι.
392 1887 477 1960 [Ρ.
521 1888 650 1961 299]
694 1890 852 1943 Ἐπεὶ
879 1889 935 1942 δὲ
968 1889 995 1942 ὁ
1046 1888 1144 1960 μὲν
1178 1889 1490 1957 Νοστόγγος
1531 1888 1677 1941 κατά
1719 1903 1842 1942 τινα
1875 1898 1920 1957 Β
1953 1899 2132 1969 μέγαν
2165 1897 2454 1963 δοκοῦντα⁹
2518 1897 2644 1967 μήτ’
2671 1898 2879 1950 ἐκεῖνον
2919 1896 3050 1965 παρ’
3081 1893 3248 1949 αὑτοῦ
3295 1890 3534 1964 τιμηθῆ-

251 2081 310 2131 et
363 2088 559 2144 parum
601 2072 789 2127 utilem
844 2087 874 2124 e
920 2070 1228 2126 ministerio
1259 2069 1512 2124 amovit:
1560 2067 1842 2140 Nostongo

252 2182 324 2223 ne
353 2182 530 2237 poena
561 2165 612 2221 ei
649 2163 980 2220 luculentior
1016 2163 1375 2234 infligeretur,
1399 2176 1496 2216 sua
1531 2169 1684 2218 tanto
1717 2177 1840 2216 am-

251 2258 399 2328 plior
431 2256 673 2324 dignitas
728 2255 958 2325 profuit,
995 2254 1296 2325 praesertim
1335 2269 1460 2306 cum
1515 2269 1582 2308 ne
1613 2269 1712 2324 pro
1745 2269 1842 2322 po-

254 2357 458 2404 testate
510 2356 861 2401 coerceretur
919 2345 1360 2416 subjicereturve
1401 2343 1640 2412 judicio,
1703 2345 1839 2414 asyli

247 2441 341 2512 jus
371 2439 639 2497 obstaret.
666 2453 776 2508 quo
804 2438 898 2493 ille
941 2436 1270 2506 Peribleptae
1295 2437 1634 2490 monasterio
1664 2437 1839 2490 inclu-

251 2549 350 2589 sus
383 2533 542 2602 (illuc
572 2532 722 2586 enim
749 2547 875 2587 eum
909 2529 1223 2600 patriarcha
1254 2529 1506 2600 miserat)
1540 2527 1840 2584 inviolabili

253 2625 538 2679 utebatur.
567 2625 762 2694 Itaque
809 2637 1131 2692 quanquam
1163 2637 1321 2678 soror
1356 2621 1724 2690 imperaturis,
1753 2635 1842 2676 so-

251 2732 384 2771 crus
425 2717 583 2772 ducis
628 2715 835 2785 magni,
875 2714 1108 2784 cognitis
1164 2729 1288 2784 qua:
1327 2722 1518 2768 contra
1569 2713 1722 2767 hunc
1773 2713 1844 2769 ab

249 2809 342 2866 liis
366 2811 751 2873 movebantur,
780 2821 1045 2879 tanquam
1083 2823 1186 2878 pro
1211 2821 1414 2878 genero
1443 2805 1702 2866 sollicita.
1732 2820 1841 2860 non

250 2910 502 2959 cessaret
534 2904 909 2959 Andronium
947 2901 1167 2957 irritare
1207 2901 1472 2956 adversus
1504 2899 1644 2954 duos
1672 2897 1844 2954 falso-

251 3009 400 3059 των,
449 3000 507 3047 ut
554 2992 759 3058 aiebat,
802 2993 1122 3047 inventores
1162 2990 1479 3055 criminum,
1515 3002 1844 3059 magnopere

249 3098 598 3156 exaggerans
641 3100 755 3140 rem
786 3100 911 3140 esse
939 3084 1222 3155 indignam
1266 3083 1613 3152 exemplique
1647 3081 1702 3136 in
1738 3096 1843 3152 pu-

251 3177 459 3232 blicum
491 3175 667 3242 noxii,
699 3177 922 3246 impune
957 3175 1102 3231 ferre
1130 3174 1503 3230 calumniosos
1531 3174 1842 3246 sycophan-

252 3275 338 3323 tas
370 3267 902 3338 impudentissimam
931 3267 1238 3334 audaciam,
1271 3284 1340 3325 ex
1364 3284 1470 3339 qua
1495 3268 1668 3323 inulta
1703 3253 1832 3338 pcr-

251 3366 521 3414 manente
545 3369 874 3416 secuturum
903 3368 1050 3417 esset
1083 3369 1144 3415 ut
1172 3361 1266 3416 alii
1309 3375 1530 3430 quoque
1565 3359 1634 3414 ad
1664 3361 1834 3416 licen-

250 3454 391 3506 tiam
427 3451 641 3507 invitati
661 3451 898 3507 similem
928 3452 1267 3522 negligereut
1305 3453 1537 3508 obedire
1565 3453 1688 3507 duci
1720 3467 1837 3507 ma-

249 3560 383 3615 gno,
410 3549 572 3612 cujus
597 3561 760 3616 quam
788 3553 941 3601 esset
995 3543 1158 3600 fortis
1206 3552 1262 3600 et
1298 3545 1429 3600 felix
1466 3545 1611 3600 bello
1646 3545 1837 3614 reique

250 3645 388 3694 tunc
433 3627 664 3706 publica;
711 3637 1022 3693 necessaria
1067 3651 1252 3706 opera,
1286 3636 1672 3707 Philadelphia
1700 3637 1838 3691 libe-

250 3731 397 3786 ratio
433 3738 802 3796 monstraret;
847 3730 949 3786 etsi
1001 3730 1134 3794 haec,
1164 3731 1410 3800 inquam,
1460 3729 1840 3785 indesinenter

255 3832 486 3894 urgeret
509 3829 620 3877 tam
644 3829 838 3891 potens
875 3832 932 3878 et
961 3836 1087 3878 cara
1116 3822 1429 3892 imperaturi
1457 3829 1728 3888 matrona,
1759 3831 1841 3877 ta-

252 3929 379 3970 men
404 3914 482 3969 illi
519 3930 628 3969 non
660 3923 745 3970 est
776 3915 954 3970 visum
985 3914 1133 3969 aliud
1158 3923 1272 3970 tum
1304 3914 1527 3986 quidem
1556 3912 1841 3987 Nostongo

1943 2063 2028 2133 ret
2067 2074 2323 2132 frustrari
2367 2082 2497 2131 voto
2541 2087 2645 2130 suo
2695 2071 2979 2144 iudicem;
3030 2072 3123 2142 qui
3173 2085 3297 2126 eum
3343 2084 3542 2138 pmnas

1945 2164 2258 2223 istiusmodi
2303 2164 2487 2221 minus
2531 2163 2755 2218 ultrices
2799 2177 2928 2218 esse
2976 2176 3140 2230 quam
3184 2159 3534 2230 purgatriccs

1942 2261 2096 2324 velit,
2117 2260 2405 2329 magisque
2435 2264 2589 2329 Optet
2610 2256 2891 2313 emendari
2921 2271 3018 2328 per
3041 2271 3138 2310 eas
3163 2255 3217 2308 in
3249 2263 3531 2324 posterum

1945 2353 2039 2423 qui
2095 2351 2351 2422 deliquit,
2383 2366 2546 2420 quam
2603 2351 2722 2420 ipse
2753 2349 2858 2403 frui
2917 2347 3211 2402 dulcedine
3253 2347 3536 2410 vindicta;

1944 2444 2096 2501 istud
2115 2443 2278 2514 ’quod
2318 2459 2350 2498 e
2391 2441 2708 2513 reipublicae
2739 2441 2980 2496 utilitate
3025 2447 3262 2509 spectat,
3311 2439 3538 2492 minime

1943 2545 2335 2606 assequeretur
2377 2534 2658 2592 steviendo
2699 2536 2753 2588 in
2800 2547 3095 2602 personam
3137 2529 3539 2586 indifferentem

1945 2631 2024 2684 illi
2059 2643 2221 2699 quem
2247 2626 2514 2698 primario
2547 2627 2664 2680 vult
2693 2625 2953 2695 plectere.
2983 2625 3076 2678 Sic
3116 2632 3247 2677 tunc
3281 2622 3543 2678 eludebat

1945 2723 2246 2792 imperator
2282 2719 2563 2774 studiosos
2590 2717 2776 2788 magni
2806 2715 2964 2771 ducis
2997 2731 3213 2784 poenam
3265 2713 3536 2782 Nostougi

1947 2813 2310 2882 postulantes.
2388 2810 2592 2864 Verum
2664 2824 2790 2863 cum
2865 2808 3163 2863 accidisset
3249 2807 3540 2876 aliquanto

1945 2914 2072 2976 post
2149 2905 2266 2969 haec
2333 2901 2557 2972 prodire
2612 2914 2644 2955 e
2721 2914 2822 2955 suo
2907 2898 3063 2968 asylo
3167 2895 3538 2967 Nostongum,

1945 3013 2043 3066 spe
2071 2996 2306 3064 quadam
2343 3003 2609 3064 concepta
2640 2989 2906 3062 parcituri
2941 2991 3101 3046 facile
3131 2989 3239 3045 sibi
3271 2989 3536 3059 Augusti,

1943 3089 1990 3144 si
2033 3088 2388 3144 committere
2435 3101 2494 3141 se
2540 3099 2695 3138 reum
2727 3082 2903 3153 ipsius
2934 3082 3242 3137 clementiae
3283 3081 3538 3144 vidisset,

1945 3182 2075 3236 dum
2109 3171 2160 3236 id
2197 3180 2376 3249 ipsum
2408 3176 2566 3240 aulae,
2601 3185 2660 3230 ut
2683 3175 2764 3240 tit,
2795 3174 3152 3230 sermonibus
3179 3172 3499 3227 celebratur
3524 3214 3540 3239 ,

1941 3275 2386 3330 animadversum
2469 3279 2557 3326 est
2652 3269 2828 3341 magis
2907 3269 3230 3324 incumbere
3322 3267 3541 3336 judicia

1937 3375 2259 3437 magnatum
2330 3365 2725 3436 plerarumque
2777 3361 2831 3416 iu
2901 3359 3384 3430 reprehensionem
3448 3372 3544 3411 ar-

1938 3459 2206 3529 rogantia:
2259 3458 2441 3529 magni
2487 3456 2674 3519 ducis,
2725 3453 2820 3524 qui
2873 3453 3215 3523 Nostongum
3281 3463 3542 3520 magnum

1941 3551 2378 3612 hetzeriarcliam,
2413 3549 2684 3619 dignitate
2739 3561 2802 3601 ac
2839 3545 3116 3601 natalibus
3176 3543 3543 3612 conspicuum

1939 3647 2242 3707 hominem,
2303 3643 2456 3698 velut
2483 3643 2552 3697 de
2601 3641 2760 3710 plebe
2781 3638 3122 3709 quempiam,
3177 3633 3539 3700 contemptim

1938 3743 1993 3790 et
2077 3731 2375 3801 imperiose
2451 3736 2769 3786 tractasset.
2845 3727 2980 3794 Qua:
3033 3727 3272 3794 gliscens
3335 3724 3544 3777 invidia

1939 3837 2069 3878 cum
2124 3822 2288 3876 ducis
2355 3819 2539 3890 magni
2618 3816 2933 3873 fautoribus
2995 3815 3278 3883 injecisset
3328 3829 3546 3880 curam,

1940 3915 2090 3985 quod
2134 3931 2258 3971 eum
2305 3915 2416 3986 jam
2446 3913 2725 3969 contemni
2754 3927 2819 3966 ac
2841 3911 3058 3965 traduci
3111 3909 3314 3980 passim
3353 3925 3383 3961 a
3416 3923 3548 3979 pro-

251 4003 1180 4075 suppliciutnintiigere;sufficere
1214 4006 1422 4075 quippe
1461 4005 1689 4060 interim
1725 4004 1840 4060 aie-
1943 4009 2168 4065 curibus
2203 4016 2280 4073 et_
2309 4007 2633 4063 constitutis
2690 4007 2744 4060 in
2801 4003 3070 4073 dignitate
3141 4001 3273 4056 viris
3337 4003 3548 4071 prima-

252 4095 347 4154 bat
373 4111 678 4160 carcerem,
715 4113 878 4168 quem
915 4097 961 4152 is
1013 4098 1116 4152 sibi
1152 4099 1298 4153 ultro
1345 4097 1731 4160 conscivisset,
1759 4098 1843 4152 iu-
1944 4101 2047 4156 riis
2083 4099 2370 4161 videbant.
2404 4099 2782 4167 intelligebant
2810 4103 2994 4149 autem
3053 4107 3254 4149 sensus
3303 4102 3360 4147 et
3396 4094 3548 4163 judi-

253 4190 494 4245 cludens
559 4204 684 4244 sese
751 4189 1094 4245 monasterio
1152 4188 1515 4262 Peribleptae;
1567 4205 1732 4261 quam
1783 4205 1846 4244 se
1945 4195 2030 4249 cia
2087 4202 2423 4250 summatum
2491 4190 2650 4244 facile
2686 4191 2738 4243 in
2763 4189 2960 4258 vulgus
3004 4201 3230 4257 quoque
3290 4201 3536 4255 serpere,

253 4283 333 4337 illi
383 4283 693 4338 custodiam
742 4285 1016 4353 imputare
1047 4282 1266 4338 dicebat
1298 4283 1354 4338 in
1411 4292 1621 4354 partem
1669 4297 1845 4352 prauae
1949 4285 2367 4357 periculumque
2393 4284 2528 4349 fore,
2553 4282 2608 4336 ni
2637 4291 2851 4336 mature
2871 4288 3279 4341 occurreretur,
3311 4294 3378 4334 ne
3395 4293 3549 4333 eom-

254 4381 520 4439 tanquam
562 4374 821 4427 indictam
866 4374 1111 4444 legitime
1156 4375 1440 4428 damnato.
1489 4372 1836 4429 lnstautibus
1949 4376 2215 4432 munibus
2247 4391 2371 4430 mox
2397 4381 2453 4429 et
2489 4374 2830 4429 unanimiter
2859 4369 3550 4443 conspirantibus-primo-

252 4472 466 4526 autem.
505 4479 665 4534 posse
707 4465 899 4520 saltem
924 4465 1107 4536 puniri
1140 4463 1482 4536 Nostongum
1519 4464 1574 4519 in
1611 4479 1845 4533 persona
1953 4487 2073 4525 rtltll
2109 4471 2268 4540 juxta
2302 4469 2759 4538 infirinorumque
2789 4484 2935 4524 unus
2964 4465 3372 4536 odiisubjcctus
3401 4462 3549 4518 haud

253 4558 453 4613 scriba:
511 4556 622 4622 sui,
673 4558 766 4627 qui
833 4572 941 4611 non
979 4557 1374 4646 .diversaretur
1407 4558 1463 4610 in
1514 4556 1850 4612 monasterio
1888 4572 1931 4628 υ
1957 4578 2060 4633 par
2093 4563 2405 4646 resistendo
2435 4569 2603 4627 esset,
2643 4562 2800 4616 novis
2833 4562 3222 4632 imperatorem
3259 4559 3542 4616 instautiis

255 4650 416 4718 (huic
456 4650 605 4704 enim
636 4650 788 4719 juste
838 4637 1196 4720 ittﬂigendutu
1243 4651 1477 4706 merenti
1513 4649 1844 4720 supplicium
1947 4655 2015 4709 ad
2067 4637 2505 4710 succurrendum
2539 4655 2627 4710 isti
2667 4655 2980 4710 discrimini
3033 4653 3415 4725 perpulerunt.
3451 4652 3551 4710 His

253 4744 310 4800 in
341 4743 701 4813 ignominiam
722 4752 779 4798 et
799 4742 1045 4800 dolorem
1085 4743 1518 4798 redundaturum
1549 4743 1721 4812 ipsius
1747 4741 1846 4797 do-
1948 4746 2041 4801 ille
2091 4762 2365 4814 annuens,
2417 4747 2507 4802 die
2540 4757 2738 4818 quarta
2773 4748 2986 4804 decima
3037 4747 3209 4814 Junii,
3268 4763 3393 4818 qua:
3444 4747 3554 4804 fuit

257 4834 592 4902 tnini,cujus
621 4833 870 4902 exemplo
888 4844 942 4888 et
963 4832 1248 4888 commodo
1269 4832 1852 4903 peccasset),respun-
1954 4836 2052 4893 illo
2083 4852 2232 4892 anno
2280 4839 2586 4904 Dominica,
2639 4840 2837 4895 adduci
2869 4855 3055 4895 coram
3097 4855 3221 4896 sese
3267 4840 3324 4895 in
3368 4841 3556 4896 medio

255 4928 425 4984 debat
467 4929 769 4997 imperator
801 4929 1148 4997 Nostongttm
1185 4927 1319 4982 nihil
1363 4926 1429 4980 ad
1483 4941 1545 4981 se
1575 4925 1855 4995 pertinere
1956 4945 2247 5000 procerum
2281 4932 2423 4987 aulae
2461 4932 2786 4987 considente
2817 4931 3159 5002 Nostongum
3201 4943 3256 4988 et
3307 4933 3554 4989 scribam

256 5031 581 5090 putaturum
631 5021 763 5092 quid
822 5023 1019 5090 scribae
1050 5022 1140 5077 isti
1179 5022 1352 5088 ﬁeret,
1379 5037 1542 5090 quem
1584 5018 1652 5074 ad
1695 5032 1850 5073 suam
1954 5023 2146 5094 jussit.
2185 5024 2378 5093 Atque
2414 5024 2504 5078 hic
2557 5024 2776 5092 longam
2827 5025 2985 5092 satis,
3012 5026 3300 5096 ingressus
3337 5027 3554 5082 oratio-

260 5130 394 5170 vere
435 5115 775 5185 pertinuisse
805 5115 1071 5170 familiam
1110 5123 1333 5185 negaret
1367 5129 1384 5167 :
1418 5113 1472 5167 iu
1505 5128 1623 5167 eam
1651 5111 1857 5181 quippe
1964 5131 2088 5170 nem
2133 5115 2321 5185 specie
2349 5115 2644 5170 inveltcndi
2673 5116 2726 5170 in
2757 5114 3128 5188 Nustongum,
3164 5119 3461 5174 maximam
3492 5136 3553 5175 re

260 5207 556 5275 irrepsisse
581 5207 725 5261 haud
757 5223 786 5262 a
830 5223 890 5264 se
916 5207 1173 5275 ascitum,
1207 5206 1305 5262 sed
1332 5205 1522 5260 furtim
1545 5202 1854 5257 adhibitum
1953 5223 2081 5263 vera
2130 5207 2408 5263 sermonis
2457 5216 2673 5277 partem
2731 5211 3083 5279 consumpsit
3145 5211 3200 5263 in
3260 5210 3550 5282 purgando

255 5313 290 5352 ε
347 5299 465 5356 suis
507 5298 872 5356 familiaribus
925 5299 1267 5356 mercenaria
1305 5297 1588 5352 funCtione
1641 5292 1851 5349 venalis
1949 5301 2094 5371 apud
2117 5311 2415 5369 praesentes
2442 5313 2728 5372 magnatcs
2749 5303 2889 5358 duce
2916 5303 3554 5375 magnoactisqueillius

255 5406 464 5461 operae.
513 5390 783 5461 Oportere
851 5398 1062 5455 autem,
1114 5392 1161 5446 si
1199 5391 1420 5461 quando
1484 5391 1842 5461 magistratus

255 5499 366 5538 non
401 5485 456 5538 in
508 5486 754 5555 propria,
791 5484 886 5540 sed
943 5487 999 5540 in
1043 5483 1222 5539 aliena
1271 5483 1574 5552 castigandi
1607 5497 1842 5552 persona

259 5573 426 5646 432
453 5575 658 5638 sint,in
682 5589 747 5628 eo
788 5575 966 5644 capite
985 5589 1199 5643 pmnam
1243 5573 1503 5629 constitui
1551 5573 1848 5644 quodinti-

259 5681 411 5719 mum
433 5666 568 5735 ipsis
590 5676 645 5722 et
662 5682 848 5721 carum
870 5669 1079 5722 sciatur
1101 5683 1245 5732 esse,
1278 5667 1546 5736 cujusque
1583 5669 1844 5721 damnum

259 5773 326 5814 ac
353 5759 507 5814 labor
538 5759 607 5813 ad
631 5775 854 5817 sensum
886 5761 1106 5816 illorum
1138 5761 1338 5817 affectu
1370 5771 1425 5817 ct
1455 5762 1845 5831 compassionc

255 5859 626 5925 propagatum
659 5853 726 5909 iri
757 5869 868 5910 non
904 5852 977 5912 sit
1008 5853 1260 5910 dttbiutn.
1300 5855 1524 5924 Alioqui
1551 5857 1842 5919 continge-

1953 5404 2009 5450 et
2038 5393 2158 5448 suis
2195 5406 2328 5462 erga
2362 5392 2518 5445 illum
2550 5394 2839 5450 beneficiis
2873 5397 3266 5466 vituperationi
3301 5399 3556 5452 eximen-

1957 5485 2064 5540 dis.
2103 5484 2379 5540 Conatum
2431 5485 2638 5556 quippe
2672 5501 2855 5541 acrem
2907 5489 3147 5543 intendit
3205 5495 3273 5542 ad
3318 5504 3552 5559 persua-

1957 5575 2201 5631 dendum
2235 5590 2410 5644 neque
2445 5591 2504 5629 se
2558 5577 2912 5633 cumulaudis
2967 5579 3023 5630 in
3058 5577 3409 5631 Ronlzerium
3453 5577 3556 5631 ho-

1957 5667 2187 5722 noribus
2229 5667 2562 5722 liberalitate
2606 5669 2935 5731 excessisse,
2979 5682 3158 5737 neque
3195 5667 3349 5720 illum
3385 5681 3550 5722 acce-

1956 5760 2107 5831 pisse
2163 5775 2192 5814 a
2237 5775 2297 5814 se
2351 5759 2653 5829 quidquam
2706 5775 2817 5828 quo
2868 5775 2978 5814 non
3034 5759 3263 5814 deberet
3304 5759 3544 5832 jutlicari

1963 5851 2348 5920 dignissimus,
2382 5853 2583 5919 quippe
2621 5852 2712 5917 qui
2746 5853 2854 5916 iant
2891 5862 3186 5913 antequam
3227 5854 3334 5909 huc
3366 5853 3542 5909 adve-
