4024 6416
486 431 597 490 ωε

1684 422 2010 484 GEORGII
2049 421 2532 485 PACHYMEIUE

3613 422 3706 486 476

472 558 582 601 ναι,
615 535 664 592 εί
703 538 795 592 ἐπὶ
825 537 935 593 τῶν
991 536 1127 591 ὅλων
1157 538 1400 607 γένοιτο·
1436 554 1585 592 ειναιι
1625 535 1736 609 γὰρ
1768 537 1861 589 καὶ
1890 536 2055 589 ἀλλα-
2093 536 2135 593 Λ
2169 535 2422 604 Περσῶν.
2469 534 2631 587 Ἀλλὰ
2677 531 2991 604 χρόνοςτὴν
3027 530 3591 603 πολιορκίανὲμέτρει,
3626 537 3710 588 καὶ

473 632 574 704 χοῦ
608 634 710 703 οὐχ
750 633 951 704 ἥκιστα
983 632 1190 700 ἔνδοξον
1223 635 1317 687 καὶ
1371 632 1526 689 οὐδὲν
1569 632 1598 684 ὅ
1650 649 1704 684 τι
1746 631 1936 683 λαϐεῖν
1982 628 2055 698 μὴ
2156 625 2266 678 τῶν
2313 622 2523 675 πολλῶν
2570 621 2974 675 ύποκλιοέντων
3008 622 3088 683 είς
3145 621 3364 691 μακρὰν
3412 623 3640 692 ἀντεῖχον
3667 627 3710 676 οῖ

477 724 693 795 ἔχοντα.
730 723 895 786 Τέλος
959 725 1019 779 τδ
1068 724 1163 777 τοῦ
1211 724 1573 792 λεοντοκόμου
1600 723 1768 786 ποιεῖ,
1802 720 1901 775 καὶ
1935 722 2058 773 xuvl.

476 816 570 871 τὸν
603 816 680 880 ὡς
700 816 863 885 δῆθεν
892 816 1089 870 λέοντα
1117 815 1519 870 ὲκδεδίττεσῢαι
1542 828 1557 843 ⁶
1591 814 1920 885 προστάττει
1948 812 2058 881 γὰρ

480 908 699 975 αὐτίκα,
730 909 827 962 καὶ
848 909 940 961 τὸν
969 910 1069 977 μὲν
1093 909 1438 979 γραμματέα
1468 908 1720 975 ἑξατιμοῖ
1746 907 1919 975 κουρᾷ
1943 923 2061 973 τριο

479 1000 592 1071 χῶν
618 1001 713 1052 καὶ
745 1000 985 1067 γενείου,
1018 999 1111 1053 τὸν
1145 1000 1204 1053 δὲ
1226 1000 1543 1067 Νοστὸγγον
1574 997 1644 1051 τὰ
1672 995 1847 1049 πολλά
1887 995 2062 1048 καθαο

480 1091 724 1162 ψάμενος
751 1092 808 1144 ὲν
849 1091 1217 1161 δημηγορίαις
1243 1092 1396 1155 τέλος
1417 1090 1743 1157 ἀξιωμάτων
1774 1087 1921 1156 ψιλνιῖ
1968 1086 2063 1140 καὶ

482 1180 746 1249 ἐγκλείει.
781 1179 946 1233 Ἀλλὰ
969 1180 1144 1234 ταῦτα
1181 1181 1280 1250 μὲν
1310 1181 1613 1250 ἐπράττετο
1645 1180 1793 1249 τῇδε.

483 1284 583 1341 κε’.
608 1287 748 1356 Περὶ
771 1286 892 1342 τῶν
910 1291 1062 1343 κατὰ
1085 1288 1203 1355 τὴν
1222 1289 1503 1357 Τρίπολιν
1525 1289 1640 1356 τὴν
1661 1289 1810 1343 κατὰ
1841 1289 2063 1343 Μαῖαν-ς

1000 1359 1150 1426 ὅρον
1171 1360 1555 1425 συμϐάντων.

559 1446 648 1519 [Ρ.
675 1447 806 1519 500]
835 1451 912 1503 Οὐ
946 1453 1129 1520 χεῖρον
1158 1451 1201 1504 δ’
1234 1452 1366 1513 ῖσως
1412 1451 1509 1504 καὶ
1538 1451 1605 1504 τὰ
1639 1449 1783 1502 κατὰ
1819 1448 1916 1518 τὴν
1938 1447 2069 1516 Τρίο

487 1540 645 1592 πολιν
676 1539 927 1605 διελθεῖν,
977 1542 1125 1603 ὅπως
1159 1543 1218 1595 έν
1246 1544 1362 1605 τοῖς
1395 1543 1590 1612 μέρεσι
1636 1543 1750 1600 τοῖς
1777 1540 1899 1593 κατ’
1938 1540 2068 1591 ἀνα-

487 1630 652 1698 στολὴν
691 1630 952 1702 φρούριον
980 1628 1139 1698 οὖσα,
1168 1632 1360 1687 ἔπειτα
1392 1634 1457 1686 ἐκ
1486 1636 1586 1700 τῆς
1617 1630 1832 1694 εἰκαίας
1856 1630 1948 1683 καὶ
1970 1632 2070 1699 τῆς

485 1718 759 1789 τυχούσης
781 1722 1113 1791 προφάσεως
1148 1723 1357 1791 ταύτην
1386 1722 1623 1791 ἀρχαίαν
1650 1715 1816 1774 οὖσαν
1854 1720 1947 1771 καὶ
1976 1720 2068 1772 Φι-

487 1811 811 1881 λαδελφείας
856 1814 1310 1884 προδεὸλημένην
1361 1816 1389 1866 ὁ
1423 1814 1634 1877 Δούκας
1670 1815 1762 1866 καὶ
1813 1812 2070 1882 βασιλεὺς

2159 716 2508 786 Τριπολῖται.
2530 714 2679 783 Πλὴν
2710 713 2806 766 καὶ
2839 714 2962 766 κατ’
2981 713 3164 780 ὀλίγον
3197 716 3260 784 τῇ
3291 713 3393 766 τῶν
3419 715 3710 782 ἀναγκαίων

2161 806 2341 876 ἐνδείᾳ
2389 805 2886 875 στενοχωρούμενοι
2918 805 3015 858 καὶ
3048 807 3148 875 τῆς
3176 803 3372 868 ἔξωθεν
3410 807 3712 875 ἑπικονρίας

2161 899 2221 962 ἐς
2248 898 2318 951 τὰ
2358 897 2595 965 μάλιστα
2626 896 2884 968 ἔχρῃζον.
2932 895 3078 949 Ἀλλ’
3107 894 3229 948 ἐπεὶ
3276 895 3505 962 ἐγγύθεν
3528 897 3621 949 οὐκ
3657 893 3717 967 ἦν

2162 988 2377 1059 ἀρωγὴ,
2423 988 2667 1057 ἔγνωσαν
2697 1004 2807 1041 τισι
2850 987 3223 1058 συνωμοσίαις
3277 989 3397 1051 ταῖς
3450 987 3577 1058 πρὸς
3604 988 3718 1051 τοὺς

2165 1080 2386 1151 Πέρσας
2413 1080 2481 1133 τὰ
2513 1080 2615 1145 τῆς
2645 1079 2895 1149 ἀνάγκης
2930 1078 3250 1131 διευθετεῖν.
3295 1077 3508 1147 Ἀμέλει
3536 1095 3613 1130 τοι
3635 1079 3720 1130 καὶ

2167 1171 2304 1240 πρὸς
2337 1171 2530 1241 καιρὸν
2561 1171 2886 1224 ἐσπένδοντο
2931 1170 3194 1238 Πέρσαις,
3238 1169 3330 1220 καὶ
3361 1173 3502 1221 σῖτον
3531 1170 3720 1221 ἐκεῖθεν

2100 1266 2109 1275 ’
2169 1264 2501 1333 ἐλάμϐανον.
2539 1264 2649 1318 Καὶ
2674 1266 2701 1317 ὁ
2738 1263 3067 1332 συνεθισμδς
3107 1263 3208 1332 τῆς
3243 1261 3510 1332 ἐμπορίας
3538 1263 3606 1331 μὴ
3636 1263 3727 1331 μό-

2168 1373 2258 1410 νον
2291 1356 2540 1418 ὲκείνους
2600 1354 2999 1425 ὲξερχομένους
3054 1353 3314 1408 ὠνεῖσθαι
3348 1352 3416 1405 τὰ
3470 1354 3726 1420 ἀναγκαῖα

2171 1450 2367 1511 ἐποίει,
2422 1449 2559 1501 ἀλλὰ
2590 1451 2681 1501 καὶ
2725 1449 2942 1518 Πέρσας
2975 1447 3398 1518 εἰσερχομένους
3421 1445 3609 1515 ἀνέδην
3639 1446 3729 1516 τὴν

2172 1538 2327 1592 πόλιν
2384 1535 2468 1610 [Ρ.
2510 1535 2640 1607 501]
2698 1538 3043 1606 ἀπεμπολεῖν
3102 1533 3506 1604 παρεσκεύαζε.
3571 1534 3729 1586 Τοῦτο

2172 1630 2437 1692 πολλάκις
2473 1628 2720 1700 πραχθὲν
2740 1628 2951 1681 ἔννοιαν
2979 1629 3190 1696 είσάγει
3209 1630 3450 1698 Πέρσαις
3473 1627 3730 1689 ἁλώσεως,

2173 1723 2265 1775 καὶ
2302 1721 2596 1792 προδόταις
2646 1721 3168 1791 κοινολογησάμενοι
3205 1721 3274 1774 τὰ
3309 1720 3497 1773 εἰκότα
3529 1719 3582 1771 ὲν
3615 1734 3734 1786 προσ

2175 1815 2429 1885 θεσμίαις
2468 1815 2689 1877 πισταῖς
2712 1814 2779 1867 τὰ
2812 1814 2955 1866 κατὰ
2979 1814 3079 1884 τῆς
3111 1813 3321 1876 πόλεως
3348 1810 3732 1881 ἐξειργάζοντο.

490 1902 585 1956 καὶ
608 1904 796 1967 ὅπλοις
823 1907 917 1957 καὶ
954 1907 1267 1976 σιταρκίαις
1299 1904 1571 1967 έπετείοις
1620 1902 1858 1975 ὠχύρου,
1894 1905 1989 1957 καὶ
2009 1905 2070 1958 τὸ
2103 1897 2144 1947 Β
2174 1905 2287 1959 Καὶ
2338 1904 2404 1974 δὴ
2460 1906 2710 1974 σάγμασι
2767 1906 3045 1968 πλείστοις
3105 1905 3174 1957 τὰ
3207 1903 3317 1958 τῶν
3346 1902 3581 1973 φορτίων
3629 1902 3737 1951 ἐπι-

488 1993 586 2061 τῆς
610 1993 999 2064 Φιλαδελφείας
1044 1995 1313 2064 μόρσιμον
1338 1993 1418 2065 (τὸ
1443 1993 1487 2046 δ’
1511 1988 1579 2063 ἦν
1611 1993 1674 2045 ὲκ
1720 1989 1948 2062 πρώτης
1970 2008 2071 2065 καλ-

490 2085 827 2155 τακλυσμῶν
864 2088 962 2139 καὶ⁵
990 2085 1276 2139 είσέπειτα
1306 2085 1475 2156 μηδὲν
1507 2084 1735 2149 ἁλῶναι,
1770 2084 1847 2145 ὡς
1870 2082 2074 2151 ἐφημίο

493 2174 639 2243 ζετο)
678 2177 871 2229 πιστδν
902 2177 1156 2230 ἐντεῦθεν
1212 2177 1470 2230 καθίστα.
1510 2176 1611 2230 Διά
1656 2193 1737 2229 τοι
1772 2175 1950 2229 ταῦτα
1980 2174 2077 2227 καὶ

494 2266 788 2339 ὶκυδροῦτο
816 2268 877 2321 τὸ
914 2268 1186 2337 πόλισμα,
1207 2268 1432 2322 καὶτῶν
1456 2266 1862 2339 ἐπιτιθεμένων
1887 2266 2077 2335 ἠλόγει

497 2442 664 2505 uiret,
720 2456 951 2516 magnus
1009 2443 1171 2516 433
1221 2443 1439 2510 fuisset,
1492 2446 1724 2501 classem
1773 2455 1829 2501 et
1884 2445 2078 2514 copias

498 2535 737 2589 ductans
785 2537 1062 2606 proprias,
1103 2553 1328 2608 quoque
1387 2539 1474 2592 hic
1538 2537 1734 2592 fuisset
1782 2537 2082 2605 insignitus

501 2624 665 2679 titulo
719 2625 879 2682 ducis
912 2629 1120 2698 magni,
1156 2629 1275 2697 ejus
1307 2645 1420 2682 rem
1466 2630 1640 2699 ipsam
1671 2630 1823 2697 prius
1856 2629 2080 2682 habuis-

499 2726 605 2779 set.
656 2718 786 2772 alibi
828 2719 1000 2773 nihilo
1049 2719 1231 2774 minus
1278 2721 1464 2777 clarus
1517 2730 1685 2791 atque
1737 2722 2079 2788 conspicuus

501 2826 668 2881 quam
704 2811 903 2868 deinde
936 2812 1081 2883 apud
1112 2829 1234 2878 nos,
1261 2816 1355 2883 qui
1394 2829 1591 2867 nomen
1635 2814 1905 2869 duntaxat
1930 2814 2088 2867 addi-

501 2905 753 2959 derimus
788 2919 1055 2972 possessa:
1088 2904 1295 2959 dudum
1330 2913 1387 2960 et
1432 2907 1690 2961 exercitae
1727 2907 1799 2969 ab
1831 2906 1928 2961 illo
1981 2922 2083 2976 po-

501 2998 755 3062 testatis,
807 2996 1029 3065 quando
1095 2997 1246 3051 illum
1291 2997 1558 3053 exercitui
1628 3000 1878 3052 Romano
1937 3014 2083 3070 prae-

502 3087 739 3155 positum
772 3089 1028 3142 universo
1046 3102 1302 3156 magnum
1347 3087 1546 3143 ducem
1572 3088 1986 3157 appellavimus.
2027 3088 2082 3142 In

501 3193 622 3232 eam
657 3178 983 3233 sententiam
1017 3187 1308 3249 postquam
1337 3187 1593 3234 accurate
1622 3168 2088 3250 vehemenierque

410 3331 417 3337 ,
504 3272 804 3339 peroravit,
838 3285 1148 3326 conversus
1173 3272 1239 3326 ad
1269 3278 1568 3340 praesentes
1591 3286 1738 3336 reos,
1767 3280 1821 3327 et
1848 3287 1877 3326 a
1901 3272 2087 3328 scriba
2113 3245 2157 3303 (δ

500 3377 760 3423 exorsus,
816 3362 869 3416 in
926 3375 993 3416 eo
1050 3360 1239 3417 facere
1284 3362 1458 3416 voluit
1492 3360 1640 3432 quod
1695 3362 1877 3418 solere
1932 3362 2090 3417 aiunt

503 3455 679 3510 leonis
733 3454 1082 3525 magistrum,
1144 3457 1275 3510 dum
1339 3470 1478 3511 cane
1528 3470 1717 3509 coram
1752 3455 1848 3509 illo
1894 3455 2090 3510 verbe-

504 3546 680 3600 rando
715 3556 921 3601 terrere
962 3548 1117 3602 ferox
1153 3548 1359 3601 animal
1390 3548 1613 3618 satagit.
1659 3548 1750 3603 Sic
1794 3548 1938 3603 enim
1974 3547 2091 3601 Au-

506 3645 701 3705 gustus
761 3645 972 3691 metum
1030 3638 1325 3694 admovere
1375 3637 1671 3708 Nostongo
1728 3640 1910 3694 scriba
1968 3640 2092 3710 ejus

507 3728 801 3796 plectendo
830 3737 1057 3797 propter
1087 3730 1306 3800 culpam
1336 3732 1563 3799 utrique
1601 3745 1954 3786 communem
1992 3745 2091 3786 ro-

511 3821 652 3881 leus,
692 3820 822 3872 huic
877 3820 990 3873 illic
1023 3820 1078 3874 in
1126 3832 1428 3891 conspectu
1475 3831 1805 3878 cunctorum
1851 3824 2094 3893 ignomi-

511 3908 667 3963 niose
707 3907 825 3962 radi
871 3907 938 3961 ad
981 3917 1161 3963 cutem
1193 3910 1336 3979 pilos
1365 3912 1567 3982 capitis
1600 3922 1657 3968 et
1699 3913 1868 3967 menti
1902 3914 2090 3982 jussit.

511 3998 746 4067 Moxque
776 3999 1118 4070 Nostongum
1147 4001 1344 4056 acerba
1382 4005 1535 4072 prius
1583 4020 1685 4060 nec
1718 4005 1868 4061 brevi
1905 4005 2093 4074 objur-

510 4090 732 4160 gatione
785 4090 1118 4157 increpitum
1169 4091 1412 4161 denique
1441 4094 1810 4163 dignitatibus
1852 4097 2095 4167 privavit

508 4190 566 4237 et
583 4183 851 4238 custodiae
875 4182 1110 4238 addixit.
1137 4185 1317 4254 Atque
1342 4187 1458 4241 hac
1481 4188 1700 4257 quidem
1726 4200 1848 4243 acta
1875 4190 1930 4245 in
1949 4188 2097 4244 hunc

512 4270 735 4326 modum
767 4279 918 4326 sunt.

543 4402 635 4458 25.
673 4403 751 4457 De
778 4405 845 4459 iis
878 4421 994 4475 quae
1027 4405 1231 4475 Tripoli
1265 4407 1334 4461 ad
1368 4407 1702 4463 Menandrum
1732 4411 2056 4467 acciderunt.

587 4537 782 4606 Operae
809 4541 1048 4608 pretium
1075 4556 1295 4609 quoque
1324 4541 1510 4608 fuerit,
1559 4559 1679 4612 qua:
1715 4542 1919 4614 Tripoli
1965 4562 2095 4609 con-

2176 1996 2602 2065 σκευασάμενοι,
2629 1996 2691 2047 τὸ
2731 1994 2831 2065 μὲν
2862 1994 3179 2065 στράτευμα
3226 1993 3459 2062 ἔγγιστὰ
3489 2008 3585 2043 πον
3637 1992 3742 2042 ἐνε-

2177 2086 2507 2155 κρυφίαζον,
2547 2087 2665 2157 ἅμα
2700 2085 2759 2138 δὲ
2806 2084 2991 2139 πολλοὶ
3021 2085 3121 2155 τὴν
3157 2084 3315 2137 πόλιν
3351 2081 3626 2154 εἰσῄεσαν.
3661 2081 3741 2132 Σῖ-

2178 2194 2274 2242 τος
2302 2178 2347 2231 δ’
2378 2180 2413 2249 ή
2465 2178 2709 2249 ἐμπορία
2741 2174 2832 2250 ἦν,
2870 2178 2970 2233 καὶ
3021 2177 3255 2241 ἕκαστος
3316 2177 3425 2230 τῶν
3465 2172 3742 2228 κανθώνων

2179 2270 2389 2340 ζυγάδα
2410 2270 2593 2340 φέρων
2612 2271 2720 2325 τῶν
2743 2269 3124 2341 φορτωμάτων
3146 2268 3214 2323 τὰ
3236 2269 3384 2323 κατὰ
3414 2268 3505 2321 τὸν
3529 2265 3744 2336 πόλεμον

2182 2443 2405 2515 inclytae
2440 2459 2538 2514 per
2582 2444 2687 2500 hoc
2739 2443 2913 2508 factae,
2977 2457 3078 2499 nec
3130 2443 3216 2499 sui
3272 2441 3521 2515 praesidii
3567 2438 3745 2495 ﬁducia

2183 2538 2399 2592 curanti
2444 2539 2730 2592 Persarum
2764 2538 3137 2603 incursiones,
3193 2553 3337 2608 quas
3371 2536 3529 2591 facile
3557 2549 3617 2589 ac
3667 2532 3746 2585 lu-

2189 2632 2433 2686 dibunde
2460 2647 2519 2687 se
2555 2631 2903 2700 repulsuram
2936 2631 3257 2687 conﬁderet.
3294 2630 3491 2686 Postea
3526 2630 3629 2683 late
3659 2641 3749 2697 po-

2188 2724 2453 2779 tientibus
2476 2738 2673 2794 campo
2720 2722 2924 2787 Persis,
2976 2733 3186 2779 cunctae
3226 2713 3451 2778 illorqu
3494 2730 3748 2776 tractuum

2187 2816 2527 2871 munitiones
2591 2832 2698 2871 una
2757 2816 2921 2871 simul
2993 2815 3285 2870 obsidione
3359 2813 3749 2885 premebantur,

2188 2909 2395 2963 coactis
2419 2907 2781 2978 praesidiariis
2809 2905 2975 2978 434
3019 2907 3161 2960 intra
3206 2921 3306 2961 eas
3364 2921 3423 2961 se
3481 2913 3660 2958 tenere
3704 2908 3753 2953 ct

2196 3001 2311 3070 agri
2338 3015 2440 3054 usu
2459 3000 2722 3053 exclusis.
2761 2999 2816 3052 Id
2849 2982 3259 3053 incommodum
3310 2997 3623 3053 diutissime
3644 3007 3756 3046 om-

2188 3090 2338 3140 nium
2363 3086 2603 3157 Tripolis
2634 3087 2897 3157 pertulit;
2940 3097 2994 3142 et
3019 3088 3293 3157 plerisque
3323 3086 3756 3142 circumsitarnm

2188 3178 2398 3233 art-ium
2426 3178 2566 3233 fame
2599 3178 2665 3232 ad
2691 3178 3023 3233 deditionem
3052 3179 3283 3244 adactis,
3316 3180 3422 3235 soli
3451 3180 3610 3248 longo
3634 3184 3760 3228 tem-

2192 3287 2322 3342 pore
2356 3271 2609 3326 restitere
2643 3269 2948 3342 Tripolilze,
2980 3269 3161 3341 quoad
3194 3280 3250 3325 et
3276 3271 3389 3341 ipsi
3427 3265 3758 3337 consumptis

2190 3360 2396 3415 sensim
2425 3359 2724 3423 alimentis,
2762 3367 3009 3414 extrema
3039 3358 3093 3412 in
3130 3368 3252 3429 arto
3302 3360 3476 3429 positi
3525 3353 3761 3427 penuria,

2191 3451 2624 3520 circumspicere
2653 3450 2856 3503 auxilia
2884 3463 3137 3520 coepere;
3171 3466 3417 3519 quorum
3443 3465 3566 3505 cum
3599 3464 3627 3502 e
3652 3459 3764 3517 pro-

2193 3544 2398 3613 pinquo
2419 3542 2570 3597 nulla
2605 3558 2666 3598 se
2692 3557 2818 3612 spes
2851 3543 3187 3607 ostenderet,
3220 3543 3286 3597 ad
3333 3543 3605 3615 quasdam
3649 3551 3762 3593 eum

2192 3635 2374 3691 Persis
2401 3635 2816 3698 conventiones,
2843 3636 2988 3690 malo
3027 3635 3185 3689 aliter
3221 3633 3619 3690 immedicabili
3644 3628 3766 3685 sub-

2195 3728 2409 3795 igente,
2437 3726 2863 3781 descenderunt.
2896 3728 3047 3781 Pacti
3094 3729 3239 3781 enim
3287 3726 3348 3781 in
3400 3737 3619 3795 tempus
3679 3720 3768 3776 ali.

2196 3829 2332 3891 quot
2366 3819 2613 3875 indutias
2675 3828 2980 3890 mutuoque
3030 3818 3407 3897 contrahendi
3454 3819 3767 3876 libertatem,

2196 3914 2531 3969 frumentum
2564 3912 2634 3967 ab
2682 3914 2820 3983 ipsis
2854 3911 3113 3966 traditum
3167 3911 3377 3979 Persis,
3434 3911 3615 3982 pretio
3657 3919 3769 3960 cum

2196 4006 2302 4061 tide
2332 4014 2644 4067 numerato,
2677 4005 3044 4073 accipiebant.
3098 4002 3535 4073 Frequentatum
3588 4000 3642 4055 id
3690 4004 3768 4052 est

2196 4109 2284 4155 sat
2344 4099 2510 4170 longo
2575 4108 2824 4168 tempore
2876 4098 3305 4163 commercium,
3386 4092 3774 4167 prodeuntibus

2199 4189 2433 4259 primum
2487 4187 2869 4257 Tripolitanis,
2920 4194 2975 4239 et
3033 4199 3308 4238 annonam
3366 4183 3647 4254 persoluta
3691 4192 3766 4248 pc-

2195 4281 2357 4334 eunia
2383 4280 2519 4334 foris
2559 4288 2835 4349 sumptam
2884 4279 3027 4331 intra
3070 4276 3262 4331 urbem
3326 4271 3773 4345 importantibus.

2197 4371 2536 4431 Procedente
2588 4378 2768 4424 tamen
2802 4385 2928 4431 usu,
2964 4377 3021 4423 et
3049 4384 3113 4423 ex
3169 4382 3256 4432 co,
3313 4376 3378 4420 ut
3445 4367 3524 4433 ﬁt,
3588 4362 3773 4418 ﬁducia

2196 4470 2504 4524 crescente,
2553 4461 2872 4531 permittere
2924 4461 3236 4531 ingressum
3288 4460 3538 4515 civitatis
3600 4453 3776 4510 Persis

2199 4555 2322 4609 vitae
2381 4552 2631 4609 subsidia
2663 4552 3028 4608 inferentibus
3073 4568 3184 4606 non
3237 4552 3608 4615 dubitarunt;
3662 4541 3796 4616 quae

514 4628 703 4696 tigere,
758 4629 999 4685 breviter
1053 4633 1301 4699 exsequi.
1352 4632 1475 4687 Haec
1513 4635 1645 4690 urbs
1713 4637 1766 4689 in
1824 4635 2087 4692 Orientali
2127 4623 2167 4647 υ
2197 4660 2285 4699 res
2320 4646 2374 4698 in
2416 4644 2641 4699 exitium
2680 4644 2927 4713 ipsorum
2960 4623 3144 4697 ισθῖιὶι,
3195 4643 3378 4700 Persa:
3421 4644 3653 4713 quippe,
3687 4651 3779 4707 per

514 4718 619 4772 sita
658 4726 833 4773 tractu
860 4721 1071 4776 arcium
1128 4725 1336 4792 potius,
1387 4725 1590 4794 quibus
1640 4717 2087 4782 circumdabatur

515 4815 585 4870 ad
622 4816 774 4870 illum
799 4819 1070 4886 oppositis
1092 4819 1343 4884 limitem,
1370 4836 1533 4891 quam
1567 4814 1805 4893 propriis
1837 4832 1948 4877 tuta
1974 4839 2094 4877 mu-

512 4909 779 4963 nimentis
824 4909 1152 4975 habebatur,
1182 4913 1363 4982 quoad
1390 4930 1511 4968 eam
1562 4915 1739 4970 Ducas
1786 4915 2087 4984 Augustus,

514 5012 583 5051 ex
620 4998 719 5051 levi
747 5008 800 5053 et
834 5000 1057 5054 fortuita
1086 5012 1250 5071 capto
1281 5019 1448 5059 causa
1478 5006 1734 5067 consilio,
1767 5005 1958 5059 urbem
1987 5020 2092 5059 an-

519 5089 729 5157 liquam
754 5101 808 5145 et
855 5091 1247 5164 Philadelphia:
1278 5105 1598 5165 praetentam
1650 5097 1843 5160 armis,
1887 5112 2095 5166 propu-

518 5184 766 5251 gnaculis
806 5192 861 5239 et
892 5186 1066 5244 victus
1109 5190 1275 5242 annui
1330 5190 1745 5260 provisiouibus
1796 5191 2095 5255 instruxit;

519 5273 679 5335 cujus
708 5287 862 5328 novae
894 5274 1114 5343 objectu
1144 5278 1468 5335 munitionis
1504 5281 1726 5340 tutiore.
1772 5289 1833 5335 ut
1859 5295 2097 5350 appare-

525 5363 642 5427 bat,
668 5366 881 5420 reddita
918 5377 970 5421 et
1007 5379 1162 5423 extra
1193 5384 1357 5423 omne
1380 5372 1683 5440 periculum
1732 5372 1968 5426 Persica:
2013 5371 2100 5426 in~

519 5453 765 5509 vasionis
787 5456 969 5523 posita
999 5454 1402 5527 Philadelphia,
1432 5459 1696 5528 ﬁdesjam
1728 5460 2099 5515 adhibebatur

518 5544 750 5613 pronior
779 5545 948 5599 veteri
981 5545 1048 5601 de
1084 5548 1176 5600 illa
1208 5550 1440 5602 oraculo
1464 5548 1699 5617 jactato,
1738 5568 1849 5621 quo
1882 5552 1934 5605 in
1971 5552 2100 5607 fatis

521 5650 647 5689 esse
674 5634 950 5689 ferebatur
979 5652 1100 5691 cam
1128 5652 1154 5689 a
1183 5638 1361 5708 primo
1387 5640 1596 5695 diluvio
1631 5642 1685 5697 in
1710 5659 1873 5698 omne
1901 5642 2102 5699 deinde

524 5742 870 5796 consequens
945 5737 1159 5797 tempus
1222 5747 1505 5801 nunquam
1572 5733 1690 5790 fore
1755 5735 2100 5805 capiendam.

523 5815 767 5871 Indidem
803 5834 969 5887 porro
995 5820 1197 5878 civitati
1235 5821 1440 5894 Tripoli
1462 5825 1685 5884 claritas
1715 5829 1966 5899 accessit,
2000 5829 2106 5885 late

2195 4740 2356 4794 talem
2378 4754 2601 4793 cauSam
2631 4739 2775 4792 intra
2805 4742 2995 4794 urbem
3013 4737 3278 4809 Tripolim
3303 4740 3506 4795 crebro
3533 4731 3776 4792 admissi.

2193 4832 2315 4900 ejus
2349 4830 2636 4902 capiendae.
2702 4830 3093 4900 cogitationem
3156 4830 3422 4896 inierunt,
3481 4823 3780 4900 proditori-

2198 4925 2413 4992 busque
2472 4922 2790 4977 subornatis
2831 4922 2884 4976 in
2943 4922 3140 4992 supina
3204 4922 3509 4977 securitate
3582 4918 3777 4981 civium

2199 5014 2448 5070 fraudem
2502 5014 2556 5069 in
2625 5014 2771 5069 hunc
2834 5012 3056 5067 modum
3104 5013 3535 5067 concinnarunt.
3589 5009 3783 5077 Magno

2201 5104 2545 5160 sarcinarum
2588 5118 2819 5159 numero
2855 5111 3071 5171 parato,
3104 5117 3244 5172 quas
3279 5100 3546 5156 frumenti
3574 5094 3783 5152 venalis

2201 5211 2323 5252 esse
2352 5197 2621 5259 dicerent,
2659 5210 2756 5251 eas
2784 5182 2954 5250 asinis
2980 5204 3075 5250 aut
3105 5195 3269 5249 mulis
3294 5190 3606 5248 clitellariis
3631 5188 3785 5242 binas

2202 5288 2332 5343 hinc
2361 5287 2489 5343 inde
2518 5288 2752 5358 singulis
2787 5288 3073 5358 impositas
3121 5288 3331 5342 ducunt
3370 5285 3428 5338 in
3468 5283 3685 5343 urbem,
3731 5275 3784 5330 id

2204 5374 2385 5445 ipsum
2413 5380 2472 5428 ut
2509 5376 2622 5444 jam
2657 5386 2984 5430 consuetum
3042 5385 3480 5446 exspectantem.
3530 5370 3640 5425 Sed
3679 5380 3784 5420 που

2204 5468 2361 5538 prius
2416 5467 2687 5537 ejusmodi
2733 5467 3066 5524 deductores
3110 5469 3491 5538 jumentomm
3556 5464 3615 5516 in
3664 5472 3784 5515 eam

2204 5558 2346 5611 viam
2377 5572 2435 5611 se
2458 5557 2750 5621 dederunt,
2777 5572 2939 5627 quam
2966 5557 3131 5612 sociis
3153 5552 3451 5611 admonitis
3480 5549 3612 5620 quid
3638 5549 3787 5601 intus

2207 5648 2310 5718 ipsi
2341 5663 2504 5717 agere
2541 5658 2820 5717 pararent,
2852 5648 2979 5716 quid
3023 5649 3156 5703 foris
3183 5662 3282 5703 eos
3337 5644 3432 5701 tali
3498 5639 3689 5696 audito
3718 5634 3789 5689 si-

2208 5755 2315 5811 gno
2349 5738 2530 5793 facere
2579 5749 2880 5809 oporteret,
2926 5740 3242 5796 universum
3289 5735 3597 5795 exercitum
3655 5724 3789 5781 locis

2211 5830 2332 5885 urbi
2374 5829 2615 5901 proxime
2648 5827 2884 5884 admotis
2918 5831 3059 5885 clam
3108 5830 3161 5885 in
3197 5827 3413 5887 insidiis
3442 5822 3787 5883 delitesccn"
