4024 6458
298 449 402 511 477

1220 465 1321 527 DE
1351 469 1453 531 AN
1459 469 1796 534 DRONICO
1816 470 2286 565 PALEOLOGO
2310 481 2457 545 LIB.
2490 484 2557 546 ι’.

3457 486 3564 549 48

281 568 467 669 illa“)
504 564 588 669 οἷς
622 571 833 669 ἐκεῖνοι*
860 576 1183 644 κροτοῦντες
1228 583 1328 653 τὴν
1364 582 1550 654 μάχην
1591 587 1870 641 ἀνάπτου-
1897 588 1949 647 Α
1973 588 2069 643 οὖν
2097 593 2310 658 ἐκεῖνος
2337 595 2435 663 μὲν
2461 595 2720 668 εὐκόσμῳ
2763 602 2909 669 φυγῇ
2937 599 3047 653 τῶν
3071 598 3216 668 ἀμφὶ
3262 598 3355 652 τὸν
3389 600 3572 669 μέγαν

288 677 399 723 σιν,
434 663 586 725 ἐντὸς
641 667 952 737 συνεπῆγον
988 671 1102 724 τῶν
1139 672 1403 727 σάκκων·
1457 677 1559 730 καὶ
1597 678 1720 732 ἀντὶ⁹
1778 696 1872 733 πι-

287 753 451 819 ποῢς,
473 756 538 809 τὸ
563 756 657 810 τοῦ
706 758 893 828 λόγου,
928 766 1191 834 σκορπίον
1229 768 1277 819 οί
1309 768 1528 822 πολῖται
1558 771 1870 841 δεξάμενοι,

283 851 412 910 ταῖς
450 850 734 919 εὐθηνίαις
787 854 1309 928 ὲλπιδοκοπούμενοι
1360 860 1418 912 ἐν
1468 863 1652 916 ἀνέσει
1703 860 1868 935 ἦσαν.

282 941 404 1007 Νὺξ
442 943 488 997 δ’
526 944 627 1015 ἤδη
657 947 787 1015 περὶ
813 948 1011 1012 αὐτοὺς
1041 944 1132 1020 ἦν,
1184 954 1278 1004 καὶ
1330 954 1588 1023 ἠγνόουν,
1620 957 1715 1009 καὶ
1746 959 1872 1021 ταῖς

284 1035 526 1102 ἀγαθαῖς
553 1038 911 1106 προσδοκίαις
939 1039 1189 1111 ῂὼρηντο
1236 1045 1295 1097 ἐν
1323 1049 1515 1109 κακοῖς
1547 1046 1871 1115 ἀναγκαίοις

282 1129 464 1191 ὄντες.
502 1130 791 1185 Ἐντεῦθεν
820 1132 917 1185 καὶ
948 1136 1044 1200 νὺξ
1079 1134 1181 1204 μὲν
1214 1136 1401 1206 ἐκείνη
1438 1139 1682 1208 ἐμμέσον
1703 1140 1873 1211 μηδὲν

288 1220 673 1289 ὑπειδομένοις
708 1224 818 1285 τοῖς
848 1223 1116 1288 πολίταις,
1151 1227 1203 1279 οί
1232 1228 1279 1281 δ’
1321 1229 1689 1293 ἀναλαόὁντες
1733 1231 1868 1285 ἐκα-

208 1321 219 1324 ‘
283 1328 413 1374 στος
446 1312 516 1365 τὰ
566 1313 725 1384 ἠχεῖα
758 1316 999 1385 πολέμου
1030 1318 1235 1387 τρόπον
1266 1322 1730 1391 ἀνεκυμσάλιζον.
1760 1324 1869 1377 Καὶ

282 1407 401 1465 τοῖς
434 1404 534 1473 μὲν
564 1404 965 1462 διυπνισθεῖσιν
1007 1410 1272 1480 ἔκπληξις
1304 1413 1569 1482 ἐμπίπτει
1600 1417 1697 1469 καὶ
1731 1417 1866 1468 ἀπο.

287 1495 381 1565 ρξα
411 1493 508 1546 τοῦ
536 1496 610 1565 πῆ
635 1497 913 1565 τραπῆναι
939 1498 1035 1552 καὶ
1057 1502 1321 1569 ἐκφυγεῖν
1340 1519 1354 1535 ⁸
1388 1503 1437 1556 οἱ
1477 1503 1524 1558 δ’
1544 1506 1866 1568 ἐπιστάντες

281 1588 515 1657 ἀπτέρῳ
563 1590 717 1657 τάχει
744 1594 865 1654 ταῖς
888 1593 1087 1656 πύλαις
1117 1595 1311 1659 αὑταῖς
1339 1596 1516 1649 κλεισὶ
1547 1598 1640 1650 καὶ
1676 1597 1866 1667 ὀχεῦσι

264 1677 349 1745 τῇ
382 1679 454 1745 γῇ
487 1679 952 1747 προςαράττουσι,
1009 1683 1106 1736 καὶ
1138 1684 1375 1752 ἐγγύθεν
1401 1688 1529 1748 τοὺς
1564 1689 1865 1759 σφετέρους

281 1769 543 1838 ἑτοίμους
568 1769 728 1834 ὄντας
758 1776 1229 1847 συμμαχήσοντας
1266 1778 1727 1849 προσκαλοῦνται.
1754 1781 1867 1836 Καὶ

278 1861 460 1924 οὕτως
506 1862 675 1932 αὐτῆς
710 1866 906 1929 νυκτὸς
936 1870 1000 1919 ἐκ
1039 1856 1170 1937 μιᾶς
1200 1869 1429 1935 ἐκείνοις
1461 1872 1641 1941 ὁρμῆς
1668 1872 1731 1925 τὸ
1762 1872 1863 1925 πό-

279 1954 455 2023 λισμα
501 1960 941 2027 παρεστήσαντο.
975 1954 1048 2030 ⁷ῼ
1093 1962 1158 2033 δὴ
1205 1963 1301 2017 καὶ
1359 1963 1649 2037 Ἀλισὺρας
1682 1962 1891 2035 ὀρμηέ

276 2046 462 2116 τηρίφ
494 2049 554 2111 ’ἐς
580 2049 649 2102 τὰ
681 2050 922 2118 μάλιστα
960 2053 1267 2124 χρώμενος,
1306 2056 1407 2120 τάς
1441 2056 1661 2127 σύναμα
1714 2059 1868 2128 Καρ-

282 2142 480 2210 μανοῖς
502 2140 773 2212 ἐκδρομὰς
794 2142 930 2198 ὅπου
957 2149 1211 2216 παρείκοι
1230 2147 1471 2202 ἐποίουν.
1492 2147 1624 2201 Τότε
1641 2165 1868 2221 τοιγαρ-
1887 2179 1900 2192 -

283 2332 392 2380 tem
430 2323 840 2394 relinquerent.
868 2311 1247 2384 Condiderant
1272 2338 1455 2385 autem
1480 2330 1624 2386 intra
1647 2348 1864 2404 saccos,

282 2431 429 2486 quos
484 2417 673 2471 tritico
727 2416 963 2474 refertus
1024 2421 1462 2489 mentiebantur,
1526 2424 1864 2494 crepitacula

276 2507 500 2569 bellica,
538 2518 796 2578 tympana
830 2507 1091 2563 nimirum
1136 2523 1202 2564 ae
1262 2509 1424 2566 tubas
1468 2525 1775 2584 sonoraque
1811 2516 1865 2570 id

280 2614 457 2670 genus
482 2599 874 2665 instrumenta,
925 2599 1127 2669 quibus
1184 2600 1366 2656 solent
1395 2601 1468 2656 uti
1518 2605 1865 2662 concitandis

281 2691 556 2747 militibus
585 2690 652 2745 ad
684 2691 954 2761 praelium.
982 2691 1098 2745 Sub
1121 2700 1336 2748 noctem
1360 2708 1426 2749 ea
1454 2697 1678 2751 mamlra
1707 2712 1864 2752 man-

279 2799 479 2839 norum
535 2793 887 2847 onustorum,
959 2798 1062 2838 suo
1117 2799 1391 2856 quemque
1444 2790 1696 2857 agasonis
1744 2790 1867 2845 vice

251 2875 450 2939 ‘Persa
482 2876 655 2931 milite
683 2874 937 2941 ducente,
971 2876 1024 2929 in
1052 2874 1245 2930 urbem
1267 2874 1531 2946 Tripolim
1558 2894 1665 2934 non
1699 2881 1862 2935 modo

275 2971 417 3024 citra
449 2968 821 3039 suspicionem
851 2968 1041 3032 ullam,
1075 2967 1173 3023 sed
1209 2975 1265 3022 et
1303 2985 1427 3024 cum
1489 2971 1864 3042 gratulatione

280 3071 500 3132 recepta
534 3070 638 3116 est.
669 3059 1023 3115 La’tubantur
1046 3061 1201 3117 cives
1237 3062 1426 3133 augeri
1458 3078 1519 3119 se
1543 3065 1863 3120 commeati-

275 3155 384 3210 bus
411 3165 466 3208 et
498 3155 551 3208 in
585 3154 730 3224 longi
778 3154 1133 3208 securitatem
1171 3156 1433 3226 temporis
1485 3172 1716 3213 annonae
1763 3158 1858 3214 diu

1978 683 2298 750 ἀπαλλάξας
2327 688 2519 756 δοῦκα,
2564 691 2626 743 τὸ
2654 691 2894 760 πόλισμα
2932 691 3158 756 ὑποδὺς,
3190 691 3310 755 ὅλος
3339 693 3399 745 ἐν
3432 694 3567 761 ἀφο-

1979 776 2125 843 6ίαις
2163 775 2232 851 ἦν
2264 781 2360 834 καὶ
2386 782 2733 854 ὑπερηφάνει
2771 786 2835 838 τὸ
2873 785 3119 856 σύμπαν.
3262 778 3268 784 ’

1978 898 2090 956 κς·’.
2126 893 2267 962 Περὶ
2298 893 2406 949 τοῦ
2458 895 2728 963 μεγάλου
2779 898 2874 951 καὶ
2908 897 2994 950 ἔτι
3038 896 3267 962 δουκὸς
3307 895 3405 949 καί
3449 896 3568 951 τῶν

2383 965 2517 1031 περὶ
2552 967 2660 1020 τὸν
2702 967 3150 1035 Ἀτταλειώτην.

2046 1053 2130 1126 [Ρ.
2161 1054 2288 1127 509]
2323 1056 2382 1110 '0
2411 1057 2467 1110 δὲ
2503 1057 2611 1110 τῶν
2654 1058 2792 1113 ὅλων
2823 1060 3207 1130 ἀφηγούμενος
3249 1062 3564 1131 στρατηγὸς

1973 1143 2213 1213 ἀκίχητα
2235 1146 2398 1213 γνοὺς
2432 1144 2667 1211 διώκων,
2706 1148 3053 1219 ὑποστρέψας
3097 1150 3429 1219 προσϐάλλει
3485 1148 3562 1218 τῷ

1952 1235 2067 1307 ,τοῦ
2097 1236 2278 1290 Κουλᾶ
2304 1238 2569 1309 φρουρίῳ,
2603 1238 2734 1292 ἔνθα
2789 1240 2885 1292 καὶ
2937 1241 3328 1321 ἀπαγχονίζειν
3377 1242 3563 1311 ἐφίησι

1970 1326 2260 1404 πλείστους
2286 1329 2492 1392 αἰτίαις
2516 1329 2849 1400 περιϐαλών.
2880 1332 3053 1385 Τοῦτο
3077 1333 3132 1385 δὲ
3159 1333 3404 1404 φρουρίῳ
3446 1336 3564 1396 τοῖς

1970 1416 2251 1488 Φούρνοις.
2286 1418 2396 1472 Καὶ
2425 1420 2475 1471 οἱ
2511 1419 2611 1488 μὲν
2634 1419 2798 1473 αὐτὸν
2829 1420 2968 1491 (οὐδὲ
2999 1422 3109 1491 γὰρ
3155 1417 3224 1492 ἦν
3289 1422 3418 1492 χθὲς
3469 1436 3565 1488 καὶ

1972 1507 2079 1577 πρὸ
2110 1508 2304 1578 τρίτης
2330 1510 2835 1579 προσχωρήσαντας
2884 1511 3010 1566 κατ’
3036 1511 3281 1581 ἀνάγκην
3323 1514 3564 1583 Πέρσαις

1969 1602 2088 1662 ταῖς
2128 1599 2262 1669 πρὸς
2322 1601 2566 1664 ἐκείνους
2619 1602 2931 1671 ὁμολογίαις
2984 1604 3076 1657 καὶ
3128 1603 3209 1657 ἔτι
3275 1605 3560 1673 ἐμμένειν,

1970 1690 2243 1760 φανεισῶν
2276 1692 2382 1745 τῶν
2406 1691 2713 1765 δυνάμεων)
2755 1694 2973 1759 ὑπτίαις
3001 1676 3246 1765 δέχονται
3279 1699 3396 1759 ταῖς
3433 1713 3565 1767 χερ-

1970 1784 2026 1835 σὶ
2086 1785 2181 1836 καὶ
2247 1783 2474 1854 θερμαῖς
2524 1786 2933 1854 μεταγνώσεσιν
2981 1788 3247 1857 ἐμφανεῖς
3280 1784 3420 1858 ἦσαν
3461 1789 3564 1856 τὴν

1969 1875 2273 1943 ἀναγκαίαν
2339 1874 2781 1946 δυσχεραίνοντες
2832 1879 3027 1948 μοῖραν
3085 1878 3185 1947 τῆς
3231 1880 3366 1947 πρὸς
3430 1881 3559 1939 τοὺς

1971 1965 2202 2035 ἐχθροὺς
2254 1968 2703 2037 προσχωρήσεως
2731 1983 2747 1999 ’
2785 1970 2814 2022 ὁ
2859 1969 2917 2023 δέ
2943 1972 3055 2033 τοῖς
3088 1969 3185 2039 μὲν
3239 1970 3420 2033 ἄλλοις
3480 1968 3560 2039 τῷ

1968 2055 2147 2108 δοκεῖν
2189 2057 2330 2109 άνίει
2359 2058 2428 2109 τά
2456 2056 2792 2126 πταίσματα,
2822 2063 2942 2123 ¹τοῖς
2975 2059 3033 2111 δὲ
3070 2057 3254 2123 δόξασι
3299 2061 3407 2112 τῶν
3440 2060 3559 2112 λοι·-

1969 2146 2089 2200 πῶν
2124 2147 2371 2219 προέχειν
2407 2147 2617 2219 βαρέως
2655 2143 2822 2220 εἶχεν.
2848 2148 3017 2203 Ὅθεν
3044 2151 3138 2204 καὶ
3169 2150 3262 2203 τὸν
3317 2151 3414 2214 μὲν
3454 2146 3575 2219 φύ-ν

1968 2328 2240 2384 recedens
2272 2328 2424 2382 lento
2453 2336 2511 2382 et
2541 2327 2681 2382 bene
2715 2327 2974 2385 ordinato
3008 2344 3226 2400 gressu,
3269 2329 3361 2398 qui
3412 2329 3555 2401 fugae

1967 2419 2443 2490 trepidatione-et
2504 2420 2811 2490 ignominia
2869 2429 3103 2485 careret,
3150 2420 3353 2475 frustra
3409 2422 3562 2477 inso-

1965 2519 2170 2580 quente
2209 2525 2411 2580 magno
2451 2510 2588 2567 duce
2611 2511 2942 2580 perveniens
2973 2512 3084 2580 jam
3110 2511 3165 2566 in
3204 2520 3403 2574 tutum,
3436 2511 3559 2566 Tri—

1965 2604 2132 2675 polim
2185 2618 2340 2658 suam
2395 2604 2655 2669 intravit,
2706 2604 2892 2674 ibique
2942 2605 3093 2659 omni
3169 2604 3550 2659 sollicitudine

1929 2759 1935 2765 ι
1964 2693 2215 2764 deposita
2253 2693 2492 2749 ferocius
2517 2693 2681 2749 etiam
2708 2705 2763 2748 et
2816 2693 3147 2748 insolentius
3179 2693 3431 2768 glorians
3451 2692 3553 2747 mi-

1964 2786 2223 2873 nabatur.

2105 2917 2197 2973 26.
2232 2917 2421 2971 Adhuc
2451 2917 2516 2971 de
2550 2902 2738 2989 magno
2766 2916 2897 2971 duce
2935 2928 2985 2972 et
3009 2917 3074 2972 de
3100 2916 3392 2973 Analecta.

2031 3056 2103 3110 At
2148 3056 2317 3110 nostri
2347 3053 2454 3109 dux
2491 3067 2780 3122 supremus
2810 3053 3117 3119 exercitus,
3154 3053 3248 3108 ubi
3279 3062 3543 3122 expertus

1962 3149 2305 3218 aliquantum
2345 3163 2482 3202 vana
2524 3163 2584 3204 se
2630 3161 2696 3202 ac
2732 3160 2866 3203 suos
2910 3149 3264 3203 contentione
3318 3148 3538 3216 fatigari

276 3245 593 3303 suffecturas
616 3243 966 3313 congerenda
994 3244 1151 3313 copia
1181 3244 1425 3315 firmari;
1457 3247 1640 3301 miseri
1669 3256 1854 3303 autem
1884 3266 1930 3324 ς
1962 3243 2250 3299 Curmanis
2302 3239 2676 3311 insequendis,
2724 3239 2843 3294 acie
2885 3239 3059 3310 perite
3095 3239 3368 3295 instructa
3420 3247 3542 3294 tuto

272 3337 600 3393 nesciebant
658 3335 786 3398 sibi,
829 3335 986 3404 juxta
1043 3343 1204 3390 vetus
1255 3339 1508 3400 verbum,
1568 3338 1858 3394 obtrusmn

274 3428 438 3503 ωε
478 3427 647 3481 fuisse
679 3426 955 3495 scorpium
992 3440 1092 3494 pro
1121 3427 1284 3495 pipo;
1337 3418 1761 3498 gaudebantque
1805 3436 1860 3485 et

278 3522 486 3588 spebus
529 3517 735 3583 amplis-
792 3513 1161 3569 eﬂ‘erebantur
1217 3515 1338 3584 ipsa
1389 3517 1617 3584 perituri
1676 3528 1856 3585 nocte,

278 3610 434 3681 cujus
462 3612 573 3680 jam
605 3609 873 3662 inchoatae
901 3607 1198 3675 primordia
1232 3609 1425 3683 omnis
1463 3616 1520 3664 et
1575 3621 1856 3681 computa.

277 3702 548 3763 tionibus.
608 3691 1011 3754 imminentium
1073 3700 1273 3766 ignari,
1322 3702 1696 3758 celebrabant.
1746 3704 1852 3760 Me.

1964 3351 2088 3392 sese
2134 3333 2594 3396 subducentibus,
2632 3347 2925 3403 progressu
2971 3332 3149 3388 inutili
3189 3332 3395 3387 reflexo
3438 3332 3543 3388 ad-

1963 3436 2148 3483 movet
2168 3427 2356 3496 copias
2385 3426 2501 3482 arci
2524 3424 2659 3481 Cula
2689 3424 2866 3490 dictae,
2888 3439 3009 3494 quae
3033 3422 3403 3479 Romanorum
3426 3432 3547 3479 erat

1963 3517 2145 3574 Persis
2179 3526 2342 3574 antea
2374 3518 2486 3574 late
2514 3517 2928 3573 dominantibus
2971 3531 3031 3572 se
3080 3516 3282 3570 dedere
3321 3525 3559 3570 coact0-'

1960 3626 2105 3664 rum.
2141 3607 2346 3664 Horum
2379 3611 2671 3680 plerosque.
2703 3608 2814 3663 illic
2849 3616 3117 3677 repertos,
3148 3608 3366 3662 crimini
3415 3623 3542 3662 ver-

1961 3709 2084 3756 tens
2110 3702 2256 3770 quod
2291 3701 2437 3756 hosti
2473 3699 2640 3772 5.36
2668 3700 2989 3759 cessissent.
3022 3707 3118 3755 aut
3141 3700 3267 3755 aliis
3301 3714 3540 3755 succen-

275 3793 425 3847 dium
452 3790 579 3846 inde
612 3781 797 3846 noctis
823 3790 1132 3855 efﬂuxerat,
1165 3791 1303 3848 adeo
1328 3794 1466 3848 nihil
1501 3794 1856 3865 Tripolitanis
1960 3808 2089 3849 sens
2125 3792 2504 3863 praetextibus,
2531 3792 2830 3862 suspendio
2865 3793 3102 3846 necavit.
3135 3790 3281 3846 ldum
3326 3791 3457 3847 fecit
3486 3799 3543 3847 et
3615 3808 3622 3816 '

272 3880 727 3951 suspectantibus
762 3889 817 3933 ut
850 3881 1217 3935 securissime
1243 3883 1451 3952 passim
1488 3884 1600 3940 illic
1651 3887 1857 3942 dormio
1961 3886 2054 3939 alii
2084 3892 2270 3942 castro
2302 3885 2391 3941 cui
2420 3882 2590 3939 Furni
2613 3865 2812 3939 nomen
2843 3891 2950 3940 est.
2978 3884 3047 3939 Et
3090 3884 3165 3937 illi
3199 3883 3418 3953 quidem
3450 3883 3541 3938 in-

273 3983 448 4037 retur,
500 3987 627 4029 cum
685 3970 867 4027 Persa:
923 3982 1189 4042 prmtextu
1256 3976 1488 4031 ducendi
1547 3980 1853 4036 sarcinaria
1959 3974 2174 4039 felices,
2208 3974 2395 4031 statim
2424 3984 2589 4044 atque
2621 3990 2680 4030 se
2723 3973 2979 4030 viderunt
3031 3975 3255 4044 impune
3302 3989 3466 4043 posse
3510 3988 3542 4030 ι

265 4065 520 4136 iumenta
556 4064 789 4131 ingressi
834 4064 1138 4127 civitatem,
1191 4067 1308 4121 suis
1349 4068 1554 4137 quique
1618 4071 1855 4140 arreptis
1958 4077 2118 4138 pacta
2169 4065 2353 4121 l’ersis
2394 4066 2679 4129 servitute,
2724 4065 2941 4119 illorum
2982 4080 3202 4122 recessu
3230 4104 3247 4130 ,
3300 4065 3540 4128 resilire,

273 4154 553 4230 tympanis
577 4165 669 4210 aut
692 4157 866 4220 lituis,
892 4156 1040 4226 quod
1065 4157 1231 4213 sociis
1252 4160 1613 4216 condixerant
1635 4163 1852 4233 signum
1956 4159 2135 4215 obviis
2179 4159 2327 4213 ulnis
2361 4159 2685 4214 liberatores
2718 4171 2852 4211 suos
2886 4158 3068 4227 magni
3117 4157 3276 4212 ducis
3334 4158 3540 4212 milites

270 4250 588 4305 ediderunt.
640 4247 963 4316 Erperrecti
1016 4248 1295 4320 Tripolitaa
1341 4260 1452 4306 tam
1525 4254 1851 4325 intempesta
1954 4251 2326 4321 excipiebant,
2359 4250 2449 4305 illa
2496 4250 2629 4305 satis
2657 4248 2941 4303 alacritate
2975 4249 3322 4302 deelarantes
3365 4265 3532 4318 quam

270 4342 427 4408 bura,
460 4348 568 4395 tam
610 4341 947 4395 tumultuoso
969 4341 1221 4407 classico,
1253 4345 1465 4410 mirari,
1488 4347 1851 4413 eonsternari,
1957 4343 2138 4407 inviti,
2198 4356 2414 4396 summa
2462 4340 2799 4397 necessitate
2854 4341 3130 4409 adigente,
3198 4341 3539 4410 pepigissent

270 4451 381 4502 quo
413 4446 475 4488 se
497 4441 775 4487 verterent
804 4447 981 4501 quove
1031 4433 1329 4504 sull’ugium
1384 4445 1690 4506 captarent,
1739 4439 1854 4495 fru-
1954 4435 2367 4505 qualescunque
2410 4433 2651 4488 indutias
2683 4448 2808 4487 cum
2859 4431 3153 4498 barbaris;
3196 4431 3358 4502 cujus
3408 4430 3536 4487 facti

212 4560 215 4561 ν
269 4540 385 4584 stra
420 4543 481 4583 se
515 4525 955 4595 contorquendo,
982 4527 1145 4579 anxie
1174 4541 1446 4595 quaerere.
1479 4527 1549 4581 At
1609 4544 1718 4583 non
1768 4531 1851 4584 in-
1955 4540 2136 4580 acrem
2179 4524 2560 4595 paenitentiam
2613 4522 3017 4577 monstrabant.
3067 4522 3163 4576 llle
3208 4530 3390 4577 autem
3428 4538 3551 4595 non,

271 4621 432 4672 terim
469 4630 693 4671 cessare
738 4613 1017 4684 perfidiosi
1054 4613 1396 4684 deeeptores.
1454 4617 1725 4673 Advolant
1780 4619 1846 4673 ad
1881 4595 1930 4650 ο
1958 4632 2113 4686 atque
2136 4604 2713 4685 cunctis'ignoseebat,
2738 4612 2834 4669 sed
2857 4613 3536 4684 quaestuosoldiscriniine,

179 4707 185 4711 ’
271 4720 460 4781 portas
483 4707 657 4770 urbis,
679 4720 890 4776 easque
923 4704 1240 4761 confractas
1277 4706 1561 4762 securibus
1585 4723 1709 4763 cmn
1754 4725 1852 4766 ve-
1956 4708 2122 4778 vulgo
2154 4705 2375 4776 quidem
2422 4707 2584 4775 inope
2615 4705 2775 4760 venia
2810 4703 3070 4759 donando
3104 4703 3536 4758 misericordiam

269 4802 455 4857 ctibus
490 4816 554 4853 ac
579 4801 719 4854 seris
755 4798 909 4852 humi
981 4806 1262 4853 sternunt.
1318 4797 1409 4853 Sic
1462 4816 1559 4871 per
1611 4803 1853 4871 patentia
1957 4798 2297 4859 ostentabat,
2329 4796 2736 4867 praestantiores
2771 4806 2976 4856 autem,
3011 4794 3192 4863 utqui
3224 4809 3336 4849 rem
3370 4795 3540 4848 hahe-

260 4895 377 4965 jam
415 4892 557 4947 ostia
583 4889 764 4944 socios
793 4897 1017 4957 paratos
1043 4904 1073 4942 e
1098 4889 1413 4959 propinquo
1469 4890 1851 4958 introducunt,
1914 4930 1919 4933 ς
1956 4901 2081 4946 rent
2131 4899 2186 4944 et
2212 4905 2279 4944 ex
2310 4904 2542 4959 quorum
2586 4903 2720 4944 nece
2754 4887 3044 4957 provenire
3081 4886 3294 4940 lucrum
3329 4894 3535 4954 posset,

265 4986 450 5054 iisque
482 4981 586 5037 sibi
633 4980 911 5050 adjunetis
939 4993 1048 5035 uno
1077 4979 1283 5049 impetu
1318 4980 1436 5050 ipsa
1463 4991 1628 5037 nocte
1659 4982 1850 5038 urbem
1917 4976 1921 4980 ’
1958 4982 2375 5039 inexorabiliter
2404 4980 2701 5051 plertebat.
2737 4979 2830 5034 Sic
2863 4979 3076 5035 custodi
3125 4979 3271 5033 illius
3304 4979 3490 5048 oppidi
3519 5017 3536 5040 ,

269 5073 725 5138 munitissimam,
759 5071 948 5125 tandiu
982 5070 1356 5140 nequidquam
1410 5080 1537 5128 ante
1570 5088 1852 5145 oppugna-

200 5218 206 5224 ,
270 5173 410 5227 tum,
435 5164 488 5215 in
526 5175 680 5216 suam
721 5159 899 5214 facile.
932 5167 1258 5228 potestatem
1292 5159 1568 5230 redigunt.
1613 5163 1757 5218 Usus
1785 5178 1849 5218 ea

271 5256 534 5323 deinceps
563 5255 741 5308 victor
768 5253 1015 5323 Alisyras
1044 5262 1131 5307 est
1163 5267 1262 5322 pro
1294 5254 1662 5322 receptaculo,
1698 5255 1847 5310 unde

270 5348 595 5417 frequenter
619 5353 947 5414 crtttttperel,
980 5358 1090 5413 quo
1128 5358 1188 5398 se
1221 5358 1285 5399 ac
1313 5359 1414 5400 sua
1459 5344 1728 5414 referret;
1756 5348 1852 5401 ha-

268 5438 548 5508 bebatque
584 5434 658 5490 ibi
682 5434 984 5490 Carmanos
1010 5448 1140 5490 suos
1196 5449 1409 5502 secum,
1441 5450 1585 5505 quos
1612 5451 1678 5491 ex
1723 5452 1851 5492 arce

271 5529 363 5583 illa
395 5536 709 5599 opportune
738 5525 1067 5597 imminente
1091 5528 1143 5578 in
1177 5534 1358 5582 terras
1395 5526 1680 5596 opulentas
1701 5542 1851 5596 quaa-

266 5631 458 5676 stuose
516 5618 817 5687 praedatum
883 5617 1189 5671 emittebat.
1250 5617 1613 5690 Contigerant
1658 5630 1849 5688 postea

266 5730 393 5785 qua:
426 5712 585 5768 retuli
622 5719 750 5765 ante
783 5710 849 5764 de
884 5708 1189 5764 ollensione
1223 5711 1374 5776 belli,
1429 5727 1536 5782 qua
1588 5711 1848 5766 Garmani

266 5814 398 5861 sunt
430 5804 606 5860 coacti
643 5802 1038 5872 Philadelphia:
1073 5801 1414 5860 obsidionem
1465 5803 1846 5871 solvere;qtm

266 5908 517 5970 tempore
543 5898 652 5953 dux
688 5911 879 5952 eorum
912 5893 1159 5964 Alisyras
1198 5910 1295 5950 sua
1344 5910 1540 5951 versus
1588 5894 1846 5965 praesidia

1952 5071 2198 5141 praesidii
2230 5071 2510 5139 pmfecto.
2533 5076 2697 5140 caput
2718 5069 3041 5137 amputavit,
3065 5067 3203 5123 alios
3225 5067 3330 5122 alio
3361 5083 3536 5138 paenae

1950 5178 2152 5233 genere
2174 5162 2515 5230 absumpsit:
2541 5175 2679 5229 quos
2702 5159 2848 5214 inter
2873 5168 2928 5215 et
2958 5158 3277 5229 presbytero
3297 5160 3529 5214 aliorum

1948 5255 2070 5324 ejus
2097 5253 2306 5308 ordinis
2336 5253 2575 5307 exareho
2597 5250 2953 5319 suspendium
2979 5251 3239 5307 decrevit.
3266 5251 3333 5305 At
3362 5252 3438 5306 illi
3464 5251 3536 5306 de

1951 5345 2149 5414 laqueo
2183 5342 2441 5412 pendenti
2475 5343 2673 5396 durare
2704 5340 2936 5412 longiori
2966 5358 3131 5412 quam
3159 5344 3361 5398 soleret
3397 5359 3529 5412 spa-

1950 5437 2026 5491 tio
2056 5432 2311 5503 spiritum
2337 5431 2604 5501 contigit;
2630 5446 2740 5498 quo
2770 5432 3154 5488 animadverso
3178 5432 3398 5502 quidam
3435 5433 3531 5487 isti

1944 5523 2215 5581 functioni
2252 5522 2638 5592 praefectorum
2662 5563 2678 5589 ,
2713 5533 2985 5580 ostentum
3024 5526 3076 5580 id
3120 5525 3366 5580 divinum
3405 5538 3535 5581 esse

1947 5625 2260 5681 autumans,
2295 5615 2377 5669 vel
2402 5616 2596 5685 jussus
2625 5616 2710 5671 vel
2745 5614 3012 5683 iniussus,
3048 5617 3230 5671 securi
3267 5615 3525 5683 laqueum

1945 5708 2179 5765 abscidit
2198 5715 2251 5762 et
2275 5708 2521 5778 periculo
2547 5708 2740 5762 eximit
2766 5706 3071 5762 addictum.
3098 5704 3212 5759 Sub
3234 5707 3347 5759 haec
3373 5704 3525 5760 Phil-

1956 5799 2266 5870 adelphiam
2331 5800 2433 5854 init
2469 5813 2700 5869 magnus
2727 5799 2835 5853 dux
2854 5837 2871 5863 ,
2897 5809 2954 5853 et
2984 5798 3152 5852 multa
3179 5797 3307 5852 inde
3341 5811 3528 5853 corra-

1941 5895 2020 5950 dit
2057 5907 2346 5950 aureorum
2376 5891 2575 5962 millia;
2599 5890 2746 5962 quod
2778 5890 2891 5961 jam
2919 5891 3036 5945 sine
3063 5890 3169 5947 ulla
3195 5890 3526 5948 verecundia
