4024 6454
506 435 627 498 ιιτο
1709 436 2037 499 GEORGII
2080 439 2097 498 l

2202 435 2558 498 ΣΗΥΜΕΒᾹΞ
3660 435 3762 501 480

491 548 634 602 λακα
658 547 754 601 τοῦ
785 549 1118 619 πολίσματος
1150 547 1488 620 ἀφαιρεῖται.
1520 547 1618 618 τῆς
1654 550 1918 618 κεφαλῆς,
1989 550 2082 606 ἄλ-
2110 565 2155 620 Α
2184 551 2297 619 χοῖς
2323 549 2427 618 γῆς
2460 545 2812 617 κρυπτόμενα
2843 544 2907 599 ὲκ
2951 543 3047 600 τοῦ
3101 545 3450 618 παρασχεδὸν
3502 548 3778 618 ἀνώρυττε

489 640 616 698 λους
639 641 684 694 δ’
731 642 908 703 ἄλλως
944 643 1401 711 τιμωρησάμενος
1445 641 1637 712 ποινὴν
1692 642 1930 712 ἀγχόνης
1979 641 2078 695 καὶ
2186 642 2284 695 καὶ
2310 641 2543 696 ἐδείκνυ.
2582 641 2642 694 'O
2667 642 2768 710 μὶν
2793 636 2886 694 οὖν
2907 640 3084 703 διδοὺς
3125 639 3377 694 ἐντεῦθεν
3419 640 3777 712 ἠλευθεροῦτο

492 735 868 804 πρεσϐυτέρου
898 735 990 787 τοῦ
1021 735 1131 787 τῶν
1168 735 1375 788 λοιπῶν
1415 733 1648 804 ἐξάρχου
1702 734 2080 804 καταψηφίζε-

493 842 606 878 ται.
649 823 735 886 Ὠς
765 824 810 876 δ’
835 825 936 877 οὐκ
955 819 1023 894 ἦν
1064 825 1419 894 αἰωρουμένῳ
1471 826 1521 876 oi
1575 825 1876 894 ἀπερυγεῖν
1905 827 2077 893 ἀναγ-

497 915 670 976 καίως
704 914 902 967 αὐτίκα
933 915 1024 967 καὶ
1055 915 1156 984 τὴν
1184 917 1373 984 πνοὴν,
1410 914 1521 968 τῶν
1579 932 1665 978 τις
1726 916 1820 968 ἐπὶ
1874 917 2084 979 τούτοις

497 1005 966 1074 ἐπιτεταγμένων,
1001 1007 1150 1059 θείαν
1177 1007 1402 1072 ἔνδειξιν
1439 1007 1784 1077 ἡγησάμενος
1810 1007 1870 1060 τὸ
1897 1007 2084 1060 τελού-

504 1115 684 1164 μενον,
717 1099 827 1150 εἵτε
859 1100 1200 1170 προσταχθὲν
1229 1100 1338 1153 εἴτε
1373 1101 1466 1153 καὶ
1519 1103 1617 1170 μὴ,
1669 1100 1853 1153 κοπίδι
1894 1101 2085 1170 τέμνει

497 1187 588 1238 τδν
619 1187 813 1256 βρόχον
843 1191 934 1241 καὶ
961 1188 1054 1242 τοῦ
1084 1191 1330 1244 κινδύνου
1373 1191 1464 1243 τῦν
1509 1190 1800 1243 κατ3.δικον
1849 1190 2086 1258 ἔξαιρεί-

496 1294 608 1332 ται.
672 1276 804 1330 Εἶτα
871 1280 1227 1352 Φιλαδελφείᾳ
1281 1281 1638 1349 προσὸἁλλει,
1695 1282 1790 1334 καὶ
1838 1280 2088 1350 χιλιάδας

499 1371 699 1436 συχνὰς
756 1370 966 1423 ἐκεῖθεν
1004 1371 1221 1440 ἐκλέγει
1263 1371 1524 1440 χρυσίου,
1585 1370 1942 1440 ἀδυσώπητον
1993 1373 2090 1426 ἐπὶ

501 1462 636 1513 πᾶσι
661 1462 842 1531 φέρων
863 1464 923 1515 τὺ
945 1465 1220 1533 φρόνημα.
1242 1464 1475 1517 Ἔπειτα
1504 1463 1571 1517 τὰ
1595 1464 1759 1534 ὃμοια
1787 1465 1894 1536 δρᾷ
1942 1466 2088 1535 Πυρ-

501 1550 620 1618 γεον
659 1555 754 1604 καὶ
803 1556 1056 1620 Ἔφεσον,
1107 1557 1201 1608 καὶ
1262 1554 1351 1608 τδν
1379 1555 1480 1624 τῆς
1523 1556 1957 1630 ἀπαναστάσεως
1981 1573 2088 1624 φυ-

504 1641 682 1705 γοῦσι,
713 1643 888 1696 τὸτοῦ
911 1645 1092 1713 λόγου,
1128 1645 1336 1698 καπνὸν
1373 1646 1435 1698 τὸ
1483 1645 1596 1715 πῦρ
1633 1645 1922 1715 ὑπανῆπτε
1977 1647 2088 1701 τῶν

504 1735 847 1804 πειρασμῶν.
886 1738 995 1790 Καὶ
1024 1738 1053 1789 ὁ
1079 1737 1254 1800 διδοὺς
1303 1737 1529 1790 πλεῖστα
1568 1739 1706 1807 μετὰ
1744 1739 1947 1804 πολλὰς
1996 1739 2094 1807 βα-

497 1826 698 1890 σάνους
726 1828 876 1896 μόλις
903 1830 1158 1895 ἐσώζετο.
1190 1831 1378 1886 Ταῦτα
1427 1833 1530 1884 κάν
1563 1833 1684 1896 ταῖς
1744 1833 1928 1899 νήσοις
1975 1832 2090 1900 Χίῳ

505 1918 599 1968 καὶ
645 1920 853 1989 Λήμνῳ
908 1923 1002 1975 καὶ
1053 1924 1333 1994 Μιτυλήνῃ
1386 1924 1742 1993 ὲπράττοντο.
1800 1925 1912 1978 Καὶ
1952 1926 2086 1978 ὅπου
2120 1901 2162 1955 Β

503 2009 681 2098 ῥοῖζος
726 2013 978 2080 χρυσίου,
1013 2013 1118 2067 κᾶν
1153 2015 1408 2085 ,μοναχδς
1448 2010 1516 2084 ἦν
1567 2015 1670 2068 κᾶν
1707 2015 1910 2079 τάξεως
1939 2017 2104 2098 ἱερᾶς⁵

506 2097 614 2151 κᾶν
636 2099 744 2154 τῶν
775 2098 1098 2172 ἐπιτηδείων
1154 2105 1248 2158 καὶ
1278 2106 1536 2174 γνωστῶν
1589 2106 1820 2176 βασιλεῖ,
1889 2097 2106 2169 δειναῖςῖ

505 2191 738 2258 αἰώραις
768 2194 1015 2263 ὴτάζετο,
1047 2198 1140 2249 καὶ
1164 2199 1192 2251 ό
1219 2198 1532 2267 μακελλικῷ
1563 2197 1744 2268 φιτρῷ
1779 2199 1874 2252 καὶ
1905 2198 2091 2252 κοπίδι

507 2283 614 2354 πρὸ
639 2285 934 2357 ὀφθαλμῶν
967 2288 1364 2362 ἀπειλούμενος
1401 2291 1632 2355 Θάνατος
1663 2294 1756 2348 καὶ
1783 2295 1853 2346 τὰ
1893 2295 1952 2348 ὲν
1987 2311 2090 2364 μυ·-

511 2472 731 2541 agebat.
765 2472 956 2542 Itaque
1002 2473 1236 2527 similem
1265 2474 1512 2529 avaritiae
1556 2474 1830 2531 licentiam
1864 2476 2044 2547 Pyrgii
2070 2518 2088 2547 ,

512 2563 750 2619 similem
783 2563 982 2634 Ephesi
1021 2565 1299 2631 ostendit;
1333 2581 1440 2633 qua
1477 2567 1638 2622 fiebat
1687 2577 1745 2621 ut
1771 2567 1964 2621 horum
2001 2569 2092 2623 inc

513 2659 649 2712 cola:
679 2659 922 2712 locorum
948 2696 962 2723 ,
994 2673 1025 2713 e
1067 2659 1300 2726 quodam
1339 2660 1506 2715 veluti
1552 2660 1704 2716 fumo
1756 2661 2095 2718 incursionis

513 2751 815 2804 barbaricae
841 2752 1059 2815 emersi,
1086 2751 1137 2803 in
1168 2750 1437 2804 flammam
1473 2751 1900 2807 smvissimarum
1933 2768 2088 2809 exae-

516 2841 731 2894 tionum
765 2841 996 2894 tristiori
1031 2856 1161 2896 casu
1192 2856 1251 2895 se
1283 2842 1530 2912 deiectos
1560 2843 1831 2913 lugerent.
1863 2843 1970 2898 Ista
2000 2859 2094 2898 ra-

523 2934 737 3003 pacitas
777 2935 1144 2988 exercebatur
1174 2934 1254 2987 ita
1282 2935 1616 3002 immaniter,
1648 2948 1706 2990 ut
1731 2937 1824 3004 qui
1858 2938 2094 3007 plurima

512 3028 738 3082 dederat
768 3035 889 3094 post
918 3028 1120 3080 multos
1145 3028 1426 3082 cruciatus
1446 3067 1461 3092 ,
1510 3029 1602 3083 vix
1654 3030 1842 3083 salvus
1876 3046 2097 3100 perma-

516 3136 650 3174 nere
688 3120 980 3175 sineretur.
1014 3119 1167 3173 Talia
1200 3122 1449 3191 exempla
1489 3123 1542 3177 in
1577 3123 1783 3179 insulas
1831 3139 1862 3180 e
1914 3126 2096 3180 conti-

2187 736 2253 805 τῇ
2280 733 2372 786 τοῦ
2405 734 2610 804 χρυσοῦ
2629 739 2706 794 ὡς
2729 733 2946 802 ἀληθῶς
2968 733 3283 804 ἐτυμότητι,
3333 735 3365 787 ό
3411 733 3469 788 δὲ
3516 733 3592 804 μὴ
3643 735 3777 804 ἔχων

2192 824 2496 895 πρόστιμον
2517 819 2630 894 εἶχε
2653 823 2746 877 τὸν
2770 824 3019 878 θάνατον.
3055 827 3121 878 Ὃ
3153 825 3216 895 δὴ
3241 824 3337 878 καὶ
3367 823 3450 894 τῷ
3499 825 3775 880 ταλαιπώ-

2191 932 2272 986 ρῳ
2311 915 2592 986 Μαχράμῃ
2633 916 2774 969 κατὰ
2807 915 2903 985 τὴν
2945 914 3257 984 Μιτυλήνην
3310 915 3553 983 γεγόνει.
3612 911 3778 983 Οὗτος

2196 1007 2304 1077 γὰρ
2336 1008 2392 1059 ὲν
2425 1009 2537 1070 τοῖς
2570 1008 2803 1076 μάλιστα
2833 1007 2943 1060 τῶν
3002 1007 3299 1077 βασιλικῶν
3360 1008 3656 1077 ὑπηρετῶν
3707 1008 3780 1064 ὣν

2195 1081 2292 1152 καὶ
2317 1102 2384 1169 τῇ
2416 1100 2715 1170 οἰκειότητι
2740 1098 3088 1168 κλεῖζόμενος
3115 1099 3199 1171 [Ρ.
3235 1099 3368 1170 305]
3406 1101 3510 1162 τὰς
3542 1102 3782 1177 οἰκήσεις

2199 1193 2450 1261 κατεῖχεν
2502 1189 2607 1244 ἀνὰ
2655 1190 2749 1245 τὸν
2806 1190 3179 1260 Σκάμανδρον.
3225 1191 3314 1254 Ὠς
3356 1190 3417 1243 δὲ
3452 1191 3638 1244 πᾶσαν
3688 1193 3783 1258 τὴν

2195 1285 2317 1336 ἐκεῖ
2372 1283 2555 1354 χώραν
2615 1282 3143 1353 προκαταλαϐόντων
3202 1281 3301 1352 τὴν
3358 1283 3512 1354 Ἴδην
3561 1284 3782 1352 Περσῶν

2194 1375 2540 1446 ἐρημοῦσθαι
2582 1377 2690 1429 τῶν
2737 1377 3039 1445 οἰκητόρων
3095 1375 3402 1440 ξυνέϐαινε,
3467 1377 3662 1444 φθάνει
3692 1380 3782 1432 καὶ

2196 1469 2360 1532 αὐτὸς
2415 1470 2513 1524 σὺν
2557 1463 2778 1532 πολλοῖς
2821 1468 3000 1530 ἄλλοις
3057 1466 3117 1520 τὸ
3159 1469 3257 1534 τῆς
3291 1468 3466 1520 Ἀσου
3496 1468 3784 1538 ’φρούριον

2199 1560 2552 1615 ὑπεισδῦναι·
2612 1552 2658 1628 ᾧ
2711 1560 2778 1629 δὴ
2847 1561 2940 1612 καὶ
2995 1558 3071 1622 ὡς
3115 1556 3400 1629 ἀξιωτέρῳ
3433 1558 3487 1611 οἱ
3533 1560 3650 1612 ἐκεῖ
3678 1558 3784 1613 τῶν

2197 1653 2358 1718 ὅλων,
2385 1653 2508 1704 ἔπει
2534 1651 2630 1705 καὶ
2657 1648 2753 1704 τοῦ
2780 1649 3146 1720 ἐξηγουμένου
3173 1649 3250 1711 ὡς
3305 1649 3459 1712 εἰκὸς
3515 1649 3575 1703 ὲν
3613 1649 3783 1704 τοιού-

2199 1763 2313 1809 τοις
2339 1746 2548 1813 καιροῖς
2575 1743 2948 1813 περιστάσεως
2983 1741 3239 1812 ἔχρῃζον,
3269 1741 3480 1805 αὐτούς
3512 1759 3572 1795 τε
3609 1742 3702 1796 καὶ
3728 1743 3785 1797 τὸ

2200 1836 2462 1906 φρούριον
2498 1833 2920 1903 ἐγχειρίζουσιν.
2953 1833 3012 1885 ’0
3049 1833 3105 1884 δὲ
3139 1831 3438 1900 ὑφίσταται
3463 1832 3564 1904 τὴν
3586 1835 3783 1904 ἡγεμο-

2190 1930 2310 1982 νίαν
2344 1927 2597 1980 διδόντων
2622 1925 2845 1978 ἐκείνων
2888 1925 3351 1995 ἀνεπισημάντως
3403 1927 3530 1978 ὅσον
3582 1927 3646 1979 ὲκ
3691 1925 3782 1980 τοῦ

2194 2016 2546 2087 κρατοῦντος.
2577 2016 2766 2086 Ὅμως
2799 2017 2891 2068 καὶ
2920 2014 3092 2077 οὕτως
3144 2015 3284 2086 ἔχων
3333 2017 3438 2069 οὐκ
3489 2018 3782 2089 ἐρρᾳθύμει

2194 2110 2295 2178 τῆς
2333 2110 2420 2179 ἐφ’
2441 2109 2658 2177 ἑκάστῳ
2681 2107 2958 2178 προνοίας,
3010 2108 3104 2161 καὶ
3157 2107 3242 2176 ἐφ’
3302 2108 3492 2162 ἱκανὸν
3539 2111 3782 2180 ἀμφεπο-

2193 2206 2336 2254 νεῖτο
2364 2203 2458 2255 καὶ
2491 2203 2702 2271 συνεῖχε
2735 2201 2862 2261 τοὺς
2910 2201 3037 2270 τῇδε
3078 2201 3600 2271 πυργηρουμένους.
3639 2199 3783 2255 Ἐπεὶ

2191 2289 2248 2345 δὲ
2301 2289 2616 2363 δῃουμένων
2678 2289 2790 2344 τῶν
2843 2289 3127 2361 ἐξωτέρων
3150 2289 3306 2355 τέλος
3354 2291 3560 2356 αὐτοὺς
3600 2291 3782 2362 ἔμελλε

2198 2488 2293 2529 ror
2325 2471 2459 2528 mali
2485 2484 2714 2542 prorsus
2759 2469 3149 2539 ineluctabilis,
3177 2469 3500 2528 Machrama
3525 2487 3649 2529 cum
3671 2475 3778 2530 suis

2197 2581 2309 2621 non
2345 2565 2610 2620 habentes
2656 2563 2806 2635 quod
2857 2578 3125 2633 generose
3169 2576 3404 2636 agerent
3432 2609 3447 2633 ,
3488 2567 3775 2637 prudenter

2198 2657 2304 2714 sibi
2333 2657 2626 2714 consulere
2655 2657 3036 2712 decreverunt.
3069 2656 3215 2727 Fuga
3258 2674 3396 2729 ergo
3427 2675 3488 2716 se
3516 2660 3568 2714 in
3608 2669 3773 2713 tutum

2200 2752 2449 2821 recipere
2496 2758 2799 2818 curarunt;
2833 2751 2900 2805 ad
2936 2752 3081 2821 quod
3112 2750 3239 2814 illis,
3281 2759 3347 2806 ut
3397 2751 3586 2809 multis
3620 2751 3737 2806 aliis
3759 2791 3774 2816 ,

2194 2843 2465 2913 gremium
2502 2858 2531 2898 e
2561 2843 2869 2913 propinquo
2897 2842 3159 2898 benevole
3185 2842 3361 2914 438
3385 2853 3581 2913 patens
3611 2850 3777 2898 osten-

2198 2932 2280 2986 dit
2311 2931 2590 3003 Mitylene.
2617 2932 2712 2986 Sic
2732 2941 2914 2987 tamen
2948 2931 3036 2987 ille
3053 2931 3479 2987 administratus
3503 2943 3586 2988 est
3613 2942 3777 2988 trans-

2197 3026 2330 3090 itus,
2375 3033 2436 3080 ut
2483 3040 2592 3080 non
2636 3032 2749 3079 tam
2792 3023 2952 3094 iussu
3001 3023 3278 3093 ductuque
3333 3025 3578 3096 praefecti
3617 3037 3772 3094 quam

2196 3117 2414 3189 privato
2446 3116 2741 3172 Asensium
2779 3133 3009 3189 quisque
3041 3117 3274 3174 consilio
3327 3121 3632 3190 migraret,
3665 3130 3764 3171 non

517 3213 668 3268 ncnti
724 3213 1058 3266 transierunt
1097 3229 1112 3265 :
1151 3213 1293 3266 idem
1347 3215 1491 3267 enim
1545 3230 1705 3284 passa
1753 3214 1922 3271 Chios
1971 3224 2056 3272 est
2079 3215 2167 3284 ,ιϐ
2204 3222 2534 3278 magnopere
2560 3206 2877 3261 Maelll‘ama
2913 3217 3274 3278 repugnante.
3305 3209 3410 3278 (Ιυί
3444 3225 3504 3264 50
3541 3208 3777 3280 Ρΐεϐπῖο

517 3306 662 3362 idem
703 3303 945 3360 Lemnus
977 3313 1031 3359 et
1072 3305 1352 3375 Mitylene.
1382 3305 1593 3372 Quibus
1623 3307 1679 3361 in
1706 3307 1840 3362 locis
1861 3309 2099 3374 cunctis,

515 3397 659 3468 apud
696 3412 1082 3468 quemcunque
1107 3397 1272 3470 5.37
1298 3399 1418 3450 auri
1468 3399 1624 3469 copia
1664 3400 2019 3465 suboluerat,
2052 3399 2101 3457 is

516 3505 614 3545 seu
648 3489 950 3545 monachus
984 3490 1124 3546 foret
1155 3506 1250 3545 seu
1279 3505 1310 3545 e
1348 3506 1510 3546 sacro
1539 3492 1735 3547 ordine
1766 3508 1862 3548 seu
1904 3509 1972 3548 ex
2003 3507 2102 3563 pa-

515 3581 690 3634 latino
752 3582 1051 3635 auctoratis
1099 3579 1280 3635 officio
1343 3596 1408 3636 ac
1462 3583 1609 3636 notis
1654 3583 1926 3652 principi,
1963 3584 2101 3642 diris

517 3671 830 3740 suspendiis
865 3673 1230 3740 torquebatur
1259 3687 1274 3723 :
1306 3674 1801 3744 ostentabaturque
1835 3675 1912 3729 illi
1948 3690 2098 3733 mors

520 3779 763 3833 praesens
788 3804 803 3828 ,
829 3757 988 3832 cippo
1021 3763 1176 3818 ferali
1209 3773 1263 3817 et
1295 3767 1479 3818 securi
1506 3807 1521 3830 ,
1549 3782 1656 3835 qua
1695 3782 1863 3840 super
1898 3782 1962 3822 eo
1995 3768 2098 3834 ipsi

517 3870 643 3909 mox
675 3853 1050 3909 abscindenda
1087 3857 1274 3909 cervix
1315 3854 1458 3910 foret
1481 3897 1497 3924 ,
1526 3873 1712 3912 coram
1745 3858 1921 3914 oculis
1950 3861 2101 3929 posi-

517 3947 612 4009 tis,
645 3946 824 4015 quoad
853 3959 918 3999 eo
949 3953 1159 4000 terrore
1191 3947 1440 4010 adactus,
1477 3963 1618 4018 quos
1647 3957 1792 4002 terra
1818 3940 2101 4006 condidis-

517 4047 602 4092 set
638 4036 926 4091 thesauros
955 4034 1228 4090 indicaret
1254 4053 1268 4088 :
1294 4046 1428 4092 tunc
1461 4053 1596 4092 auro
1627 4049 1920 4110 sequestro
1957 4041 2100 4097 libe-

520 4129 767 4183 rabatur.
801 4127 906 4193 Qui
975 4142 1085 4182 non
1125 4128 1408 4184 habuisset
1440 4131 1585 4200 quod
1619 4133 1890 4199 proderet,
1921 4141 2100 4189 morte

521 4223 689 4277 miser
724 4223 962 4291 inopiam
1011 4222 1220 4277 luebat.
1270 4222 1325 4276 Id
1355 4224 1500 4293 quod
1539 4224 1740 4280 infelici
1773 4225 2102 4283 Maehramae

519 4313 663 4383 apud
694 4314 1004 4384 Mitylenem
1042 4315 1294 4384 contigit.
1323 4315 1378 4370 ls
1404 4329 1530 4369 cum
1553 4326 1706 4371 esset
1743 4333 1774 4372 e
1810 4320 2098 4388 praecipuis

518 4407 866 4473 imperatoris
896 4407 1184 4471 ministris,
1215 4408 1389 4476 gratia
1420 4408 1584 4462 etiam
1613 4411 1753 4480 apud
1792 4411 2098 4480 principem

521 4502 648 4548 nota
690 4494 795 4548 late
826 4495 1086 4562 inclytus,
1115 4493 1457 4548 domicilium
1485 4496 1748 4552 habuerat
1774 4515 1940 4569 prope
1964 4501 2100 4554 Sca-

2212 3300 2333 3356 sine
2364 3309 2512 3356 certa
2551 3301 2818 3372 principis
2860 3300 3190 3356 auctoritate
3223 3301 3346 3357 illic
3373 3302 3640 3357 dominari
3664 3315 3776 3354 me-

2209 3394 2484 3449 minisset.
2532 3392 2735 3448 Verum
2772 3392 3182 3448 multitudinem
3217 3392 3419 3450 videns
3451 3409 3546 3464 per
3595 3408 3650 3449 se
3680 3390 3775 3446 sibi

2207 3487 2613 3552 consulentem,
2647 3500 2749 3542 nec
2773 3494 3016 3541 rastrum
3048 3485 3117 3540 ah
3151 3485 3418 3542 omnibus
3461 3486 3651 3542 incolis
3693 3486 3779 3540 de~

2208 3587 2417 3634 sertum
2465 3580 2580 3649 ipse
2636 3578 2790 3634 solus
2841 3593 2966 3633 cum
3020 3577 3225 3632 familia
3269 3586 3468 3636 tenere
3515 3577 3780 3635 conlidens

2211 3686 2397 3741 posse,
2432 3671 2542 3726 Aso
2579 3680 2634 3727 et
2667 3671 2782 3741 ipse
2811 3670 3066 3741 migravit
3091 3668 3419 3740 Mitylenen,
3449 3685 3669 3741 prorsus
3693 3683 3779 3722 va-

2211 3779 2375 3818 cuum
2405 3763 2554 3818 hunc
2575 3763 2896 3832 relinquens
2929 3763 3132 3818 locum.
3159 3760 3278 3815 Non
3307 3765 3506 3818 multis
3535 3759 3779 3831 postdic-

2209 3858 2314 3911 bus
2367 3857 2578 3928 appulit
2632 3857 2686 3910 in
2732 3855 2966 3910 insulam
3016 3870 3251 3924 magnus
3292 3857 3413 3912 dux
3446 3850 3782 3926 pecuniami-

2215 3948 2387 4015 tiens,
2425 3948 2585 4017 cujus
2617 3946 3009 4017 extorquendae
3037 3956 3130 4000 aut
3158 3947 3418 4004 invenire
3463 3956 3556 4008 aut
3591 3948 3780 4012 ﬁngere

2209 4041 2451 4096 rationes
2497 4041 2809 4109 oportebat.
2857 4039 3031 4110 Igitur
3073 4053 3197 4095 cum
3254 4042 3450 4096 multis
3501 4041 3624 4095 aliis
3671 4035 3774 4090 Ma-

2207 4133 2433 4186 ehrama
2458 4131 2893 4199 comprehensus
2930 4129 3164 4185 vinculis
3200 4131 3466 4187 traditur.
3486 4131 3575 4186 Ἃο
3602 4123 3772 4183 caeteri

2206 4222 2450 4290 quidem,
2473 4231 2632 4292 prout
2657 4221 2889 4292 quisque
2920 4236 3114 4276 aurum
3144 4221 3198 4276 in
3225 4223 3415 4278 abdito
3437 4222 3623 4277 habuit
3641 4217 3772 4289 quod

2206 4315 2381 4378 daret,
2408 4315 2558 4369 varie
2597 4314 2765 4368 vitam
2811 4313 3130 4381 redemere;
3167 4314 3221 4368 in
3250 4317 3462 4385 quibus
3492 4329 3648 4376 unus,
3685 4307 3771 4380 qui

2212 4407 2504 4475 pecuniam
2534 4404 2954 4462 administrasse
2979 4407 3258 4476 publicam
3291 4409 3598 4470 dicebatur,
3623 4418 3776 4473 quan-

2211 4509 2326 4554 tum
2355 4513 2418 4553 ea
2466 4497 2774 4554 functione.
2798 4499 2954 4554 lucro
3001 4507 3339 4568 apposuerat
3371 4499 3611 4570 proprio,
3641 4492 3772 4564 quod

525 4587 837 4641 mandrmn.
887 4585 994 4641 Sed
1047 4588 1300 4641 universa
1331 4588 1438 4643 illic
1469 4591 1676 4644 circum
1705 4591 1817 4661 jam
1855 4607 1885 4647 a
1917 4593 2102 4651 Persis
2132 4570 2180 4626 Ῐ)
2207 4591 2416 4658 aliquot
2444 4590 2675 4645 millium
2713 4603 2985 4646 summam
3017 4592 3276 4660 aequavit,
3313 4603 3542 4647 coactus
3573 4595 3652 4642 est
3673 4594 3774 4638 tra-

525 4680 748 4748 regione
776 4687 901 4748 post
932 4679 1078 4732 Idam
1107 4687 1429 4748 occupatam
1455 4689 1721 4747 evastata,
1754 4682 2108 4754 desolatoqne

525 4769 723 4825 incolis
758 4776 968 4836 tractu,
1003 4777 1216 4850 mature
1245 4772 1437 4826 abiens
1480 4780 1534 4827 et
1579 4773 1695 4842 ipse
1739 4788 1863 4829 cum
1916 4776 2105 4832 multis

524 4861 646 4916 aliis
687 4863 739 4915 in
774 4860 868 4916 Asi
904 4876 1086 4915 arcem
1119 4862 1457 4932 ingreditur;
1492 4865 1584 4919 ubi
1614 4873 1855 4934 recepto,
1891 4869 1983 4936 qui
2013 4868 2108 4922 de-

530 4954 732 5022 gebant
767 4953 944 5016 intus,
978 4953 1238 5022 quoniam
1275 4963 1330 5008 et
1371 4955 1460 5008 tali
1516 4963 1762 5024 tempore
1813 4957 1951 5014 duce
1999 4959 2106 5014 sibi

529 5061 669 5113 opus
695 5045 954 5098 videbant
985 5060 1129 5106 esse,
1164 5053 1220 5099 et
1255 5048 1390 5100 satis
1417 5047 1792 5117 intelligebant
1829 5051 2100 5105 neminem

502 5139 726 5191 adesse
756 5136 821 5190 ad
853 5136 903 5190 id
938 5136 1030 5190 illo
1060 5136 1234 5206 magis
1262 5136 1516 5192 idoneum
1540 5177 1556 5204 ,
1590 5140 1693 5194 loci
1726 5141 2103 5208 praefecturam

524 5227 799 5282 deferunt.
830 5229 1054 5297 Accepit
1083 5229 1174 5283 ille
1206 5231 1350 5298 quod
1385 5231 1614 5296 dabant,
1641 5241 1694 5286 et
1721 5232 1840 5286 sine
1866 5233 1970 5286 alia
2001 5233 2102 5286 im-

2203 4677 2355 4732 dere.
2384 4678 2440 4733 In
2475 4676 2849 4733 Macbramam
2884 4680 3155 4734 sententia
3192 4680 3298 4734 lata
3329 4689 3416 4736 est
3459 4677 3628 4732 videri
3657 4685 3770 4726 eum

2205 4770 2402 4825 mortis
2443 4784 2596 4824 reum
2629 4769 2701 4825 ob
2731 4783 2915 4825 arcem
2952 4769 3265 4836 desertam,
3296 4770 3566 4839 indulgeri
3599 4776 3768 4819 tamen

2205 4870 2267 4917 ut
2319 4862 2625 4917 numeratis
2681 4861 2927 4932 quinque
2971 4877 3261 4919 aureorum
3318 4862 3563 4917 millibus
3616 4857 3769 4909 vitam

2206 4961 2438 5008 emeret.
2481 4951 2665 5008 Defuit
2697 4953 2827 5008 huic
2860 4953 2926 5007 ad
2951 4967 3070 5006 eam
3101 4969 3373 5009 summam
3402 4949 3662 5006 continuo
3686 4956 3771 4996 cx-

2203 5045 2462 5114 plendam
2501 5060 2609 5100 una
2642 5045 2890 5100 centuria
2943 5060 3325 5111 nummorum,
3364 5052 3418 5099 et
3459 5041 3616 5112 paulo
3656 5035 3768 5103 plus

2206 5137 2428 5190 cuidam
2451 5136 2611 5190 alteri
2639 5135 2897 5192 similiter
2917 5144 3124 5191 taxato.
3141 5136 3440 5204 Postquam
3466 5133 3554 5187 diu
3582 5129 3766 5182 frustra

2209 5229 2390 5284 vexati
2421 5228 2569 5298 quod
2596 5243 2704 5282 non
2735 5227 3010 5282 habebant
3039 5227 3338 5295 nequibant
3374 5227 3762 5293 reprazsentare,

527 5320 799 5389 peratoris
841 5321 1242 5390 significatione
1273 5337 1370 5391 pro
1395 5321 1650 5391 praefecto
1686 5337 1745 5378 se
1770 5324 1939 5393 gessit
1962 5324 2111 5378 illius
2218 5322 2335 5391 ipsa
2374 5322 2506 5374 hora
2545 5319 2792 5390 praecipit
2829 5334 3058 5387 magnus
3079 5321 3189 5374 dux
3218 5319 3374 5374 alteri
3410 5317 3463 5370 in
3495 5311 3662 5369 oculis
3692 5305 3766 5359 al-

525 5411 713 5476 eastri,
752 5427 853 5466 nec
890 5412 1077 5480 segnis
1119 5413 1171 5465 in
1221 5427 1286 5466 eo
1323 5415 1675 5480 exsequendo
1723 5414 1826 5466 fuit
1874 5414 2054 5469 ofﬁcio
2093 5431 2108 5469 :

523 5512 608 5555 sat
644 5504 804 5571 longo
831 5503 979 5557 enim
1016 5505 1196 5571 spatio
1227 5502 1516 5572 invigilans
1559 5512 1612 5556 et
1649 5505 1922 5559 laboriose
1957 5516 2107 5561 sata-

523 5609 658 5663 gens
686 5595 867 5648 locum
909 5595 1178 5660 defendit,
1219 5595 1533 5664 misereque
1559 5597 1769 5651 vexatis
1795 5597 2103 5652 circumsiti

527 5688 740 5742 colonis
772 5687 885 5756 agri
934 5695 1245 5756 opportuno
1300 5687 1555 5741 subvenit
1589 5687 1814 5741 auxilio.
1849 5687 1919 5739 At
1950 5695 2105 5757 post-

531 5791 694 5843 quam
727 5784 885 5830 ancta
911 5777 1021 5844 jam
1055 5777 1294 5844 potentia
1320 5778 1557 5831 hostium
1580 5786 1635 5831 et
1657 5777 1926 5846 plerisque
1958 5777 2106 5830 illius

529 5867 742 5921 viciniae
802 5868 940 5922 locis
997 5869 1226 5927 vastatis
1278 5869 1527 5924 cominus
1565 5869 1962 5924 admovebatur
1993 5877 2102 5923 ter-

2231 5412 2404 5464 terins
2428 5417 2590 5478 caput.
2614 5408 2886 5464 abscindi.
2908 5403 3208 5477 Expeditur
3239 5407 3424 5464 feralis
3447 5407 3648 5473 cippus,
3664 5397 3764 5448 stat

2210 5501 2454 5556 carnifex
2479 5502 2650 5557 altera
2685 5516 2848 5554 manu
2873 5500 3070 5555 tollens
3090 5499 3353 5568 gladium,
3382 5498 3548 5550 altera
3584 5491 3763 5557 ligatos

2214 5595 2542 5648 Machramae
2564 5593 2791 5660 capillos
2823 5601 3040 5652 tenens.
3073 5593 3262 5661 sicque
3293 5590 3489 5647 collum
3515 5582 3758 5648 adaptatis

2213 5685 2526 5740 macellario
2565 5692 2783 5748 trunco,
2820 5691 2929 5736 tam
2980 5683 3158 5736 valide
3203 5675 3554 5752 apprimendo
3580 5667 3760 5723 utloco

2213 5775 2450 5827 naturali
2501 5784 2777 5828 cmovcrct
2829 5772 3058 5827 cervicis
3110 5775 3414 5826 vertebras.
3469 5763 3538 5816 ita
3593 5753 3756 5810 infelix

2213 5866 2383 5920 ictum
2417 5866 2616 5932 accipit
2649 5879 2759 5934 quo
2782 5872 2866 5919 est
2899 5864 2948 5918 ei
2987 5865 3220 5920 recisum
3246 5869 3437 5934 caput.
3477 5855 3528 5909 Id
3563 5852 3749 5916 spcrta-
