4024 6394
211 284 307 349 481

1110 285 1209 346 DE
1241 279 1688 346 ANDRONICO
1729 280 2195 341 PALEOLOGO
2231 282 2378 344 LIB.
2416 282 2481 344 V.

3395 281 3505 346 482

209 401 544 470 περιστῆναι
566 401 633 454 τὰ
657 400 886 472 χαλεπὰ,
906 399 969 452 τὸ
994 399 1191 469 δρᾶσαί
1209 416 1261 451 τι
1279 398 1526 465 γενναῖον
1542 395 1644 448 οὐκ
1663 394 1813 464 ἕχον·
1841 404 1888 452 Α
1914 393 2088 463 αὐτῆς
2147 393 2298 463 ὥρας
2352 393 2688 465 προστάσσει
2735 393 2820 445 ἐπ’
2864 392 2986 462 ὄψει
3007 392 3237 464 ῦατὲρου
3270 411 3507 466 καρατο-

211 511 327 559 τες,
345 495 395 546 εἰ
412 493 800 563 προσμένοιεν,
823 493 958 562 πρὸς
974 493 1150 561 φυγὴν
1166 489 1370 560 ὥρμων
1387 489 1482 542 καὶ
1503 484 1808 558 προαπανί-

215 602 434 651 σταντο,
454 585 698 653 ἀγκάλας
729 585 913 653 σφίσιν
928 584 1002 645 ὥς
1022 583 1114 635 καὶ
1140 581 1355 643 πολλοῖς
1385 581 1593 650 ἑτέροις
1613 577 1674 642 ἐξ
1711 579 1807 646 ὲγο

214 677 400 745 γὶονος
417 677 808 744 προτεινούσης
823 675 922 743 τῆς
944 673 1280 742 Μιτυλήνης,
1295 673 1388 725 καὶ⁵
1413 670 1473 722 τὸ
1499 671 1622 723 καθ’
1641 667 1806 722 αὐτὸν

218 767 443 821 σκοπῶν
473 768 703 830 ἕκαστος
733 766 920 835 ὴλόγεί
967 765 1060 818 τοῦ
1091 765 1317 833 ἄγοντος
1359 763 1455 816 καὶ
1507 761 1609 828 τῆς
1657 761 1812 813 ἐκου-

218 860 336 912 σίου
398 860 580 912 ἀνεῖτο
625 859 904 928 ὑποταγῆς
931 872 947 890 ⁸
983 859 1069 926 ἐφ’
1119 853 1203 920 οἷς
1244 857 1410 927 μηδὲν
1467 855 1606 926 ἔχων
1652 855 1808 907 ἀντι-

216 954 509 1020 πράττειν,
537 951 634 1005 τοῦ
682 951 920 1022 πλήθους
983 952 1060 1014 ὡς
1125 950 1273 1014 me;
1324 947 1810 1011 δυναστεύσαντος,

221 1042 580 1111 συναπαίρειν
604 1042 745 1110 ἔγνω
775 1042 1045 1106 κάκεῖνος,
1081 1041 1177 1094 καὶ
1232 1039 1392 1092 κενὸν
1439 1037 1693 1092 ἐντεῦθεν
1745 1038 1810 1093 τὸ

221 1136 485 1206 φρούριον
512 1134 922 1189 καταλέλειπτο.
963 1133 1126 1187 Ἀλλὰ
1158 1133 1279 1203 μεθ’,
1305 1133 1521 1204 ἡμέρας
1574 1135 1602 1186 ὁ
1636 1133 1814 1201 μέγας

219 1227 350 1291 Gabi
369 1224 658 1296 προσίσχει
685 1225 751 1293 τῇ
777 1225 950 1293 νήσῳ,
982 1221 1078 1277 καὶ
1100 1221 1209 1276 ἔδει
1240 1222 1456 1283 πάντως
1494 1220 1676 1282 αἰτίας
1705 1221 1814 1274 τῶν

222 1317 518 1389 πορισμῶν
543 1315 644 1376 τὰς
677 1315 774 1384 μὲν
807 1315 1186 1384 εὑρίσκεσθαι,
1217 1313 1311 1376 τὰς
1339 1313 1397 1366 δὲ
1449 1312 1812 1368 πλάττεσθαι.

223 1409 334 1462 Σὺν
363 1406 546 1469 ἄλλοις
577 1405 790 1466 πολλοῖς
820 1396 1097 1466 καὶόὗτος
1121 1402 1199 1471 τῷ
1221 1400 1400 1472 τροχῷ
1441 1399 1817 1470 συλλαμϐάνε-

223 1517 340 1554 ται.
412 1499 474 1550 Ol
499 1493 555 1550 δὲ
578 1495 731 1549 ἄλλοι
753 1494 955 1556 πάντες
996 1492 1126 1562 μίαν
1167 1492 1269 1560 τὴν
1299 1491 1394 1544 τοῦ
1426 1489 1600 1544 κακοῦ
1639 1490 1817 1550 λύσιν,

223 1594 274 1644 εί
307 1587 641 1660 προτείνοιεν
671 1586 839 1657 ἁδρὸν
870 1586 930 1637 τὸ
959 1584 1200 1654 χρυσίον.
1232 1583 1342 1637 Καί
1372 1600 1454 1644 τις
1483 1581 1536 1634 δὲ
1564 1581 1723 1644 ἄλλος
1760 1581 1819 1644 ὃς

226 1679 662 1754 προενηργηκὼς
691 1678 927 1749 δημόσια
949 1677 1020 1730 τὰ
1044 1676 1104 1740 ἐξ
1147 1675 1376 1728 ἐκείνων
1409 1676 1574 1751 κέρδη
1626 1675 1685 1728 ὲν
1732 1690 1820 1743 χι-

1914 487 2128 554 μεῖσΘαι
2187 490 2413 556 θάτερον
2457 487 2550 540 τὸν
2589 486 2931 558 Μαχράμην,
2968 488 3061 540 καὶ
3107 489 3136 539 ὁ
3178 487 3506 556 μακελλικὺς

1910 578 2099 648 φιτρδς
2122 580 2402 649 παρευοὺς
2441 581 2534 633 καὶ
2557 580 2618 632 τὸ
2645 579 2798 650 ξίφος
2821 581 3043 650 ἕτοιμον
3071 581 3150 642 είς
3184 579 3464 648 αναίρεσιν
3487 593 3504 611 ο

1909 672 2008 735 τὰς
2031 662 2142 742 γὰρ
2170 673 2268 741 τῆς
2307 675 2551 744 κεφαλῆς
2579 675 2773 746 τρίχας
2828 677 2988 745 ἱμᾶσι
3029 671 3238 738 δεθεὶς,
3304 669 3424 726 εἷτα
3457 671 3506 726 δ’

1910 765 2163 829 ἐκταθεὶς
2217 767 2311 818 ἐπὶ
2359 767 2452 819 τοῦ
2495 767 2688 836 φιτροῦ
2753 769 2849 820 καὶ
2895 767 3184 836 καρτερῶς
3233 765 3506 828 πιεσθεὶς,

1912 855 2054 908 ὥστε
2088 854 2328 920 καὶτοὺς
2353 857 2684 920 σπονδύλους
2740 857 2837 910 τοῦ
2881 857 3158 927 τραχήλου
3209 855 3507 924 ἐκλυθῆναι

1911 947 2011 1017 τῆς
2039 947 2276 1016 φυσικῆς
2306 949 2577 1019 ἁρμογῆς,
2614 949 2788 1013 οὕτως
2815 950 3015 1013 ἀθλίως
3047 948 3140 1001 καὶ
3188 947 3286 1018 τὴν
3332 945 3512 1016 τομὴν

1913 1039 2152 1109 δέχεται.
2188 1041 2302 1094 Καὶ
2332 1040 2391 1094 τὸ
2420 1041 2637 1110 συμϐὰν
2668 1041 2881 1112 Θατέρῳ
2934 1039 3258 1110 θεασαμένῳ
3317 1024 3513 1108 Γοργώ

1920 1149 2005 1194 τις
2032 1127 2102 1202 ἦν
2145 1131 2481 1186 ἀπολιθοῢσα
2521 1135 2613 1188 τὸν
2640 1134 2898 1200 δείλαιον,
2940 1133 3036 1188 καὶ
3080 1133 3276 1202 πικρὸν
3305 1131 3509 1193 κλαίει,

1917 1224 2013 1278 καὶ
2050 1226 2338 1278 ποτνιᾶται
2366 1226 2502 1296 πρδς
2530 1226 2873 1290 Γεννουῖτας,
2905 1228 2998 1278 καὶ.
3029 1225 3128 1295 τὴν
3161 1223 3307 1292 ζωὴν
3338 1225 3508 1292 χιλιο-

1919 1315 2043 1366 στύῖ
2068 1314 2344 1385 χρυσίνων
2388 1317 2521 1383 παρ’
2557 1314 2782 1368 ἐκείνων
2813 1318 3205 1385 περιποιεῖται.
3258 1313 3344 1385 [Ρ.
3380 1310 3510 1380 5041

1932 1405 2096 1458 Ἀλλὰ
2135 1405 2388 1476 μικρὸνῆ
2421 1407 2596 1460 ταῦτα
2641 1406 2895 1476 γενέσθαι
2936 1407 3224 1477 πρότερον,
3282 1407 3512 1473 Μαγνη-

1920 1496 2145 1560 σιώταις
2199 1498 2408 1560 ἐκεῖνος
2446 1496 2614 1566 τιμὴν
2669 1497 2948 1566 ταμιεύων
3008 1498 3384 1559 Κυκλώπειον,
3437 1494 3513 1556 ὡς

1922 1587 2016 1641 καὶ
2057 1587 2253 1650 αὐτοὺς
2292 1587 2362 1640 τὰ
2413 1588 2575 1657 ὃμοια
2633 1587 2865 1659 δράσων,
2901 1589 3003 1641 κᾶν
3039 1587 3384 1655 ὑπερημέρει
3415 1585 3513 1655 τὴν

1924 1677 2151 1740 εκτιτιν,
2176 1677 2270 1730 τοῦ
2303 1675 2580 1730 πιστεύειν
2613 1677 2845 1741 ἐκείνοις
2870 1677 3034 1730 πλέον
3065 1679 3174 1731 τῶν
3210 1677 3390 1730 ἄλλων
3417 1676 3512 1730 καὶ

225 1775 377 1828 λιάσι
398 1773 498 1826 καὶ
527 1772 763 1842 μάλιστα
784 1770 1194 1837 εἰσεπράττετο.
1219 1766 1308 1836 Τῷ
1339 1767 1395 1820 6‘s
1441 1768 1817 1837 προςετιμᾶτο
1852 1768 1892 1819 Β
1923 1771 2074 1841 παρὰ
2102 1771 2260 1823 τοῦτο
2300 1769 2806 1840 ἀποτεταμιεῢσθαι
2855 1771 2950 1823 καὶ
2986 1770 3188 1833 ἵππους
3235 1769 3362 1840 τῇδε
3419 1770 3513 1821 καὶ

227 1867 466 1920 θανᾶτου
515 1864 607 1918 διὰ
666 1862 766 1933 τὴν
809 1860 904 1913 τοῦ
964 1859 1228 1930 φρουρίου
1279 1857 1625 1926 κατάλειψιν.
1659 1858 1720 1910 El
1772 1857 1818 1911 δ’

227 1956 485 2011 ὠνεῖσθαι
512 1955 752 2026 βούλοιτο
782 1953 884 2024 τὴν
912 1952 1080 2020 ζωὴν,
1116 1953 1198 2014 εἰς
1226 1951 1452 2021 χρυσίου
1505 1948 1822 2018 χιλιοστύας

229 2051 400 2102 πέντε
449 2050 482 2118 ἡ
535 2047 740 2107 Exstat;
798 2045 1006 2098 ἵστατο.
1056 2043 1407 2113 Κατηντήκει
1446 2043 1502 2094 δὲ
1529 2042 1624 2095 καὶ
1660 2042 1820 2112 ποινὴ

234 2143 401 2212 μέχρι
433 2140 528 2193 καὶ
550 2137 881 2199 ἑκατοστὺος
911 2136 1041 2204 μιᾶς
1065 2135 1141 2204 τῷ
1169 2133 1476 2205 Μαχράμῃ.
1537 2133 1625 2196 Ὠς
1689 2131 1822 2200 γοῦν

233 2233 453 2307 βραδεῖς
483 2231 764 2302 ἐφαίνοντο
792 2231 841 2282 οἱ
886 2229 964 2299 μὴ
984 2229 1198 2299 ἔχοντες
1235 2228 1366 2297 περὶ
1414 2225 1514 2297 τὴν
1544 2225 1820 2291 ἀπόδοσιν,

235 2416 419 2472 culum
457 2415 511 2469 in
551 2414 661 2469 alio
692 2413 900 2484 pariter
924 2412 1186 2465 damnato
1214 2410 1321 2463 vim
1369 2408 1562 2463 habuit
1603 2408 1821 2480 qualem

233 2523 359 2564 esse
393 2507 552 2560 aiunt
590 2504 827 2560 Medusae
858 2502 1154 2572 Gorgonis,
1199 2501 1364 2574 439
1405 2517 1568 2572 quam
1603 2503 1697 2572 qui
1735 2503 1820 2557 vi-

236 2603 372 2656 dent
404 2598 772 2670 lapidescunt.
811 2595 904 2652 Sic
947 2597 1095 2652 enim
1144 2603 1200 2650 et
1247 2595 1338 2650 hic
1388 2595 1573 2659 miser,
1625 2595 1818 2650 hausta

234 2694 362 2750 visu
388 2694 645 2764 praesenti
671 2691 792 2745 dira
817 2689 1143 2744 llachramae
1166 2703 1319 2751 nece,
1350 2695 1658 2743 commotus
1685 2689 1822 2743 adeo

233 2794 324 2841 est
354 2793 413 2838 ut
467 2783 650 2838 multis
696 2781 958 2851 lacrymis
1012 2785 1269 2833 exoraret
1319 2777 1666 2842 Genuenses,
1717 2777 1822 2832 sibi

237 2875 592 2933 commodare
623 2891 692 2928 ne
728 2877 1094 2944 gravarentur
1131 2885 1330 2925 aureos
1378 2869 1549 2931 mille,
1589 2879 1724 2938 quot
1753 2871 1821 2924 ad

238 2985 519 3026 summam
559 2968 819 3022 indictam
869 2963 1258 3020 absolvendam
1307 2962 1580 3017 deerant:
1617 2963 1691 3016 ita
1739 2972 1825 3018 est

240 3065 441 3118 horum
481 3059 858 3116 misericordia
894 3065 1167 3114 servatus.

315 3153 484 3208 Paulo
515 3153 667 3222 prius
689 3165 851 3220 quam
881 3149 995 3204 haec
1018 3147 1554 3217 ﬁerent,contigcrat
1587 3144 1822 3202 defectio

240 3245 708 3317 Maguesiensium
741 3257 778 3297 ο
810 3256 1006 3312 magno
1025 3242 1186 3304 duce.
1215 3239 1355 3294 lluic
1383 3240 1470 3294 ille
1489 3239 1694 3295 civitati
1724 3253 1824 3309 pro

240 3339 548 3410 majoribus
576 3341 630 3391 in
657 3351 716 3391 se
748 3334 962 3390 meritis
992 3335 1224 3405 gratiam
1256 3335 1513 3388 servabat
1538 3373 1551 3395 ,
1585 3347 1692 3402 qua
1726 3347 1814 3388 re-

240 3439 659 3486 muneraturum
698 3442 757 3482 se
788 3426 1041 3496 Ulyssem
1068 3423 1305 3494 Cyclops
1333 3422 1657 3477 Homericus
1693 3435 1822 3490 pro-

240 3522 515 3585 fitebatur,
545 3520 824 3590 spondens
859 3517 1038 3587 ipsum
1069 3532 1096 3568 a
1128 3531 1188 3570 se
1219 3514 1617 3569 comedendum
1644 3515 1826 3569 socio-

227 3627 366 3672 ‘rum
422 3615 710 3678 ultimum;
748 3609 978 3679 etpost
1029 3608 1310 3678 expilatas’
1356 3608 1520 3661 nrbes
1579 3607 1822 3676 reliquas

238 3709 386 3762 hanc
407 3708 572 3762 etiam
596 3703 979 3760 exinaniturus
1001 3699 1448 3770 exspectabatur.
1476 3698 1633 3766 Quod
1671 3699 1822 3768 ipsos

241 3814 351 3854 non
385 3796 582 3852 fefellit
615 3796 735 3866 ejus
758 3795 928 3861 cives,
951 3807 1018 3848 ex
1055 3800 1250 3847 cetera
1275 3791 1377 3846 viri
1408 3790 1709 3860 rapacitate
1741 3789 1824 3843 fa-

238 3894 344 3947 cile
379 3889 796 3961 praesentientcs
839 3887 969 3957 quid
1009 3885 1223 3953 passuri
1273 3900 1395 3939 mox
1445 3883 1646 3938 forent.
1695 3882 1825 3938 ﬂare

239 3985 366 4039 illos
395 3982 640 4054 provisio
670 3979 736 4034 ad
765 3980 944 4050 palam
977 3977 1342 4034 defieiendum
1377 3991 1407 4030 a
1444 3991 1644 4045 magno
1683 3975 1824 4030 dure

239 4077 524 4140 incitavit;
559 4089 621 4129 ex
655 4087 766 4141 quo
805 4071 1003 4126 accidit
1026 4071 1174 4125 hunc
1208 4069 1436 4139 perdere
1469 4067 1707 4138 prazdam
1740 4067 1828 4121 in-

240 4174 458 4235 gentem
483 4162 632 4217 varie
655 4175 936 4216 corrasam
965 4160 1353 4228 undecunque,
1397 4173 1522 4211 eum
1547 4173 1821 4228 equorum

239 4267 354 4314 tum
389 4257 652 4327 pecunlae,
691 4267 851 4322 quam
880 4253 1023 4322 apud
1054 4250 1491 4319 Magnesieuses,
1523 4248 1609 4304 his
1647 4249 1824 4305 lldens

242 4349 367 4419 plus
399 4361 564 4416 quam
597 4344 810 4399 caeteris
833 4385 848 4408 ,
883 4342 1300 4398 custodiendam
1333 4341 1689 4411 deposuerat.
1724 4341 1822 4397 Hic

243 4441 453 4511 primus
484 4436 796 4493 rebellionis
829 4435 1042 4490 fructus
1072 4449 1327 4505 magnam
1366 4433 1570 4502 adjecit
1604 4441 1818 4489 tantum
1860 4459 1904 4514 ο

243 4534 396 4587 ausis
430 4529 747 4584 facultatem
779 4525 1092 4583 sustinendi
1123 4525 1267 4581 feros
1299 4525 1542 4595 impetus
1578 4526 1631 4578 in
1659 4526 1828 4580 ultio-

240 4639 369 4679 nem
397 4623 584 4679 statim
627 4620 822 4675 ruituri
869 4619 1105 4674 hominis
1150 4618 1484 4687 impotenter
1535 4618 1825 4683 iracundi,

242 4729 406 4784 quem
450 4720 562 4766 tam
607 4710 914 4765 luculenter
963 4709 1297 4764 lrritassent.
1371 4709 1555 4778 Equos
1588 4709 1734 4763 enim
1773 4719 1830 4764 et

245 4821 467 4877 aurum,
491 4805 596 4859 hoc
624 4813 709 4860 est
742 4805 1104 4859 instrumenta
1132 4810 1190 4856 et
1215 4817 1416 4858 nervos
1443 4803 1587 4866 belli,
1615 4801 1683 4857 ad
1714 4818 1830 4856 ma-

242 4914 377 4953 num
423 4898 506 4952 sic
551 4897 861 4962 habebant;
896 4910 996 4950 nec
1027 4895 1219 4949 deerat
1267 4909 1534 4949 numerus
1579 4895 1826 4948 virorum

245 4989 494 5054 fortium,
530 4989 624 5059 qui
655 5003 686 5044 e
712 4987 882 5042 variis
907 5001 972 5041 eo
1005 4987 1144 5042 locis
1182 4985 1583 5057 confugerant;
1618 4986 1673 5040 in
1707 4989 1830 5056 qni-

249 5083 354 5137 bus
382 5090 501 5135 erat
549 5081 897 5135 Alanicarum
929 5079 1214 5148 copiarum
1260 5093 1390 5148 pars
1439 5093 1550 5132 non
1606 5079 1826 5150 exigua.

247 5174 558 5230 Accedebat
584 5172 923 5228 abundantia
955 5173 1216 5227 frumenti
1239 5172 1416 5243 plenis
1447 5173 1658 5227 horreis
1691 5187 1831 5227 con-

251 5268 391 5339 gesti
429 5267 497 5322 ad
550 5267 696 5337 longi
748 5265 1130 5322 sufﬁcientiam
1179 5264 1464 5334 temporis.
1521 5263 1617 5320 His
1663 5266 1827 5320 simul

247 5360 467 5416 cunctis
494 5359 550 5414 in
579 5358 771 5429 primis
801 5358 1151 5412 animabatur
1172 5358 1461 5421 Altaleota,
1486 5367 1544 5412 ut
1579 5374 1688 5412 non
1726 5358 1829 5413 du-

251 5454 455 5509 bitaret
484 5467 546 5507 se
577 5463 860 5506 anetorem
889 5449 1032 5504 ferre
1061 5450 1278 5504 consilii
1297 5449 1696 5518 audacis.quod
1725 5449 1828 5526 nisi

249 5544 382 5600 felix
413 5548 559 5597 esset
608 5541 676 5596 ad
722 5547 1054 5602 extremum,
1090 5539 1410 5608 impendere
1456 5539 1562 5594 sibi
1617 5549 1828 5594 eertum

251 5637 482 5692 exitium
531 5633 767 5690 sciebat.
815 5631 930 5688 Hoc
967 5632 1262 5688 instinctus
1310 5645 1455 5688 metu
1498 5634 1830 5702 peculiarem

252 5726 864 5794 adhibuitdiligentiam
895 5725 948 5780 in
981 5725 1365 5796 conjuratioue
1393 5726 1827 5791 corroboranda,

1921 1864 2205 1934 Χρήματαν
2227 1862 2261 1916 ἃ
2299 1861 2364 1933 δὴ
2389 1863 2452 1916 ὲκ
2481 1863 2644 1932 τάπης
2675 1863 3004 1934 ἀλαστορίας
3052 1862 3327 1930 συνέλεγε,
3374 1861 3513 1928 φθά-

1922 1971 2003 2008 νει
2040 1955 2313 2026 σφαλῆναι
2336 1955 2562 2028 προνοία
2587 1955 2700 2010 τῶν
2731 1957 3052 2025 οίκητόρων.
3107 1957 3188 2010 τὰ
3243 1953 3353 2023 γὰρ
3396 1956 3511 2018 τοῖς

1922 2046 2105 2110 ἄλλοις
2133 2047 2500 2117 συμϐαίνοντα
2550 2048 2646 2101 καὶ
2698 2047 2854 2101 αὐτοὶ
2901 2049 3041 2102 κατὰ
3098 2046 3158 2099 τὸ
3214 2045 3512 2111 ἀναγκαῖον

1922 2141 2217 2202 δείσαντες,
2244 2140 2339 2194 καὶ
2367 2140 2602 2209 μάλιστα
2629 2140 3001 2210 προπαθόντες
3035 2140 3130 2193 καὶ
3177 2137 3250 2200 ὡς
3299 2136 3513 2207 γεύμα-

1924 2248 2013 2295 τος
2035 2232 2094 2284 τδ
2126 2231 2234 2284 πᾶν
2267 2229 2666 2301 προμαθόντες,
2693 2229 2826 2300 πρὸς
2860 2229 3204 2284 ἀποστασίαν
3237 2227 3512 2300 ἀφορῶσι,

1927 2412 2119 2468 stricta
2158 2411 2428 2474 invicem,
2461 2425 2626 2479 quam
2669 2407 2985 2464 firmissime
3014 2415 3226 2478 posset,
3277 2405 3382 2461 title
3422 2421 3515 2460 so-

1925 2505 2135 2559 ciorum
2189 2503 2580 2559 communione
2646 2501 2917 2556 facinoris
2975 2499 3296 2570 ejusmodi,
3347 2497 3516 2570 440

1925 2599 2068 2669 quod
2087 2613 2302 2652 omnem
2332 2612 2458 2651 cum
2487 2609 2686 2664 magno
2707 2594 2849 2648 duce
2879 2590 3348 2670 reconciliationis
3371 2589 3514 2644 viam

1925 2691 2300 2759 abrumperet.
2348 2687 2473 2742 Fuit
2521 2687 2574 2740 id
2623 2685 2839 2739 hostilis
2875 2683 3152 2755 grassatio
3207 2682 3260 2734 in
3311 2679 3502 2740 Italos.

1926 2788 2197 2852 quotquot
2219 2788 2352 2835 sunt
2381 2780 2525 2832 intra
2545 2777 2738 2831 urbem
2771 2774 3110 2844 Magnesiam
3129 2782 3261 2828 tunc
3282 2771 3510 2843 reperti;

1926 2889 2163 2945 quorum
2202 2888 2329 2943 pars
2385 2871 2568 2942 gladio
2621 2869 2746 2924 cassi
2771 2908 2786 2934 ,
2821 2883 2949 2938 pars
2985 2882 3194 2923 securae
3225 2863 3512 2921 commissi

1929 2966 2200 3021 custodia:
2227 2973 2380 3021 sunt.
2415 2964 2534 3035 Egit
2565 2977 2835 3036 praeterea
2869 2971 2927 3015 nt
2963 2965 3179 3017 cunctis
3211 2970 3355 3015 esset
3387 2975 3516 3026 per-

1931 3061 2324 3114 suasissimum
2383 3075 2548 3114 unam
2593 3058 2729 3128 ipsis
2755 3058 2916 3111 sitam
2954 3071 3076 3111 esse
3121 3053 3317 3108 salutis
3360 3067 3514 3122 spem

1930 3153 1984 3207 in
2019 3153 2196 3207 salute
2229 3168 2340 3207 non
2373 3151 2598 3207 aliunde
2627 3149 2900 3221 speranda
2934 3166 3096 3219 quam
3124 3149 3194 3202 ab
3225 3147 3428 3201 invicta
3460 3151 3517 3200 et

1929 3244 2158 3299 omnino
2189 3244 2548 3300 irrevocabili
2592 3243 2887 3299 resistendi
2931 3241 3240 3296 constantia
3267 3281 3283 3306 ,
3317 3239 3517 3294 certis-

1926 3335 2067 3390 sime
2095 3335 2400 3402 moritu-ris,
2444 3336 2491 3390 si
2538 3335 2804 3390 cederent
2839 3341 2894 3387 et
2931 3347 3262 3404 quacunque
3303 3332 3519 3386 ratione

1931 3427 2034 3480 sub
2076 3426 2256 3496 magni
2296 3426 2456 3483 ducis
2501 3429 2835 3498 potestatem
2903 3441 2967 3481 ac
3033 3439 3236 3480 manus
3295 3425 3516 3494 redige-

1931 3527 2143 3573 rentur.
2179 3517 2273 3572 Sic
2300 3519 2477 3588 parati
2510 3559 2526 3584 ,
2577 3529 2754 3588 port's
2799 3517 2956 3574 urbis
3001 3526 3120 3572 tuta
3171 3517 3422 3572 custodia
3461 3524 3518 3571 et

1931 3611 2242 3665 munitione
2267 3611 2460 3680 septis,
2495 3612 2618 3666 sine
2656 3611 2764 3664 ulla
2790 3612 2904 3680 jam
2939 3608 3384 3666 dissimulatione
3415 3624 3518 3678 pa-

1925 3702 2032 3756 lam
2061 3701 2346 3757 declarant
2377 3717 2436 3757 se
2463 3717 2560 3771 pro
2590 3701 2746 3756 hoste
2777 3701 2980 3756 habere
3010 3713 3266 3770 magnum
3291 3699 3516 3753 ducem.

1928 3790 2030 3847 Hic
2067 3793 2232 3848 simul
2271 3791 2392 3862 ejus
2435 3793 2571 3847 tanti
2613 3795 2697 3847 sui
2753 3801 3130 3862 contmples,
3181 3787 3324 3845 fama
3385 3788 3514 3843 facti

1925 3885 2038 3940 late
2065 3885 2262 3950 didita,
2294 3899 2414 3937 eam
2453 3884 2704 3940 notitiam
2748 3884 2962 3954 accepit
3003 3897 3168 3949 etiam
3197 3883 3347 3937 nulla
3390 3897 3517 3952 pos~

1927 3987 2017 4034 set
2046 3976 2491 4033 dissimulatione
2519 3985 2728 4046 tegere,
2765 3977 2950 4032 statim
2996 3976 3200 4031 exarsit
3250 3976 3302 4028 in
3341 3975 3517 4028 nihilo

1931 4071 2206 4124 mitiorem
2240 4069 2376 4122 iram
2421 4084 2588 4138 quam
2619 4069 2772 4138 quali
2816 4077 2936 4123 erat
2963 4065 3517 4125 verisimileinllam-

1931 4160 2190 4215 mandem
2225 4159 2502 4214 hominem
2527 4157 2747 4221 Italum,
2781 4158 3150 4227 eumdemque
3174 4171 3338 4227 supra
3367 4171 3516 4211 com-

1930 4265 2153 4306 munem
2179 4250 2357 4319 gentis
2394 4248 2616 4304 modum
2655 4247 2934 4303 crudelem
2963 4259 3128 4317 atque
3153 4247 3508 4317 praecipitem.

1932 4341 2097 4412 Rapit
2119 4357 2251 4412 ergo
2277 4341 2399 4397 sine
2431 4355 2607 4405 mora,
2641 4343 2858 4395 cunctis
2888 4341 3134 4403 οιιίἱεείς,
3173 4353 3302 4395 snas
3322 4353 3511 4393 secum

1932 4434 2219 4488 universas
2257 4433 2470 4501 copias.
2503 4431 2954 4502 Magnesiamqne
2982 4431 3223 4487 advolat.
3251 4431 3423 4486 Erant
3458 4431 3512 4485 in

1931 4541 1997 4580 eo
2031 4525 2276 4582 exercitu
2324 4526 2621 4582 auxiliares
2666 4525 2840 4581 Italici
2885 4525 3102 4597 generis
3131 4539 3351 4588 omnes,
3401 4523 3513 4577 Ro-

1931 4633 2112 4673 mam
2144 4633 2272 4673 cum
2313 4618 2400 4673 his
2447 4619 2658 4674 militia
2705 4634 2833 4690 pars
2865 4634 2976 4673 non
3004 4619 3200 4688 exigua
3228 4655 3244 4682 ,
3281 4617 3515 4684 denique

1931 4708 2111 4775 Alani,
2143 4709 2237 4779 qui
2275 4717 2458 4764 tamen
2503 4725 2611 4765 non
2641 4719 2861 4778 sponte.
2900 4710 3002 4765 sed
3033 4710 3321 4780 praesentis
3351 4709 3514 4762 duris

1933 4798 2491 4856 ineluctabili'adaeti
2543 4802 2813 4871 potentia,
2864 4802 3090 4855 invitam
3143 4810 3198 4856 et
3242 4803 3516 4856 dunlaxat

1931 4894 2366 4965 perfunctoriam
2399 4909 2628 4963 operam
2654 4894 2710 4948 in
2743 4894 2848 4950 hoc
2881 4895 3085 4949 bellum
3123 4893 3510 4948 conferebant.

1932 4985 2032 5040 His
2080 4987 2257 5054 copiis
2291 4986 2398 5040 dux
2435 5001 2670 5056 magnus
2717 4988 3178 5056 oppugnationem
3224 4985 3515 5056 Magnesiae

1935 5084 2165 5139 adorsus
2207 5082 2494 5137 machinas
2523 5082 2804 5146 admovet,
2841 5093 3022 5137 turres
3052 5083 3278 5148 excitat,
3314 5092 3510 5136 caetera

1934 5175 2300 5231 instrumenta
2344 5175 2839 5244 expugnandarum
2879 5175 3246 5231 munitionum
3295 5174 3510 5230 ardenti

1934 5280 2189 5336 satagens
2217 5266 2400 5320 studio
2436 5267 2681 5322 adhibet.
2712 5267 3106 5323 Accendebaut
3143 5270 3289 5324 enim
3325 5284 3424 5338 per
3454 5283 3514 5322 se

1936 5360 2069 5413 satis
2097 5358 2490 5413 inﬂammatam
2523 5360 2645 5428 ejus
2687 5361 2824 5416 iram
2861 5360 3058 5416 crebra
3089 5362 3328 5417 subinde
3359 5363 3414 5416 in
3443 5362 3512 5414 il-

1941 5451 2049 5504 lum
2087 5465 2117 5504 e
2152 5450 2552 5520 murisjactata
2580 5453 2836 5520 dicteria,
2871 5454 3221 5509 irridentium
3277 5465 3512 5507 conatus

1940 5544 2230 5611 minasque
2257 5544 2453 5613 ipsius,
2488 5545 2689 5614 quibus
2727 5547 2890 5600 homo
2918 5548 3160 5601 tumidus
3190 5544 3514 5612 impatiens-

1937 5650 2042 5705 que
2096 5631 2448 5691 eontumelize
2489 5639 2898 5694 incredibiliter
2944 5640 3302 5698 eﬂerabatur,
3341 5651 3512 5691 vanas

1941 5727 2162 5782 interim
2215 5727 2338 5797 ejus
2369 5730 2602 5798 impetus
2633 5731 2806 5788 muris
2837 5731 3206 5800 nequidquam
3238 5729 3514 5784 solidissi-
