4024 6422
534 273 645 339 483

1731 277 2054 340 GEORGII
2085 279 2564 341 PACHYMERE

3671 293 3761 359 itii

528 392 601 444 Τὸ
628 392 671 444 δ’
705 385 774 461 ἦν
799 392 1021 462 εὐχερὲς
1042 392 1289 464 ἐννοῆσαι
1318 394 1527 463 σφίσιν,
1564 395 1628 447 ὲκ
1671 393 1765 447 τοῦ
1807 396 1938 465 πρὶν
1990 394 2192 458 καθ’,Α
2217 395 2409 456 τόπου,
2468 395 2774 464 φθάσαντες
2825 394 3233 466 ἐκρατύναντοο
3293 396 3472 451 ἔπειτα
3514 401 3602 464 τὰς
3653 408 3757 459 κατ’
3854 450 3861 453 .

526 482 722 544 αὐτοὺς
750 478 887 534 εἶναι
919 485 1015 536 καὶ
1044 485 1361 537 διοικεῖσθαι
1422 484 1776 546 πιστεύοντας
1836 484 1914 553 τῷ
1958 483 2109 536 πολίι

526 589 715 641 σματι,
752 573 983 641 ἕρμαιον
1016 571 1158 627 εἶναι
1188 575 1419 638 τούτοις,
1445 577 1504 627 οὑ
1545 575 1853 644 θησαυροὺς
1884 575 1979 627 καὶ
2014 573 2113 642 μό-

525 681 614 716 νον
650 664 891 726 ἐκείνους
929 664 1022 716 καὶ
1050 664 1271 729 ἵππους,
1303 666 1438 718 ἀλλὰ
1465 667 1557 720 καὶ
1606 666 1809 734 πλῆθος
1872 663 2111 733 μάχιμον

524 753 764 805 εἰσελθὸν
792 756 885 806 καὶ
912 756 1107 823 μοῖραν
1134 755 1233 807 οὐκ
1260 755 1448 825 ὀλίγην
1475 757 1580 808 τῶν
1609 754 1848 809 Ἀλανῶν
1899 756 1996 807 καὶ
2027 771 2111 807 σι-

522 841 701 905 τῶνας
728 844 981 913 πλήρεις,
1009 844 1101 908 οὒς
1128 845 1219 897 ἐπὶ
1248 845 1435 914 χρόνον
1465 845 1802 916 ἀρκέσοντας
1858 843 2110 913 ὑπελάμ-

525 931 705 987 ϐανον.
772 935 957 988 Ταῦτα
1004 937 1206 1006 καὶτῷ
1263 937 1627 1009 Ἀτταλειώτῃ
1679 935 1922 1000 συνέδοξε
1983 934 2114 1004 περὶ

526 1018 707 1101 ἑαυτῷ
739 1025 804 1079 τὰ
848 1026 1085 1095 μάλιστα
1122 1027 1340 1086 δεδιότι.
1384 1029 1492 1082 Καὶ
1523 1029 1731 1091 πίστεις
1785 1026 2018 1089 διδόντες
2050 1042 2110 1077 τε

536 1119 631 1166 καὶ
656 1114 910 1177 λαϐόντες
940 1116 1191 1187 ἀλλήλοις
1217 1121 1309 1173 καὶ
1347 1121 1476 1190 παρ’
1502 1118 1743 1188 ἀλλήλων
1791 1119 1916 1180 τοὺς
1958 1118 2112 1180 ἐντὸς

525 1202 760 1268 Ἰταλοὺς
783 1207 906 1270 τοὺς
935 1209 1033 1276 μὲν
1068 1208 1228 1277 ἔργον
1255 1210 1529 1279 μαχαίρας
1562 1210 1808 1274 ποιοῦσι,
1863 1209 1990 1272 τοὺς
2052 1209 2111 1262 δὲ

525 1297 612 1346 καὶ
640 1296 896 1363 ἀσφαλῶς
922 1299 1327 1368 καθειργνῦσιν.
1365 1300 1624 1363 Ἑαυτοὺς
1671 1300 1728 1352 δὲ
1762 1302 1827 1355 τά
1876 1301 2112 1371 μάλιστα

527 1388 1002 1456 συγκροτήσαντες
1058 1391 1134 1452 ὡς
1178 1390 1540 1460 θανουμένους
1597 1386 1808 1455 πάντως
1860 1395 1908 1444 εἰ
1951 1393 2115 1446 καίευ·

525 1467 673 1544 φεῖεν
728 1481 810 1548 (οὐ
867 1482 975 1551 γὰρ
1008 1476 1073 1553 ἦν
1132 1483 1375 1546 ἐλπίζειν
1426 1482 1573 1546 ἄλλο,
1602 1484 1651 1536 εί
1681 1484 1786 1536 ὑπὸ
1817 1485 2003 1554 χεῖρας
2035 1484 2113 1553 τῷ

526 1568 744 1636 μεγάλῳ
771 1571 921 1622 δουκὶ
951 1571 1231 1639 γένοιντο),
1278 1573 1378 1635 τὰς
1412 1574 1585 1634 πύλας
1632 1575 1688 1628 ἐν
1741 1574 1979 1643 ἀσφαλεῖ
2026 1573 2114 1627 θέο

525 1678 676 1728 μενοι
704 1663 851 1733 δῆλοι
872 1660 1012 1734 ἦσαν
1044 1666 1501 1730 ἀποστατοῦντες.
1544 1667 1631 1731 Ὠς
1668 1669 1798 1737 γοῦν
1830 1670 2114 1722 ἀνάπυστα

2211 485 2337 555 ὅρος
2370 486 2674 555 ὑπονόμους
2709 486 2986 556 μακρόθεν
3042 486 3391 556 ύδραγωγοὺς
3437 490 3539 542 τῶν
3582 493 3759 559 ἔξωθεν

2212 570 2592 640 ἀνορυξάντων
2618 560 2759 625 ὥστε⁹
2787 573 3164 643 μετοχετεύειν
3197 578 3321 639 τοὺς
3356 575 3574 645 ῥύακας,
3631 583 3761 636 ἐκεῖ·

2213 678 2295 715 νοι
2325 663 2643 733 παμπληθει
2674 664 3106 735 στρατεύσαντες
3128 666 3412 721 διεκώλυον
3443 672 3533 723 καὶ
3559 670 3628 733 ὡς
3665 667 3764 725 οἷόν

2211 754 2258 806 τ’
2289 755 2472 817 αὐτοῖς
2512 756 2615 825 τὴν
2643 757 2940 826 ὀχετηγίαν
2979 757 3459 826 κατησφαλίζοντο.
3519 761 3637 814 Ἐπὶ
3671 764 3765 816 τῶν

2213 844 2438 915 πύργων
2454 846 2511 900 δὲ
2547 848 2851 918 πετροϐόλα
2885 850 2979 901 καὶ
3012 848 3192 902 ίοϐόλα
3222 850 3512 920 στήσαντες
3540 854 3765 924 μηχανή-

2215 946 2363 998 ματα
2411 930 2497 1002 [Ρ.
2530 932 2654 1005 505]
2713 936 2997 1005 καρτερῶς
3049 935 3330 1005 ἠμύναντο
3381 937 3475 990 καὶ
3517 939 3764 1010 ἀντεῖχον.

2212 1018 2376 1081 Τέλος
2423 1019 2492 1071 τά
2540 1026 2798 1091 χρήματα
2855 1024 3271 1094 ἀπαιτούμενοι,
3317 1028 3366 1080 οι
3426 1027 3481 1081 δὲ
3509 1027 3583 1098 μὴ
3611 1030 3768 1099 ὃτιγ’

2215 1108 2422 1163 ἐδίδουν
2449 1148 2464 1173 ,
2520 1112 2658 1165 ἀλλὰ
2713 1116 2805 1166 καὶ
2854 1116 3365 1187 προσελοιδοροῦντο
3436 1121 3528 1174 καὶ
3580 1124 3769 1192 πικρῶς

2210 1201 2521 1271 ἐχλεύαζον.
2551 1204 2650 1257 Δτὰ
2674 1205 2846 1257 ταῦτα
2877 1209 2973 1259 καὶ
3012 1209 3206 1278 χρόνος
3239 1210 3337 1279 μὲν
3393 1215 3456 1283 τῇ
3504 1211 3770 1284 πολιορκία

2210 1291 2471 1359 ἐτρίϐετο,
2507 1295 2806 1364 ἠμελοῦντο
2835 1297 2892 1350 δὲ
2926 1300 3117 1362 τᾶλλα,
3148 1302 3223 1359 ὡς
3264 1303 3384 1370 μηδ’
3436 1304 3502 1357 ἂν
3552 1299 3682 1374 ἦσαν
3723 1306 3769 1356 οῖ

2212 1385 2368 1452 χεῖρα
2404 1385 2552 1453 σφῶν
2584 1387 2966 1458 ύπερέξοντες.
3006 1393 3115 1444 Καὶ
3139 1393 3188 1445 οἱ
3230 1395 3435 1462 Πέρσαι
3465 1394 3619 1447 πάλιν
3643 1395 3771 1448 κατά

2212 1471 2399 1542 λόχους
2424 1478 2518 1527 κοιλ⁸
2548 1476 2820 1546 οὐλαμοὺς
2845 1481 3038 1550 ἀνέδην
3066 1484 3179 1546 τοῖς
3218 1484 3580 1553 ὲρημωθείσιν
3623 1485 3764 1556 ἐπῄε-

2213 1581 2334 1629 σαν,
2359 1566 2425 1636 ἦν
2447 1568 2499 1619 τί
2535 1584 2639 1622 που
2662 1570 2770 1621 τῶν
2794 1571 3271 1643 ὑπολελειμμένων
3314 1576 3545 1630 δναιντο.
3601 1577 3771 1638 Οὐδεὶς

2212 1652 2305 1710 οὖν
2332 1659 2387 1708 ἐν
2413 1657 2617 1726 χώραις
2649 1659 2991 1725 ὑπελείπετο,
3022 1663 3135 1716 ἀλλ’
3171 1665 3341 1734 ὀλίγοι
3398 1668 3495 1736 μὲν
3535 1669 3648 1730 ταῖς
3688 1667 3773 1720 πό-

520 1752 736 1818 γεγόνει
756 1732 1061 1817 τάκείνων,
1093 1758 1187 1810 καὶ
1215 1758 1315 1811 οὐκ
1341 1754 1410 1828 ἦν
1435 1759 1751 1829 καταπέψαι
1782 1760 1881 1829 τὴν
1911 1759 2111 1830 χλεύην
2145 1732 2185 1786 Β
2214 1750 2332 1802 λεσι
2367 1752 2726 1821 παρεδύοντο,
2759 1756 2852 1806 καὶ
2882 1750 3033 1810 οὗτοι
3061 1758 3126 1809 ἑκ
3173 1758 3269 1810 τοῦ
3316 1760 3684 1829 παρείκοντος,
3725 1759 3769 1811 oi

520 1844 649 1896 ὄντα
689 1844 891 1902 ’ἰταλὸν
948 1849 1040 1900 καὶ
1096 1849 1271 1912 οὕτως
1333 1852 1519 1922 ἀπηνῆ
1570 1853 1664 1904 καὶ
1714 1853 2110 1926 φρονηματίαν,

517 1938 687 1992 τᾶλλα
716 1941 941 2009 θέμενος
961 1943 1019 1994 ἒν
1050 1942 1309 2013 δευτέρῳ,
1342 1944 1680 2013 παραλαϐὼν
1709 1947 1807 2008 τὰς
1856 1946 2113 2016 δυνάμεις

520 2031 700 2083 ἐκεῖσε
725 2033 958 2099 γίνεται,
980 2033 1272 2102 -χρώμενος
1304 2035 1404 2102 μὲν
1441 2037 1533 2088 καὶ
1562 2037 1725 2088 παντὶ
1756 2037 1832 2107 τῷ
1864 2036 2114 2107 Ἰταλικῷ

522 2121 923 2192 συμμαχοῦντι,
951 2125 1052 2177 οὐκ
1083 2125 1263 2192 ὀλίγον
1285 2126 1342 2178 δὲ
1378 2126 1815 2198 συνεπαγόμενος
1842 2129 1937 2181 καὶ
1976 2127 2114 2181 Ῥω-

525 2214 846 2281 μαῖκὸν,ἔτι
874 2216 929 2268 δὲ
976 2216 1070 2270 καὶ
1120 2218 1375 2280 Ἀλανοὺς
1425 2220 1509 2273 ἐπὶ
1563 2220 1659 2289 τὴν
1705 2221 1884 2290 μάχην
1946 2239 2114 2292 προσ-

523 2303 864 2373 ϐιαζόμενος.
912 2307 1182 2376 Ἐκάστης
1232 2305 1327 2362 οὖν
1364 2311 1722 2379 προσϐάλλων
1780 2313 2110 2385 ἐπολιόρκει,

522 2398 892 2466 μηχανήματα
926 2399 1150 2466 ἐφιστὰς
1186 2402 1280 2454 καλ⁵
1313 2402 1586 2466 ἑλεπόλεις
1637 2406 2111 2474 προσετοιμάζων,

524 2485 622 2537 καὶ
652 2487 985 2555 πολλαχόθεν
1006 2490 1237 2558 θερμαῖς
1265 2508 1375 2545 τισι
1405 2493 1733 2563 προθυμίαις
1759 2494 2112 2567 (ὲξωτρύνετο

518 2578 629 2649 γὰρ
689 2581 783 2632 καὶ
860 2586 1150 2653 προφανῶς
1207 2583 1615 2655 λοιδορούμενος
1680 2586 1914 2658 ἔνδοθεν)
1968 2590 2111 2642 κατὰ

522 2670 811 2739 πρόσωπον
842 2674 1186 2743 ἀπεπειρᾶτο
1216 2672 1308 2727 τοῦ
1337 2675 1570 2744 τείχους.
1617 2677 1692 2729 Οὔ
1749 2679 1856 2747 μὴν
1918 2679 1976 2733 δὲ
2013 2681 2112 2733 καὶ

520 2763 570 2815 oi
627 2763 779 2826 me;
834 2765 1204 2838 κατημέλουν,
1254 2765 1392 2819 ἀλλᾶ
1455 2767 1671 2837 πρῶτον
1723 2770 1824 2837 μὲν
1883 2769 1983 2841 τὴν
2014 2770 2109 2824 τοῦ

522 2851 710 2916 ὓδατος
751 2855 949 2925 χρῆσιν
1003 2856 1310 2923 ἀναγκαίαν
1369 2856 1538 2911 οὖσαν
1609 2860 1829 2929 ὀχυροῖς
1883 2864 2109 2932 τειχίοις

524 2945 684 3014 μέχρι
726 2948 822 2999 καὶ
846 2948 903 3008 ἐς
939 2947 1008 2999 τὰ
1047 2948 1330 3018 Μάκαρος,
1374 2948 1517 3002 οὕτω
1546 2967 1661 3014 πως
1692 2951 1985 3023 λεγομένου
2014 2953 2109 3008 τοῦ

2220 1838 2436 1905 πλείους
2452 1842 2509 1894 δὲ
2549 1844 2856 1914 σοφώτερόν
2885 1863 2937 1897 τι
2962 1847 3243 1910 ποιοῦντες
3264 1850 3316 1902 οι
3347 1850 3445 1919 μὲν
3474 1852 3549 1912 είς
3574 1850 3769 1920 νήσους,

2217 1934 2264 1983 οἱ
2292 1932 2336 1985 δ’
2357 1935 2437 1996 είς
2464 1935 2816 2005 ἁντιπεραίαν
2838 1937 3060 2006 ὥρμων,
3095 1942 3191 1993 καὶ
3214 1940 3285 1994 τὰ
3310 1942 3490 1996 αὐτῶν
3521 1940 3770 2013 μακρόθεν

2218 2016 2423 2093 ἑώρων,
2458 2028 2860 2096 προσπελάζειν
2883 2031 2945 2083 ού
2985 2031 3298 2101 τολμῶντες
3351 2033 3458 2086 οὐδ’
3484 2037 3540 2097 ἐς
3592 2031 3770 2103 βραχύ.

2217 2118 2280 2170 Ol
2300 2117 2355 2169 δὲ
2380 2116 2685 2187 τολμῶντες
2714 2119 2802 2172 δια
2822 2121 2922 2180 τὴν
2948 2123 3196 2192 ἀνάγκην
3220 2127 3322 2194 τῆς
3354 2124 3584 2194 ἀπορίας
3632 2124 3772 2176 αὐτό-

2216 2205 2305 2258 θεν
2336 2205 2632 2275 πάσχοντες
2654 2209 2723 2261 τὰ
2752 2208 2900 2262 δεινά
2928 2210 3363 2281 κατεμάνθανον,
3421 2213 3514 2265 καὶ
3575 2226 3770 2281 προμη-

2218 2297 2331 2361 θεῖς
2361 2298 2455 2351 τοῦ
2486 2299 2585 2369 ζῇν
2609 2300 2826 2353 ἐποίουν
2864 2304 2990 2365 τοὺς
3022 2304 3214 2368 ἄλλους
3262 2304 3421 2358 αὐτοὶ
3469 2305 3769 2364 πίπτοντες⁶

2215 2391 2275 2444 ού
2305 2390 2415 2460 γὰρ
2439 2391 2515 2455 ὡς
2536 2392 2826 2461 πολεμίους
2863 2397 3003 2462 σφᾶς
3030 2397 3081 2448 οἱ
3106 2397 3341 2467 Πέρσαι,
3389 2396 3503 2451 ἀλλ’
3534 2397 3605 2459 ὼς
3645 2394 3770 2447 κλῶ-

2215 2497 2322 2543 πας
2375 2474 2451 2534 ὧν
2488 2484 2641 2536 αὐτοὶ
2691 2483 2780 2538 διά
2839 2488 3052 2557 σπάθης
3095 2490 3425 2559 ἐκτήσαντο,
3480 2487 3581 2542 ἀνά
3605 2490 3772 2559 χεῖρας

2214 2576 2480 2637 πεσόντας
2510 2578 2883 2648 ἐτιμωροῦντο
2909 2582 2998 2633 καὶ
3021 2582 3262 2651 ἀνηλεῶς
3295 2583 3580 2653 ἔσφαττον.

2213 2687 2315 2751 κζ’.
2355 2687 2493 2754 Περὶ
2518 2689 2625 2743 τοῦ
2665 2691 2948 2746 Ἰωάννου
2980 2693 3089 2747 τοῦ
3117 2695 3524 2761 Χοιροϐοσκοῦ
3556 2691 3657 2747 τοῦ
3684 2689 3772 2745 καί

2597 2762 3020 2821 Ματζουκὰτου
3049 2765 3412 2837 λεγομένου.

2285 2846 2373 2920 [Ρ.
2394 2847 2522 2920 506]
2557 2850 2647 2904 Ἐν
2680 2851 2854 2919 τούτῳ
2883 2854 2978 2904 καί
3005 2869 3087 2915 τις
3112 2853 3335 2916 νεανίας
3360 2854 3420 2908 τό
3446 2854 3593 2923 γένος
3626 2849 3770 2902 Βούλ-

2212 2955 2405 3009 γαρος,
2451 2939 2811 3011 Χοιροὸοσκὸς
2839 2942 3165 3013 τούπίπλην,
3228 2944 3345 2997 ἀπὸ
3377 2944 3470 2997 τοῦ
3512 2940 3770 3011 ἐπιτηδεύ-

520 3118 627 3173 mis
656 3119 925 3189 impactos
948 3098 1333 3193 Maguesiotis,
1368 3126 1834 3182 munimentorum
1870 3144 2104 3198 appara-
2131 3096 2175 3155 ο
2207 3118 2475 3174 "nive"Sin
2523 3118 2738 3189 imperii
2790 3120 2935 3178 Vires
2994 3121 3463 3193 impendebam‘"
3527 3121 3767 3178 Romanis

514 3215 792 3282 tuumque
835 3216 1178 3271 conscientia
1230 3234 1497 3282 suorum,
1543 3222 1897 3275 securissime
1973 3236 2106 3276 con-

519 3306 917 3362 temnentibus.
955 3309 1192 3365 Strenue
1236 3310 1381 3365 inter
1425 3312 1541 3367 haec
1576 3311 1739 3366 iidem
1792 3313 1858 3367 ad
1912 3328 2107 3368 omnes

518 3398 647 3452 talis
696 3403 962 3470 temporis
1009 3404 1371 3458 accurrebaut
1420 3420 1576 3461 usus.
1632 3406 1822 3475 Itaque
1853 3421 1980 3460 cum
2033 3421 2103 3462 ne

517 3505 659 3560 aqua
699 3493 1129 3549 excluderentur
1163 3496 1468 3564 periculum
1500 3512 1625 3552 esse
1670 3497 2103 3554 animadvertis-

516 3593 663 3648 sent,
699 3598 857 3637 muro
898 3584 1081 3640 valido
1123 3601 1378 3656 campum
1409 3589 1652 3657 amplexi
1685 3590 2102 3657 suburbanum,

517 3677 607 3730 ubi
643 3689 759 3732 erat
806 3680 929 3735 fons
974 3679 1135 3751 44],
1168 3683 1454 3750 perennis,
1494 3684 1771 3740 mmuibus
1819 3701 2105 3740 aunexuc-

517 3777 670 3833 runt,
722 3771 983 3838 perducta
1034 3774 1342 3827 munitione
1389 3790 1569 3843 usque
1605 3776 1672 3830 ad
1706 3776 2012 3843 Maearem;
2049 3780 2103 3833 id

514 3861 630 3915 iilie
660 3860 763 3914 loci
816 3877 1018 3915 nomen
1052 3870 1156 3916 est.
1203 3861 1346 3929 Quin
1385 3866 1552 3919 etiam
1585 3878 1870 3936 comperto
1910 3872 2101 3924 conari

520 3952 713 4005 hostes
743 3952 988 4006 incidere
1020 3953 1414 4011 subterraneos
1445 3956 1688 4021 canales,
1722 3959 1923 4027 quibus
1955 3976 2100 4030 aqua

515 4059 545 4097 e
594 4052 780 4099 monte
826 4048 1080 4114 proximo
1113 4047 1165 4099 in
1196 4046 1389 4102 urbem
1436 4048 1724 4111 influebat.
1766 4050 1896 4105 illuc
1930 4068 2098 4109 manu

514 4147 725 4193 armata
770 4150 1164 4198 succurrcutes
1196 4143 1349 4197 abire
1383 4144 1503 4202 illos
1550 4161 1609 4200 re
1659 4145 1860 4201 infecm
1894 4163 2096 4218 coege-

515 4239 679 4292 runt;
717 4238 780 4284 ac
812 4244 1078 4301 quantum
1115 4249 1216 4302 pro
1263 4236 1520 4303 praesenti
1552 4253 1653 4291 usu
1709 4239 1887 4301 licuit,
1937 4238 2097 4294 istam

513 4336 736 4389 quoque
793 4324 896 4377 sibi
958 4327 1312 4393 aquationem
1371 4337 1749 4383 assoruerunt.
1813 4329 2090 4387 Turribus

513 4419 779 4480 praeterea
807 4414 1056 4481 balistas,
1091 4418 1401 4486 catapultas
1457 4422 1807 4491 muralesth
1838 4423 1892 4478 id
1925 4440 2101 4493 genus
2131 4455 2177 4514 ο

515 4503 858 4570 imponentes
892 4506 1203 4573 machinas,
1240 4510 1432 4577 procul
1463 4513 1612 4566 saxis
1663 4513 1899 4582 telisque
1942 4515 2100 4584 jacu-

513 4593 691 4649 landis
716 4594 928 4650 hostem
954 4598 1182 4668 impigre
1213 4602 1641 4658 submovebant.
1668 4604 1885 4659 Teatati
1911 4615 2093 4662 autem

512 4698 607 4751 per
636 4684 937 4754 colloquia,
967 4688 1258 4744 submissis
1285 4705 1313 4742 a
1342 4706 1538 4761 magno
1572 4693 1713 4749 duce
1744 4695 1837 4757 qui
1867 4711 2096 4765 compo-

510 4774 731 4829 sitionis
765 4791 916 4846 Spem
955 4778 1241 4844 offerrent,
1264 4781 1308 4835 si
1335 4782 1624 4850 pecuniam
1658 4784 1763 4838 sibi
1794 4799 1950 4840 suam
1982 4787 2097 4840 vel-

509 4865 623 4920 leut
654 4868 903 4933 reddere,
939 4871 1077 4927 adeo
1113 4888 1171 4927 se
1206 4874 1418 4929 alienos
1445 4890 1476 4928 a
1514 4876 1695 4930 dando
1722 4876 1871 4947 quod
1902 4893 2094 4947 posce-

508 4958 671 5012 batur
699 4960 1171 5030 demoustraruut,
1208 4979 1261 5020 ut
1290 4968 1436 5023 ultro
1470 4971 1840 5025 contumelias
1876 4973 2098 5041 ingere-

510 5048 637 5100 rent
668 5040 987 5121 amarisque
1017 5054 1371 5114 irrisionihus
1404 5060 1533 5112 talia
1564 5072 1933 5129 proponentes
1962 5064 2101 5118 sub-

509 5149 834 5195 sauuareut.
873 5144 986 5198 Hoc
1032 5153 1223 5201 tenore
1273 5150 1605 5218 procedebat
1648 5152 1702 5204 in
1733 5152 1955 5222 longum
1980 5154 2093 5223 jam

508 5238 724 5298 tempus
743 5233 955 5291 obsidio
983 5243 1433 5313 oppugnatioque
1460 5244 1635 5298 irrita.
1658 5244 1883 5299 Interim
1911 5255 2093 5301 autem

509 5336 537 5373 a
575 5339 772 5393 magno
797 5329 933 5383 duce
963 5341 1165 5386 cuncta
1194 5350 1316 5403 quae
1345 5337 1411 5391 ad
1437 5336 1701 5390 Romana:
1743 5348 1934 5391 contra
1962 5338 2092 5391 baro

512 5417 678 5471 haros
706 5416 1083 5476 defensionem
1118 5423 1346 5479 ditionis
1389 5438 1546 5480 erant
1581 5428 1672 5482 tali
1719 5438 1963 5498 tempore
1994 5445 2091 5484 ne-

507 5510 748 5563 cessaria
774 5550 790 5575 ,
822 5510 1071 5570 funditus
1106 5516 1309 5585 ubique
1346 5520 1796 5590 negligehantur;
1832 5530 1887 5575 ct
1930 5522 2088 5591 quasi

508 5615 779 5671 nusquam
808 5615 992 5660 essent
1033 5607 1250 5663 barbari
1283 5619 1485 5663 contra
1509 5627 1649 5681 quos
1674 5614 1865 5667 utilius
1896 5625 2092 5669 aucto-

504 5699 752 5750 ratorum
792 5697 1108 5766 imperatori
1161 5700 1394 5758 militqu
1433 5719 1629 5760 manus
1650 5714 2083 5776 occuparentur,

2216 3212 2625 3279 oppugnandis.
2646 3202 2784 3268 Hinc
2807 3216 3044 3284 repressi
3075 3216 3360 3294 paululum
3386 3232 3590 3287 nupero
3612 3214 3768 3269 nostri

2214 3306 2492 3358 exercitus
2517 3320 2777 3361 successu
2811 3306 2991 3363 Persae
3017 3309 3199 3363 denuo
3219 3310 3339 3380 jam
3369 3313 3486 3366 sine
3511 3309 3617 3363 ullo
3640 3312 3769 3359 metu

2212 3395 2505 3463 prodi‘oaut
2536 3394 2934 3451 incursabundi
2979 3410 3033 3453 et
3078 3415 3176 3469 per
3205 3399 3485 3455 desolatas
3513 3416 3539 3453 a
3574 3414 3626 3453 se
3658 3404 3772 3450 ante

2209 3486 2468 3554 regiones
2508 3487 2854 3558 Spicilegium
2886 3491 3204 3560 rapinarum
3236 3492 3532 3549 faciebant.
3574 3491 3625 3548 Si
3652 3486 3768 3561 quid

2209 3592 2341 3646 ergo
2371 3594 2552 3631 rerum
2582 3590 2676 3634 aut
2710 3581 2988 3637 hominum
3038 3584 3320 3652 prioribus
3359 3586 3649 3641 latrociniis
3687 3598 3772 3666 su-

2212 3669 2518 3740 perfuerat,
2551 3684 2777 3742 raptum
2815 3677 3258 3747 mancipatumve
3292 3680 3666 3735 auferebatur.
3715 3674 3770 3731 Ει

2209 3764 2482 3833 augebant
2532 3766 2652 3820 suis
2680 3767 2892 3821 damnis
2927 3769 3087 3823 istam
3135 3770 3504 3828 barbarorum
3552 3770 3769 3842 pristiam

2209 3854 2454 3924 quidam,
2490 3872 2520 3910 e
2549 3858 2703 3919 tutis,
2734 3858 2785 3910 in
2816 3874 2939 3929 quae
2975 3861 3379 3939 confugerant,
3410 3864 3672 3935 praesidiis
3698 3861 3772 3913 in-

2210 3952 2533 4015 tempestiva
2570 3947 2765 4003 fiducia
2802 3962 3049 4018 repetere
3077 3969 3240 4022 agros
3266 3958 3496 4011 relictos
3526 3955 3663 4019 ausi;
3687 3951 3770 4023 qui

2210 4042 2323 4095 illic
2356 4043 2686 4112 deprehensi
2710 4046 3189 4114 opprimebantur.
3214 4048 3540 4121 Quanquam
3585 4058 3770 4119 paucos

2208 4150 2269 4188 ea
2308 4134 2674 4204 imprudentia
2713 4141 2983 4208 corripuit
3015 4159 3028 4193 :
3072 4157 3200 4195 nam
3226 4144 3592 4213 sapientiores
3624 4136 3772 4210 pleri-

2208 4242 2336 4296 que,
2357 4227 2520 4280 etiam
2556 4230 2861 4285 vicinarum
2887 4235 3100 4288 arcium
3135 4246 3231 4289 aut
3264 4238 3488 4292 urbiqu
3520 4250 3622 4291 ιιοιι
3648 4231 3770 4287 satis

2207 4321 2311 4376 sibi
2355 4332 2529 4379 tutum
2578 4326 2791 4397 asylum
2844 4326 2969 4393 rati,
3021 4328 3074 4382 in
3136 4329 3349 4384 insulas
3400 4339 3455 4385 et
3499 4327 3769 4382 adversam

2206 4414 2578 4469 continentem
2628 4416 3006 4486 profugerant,
3054 4418 3294 4487 indeque
3349 4434 3449 4475 sua
3484 4416 3669 4489 procul
3699 4414 3771 4467 in-

2205 4513 2419 4559 tuentes
2469 4522 2538 4563 ne
2587 4509 2653 4561 ad
2701 4517 3038 4564 momentum
3090 4512 3312 4581 quidem
3362 4512 3449 4568 his
3477 4527 3537 4567 se
3569 4520 3769 4564 rursum

2205 4595 2500 4652 admovere
2553 4599 2918 4654 sustinebant.
2971 4602 3557 4672 Commendaruntque
3616 4599 3769 4667 hujus

2205 4688 2553 4757 prudentiam
2582 4692 2795 4745 consilii
2826 4708 3017 4747 eorum
3048 4695 3372 4761 infortunia,
3402 4696 3497 4764 qui
3539 4699 3770 4764 egestate

2203 4782 2381 4851 pressi
2412 4797 2658 4851 peregre,
2684 4782 2846 4855 442
2879 4794 3126 4855 repetere
3158 4787 3323 4842 domo
3354 4788 3473 4843 ausi
3522 4785 3661 4839 unde
3699 4780 3767 4835 illi

2203 4872 2578 4939 mederentur,
2631 4878 2770 4929 mala
2824 4892 2924 4931 sua
2980 4880 3161 4948 priora
3221 4880 3382 4946 longe
3435 4875 3770 4950 gravioribus

2198 4965 2569 5033 Cumularunt,
2626 4968 2902 5022 hostiliter
2955 4973 3172 5025 tractati
3225 4987 3254 5025 a
3299 4972 3524 5038 Persis,
3561 4970 3650 5039 qui
3681 4979 3769 5021 805

2203 5069 2310 5108 non
2345 5064 2403 5109 ut
2437 5072 2536 5111 sua
2561 5062 2909 5128 requirentes
2946 5063 3201 5132 adigente
3231 5064 3413 5135 inopia
3437 5064 3768 5118 miseraban-

2198 5154 2310 5214 tur,
2362 5149 2455 5204 scd
2508 5151 2633 5220 jure
2686 5154 2996 5221 puniendos
3042 5157 3343 5211 censebant
3388 5167 3446 5209 ut
3501 5154 3765 5223 rapientes

2200 5240 2399 5308 aliena,
2429 5260 2552 5313 quae
2576 5246 2839 5302 nimirum
2878 5265 2976 5306 sua
3017 5252 3120 5320 ipsi
3157 5252 3296 5305 bello
3326 5259 3380 5306 et
3405 5251 3587 5321 gladio
3617 5249 3766 5301 fecis-

2200 5343 2343 5388 sent.
2377 5335 2558 5401 Quare
2591 5338 2737 5403 illos,
2774 5356 2881 5395 non
2913 5358 3075 5398 secus
3121 5360 3282 5414 quam
3316 5344 3681 5413 deprehensos
3714 5337 3762 5389 in

2195 5423 2344 5480 furto
2391 5426 2995 5498 ﬂagranti,iu‘imaniter
3044 5446 3356 5491 crueiautes
3406 5434 3760 5488 trucidabant.

2190 5542 2282 5598 27.
2316 5543 2393 5599 De
2431 5544 2642 5603 Joanne
2692 5549 3169 5622 Cltwrobosco.qui
3217 5563 3265 5605 et
3311 5543 3639 5606 Matzucat'us
3691 5549 3760 5596 est

2879 5622 3077 5676 dictus.

2263 5705 2367 5764 Per
2392 5708 2510 5766 haec
2545 5720 2793 5785 tempora
2827 5714 3047 5786 juvenis
3078 5715 3298 5786 quidam
3352 5727 3551 5783 genere
3574 5707 3757 5776 Bulga—
