4024 6416
326 269 434 334 485

1190 270 1289 332 DE
1331 272 1783 334 ANDRONICO
1810 273 2283 337 PALREOLOGO
2321 278 2471 342 LIB.
2511 273 2619 344 ζν.

3507 284 3614 348 436

325 407 491 460 ματος
534 387 689 459 οἶμαι
738 389 833 443 τοῦ
896 390 1090 457 πάλαι,
1132 391 1410 462 Ἰωάννης,
1457 393 1721 464 πολέμοις
1769 393 1908 447 τισὶν
1939 398 1984 455 Α
2018 397 2357 469 σφετέρωνῆ
2390 397 2628 461 εὐκλεῶς
2661 400 2848 451 πεσεῖν
2875 399 3233 466 ἀγαπῶντας.
3284 399 3394 453 Καὶ
3443 402 3615 465 οὕτως

322 481 673 551 ὲηιδιατρίψας
715 483 857 536 κατὰ
890 482 1125 546 Μυσίαν,
1179 484 1255 547 ὡς
1307 484 1638 556 ἰσχυρίζετο,
1692 485 1930 576 ἁκούων.

316 572 388 626 τὰ
439 575 558 626 κατ’
590 573 857 646 ἀνατολὴν
897 574 1173 646 δρώμενα,
1226 578 1319 631 καὶ
1363 576 1440 641 ὡς
1489 577 1842 642 ἀσυντάκτως
1861 581 1910 632 οἱ

317 664 527 734 Πέρσαι
580 665 888 735 χωροῦντες
930 669 1026 722 καὶ
1082 670 1227 724 κατὰ
1270 671 1462 741 λόχους
1517 672 1912 743 ὲρημωθείσας

316 757 416 818 τὰς
443 757 627 827 χώρας
657 759 886 829 μηδενὸς
930 762 1231 827 κωλύοντος
1293 766 1747 837 κατατρέχουσιν,
1783 767 1912 822 ἀνα-

317 849 586 917 λαμϐάνει
643 852 869 923 θάρρος,
927 856 1023 910 καὶ
1074 857 1157 919 εἰς
1222 858 1575 929 τριακοσίους
1621 859 1700 931 τῷ
1758 859 1912 930 ποσῷ

319 947 910 1015 προσεταιρισάμενος,
950 948 1275 1020 τοξοφόρους
1305 952 1401 1003 καὶ
1445 952 1756 1023 κορυνήτας
1783 954 1911 1017 τοὺς

321 1035 637 1099 πλείστους,
668 1037 732 1090 τὸ
775 1038 874 1108 μὲν
900 1040 1115 1109 πρῶτον
1146 1042 1283 1112 πρὸς
1305 1044 1370 1113 τῇ
1409 1042 1657 1116 θαλάσσῃ
1679 1047 1912 1115 γενόμε-

318 1145 410 1190 νος
435 1128 695 1198 ἠϐούλετο
723 1130 1192 1201 δισπεραιοῦσθαι,
1232 1135 1314 1187 ἔτι
1349 1137 1469 1188 κατ’
1506 1135 1771 1208 ἀνατολὴν
1813 1136 1911 1191 τοῦ

324 1218 590 1288 βασιλέως
619 1221 896 1290 διάγοντος
922 1225 1142 1295 Μιχαὴλ
1168 1241 1183 1257 ο
1217 1226 1342 1278 ἐπεὶ
1366 1225 1423 1279 δὲ
1445 1227 1728 1298 ἀνενεχθὲν
1754 1227 1848 1282 τοῦ
1860 1246 1913 1281 :o

323 1312 505 1365 ἔννοιά
533 1329 614 1376 τις
643 1314 907 1382 ἐμπίπτει
930 1319 1041 1379 τοῖς
1073 1316 1160 1369 ἐπ’
1189 1316 1461 1383 ἐξουσίαις
1502 1318 1790 1385 ἀκούσασι,
1838 1319 1912 1389 μὴ

323 1404 452 1467 λαὸς
479 1405 738 1476 ἀγροῖκός
762 1423 821 1459 τε
849 1406 943 1460 καὶ
970 1408 1244 1479 ἀπόλεμος
1267 1409 1677 1480 παραπόληται,
1703 1411 1797 1463 καὶ
1825 1409 1913 1463 διὰ

323 1496 502 1551 ταῦτα
533 1498 889 1567 κατασχεθεὶς
924 1501 1129 1563 ἐκεῖνος
1157 1501 1373 1572 φυλακῇ
1427 1501 1653 1565 δίδοται,
1681 1503 1777 1556 καὶ
1810 1503 1929 1573 μῆω

326 1606 423 1654 νας
474 1589 631 1643 ἐννέα
674 1594 742 1662 τῇ
807 1592 1080 1659 ἐγκλείσει
1125 1596 1692 1665 προσταλαιπωρήσας
1739 1596 1913 1649 ἔπειτ’

320 1678 535 1732 ἐκεῖθεν
569 1668 811 1753 ἀποδρὰς
849 1685 916 1754 τῇ
980 1683 1246 1755 ἐκκλησίᾳ
1276 1684 1634 1755 προσφεύγει,
1667 1685 1915 1739 ἐντεῦθεν

319 1768 479 1835 αὖθις
514 1775 914 1846 ὲνευκαιρὴσας
937 1774 1044 1828 τῶν
1077 1777 1361 1848 προτέρων
1390 1777 1617 1831 ἐκείνων
1644 1776 1912 1832 ’διανοιῶν
1947 1753 1988 1808 Β

319 1863 555 1930 γίνεται,
584 1867 679 1918 καὶ
726 1867 824 1936 τῆς
898 1868 1194 1938 ἐκκλησίας
1243 1869 1483 1940 κρύϐδην
1544 1872 1914 1941 ἀποχωρήσας

323 1955 600 2024 ξύγκλυδα
633 1956 760 2011 λαὸν
785 1960 850 2012 ὲκ
876 1958 970 2013 τοῦ
1022 1961 1341 2031 παραυτίκα
1399 1961 1760 2033 συναθροίζει,
1820 1964 1913 2017 καὶ⁵

322 2048 423 2114 τὴν
451 2046 712 2117 ταχίστην
744 2046 959 2118 σύναμα
992 2050 1176 2119 σφίσιν
1201 2051 1577 2124 ὁνεπινοήτως
1630 2052 1916 2123 διαπεραιο

318 2135 498 2193 οὖται.
529 2138 665 2192 Θὺδὲ
692 2139 801 2210 γὰρ
824 2135 893 2211 ἦν
932 2142 1161 2212 ἠρεμεῖν
1203 2143 1490 2208 κάκείνους
1538 2146 1914 2214 κακουμένους

319 2226 423 2298 ήδη
454 2228 532 2300 τῷ
562 2228 761 2302 χρόνῳ,
792 2232 887 2285 καὶ
918 2231 1066 2286 δυοῖν
1122 2233 1368 2306 θάτερον,
1424 2233 1457 2305 ἢ
1518 2235 1617 2306 ζῇν
1660 2237 1753 2289 ἐπὶ
1801 2235 1912 2289 τῶν

320 2427 443 2479 rus,
499 2421 864 2483 cognomento
923 2413 1353 2483 Choeroboscus,
1393 2433 1422 2470 a
1470 2416 1661 2487 priori,
1686 2417 1912 2488 Opinor,

321 2503 669 2574 professione
696 2507 941 2575 pastoris
984 2523 1300 2577 porcorum,
1367 2509 1614 2565 Joannes
1663 2511 1909 2578 nomine,

322 2597 487 2653 bellis
551 2598 884 2666 quibusdam
916 2601 1077 2670 apud
1126 2600 1380 2672 Mysiam,
1423 2612 1481 2657 ut
1534 2602 1757 2673 quidem
1792 2603 1914 2673 ipse

323 2689 658 2757 afﬁrmabat,
717 2693 1078 2757 exercitatus,
1141 2693 1374 2747 audiens
1419 2707 1542 2762 qua:
1600 2694 1653 2748 in
1690 2694 1915 2750 Oriente

324 2793 672 2852 gererentur,
700 2795 756 2839 ut
790 2801 988 2856 nempe
1016 2787 1214 2843 solutis
1256 2787 1548 2843 ordinibus
1573 2788 1752 2843 Persae
1784 2803 1915 2859 pas-

324 2877 433 2931 sim
469 2889 734 2948 vagantes
789 2893 886 2947 per
941 2880 1274 2950 manipulos,
1336 2889 1517 2934 tamen
1578 2880 1913 2949 prohibente

324 2969 574 3033 nemine,
615 2972 872 3040 regiones
933 2973 1045 3025 illic
1086 2974 1464 3036 incursarent,
1519 2982 1784 3043 conrepta
1836 2973 1912 3026 rei

2017 490 2244 560 στρατὸς
2271 489 2391 553 ὅλος
2423 489 2713 559 γενόμενος
2751 488 2856 541 ὑπὸ
2884 489 2959 559 τῷ
2988 490 3341 560 Χοιροδοσκῷ
3376 509 3613 562 στρατη-

2015 581 2199 650 γοῦντι
2229 582 2421 652 πεῖράν
2452 599 2572 634 τινα
2600 580 2867 651 ἁρπάζειν
2898 581 3006 633 τῦν
3041 580 3251 650 ἐχθρῶν
3281 582 3609 650 ἐπειρῶντο.

2013 674 2126 727 Καὶ
2152 672 2221 727 τὰ
2257 675 2355 740 μὲν
2381 672 2574 743 πρῶτα
2603 672 2804 739 ὀλίγοις
2835 674 3076 726 πλεῖστοι
3108 673 3595 742 παρεμπίπτοντες

2005 764 2410 836 .ὴνδραγάθουν.
2441 759 2553 817 Ἶιν
2586 764 2642 817 δὲ
2675 764 2780 834 ἄρα
2812 764 3065 833 εἰρωνεία
3113 763 3286 835 τύχης
3343 765 3493 835 σφίσι
3543 764 3617 816 τὰ

2013 859 2292 931 δρώμενα,
2332 860 2424 913 καὶ
2449 859 2685 927 ἐπεγέλα
2712 857 2920 920 τούτοις
2944 859 3002 911 τὸ
3050 858 3341 928 μόρσιμον,
3402 856 3464 910 τὸ
3517 854 3611 910 τοῦ

2015 948 2356 1018 κολυμϐητοῦ
2376 950 2698 1015 πάσχοντες,
2717 943 2759 1016 ᾧ
2780 948 2913 1016 δῆτα
2941 951 2970 1003 ὁ
3004 949 3189 1011 νόστος
3223 949 3324 1002 οὐκ
3383 947 3496 1018 ἔχει
3542 951 3611 1002 τὰ

2014 1043 2112 1112 τῆς
2136 1043 2409 1113 σωτηρίας
2433 1042 2692 1112 ἐχέγγυα.
2754 1040 2842 1104 Ὠς
2882 1042 2991 1111 γὰρ
3050 1041 3359 1110 Κεγχρεαῖς
3408 1040 3611 1121 πλῆθος

2018 1132 2244 1203 Περσῶν
2271 1134 2610 1203 περιίστατο,
2640 1131 2735 1186 καὶ
2763 1132 2811 1185 oi
2837 1133 3014 1185 ὲκείσε
3040 1131 3225 1185 πολλοί
3279 1150 3421 1195 τινες
3457 1132 3613 1195 ὄντες

2016 1227 2081 1278 ἐκ
2130 1224 2239 1279 τῶν
2279 1225 2420 1278 κατὰ
2473 1224 2826 1292 Σκάμανδρον
2883 1221 3077 1292 χωρῶν
3126 1220 3213 1275 διὰ
3236 1221 3337 1292 τὴν
3365 1204 3617 1292 ἀνάγκην

2017 1316 2464 1387 παραϐυσθέντες
2494 1318 2552 1370 ὲν
2588 1316 2853 1376 κινδύνοις
2878 1311 3020 1385 ἦσαν
3054 1316 3148 1369 καὶ
3193 1314 3443 1384 βοηθείας
3494 1316 3613 1367 ἑτέ-

2019 1411 2191 1479 ρωθεν
2220 1408 2471 1479 ἔχρῃζον,
2507 1408 2624 1480 ἅμα
2653 1407 2731 1477 τῷ
2772 1410 2966 1477 μαθεῖν
3008 1409 3104 1463 καλ⁸
3135 1408 3291 1463 αὐτοὶ.
3346 1408 3610 1471 συνταξά-

2021 1519 2170 1572 μενοι
2200 1502 2316 1555 ἐκεῖ
2353 1501 2619 1569 γίνονται.
2678 1500 2791 1554 Καὶ
2843 1500 3123 1563 ἀνωῖστως
3188 1501 3609 1564 ἐπεισπεσόντες

2018 1599 2082 1650 ὲκ
2114 1595 2585 1667 τοῦπαραχρῆμα
2618 1595 2800 1660 ἔδοξάν
2828 1612 2972 1658 τινες
2991 1591 3155 1659 εἶναι,
3183 1597 3277 1649 καὶ
3305 1595 3608 1666 ὑπερέσχον

2017 1686 2338 1758 τραπέντων
2357 1686 2465 1738 τῶν
2497 1685 2793 1754 πολεμίων.
2835 1686 2944 1739 Καὶ
2993 1686 3116 1739 τότε
3174 1686 3275 1754 μὲν
3335 1687 3410 1749 ὡς
3460 1685 3606 1747 εἰκὸς

2015 1777 2307 1848 ἀνακωχὰς
2348 1778 2458 1840 τοῖς
2494 1776 2581 1848 [Ρ.
2618 1775 2747 1848 507]
2808 1776 3293 1846 πολιορκουμένοις
3349 1777 3552 1830 ἐδίδουν
3587 1794 3602 1811 ο

2016 1871 2242 1941 ὕστερον
2268 1869 2325 1924 δὲ
2352 1869 2706 1939 συναχθέντες
2733 1869 2953 1933 πλείους
2983 1870 3031 1922 οἱ
3064 1870 3270 1938 Πέρσαι
3306 1869 3424 1932 ἐνὸς
3460 1871 3604 1922 κατὰ

2016 1961 2217 2016 τούτων
2243 1961 2559 2031 ὁρμήματος
2590 1960 2850 2028 γίνονται,
2879 1962 2972 2015 καὶ
3002 1962 3187 2023 ἱππεῖς
3239 1948 3424 2024 πεζοῖς
3480 1959 3605 2029 μεθ’

2016 2054 2192 2124 ὁρμῆς
2245 2053 2481 2122 σφοδρᾶς
2540 2052 2907 2121 ἐμπίπτοντες
2961 2054 3105 2106 κατὰ
3134 2054 3330 2123 κράτος
3387 2052 3602 2117 νικῶσι,

2016 2147 2222 2202 καὶτὸν
2242 2145 2607 2215 Χοιροϐοσκὸν
2636 2146 2988 2216 περισχόντες
3010 2148 3300 2207 κτείνουσι,
3333 2145 3472 2215 πλὴν
3502 2144 3603 2213 οὐχ

2016 2241 2132 2313 ἅμα
2162 2238 2240 2311 τῷ
2274 2241 2580 2311 περισχεῖν,
2610 2239 2725 2293 ἀλλ’
2766 2239 2891 2293 ἐπεὶ
2925 2245 3051 2311 περὶ
3085 2239 3184 2308 τῆς
3212 2237 3406 2293 ἑαυτοῦ
3437 2239 3604 2311 τιμῆς

2018 2419 2286 2477 inclusam
2341 2417 2646 2474 Cenchreis
2693 2418 3104 2473 Inultitudinem
3171 2417 3347 2488 plebis
3398 2418 3603 2488 inopis,

2016 2530 2142 2585 qua:
2197 2511 2655 2584 populationibus
2699 2510 2944 2565 hostium
2981 2525 3013 2565 e
3070 2510 3398 2580 regionibus
3457 2511 3604 2567 circa

2019 2605 2427 2661 Scamandrum
2473 2611 2669 2658 coacta
2720 2616 2787 2657 eo
2829 2602 3018 2672 fugere
3072 2612 3320 2656 extremo
3379 2611 3495 2657 tum
3547 2604 3604 2658 in

2018 2695 2342 2753 discrimine
2375 2682 2625 2750 exterius
2658 2694 2812 2747 illato
2848 2694 3047 2764 egebat
3078 2693 3312 2748 auxilio.
3339 2694 3396 2749 Id
3437 2695 3603 2751 simul

2017 2788 2393 2844 Choerobosco
2419 2788 2689 2842 cumanis
2712 2791 3132 2857 estcognitnm,
3161 2788 3294 2843 illuc
3318 2787 3600 2853 advolant,

2019 2891 2075 2937 et
2125 2880 2430 2949 improviso
2469 2880 2749 2933 irruentes
2794 2879 2894 2932 viri
2953 2894 3078 2933 esse
3115 2879 3215 2935 visi
3275 2887 3430 2941 sunt.
3462 2878 3603 2934 fusis

2021 2973 2200 3044 primo
2237 2971 2465 3028 incursu
2511 2979 2567 3025 ct
2594 2969 2799 3040 fugatis
2856 2971 3111 3025 hosﬁbns
3136 2986 3151 3033 ;
3180 2972 3329 3026 unde
3368 2968 3603 3038 contigit

324 3065 466 3118 bene
491 3065 744 3135 gerenda:
786 3065 984 3119 fiducia
1011 3072 1289 3121 trecentos
1329 3066 1435 3120 sibi
1462 3065 1659 3130 sociat,
1680 3080 1913 3136 quorum
1943 3090 1988 3153 C
2026 3066 2298 3136 respirare
2352 3063 2634 3133 paulisper
2685 3063 2971 3118 obsessos.
2999 3060 3205 3117 Verum
3260 3064 3426 3135 paulo
3477 3078 3603 3136 post

321 3167 483 3212 erant
512 3158 738 3228 quidam
763 3157 960 3212 armati
996 3158 1258 3224 arcubus,
1302 3158 1553 3229 plerique
1589 3160 1779 3213 clavas
1813 3173 1911 3227 ge-

323 3250 572 3304 stabant.
616 3248 752 3303 Cum
790 3248 874 3302 bis
914 3248 1055 3303 mari
1104 3265 1164 3305 se
1217 3250 1518 3307 admovens
1548 3250 1914 3305 transfretare

326 3346 382 3398 in
410 3343 598 3399 Asiam
631 3351 961 3408 tentaverat,
1007 3357 1118 3412 quo
1150 3353 1398 3413 tempore
1435 3343 1547 3397 illic
1580 3350 1699 3397 erat
1723 3341 1915 3410 junior

321 3438 610 3506 Angustus
642 3434 895 3490 Michael.
927 3433 1035 3490 Sed
1064 3434 1170 3489 hoc
1193 3435 1315 3504 ejus
1336 3433 1569 3489 consilio
1599 3432 1910 3503 divulgato,

320 3526 418 3596 qui
450 3527 568 3580 loca
603 3524 690 3579 illa
721 3539 845 3578 cum
879 3533 1151 3593 potestate
1197 3524 1497 3591 tenebant,
1531 3524 1814 3578 audientes
1842 3525 1912 3575 ti-

324 3626 588 3672 muerunt
607 3633 676 3671 ne
708 3617 861 3686 plebs
882 3617 1140 3683 agrestis,
1175 3615 1383 3671 militiae
1404 3616 1582 3679 rudis,
1615 3619 1669 3670 in
1695 3624 1910 3669 certum

320 3711 555 3765 exitium
593 3718 801 3764 temere
831 3716 1039 3764 rueret.
1061 3707 1432 3774 Quamobrem
1471 3706 1911 3777 comprehensus

322 3804 415 3858 ille
450 3801 719 3859 custodia:
749 3801 1005 3857 traditur.
1052 3800 1158 3854 Sed
1195 3814 1413 3856 menses
1446 3814 1644 3854 novem
1683 3813 1907 3853 carcere

320 3895 695 3959 conﬂictatus,
727 3893 856 3949 inde
881 3903 1070 3957 postea
1108 3894 1335 3962 elapsus
1370 3891 1435 3945 ad
1461 3891 1754 3946 ecclesiam
1779 3904 1910 3944 con-

320 3988 505 4057 fugit;
537 3987 630 4042 ubi
665 3986 1042 4041 remissiorem
1072 3995 1270 4040 nactus
1298 3984 1592 4040 stationem
1624 3983 1908 4053 prioribus

322 4082 432 4137 illis
468 4079 900 4149 cogitationibus
935 4095 997 4135 se
1019 4077 1238 4143 reddit;
1282 4088 1338 4132 et
1367 4077 1512 4133 clam
1543 4075 1777 4131 ecclesia
1822 4091 1908 4130 re-

317 4176 525 4230 cedens
552 4173 772 4227 mistam
814 4171 991 4241 plebis
1022 4172 1187 4226 domo
1225 4169 1473 4242 profugae
1524 4177 1671 4224 metu
1713 4170 1907 4225 Persa-

317 4282 441 4322 rum
486 4265 894 4321 multitudinem
942 4264 1169 4334 colligit,
1207 4278 1445 4334 cumque
1492 4264 1580 4317 bis
1609 4262 1902 4318 confestim

308 4342 372 4416 et
410 4359 577 4432 $53
611 4347 1094 4430 inopinato'mare
1145 4357 1377 4427 trajicit.
1441 4354 1723 4425 Urgebant
1752 4357 1901 4412 enim

2020 3158 2334 3227 congregati
2362 3157 2570 3226 majore
2602 3170 2833 3210 numero
2867 3154 3048 3210 Persae
3075 3170 3187 3210 uno
3207 3156 3372 3211 simul
3404 3172 3601 3215 omnes

2021 3252 2229 3322 impetu
2264 3249 2768 3307 Climroboscianos
2823 3249 3176 3315 adoriuntur,
3234 3257 3291 3302 et
3333 3249 3601 3307 immissis
3662 3319 3668 3324 ν

2019 3343 2069 3400 vi
2105 3358 2322 3399 summa
2373 3342 2659 3411 equitibus
2696 3342 2749 3394 in
2784 3340 2999 3409 pedites
3032 3339 3182 3409 ipsos
3219 3341 3603 3397 internecione

2017 3437 2225 3499 delent,
2252 3436 2818 3502 circumventumque
2863 3433 3110 3500 undique
3159 3431 3597 3487 Climroboscum

2016 3528 2305 3592 occidunt,
2368 3541 2478 3579 non
2531 3532 2719 3578 tamen
2763 3523 2949 3578 statim
3023 3537 3087 3576 ac
3137 3530 3428 3592 ceperunt.
3482 3522 3600 3578 Alio

2018 3618 2261 3688 quandiu
2312 3617 2461 3673 enim
2514 3614 2763 3669 habitum
2817 3612 2874 3666 in
2916 3612 3160 3668 vinculis
3221 3615 3600 3683 permiserunt

2016 3727 2178 3766 orare
2207 3712 2489 3774 obsessos,
2524 3716 2586 3763 ut
2624 3708 2829 3778 lytrum
2864 3722 2963 3778 pro
2994 3721 3055 3762 se
3099 3707 3402 3771 solverent,
3442 3713 3599 3760 taxa-

2016 3814 2130 3859 tnm
2165 3820 2194 3857 a
2244 3801 2425 3857 Persis
2473 3815 2689 3856 summa
2725 3813 3078 3853 nummorum
3138 3798 3596 3868 quingentorum.

2013 3896 2094 3950 Ad
2119 3910 2180 3950 ea
2207 3892 2693 3951 Cenchreensibus
2722 3906 2829 3946 non
2854 3898 3109 3958 prompte
3143 3889 3594 3955 occurrentibus,

2013 3998 2070 4044 et
2108 3986 2388 4058 negligere
2414 3985 2765 4040 occasionem
2795 3982 2929 4038 visis
2965 3980 3292 4035 redimenda:
3329 3989 3407 4035 tot
3437 3997 3597 4034 num-

2022 4081 2128 4136 mis
2168 4080 2336 4134 unius
2396 4078 2617 4140 animm,
2654 4076 2795 4145 ipse,
2843 4072 2968 4143 cuja
3020 4072 3259 4128 maxime
3306 4072 3595 4138 intererat,

2023 4174 2094 4228 ad
2143 4188 2238 4227 eos
2267 4169 2678 4226 Ct.oeroboscus
2737 4166 3044 4221 succedens
3071 4163 3177 4219 sub
3209 4180 3449 4228 murum,
3487 4165 3596 4219 lin-

1974 4288 1977 4289 ν
2009 4279 2113 4333 gua
2140 4261 2445 4333 Bulgarica,
2471 4257 2809 4330 444ουὶ118
2838 4272 3040 4327 gnaros
3063 4273 3189 4313 esse
3213 4258 3367 4325 intus,
3385 4258 3596 4313 sciebat

2011 4358 2217 4428 aliquot
2258 4354 2482 4425 (Graeca:
2516 4368 2677 4408 usum
2705 4352 2772 4406 de
2830 4350 3099 4406 industria
3137 4352 3347 4418 vitavit,
3395 4353 3591 4407 nolens

314 4454 516 4523 inopes
539 4451 632 4507 isti
661 4451 1037 4506 necessarium
1071 4449 1176 4505 sibi
1227 4449 1280 4503 in
1310 4464 1474 4518 agros
1511 4450 1723 4519 patrios
1750 4448 1902 4503 redi-
1937 4443 1984 4497 D
2018 4450 2244 4519 intelligi
2282 4463 2313 4502 a
2360 4446 2549 4501 multis
2582 4445 2673 4516 qui
2706 4459 2769 4501 se
2805 4443 3272 4508 circumstabant,
3309 4443 3472 4512 hujus
3500 4459 3593 4512 pe-

319 4553 436 4598 tum
473 4549 699 4611 prepter
728 4525 1012 4610 penurﬁun
1055 4554 1241 4595 rerum
1277 4540 1547 4605 omnium,
1592 4555 1700 4610 qua
1739 4539 1904 4607 longo

311 4634 428 4705 jam
464 4643 708 4701 tempore
749 4633 1162 4701 premebantur.
1196 4628 1382 4696 Quare
1406 4631 1550 4701 apud
1595 4646 1657 4686 se
1706 4630 1902 4684 decre-

320 4715 520 4782 verant
578 4725 813 4780 alterum
867 4725 1127 4788 duorum,
1186 4732 1280 4776 aut
1327 4723 1444 4778 suis
1520 4723 1574 4777 in
1645 4722 1902 4777 domibus

315 4821 505 4875 vivere
528 4827 627 4871 aut
660 4816 864 4873 decore
896 4816 1223 4872 occumbere
1260 4814 1577 4887 pugnando.
1616 4813 1709 4868 Sic
1753 4829 1905 4882 quai-

317 4912 445 4966 dam
503 4910 722 4981 species
749 4909 1030 4965 exercitus
1058 4906 1442 4965 Choerobosco
1502 4906 1736 4960 ductore
1784 4903 1899 4960 for-

306 5016 463 5060 mata
494 5013 600 5060 est.
636 5002 1086 5073 Quarebautque
1143 5001 1300 5056 avide
1333 5001 1682 5056 occasionem
1737 5012 1902 5068 expe-

315 5098 499 5153 riendi
540 5094 806 5152 conﬂictu
871 5108 999 5149 cum
1056 5094 1215 5148 hoste
1268 5091 1547 5148 fortunam
1598 5089 1752 5145 belli.
1818 5088 1899 5144 Ac

317 5188 596 5259 principio
635 5186 858 5256 quidem
904 5186 1094 5255 plures
1128 5184 1182 5239 in
1209 5198 1418 5255 paucos
1453 5184 1730 5237 irruentes
1762 5184 1899 5236 bene

315 5294 432 5335 rem
468 5284 781 5350 gesserunt.
815 5276 922 5331 Sed
951 5291 1132 5331 saevus
1164 5274 1254 5328 hic
1284 5281 1405 5328 erat
1435 5271 1671 5326 fortuna!
1708 5270 1896 5334 ludus,

317 5370 581 5427 laetantis
621 5371 775 5442 ipsos
827 5376 887 5423 ut
916 5368 971 5423 in
1024 5368 1192 5445 fatale
1225 5367 1576 5436 pertraheret
1639 5363 1896 5426 exitium,

316 5477 518 5534 passos
544 5461 689 5517 idem
720 5459 870 5531 quod
906 5460 1225 5515 urinatores
1251 5459 1455 5523 solent,
1485 5456 1691 5527 quibus
1722 5470 1897 5510 emer.

319 5557 463 5611 sisse
503 5554 672 5610 semel
736 5561 791 5608 et
831 5553 1029 5608 iterum
1083 5567 1115 5606 e
1156 5552 1373 5622 gurgite
1406 5550 1537 5604 facit
1583 5547 1795 5602 aiiimos
1828 5547 1894 5601 ad

317 5649 538 5703 tertiam
576 5643 917 5710 tentandam,
970 5644 1027 5699 in
1071 5659 1177 5714 qua
1242 5642 1462 5699 demum
1499 5649 1746 5712 pereant,
1797 5639 1894 5693 im»

316 5742 676 5799 mersionem.
713 5740 1018 5798 Obsidebat
1058 5740 1252 5811 ingens
1300 5754 1565 5795 numcrus
1597 5735 1890 5793 Persarum

2016 4544 2163 4608 ritis,
2189 4556 2309 4613 qua:
2348 4539 2592 4604 dicebat)
2629 4538 2739 4591 alte
2781 4537 3162 4607 pronuntiavit
3217 4551 3281 4591 ea
3332 4552 3453 4602 quae
3491 4552 3592 4607 ptio

2016 4635 2167 4690 tabat
2228 4632 2459 4687 valitura
2511 4627 2852 4691 ,inducendis
2917 4628 2984 4682 iis
3023 4628 3089 4682 ad
3149 4634 3426 4711 sumptum
3490 4643 3590 4682 sua

2013 4739 2182 4781 causa
2214 4721 2555 4779 faciendum.
2593 4718 2656 4774 ln‘
2704 4717 2792 4773 his
2826 4717 3156 4787 praecipuam
3197 4715 3433 4770 habebat
3457 4717 3588 4778 vim,

2011 4820 2162 4891 quod
2195 4817 2566 4888 pollicebatur
2617 4827 2698 4878 se,
2758 4811 2946 4866 statim
2994 4823 3060 4861 ac
3106 4807 3249 4861 foret
3306 4798 3590 4873 liberatus;

2014 4910 2230 4979 insigne
2262 4904 2483 4975 aliquod
2521 4903 2735 4957 facinus
2764 4901 2819 4954 in
2852 4899 3115 4954 damnum
3154 4896 3448 4952 Persarum
3471 4898 3591 4951 edi-

2013 5013 2220 5057 turum.
2261 4999 2426 5055 Erant
2454 5013 2485 5053 c
2510 4993 2833 5051 custodibus
2856 4990 3295 5045 Cbuaroboscum
3332 4989 3435 5043 sub
3462 5004 3590 5043 mn-

2011 5105 2105 5150 ros
2175 5087 2610 5163 producentibus
2665 5083 2887 5154 quidam
2948 5096 3055 5135 non
3116 5095 3346 5147 prorsus
3408 5079 3587 5150 ignari

2011 5191 2211 5257 linguae
2242 5180 2562 5251 Bulgaricze.
2591 5175 2652 5230 lli
2676 5175 3005 5229 nuntiarunt
3034 5171 3218 5226 Persis
3249 5169 3382 5241 quid
3412 5172 3598 5240 capti-'

2011 5297 2132 5345 vus,
2165 5278 2326 5343 cujus
2361 5269 2674 5328 liberationi
2699 5266 2932 5338 pretium
2965 5265 3396 5328 constituerant,
3420 5281 3588 5335 spon-

2008 5371 2186 5424 deret.
2221 5363 2342 5430 Quo
2382 5362 2458 5416 illi
2494 5361 2713 5431 cognito
2762 5356 2905 5411 haud
2958 5357 3094 5410 tanti
3123 5366 3381 5426 putarunt
3421 5357 3585 5425 quin-

2009 5472 2202 5534 gentos
2229 5471 2504 5518 nummos,
2539 5466 2594 5507 ut
2632 5469 2737 5507 non
2769 5451 2991 5505 mallent
3017 5450 3138 5503 illos
3161 5449 3388 5519 perdere
3416 5462 3582 5518 quant

2011 5558 2226 5610 hostem
2281 5548 2487 5604 Persici
2555 5545 2797 5600 nominis
2842 5543 3247 5621 implacabilem
3303 5540 3585 5594 dimittere

2010 5648 2266 5704 liberum.
2308 5641 2618 5712 praesertim
2652 5654 2776 5692 cum
2803 5638 2870 5690 ab
2896 5651 2960 5690 eo
2988 5632 3161 5688 semel
3193 5639 3408 5686 tantum
3439 5631 3583 5685 victo

2019 5738 2220 5810 sa-pius
2275 5736 2379 5807 ipsi
2427 5733 2669 5806 superati
2730 5726 3008 5785 metuendi
3067 5739 3268 5781 causas
3295 5723 3581 5781 haberent.
