4024 6420
309 334 420 402 489

1248 341 1346 402 DE
1383 337 1820 405 ANDRONICO
1859 331 2329 400 PALI‘EOLOGO
2369 338 2513 398 UB.
2553 333 2628 400 ν.

3474 5 3877 28 ...Ι-Ην,

3472 323 3578 388 4'30

311 458 433 512 νέον
468 455 693 525 βασιλέα
744 456 1192 529 προσκαθήμενον
1244 462 1310 530 τῇ
1359 457 1528 529 Βιζύῃ
1561 475 1574 488 ·
1629 457 1744 512 ἀλλ’
1798 457 1898 509 οὐκ
1924 462 1974 518 Α
2003 451 2236 515 Τούτους
2267 452 2398 521 γοῦν
2431 451 2646 506 ἱκανοῦν
2687 451 2750 503 ἐκ
2779 445 2886 503 τῶν
2918 445 3154 502 δυνατῶν
3201 441 3584 514 προθυμούμε-

311 549 532 601 ὲδόκουν
555 550 852 618 αὐτὰργεις
876 548 1008 619 πρὸς
1037 549 1420 618 ἅνταγὼνισιν.
1459 550 1648 616 Ὅμως
1700 545 1894 616 φανέν-

309 656 421 694 των
458 641 785 712 Βουλγάρων
804 643 932 712 περὶ
949 640 1251 706 Σωζόπολιν
1279 643 1308 694 ὁ
1338 640 1593 712 βασιλεὺς
1618 643 1894 710 ἐκπέμπει

314 733 535 800 σύναμα
567 729 841 794 πλείστοις
863 731 956 784 τὸν
1000 733 1065 784 ὲκ
1099 731 1422 798 Βουλγάρων
1480 729 1760 789 Βοσσίῖων,
1806 731 1896 782 τὸν

313 825 582 894 Σμελτζου
613 826 705 878 καὶ
744 823 1134 888 Ῥαδοσθλάϐου
1159 825 1396 878 ὕστατον
1439 823 1670 894 ἀδελφόν
1695 840 1708 854 ·
1742 823 1800 886 ὃς
1832 823 1896 893 δὴ
1945 842 1951 846 ·

313 919 410 970 καὶ
438 919 528 971 διὰ
552 917 764 988 ταχέων
789 917 1036 980 ἐπιστὰς,
1077 919 1172 971 καὶ
1205 917 1370 987 φόϐον
1421 915 1674 986 ἐμϐαλὼν
1712 918 1773 969 οὒ
1803 935 1897 985 μι-

313 1011 450 1082 κρὸν
482 1013 594 1074 τοῖς
615 1010 848 1078 ἐχθροῖς,
880 1011 960 1074 εἰς
991 1011 1170 1080 φυγὴν
1200 1011 1511 1080 παραυτίκα
1550 1009 1742 1080 τρέπει
1773 1014 1896 1072 τοὺς

315 1104 592 1166 ἐπιόντας.
629 1106 736 1158 Καὶ
762 1103 855 1156 τὸν
885 1103 1162 1170 Σκαφιδᾶν
1194 1104 1440 1174 ποταμὸν
1477 1101 1899 1172 περαιουμένοις

314 1198 491 1259 οὕτως
537 1198 796 1267 ἀκόσμως
819 1196 1139 1268 δυστύχημα
1173 1196 1430 1267 συναντᾷ,
1465 1195 1558 1248 καὶ
1599 1195 1634 1264 ὴ
1683 1193 1898 1264 γέφυρα

316 1289 675 1354 καταπίπτει,
726 1291 821 1344 καὶ
869 1289 1112 1360 ποταμὸς
1169 1289 1420 1342 ἐντεῦθεν
1458 1287 1552 1341 καὶ
1592 1286 1744 1355 ξίφος
1774 1285 1902 1348 τοὺς

316 1381 538 1440 ἀθλίους
569 1379 968 1450 διεμεριζέτην,
1003 1378 1099 1433 καὶ
1131 1379 1288 1448 φόνος
1312 1379 1410 1448 οὐχ
1449 1379 1477 1430 ό
1525 1376 1704 1446 τυχῶν
1755 1376 1903 1442 γενε-

315 1489 428 1525 ται.
455 1469 628 1546 Τοῦτο
661 1470 1005 1540 Βουλγάρους
1030 1470 1266 1541 ὀτρύνει,
1327 1471 1420 1523 καὶ
1469 1469 1618 1536 σφίσι
1673 1467 1900 1538 σύνηθες

313 1563 378 1616 ὃν
410 1564 683 1634 ἀναιμωτὶ
722 1563 846 1626 τοὺς
873 1563 1183 1626 ἑαλωκότας
1215 1561 1498 1624 ἀπολύειν,
1557 1561 1728 1632 χωρὶς
1776 1559 1905 1630 μέν·

313 1671 400 1709 τοι
428 1652 541 1709 τῶν
573 1657 856 1722 ἐπιφανῶν
889 1657 985 1710 καὶ
1021 1656 1293 1726 μεγάλων,
1329 1655 1404 1718 ὡς
1434 1655 1627 1726 μόνους
1665 1653 1899 1722 συμὸαί-

316 1765 435 1802 νειν
467 1747 691 1800 πίπτειν
716 1748 846 1810 τοὺς
883 1747 1312 1818 ἀνθισταμένους
1337 1747 1482 1800 κατὰ
1516 1745 1608 1801 τὸν
1637 1747 1900 1816 πόλεμον,

315 1841 368 1894 οἱ
409 1839 466 1894 δὲ
493 1839 636 1894 κατὰ
663 1840 762 1910 τὴν
810 1839 1124 1910 Ἀνδριανοῦ
1153 1839 1548 1909 προσϐαλόντες
1583 1839 1678 1891 καὶ
1705 1839 1773 1892 τὰ
1807 1837 1903 1892 λά·

316 1947 470 2000 φυρα
491 1930 903 1999 διαρπάζοντες,
939 1931 1252 1999 σφαλέντων
1277 1929 1384 1982 τῶν
1414 1927 1698 1999 ἡμετέρων
1731 1929 1903 1998 τύχης

317 2021 562 2092 ἀστασιᾳ
593 2021 688 2073 καὶ
715 2021 794 2092 τῷ
815 2019 1238 2090 ἀλλοπροσὰλλῳ
1267 2018 1362 2072 τοῦ
1402 2021 1621 2091 Ἄρεος,
1671 2019 1903 2083 πολλοὺς

316 2112 421 2164 οὐκ
447 2111 737 2166 ἀπώκνουν
771 2111 1034 2180 φονεύειν.
1068 2111 1230 2165 Ὅθεν
1297 2112 1391 2164 καὶ
1439 2111 1691 2182 βασιλεὺς
1729 2113 1902 2183 ὑπερ-

319 2205 596 2275 παθήσας,
623 2205 746 2258 ἐπεὶ
774 2203 880 2256 ἔδει
906 2206 1000 2256 καὶ
1032 2204 1225 2267 ἱκανὰς
1283 2207 1600 2276 συγκροτεῖν
1645 2206 1904 2276 δυνάμεις

321 2297 648 2366 ἐφίστασθαι
673 2297 920 2368 μέλλοντι
951 2298 1017 2368 τῇ
1041 2294 1126 2367 [Ρ.
1145 2295 1274 2369 509]
1312 2297 1648 2367 Ἀνδριανοῦ,
1671 2297 1904 2364 πολλοὺς

282 2423 300 2439 .
327 2393 428 2460 μέν
465 2407 616 2454 τινας
645 2391 711 2444 ἐκ
733 2391 834 2462 τῆς
869 2391 946 2444 ἕω
973 2393 1334 2462 συνηπείγετο
1371 2391 1900 2462 ἐμπειροπολέμους,

321 2481 462 2536 ἀλλὰ
481 2483 682 2552 γυμνοὶ
705 2481 812 2536 τῶν
845 2483 1202 2554 ὑπαρχόντων
1229 2479 1368 2554 ἦσαν
1391 2477 1537 2536 οὗτοι
1554 2487 1647 2537 καὶ
1681 2484 1900 2549 ἐνδεεῖς.

321 2661 577 2718 fratrem.
614 2659 713 2716 Hic
757 2659 1014 2716 celeriter
1055 2661 1186 2717 illuc
1219 2675 1527 2718 occurrens
1577 2665 1904 2734 trepidatio-

322 2767 450 2806 nem
483 2751 674 2822 injecit
705 2766 817 2806 non
873 2751 1152 2806 modicam
1197 2753 1492 2818 hostibus;
1529 2762 1582 2807 et
1636 2767 1905 2826 quotquot

325 2859 394 2898 ex
436 2843 577 2912 ipsis
609 2843 804 2899 obvios
831 2844 1044 2909 habuit,
1092 2843 1234 2900 fusis
1270 2845 1498 2902 incursu
1531 2849 1712 2916 primo
1750 2847 1907 2919 fuga-

326 2937 536 3008 tisque,
576 2938 742 2990 etiam
794 2936 1182 3007 persequendo
1231 2939 1437 2993 institit
1466 2939 1592 3009 fuga
1619 2942 1906 3010 trajicien-

325 3033 478 3088 tibus
511 3030 782 3085 Scatidam
836 3046 1075 3098 amnem,
1134 3031 1226 3086 ubi
1284 3030 1366 3086 eis
1397 3032 1768 3089 infortunium
1809 3051 1905 3090 oc-

1997 561 2105 606 vo:,
2167 544 2234 598 τὰ
2294 543 2463 598 πολλὰ
2497 543 2604 598 τῶν
2641 543 2784 596 ἰδίων
2818 541 3048 604 σκευῶν,
3096 541 3195 592 ὅσα
3231 536 3434 607 χρυσοῦ
3488 539 3583 588 καὶ

1997 634 2241 704 ἀργύρου
2303 630 2444 703 ἦσαν
2511 635 2938 704 ἐξειργασμένα,
3001 631 3439 700 συνοτρυνούσης
3503 629 3583 688 εἰς

1998 726 2155 778 τοῦτο
2189 729 2280 780 καὶ
2305 731 2401 797 τῆς
2435 729 2751 796 Αὐγούστης
2777 724 2992 794 Μαρίας
3026 725 3113 794 (τὰ
3137 726 3246 792 γὰρ
3276 723 3502 774 πλεῖστα
3523 725 3585 771 ἐκ

1997 817 2106 868 τῶν
2138 819 2306 888 αὐτῆς
2334 814 2474 890 ἦσαν
2522 817 2834 889 προικῴων,
2881 813 2954 871 ὧν
2992 816 3204 872 οἴκοθεν
3259 805 3583 885 ἐπεφέρετο)

2003 907 2206 977 πέμπει
2263 911 2398 982 πρὸς
2451 912 2625 974 πόλιν,
2673 911 2754 974 εις
2806 917 3048 980 νόμισμα
3116 902 3286 963 ταῦτα
3347 909 3584 975 κοπῆναι

2001 1005 2382 1070 προστάσσων.
2413 1005 2479 1056 Ὃ
2513 1005 2576 1074 δὴ
2605 1005 2827 1072 γεγονὸς
2852 1004 2948 1074 τὴν
2981 1003 3265 1073 ταχίστην,
3285 1002 3380 1056 καὶ
3415 1019 3584 1071 στρας

1999 1093 2090 1142 τὸν
2121 1093 2200 1154 εἰς
2242 1092 2550 1161 χιλιοστύας
2622 1095 3140 1164 ὲξετοιμασὰμενος,
3205 1094 3298 1146 ἐπὶ
3348 1091 3446 1159 τῆς
3495 1092 3586 1143 Ἀ-

2000 1181 2218 1252 δριανοῦ
2249 1186 2344 1236 σὺν
2376 1185 2554 1255 πολλῷ
2589 1187 2658 1254 τῷ
2687 1185 2880 1258 Θάρρει
2911 1188 3060 1256 σφέσι
3092 1187 3417 1254 συνεξορμᾷ.
3478 1187 3588 1239 KJ.

2002 1273 2101 1344 τὴν
2133 1275 2448 1343 Αὑγοῦσταν
2478 1279 2595 1330 ἐκεῖ
2623 1279 2960 1340 καταλιπὼν,
3007 1279 3272 1349 πρότερον
3308 1279 3405 1348 τὴν
3455 1279 3588 1331 Θεο-

2001 1367 2158 1421 τὸκον
2196 1369 2646 1438 ποτνιασάμενος,
2683 1372 2823 1424 κατὰ
2847 1371 2936 1424 τὸν
2982 1371 3086 1436 ἔξω
3143 1370 3328 1440 ζυγὸν,
3379 1371 3438 1424 ὃν
3491 1374 3586 1424 καὶ

2014 1455 2324 1523 Ῥωμανίαν
2370 1460 2665 1526 λέγουσιν,
2721 1463 2942 1533 εἰκοστῇ
3009 1463 3170 1534 τρίτῃ
3227 1461 3586 1524 Ποσειδεῶνος

2002 1549 2240 1616 ἁρεῖκῶς
2267 1551 2559 1617 εἰσϐάλλει,
2595 1555 2688 1606 καὶ
2719 1555 2786 1608 τὰ
2839 1555 2948 1608 ἀπὸ
2991 1556 3360 1626 Ῥεαχούϐεως
3404 1556 3494 1610 καὶ
3531 1559 3588 1618 ἐς

2005 1639 2256 1746 Στρϐνον
2322 1641 2485 1713 μέχρι
2531 1642 2624 1695 καὶ
2665 1643 2912 1712 Κόψεως,
2946 1643 3046 1714 τὴν
3091 1639 3328 1697 παλαιὰν
3394 1661 3588 1712 παροι-

2006 1731 2135 1800 μίςῖν
2163 1733 2576 1803 ἀνανεούμενος,
2609 1733 2760 1788 λείαν
2809 1737 3012 1790 Μυσῶν
3041 1737 3437 1806 ἀπεργάζεται,
3492 1737 3588 1787 καὶ

2004 1823 2094 1876 τὸν
2136 1823 2471 1896 Ἐλτιμηρῆν
2509 1826 2808 1884 ἀποκλείει.
2853 1828 3017 1892 Αὖθις
3058 1828 3114 1880 δὲ
3145 1827 3212 1881 τὰ
3239 1830 3402 1898 ὃμοια
3455 1829 3588 1897 δρά-

2006 1933 2102 1980 σας
2129 1918 2221 1970 καὶ
2244 1919 2330 1986 ἐφ’
2363 1920 2596 1988 ἡμέραις
2619 1919 2718 1992 τὴν
2747 1921 2858 1974 τῶν
2893 1923 3154 1976 ἐναντίων
3209 1923 3584 1989 καταδραμὼν

2006 2009 2144 2078 πρὸς
2185 2009 2503 2078 Ὀρεστιάδα
2525 2010 2987 2084 επαναζεύγνυσι.
3041 2011 3208 2064 Ταῦτ’
3247 2013 3588 2066 ἀκουσθέντα

2005 2101 2069 2152 ὲκ
2095 2099 2204 2154 τῶν
2237 2101 2374 2172 πρὸς
2399 2103 2498 2172 τὴν
2521 2103 2842 2172 Αὐγοῦσταν
2867 2104 3086 2176 Μαρίαν
3106 2105 3196 2158 τοῦ
3227 2105 3460 2174 ἀδελφοῦ
3494 2107 3587 2158 τοῦ

1993 2190 2266 2262 ,βασιλέως
2306 2193 2581 2266 Θεοδώρου
2639 2197 2984 2268 γραμμάτων
3014 2239 3028 2261 ,
3077 2200 3108 2269 ἠ
3155 2200 3440 2270 ὁμωνυμία
3490 2202 3592 2268 τὴς

2017 2283 2394 2354 Ῥεαχούόεως
2469 2287 2699 2358 θόρυϐον
2767 2291 2988 2359 ἐμποιεῖ
3035 2289 3264 2360 βασιλεῖ.
3322 2292 3427 2344 Τὸν
3479 2292 3592 2360 γὰρ

2006 2375 2258 2430 Στιλὸνον
2286 2379 2442 2443 εἰδὼς
2479 2383 2542 2433 ἐκ
2573 2397 2646 2450 φη
2659 2381 2775 2452 μῶν
2803 2385 2898 2436 καὶ
2928 2384 3028 2454 τὴν
3079 2385 3270 2454 Κόψιν,
3332 2387 3452 2438 ἐπεὶ
3501 2385 3595 2438 καὶ

2008 2467 2258 2539 περὶτῆς
2294 2470 2665 2540 Ῥεαχούσεως
2693 2475 2914 2544 ἐρωτῶν
2937 2474 3106 2543 ἐγγὺς
3137 2474 3248 2528 τῶν
3267 2475 3432 2546 όρξων
3458 2476 3594 2545 Τερ-

2007 2669 2276 2725 expeusa,
2303 2669 2428 2709 cum
2462 2651 2622 2724 longe
2654 2655 2805 2724 plura
2843 2669 2930 2711 res
2967 2663 3244 2724 posceret,
3303 2671 3372 2711 ne
3421 2655 3596 2726 impe-

2019 2754 2242 2807 ratoriae
2272 2751 2497 2820 quidem
2533 2751 2862 2821 supellectili
2913 2753 3004 2805 tali
3037 2755 3333 2808 occasione
3363 2769 3599 2823 parcen-

2017 2845 2148 2898 dum
2193 2845 2422 2906 duccns,
2486 2862 2608 2915 qua:
2645 2861 2772 2900 vasa
2805 2843 2970 2916 447
3027 2861 3195 2901 aurea
3235 2856 3292 2902 et
3330 2857 3595 2917 argentea

2011 2938 2284 2992 extulerat
2315 2939 2381 2992 ad
2420 2939 2698 2994 familiare
2749 2940 3146 3004 ministerium,
3191 2939 3419 2996 conflari
3453 2951 3504 2994 et
3539 2943 3592 2993 in

2015 3045 2278 3083 nummos
2313 3031 2522 3100 signari
2551 3031 2742 3101 jussit,
2789 3033 2935 3088 ultro
2969 3033 3034 3088 ad
3068 3034 3120 3088 id
3174 3035 3355 3101 ipsum
3385 3033 3596 3086 adhor-

327 3125 528 3180 currit.
559 3123 704 3180 Pons
749 3125 892 3178 enim
961 3125 1096 3194 ipsis
1133 3127 1551 3181 transeuntibus
1609 3130 1908 3186 concidens
1937 3135 1980 3192 C
2016 3121 2362 3176 lanis-Maria
2390 3124 2636 3194 Augusta
2671 3124 2847 3193 ipsius
2872 3127 3133 3198 conjuge,
3168 3126 3332 3196 cujus
3375 3141 3438 3182 ea
3485 3127 3598 3197 ple-

325 3215 544 3271 ﬂumini
590 3225 643 3271 et
691 3217 872 3288 gladio
929 3219 1165 3273 miseros
1225 3218 1440 3280 divisit,
1488 3223 1686 3290 partim
1747 3227 1908 3280 undis

329 3311 585 3372 haustos,
625 3312 819 3378 partim
850 3325 1022 3365 caesos
1055 3311 1201 3367 ferro
1223 3313 1572 3368 instantium.
1603 3315 1700 3372 llic
1727 3328 1908 3372 tamen

329 3402 636 3456 militantes
682 3401 948 3458 Romanis
1013 3401 1234 3474 Bulgari
1270 3420 1480 3462 morem
1533 3409 1773 3477 patrium
1829 3417 1912 3465 te-

329 3503 600 3560 nuerunt,
659 3495 918 3565 parcendi
971 3497 1223 3554 hostibus
1279 3500 1420 3554 bello
1478 3501 1657 3570 captis
1704 3515 1913 3574 eosque

345 3587 552 3642 illasos
607 3588 940 3642 dimittendi.
971 3588 1137 3644 Abire
1191 3591 1361 3661 igitur
1393 3591 1705 3649 incolumes
1763 3595 1910 3665 passi

331 3688 464 3734 sunt
497 3681 808 3750 plerosque,
845 3681 1245 3737 illustrioribus
1277 3687 1548 3754 exceptis,
1583 3686 1656 3739 ita
1683 3695 1740 3741 ttt
1771 3701 1913 3756 prae-

331 3783 422 3829 ter
450 3789 547 3828 eos
579 3775 672 3844 qui
706 3775 760 3828 in
783 3773 1044 3829 conflictu
1073 3785 1384 3846 pugnantes
1411 3779 1747 3848 ceciderant,
1783 3783 1912 3837 reli—

331 3867 426 3936 qui
455 3881 652 3937 magno
680 3882 934 3934 numero,
953 3869 1400 3926 concedentibus
1424 3869 1749 3939 victoribus,
1775 3874 1912 3928 salvi

332 3961 674 4014 recederent.
701 3959 764 4013 Hi
797 3977 993 4018 rursus
1020 3976 1188 4016 manu
1218 3962 1364 4018 facta
1399 3965 1458 4020 in
1491 3979 1684 4035 agrum
1707 3967 1912 4021 Adria-

331 4051 597 4116 nopoleos
641 4049 934 4112 irruentes,
967 4051 1158 4120 praclio
1221 4055 1468 4109 secundo
1515 4071 1642 4110 cum
1702 4057 1913 4112 nostris

335 4141 504 4206 facto,
551 4149 918 4212 praeterquam
965 4144 1144 4214 spolia
1207 4160 1474 4202 caesorum
1537 4149 1911 4219 diripuerunt,

333 4235 502 4288 etiam
539 4248 680 4302 quos
708 4235 858 4290 viros
897 4245 1193 4304 potuerunt
1223 4252 1421 4308 capere
1451 4255 1480 4295 e
1501 4237 1771 4299 Romanis
1805 4245 1912 4298 mi-

332 4327 526 4382 litibus
551 4325 840 4396 plurimos,
862 4327 1004 4382 haud
1035 4328 1153 4400 pari
1180 4330 1303 4412 ejus
1333 4347 1440 4400 qua
1469 4347 1593 4389 cum
1622 4335 1760 4404 ipsis
1793 4345 1914 4390 erat

335 4431 543 4485 actum,
577 4419 952 4474 misericordia
1014 4421 1404 4491 impertierunt
1440 4443 1455 4479 :
1499 4441 1610 4480 non
1641 4428 1788 4482 enim
1815 4442 1914 4498 pe-

2002 3229 2188 3284 raque
2224 3214 2432 3270 dotalia
2464 3228 2621 3270 erant
2651 3219 2818 3283 bona,
2857 3219 3022 3272 domo
3055 3231 3309 3288 paterna,
3362 3218 3490 3274 dum
3528 3221 3596 3286 ad

2027 3307 2246 3375 nuptias
2289 3305 2572 3364 Michaelis
2619 3310 2934 3373 duceretur,
2992 3311 3158 3364 elata.
3207 3310 3284 3364 Ex
3325 3310 3410 3366 his
3447 3309 3596 3365 Con-

2016 3399 2431 3470 stautinopolim
2491 3401 2676 3457 missis
2731 3411 2786 3456 et
2827 3401 2944 3456 illic
3001 3402 3152 3458 cusis
3214 3402 3266 3454 in
3317 3410 3592 3455 monetam

2016 3489 2302 3545 confestim
2332 3500 2530 3545 auctus
2577 3491 2808 3560 pecunia
2843 3489 3098 3553 Michael,
3138 3491 3435 3545 multorum
3470 3492 3598 3557 mil-

2016 3583 2151 3638 lium
2187 3585 2430 3638 exercitu
2462 3593 2674 3655 parato,
2701 3600 2825 3640 cum
2855 3585 2960 3639 hoc
2993 3583 3410 3656 Adrianopolim
3457 3585 3596 3636 fidu-

2017 3679 2104 3732 cia
2162 3693 2358 3748 magua
2417 3693 2477 3733 se
2535 3679 2794 3732 contulit.
2855 3677 3044 3748 Ibique
3081 3679 3327 3748 Augusta
3384 3679 3594 3744 relicta,

2017 3767 2170 3838 prius
2211 3766 2502 3838 Deiparam
2556 3779 2874 3834 veneratus,
2925 3771 2979 3824 in
3015 3771 3293 3838 regionem
3325 3769 3458 3839 jugo
3503 3787 3598 3824 et;-

2018 3861 2206 3917 teriori
2239 3861 2568 3931 subjectum,
2607 3876 2770 3932 quam
2797 3873 2848 3918 et
2877 3861 3202 3916 Romaniam
3252 3871 3472 3928 vocant,
3514 3865 3598 3914 vi-

2018 3956 2222 4008 cesima
2263 3955 2426 4010 tertia
2463 3955 2696 4026 Augusti
2745 3955 2832 4009 die
2861 3953 3138 4010 hostiliter
3168 3955 3424 4018 incurrit,
3474 3964 3527 4010 et
3564 3971 3594 4008 a

2017 4043 2300 4099 Reachtbi
2337 4045 2404 4098 ad
2437 4044 2736 4112 Stilbnum,
2765 4045 2892 4099 hinc
2915 4060 3091 4114 usque
3131 4045 3198 4099 ad
3232 4044 3477 4115 Capsitn,
3507 4063 3598 4100 ve-

2020 4146 2189 4192 terem
2235 4151 2507 4190 renuvans
2565 4135 2910 4206 parcnmiam,
2954 4143 3153 4190 cuncta
3203 4137 3307 4190 late
3351 4137 3588 4206 prmdam

2019 4229 2296 4300 Mysorum
2331 4229 2938 4300 fecit,.Eltimeremque
2969 4227 3230 4284 exclusit.
3264 4226 3406 4283 Ilinc
3429 4244 3592 4283 cursu

2019 4337 2310 4388 converso,
2340 4322 2459 4392 pari
2502 4323 2663 4376 obvia
2695 4323 2948 4377 vastandi
2981 4321 3246 4376 felicitate
3283 4319 3418 4378 alias
3451 4339 3594 4392 quo-

2023 4431 2130 4485 que
2167 4417 2412 4470 hostium
2447 4423 2626 4470 terras
2662 4415 2958 4470 incursans
3003 4413 3072 4468 ad
3101 4413 3439 4470 Orestiadem
3479 4430 3600 4482 per-

334 4519 632 4578 Fercem"!
664 4511 958 4583 plerosque
991 4487 1270 4571 occidere.
1314 4516 1532 4572 Accidit
1565 4533 1627 4572 ea
1663 4519 1793 4575 belli
1816 4487 1915 4575 ὀἷο
1944 4487 1992 4542 D
2027 4509 2197 4562 venit.
2235 4507 2362 4562 llzec
2393 4509 2612 4580 cognita
2656 4497 3143 4578 Constantinopoli
3197 4509 3443 4578 primum‘
3469 4518 3598 4561 sunt

337 4601 518 4656 fensio
542 4604 746 4658 nostris
785 4605 951 4658 rebus
982 4605 1456 4673 perincommoda,
1489 4609 1706 4666 fortuna
1766 4627 1916 4668 more

272 4685 280 4689 ’
334 4708 440 4749 suo
464 4705 518 4748 et
548 4692 722 4748 Marte
745 4695 894 4749 vario
916 4697 1062 4750 vices
1096 4711 1458 4752 successuum
1487 4699 1912 4758 alternantibus.

299 4789 431 4842 ‘lsti
455 4787 611 4843 factae
645 4788 985 4844 alienissimo
1021 4777 1264 4859 tempore
1288 4791 1523 4860 jactura!
1565 4795 1917 4850 vehementer

331 4879 617 4948 Augustus
640 4881 826 4947 iunior
853 4881 1124 4947 indoluit;
1149 4896 1216 4936 ac
1239 4884 1494 4950 quoniam
1530 4899 1627 4952 per
1657 4885 1912 4941 infestant

335 4974 620 5042 regionem
685 4973 980 5031 hostilibus
1061 4975 1380 5032 incursibus
1453 4980 1914 5048 proficiscendum

333 5065 440 5136 ipsi
473 5067 890 5136 Adriatmpolim
927 5077 1068 5132 erat,
1104 5083 1332 5123 necesse
1359 5071 1570 5126 habens
1595 5072 1794 5127 idoneo
1825 5088 1918 5128 co-

336 5159 458 5227 pias
501 5174 731 5215 nuntero
769 5161 1026 5216 alicunde
1060 5176 1282 5230 cogere,
1327 5164 1531 5218 n'tultos
1565 5164 1676 5218 illic
1730 5180 1918 5235 reper-

336 5261 422 5306 tos
450 5254 816 5313 virosfnrtes
863 5263 916 5308 et
961 5255 1482 5324 belli-experientes,
1541 5259 1633 5327 qui
1682 5259 1812 5313 olim
1863 5260 1915 5313 in

333 5343 563 5399 Oriente
597 5347 986 5409 militaverant,
1017 5348 1365 5404 conscribere
1396 5365 1460 5402 ac
1503 5349 1584 5404 sic
1609 5351 1915 5406 exercitum

334 5437 590 5505 supplere
616 5436 1135 5492 constituit.Verurtt
1156 5438 1214 5504 ii,
1240 5441 1386 5509 quod
1411 5443 1634 5498 amissis
1661 5443 1916 5501 domibus

335 5543 566 5598 peregre
597 5529 811 5600 profugi
843 5537 1088 5584 extrema
1129 5547 1312 5587 rerum
1367 5534 1614 5589 omnium
1673 5546 1919 5606 egestate

341 5621 760 5686 premebantur,
793 5621 1065 5678 vestiendi
1093 5626 1307 5681 scilicet
1337 5637 1499 5696 atque
1537 5629 1788 5684 armandi
1821 5646 1920 5683 nu-

343 5713 680 5779 rneratisque
728 5715 1052 5768 auctorandi
1124 5715 1414 5785 stipendiis
1450 5714 1624 5772 inure.
1689 5718 1770 5772 Ad
1812 5719 1919 5774 hoc

331 5801 636 5872 Augustus,
667 5819 1070 5875 quamcumque
1097 5809 1162 5860 ad
1190 5821 1410 5861 manum
1439 5810 1652 5876 habuit,
1688 5814 1918 5879 pecunia

654 5896 924 5958 PATROL.
965 5903 1079 5960 Gtt.
1128 5901 1395 5964 CXLW.

2025 4599 2226 4655 litteris
2253 4615 2318 4655 eo
2347 4599 2706 4671 Adrianopoli
2765 4600 2950 4654 missis
2983 4600 3051 4654 ab
3102 4601 3350 4670 Augusta
3401 4599 3594 4664 Mar-in,

2018 4709 2159 4762 quas
2191 4693 2256 4746 ad
2291 4693 2439 4747 illam
2466 4709 2532 4748 ex
2561 4693 2683 4762 ipso
2729 4693 2976 4747 exercitu
3011 4692 3238 4748 dederat
3274 4690 3598 4747 Theodorus

2018 4789 2305 4844 Michaelis
2339 4791 2570 4860 Augusti
2629 4789 2822 4845 frater.
2854 4789 3068 4856 Quibus
3119 4791 3201 4844 sic
3250 4789 3598 4844 Andronicus

2021 4882 2324 4952 imperator
2355 4883 2558 4938 auditis
2589 4883 2844 4936 turbatus
2886 4897 3184 4952 parumper
3211 4891 3317 4946 est,
3349 4882 3594 4935 animum

2019 4975 2275 5029 dividens
2343 4974 2399 5028 in
2487 4974 2910 5035 admirationem
3002 4982 3058 5028 et
3135 4973 3596 5028 sollicitudinem.

2018 5067 2200 5124 Causa
2233 5069 2623 5123 commntionis
2651 5068 2754 5122 fuit
2784 5068 3138 5138 homonymia
3168 5069 3408 5121 duorum
3442 5068 3592 5122 loco-

2020 5177 2168 5225 rum,
2209 5176 2331 5231 quee
2365 5160 2582 5217 diversa
2615 5171 2669 5216 et
2692 5161 2760 5214 ab
2793 5161 3032 5216 invicem
3064 5159 3227 5230 longe
3261 5159 3454 5214 dissita
3488 5173 3598 5212 uno

2021 5267 2202 5308 tamen
2233 5265 2287 5309 ct
2337 5256 2528 5310 eodem
2592 5255 2910 5310 Reachuhis
2953 5254 3300 5324 appellantur
3355 5253 3598 5306 nomine.

2023 5347 2192 5404 Norat
2231 5347 2320 5402 ille
2341 5363 2403 5400 ex
2441 5348 2604 5411 fama,
2635 5348 2724 5400 ubi
2757 5345 3024 5412 Stilbnus,
3063 5347 3154 5401 ubi
3180 5345 3378 5413 Copsis
3413 5359 3603 5400 essent

2023 5443 2165 5497 sitat.
2218 5441 2491 5507 Quoniam
2525 5451 2706 5494 autem
2735 5441 2902 5495 alium
2937 5447 3235 5496 terminum
3268 5439 3606 5505 depraedata.

2025 5551 2145 5590 rum
2175 5550 2204 5588 a
2233 5533 2504 5589 Michaele
2532 5537 2781 5603 Augusto
2813 5545 3086 5589 terrarum
3131 5531 3428 5586 memorari
3457 5529 3604 5584 Rea-

2024 5629 2230 5684 chubin
2277 5627 2524 5692 videbat,
2566 5638 2620 5682 et
2681 5626 2750 5680 de
2805 5629 2906 5681 hac
2956 5633 3291 5696 percontans
3341 5605 3604 5676 audiebat

2027 5724 2397 5796 propinquum
2439 5721 2588 5776 hunc
2622 5723 2802 5774 locum
2839 5735 2962 5775 esse
2999 5717 3202 5772 finibus
3237 5715 3478 5770 Ternohi
3512 5731 3539 5768 r
3574 5741 3603 5758 -ι

2027 5815 2127 5886 gite
2161 5815 2318 5870 urbis
2367 5815 2726 5885 Bulgarorum
2764 5831 2793 5866 a
2849 5812 3095 5877 meridie,
3145 5824 3254 5862 non
3285 5809 3406 5880 plus
3436 5823 3603 5880 quam

3159 5902 3232 5959 16
