4024 6440
469 374 569 434 4ξ1

1698 372 2011 432 GEORGII
2060 373 2541 434 PACllYMEllE

3622 383 3735 445 492

464 486 618 539 νόϐου
651 484 847 552 ταὺτην
874 486 1033 553 ﬂavus
1068 485 1281 537 κεῖσθαι
1312 488 1377 535 ὲκ
1432 484 1801 554 μεσημϐρίας,
1830 485 2043 553 ἡμερη-
2075 485 2121 542 Α
2152 488 2242 539 καὶ
2279 487 2376 556 τὴν
2407 488 2768 558 ἀντιπεραίαν
2792 492 2889 559 τῆς
2935 489 3255 556 Βυζαντίδος
3292 495 3736 561 ἀποχαριοθήναι

467 580 587 632 σίαν
633 576 749 629 ὁδόν
788 577 1091 647 διέχουσαν,
1140 576 1336 647 χλεύην
1392 577 1528 639 ὅλως
1580 575 1925 644 ὑπελάμϐανε
1978 574 2048 626 τὰ

466 671 821 739 γραφόμενα,
889 670 982 722 καὶ
1046 667 1169 721 οὔτε
1226 667 1523 736 συμϐαλεῖν
1555 663 1699 737 εἶχεν
1746 668 1825 728 είς
1868 665 1927 717 ἓν
1970 664 2047 715 τὰ

466 764 657 835 πόρρω
678 761 961 823 διεστῶτα,
1000 761 1093 814 καὶ
1117 759 1323 828 τόλμαν
1351 759 1520 822 ὄντως
1552 760 1786 822 εἰκαίαν,
1820 759 1869 810 εί
1901 755 2049 809 τοῦτ’

469 853 737 924 ἐπράχθη,
766 853 861 905 καί⁵
889 851 1132 905 κίνδυνον
1177 853 1474 917 ἀναγκαῖον
1530 854 1642 914 τοῖς
1712 848 2047 902 είσελθοῦσιν

465 948 539 1007 ὠς
567 946 624 998 τὸ
653 944 799 1006 εἰκὸς
834 943 1237 1012 ὑπελάμϐανεν.
1270 938 1377 996 Ἤν
1411 942 1468 995 δὲ
1498 942 1626 1011 ἄρα,
1657 941 1684 995 ὃ
1730 942 1825 995 καὶ
1855 943 1920 993 ὲκ
1948 940 2044 994 τοῦ

468 1035 806 1106 παρασχεδὸν
844 1036 1091 1104 ἠκούετο,
1118 1034 1279 1102 ἑτέρα
1302 1048 1383 1095 τις
1413 1032 1847 1102 ὁμωνυμουμένη
1891 1030 2045 1082 Ῥεά-

468 1133 672 1199 χουϐις,
694 1128 763 1199 ἢν
787 1125 877 1180 καὶ
895 1125 1349 1196 ὑποκοριζόμενοι
1366 1123 1642 1194 ἄνθρωποι
1658 1122 2044 1193 Ῥεαχοϐίτζαν

468 1221 715 1274 εκάλουν.
777 1218 884 1271 Καὶ⁵
928 1216 1071 1271 οὕτω
1116 1217 1346 1287 θόρυϐος
1401 1218 1499 1283 μὲν
1552 1217 1854 1281 ἐπέπαυτο,
1905 1216 1964 1267 τὸ
1995 1215 2039 1266 δ’

464 1315 705 1383 ἀσφαλὲς
730 1312 836 1366 τῶν
867 1313 1210 1383 γραμμάτων
1246 1310 1710 1380 κατελαμϐάνετο.
1784 1306 1951 1362 Οὔπω
1983 1308 2041 1360 δὲ

466 1408 562 1459 καὶ
610 1405 907 1459 Ποσειδεὼν
962 1402 1305 1474 ἐπληροῦτο,
1380 1402 1471 1455 καὶ
1527 1401 1761 1463 ἐντελεῖς
1828 1400 2041 1469 φῆμαι,

469 1500 715 1569 μήνυτρα
744 1498 962 1565 καθαρὰ
1011 1498 1074 1549 ὲκ
1107 1498 1215 1550 τῶν
1246 1496 1489 1568 ὑστέρων
1548 1493 2039 1562 ὲπαναζεύξαντος,

466 1597 584 1647 λίαν
614 1592 947 1646 διεϐεϐαίουν
978 1594 1052 1657 ὼς
1077 1594 1123 1644 οἱ
1153 1591 1448 1662 Βούλγαροι
1484 1590 1712 1659 ἔκαμον.

467 1710 572 1765 κθ⁰.
617 1710 1007 1779 Ἀνδραγαθιά
1047 1708 1194 1762 κατὰ
1238 1705 1615 1779 Γεννουὶὶῶν
1645 1706 1750 1761 τοῦ
1782 1682 2042 1761 τῶννΛα-

871 1779 982 1841 ᾅῦν
1010 1779 1305 1849 ἄρχοντος
1348 1778 1644 1842 Ἀλεξίου.

534 1874 619 1948 [Ρ.
657 1873 785 1947 510]
816 1873 922 1929 Τοῦ
954 1872 999 1926 δ’
1030 1871 1195 1927 αὑτοῦ
1244 1871 1398 1935 ἔτους
1448 1872 1542 1924 καὶ
1602 1872 1630 1923 ό
1688 1869 1797 1922 τῶν
1849 1868 2043 1932 Λαζῶν

466 1963 706 2033 ἀρχηγὸς
740 1962 963 2030 καὶτῆς
1006 1961 1271 2029 βασιλέως
1330 1960 1667 2028 αὑταδέλφης
1723 1961 1855 2021 παῖς
1897 1960 2046 2013 Ἀλέ-

467 2057 597 2121 ξιος,
621 2059 689 2127 τῇ
719 2057 1011 2122 δεσποτικῇ
1044 2053 1442 2125 σεμνυνόμενος
1479 2055 1643 2124 μοίρᾳ
1672 2055 1766 2108 καὶ
1804 2054 1866 2107 τὸ
1897 2055 2043 2124 Τρα-

466 2146 691 2216 πεζήῖον
722 2145 856 2198 ἄστυ
912 2144 1183 2213 κατέχων,
1215 2142 1554 2205 Γεννουΐταις
1579 2143 1790 2211 γίνεται
1820 2142 1909 2195 διὰ
1939 2144 2045 2214 μά-

466 2256 564 2307 χης
589 2238 648 2301 ἐξ
679 2238 857 2299 αἰτίας
886 2236 1118 2289 τοιᾶσδε.
1166 2236 1507 2297 Γεννουῖταις
1563 2232 1631 2306 ἦν
1694 2235 1926 2305 σόνηϐες
1974 2236 2036 2301 ἐξ

465 2328 692 2399 ἀρχαίου
720 2327 1031 2382 κατοικοῦσι
1065 2329 1164 2396 τὴν
1191 2320 1385 2398 χώραν¹
1407 2326 1764 2398 ἀπομερίζειν
1787 2329 1855 2381 τὰ
1877 2328 2044 2398 κέρδη

464 2417 537 2476 ὧν
603 2420 970 2494 μετεχείριζον
1032 2423 1096 2473 ἐκ
1168 2421 1510 2491 κομμερκίου
1561 2408 1860 2489 λεγομένου
1908 2422 2043 2474 Ῥω-

470 2515 678 2585 μαῖκῶς
701 2517 814 2577 τοῖς
849 2515 947 2580 τῆς
977 2511 1158 2583 χώρας
1183 2512 1461 2582 ἄρχουσιν.
1503 2513 1654 2565 Ἐπεὶ
1673 2514 1720 2566 δ’
1746 2515 2046 2585 ηὐξάνοντο

468 2608 607 2663 κατὰ
636 2607 791 2661 πόλιν
820 2608 914 2659 καὶ
941 2608 1059 2669 ταῖς
1097 2604 1366 2669 ἀτελείαις
1426 2606 1840 2677 ἐμεγαλύνοντο,
1904 2607 2044 2661 ὥστε

467 2795 569 2846 diei
595 2791 973 2845 nniusitincre
1005 2788 1207 2853 medio,
1235 2787 1541 2841 mirabatur
1570 2798 1779 2844 tantum
1806 2788 2042 2859 spatium

469 2884 684 2938 hostilis
725 2881 949 2936 ditionis
974 2895 1082 2934 uno
1111 2880 1340 2934 incursu
1387 2882 1596 2937 vastari
1634 2898 1663 2934 ο
1704 2885 1915 2939 nostris
1951 2901 2046 2955 po-

468 2977 661 3039 tuisse,
691 2972 960 3041 illudique
983 2972 1086 3028 sibi
1118 2989 1182 3025 ac
1218 2971 1359 3026 falso
1385 2971 1499 3026 haec
1523 2973 1722 3041 jactari
1757 2984 2047 3044 suspecta-

474 3074 595 3132 l'at;
640 3076 1009 3136 printereaqne
1037 3062 1203 3136 448
1234 3063 1515 3118 metuebat
1546 3079 1632 3131 ne,
1666 3068 1711 3118 si
1759 3082 1886 3120 vera
1918 3082 2046 3120 nar-

2159 577 2340 645 σφίσιν
2387 580 2463 642 εἰς
2522 580 2773 650 οἰκισμὸν
2838 583 2956 649 ἅμα
3019 583 3118 653 μὲν
3146 583 3387 653 ἀσφαλῆ,
3418 585 3611 654 ἆμαδὲ
3637 586 3739 639 καὶ

2155 668 2549 739 μεγαλοπρεπῆ
2584 673 2695 734 τοῖς
2723 674 3173 743 οἰκοδομήμασιν,
3227 676 3448 745 ἠδόξουν
3479 678 3735 732 ἐντεῦθεν

2149 764 2250 830 τὴν
2278 763 2396 815 ἐκεῖ
2439 763 2549 816 τῶν
2602 766 2840 834 φορτίων
2891 768 3334 839 ἀναψηλάφησιν,
3378 770 3476 823 καὶ
3521 771 3736 840 βαρέως

2149 852 2343 923 ἕτερον
2376 853 2473 917 τὰς
2505 854 2754 918 εὐθύνας,
2786 858 2833 909 εἰ
2870 858 3017 929 παρὰ
3052 860 3319 928 βασιλέως
3371 863 3611 924 assidat;
3644 880 3731 915 τι-

2151 943 2397 1012 μώμενοι
2414 945 2779 1015 τοπαρχοῦσιν
2798 947 2978 1012 ἄλλοις
2995 930 3499 1003 καθυποκλίνοιντο.
3520 951 3737 1022 ’Υϐριο-

2151 1032 2449 1097 παθοῦντες
2470 1037 2649 1088 τοίνυν
2681 1036 2935 1091 ἐντεῦθεν
2964 1041 3027 1092 ἐκ
3058 1039 3152 1092 τοῦ
3188 1039 3370 1094 κοινοῦ
3402 1040 3551 1107 σφῶν
3576 1058 3738 1094 συνεο

2147 1120 2297 1191 δρίου
2330 1124 2588 1192 πρέσϐεις
2615 1126 2753 1193 πρὸς
2789 1128 2878 1181 τὸν
2927 1129 3163 1195 Ἀλέξιον
3196 1131 3529 1200 πέμπουσιν,
3556 1134 3735 1187 άπαιο

2148 1217 2335 1285 τήσεις
2365 1217 2517 1281 τινας
2560 1223 2990 1290 προτεινόμενοι,
3017 1219 3107 1284 αἷς
3141 1224 3353 1276 ἐκείνου
3406 1225 3534 1293 μηδ’
3593 1226 3737 1287 ὅλως

2151 1307 2534 1376 συντιθεμένου
2594 1314 2899 1381 ἀναχωρεῖν
2952 1314 3049 1384 τῆς
3078 1314 3261 1385 χώρας
3289 1316 3611 1386 παμπληθεί
3668 1334 3733 1370 τε

2148 1399 2243 1450 καὶ
2293 1400 2582 1468 πανομιλεὶ
2609 1401 2810 1465 εὐθέως
2861 1404 3317 1474 ἐσχηματίζοντό.
3367 1407 3735 1477 Κάπειδήπερ

2150 1492 2241 1542 καὶ
2284 1491 2408 1560 νῆες
2454 1494 2662 1560 μακραὶ
2725 1494 2876 1563 σιρῶν
2929 1496 3007 1568 τῷ
3066 1496 3248 1568 λιμένι
3283 1500 3598 1571 ἐνώρμουν,
3632 1502 3734 1571 τὴν

2148 1583 2522 1637 ἀπανάστασιν
2577 1586 2949 1657 διεκήρυττον.
3002 1591 3111 1644 Καὶ
3170 1594 3219 1645 oi
3280 1593 3378 1662 μὲν
3425 1595 3734 1663 ἐκήρυσσον

2150 1672 2275 1742 μάλ’
2304 1667 2445 1739 ὦκα,
2477 1675 2523 1726 ot
2549 1674 2592 1727 δ’
2616 1679 2994 1748 ἡτοιμάζοντο.
3028 1681 3085 1733 '0
3108 1682 3165 1735 δ’
3203 1683 3444 1754 ἀρχηγὸς
3475 1686 3575 1753 τῆς
3602 1684 3723 1754 χὼ·-

2152 1782 2250 1835 ρας
2274 1765 2582 1835 ἀναχωρεῖν
2607 1769 2706 1837 μὲν
2733 1770 2885 1838 ἠφίει
2914 1773 3008 1825 καὶ
3037 1774 3386 1844 ὴφροντίστει
3408 1777 3517 1829 τῶν
3547 1794 3735 1844 φαινο-

2153 1859 2349 1925 μένων,
2380 1858 2519 1930 πλὴν
2548 1862 2645 1929 τῆς
2668 1863 2775 1915 τῶν
2807 1866 3051 1935 φορτίων
3084 1869 3223 1931 τέως
3257 1870 3474 1938 μερίδος
3524 1869 3734 1923 ἄνωθεν

2150 1948 2531 2019 καταχθέντων
2573 1954 2667 2005 καὶ
2690 1953 2810 2006 λίαν
2841 1956 3122 2026 ἀντείχετο
3150 1959 3225 2021 ὼς
3252 1961 3345 2011 ἐπὶ
3385 1963 3487 2031 τῆς
3544 1960 3732 2031 χώρας

2150 2041 2315 2094 αὐτοῦ
2339 2042 2662 2110 γεγονότων.
2700 2047 2759 2097 Oi
2786 2046 2843 2099 δὲ
2872 2047 2951 2119 τῷ
2980 2048 3103 2103 καθ’
3128 2050 3327 2115 αὐτοὺς
3360 2053 3457 2105 καὶ
3504 2052 3733 2123 συνήθει

2151 2136 2460 2223 φρονήματι
2490 2136 2938 2207 ἐμετεωρίζοντο,
2971 2142 3068 2194 καὶ
3093 2141 3230 2211 πρὸς
3247 2144 3313 2197 τὰ
3338 2145 3732 2214 ἐπεσταλμένα

2147 2227 2452 2280 ἀντέτεινον
2481 2228 2574 2281 καὶ
2607 2230 2910 2284 ἀντέσπων.
2964 2232 3279 2288 Κὰντεῦθεν
3309 2236 3538 2305 Ἴϐηρας
3589 2237 3732 2306 ἔχων

2149 2317 2478 2387 ἐκεῖνος,τὴν
2509 2318 2643 2388 πρὸς
2679 2320 2819 2387 σφᾶς
2846 2320 3147 2395 ἀναθαρρεῖ
3168 2325 3369 2396 μάχην,
3396 2329 3489 2379 καὶ
3518 2346 3736 2398 παραυ-

2148 2408 2276 2459 τίκα
2310 2408 2425 2477 ἔρις
2452 2410 2543 2461 καὶ
2577 2410 2810 2479 πόλεμος
2861 2411 2921 2475 ἐξ
2977 2413 3255 2484 ἑκατέρων
3319 2421 3730 2484 συγκροτεῖται,

2149 2501 2243 2552 καὶ
2266 2498 2347 2571 [Ρ.
2384 2497 2512 2571 511]
2545 2501 2804 2572 ἀλλήλους
2841 2503 3085 2569 ἔϐαλλον,
3140 2508 3236 2558 καὶ
3299 2512 3548 2577 συνεχεῖς
3608 2510 3732 2563 ἔπιε

2151 2609 2322 2644 πτον·
2386 2595 2545 2663 ῥέπει
2592 2594 2636 2646 δ’
2684 2598 2717 2665 ἡ
2763 2596 2887 2667 νίκη
2947 2598 3061 2662 τοῖς
3100 2599 3342 2669 Ἴϐηρσι,
3386 2601 3483 2655 καὶ
3540 2602 3731 2668 κακῶς

2151 2794 2372 2833 versum
2414 2779 2469 2832 iu
2513 2777 2783 2835 Orientali
2836 2782 3158 2838 continente
3198 2783 3462 2855 Byzantio
3524 2787 3732 2841 subur-

2154 2872 2327 2937 bium,
2390 2888 2661 2928 concessu
2736 2874 3113 2945 Augustorum
3166 2878 3220 2931 in
3282 2880 3558 2947 propriutn
3622 2879 3732 2935 sibi

2150 2967 2497 3021 domicilium
2538 2967 2825 3033 haberent,
2857 2969 3021 3023 simul
3071 2972 3288 3041 egregie
3336 2976 3614 3026 munitum
3660 2974 3731 3029 ad

2150 3060 2531 3121 securitatem,
2592 3062 2762 3116 simul
2822 3062 3135 3132 magnificis
3169 3064 3409 3133 superbe
3465 3073 3727 3122 ornatum

472 3167 747 3222 rarentur,
792 3157 829 3211 ii
870 3157 1099 3211 nimium
1148 3158 1293 3211 intra
1327 3159 1569 3213 hostium
1620 3158 1876 3227 praesidia
1919 3175 2044 3227 pro-

2154 3154 2422 3216 :ediliciis,
2483 3156 2912 3220 ἱκιιοιιιίηἱοειιιη
2967 3159 3228 3226 deinceps
3289 3158 3396 3212 sibi
3463 3168 3734 3229 putarunt

470 3251 646 3322 gressi
681 3251 911 3305 audacia
969 3250 1283 3305 inconsulta
1318 3252 1502 3306 locum
1540 3252 1686 3305 cladi
1730 3251 2045 3317 dedissent,

472 3346 526 3397 ni
562 3360 795 3415 propere
828 3352 1283 3408 succurreretur,
1317 3358 1445 3397 mox
1491 3343 1826 3412 accipiendae
1860 3344 2049 3413 depre-

473 3441 664 3495 hensis
698 3439 811 3492 illic
844 3438 989 3493 unde
1023 3445 1280 3507 receptus
1316 3450 1424 3491 non
1458 3436 1703 3492 daretur.
1744 3435 1820 3491 lie
1862 3445 2044 3491 autem

470 3549 596 3586 vera
653 3532 791 3586 nihil
830 3533 935 3585 tale
990 3537 1323 3600 peccaverat
1363 3528 1619 3592 Michael,
1662 3529 1964 3599 proculque
2014 3542 2045 3580 a

468 3623 964 3678 circumventionis
1008 3624 1253 3693 periculo
1286 3620 1497 3674 aberat.
1536 3618 1656 3673 Non
1689 3621 1834 3675 enim
1873 3635 2048 3689 usque

471 3717 537 3770 ad
569 3714 886 3769 Reachubin
916 3714 1173 3767 Ternobo
1224 3713 1463 3766 vicinam
1507 3723 1859 3782 processerat
1892 3730 1905 3765 :
1950 3711 2047 3766 sed

468 3817 587 3860 erat
616 3806 804 3877 procul
846 3806 913 3858 ab
940 3805 1045 3859 ista
1092 3805 1263 3873 priori
1309 3804 1522 3858 distans
1561 3805 1665 3856 alia
1709 3803 2044 3866 “caeliubis,

470 3916 631 3973 quam
656 3900 740 3952 vel
770 3900 836 3953 ad
863 3899 1224 3953 differentiam
1246 3898 1326 3952 vel
1351 3898 1417 3951 ad
1451 3897 1870 3968 significandum
1904 3897 2047 3950 hanc

472 3995 563 4046 illa
598 3996 865 4045 minorem
900 4006 1025 4045 esse
1056 3990 1310 4045 homines
1337 3990 1555 4042 illorum
1584 4000 1856 4042 tractuum
1882 3987 2045 4042 dimi-

473 4085 656 4137 nutiva
682 4083 851 4136 forma
888 4082 1317 4135 Reachubitzam
1351 4081 1690 4134 vocitabant.
1721 4079 1839 4134 Hoc
1884 4091 2045 4149 post-

471 4177 689 4231 modum
729 4184 1012 4244 comperto
1057 4175 1340 4244 acquievit
1386 4175 1705 4243 imperator,
1756 4182 1810 4228 et
1856 4174 2043 4243 agnita

471 4268 776 4335 litterarum
812 4264 916 4320 fide
950 4265 1208 4335 gaudium
1247 4266 1496 4334 prosperi
1526 4278 1825 4319 StltiCCaSllS
1852 4265 2043 4319 animo

468 4372 662 4411 securo
692 4356 859 4423 cepit.
878 4353 1132 4411 Nondum
1168 4362 1317 4409 totus
1345 4354 1553 4409 mensis
1578 4352 1802 4408 Sextilis
1822 4354 2045 4409 efﬂuxe-

470 4460 721 4513 rai,_cum
751 4447 862 4516 jam
901 4446 1049 4500 fama
1081 4445 1207 4499 facti
1239 4456 1497 4502 constans
1524 4458 1575 4500 et
1600 4447 1800 4501 indicia
1824 4447 2043 4502 sincera

2157 3248 2264 3315 pali
2298 3248 2533 3317 amplius
2569 3251 3069 3316 perscrutationcm
3096 3251 3441 3306 sarcinarum
3475 3267 3729 3318 suarum,

2152 3356 2274 3410 qua:
2304 3338 2649 3410 Trapezunte
2689 3342 2843 3395 fieret
2883 3341 2951 3394 ad
2995 3342 3372 3411 excipiendam
3411 3343 3537 3397 inde
3575 3343 3735 3412 prin-

2153 3435 2261 3504 eipi
2287 3435 2526 3489 debitam
2565 3446 2819 3503 partem;
2857 3450 2921 3490 ac
2952 3437 3222 3504 coerceri,
3268 3437 3396 3491 dum
3428 3437 3482 3491 in
3535 3436 3733 3491 fraude

2151 3527 2725 3598 deprehendebantur,
2788 3531 3032 3597 graviter
3092 3528 3365 3594 ferebant,
3436 3528 3729 3598 indignum

2150 3637 2272 3677 esse
2305 3630 2624 3684 causantes,
2652 3620 2746 3688 qui
2784 3630 2895 3674 tam
2926 3619 3248 3677 honorificis
3282 3622 3581 3693 privilegiis
3621 3623 3731 3676 im-

2152 3714 2433 3769 manitatis
2468 3712 2647 3766 ornati
2676 3712 2744 3766 ab
2775 3713 3109 3782 imperatore
3136 3711 3302 3784 449
3334 3712 3591 3777 fuissent,
3627 3727 3731 3768 eos

2149 3823 2178 3861 a
2213 3805 2437 3859 minutis
2465 3804 2747 3873 toparchis
2780 3807 2956 3858 teneri
2984 3813 3167 3859 tamen
3195 3806 3493 3875 vectigales
3517 3814 3571 3859 et
3592 3805 3730 3859 sub-

2143 3899 2342 3968 jectos.
2380 3896 2490 3952 Hoc
2520 3912 2649 3966 ergo
2687 3896 2904 3965 injuriae
2934 3896 3053 3950 loco
3082 3899 3347 3950 ducentes
3390 3895 3627 3964 primum
3654 3912 3722 3949 cx

2149 3992 2425 4046 communi
2485 3990 2722 4044 concilio
2779 3989 3025 4058 ipsorum
3083 3990 3296 4058 legatos
3348 3990 3416 4044 ad
3472 3990 3725 4044 Alexium

2152 4086 2401 4146 mittunt,
2461 4060 2713 4151 quaedam
2764 4082 3142 4151 postulantes;
3201 4081 3404 4150 quibus
3464 4095 3590 4135 Cum
3637 4081 3730 4134 ille

2149 4175 2576 4245 haudquaquam
2607 4176 3006 4237 asscntiretur,
3037 4174 3225 4227 statim
3255 4175 3356 4242 ipsi
3390 4174 3722 4229 simularunt

2150 4259 2395 4337 migrare
2417 4283 2476 4322 se
2538 4267 2703 4321 simul
2740 4282 2933 4322 omnes
2968 4282 2999 4322 e
3049 4265 3320 4320 Lazarum
3370 4267 3537 4321 terris
3581 4281 3726 4319 nun-

2149 4375 2313 4427 quam
2360 4358 2637 4413 redituros
2678 4358 2836 4413 velle.
2880 4358 2959 4412 Ac
2981 4361 3240 4428 quoniam
3276 4371 3443 4412 naves
3476 4357 3721 4427 ipsorum

2154 4453 2329 4522 longa:
2374 4449 2431 4503 in
2480 4458 2640 4516 portu
2696 4451 2940 4512 stabant,
3000 4451 3185 4505 subito
3228 4466 3327 4519 per
3379 4465 3474 4504 eas
3533 4466 3731 4504 omnes

471 4541 677 4606 perlata
718 4515 771 4590 in
811 4539 1000 4591 urbem
1069 4538 1228 4609 plene
1270 4540 1383 4592 illic
1418 4540 1634 4594 cunctis
1688 4555 2037 4610 persuasere,
2076 4515 2121 4571 θ
2154 4515 2431 4614 precando
2466 4515 2711 4608 edicunt,
2742 4543 3070 4611 expedirent
3107 4557 3166 4597 se
3200 4515 3384 4597 cuncti
3423 4544 3489 4595 ad
3535 4544 3726 4612 proxi-

468 4631 708 4699 ιέιηινίιει*
733 4646 763 4684 a
799 4632 1005 4685 nostris
1033 4629 1300 4703 Bulgaros
1339 4635 1511 4702 premi
1550 4633 1918 4706 laborareque
1950 4651 2041 4691 res

470 4726 691 4776 horum.

466 4836 555 4892 ‘29.
594 4834 779 4905 Pugna
804 4854 1053 4906 prospera
1082 4839 1334 4907 principis
1366 4838 1629 4892 Lazarum
1654 4840 1832 4894 Alexii
1855 4853 2041 4896 contra

1102 4906 1415 4962 Cannenses.

538 4996 743 5051 Eodem
779 5014 925 5053 anno
983 4997 1253 5054 Lazarum
1300 5001 1577 5070 princeps.
1623 5017 1815 5058 sorore
1871 5004 2041 5074 impe-

468 5090 668 5143 ratoris
697 5099 877 5151 natus,
912 5090 1152 5156 Alexins,
1179 5093 1456 5163 despotica
1484 5094 1721 5164 insignis
1753 5105 2040 5166 potestate

469 5191 522 5233 et
557 5182 747 5236 urbem
780 5183 890 5237 illic
922 5182 1325 5252 Trapezuntem
1355 5186 1636 5253 obtinens,
1672 5204 1911 5260 pugnam
1964 5192 2046 5244 l'e-

468 5276 542 5327 cit
576 5289 698 5327 cum
740 5273 1154 5345 Genuensibus,
1193 5279 1286 5331 tali
1325 5280 1562 5348 quadam
1591 5296 1659 5335 ex
1704 5296 1895 5337 causa.
1934 5281 2045 5338 Ge»

471 5366 778 5421 nnensibus
814 5382 879 5420 ex
908 5372 1137 5438 antiquo
1178 5369 1471 5436 inquilinis
1499 5372 1743 5442 regionis
1775 5373 1897 5440 ejus
1927 5384 2046 5429 erat

467 5458 688 5512 solitum
725 5458 861 5513 lucri
896 5470 1104 5528 partem
1130 5476 1195 5515 ex
1234 5464 1569 5518 commercio
1595 5465 1808 5534 qua'siti
1842 5468 2045 5535 imper-

470 5552 560 5605 ιιι-ἱ
598 5553 699 5605 loci
734 5552 1104 5621 principibus.
1141 5554 1208 5606 At
1242 5565 1535 5624 postquam
1594 5558 1628 5611 ii
1669 5560 1813 5612 aucti
1846 5562 2046 5630 opibus

468 5644 950 5714 Constantinopoli
986 5659 1335 5714 numeroque
1369 5657 1522 5714 sunt,
1551 5656 1604 5702 ct
1638 5650 1748 5704 illic
1783 5654 2046 5707 immuni-

469 5734 674 5787 tatibus
701 5734 889 5788 donati
925 5734 1257 5789 tributorum
1296 5737 1588 5805 splendore
1621 5747 1785 5804 atque
1809 5742 2040 5811 opulen-

468 5826 540 5876 tia
570 5835 947 5893 excreverant,
980 5837 1045 5878 eo
1077 5825 1299 5894 quidem
1334 5844 1505 5898 usque
1539 5840 1595 5883 ut
1624 5829 1901 5898 Galatam,
1940 5834 2039 5888 ad-

579 6010 606 6041 κ
1001 6026 1012 6057 ι

2151 4653 2301 4691 mum
2335 4637 2562 4691 abitum.
2593 4634 2773 4701 Quam
2832 4634 2884 4688 id
2923 4636 3252 4704 imperatum
3298 4636 3572 4700 celeriter,
3613 4645 3726 4690 tam

2151 4736 2400 4799 prompte
2450 4728 2818 4797 impigreque,
2856 4736 2913 4780 ut
2968 4729 3088 4782 sine
3150 4743 3304 4782 mora
3357 4738 3665 4796 pareretur,
3697 4744 3727 4781 a

2150 4821 2383 4893 singulis
2414 4834 2579 4890 opera
2612 4820 2868 4874 dabatur.
2901 4818 3050 4873 Nihil
3083 4821 3168 4875 his
3231 4829 3415 4874 motus
3451 4820 3725 4873 Lazarum

2152 4916 2431 4982 princeps.
2474 4912 2626 4966 abire
2654 4912 2878 4981 quidem
2934 4912 3262 4969 Gcnuenses
3307 4913 3571 4982 perfacile
3603 4928 3730 4981 pas-

2148 5022 2338 5059 surum
2370 5021 2428 5059 se
2456 5005 2721 5071 ostendit,
2761 5006 2885 5071 sive
2910 5005 3226 5074 intelligens
3263 5006 3375 5058 haec
3407 5006 3725 5073 inspeciem

2147 5100 2397 5162 obtendi,
2434 5100 2549 5153 sive
2585 5109 2643 5152 ut
2696 5114 2763 5153 ex
2798 5114 2926 5153 vero
2963 5116 3050 5153 res
3084 5108 3393 5168 gereretur,
3447 5114 3726 5154 cmnmer-

2149 5195 2293 5248 cium
2327 5208 2520 5246 eorum
2561 5207 2756 5261 parum
2817 5206 3042 5254 curans.
3098 5193 3371 5247 (laterum
3437 5190 3725 5263 praefracte

2151 5287 2350 5341 institit
2411 5288 2653 5354 exigere,
2711 5285 2867 5353 prius
2906 5300 3070 5352 quam
3121 5285 3425 5349 solverent,
3477 5284 3529 5337 id
3576 5285 3725 5353 quod

2150 5381 2250 5449 ipsi
2286 5394 2383 5449 pro
2415 5378 2653 5433 sarcinis
2698 5376 2814 5446 jam
2851 5387 2978 5432 ante
3014 5378 3082 5431 ab
3110 5376 3177 5431 iis
3215 5378 3268 5430 in
3300 5392 3457 5431 suam
3517 5386 3721 5430 terram

2151 5472 2315 5524 illatis
2336 5470 2461 5539 jure
2489 5470 2759 5524 hactenus
2793 5480 3017 5538 recepto
3046 5469 3363 5524 deberetur.
3397 5467 3724 5527 Genuenses

2149 5562 2214 5615 ad
2252 5563 2390 5614 hanc
2422 5561 2893 5615 denuntiationem
2956 5560 3225 5639 principis
3283 5563 3335 5614 in
3399 5570 3721 5615 consuetam

2151 5654 2287 5723 ipsis
2314 5654 2439 5705 elati
2479 5652 2894 5713 confidentiam,
2945 5652 3189 5707 facturos
3213 5655 3358 5722 quod
3394 5653 3727 5722 poscebatur

2151 5746 2325 5814 palam
2360 5761 2418 5798 se
2442 5745 2737 5813 negabant,
2774 5745 3239 5815 retraliebantque
3268 5746 3513 5809 interim,
3548 5761 3728 5813 quan-

2151 5848 2264 5891 tum
2322 5846 2596 5905 poterant,
2632 5853 2846 5895 merces
2902 5840 2957 5895 in
3011 5855 3199 5900 naves.
3255 5840 3353 5897 liie
3412 5844 3556 5897 enim
3595 5857 3723 5898 vero
3782 5858 3789 5861 '
