4024 6458
409 399 421 408 ,
445 339 549 402 493
1639 342 1991 405 “GEORGII
2025 343 2511 406 PACHYMER/E

3617 340 3681 402 4“
3693 341 3729 403 6

457 454 669 517 Ἰταλοὶ,
713 454 787 518 ὡς
813 453 858 506 δ’
902 453 1137 519 Ἀλανοὶ,
1176 455 1294 517 ταῖς
1327 452 1575 524 γνώμαις
1618 455 2022 525 ἡλλοτριοῦντο,
2054 460 2104 517 Α
2132 454 2503 524 προσέταττεν
2540 454 2927 524 ὑποστρέφειν.
2968 452 3092 514 Τοῖς
3127 450 3182 505 δὲ
3208 449 3436 503 θάνατον
3464 449 3561 520 τῆς
3590 451 3731 503 ὑπο·-

449 547 734 617 δυσχερεῖς
761 545 1156 609 δντεςπείθειν
1182 545 1278 599 καὶ
1313 547 1450 616 πρὸς
1484 547 1551 600 τὰ
1582 548 1732 617 παρὰ
1766 548 2028 617 βασιλέως

452 640 835 708 ἐπεσταλμένα
870 638 1390 693 καθυποκλίνεσθαι.
1427 639 1519 709 Τῷ
1549 640 1645 709 μὲν
1678 635 1771 693 οὖν
1812 639 2031 709 μεγάλῳ

449 731 624 793 δουκὶ,
669 729 827 783 τοῦτο
883 730 982 801 μὲν
1036 730 1177 783 κατὰ
1211 730 1558 801 Μαγνησίαν,
1601 729 1758 783 τοῦτο
1787 730 1844 782 δὲ
1891 730 2033 781 κατὰ

452 823 769 896 Μιτυλήνην
792 823 1057 892 διάγοντι,
1092 824 1149 876 αἱ
1179 823 1369 893 συχναὶ
1391 823 1716 895 προστάξεις
1739 823 1832 875 τοῦ
1865 822 2034 891 ὑπερ-

453 917 643 970 θέσθαι
692 918 781 971 τὸν
834 916 971 987 πρὸς
1008 916 1135 981 τοὺς
1191 917 1597 986 Μαγνησιώτας
1658 917 1892 984 πόλεμον
1939 916 2034 966 καὶ

457 1009 631 1077 περᾷν
663 1006 882 1079 σύναμα
939 1005 1018 1074 τῷ
1052 1006 1142 1058 ὑπ’
1176 1006 1339 1058 αὐτὸν
1368 1005 1483 1075 λαῴ
1526 1006 1671 1058 κατὰ
1714 1006 1865 1058 δύσιν
1897 1003 2035 1073 πρὸς

454 1100 546 1151 τὸν
575 1099 851 1167 ἀνάκτορα
891 1097 1113 1166 Μιχαὴλ
1142 1091 1323 1167 (εἶναι
1350 1097 1457 1167 γὰρ
1493 1099 1587 1150 καὶ
1628 1094 2033 1166 Μαγνησιώτας

457 1189 730 1256 ὑπηκόους
766 1192 832 1259 τῇ
866 1188 1138 1259 βασιλείᾳ,
1181 1187 1563 1257 εὐφημοῦντας
1612 1186 1882 1258 ὁσημέραι
1908 1186 2035 1249 τοὺς

457 1282 720 1354 βασιλεῖς,
748 1283 842 1334 καὶ
872 1273 969 1351 τῆς
1005 1282 1138 1350 πρὸς
1171 1281 1338 1335 αὐτὸν
1365 1280 1648 1350 παροινίας
1689 1279 1921 1343 εὐθύνας
1955 1280 2036 1342 τίς

457 1377 649 1447 καιρὸν
677 1377 936 1444 ὑποσχεῖν
987 1374 1359 1444 δυναμένους)
1388 1373 1539 1426 οὐδὲν
1571 1368 1734 1442 ἦσαν,
1772 1373 1867 1426 καὶ
1886 1371 2035 1439 λόγοι

457 1471 736 1542 trivium;
771 1470 1057 1539 λεγόμενοι
1117 1467 1420 1538 Ῥωμαίους
1455 1466 1891 1537 ἀνδρολογοῦντι,
1941 1464 2037 1519 καὶ

463 1566 695 1635 μάλιστα
750 1564 843 1616 ἐπὶ
883 1561 1308 1631 Μαγνησιώτας,
1362 1560 1457 1612 καὶ
1499 1562 1547 1612 εί
1585 1559 1660 1630 μὴ
1704 1557 2035 1625 ἀναστατοίη

457 1657 703 1721 τούτους,
753 1655 874 1708 οὐδὲ
923 1655 1024 1725 ζῇν
1057 1654 1289 1708 θέλοντι.
1331 1651 1579 1713 Ἀλανοῖς
1611 1651 1669 1704 δὲ
1705 1651 1799 1703 καὶ
1835 1649 2036 1720 μᾶλλον

456 1751 543 1804 διὰ
564 1751 629 1802 τὰ
662 1747 1058 1819 προσυμὸἀντα
1077 1746 1217 1800 κατὰ
1242 1744 1484 1810 Κύζικον
1510 1744 1612 1798 οὐκ
1639 1740 1709 1815 ἦν
1736 1743 1941 1814 ἀρεστὰ
1966 1741 2037 1794 τὰ

2140 549 2378 618 στροφῆς
2415 547 2867 618 ἀνθαιρουμένοις
2912 546 3114 616 συνέϐη
3168 543 3244 615 τῷ
3278 545 3416 604 τέως
3451 542 3730 611 ἀνδραγα-

2134 640 2297 711 θῆσαι
2332 640 2609 708 φανέντων
2662 638 2911 708 Περσῶν.
2977 637 3197 708 Ἐπειδὴ
3249 637 3359 705 γὰρ
3407 636 3454 687 οἱ
3513 635 3612 704 μὲν
3642 635 3727 696 είς

2135 734 2520 796 ἑννεακοσίους
2555 732 2882 795 ὲποσοῦντο,
2938 732 3033 784 καὶ
3069 730 3172 800 τὴν
3228 729 3410 799 μάχην
3441 727 3517 789 ὡς
3547 729 3727 779 εἰπεῖν

2138 825 2278 895 μετὰ
2310 824 2550 895 θάρρους
2585 822 2968 875 είσϐἀλλουσιν
2998 821 3231 888 ὲκμιᾶς
3256 834 3270 847 ·
3324 819 3374 868 οἱ
3405 816 3449 869 δ’
3477 821 3535 869 ὲν
3564 816 3730 886 μέρει

2138 916 2511 986 συμσαλόντες
2545 915 2620 980 ὡς
2654 918 2733 980 εἰς
2770 913 3081 975 διακοσίους
3116 911 3199 983 [Ρ.
3238 908 3364 983 515]
3396 908 3725 972 ποσοῦοθαι,

2133 1010 2241 1061 τῶν
2274 1009 2452 1063 ἄλλων
2488 1007 2675 1060 αὐτῶν
2727 1006 2803 1070 ὼς
2834 1007 2898 1058 ὲκ
2939 1003 3135 1057 πολλοῦ
3192 1001 3723 1061 διασκεδασθέντων,

2135 1102 2284 1173 ὅμως
2316 1102 2442 1164 τοὺς
2476 1101 2576 1171 μὲν
2602 1100 2917 1160 κτείνουσιν
2936 1099 3060 1160 τοὺς
3086 1097 3131 1148 δ’
3159 1094 3407 1164 αἱροῦσιν
3441 1094 3519 1154 είς
3542 1096 3729 1160 φυγην

2135 1196 2479 1265 τραπέντας,
2499 1194 2656 1247 αὐτοὶ
2685 1174 2859 1265 μηδὲν
2894 1190 3164 1252 παθόντες
3206 1190 3316 1241 τῶν
3342 1185 3684 1255 ἀνηκέστων.

2135 1312 2240 1383 λβ’.
2282 1310 2612 1381 Τεράστιον
2646 1306 3132 1383 τελεσθὲνῗπαρὰ
3169 1305 3297 1383 ,τῆς
3340 1304 3516 1373 ἁγίας
3561 1304 3732 1356 ὀσιου

2352 1377 2367 1427 ῗ
2593 1379 2896 1450 μάρτυρος
2927 1377 3273 1443 Θευδοσίας.

2222 1475 2312 1527 Ἑν
2359 1472 2538 1544 τούτῳ
2569 1474 2625 1526 δὲ
2674 1474 2770 1525 καὶ
2803 1473 2973 1541 τέρας
3007 1471 3248 1523 τελεῖται
3281 1463 3592 1534 θαυμάσιον
3624 1463 3728 1532 τῆς

2136 1568 2540 1639 ὀσιομάρτυρος
2587 1566 2897 1630 Θεοδοσίας,
2965 1565 3095 1633 περὶ
3144 1557 3205 1615 οἶ»
3244 1562 3320 1631 μῆ
3366 1560 3551 1628 λέγειν
3579 1560 3733 1609 isto-

2140 1663 2324 1735 ροῦντι
2359 1660 2484 1715 καθ’
2515 1660 2749 1713 ἕκαστον
2776 1660 2901 1728 ἐμοὶ
2927 1659 3026 1726 μὲν
3050 1655 3295 1717 κίνδυνος
3326 1653 3387 1705 οὗ
3416 1650 3637 1722 μικρὸς,
3659 1648 3729 1700 τὰ

2140 1755 2281 1825 ἔργα
2310 1754 2403 1808 τού
2432 1752 2568 1807 Θεοῦ
2597 1748 2999 1820 ἀνακηρύττειν
3034 1746 3187 1813 ἄξιον
3221 1744 3302 1810 ὃν,
3339 1744 3516 1814 ζημία
3543 1743 3601 1795 δὲ
3630 1740 3733 1793 οὐκ

458 1842 833 1913 πραττόμενα,
896 1839 1034 1893 ἀλλὰ
1098 1837 1377 1909 πανδημεὶ
1441 1836 1584 1906 ὑπὲρ
1648 1834 2037 1897 πεντακοσίους
2064 1836 2297 1912 Βόλίγη
2332 1846 2443 1907 τοῖς
2502 1842 2577 1913 μὴ
2624 1841 2921 1896 ἀκούσουσι
2982 1837 3412 1909 περιστήσεται·
3481 1831 3647 1904 ῥηθὲν
3672 1829 3733 1883 δὲ

403 1977 408 1983 .
460 1936 777 2004 ἀφίσταντο.
811 1933 1060 2002 unum,
1090 1930 1359 2001 ἀπείρητο
1397 1927 1625 1990 τούτους
1671 1928 1745 1997 μὴ
1780 1925 2041 1997 περαιοῦ-

458 2030 581 2083 σθαι
613 2029 755 2081 κατὰ
782 2028 880 2097 τὴν
911 2024 1146 2078 Καλλίου
1198 2025 1293 2076 ἐπὶ
1322 2023 1390 2077 τὰ
1424 2023 1684 2091 σφέτερα,
1720 2022 1918 2090 ἀλῆται
1950 2021 2039 2075 τόν

458 2136 593 2181 πους
619 2120 684 2171 ἑκ
709 2118 892 2170 τόπων
923 2114 1245 2185 ἀμείϐοντες
1269 2112 1374 2177 ἔξω
1402 2129 1504 2165 που
1533 2111 1640 2164 τῶν
1669 2109 1872 2180 Πηγῶν
1908 2127 2041 2179 σκη-

460 2212 665 2268 νοῦσιν.
724 2205 821 2273 Οἷς
882 2206 1137 2277 βασιλεὺς
1194 2207 1428 2277 πέμπων
1461 2203 1741 2258 καὶὶκανα
1795 2201 2039 2273 ἀργύρια

460 2418 564 2459 nec
601 2396 980 2456 revocabiliter
1006 2391 1344 2458 commissis,
1366 2405 1506 2461 quas
1533 2391 1724 2445 iterata
1756 2405 1856 2445 sua
1880 2387 2039 2460 jussa

459 2498 657 2553 sedare
701 2495 966 2547 hactenus
1006 2486 1408 2556 nequivissent,
1467 2484 1598 2540 odio
1663 2484 1716 2537 in
1785 2484 2039 2553 utrisque

469 2597 663 2644 mutuo
693 2584 1073 2652 exstinguente
1109 2578 1474 2633 reverentiam
1508 2574 1722 2646 imperii
1759 2585 1813 2631 et
1845 2585 2038 2630 contu-

462 2685 690 2737 maciam
724 2680 881 2734 iratis
912 2674 1264 2731 inﬂexibilem
1300 2671 1538 2726 amante.
1566 2669 1731 2726 Istius
1758 2679 2040 2724 contuma-

459 2782 557 2833 cia:
586 2776 824 2847 primum
868 2782 922 2828 et
964 2769 1207 2824 maxime
1238 2767 1536 2822 molestum
1597 2764 1652 2819 in
1687 2777 1887 2833 magno
1918 2766 2038 2832 ipso

458 2874 597 2924 duce
637 2866 916 2937 specimen
966 2861 1239 2917 exstabat.
1295 2857 1430 2912 Nam
1470 2872 1598 2911 cum
1632 2872 1758 2911 eum
1792 2858 1905 2926 jam
1944 2854 2078 2909 ad-'

460 2963 567 3016 huc
595 2961 876 3029 degentem
914 2953 1169 3022 Mitylene
1199 2952 1345 3021 (quo
1374 2958 1620 3018 tempore
1648 2947 1941 3018 Magnesia:
1969 2946 2036 2999 ab

460 3054 556 3106 illo
586 3048 825 3104 defectio
858 3043 1112 3113 contigit)
1145 3041 1390 3113 praecisis
1424 3041 1519 3094 sed
1553 3039 1726 3094 irritis
1762 3036 2035 3092 mandatis

464 3149 711 3197 avertere
745 3145 1011 3192 tentasset
1063 3149 1094 3188 a
1147 3131 1377 3187 consilio
1434 3130 1617 3186 statim
1661 3137 2031 3199 oppugnatum

459 3231 625 3289 eundi
677 3227 1105 3298 Magnesienses,‘
1147 3237 1385 3291 cumque
1421 3236 1487 3276 ex
1526 3235 1637 3290 quo
1673 3219 2038 3272 intellexisset

455 3324 569 3396 jam
602 3320 831 3375 eundem
863 3315 1118 3371 obsidere
1150 3300 1505 3382 Magnesia’m,
1552 3326 1658 3365 non
1706 3310 1886 3363 minus
1920 3310 2043 3362 inu-

458 3416 543 3470 tili
593 3420 795 3468 conatu
851 3405 1132 3462 retrahere
1161 3405 1339 3472 ipsum
1382 3417 1413 3456 a
1453 3402 1547 3456 tali
1580 3412 1761 3472 coepto
1801 3400 2040 3470 sategis-

460 3516 568 3571 set,
626 3516 793 3575 quam
826 3508 1038 3570 poterat
1095 3496 1477 3553 efﬁcacissime
1535 3496 1813 3564 imperans
1867 3504 1925 3548 ιιι
1974 3508 2040 3548 eo

462 3596 851 3666 intempestivo
910 3593 1082 3647 dilato
1120 3592 1262 3646 bello
1320 3589 1607 3643 universas
1662 3602 1801 3657 quas
1851 3576 2038 3640 secum

465 3690 700 3747 habebat
738 3685 928 3755 copias
983 3682 1218 3752 trajectu
1254 3680 1546 3737 coufeStitu
1601 3682 1763 3745 mari,
1810 3679 2042 3734 duceret

462 3786 517 3839 in
558 3789 768 3836 tractus
814 3775 1088 3831 Oeeiduos
1138 3776 1205 3829 ad
1250 3776 1634 3843 imperatorem
1689 3773 2037 3837 Michaeietn,

462 3875 706 3944 allegatis
723 3869 1161 3940 Magnesienses,
1181 3877 1461 3935 utcunque
1512 3866 1671 3919 aliter
1698 3873 2040 3934 peccassent,

461 3972 715 4035 perstare
742 3974 921 4017 tamen
956 3962 1007 4014 iu
1040 3959 1379 4029 professione
1407 3956 1792 4011 submissiOnis
1828 3955 1894 4009 ad
1935 3955 2039 4008 im-

461 4055 675 4125 perium
716 4062 770 4108 et
811 4052 1058 4123 quotidie
1113 4050 1377 4119 Augustis
1433 4060 1546 4102 sua:
1599 4047 1654 4101 in
1695 4061 1790 4101 eos
1844 4045 2041 4101 obser-

459 4147 661 4203 vantiae
710 4144 985 4199 indicibus
1034 4138 1535 4197 acclamationibus
1602 4136 1742 4191 bene
1802 4135 2038 4205 precari,

461 4242 585 4312 ejus
639 4254 801 4310 porro
855 4235 1005 4307 quod
1051 4248 1335 4305 perperam
1360 4234 1643 4303 egissent,
1678 4229 2042 4285 commodiori

463 4348 625 4404 posse
655 4342 902 4402 tempore
936 4326 1004 4381 ab
1029 4326 1164 4397 ipsis
1196 4337 1388 4394 poenas
1414 4324 1613 4393 repeti,
1633 4322 1769 4389 haec,
1793 4322 2040 4391 inquam,

462 4424 813 4481 Andronicus
872 4420 1000 4476 duci
1037 4431 1255 4488 magno.
1299 4416 1429 4471 licet
1489 4414 1893 4470 instantissime
1942 4414 2044 4468 ite-

2143 1937 2364 1999 παντως
2396 1935 2492 1987 καὶ
2523 1935 2624 2005 τὴν
2662 1930 2757 1985 τοῦ
2782 1930 2919 1985 Θεοῦ
2976 1930 3240 2000 πρόνοιαν
3273 1923 3600 1996 ἀκριϐώσει,
3636 1922 3735 1974 καὶ

2140 2028 2340 2097 δεῖγμα
2374 2027 2473 2097 τῆς
2509 2026 2647 2095 πρὸς
2692 2024 2842 2095 ἡμᾶς
2894 2020 3224 2092 κηδεμονίας
3264 2017 3360 2071 τοῦ
3405 2015 3731 2084 Κρείττονος

2144 2123 2425 2190 παραστῇ.
2453 2119 2691 2181 Νεανίας
2717 2134 2799 2179 τις
2837 2115 2944 2171 ἀνὰ
2970 2115 3068 2185 τὴν
3096 2109 3517 2168 Κωνσταντίνου
3544 2106 3732 2175 κωφός

2142 2231 2199 2267 τε
2250 2215 2345 2267 καὶ
2395 2214 2548 2275 ὲνεδς
2603 2211 2696 2264 ἐπὶ
2754 2207 2970 2280 χρόνοις
3002 2202 3070 2277 ἦν
3126 2205 3227 2260 οὐκ
3257 2203 3511 2276 ὀλίγοιςλ
3543 2199 3641 2253 καὶ
3671 2197 3733 2251 τὸ

2140 2395 2487 2452 conveniunt
2548 2393 2703 2448 missi
2759 2392 2826 2447 ab
2876 2393 3227 2461 imperatore,
3292 2384 3389 2456 qui
3441 2387 3732 2438 numerata

2141 2491 2275 2560 ipsis
2325 2488 2563 2559 pecunia
2622 2502 2732 2542 non
2790 2485 3004 2540 modica
3048 2483 3306 2555 juberent
3344 2479 3526 2534 redire
3584 2473 3734 2529 unde

2139 2565 2417 2651 fugerant,
2450 2595 2513 2634 ac
2546 2581 2704 2649 signa
2740 2585 3009 2648 repetere.
3042 2575 3113 2630 At
3148 2576 3229 2629 illi
3253 2574 3335 2629 sic
3371 2570 3544 2643 parati
3568 2573 3733 2624 erant

2138 2676 2360 2741 animis,
2393 2681 2451 2728 ut
2494 2681 2728 2727 mortem
2758 2672 2914 2726 obire
2955 2669 3184 2725 mallent
3223 2682 3386 2738 quam
3423 2664 3526 2719 sub
3574 2660 3734 2716 exosi

2138 2778 2194 2823 et
2230 2768 2433 2821 irritati
2470 2767 2633 2821 ducis
2677 2765 2970 2834 imperium
3011 2763 3216 2818 redire.
3252 2759 3478 2814 Interim
3505 2750 3732 2810 occasio

2138 2862 2249 2917 illis
2280 2860 2360 2916 rei
2394 2860 2534 2915 bene
2557 2859 2812 2930 gerendae
2847 2858 3029 2912 oblata
3072 2863 3175 2920 est,
3211 2851 3449 2923 quadam
3496 2849 3637 2900 forte
3670 2845 3729 2897 in

2138 2956 2250 3010 illis
2278 2954 2526 3026 partibus
2566 2960 2866 3022 apparente
2893 2948 3187 3004 Persarum
3230 2960 3417 3004 manu,
3450 2940 3587 2996 satis
3634 2935 3728 2988 illa

2137 3047 2358 3117 quidem
2397 3044 2602 3108 valida,
2634 3052 3035 3110 nongentorum
3068 3038 3323 3094 videlicet
3344 3043 3727 3092 armatorum;

2140 3141 2228 3194 cui
2260 3154 2383 3193 cum
2413 3136 2576 3191 Alani
2606 3143 2986 3196 occurrerent,
3011 3132 3156 3186 haud
3189 3144 3384 3185 omnes
3408 3125 3572 3181 simul
3598 3123 3733 3178 ade-

2145 3241 2270 3288 rant
2301 3230 2397 3286 sed
2431 3228 2656 3284 ducenti
2694 3228 2982 3289 duntaxat,
3010 3225 3132 3278 aliis
3174 3210 3464 3282 trecentis,
3498 3234 3560 3273 ex
3611 3229 3728 3284 quo

2143 3338 2172 3376 a
2211 3323 2413 3378 casu-is
2450 3328 2817 3383 recesserant,
2855 3319 3061 3374 dudum
3111 3317 3261 3370 varie
3296 3313 3583 3383 dispersis.
3617 3308 3733 3362 Tn-

2142 3428 2269 3467 men
2303 3413 2377 3466 ita
2414 3411 2628 3465 fortiter
2670 3411 2723 3464 itt
2763 3410 2961 3465 Persas
3009 3411 3385 3472 incurrerunt,
3431 3416 3487 3459 ut
3522 3403 3733 3456 multos

2144 3520 2335 3560 eorum
2383 3503 2780 3567 interficerent,
2827 3503 3072 3571 reliquos
3110 3502 3384 3572 fngareut,
3415 3507 3468 3550 et
3513 3494 3727 3565 fugaci-

2145 3598 2249 3653 bus
2312 3600 2572 3654 instando
2616 3598 2887 3668 plurimos
2935 3612 3128 3652 eorum
3174 3605 3456 3663 caperent,
3508 3595 3731 3647 nemine

2145 3702 2373 3744 suorum
2409 3697 2504 3742 aut
2534 3688 2847 3744 desiderato
2898 3695 2993 3741 aut
3031 3688 3274 3757 graviter
3301 3687 3509 3740 saucio.

2144 3824 2233 3878 52.
2264 3823 2579 3894 Prodigium
2595 3832 2863 3891 patratum
2888 3840 2920 3875 a
2941 3833 3125 3876 sancta
3152 3834 3384 3894 martyre
3409 3822 3728 3877 Theodosia.

2218 3961 2363 4016 Inter
2393 3961 2507 4015 haec
2541 3968 2915 4030 perpetratum
2942 3969 3024 4014 est
3061 3967 3438 4032 prodigiosum
3480 3964 3726 4018 miracu-

2145 4055 2257 4109 lum
2313 4063 2519 4109 sanetaz
2569 4055 2830 4123 martyris
2880 4051 3226 4108 Theodosiae.
3280 4055 3435 4121 Quod
3472 4057 3729 4125 equidem

2147 4147 2345 4201 horum
2378 4145 2697 4199 'historiam
2757 4156 3065 4215 temporum
3104 4147 3322 4201 tradere
3365 4148 3563 4202 litteris
3595 4164 3725 4218 pro-
3778 4212 3793 4219 κ

2147 4237 2352 4303 fessus,
2377 4237 2521 4291 haud
2541 4239 2679 4293 citra
2705 4237 3011 4307 periculum
3045 4241 3494 4308 reprehensionis
3514 4252 3569 4296 et
3587 4241 3731 4296 inof-

2148 4331 2321 4387 ficiosi
2381 4331 2599 4400 culpam
2648 4332 2879 4394 silentii,
2911 4331 3173 4385 distincte
3218 4336 3319 4387 hoc
3356 4336 3475 4388 loco
3521 4337 3732 4392 referre

2147 4424 2480 4486 omitterent,
2533 4423 2722 4492 utique
2761 4439 2885 4477 cum
2916 4423 3011 4478 Dei
3041 4440 3209 4494 opera
3243 4429 3452 4496 vulgari
3486 4439 3542 4482 et
3589 4432 3731 4484 scri-

463 4532 617 4580 raﬂS.
650 4514 821 4570 surdo
857 4511 1114 4575 canebal,
1145 4508 1283 4564 adeo
1307 4506 1531 4577 quidem
1565 4506 1857 4562 Obﬁl‘malo
1877 4505 2042 4578 452
2078 4539 2119 4594 υ
2151 4515 2256 4585 ptis
2289 4514 2745 4583 sermonibusque
2777 4515 3044 4568 celebrari
3079 4516 3239 4585 digna
3271 4518 3405 4583 sint,
3447 4505 3548 4572 nec
3580 4520 3731 4574 irau-

464 4614 520 4667 in
556 4606 841 4680 proposito
876 4603 1294 4675 Magnesienses
1322 4601 1651 4663 ulciscendi,
1682 4608 1742 4654 ut
1780 4614 1912 4655 suas
1941 4614 2039 4654 co-

462 4704 584 4773 pias
611 4701 677 4753 ad
708 4686 766 4753 id
800 4695 1190 4753 insuﬂicientes
1239 4693 1616 4763 deprehensas
1646 4694 1802 4747 novis
1836 4692 2040 4747 Roma-

463 4806 655 4844 norum
685 4788 991 4842 delectibus
1015 4791 1263 4856 augeret,
1293 4784 1627 4852 omninoque
1660 4798 1768 4853 prae
1790 4799 1850 4839 se
1876 4782 2044 4840 ferret

461 4901 542 4948 se,
596 4883 701 4938 nisi
746 4880 923 4935 deleta
974 4878 1065 4932 ilia
1126 4878 1231 4934 sibi
1283 4876 1473 4930 rebelli
1526 4878 1683 4941 urbe,
1729 4878 1871 4934 haud
1905 4878 2043 4933 velle

462 4977 667 5029 vivere.
711 4969 916 5026 Verum
968 4970 1079 5024 illis
1110 4984 1251 5038 quos
1301 4968 1413 5022 iilic
1473 4968 1580 5023 sub
1607 4971 1782 5041 signis
1807 4972 2042 5025 habebat

467 5066 679 5129 Alanis,
729 5062 960 5116 subinde
1013 5060 1400 5131 reputantibus
1461 5061 1587 5130 quid
1647 5063 1829 5133 Cyziei
1894 5065 2039 5131 passi

463 5157 930 5221 essent,.minime
959 5155 1254 5222 placebant
1289 5170 1411 5223 qum
1444 5163 1576 5209 tunc
1609 5156 1822 5211 ﬁerent.
1863 5155 2043 5221 Quare

466 5252 519 5305 hi
549 5258 708 5317 capto
733 5255 977 5316 tempore
1013 5260 1208 5298 omnes
1241 5247 1428 5307 sintut,
1464 5262 1699 5301 numero
1732 5247 2039 5316 quingenti,

465 5357 496 5395 a
523 5339 723 5393 castris
757 5338 939 5406 magni
969 5336 1128 5392 ducis
1161 5337 1377 5404 iniussu
1405 5337 1642 5401 abeunt;
1669 5349 1721 5392 et
1749 5339 2039 5406 desperata

463 5434 729 5490 facultate
764 5431 1074 5501 trajiciendi
1119 5431 1243 5485 freti
1280 5430 1342 5483 ad
1380 5430 1716 5499 Callipolim,
1746 5434 1939 5500 sicque
1986 5433 2040 5485 in

464 5539 594 5580 suas
638 5524 882 5593 ipsorum
920 5531 1096 5577 terras
1150 5521 1463 5585 recedendi,
1513 5523 1649 5589 vagi,
1705 5525 2040 5578 stationibus

461 5616 656 5669 crebro
685 5614 986 5676 mutandis,
1041 5614 1149 5668 huc
1184 5612 1423 5681 illucque
1460 5614 1798 5669 ferebantur.
1846 5617 1919 5669 Eo
1956 5616 2041 5669 in-

461 5717 613 5762 certo
666 5720 833 5760 cursu
885 5705 1075 5775 perlati
1144 5704 1212 5758 ad
1258 5704 1516 5757 viciniam
1570 5703 1836 5773 Pegarum
1888 5718 2040 5764 certo

461 5805 584 5861 loco
619 5806 772 5853 extra
823 5797 1084 5870 oppidum
1144 5797 1501 5853 tabernacula
1566 5798 1750 5853 ﬁxere.
1802 5801 1915 5855 Illic
1944 5818 2039 5857 eos

2149 4606 2330 4661 danda
2371 4607 2668 4675 posteritas
2741 4608 2816 4662 rei
2873 4609 3064 4661 notitia
3116 4609 3430 4665 utilissimae
3478 4614 3728 4680 cegnitu,

2146 4715 2309 4769 quam
2348 4699 2450 4752 nisi
2484 4700 2699 4753 audiret
2730 4713 2815 4752 me
2871 4708 3149 4764 narrante,
3191 4702 3523 4756 detrimento
3548 4702 3731 4757 aﬂice-

2147 4798 2297 4845 retur
2321 4789 2464 4841 haud
2493 4787 2732 4841 modico.
2770 4787 2972 4841 Eadem
3005 4804 3170 4856 porro
3201 4790 3549 4861 promulgata
3573 4803 3729 4847 certo

2146 4882 2549 4936 demonstrabit
2581 4887 2910 4948 argumento
2932 4879 3095 4951 453
3126 4882 3412 4952 invigilare
3440 4886 3601 4939 rebus
3628 4888 3729 4940 ltu-

2148 4970 2327 5023 mauis
2384 4970 2784 5036 providentiam
2843 4970 3105 5034 divinant,
3150 4987 3361 5041 neSque
3418 4973 3528 5030 Deo
3577 4993 3728 5033 curae

2145 5077 2288 5127 esse,
2344 5062 2600 5130 praesenti
2635 5065 2792 5130 quasi
2830 5063 3062 5132 pignore
3109 5064 3270 5119 ﬁdem
3311 5065 3494 5122 fat-iet.
3526 5069 3731 5124 Adole-

2146 5170 2307 5210 scens
2344 5154 2566 5223 quidam
2622 5154 3101 5225 Constantiimpoli
3148 5159 3353 5212 surdus
3406 5161 3565 5216 annis
3618 5178 3726 5216 non

2145 5250 2335 5317 paucis
2369 5258 2424 5301 et
2461 5259 2644 5302 mutus
2676 5248 2812 5312 fuit;
2848 5264 2951 5318 qua
2980 5250 3093 5318 ipsa
3125 5251 3347 5306 miseria
3381 5256 3584 5307 vietum
3616 5256 3727 5309 alia

2147 5339 2254 5393 sibi
2306 5340 2520 5393 ratione
2569 5355 2764 5407 parare
2802 5340 3135 5409 prohibitus,
3165 5344 3417 5398 mercede
3455 5344 3728 5400 famulans

2148 5432 2450 5494 victitabat,
2481 5430 2648 5499 idque
2678 5450 2783 5485 non
2837 5433 2982 5502 apud
3015 5450 3183 5489 unum
3229 5452 3561 5506 permanens
3589 5454 3726 5492 con-

2146 5533 2378 5589 stanter,
2422 5523 2516 5577 sed
2570 5527 2803 5581 subinde
2855 5540 3074 5584 mutans
3115 5530 3393 5587 dominos.
3422 5530 3647 5588 Loeavit
3679 5534 3728 5592 is

2147 5617 2293 5671 inter
2351 5616 2489 5671 alios
2555 5633 2783 5686 operam
2844 5619 3063 5674 cuidam
3140 5623 3419 5692 Pegunitte
3475 5629 3723 5693 nomine,

2144 5703 2393 5772 proxime
2432 5708 2792 5775 conspicuum
2839 5711 3100 5778 templum
3134 5713 3225 5767 Dei
3254 5729 3565 5784 praeconum
3592 5734 3724 5787 apo—

2147 5798 2415 5853 stolorum
2449 5799 2739 5856 habitanti.
2766 5802 2920 5872 Apud
2954 5805 3100 5858 hunc
3136 5816 3288 5860 muto
3326 5809 3513 5873 iuvent
3540 5817 3720 5869 diter-
3768 5845 3785 5855 ο
