4024 6408
306 376 412 435 497

1234 384 1333 444 DE
1368 382 1807 445 ANDRUNILO
1847 382 2309 446 PAUEOLOGO
2350 385 2497 447 LIB.
2539 387 2610 445 V.

3398 436 3407 447 .
3451 379 3559 443 498

292 489 469 550 πάθος
511 504 610 544 και
663 492 827 545 αὐτὸν
861 493 969 548 τῶν
1002 496 1137 567 πρὸς
1176 496 1239 549 τὸ
1274 499 1374 569 ζῇν
1413 498 1724 568 ἀποροῦντα
1776 497 1872 566 θη-
1902 497 1948 557 Α
1979 501 2075 553 καὶ
2108 501 2333 565 είκαίως
2389 496 2545 565 οὗτος
2599 498 2783 554 ἐπόνει
2839 498 2937 553 καλ⁵
2983 496 3353 567 ἐδυσχέραινε.
3404 498 3562 553 Μετὰ

287 579 466 641 τείαις
503 582 701 646 ἐδίῐου,
757 586 826 637 δι’
858 578 933 639 ὧν
968 587 1335 658 ἐπολυωρείτο
1389 593 1499 652 τοῖς
1525 590 1864 656 ἀναγκαίοις,

288 673 394 726 κᾶν
434 673 509 743 μὴ
548 674 777 745 μόνιμος
815 672 882 749 ἦν
915 679 1014 748 τὴν
1048 681 1131 747 ἐφ’
1194 682 1274 734 ἑνὶ
1320 680 1558 753 δεσπότῃ
1617 681 1865 748 θητείαν,

287 765 429 820 ἀλλὰ
476 767 603 830 τοὺς
638 768 907 833 δεσπότας
951 771 1253 826 ἀλλάττων.
1306 772 1694 841 Θητεύειγοῦν
1730 772 1869 841 πρὸς

286 863 403 922 τοῖς
431 860 642 926 λοιποῖς
691 864 785 916 καί
819 881 924 917 τινι
953 866 1246 937 Πηγωνίτῃ
1289 866 1553 936 τοῦνομα,
1579 865 1675 918 τοῦ
1704 882 1868 935 περι-

288 952 623 1021 φανοῦςπου
672 957 779 1009 νεὼ
809 958 918 1010 τῶν
957 957 1312 1029 θεοκηρύκων
1353 962 1585 1029 ἔγγιστα
1625 958 1869 1029 καταμέ-

287 1062 455 1099 νοντι.
511 1047 698 1118 Τούτῳ
759 1051 881 1103 κατ’
936 1051 1071 1121 ὄναρ
1109 1054 1143 1122 ἡ
1191 1055 1402 1123 μάρτυς
1443 1053 1734 1122 ἐφίσταται
1775 1051 1871 1103 καὶ

288 1139 587 1208 παρθένος,
627 1143 722 1194 καὶ
770 1142 871 1211 τὴν
916 1144 1055 1212 πρὸς
1113 1145 1204 1197 τὸν
1234 1162 1372 1197 νεων
1405 1144 1623 1206 πάντως
1653 1144 1871 1211 ἐκείνης

288 1232 389 1284 σὺν
418 1231 573 1302 κηρῷ
600 1249 660 1285 τε
688 1235 785 1287 καὶ
817 1234 1128 1305 θυμιάματι
1164 1236 1533 1307 παραγγέλλει
1561 1236 1766 1304 ἄφιξιν.
1812 1235 1871 1287 Ὀ

287 1324 335 1376 δ’
361 1324 661 1394 ἐγείρεται,
686 1327 777 1378 καὶ
802 1328 1042 1399 σχήματι
1080 1329 1227 1398 μόνῳ
1274 1327 1634 1400 προσῃτηκὼς
1671 1328 1740 1381 τὰ
1770 1327 1873 1394 ἀγ-

210 1418 248 1486 '__
290 1414 575 1486 γελθέντα,
593 1416 687 1468 καὶ
710 1415 889 1470 λαϐὼν
917 1416 1204 1482 ξυνιέντων
1226 1418 1335 1472 τῶν
1353 1418 1682 1482 ἀκουόντων,
1704 1433 1873 1486 προσ-

230 1478 255 1515 ῧ
289 1478 480 1577 τρέχει
508 1507 587 1578 τῷ
617 1508 729 1595 ναῷ
763 1510 858 1563 καὶ
886 1478 975 1579 ee‘
1003 1510 1174 1581 ἱκανῷ
1202 1511 1637 1576 ποτνιᾶται,,καὶ
1664 1478 1873 1579 ’τῷ-τῆς

289 1599 628 1667 φωταγωγοῦ
657 1590 825 1670 ἐλαίῳ
860 1590 1130 1670 χρισθεὶς,
1172 1600 1352 1654 πεσὼν
1403 1600 1509 1653 ὑπὸ
1535 1599 1702 1662 πόδας
1734 1597 1876 1652 κατὰ

288 1691 353 1742 τὸ
376 1689 606 1761 σύνηθες
657 1692 845 1760 ἱκέτης
879 1695 945 1763 τῇ
988 1694 1227 1762 μάρτυρι
1257 1693 1491 1761 γίνεται.
1541 1690 1876 1755 Ἐπαναζευ-

287 1783 429 1850 γνῦς
452 1783 500 1836 δ’
539 1784 748 1836 ἐκεῖθεν
778 1785 925 1851 ἔδοξε
967 1784 1029 1838 τὸ
1055 1781 1147 1849 οῦς
1179 1784 1538 1855 ἐνοχλεῖσθαι.
1602 1784 1872 1846 Πολλάκις

289 1876 349 1928 δέ
387 1877 676 1945 κνωμένου
699 1875 777 1945 τῷ
805 1877 1013 1949 λιχανῷ
1041 1877 1297 1931 ἐκπίπτει
1325 1877 1535 1930 ἐκεῖθεν
1558 1877 1778 1936 αὐτίκα,
1798 1875 1873 1937 ὡς

292 1969 494 2026 ἐδόκει.
522 1968 760 2035 ζωΰφιον
792 1967 1033 2037 ἔμπνουν
1058 1987 1116 2022 τε
1145 1970 1241 2022 καὶ
1273 1970 1603 2039 ὑπόπτερον,
1636 1969 1664 2021 ὃ
1694 1968 1758 2038 δὴ
1781 1967 1875 2021 καὶ

292 2060 590 2129 ἀφωμὲνου
633 2061 689 2112 ἐν
711 2059 952 2128 θαύματι
978 2060 1075 2112 καὶ
1103 2060 1240 2129 πρὸς
1270 2059 1484 2128 ἄμυναν
1533 2060 1706 2121 ἰόντος
1737 2061 1877 2126 ἁφα-

294 2151 384 2214 νὲς
418 2150 763 2220 παραχρῆμα
798 2151 1028 2216 γίνεται.
1070 2151 1260 2216 Ἔδοξε
1310 2150 1353 2205 δ’
1400 2152 1549 2218 ὅμως
1594 2150 1780 2220 ῥαῖσαι
1818 2148 1879 2203 “rb

296 2243 619 2313 ἐμφωλεῦον
670 2244 754 2314 [Ρ.
792 2241 922 2313 514]
958 2242 1152 2305 ἄλλως,
1215 2244 1312 2297 καὶ
1347 2245 1403 2294 ἐν
1461 2243 1727 2312 χρησταῖς
1758 2242 1878 2302 ταῖς

298 2336 512 2391 ἐλπίσιν
546 2331 634 2406 ἦν.
687 2334 824 2387 Ἀλλ’
859 2335 1146 2403 ἐφίσταται
1194 2338 1260 2404 τῇ
1293 2334 1443 2404 οἰκίᾳ
1486 2335 1688 2402 ὁμοίως
1739 2333 1879 2403 ἔχων

300 2427 396 2479 καὶ
424 2425 580 2489 αὖθις
619 2426 712 2477 τοῦ
747 2426 976 2487 πάθους.
1034 2426 1099 2478 Oi
1150 2425 1249 2495 μὲν
1279 2425 1353 2488 ὡς
1386 2427 1444 2477 τὸ
1471 2426 1644 2479 πάλαι
1675 2426 1733 2479 τὸ
1768 2425 1878 2494 πῦρ

297 2515 540 2570 διένευον
563 2516 927 2578 ὑπανάπτειν,
958 2516 1216 2586 φέροντες
1243 2516 1467 2586 ἄλευρα,
1491 2516 1516 2567 ὀ
1549 2515 1593 2568 δ’
1624 2515 1881 2584 ἐμπεσὼν

301 2609 484 2676 ἐφύσα
508 2608 724 2676 λιγέως.
761 2609 901 2660 Ἀλλ’
933 2608 1057 2661 οὔτε
1090 2607 1222 2676 φλὸξ
1243 2604 1386 2679 ὦρτο
1405 2607 1527 2661 οὔτε
1560 2609 1669 2679 πῦρ
1696 2610 1883 2661 θεσπι-

296 2702 429 2764 δαὲς
448 2703 591 2771 ἴαχε,
623 2700 765 2754 κατὰ
790 2701 1034 2772 ποίησιν,
1059 2701 1218 2772 μόνος
1240 2701 1284 2754 δ’
1316 2701 1623 2770 ὐπετύφετο
1654 2700 1879 2766 καπνὸς,

301 2879 454 2935 santi
488 2886 683 2934 sancta
711 2889 918 2952 martyr
953 2891 1008 2937 et
1033 2881 1185 2953 virgo
1237 2897 1334 2952 per
1357 2898 1611 2938 somnum
1641 2899 1883 2954 superne
1924 2872 1933 2879 ’

302 2990 579 3044 apparens
605 2990 663 3030 se
686 2976 910 3042 obtulit,
933 2992 1170 3043 eumque
1194 2979 1420 3032 omnino
1441 2979 1613 3046 jussit
1633 2979 1698 3033 ad
1725 2995 1880 3034 suam

302 3065 485 3133 ipsius
510 3079 725 3120 sacram
761 3065 931 3118 aedem
957 3081 1080 3120 cum
1112 3081 1237 3121 cera
1268 3075 1322 3120 et
1360 3069 1720 3139 thymiamate
1754 3085 1882 3139 pro-

1974 592 2177 662 πολλὴν
2235 594 2293 646 δὲ
2343 587 2538 664 πεῖραν
2588 592 2682 646 τοῦ
2727 591 2896 660 πυρὸς
2954 589 3119 661 μηδὲν
3166 590 3558 655 ὑπακούοντος,

1979 685 2290 756 μετεϐλήθη
2317 685 2380 738 τὸ
2416 681 2604 754 ἆσθμα
2645 685 2725 745 είς
2764 683 2957 749 λόγους
2986 683 3080 736 καὶ
3117 683 3303 751 φωνὴν
3352 682 3558 750 ἐχρήσ-

1976 793 2060 829 σει
2081 794 2095 808 ο
2120 779 2323 847 ἀρᾶται
2348 777 2457 845 γὰρ
2485 779 2552 847 τῇ
2582 777 2760 847 ἑστίᾳ,
2782 776 2986 845 ἀρᾶται
3012 775 3085 844 μή
3120 789 3248 827 ποτε
3280 772 3561 842 ὐπανάψαι

1977 870 2112 939 μηδὲ
2144 869 2318 940 φλόγα
2345 870 2406 922 τὺ
2432 869 2653 922 σύνολον
2681 870 2927 936 ποιῆσαι,
2964 868 3106 938 μέγα
3139 866 3277 936 βοῶν
3302 870 3365 918 ἐκ
3392 864 3562 936 βαρύ·
3624 870 3631 908 ἲ

1973 978 2156 1031 τητος.
2224 964 2290 1014 Ὃ
2335 961 2424 1032 δὴ,
2475 960 2551 1025 ὡς
2611 944 2778 1026 εἰκὸς,
2813 962 2938 1023 τοὺς
2974 961 3068 1012 ἐπὶ
3099 960 3198 1029 τῆς
3248 960 3428 1021 οἰκίας
3459 959 3561 1012 οὐκ

1973 1053 2188 1108 ἔλαθεν.
2221 1054 2412 1122 Ὅμως
2462 1054 2506 1106 δ’
2536 1054 2878 1116 ἀκούσαντες
2921 1052 3336 1122 ἐξεπλήττοντο,
3373 1051 3560 1120 σφίσιν

1974 1147 2192 1209 ἑαυτοῖς
2228 1142 2660 1210 διαπιστοῦντες,
2696 1146 2791 1198 και
2815 1145 2960 1198 δυοῖν
2988 1144 3284 1215 ἡγούμενοι
3308 1141 3560 1211 θάτερον,

1975 1239 2007 1308 ἦ
2042 1238 2103 1292 τδ
2136 1237 2245 1309 πῦρ
2280 1237 2381 1305 τὴν
2415 1236 2598 1307 φωνὴν
2632 1238 2840 1290 ἀνεῖναι
2873 1235 2905 1304 ἢ
2946 1234 3053 1306 μὴν
3083 1234 3176 1288 τὸν
3206 1234 3344 1297 τέως
3377 1235 3562 1302 κωφὸν

1975 1332 2067 1383 καὶ
2089 1329 2148 1381 ὃν
2176 1329 2277 1382 οὐκ
2309 1328 2508 1400 ᾔδεσαν
2537 1330 2723 1400 φωνήν
2775 1345 2905 1381 ποτε
2941 1329 3292 1398 προϊέμενον.
3361 1326 3452 1390 Ὠς
3505 1326 3561 1378 δὲ

1974 1419 2263 1491 πόρρωθεν
2303 1418 2608 1487 φωνοῦντες
2642 1419 2925 1489 ἀνέκρινον
2986 1418 3133 1482 τίνος
3164 1419 3198 1490 ἡ
3227 1417 3381 1487 φωνὴ
3418 1414 3558 1485 αὕτη

1975 1513 2072 1566 καὶ
2094 1511 2163 1565 τὰ
2193 1509 2527 1577 λαλούμενα,
2560 1513 2588 1564 ὁ
2622 1512 2803 1577 κωφὸς
2829 1509 3044 1573 ἀκούει,
3072 1510 3168 1562 καὶ
3195 1508 3324 1578 περὶ
3364 1505 3561 1560 ἐαυτοῦ

1953 1603 2272 1674 μαρτυρεῖ,
2321 1601 2398 1664 ὡς
2448 1601 2611 1664 αὐτὸς
2643 1600 2884 1663 ἀκούσας
2938 1600 3365 1669 ἀνακρινόντων,
3397 1597 3559 1658 αὐτὸς

1974 1688 2043 1763 ἦν
2066 1695 2159 1745 καὶ
2187 1691 2323 1763 ό,τῷ
2350 1691 2484 1762 πυρὶ
2534 1691 2648 1763 ἰδίῳ
2691 1690 3113 1761 ἐπαρασάμενος
3156 1690 3409 1758 στόματι.
3455 1689 3565 1741 Καὶ

1979 1785 2140 1849 εὐθὺς
2179 1785 2502 1847 ἐπιστάντες
2521 1785 2583 1838 τὸ
2614 1784 2841 1855 φρικτὸν
2863 1786 3039 1836 ἐκεῖνο
3066 1784 3232 1851 τέρας
3264 1780 3560 1834 κατανοοῦ-

1981 1896 2086 1941 σιν,
2116 1877 2208 1930 τὸν
2241 1877 2400 1945 λόγον
2429 1893 2489 1928 τε
2528 1875 2873 1939 διεκδιδοῦσι,
2919 1877 3014 1929 καὶ
3046 1878 3215 1929 πᾶσιν
3253 1875 3565 1928 ἁνόιπυστον

1979 1972 2039 2024 τό
2078 1969 2323 2042 πραχθὲν
2358 1969 2597 2038 γίνεται.
2634 1964 2765 2022 Εἶτα
2790 1971 2887 2021 καὶ
2935 1967 3073 2038 πρὸς
3107 1966 3334 2037 βασιλέα
3371 1966 3564 2035 φθάνει

1980 2062 2041 2116 τὺ
2067 2062 2278 2130 θαῦμα,
2302 2061 2399 2113 καὶ
2424 2060 2653 2130 φέρουσι
2682 2059 2812 2130 παρ’
2844 2059 3005 2113 αὑτὸν
3035 2058 3276 2129 ὁρισθὲν,
3299 2055 3566 2127 παρόντος

1981 2152 2076 2205 καὶ
2129 2151 2492 2222 πατριάρχου,
2551 2151 2643 2203 τόν
2676 2167 2807 2203 ποτε
2839 2150 3024 2219 κωφὸν
3077 2151 3172 2203 καὶ
3201 2149 3375 2215 ἐνεὸν,
3403 2147 3460 2210 ὃς
3500 2147 3567 2217 δὴ
3589 2134 3606 2141 ἢ

1982 2246 2080 2299 καὶ
2106 2244 2461 2315 ἐρωτώμενος
2492 2243 2667 2314 ἀρχῆς
2692 2242 2787 2295 ἀπ’
2805 2242 2982 2313 ἄκρης
3009 2242 3071 2295 τὸ
3096 2242 3205 2293 πᾶν
3227 2238 3565 2308 ἐξαγγέλλει,

1982 2336 2143 2395 αὐτὸς
2173 2336 2358 2404 οἰκείῳ
2410 2334 2641 2404 στόματι
2687 2331 3070 2402 διηγούμενος.
3122 2330 3309 2383 Ταῦτα
3336 2329 3442 2400 ἄρα
3472 2329 3568 2380 καὶ

1986 2428 2153 2497 μηδὲν
2193 2428 2478 2497 κρίναντος
2512 2426 2735 2478 ’δίκαιον
2767 2424 2862 2478 τοῦ
2901 2423 3229 2495 κρατοῦντος
3263 2426 3389 2493 σιγῇ
3428 2438 3570 2492 παρ-

1982 2520 2160 2573 ελθεῖν
2207 2517 2267 2571 τὸ
2297 2519 2506 2588 δρᾶμα,
2564 2518 2839 2588 πάννυχος
2892 2517 2951 2584 ἐξ
2994 2518 3164 2587 αὐτῆς
3200 2517 3468 2586 παννυχὶς
3502 2517 3569 2585 τῇ

1987 2612 2228 2681 μάρτυρι
2253 2610 2649 2678 διαγγέλλεται,
2689 2611 2825 2679 μηδὲ
2863 2609 3030 2662 αὐτοῦ
3065 2609 3332 2678 βασιλέως
3359 2607 3572 2660 ἐκεῖθεν

1982 2703 2283 2766 λείποντος.
2320 2703 2539 2757 Μᾶλλον
2577 2703 2673 2773 μὲν
2708 2696 2802 2757 οῦν
2835 2702 2930 2756 καὶ
2962 2703 3055 2754 ἐπὶ
3104 2702 3266 2754 πλέον
3309 2694 3467 2762 οὗτος
3510 2698 3573 2751 τὸ

1981 2883 2201 2954 juvenis
2230 2878 2582 2938 contumacia
2616 2881 2758 2948 ignis
2791 2881 2856 2935 ad
2882 2889 2990 2935 tam
3021 2879 3218 2933 crebro
3245 2877 3574 2946 iutenseque

1986 2977 2198 3030 alllatos
2252 2990 2513 3031 susurrus
2571 2973 2920 3044 persistentis
2974 2969 3151 3027 surdi.
3209 2967 3466 3038 spiritum
3516 2967 3573 3021 iu

1985 3071 2154 3125 verba
2194 3077 2394 3131 mutat,
2419 3068 2773 3137 erumpitque
2804 3080 2967 3121 voces
2995 3063 3217 3134 penitus
3243 3067 3569 3129 conceptam

303 3157 501 3213 ficisci.
556 3157 934 3242 Experrectus
969 3158 1060 3213 ille
1105 3169 1241 3213 nutu
1275 3168 1329 3214 et
1360 3172 1542 3231 gestu,
1586 3172 1749 3231 prout
1788 3178 1884 3231 po-
1911 3165 1955 3222 ϐ
1990 3165 2124 3219 iram
2174 3166 2377 3220 usitata
2427 3163 2776 3218 declarantes
2843 3160 3247 3226 indignantium
3308 3158 3572 3213 formula.

303 3251 433 3315 tuit,
489 3251 669 3306 visum
721 3251 980 3319 exposuit
1030 3253 1368 3319 domesticis,
1403 3256 1477 3309 ita
1524 3267 1584 3310 ut
1623 3258 1758 3313 satis
1805 3258 1885 3312 illi

304 3343 695 3411 perciperent;
758 3352 931 3411 quare
983 3347 1050 3398 ab
1109 3345 1177 3399 iis
1220 3347 1461 3416 acceptis
1514 3364 1638 3416 qua:
1695 3359 1886 3405 saneta

304 3435 464 3503 virgo
505 3434 689 3488 afferri
723 3436 1031 3498 mandarat,
1087 3452 1210 3489 cum
1252 3436 1338 3493 his
1373 3439 1617 3493 accurrit
1648 3440 1712 3492 ad
1745 3449 1887 3495 tem-

306 3528 482 3593 plum,
520 3527 742 3596 illicque
764 3536 850 3580 sat
878 3528 1043 3598 longo
1079 3538 1371 3584 veneratus
1405 3530 1588 3584 divam
1621 3533 1801 3600 spatio
1833 3543 1888 3587 et

305 3620 436 3674 oleo
468 3619 737 3689 lampadis
765 3619 1054 3683 inunctus,
1085 3621 1377 3689 prouidens
1402 3623 1504 3679 sub
1535 3625 1703 3694 pedes
1729 3624 1885 3694 juxta

307 3726 542 3779 morem,
580 3712 804 3784 supple:
838 3715 1068 3785 martyri
1107 3714 1188 3770 fit.
1213 3714 1345 3772 Inde
1369 3721 1660 3773 revertenti
1700 3720 1888 3775 nescio

304 3806 440 3876 quid
476 3807 702 3861 moleste
726 3809 1010 3876 pruriebat
1038 3809 1089 3861 in
1112 3810 1266 3863 auris
1296 3809 1514 3865 intimo.
1547 3810 1732 3876 Quare
1760 3828 1886 3867 cum

305 3897 543 3953 subinde
568 3897 698 3951 illuc
723 3898 971 3969 immisso
997 3899 1179 3954 indice
1207 3915 1315 3953 non
1343 3909 1590 3970 parceret
1617 3903 1885 3971 scalpere,

304 4005 441 4046 ecce
495 3991 620 4044 inde
667 3991 1109 4060 inopinatissime
1157 3992 1362 4048 decidit
1398 3993 1572 4049 forma
1635 3996 1886 4064 quaedam

307 4082 531 4144 insecti,
564 4080 693 4144 vivi,
731 4090 791 4134 ut
829 4083 1151 4151 apparebat,
1188 4094 1243 4138 et
1279 4085 1382 4142 alis
1421 4085 1704 4143 instructi.
1730 4090 1888 4154 Quod

307 4189 434 4228 cum
475 4173 566 4227 ille
603 4174 888 4229 admirans
933 4183 1337 4231 contrectasset
1380 4179 1598 4249 cupide,
1640 4194 1707 4235 ac
1762 4196 1888 4235 mox

307 4267 607 4336 indulgens
655 4266 894 4320 naturali
930 4266 1057 4321 odio
1116 4283 1227 4339 quo
1274 4268 1503 4324 ferimur
1560 4273 1614 4326 in
1664 4271 1886 4336 infesta,

310 4359 508 4412 ulcisci
548 4357 770 4410 noxiam
820 4355 1115 4411 bestiolam
1147 4358 1405 4414 elidendo
1460 4368 1699 4430 pararet,
1730 4361 1886 4426 illud,

1990 3257 2267 3312 Maledicit
2325 3256 2474 3310 enim
2538 3256 2684 3319 foco,
2718 3265 2771 3309 et
2809 3268 3010 3323 magno
3047 3267 3114 3307 ex
3141 3251 3372 3305 allectus
3406 3249 3572 3304 vehe-

1989 3348 2198 3403 mentia
2243 3349 2505 3414 clamore,
2549 3364 2570 3398 ι
2621 3346 2913 3415 Nunquam
2968 3360 3033 3399 ex
3097 3353 3151 3398 te
3205 3342 3383 3413 possit
3435 3341 3569 3395 oriri

1990 3444 2228 3509 flamma,
2259 3461 2277 3492 ι
2302 3455 2503 3496 sonore
2527 3438 2864 3510 pronuntiat.
2900 3436 3167 3491 Exaudita
3191 3451 3315 3490 cum
3347 3445 3577 3503 stupore

1991 3532 2195 3602 ingenti
2226 3546 2256 3586 a
2289 3531 2614 3586 domesticis
2637 3527 2964 3583 vociferatio
2987 3538 3094 3583 est.
3114 3526 3293 3596 Atque
3323 3525 3357 3578 ii
3398 3526 3574 3595 primo

1990 3627 2077 3679 vix
2114 3624 2403 3679 credentes
2442 3622 2672 3677 auribus
2722 3621 2955 3676 alterum
2993 3620 3229 3674 duorum
3266 3618 3576 3673 admitten-

1990 3717 2121 3772 dum
2157 3715 2472 3771 necessario
2518 3713 2801 3780 videbant,
2852 3724 2906 3768 ut
2960 3720 3055 3767 aut
3092 3712 3160 3766 ab
3209 3712 3333 3781 igne
3362 3718 3576 3779 prolata

1990 3824 2154 3881 quam
2186 3808 2479 3863 audierant
2507 3822 2610 3862 vox
2635 3815 2803 3867 esset,
2833 3818 2928 3859 aut
2954 3806 3024 3858 ab
3054 3819 3119 3859 eo
3153 3801 3442 3857 articulata
3480 3800 3578 3853 bo-

1992 3903 2140 3956 mine
2170 3915 2333 3967 quem
2379 3901 2480 3969 ipsi
2528 3909 2739 3953 mutum
2772 3897 3091 3952 certissimo
3130 3902 3399 3949 hactenus
3447 3906 3577 3946 nos-

1991 3993 2308 4061 sent..Ergo
2336 3991 2524 4060 procul
2551 3991 2883 4045 inclamant:
2914 4007 2932 4040 ι
2956 3980 3130 4057 (ΞύῙιιε
3162 3988 3281 4041 haec
3312 3999 3415 4040 vox
3444 3994 3531 4037 est
3552 3982 3577 4033 ?

1992 4084 2117 4155 quis
2150 4083 2254 4139 ista
2287 4082 2566 4154 loquitur?
2592 4102 2608 4132 ι
2633 4068 2794 4135 Τυη¹ο
2815 4093 2944 4133 vero
2977 4080 3070 4149 qui
3103 4089 3291 4132 mutus
3327 4090 3450 4129 esse
3475 4074 3575 4129 de-

1992 4177 2185 4241 sierat,
2221 4177 2385 4231 etiam
2419 4189 2478 4229 se
2512 4188 2622 4228 non
2682 4172 2917 4241 amplius
2953 4170 3185 4226 surdum
3244 4183 3368 4223 esse
3398 4166 3579 4221 decla-

1994 4272 2176 4326 ravit:
2225 4269 2428 4323 auditis
2465 4268 2610 4322 enim
2658 4281 2781 4336 quae
2835 4281 2903 4322 ex
2961 4263 3255 4319 intervallo
3309 4260 3577 4316 inclama-

1993 4368 2215 4431 bantur,
2243 4371 2364 4434 apte
2390 4362 2922 4430 intelligibiliterque
2952 4359 3204 4429 reposuit
3223 4354 3479 4412 eumdem
3512 4367 3576 4407 se

308 4449 579 4520 quidquid
624 4459 762 4515 erat,
812 4450 1107 4505 confestim
1145 4466 1211 4505 ex
1242 4453 1421 4507 oculis
1451 4460 1696 4507 evanuit.
1729 4452 1888 4507 Sola—
1926 4503 1969 4559 Β
1995 4462 2089 4529 qui
2144 4458 2339 4513 auditu
2394 4455 2736 4526 percepisset
2778 4468 2900 4523 qua:
2952 4451 3175 4505 fuerant
3222 4449 3325 4519 ipsi
3376 4445 3572 4511 locuti,

309 4548 391 4600 tio
430 4553 615 4599 tamen
671 4544 774 4600 fuit
805 4545 952 4614 quod
992 4547 1341 4601 incommoda
1393 4547 1639 4616 prurigo.
1693 4564 1799 4616 qua
1837 4549 1890 4602 in

309 4635 675 4707 penitissiniis
728 4637 989 4691 auricula:
1020 4638 1273 4692 cavernis
1305 4640 1617 4705 importune
1653 4649 1892 4710 punctus

310 4729 477 4799 paulo
507 4727 660 4797 prius
693 4727 895 4789 fuerat.
928 4729 1011 4782 vel
1068 4730 1230 4799 plane
1282 4730 1556 4786 resedisse
1585 4733 1665 4785 vel
1694 4733 1891 4788 remis-

308 4822 427 4874 sius
469 4819 775 4888 iuquietare
845 4822 1154 4877 videbatur.
1202 4821 1320 4889 Qua
1362 4824 1709 4893 experientia
1769 4825 1892 4895 ejus

310 4914 532 4967 animus
565 4913 802 4979 quodam
840 4922 1072 4967 eventus
1100 4913 1366 4969 felicioris
1397 4916 1632 4984 augurio
1660 4915 1712 4968 in
1739 4931 1891 4984 spem

312 5008 487 5072 plena:
521 5005 826 5059 curationis
851 5005 1217 5058 excitabatur.
1266 5005 1323 5059 In
1372 5005 1475 5059 hoc
1504 5007 1727 5077 gaudio,
1765 5021 1887 5061 sura

309 5102 417 5155 dus
479 5109 661 5153 tamen
714 5108 773 5151 ut
830 5097 1003 5167 prius,
1061 5100 1346 5169 ingressus
1381 5101 1610 5156 herilem
1668 5102 1891 5155 domum

309 5190 477 5263 454
506 5192 834 5245 admouetur
865 5191 1068 5261 quibus
1098 5191 1312 5246 solebat
1351 5190 1528 5261 signis
1556 5206 1584 5245 a
1635 5192 1892 5246 familiari

314 5284 622 5336 ministerio
660 5282 953 5350 praefectis,
1018 5292 1078 5337 ut
1136 5282 1318 5349 ignem
1375 5284 1705 5337 accenderet
1765 5284 1891 5352 pani

314 5375 632 5443 coquendo:
666 5375 773 5440 iam
805 5377 951 5429 enim
980 5392 1009 5429 a
1043 5377 1250 5445 pistore
1282 5375 1517 5430 farinam
1552 5376 1732 5431 afferri
1766 5392 1893 5430 mox

314 5468 369 5520 in
422 5482 663 5522 massam
712 5468 1095 5537 subigendam.
1160 5468 1255 5523 Ille
1307 5470 1372 5523 ad
1409 5469 1591 5523 focum
1632 5470 1894 5525 advolans

316 5561 539 5626 parendi
564 5559 769 5624 studio,
798 5561 989 5628 prunis
1021 5561 1335 5616 insulilabat
1376 5562 1631 5617 stridule.
1664 5558 1771 5616 Se'd
1795 5578 1896 5616 nec

311 5652 533 5707 flamma
555 5653 744 5715 micat,
769 5653 1047 5720 crepitans
1071 5669 1249 5724 neque
1274 5654 1514 5726 fulgurat
1542 5656 1705 5726 ignis,
1734 5656 1893 5725 juxta

320 5746 554 5811 poesim,
591 5744 746 5799 solus
793 5759 853 5798 se
887 5744 1057 5798 densa
1095 5744 1367 5815 glomera‘t
1395 5748 1630 5818 caligine
1677 5747 1889 5801 fumus.

324 5833 660 5888 Dum-labor
694 5836 775 5890 sic
808 5835 864 5889 in
896 5835 1120 5906 longum
1147 5838 1335 5894 irritus
1363 5841 1619 5906 trahitur,
1648 5838 1892 5895 offensus

1996 4555 2274 4601 auctorem
2324 4559 2546 4614 quoque
2579 4543 2734 4598 vocis
2789 4557 2913 4597 esse
2965 4540 3125 4612 cujus
3184 4548 3314 4594 ante
3375 4551 3572 4592 sonum

1996 4647 2309 4703 senserant,
2344 4653 2453 4708 qua
2484 4637 2769 4702 nimirum,
2807 4635 2901 4690 iras
2929 4634 3268 4705 impatientis
3292 4641 3450 4693 astu,
3475 4644 3573 4684 ore

1996 4747 2061 4788 ac
2089 4733 2276 4803 lingua
2314 4730 2552 4802 propriis
2599 4729 2724 4787 foco
2761 4728 3167 4785 maledixisset.
3226 4725 3376 4780 Illico
3407 4723 3575 4794 igitur

1995 4825 2249 4880 certatim
2284 4835 2477 4879 Omnes
2504 4830 2861 4878 accurrentes
2895 4819 3273 4889 prodigiosum
3310 4815 3443 4871 illud
3472 4815 3579 4869 mi-

1998 4919 2242 4974 raculum
2296 4915 2665 4985 praesentibus
2722 4912 3025 4982 subjiciunt
3057 4911 3339 4976 sensibus,
3372 4923 3435 4961 ac
3477 4922 3576 4977 per

1997 5010 2247 5063 viciniam
2284 5010 2587 5074 urbemque
2628 5002 2913 5058 differunt.
2964 4998 3120 5055 Unde
3161 5008 3441 5053 momento
3488 5014 3576 5052 res

1997 5103 2214 5174 vulgata
2247 5101 2314 5154 ad
2357 5098 2716 5167 imperatoris
2751 5110 2973 5166 quoque
3011 5094 3264 5149 notitiam
3306 5092 3576 5163 pervenit.

1998 5195 2077 5249 Ad
2112 5197 2275 5252 hunc,
2304 5194 2387 5246 sic
2408 5191 2594 5245 Statim
2619 5190 2737 5243 fieri
2769 5188 3083 5258 iubentem,
3111 5195 3381 5265 praesente
3406 5185 3574 5238 etiam

1999 5286 2334 5357 patriarcha,
2388 5283 2611 5338 ducitur
2642 5282 2737 5352 qui
2771 5280 2969 5337 surdus
3020 5287 3076 5333 et
3136 5288 3320 5332 mutus
3378 5276 3575 5332 fuerat.

1998 5381 2162 5448 Isque
2195 5378 2567 5446 interrogatus
2612 5360 2641 5429 a
2696 5374 2876 5443 primo
2933 5370 3097 5443 4.55
3132 5370 3403 5441 principio
3440 5361 3603 5421 'rctn.

1974 5466 2195 5534 'tota'm,
2246 5470 2320 5523 uti
2357 5468 2688 5538 contigerat,
2741 5481 2837 5521 ore
2871 5468 3098 5537 preprio
3131 5464 3401 5518 narravit.
3441 5459 3576 5514 Tant

1998 5562 2302 5616 mirabilem
2327 5567 2580 5614 eventum
2604 5559 3025 5628 haudquaquam
3049 5558 3332 5625 Augustus
3355 5567 3573 5620 aequum

1954 5674 1957 5675 ν
2000 5669 2229 5711 censetis
2263 5653 2485 5708 silentio
2515 5652 2710 5722 premi,
2744 5653 2855 5721 agit
2886 5651 3073 5706 statim
3108 5665 3231 5704 cum
3263 5646 3576 5717 patriarcha

2002 5758 2061 5803 ut
2095 5747 2436 5818 pervigilium
2468 5746 2651 5801 noctis
2679 5744 2869 5801 solida:
2923 5742 3145 5814 hymnis
3176 5748 3231 5796 et
3271 5739 3573 5811 gratiarum

2003 5837 2314 5894 actionibus
2342 5838 2485 5908 apud
2517 5836 2777 5909 templum
2809 5844 3012 5893 sancta:
3036 5830 3296 5903 Virginis,
3323 5830 3569 5885 miraculi
