4024 6410
552 336 659 399 ίὶἒί)

1757 361 2075 423 GEORGII
2130 365 2615 430 PACHYMERE

3681 385 3783 464 ,590

549 454 832 564 σέδαςυζιῇ
891 458 1292 564 astutiam-39??
1356 466 1527 564 θέλων
1561 475 1975 543 φιλοτιμεῖσθαι,
2009 480 2118 540 τοῖς
2147 484 2191 543 Α
2225 481 2361 552 πεζῇ
2392 483 2625 553 βαδίζων
2662 485 2794 557 πρὶς
2821 486 2912 540 τὸν
2942 488 3084 557 ίναδν
3111 492 3176 560 τῇ
3229 490 3464 562 μάρτυρι
3499 454 3784 564 παραγίνε-

551 548 650 614 μὲν
696 549 881 614 ἄλλοις
935 555 1110 625 ἐφῆκε
1141 557 1376 627 βαδίζειν
1429 562 1502 626 ὡς
1535 565 1826 635 βούλοιντο,
1860 572 2021 631 αὐτὸς
2063 575 2118 625 δὲ

548 643 765 715 σύναιμα
787 649 1073 721 συγκλήτῳ
1130 655 1277 726 πάσῃ
1326 658 1420 710 καὶ
1451 663 1765 733 πατριάρχῃ
1820 665 2121 735 ἀκρόνυχος

543 811 813 874 auctoris,
871 813 1250 882 impendendae
1298 817 1653 874 indiceretur.
1695 820 1805 876 Nec
1842 824 1969 879 inde
2019 826 2118 878 im-

461 892 475 979 ί
548 913 769 970 perator
801 904 995 961 abluit.
1033 907 1176 973 Quin
1211 911 1371 964 etiam
1409 924 1467 965 ut
1522 913 1894 969 abundantius
1939 928 2118 970 osten-

466 1058 471 1061 μ
541 993 693 1049 deret
725 1012 888 1065 quam
921 1000 1136 1070 prolixo
1170 1002 1353 1056 animo
1412 1012 1522 1058 tam
1551 1006 1696 1074 jUste
1734 1007 1976 1061 debitum
2013 1011 2116 1062 mi-

474 1098 483 1133 ;
542 1088 708 1144 vilica:
769 1092 998 1161 martyri
1038 1094 1349 1163 gratulandi
1414 1098 1823 1168 venerandique
1874 1100 2111 1156 ollicium

541 1182 902 1249 persolveret,
958 1185 1235 1259 permisso
1270 1187 1393 1242 aliis
1432 1198 1489 1242 ut
1520 1191 1774 1247 vehiculo
1821 1200 1917 1245 aut
1972 1208 2114 1262 equo

2228 589 2340 630 ται.

2227 828 2294 882 ad
2331 832 2451 900 ejus
2493 832 2779 904 templum,
2813 835 2857 890 si
2889 836 3103 902 liberet,
3136 847 3505 907 gestarentur.
3557 860 3667 913 Ipse
3691 851 3785 907 sub

2226 925 2613 989 crepusculum
2674 925 2935 983 instantis
2958 929 3180 992 virectis.
3215 934 3473 989 universo
3512 948 3701 993 senatu
3733 952 3784 996 et

2224 1016 2540 1082 patriarcha
2573 1020 2892 1085 comitante,
2947 1023 3179 1088 pedibus
3231 1024 3496 1081 incedens
3526 1030 3588 1083 ad
3645 1038 3778 1085 tem-

2226 1109 2372 1178 plum
2413 1114 2683 1178 pcrvenit,
2710 1118 3031 1184 'sanetzeque
3063 1116 3175 1171 illic
3205 1132 3265 1173 se
3300 1119 3441 1174 stitit
3479 1124 3717 1190 martyri.

2100 1381 2238 1480 Ci".

1164 1528 1490 1593 ιᾉοόλογος.

535 1615 909 1683 ..Ἐπανειμι
935 1614 979 1667 δ’
1018 1612 1172 1676 αὖθις
1202 1617 1383 1668 ἐκεῖνα
1408 1617 1596 1670 δώσων
1629 1619 1707 1687 τῷ
1736 1617 1879 1687 λόγῳ
1910 1617 2045 1688 πρὶς
2074 1617 2110 1672 ἃ

532 1707 598 1779 δὴ
634 1708 719 1780 [Ρ.
750 1709 877 1781 518]
909 1711 1002 1764 καὶ
1054 1711 1217 1774 αὐτὸς
1264 1712 1525 1775 ἐπιεικῶς
1571 1713 1768 1782 ἀπορεῖ
1799 1714 2111 1784 ἡττώμενος

2226 1528 2364 1598 πρὸς
2386 1528 2622 1599 τὴντῶν
2658 1530 2997 1597 τελουμένων
3038 1531 3509 1602 ἅντιπαλὰμησιν,
3543 1535 3630 1587 καὶ
3665 1535 3780 1603 ίλιγ.

2222 1622 2357 1688 γιῶν
2380 1622 2517 1693 πρὸς
2548 1622 2672 1683 τοὺς
2696 1622 2886 1688 λόγους
2905 1622 3106 1686 ἔδειξεν
3134 1623 3304 1692 ἀκοὴν
3335 1627 3533 1695 χωρεῖν
3568 1626 3695 1689 ὅλως
3720 1626 3785 1691 ὡς

2221 1712 2321 1764 οὐκ
2355 1711 2584 1782 ἔχουσαν
2608 1714 2675 1766 τὰ
2711 1712 2891 1783 πολλῷ
2924 1715 3088 1767 πλέον
3114 1715 3190 1785 μὴ
3220 1717 3498 1788 δυνάμενα
3525 1718 3783 1783 λέγεσθαι.

531 1800 609 1867 τῷ
640 1801 859 1868 μεγέθει
918 1802 1026 1854 τῶν
1062 1804 1423 1871 γιγνομένων,
1458 1804 1587 1858 ὥστ’
1642 1805 1932 1889 είρῃμένον
1955 1804 2112 1858 τοῦτο
2143 1846 2188 1907 Β
2223 1803 2371 1872 Πλὴν
2396 1803 2439 1855 δ’
2473 1804 2608 1856 ἀλλὰ
2635 1805 2883 1876 καὶπερὶ
2915 1806 3119 1860 τούτων
3143 1807 3288 1871 ὅπως
3308 1808 3438 1879 ἔσχε
3457 1809 3784 1881 διαληπτέον,

531 1891 746 1953 πολλοῖς
773 1893 901 1962 περὶ
926 1888 999 1946 ὧν
1022 1894 1253 1957 ἕκαστος
1274 1897 1456 1963 λέγειν
1483 1896 1827 1965 προύτίθετο,
1855 1897 1942 1949 ἐπ’
1964 1897 2104 1949 ὲκεί-

530 2001 642 2045 νοις
680 1985 778 2052 μὲν
810 1985 1004 2055 τέχνης
1046 1982 1183 2039 εἶναι
1229 1986 1288 2037 τὸ
1319 1987 1681 2057 ἐπιτήδευμα,
1721 1989 1815 2040 καὶ
1858 1988 2112 2057 εἰρωνεία

529 2075 623 2128 τοῦ
653 2077 961 2145 γράφοντος
992 2079 1327 2147 ἀντικρούει,
1361 2077 1451 2130 ἐπὶ
1482 2078 1694 2141 τούτοις
1724 2079 1780 2131 δὲ
1809 2079 1903 2131 καὶ
1930 2079 2111 2147 μόνοις

531 2167 625 2218 ἐπὶ
659 2164 913 2217 τοσοῦτον
944 2164 1300 2217 πιστεύεσθαι
1326 2165 1424 2235 τὴν
1447 2165 1805 2234 παραίτησιν,
1833 2165 1963 2232 παρ’
1986 2165 2111 2217 ὅσον

535 2257 629 2309 καὶ
663 2258 770 2318 πᾶς
792 2255 945 2317 εἰδὼς
971 2257 1309 2326 μαρτυρήσει
1335 2259 1447 2314 τοῖς
1470 2256 1857 2325 γραφομένοις,
1878 2257 1953 2317 ὡς
1976 2255 2109 2324 μηδὲ

532 2351 659 2417 σιγῇ
698 2350 768 2401 τὰ
800 2348 1028 2402 πλεῖστα
1068 2347 1442 2416 παρενεγκὼν,
1474 2351 1569 2417 καὶ
1598 2350 1659 2400 τὸ
1696 2349 1792 2400 τοῦ
1825 2349 2105 2417 δαιμονίου

536 2442 752 2510 μήνιμα
797 2443 898 2501 πᾶς
928 2458 1010 2503 τις
1036 2441 1340 2509 ἀναφανδὸν
1378 2441 1621 2494 αἰτιᾶται
1666 2441 1777 2491 τῶν
1814 2440 2106 2511 συμφορῶν

532 2533 628 2583 καὶ
655 2533 714 2585 τὸ
746 2532 855 2585 τῶν
902 2533 1243 2601 πραγμάτων
1299 2531 1605 2601 ἀμήχανον.
1656 2529 1825 2584 Οὔπω
1878 2531 1987 2601 γάρ
2023 2547 2104 2593 τις

530 2622 666 2689 ἔφθη
702 2623 872 2692 ἑτέρῳ
906 2621 1140 2686 διεξιὼν,
1171 2622 1266 2674 καὶ
1294 2622 1322 2674 ὁ
1349 2621 1564 2675 ἁκούων
1592 2624 1765 2694 πικρὰ
1786 2625 1895 2676 τῶν
1925 2641 2103 2693 πραγ-

532 2715 721 2781 μάτων
779 2715 1198 2779 καταστενάςων
1236 2714 1297 2766 τὸ
1339 2714 1439 2784 τῆς
1469 2711 1620 2776 θείας
1648 2714 1821 2784 ὀργῆς
1866 2716 2104 2783 ἄφυκτον

530 2804 877 2878 θαρρούντως
906 2804 1293 2875 ἀνωμολόγησε
1329 2806 1422 2858 καὶ
1473 2804 1645 2874 αὐτὴν
1675 2806 1856 2858 πᾶσαν
1881 2808 2103 2861 ἀπέγνω

2214 1896 2274 1949 τὸ
2306 1895 2405 1965 τῆς
2437 1895 2679 1965 ἱστορίας
2708 1896 2896 1951 λεῖπον
2921 1898 3265 1966 ὑφαίνοντες.

2216 2016 2285 2064 α’.
2320 2011 2460 2080 Περὶ
2490 2010 2594 2065 τοῦ
2628 2011 2746 2067 τῶν
2775 2013 3161 2145 ἁναὲορέεκῶν
3198 2014 3483 2083 Τοχάρων
3520 2017 3660 2071 Κὰνι
3689 2016 3787 2072 τοῦ

2930 2101 2964 2136 α
2998 2102 3137 2145 ιινη.

2930 2101 3137 2138 αςανη.

2879 2102 2964 2137 na
2998 2102 3074 2136 ιιν
3124 2126 3137 2138 .

2240 2204 2243 2207 ι
2285 2173 2546 2243 Καζάνης
2578 2175 2678 2244 μὲν
2702 2170 2796 2228 οὖν
2827 2176 2854 2228 ὁ
2884 2102 2995 2227 τῶν
3039 2102 3383 2231 ἀνῖατολικῶν
3426 2180 3591 2240 Κάνις
3626 2179 3785 2250 Toxi-

2218 2280 2346 2332 ρων,
2376 2264 2462 2333 ἐφ’
2495 2264 2553 2328 ἒξ
2576 2265 2750 2335 ἄρξας
2781 2266 2875 2336 ἔτη
2895 2265 2989 2318 καὶ
3015 2266 3241 2320 πλεῖστα
3271 2270 3504 2340 μνήμης
3535 2288 3782 2339 κατεργα-

2215 2358 2451 2426 σάμενος
2504 2357 2653 2423 ἄξια,
2723 2361 3310 2431 πεντεκαιτριακοστὸν
3373 2364 3563 2433 χρονον
3587 2363 3671 2416 τὸν
3699 2363 3786 2431 τῆς

2214 2443 2360 2514 ζωῆς
2376 2445 2598 2509 τελέσας
2622 2447 2944 2517 ἁρπάζεται.
2968 2449 3264 2517 Συνέφθιτο
3284 2451 3349 2504 δὲ
3371 2454 3464 2505 καὶ
3488 2454 3520 2522 ἡ
3547 2454 3634 2505 ὑπ’
3655 2452 3787 2522 αὐτῷ

2215 2538 2470 2591 τῶνὸλων
2491 2538 2767 2601 ὲλπὶςριαὶ
2789 2540 3019 2594 τὰδεινὰ
3044 2541 3241 2610 ηὔξανε
3261 2560 3335 2596 πα
3353 2543 3654 2616 νταχοῦ.[ί’.
3673 2542 3785 2615 519]

2192 2659 2197 2665 ι
2218 2628 2308 2679 καὶ
2333 2628 2532 2694 μᾶλλον
2557 2629 2650 2680 ἐπὶ
2670 2629 3070 2696 Φιλαδελφείας,
3096 2630 3499 2701 ἐπιτιθεμένων
3522 2634 3626 2686 τῶν
3650 2635 3783 2703 Hap-

2218 2718 2424 2787 μανῶν.
2455 2720 2692 2780 Ἐκεῖνος
2719 2722 2849 2790 γὰρ,
2894 2721 2982 2775 ἴνα
3029 2724 3227 2790 μικρόν
3255 2741 3312 2776 τι
3340 2725 3422 2793 τῷ
3448 2725 3587 2796 λόγῳ
3625 2743 3779 2794 προσ-

2213 2810 2499 2884 διατρίῲω,
2532 2813 2624 2865 ἐπὶ
2643 2813 2741 2884 τὴν
2770 2813 2944 2884 ἀρχὴν
2968 2814 3254 2884 παρελθὼν
3285 2817 3424 2885 πρὸς
3451 2818 3625 2890 Κῦρον
3648 2820 3778 2871 ἐκεῖ·

2068 2960 2236 3048 VI.

1168 3134 1452 3203 Prologus.

601 3227 800 3283 R.~lero
855 3241 942 3281 me
993 3242 1185 3281 rursus
1228 3226 1293 3280 ad
1334 3241 1475 3294 opus
1514 3224 1721 3281 dudum
1764 3232 2105 3293 susceptum,

530 3331 585 3377 ct
614 3322 915 3375 traditurus
968 3319 1165 3375 litteris
1193 3319 1258 3372 ad
1306 3334 1427 3388 qua:
1463 3319 1615 3388 ipsae,
1675 3327 1735 3372 ut
1790 3319 1871 3372 sic
1905 3318 2103 3380 diram,

528 3418 724 3470 littera:
764 3429 873 3469 non
937 3414 1286 3468 mediocriter
1332 3420 1589 3472 mstuent.
1640 3411 1783 3466 vinei
1840 3426 1899 3464 se
1951 3410 2107 3465 fassae

530 3508 905 3574 magnitudine
951 3504 1335 3559 dicendorum.
1387 3503 1504 3556 Non
1563 3519 1649 3557 me
1712 3503 1850 3571 fugit
1906 3502 2104 3557 similia

530 3596 803 3662 plut-imos
833 3595 885 3647 in
917 3609 1141 3648 suarum
1177 3593 1331 3646 aditu
1396 3592 1777 3647 narrationum
1825 3591 2102 3660 praelatos.

533 3689 641 3742 Sed
671 3689 888 3741 confido
917 3702 1073 3754 aequo
1106 3685 1334 3748 arbitro,
1369 3685 1461 3738 ubi
1508 3694 1831 3754 argumenta
1887 3700 2109 3754 compa-

527 3781 754 3839 raverit,
781 3779 1147 3833 suboliturum
1178 3778 1282 3832 boc
1321 3777 1388 3830 ab
1422 3778 1542 3831 aliis
1582 3777 1940 3845 scriptoribus
1990 3787 2106 3832 arte

533 3889 600 3928 ac
642 3874 812 3941 ﬁgura
840 3871 1059 3927 dicendi
1094 3869 1331 3937 quadam
1365 3870 1601 3937 lusuque
1638 3870 1840 3938 ingenii
1868 3870 2102 3939 jactari:

531 3963 789 4016 eumdem
824 3970 1006 4015 autem
1053 3958 1431 4029 judicalurum
1465 3960 1518 4013 in
1585 3960 1674 4014 his
1721 3961 1938 4013 demum
1973 3961 2106 4014 solis

531 4056 690 4115 actis,
719 4068 840 4122 qua:
871 4051 1002 4105 mibi
1031 4050 1307 4119 proposita
1348 4049 1414 4105 ad
1451 4050 1789 4120 prodendum
1814 4051 1866 4104 in
1903 4049 2104 4104 famam

530 4156 681 4205 sunt.
718 4161 784 4199 eo
816 4143 973 4197 [idem
1003 4143 1190 4197 haberi
1220 4157 1318 4211 par
1364 4158 1487 4198 esse
1541 4144 1854 4212 proniorem
1894 4143 2108 4211 signiﬁ-

526 4235 836 4289 cationibus
870 4233 1104 4296 timoris,
1145 4232 1348 4302 quibus
1384 4247 1443 4286 se
1467 4242 1662 4287 auctor
1719 4232 1772 4286 in
1817 4233 2103 4301 procinctu

526 4344 706 4397 Opera:
748 4327 903 4396 quasi
929 4327 1199 4383 violenter
1249 4328 1456 4380 retrahi
1488 4342 1519 4381 a
1571 4326 1846 4381 scribendi
1873 4326 2107 4380 consilio

525 4421 790 4481 declarat,
824 4434 933 4487 quo
962 4418 1079 4486 ipsa
1131 4427 1419 4487 perspecta
1468 4419 1747 4485 omnibus,
1791 4428 1842 4473 et
1896 4419 2105 4473 nullius

2136 3140 2179 3196 ο
2215 3137 2267 3192 in
2290 3154 2453 3197 aures
2503 3144 2814 3210 obviorum,
2880 3146 2989 3202 illis
3031 3149 3486 3218 assentientibus,
3539 3157 3777 3224 agnoscat

2211 3245 2276 3285 ac
2332 3232 2561 3288 ﬁdenter
2599 3238 2858 3304 praedicet
2913 3241 3103 3311 utique
3160 3245 3459 3301 manifesto
3481 3248 3776 3304 incumbere

2212 3324 2266 3378 in
2299 3340 2400 3380 nos
2425 3327 2640 3396 pondus
2677 3330 3065 3399 gravissimum
3129 3335 3224 3389 irae
3269 3336 3497 3404 divinae,
3540 3356 3599 3396 ea
3633 3341 3778 3397 vehe-

2212 3417 2412 3471 mentia
2437 3421 2663 3475 exitium
2693 3422 2960 3489 inferens,
2993 3427 3080 3480 cui
3120 3429 3463 3486 sustinendae
3493 3448 3554 3489 ac
3601 3444 3773 3488 contra

2211 3508 2561 3565 obmolienda
2601 3515 2914 3570 avertendae
2958 3517 3115 3573 labor
3169 3522 3359 3577 omnis
3411 3524 3482 3577 sit
3530 3526 3697 3579 inanis
3729 3532 3776 3578 et

2211 3609 2445 3657 conatus
2491 3605 2713 3659 stultus.
2758 3608 2858 3662 Cui
2914 3624 3082 3679 porro
3134 3612 3206 3667 sit
3262 3612 3496 3671 dubium
3523 3619 3649 3684 quin
3693 3617 3773 3670 tali

2211 3704 2359 3759 ργαιο
2376 3694 2592 3761 eupatis
2622 3699 2881 3751 maestitia
2910 3698 2956 3753 si
3008 3701 3132 3769 quis
3165 3717 3403 3769 poscens
3464 3707 3772 3762 audient‘am

2210 3796 2269 3838 se
2294 3783 2514 3852 οσον-οι,
2535 3788 2886 3856 expositurus
2903 3806 3024 3859 quae
3045 3804 3333 3863 geruntur,
3363 3808 3616 3854 recusent
3639 3815 3777 3854 aver-

2212 3885 2515 3946 senturque
2543 3891 2596 3934 et
2632 3898 2795 3937 aures
2828 3885 3029 3940 habere
3087 3897 3195 3940 tam
3241 3892 3474 3957 prolixa:
3527 3895 3771 3948 malorum

2212 3968 2393 4025 Iliadis
2436 3975 2662 4027 omnino
2721 3991 2951 4045 capaces
3000 3983 3238 4051 negent?
3268 3981 3407 4048 Quae
3439 4002 3569 4040 vero
3607 3985 3771 4041 audiri

2210 4075 2325 4129 pra:
2350 4064 2658 4120 incredibili
2692 4068 2992 4123 acerbitate
3019 4084 3324 4137 nequeunt,
3356 4079 3554 4145 potiori
3578 4080 3771 4133 scilicet

2212 4156 2426 4210 ratione
2485 4159 2847 4213 existimanda
2916 4172 3047 4217 sunt
3106 4180 3209 4219 nec
3275 4171 3511 4239 οη)τίιηί
3558 4170 3772 4225 dicendo

2210 4260 2391 4315 posse.
2428 4246 2630 4303 Verum
2697 4259 2978 4320 utcunque
3038 4254 3140 4308 ista
3192 4266 3358 4321 sunt,
3403 4276 3489 4314 me
3545 4260 3771 4330 quidem,

2208 4338 2298 4390 cui
2336 4354 2487 4394 mora
2528 4357 2634 4394 non
2659 4358 2745 4396 est
2778 4344 2945 4398 libera
2978 4346 3147 4401 debiti
3201 4351 3475 4415 solvendi,
3510 4368 3772 4409 resumere

2212 4424 2339 4479 hinc
2370 4429 2625 4496 protinus
2649 4441 2868 4499 oportet
2895 4437 3225 4501 promissam
3271 4444 3682 4506 narrationem;
3711 4456 3767 4497 ac

530 4528 639 4567 non
676 4513 764 4566 hic
811 4511 974 4564 hodie
1003 4509 1302 4564 viventium
1360 4510 1503 4567 tristi
1559 4510 1896 4580 experientia
1956 4525 2109 4565 com-
2142 4495 2421 4583 Dpartem
2457 4529 2736 4588 gestarum
2791 4539 2973 4576 rerum
3033 4526 3086 4580 in
3138 4535 3356 4596 tempus
3402 4495 3770 4588 excurrenlem

528 4612 683 4674 perta
736 4605 1100 4672 grassantium
1134 4603 1247 4670 jam
1288 4602 1357 4656 ab
1391 4605 1549 4657 anuis
1609 4603 1861 4673 plurimis
1911 4605 1964 4657 iu
2003 4619 2104 4656 nos

530 4698 799 4751 malorum
844 4694 1107 4750 atrocitas
1132 4695 1202 4748 ab
1229 4710 1562 4765 unoqquue
1602 4697 1884 4765 superiora
1913 4706 2101 4751 nostra

528 4789 598 4842 de
635 4789 718 4841 Itis
750 4788 957 4855 scripta
992 4787 1292 4856 legentium
1325 4789 1705 4842 testimonium
1742 4788 1908 4860 456
1929 4789 2100 4851 elicit,

529 4885 677 4936 clare
728 4881 993 4950 proﬁtcns
1044 4896 1167 4935 cum
1213 4896 1387 4934 meam
1443 4882 1497 4937 in
1566 4882 1843 4951 plerisque
1909 4883 2102 4934 horum

531 4973 886 5028 enuntiandis
910 4974 1030 5028 sine
1050 4973 1490 5028 dissimulatione
1521 4975 1747 5029 liberam
1780 4975 2104 5044 lidelemque

528 5066 562 5119 d
590 5066 891 5131 ligentiam,
925 5075 1038 5119 tum
1071 5064 1307 5120 cladium
1341 5066 1824 5137 calamitatumquc
1860 5068 2102 5136 ipsarum

530 5155 923 5233 imitmiitatetn
940 5170 1006 5208 eo
1028 5170 1201 5223 usque
1223 5156 1615 5224 prodigiosam,
1641 5166 1699 5209 ut
1731 5171 1888 5210 nemo
1910 5154 2100 5224 sitqui

530 5262 718 5299 r'ﬂl‘tllll
746 5262 970 5300 causam
1022 5245 1277 5301 vindicta:
1304 5246 1428 5301 irati
1477 5247 1728 5302 Numinis
1760 5264 1866 5301 non
1919 5247 2094 5316 palam

532 5342 786 5407 imputet,
837 5355 995 5393 nemo
1045 5343 1137 5407 qtti
1194 5349 1501 5397 contortam
1565 5339 1939 5408 obliquitatem
1997 5349 2103 5396 tam

533 5428 788 5498 perplexe
813 5429 1208 5483 invulventium
1238 5445 1360 5484 sese
1394 5429 1447 5482 in
1480 5431 1678 5483 damna
1712 5439 1903 5485 nostra
1956 5431 2107 5485 diro-

532 5537 651 5577 rum
680 5538 928 5587 casuum,
967 5525 1059 5592 qui
1092 5524 1199 5576 vim
1257 5523 1661 5578 incluctabilem
1708 5534 1788 5581 tot
1836 5540 2105 5579 smvorum

532 5616 857 5675 iucursuum
898 5617 1088 5671 Martis
1129 5616 1363 5681 adversi,
1396 5632 1501 5671 non
1523 5618 1633 5688 jam
1659 5633 1689 5672 e
1718 5617 1872 5673 libris
1903 5633 2107 5687 cogno-

534 5724 716 5770 secus,
752 5709 845 5763 sed
910 5720 1166 5777 spectans
1195 5710 1373 5765 oculis
1402 5720 1457 5763 et
1513 5709 1701 5766 dolore
1746 5711 1941 5765 intimo
1977 5727 2108 5765 sen-

534 5799 698 5870 tiens,
730 5815 835 5859 non
870 5815 933 5857 ea
988 5802 1128 5864 inter
1157 5802 1396 5875 suspiria
1426 5810 1479 5857 et
1508 5802 1777 5876 lacrymas
1816 5801 2102 5861 ell‘undens

2212 4607 2572 4667 subsecutum
2635 4623 2828 4667 eventa
2889 4617 3144 4683 superius
3191 4624 3505 4693 conscripta
3546 4625 3774 4681 historiae

2203 4697 2317 4765 jam
2350 4707 2475 4755 ante
2499 4703 2815 4771 compositae
2845 4708 3224 4765 euntiuuando
3258 4715 3574 4771 subtexere.

2282 4845 2332 4897 l.
2397 4845 2473 4899 De
2515 4846 2874 4904 Orientalium
2910 4852 3267 4913 Toc/mrorum
3302 4861 3454 4918 Kani
3484 4864 3705 4920 Cascae.

2284 4974 2530 5033 Cazaues
2578 4978 2746 5047 igitur
2795 4979 3158 5039 Orientalium
3196 4987 3367 5059 ljanis
3402 4990 3767 5048 Tocliarorttm

2213 5083 2338 5124 cum
2366 5069 2429 5123 ad
2462 5085 2553 5124 se:
2583 5086 2757 5127 annos
2786 5073 3111 5144 imperasset
3141 5088 3195 5132 et
3221 5081 3456 5150 plurima
3484 5086 3639 5154 digna
3665 5100 3769 5137 tne-

2213 5165 2384 5216 moria
2420 5162 2663 5231 fecisset,
2716 5166 2907 5231 quinto
2934 5176 2989 5221 et
3015 5169 3297 5227 tricesimo
3348 5176 3563 5244 eXpIcto
3605 5175 3768 5230 artatis

2211 5268 2355 5307 anno
2384 5254 2615 5319 rapitur.
2655 5254 2820 5318 Periit
2852 5274 2975 5314 cum
3009 5276 3074 5317 oo
3103 5262 3268 5318 simul
3327 5274 3435 5320 tota
3477 5284 3595 5336 quae
3642 5267 3771 5321 arri-

2208 5343 2341 5398 dere
2380 5356 2621 5409 casperat
2678 5364 2806 5418 spes
2859 5356 3212 5410 restituenda:
3255 5359 3487 5426 imperio
3536 5360 3770 5413 Romano
3856 5422 3863 5429 ί

2212 5439 2657 5507 tranquillitatis;
2694 5451 2843 5497 eteo
2897 5447 2992 5514 qui
3052 5449 3206 5504 solus
3257 5460 3468 5519 poterat
3522 5460 3575 5506 et
3639 5451 3768 5504 velle

2209 5531 2526 5585 ostenderat
2566 5541 2731 5601 atque
2760 5538 2898 5591 adeo
2922 5539 3035 5608 jam
3069 5554 3309 5610 coeperat
3357 5557 3606 5598 coercere
3648 5543 3768 5596 Bar-

2212 5618 2376 5675 baros
2418 5623 2517 5690 ipsi
2548 5625 2827 5695 subjectos
2861 5644 2890 5682 a
2923 5633 3127 5686 nostris
3158 5634 3471 5705 regionibus
3503 5634 3762 5690 vastandis

2208 5710 2278 5764 de
2322 5713 2498 5768 medio
2534 5716 2770 5781 sublato,
2797 5736 2903 5774 non
2929 5737 2996 5777 eo
3029 5726 3206 5779 solum
3245 5737 3435 5782 tenore
3462 5742 3568 5796 quo
3599 5741 3761 5793 carpe-

2208 5814 2355 5871 ταυίι
2391 5806 2485 5861 sed
2535 5812 2838 5880 altgmentis
2877 5826 3202 5887 exaggerata
3252 5818 3587 5893 gravioribus
3627 5817 3755 5873 mala
