4024 6448
323 309 428 378 501

1274 319 1372 381 DE
1410 316 1858 385 ANDBONN‘O
1889 315 2352 380 PALEOLOGO
2376 317 2526 378 LIB.
2559 317 2636 377 VI

3494 314 3600 376 502

319 447 416 483 νον
440 431 535 484 καὶ
575 432 800 504 Δαρεῖον
829 432 998 506 ἐώρα,
1049 435 1144 489 καὶ
1173 437 1285 498 τοῖς
1315 437 1640 510 πραχθεῖσιν
1672 435 1899 499 ἐκείνοις
1931 430 1980 492 Α
2007 437 2208 508 χαίρας
2237 436 2330 490 καὶ
2357 435 2664 508 ήμιτύμϐια
2688 435 2783 488 καὶ
2808 437 2914 490 πᾶν
2935 435 3066 492 ἄλλο
3095 433 3373 506 βαναύσου
3405 435 3607 504 τέχνης

323 521 492 574 παλαι
519 522 834 594 λεγομένοις
855 527 938 590 είς
963 525 1098 592 ἡδίω
1123 527 1338 598 τρυφὴν
1369 527 1571 599 ἐχρῆτο
1603 527 1636 599 ἢ
1671 529 1784 590 τοῖς
1805 526 1906 596 τῆς

321 617 502 686 ἀρχῆς
535 617 890 688 σεμνῶμασιν
916 619 1263 690 ὲξηγάλλετο.
1309 619 1529 676 Μᾶλλον
1562 620 1661 690 μὲν
1690 620 1784 675 οὖν
1812 622 1908 676 καὶ

320 711 416 760 τὸν
455 709 548 762 τοῦ
586 711 812 778 Δαρείου
844 713 1073 782 νικητὴν
1109 713 1457 782 Ἀλέξανδρον
1505 715 1600 767 ἐπὶ
1629 714 1909 784 λογισμῶν

322 799 581 872 ἔστρεφε,
633 804 726 856 καὶ
765 803 904 875 ὑπὲρ
950 805 1056 858 πᾶν
1095 803 1222 860 ἀλλο
1270 806 1367 868 τὰς
1417 807 1630 860 ἐκείνου
1683 807 1908 875 πράξεις

323 891 681 962 ὑπερηγάπα.
705 894 782 948 Δι’
807 889 881 949 ὧν
900 897 991 949 καὶ
1012 897 1168 960 αὐτὸς
1193 897 1303 951 τῶν
1336 899 1466 953 ίσων
1489 901 1672 967 τυχεῖν
1703 899 1906 968 ἐφίετο,

323 985 434 1065 καὶ,
458 985 617 1048 κλέος
673 985 863 1040 ἐπόθει
909 987 1095 1040 λαῦεῖν
1153 991 1265 1052 τοῖς
1299 991 1628 1061 όπουδήττοτ’
1661 992 1748 1044 ἐπ’
1786 992 1910 1060 ἴσης

323 1074 830 1146 ἅνδραγαθήμασιν.
897 1078 1066 1132 Ὅθεν
1117 1081 1214 1133 καὶ
1269 1081 1484 1144 πολλοῖς
1536 1082 1635 1153 μὲν
1663 1082 1912 1152 ὠγκοῠτο

323 1166 438 1228 τοῖς
469 1167 931 1234 παρασπίζουσιν,
951 1169 1238 1239 Ἴϐηρσιδὲ
1264 1172 1356 1224 καὶ
1393 1171 1594 1244 μᾶλλον
1625 1173 1716 1224 ἐπὶ
1748 1171 1910 1224 πολέ-

329 1275 453 1328 μοις
479 1260 722 1330 ξὲχρῆτο,
772 1261 1022 1314 πλεῖστον
1085 1263 1184 1332 μὲν
1212 1264 1272 1316 τὸ
1302 1267 1548 1334 γενναῖον
1598 1267 1693 1318 καὶ
1720 1267 1784 1318 ἐκ
1814 1265 1910 1318 τοῦ

325 1352 523 1420 γένους
563 1351 773 1422 ἔχουσι,
801 1354 986 1424 πολλῷ
1014 1357 1071 1410 δὲ
1098 1356 1260 1412 πλέον
1289 1359 1384 1410 καὶ
1410 1359 1474 1410 ἐκ
1506 1356 1600 1410 τοῦ
1632 1357 1739 1410 τῶν
1775 1359 1909 1428 Χρι-

327 1446 564 1498 στιανῶν
603 1446 844 1516 καθαροῦ
880 1449 978 1501 καὶ
1013 1451 1321 1520 ἀμωμήτου
1365 1450 1730 1519 σεϐάσματος.
1778 1451 1914 1520 Παρ’

325 1537 396 1607 ἣν
425 1536 604 1590 αξτίαν
659 1538 752 1589 καὶ
798 1538 1035 1609 σταυρὸν
1094 1539 1281 1608 μαθὼν
1319 1540 1380 1592 τὸ
1424 1539 1532 1592 τῶν
1571 1539 1914 1614 Χριστιανῶν

325 1629 588 1700 τρόπαιον
621 1629 702 1692 ὃν,
735 1630 966 1699 ούράγει
1001 1633 1152 1699 σφίσι
1186 1631 1595 1702 παρασπίζουσι
1647 1631 1789 1686 κατὰ
1818 1633 1915 1686 πό-

329 1723 518 1792 λεμον,
547 1725 640 1776 καὶ
663 1723 812 1775 πόλλ’
838 1724 974 1778 ἄττα
1001 1723 1152 1776 δεινὰ
1172 1724 1262 1776 τὸν
1284 1725 1392 1778 τῶν
1413 1725 1469 1778 Ἀ
1481 1726 1662 1795 ράύων
1687 1725 1916 1780 σουλτὰν

332 1814 641 1882 εἰργάζετο,
695 1814 838 1868 ὥστε
881 1818 974 1868 καὶ
1005 1816 1189 1876 αὐτοῖς
1240 1819 1353 1880 τοῖς
1387 1817 1550 1886 ἱεροῖς
1585 1817 1916 1888 προσϐαλεῖν

325 1905 595 1975 Σολύμοις
635 1907 730 1959 καὶ
765 1908 933 1976 ἐγγὺς
964 1907 1058 1961 τοῦ
1116 1911 1576 1982 παραστήσασθαι
1608 1910 1916 1978 γεγονέναι,

327 1997 428 2050 καὶ
462 1999 666 2067 μᾶλλον
695 2000 782 2053 διὰ
809 2001 869 2052 τὸ
899 2001 1182 2072 ζωηφόρον
1215 2007 1404 2074 μνῆμα
1431 2007 1545 2068 τοῖς
1575 2004 1789 2076 Ἴϐηρσι
1822 2024 1921 2077 χα-

330 2087 645 2159 ριζόμενος.
686 2091 926 2160 Ὀμοίως
957 2093 1145 2156 κακῶς
1181 2095 1276 2148 καὶ.
1311 2094 1412 2166 τὴν
1460 2095 1735 2162 Αἴγυπτον
1767 2096 1920 2168 ἔδρα,

329 2181 380 2234 εί
409 2181 486 2251 μή
520 2181 572 2248 γ’
601 2181 796 2252 ἐκείνῳ
828 2183 887 2236 τὸ
919 2185 976 2237 ὲν
1033 2185 1110 2255 τῷ
1136 2227 1150 2241 .
1184 2225 1200 2240 .
1233 2227 1246 2240 .
1277 2225 1291 2241 .
1333 2187 1514 2240 τόπων
1537 2189 1796 2259 ἀμμῶδες
1826 2191 1924 2244 καὶ

331 2273 564 2342 ἄνυδρον
599 2276 680 2337 εἰς
721 2275 894 2329 πολλὰ
929 2280 1282 2346 προσίστατο.
1321 2279 1432 2334 Καὶ
1456 2278 1530 2333 ἐῶ
1557 2281 1656 2344 τὰς
1687 2281 1928 2355 αὐτουρ-

334 2363 462 2432 γίας
509 2364 678 2418 αὐτοῦ
726 2367 784 2417 ὲν
817 2367 968 2430 ὅσαις
1025 2368 1283 2438 ἀσμένως
1332 2371 1520 2440 ἄρχων
1574 2371 1650 2425 ὢν
1687 2373 1776 2426 καὶ
1811 2373 1926 2431 τῶν

333 2455 662 2526 ὑπερτάτων
711 2458 1128 2527 ὲϐαναυσίζετο,
1183 2464 1244 2516 ού
1295 2464 1434 2517 κατὰ
1481 2467 1671 2536 χρείαν
1700 2467 1925 2538 μᾶλλον,

329 2549 474 2604 ἀλλὰ
498 2553 641 2605 κατὰ
669 2570 794 2608 τινα
822 2553 928 2606 τῶν
959 2555 1051 2622 ὑφ’
1082 2557 1246 2609 αὑτὸν
1276 2558 1584 2617 παίδευσιν.
1635 2560 1924 2634 Ἐφεστρί-

329 2644 456 2710 δας,
490 2643 722 2716 μύωπας
739 2648 836 2700 καὶ
859 2647 1105 2718 ῥυτῆρας
1145 2648 1328 2704 ἳππων
1357 2651 1450 2705 καὶ
1487 2651 1675 2708 πέδιλα
1704 2656 1796 2709 καὶ
1817 2673 1922 2727 μα-

332 2823 394 2878 in
431 2839 534 2880 nos
563 2825 769 2896 ubique
809 2827 1112 2891 irruebant,
1157 2831 1457 2900 praesertim
1511 2843 1690 2890 autem
1751 2836 1936 2892 Phila-

333 2915 594 2984 delphire,
644 2917 1006 2974 redeuntibus
1051 2918 1164 2975 fero
1225 2921 1430 2991 impetu
1489 2927 1554 2980 ad
1588 2927 1710 2996 ejus
1759 2943 1934 2996 oppu-

334 3011 654 3078 gnationem
704 3009 1015 3066 Carmanis.
1057 3012 1304 3068 Cazanes
1359 3014 1460 3084 (ut
1507 3018 1573 3071 de
1622 3019 1822 3074 illustri
1877 3021 1930 3074 in

1948 1769 1994 1826 Β

2013 525 2468 598 ἐξεργαζόμενος,
2521 526 2616 580 καὶ
2665 527 2766 590 τὰς
2835 528 3124 599 ἀνακωχὰς
3187 527 3298 579 τῶν
3349 525 3606 596 πολέμων

2013 620 2274 692 ἀσχολίας
2305 621 2412 675 τῶν
2443 620 2703 674 τοιούτων
2727 621 3076 688 ποιούμενος.
3136 619 3278 674 Ἀλλ’
3325 614 3412 672 οία
3443 618 3604 688 ἐφρό-

2012 730 2092 768 νει
2126 713 2404 785 βάρσαρος
2431 712 2527 775 ὢν,
2556 715 2616 766 τὸ
2663 711 2990 784 παράδοξον.
3048 713 3264 781 Ἡγεῖτο
3305 711 3414 782 γὰρ
3467 709 3606 768 εἷναι

2016 805 2241 876 μίμημα
2283 805 2420 858 Θεοῦ
2478 808 2568 858 τον
2631 805 2810 868 καλῶς
2863 805 3100 876 ἄρχοντα
3151 804 3248 858 καὶ
3281 805 3478 866 ὁσίως·
3512 808 3606 858 καὶ

2015 895 2206 968 ὥσπερ
2235 897 2335 950 ούκ
2367 895 2515 949 ἔστιν
2544 896 2738 966 ἐκείνῳ
2771 897 2901 967 περὶ
2939 895 3218 966 Ῥωμαίου
3251 895 3347 949 καὶ
3374 895 3604 960 Σκύθου,

2015 991 2371 1062 Σαυρομάτου
2428 992 2520 1044 καὶ
2557 991 2843 1061 Ἕλληνος,
2903 992 2983 1042 ἔτι
3038 990 3094 1043 δὲ
3123 989 3334 1042 δικαίου
3383 986 3606 1056 καὶμὴ,

2016 1084 2496 1154 ἀκριϐολογεῖσθαι
2551 1086 2680 1154 περὶ
2733 1085 2830 1150 τὰς
2858 1083 3056 1148 δόσεις,
3119 1083 3315 1145 κοινῶς
3385 1080 3610 1150 ιεύεργιι⁸

2015 1173 2199 1228 τοῦντι
2231 1173 2325 1228 καὶ
2353 1173 2540 1235 ὑετοὺς
2590 1173 2682 1226 καὶ
2737 1172 2885 1243 ὥρας
2933 1172 3030 1225 καὶ
3059 1171 3232 1243 ἦλιον,
3264 1169 3436 1234 οὕτως
3468 1169 3608 1240 ᾤετο

2015 1261 2126 1314 δεῖν
2175 1261 2480 1315 διακεῖσθαι
2524 1262 2618 1315 καὶ
2650 1262 2740 1314 τὸν
2786 1262 3016 1324 δικαίως
3052 1261 3292 1333 ἄρχοντα
3329 1261 3428 1313 σὺν
3466 1259 3610 1318 ὅλοις

2015 1355 2131 1414 τοῖς
2158 1351 2252 1404 ὑπ’
2284 1353 2448 1406 αὐτὸν
2469 1353 2572 1416 τὰς
2618 1353 2826 1424 δωρεὰς
2864 1352 3257 1422 διοικούμενον.
3325 1352 3530 1421 Ἐκοψε
3563 1351 3607 1404 δ’

2017 1447 2078 1511 ἐξ
2109 1445 2361 1515 ἀπέφθου
2415 1444 2621 1517 χρυσοῦ
2675 1448 2768 1499 καὶ
2823 1445 3126 1510 Καζάνειον
3183 1445 3453 1515 νόμισμα.
3517 1445 3610 1498 καὶ

2019 1542 2202 1594 πᾶσαν
2233 1537 2491 1609 εὐνομίαν
2545 1537 2962 1610 ἐνομοθέτησεν.
3021 1539 3224 1608 Ἐμελε
3257 1538 3301 1590 δ’
3333 1538 3483 1608 αὐτῷ
3519 1540 3608 1592 καὶ

2017 1630 2366 1700 δικαιοσύνης
2389 1629 2482 1682 ἐπὶ
2512 1632 2701 1693 πᾶσιν,
2725 1630 2866 1684 ὥστε
2889 1630 2969 1704 ’μὴ
2997 1633 3200 1700 ταύτης
3229 1631 3357 1685 ἄλλο
3385 1649 3436 1684 τι
3461 1631 3603 1699 λογί-

2021 1724 2211 1790 ζεσθαι
2267 1723 2682 1794 προτιμότερον.
2743 1717 2912 1786 Οὗτος
2941 1724 3268 1793 αὐτανέψιον
3303 1726 3442 1794 ἔχων
3467 1725 3576 1777 Του
3597 1755 3608 1766 -

2027 1815 2207 1882 κταῖν,
2255 1808 2299 1884 ᾧ
2345 1815 2410 1887 δὴ
2442 1818 2720 1886 προσῆκεν
2754 1820 2817 1868 ὲκ
2870 1818 3058 1883 γένους
3093 1818 3186 1870 καὶ
3215 1819 3247 1888 ή
3283 1817 3448 1888 ἀρχὴ,
3488 1817 3612 1870 ἐπεὶ

2025 1908 2164 1980 πρὸς
2222 1907 2439 1978 θανάτῳ
2467 1902 2536 1978 ἦν
2589 1908 2682 1961 καὶ
2722 1909 2784 1962 ού
2828 1909 2941 1972 τοῖς
3000 1908 3152 1972 ἰδίοις
3201 1909 3425 1975 τρόποις
3481 1908 3610 1968 τοὺς

2023 2000 2236 2054 ἐκείνου
2265 1999 2666 2068 συμϐαίνοντα-ς
2717 2000 3028 2064 ὑπετόπαζε
3068 2041 3080 2062 ,
3135 2000 3382 2072 παριδὼν
3443 1999 3610 2052 αὑτὸν

2025 2092 2255 2164 ἔφεδρον
2282 2096 2362 2156 είς
2389 2092 2566 2164 ἀρχὴν
2589 2094 2653 2145 ὲκ
2687 2091 2770 2166 [Ρ.
2807 2091 2934 2166 5‘20]
2973 2093 3068 2146 τοῦ
3117 2091 3420 2160 ἀναγκαίου
3458 2091 3608 2153 ὄντα,

2027 2183 2253 2255 πέμψας
2313 2185 2701 2255 μετακαλεῖται
2734 2184 2825 2236 τον
2873 2183 3040 2237 αὐτοῦ
3079 2183 3308 2251 ἀδελφὸν
3345 2183 3472 2254 περί
3507 2200 3610 2235 που

2026 2275 2096 2329 τὰ
2148 2276 2245 2344 τῆς
2285 2275 2473 2336 Ἰνδίας
2512 2275 2651 2346 μέρη
2703 2275 2800 2327 σὺν
2839 2275 2954 2346 ἰδίῳ
3005 2275 3375 2344 στρατεύματι
3410 2275 3615 2345 διατρί-

2029 2367 2217 2430 ϐοντα,
2249 2359 2290 2433 ᾧ
2322 2366 2385 2436 δὴ
2417 2368 2796 2438 Χαρμπαντᾶς
2817 2367 3071 2435 τούνομα
3092 2385 3106 2402 ο
3152 2369 3450 2438 ὀρεοκόμον
3484 2368 3614 2439 εἴπῃ

2027 2475 2112 2520 τις
2148 2458 2215 2512 ἂν
2241 2460 2472 2521 ἐκεῖνον,
2523 2459 2665 2512 οὕτω
2699 2459 2914 2528 συμϐὰν
2972 2460 3066 2513 ἐπὶ
3097 2464 3162 2532 τῇ
3197 2464 3474 2530 γεννήσει,
3513 2479 3614 2529 φα-

2032 2549 2214 2613 νέντος
2241 2549 2403 2612 εὐθὺς
2438 2549 2707 2616 τοιούτου,
2738 2551 2819 2614 ὡς’
2841 2551 3048 2606 εἴθιστο
3071 2552 3220 2620 σφίσι
3253 2553 3616 2622 γεννωμένοις

2033 2647 2206 2696 ποιεῖν
2244 2643 2387 2696 κατά
2415 2661 2463 2694 τι
2501 2645 2753 2712 νόμιμον.
2780 2643 2894 2696 Καὶ
2927 2644 3114 2696 τοῦτον
3140 2647 3219 2707 είς
3249 2643 3420 2715 ἀρχὴν
3446 2661 3618 2697 κατα-

2033 2824 2316 2892 cumdare,
2355 2835 2410 2876 et
2441 2826 2562 2877 loco
2592 2823 2901 2876 triariorum
2927 2833 3175 2877 extremo
3206 2825 3260 2878 in
3285 2825 3499 2893 agmine
3532 2839 3616 2878 se-

2034 2935 2155 2974 cum
2192 2919 2412 2970 habere.
2445 2915 2562 2982 Qua
2597 2916 2836 2970 bellandi
2868 2915 3084 2969 ratione
3112 2931 3236 2970 cum
3283 2916 3387 2968 alia
3425 2919 3612 2986 gravia

2037 3011 2240 3066 Sullani
2277 3011 2519 3063 Arabum
2550 3009 2745 3064 damna
2794 3009 3000 3074 intulit,
3035 3018 3144 3062 tum
3198 3009 3333 3078 ipsis
3395 3025 3612 3080 quoque

336 3101 536 3170 paucis
567 3102 814 3170 principe
841 3103 990 3159 brevi
1013 3103 1176 3176 457
1207 3109 1552 3179 digressione
1603 3127 1774 3193 pa'uca
1807 3129 1915 3168 non
1949 3113 1995 3176 ε
2031 3102 2424 3171 i-lierusolymis
2489 3101 2762 3154 hostiliter
2825 3101 3079 3155 admotus
3161 3115 3352 3169 parum
3435 3101 3610 3155 abfuit

337 3192 568 3261 indigna
599 3195 740 3248 scitu
792 3199 1136 3269 memorem)
1185 3201 1548 3272 principatum
1601 3192 1780 3261 iniens
1819 3207 1923 3277 Gy-

342 3303 472 3341 rum
508 3297 562 3342 et
601 3285 822 3342 Darium
861 3291 1112 3349 imitandi
1143 3296 1326 3348 studio
1353 3297 1662 3364 spectabat,
1687 3310 1923 3368 actaque

327 3379 594 3448 ipsarum
629 3381 762 3456 olim
795 3385 1180 3438 commendata
1217 3387 1412 3440 litteris
1447 3387 1603 3442 avide
1639 3391 1925 3459 perlegens

337 3475 470 3548 plus
525 3492 592 3532 ex
646 3491 835 3532 eerum
897 3479 1212 3548 cognitione
1282 3482 1576 3552 voluptatis
1637 3485 1926 3538 hauriebat.

339 3581 508 3636 quam
540 3583 570 3620 e
603 3572 818 3622 cunctis
865 3570 1171 3640 insignibus
1239 3589 1468 3626 summm
1528 3591 1631 3644 qua
1690 3577 1926 3644 pollebat

341 3662 659 3730 potestatis.
689 3660 792 3715 Sed
829 3669 884 3715 et
909 3665 1006 3718 hos
1037 3663 1188 3733 ipsos
1217 3675 1434 3722 veteres
1461 3667 1744 3722 Persarum
1777 3677 1926 3723 tran-

341 3752 620 3806 scendens
649 3767 829 3822 reges,
864 3753 1234 3808 Alexandrum
1270 3754 1418 3811 Darii
1457 3758 1928 3815 victorem-mente

341 3837 698 3908 petissimum
742 3841 1018 3905 versabat,
1055 3852 1110 3896 et
1145 3858 1314 3913 super
1361 3844 1714 3901 omne'aliud
1753 3849 1929 3904 histo-
1963 3887 1968 3892 -

345 3931 556 3985 riarnm
593 3942 978 4001 argumentum
1032 3948 1120 3988 res
1169 3935 1344 4004 ipsius
1381 3945 1564 4006 gestas
1617 3940 1930 4010 suspiciens

344 4023 596 4086 amabat,
631 4022 754 4092 ejus
785 4023 1044 4090 similem,
1068 4041 1174 4096 qua
1205 4043 1264 4082 se
1293 4029 1384 4082 ille
1411 4031 1675 4102 inclytum
1704 4032 1928 4100 fecerat,

345 4128 404 4174 et
441 4119 561 4188 ipse
585 4118 1163 4188 assequildesiderans
1193 4121 1444 4192 gloriam,
1471 4131 1524 4176 et
1551 4123 1715 4178 istius
1743 4141 1930 4180 exem-

347 4213 440 4280 plo
493 4211 834 4267 facinoribus
883 4212 1156 4284 cujusque
1201 4215 1419 4284 generis
1463 4217 1654 4272 arduis
1705 4218 1932 4273 edendis

295 4341 312 4349 -
345 4306 716 4360 immortalem
751 4304 876 4362 ’sibi
922 4305 1122 4359 famam
1154 4307 1414 4363 (heroicae
1455 4309 1678 4364 virtutis
1744 4313 1933 4381 acqui-

349 4413 494 4454 rere.
529 4397 671 4452 Hinc
727 4397 836 4463 ille,
895 4407 1053 4468 prout
1107 4406 1222 4453 erat
1272 4409 1702 4455 consentaneum
1752 4401 1933 4458 facere

2028 3196 2096 3251 ab
2133 3195 2266 3248 urbe
2299 3194 2386 3246 illa
2417 3203 2588 3256 tanta,
2646 3193 2734 3246 cui
2769 3192 2952 3245 sultan
3013 3193 3345 3249 Christianis
3405 3209 3612 3264 erepta:

2029 3288 2443 3346 dominabatur,
2502 3288 2866 3356 expugnanda
2941 3301 3162 3355 sumque
3227 3288 3608 3357 subjungenda

2030 3381 2249 3440 ditioni.
2286 3380 2335 3432 id
2373 3396 2666 3448 aggressus
2699 3381 2964 3432 instinctu
2991 3382 3229 3432 maxime
3261 3381 3608 3448 gratiﬁcandi

2031 3473 2146 3527 suis
2182 3471 2370 3531 lberis,
2434 3486 2572 3535 utros
2629 3471 2840 3524 St'lt‘bﬂl
2897 3485 3039 3539 aegre
3099 3469 3240 3524 ferre
3303 3471 3611 3525 Saracenos

2032 3564 2238 3618 Christi
2273 3563 2485 3615 D-unini
2547 3563 2730 3616 hostes
2774 3563 2988 3614 tiriftro
3023 3563 3197 3632 ipsius
3235 3563 3500 3624 insistere,
3527 3565 3610 3618 vi-

2035 3670 2215 3711 ctores
2248 3665 2302 3710 et
2337 3656 2600 3710 insultare
2655 3671 3033 3712 ηεοηιιιιιριιιυ.
3090 3657 3146 3710 In
3193 3671 3302 3727 quo
3331 3656 3432 3711 etsi
3468 3658 3610 3710 haud

2034 3749 2110 3802 illi
2151 3749 2382 3811 contigit
2416 3751 2677 3817 perlicere
2741 3751 2888 3818 quod
2941 3750 3189 3818 optabat,
3249 3759 3430 3803 tamen
3469 3750 3610 3802 hau-l

2036 3858 2226 3913 parum
2255 3841 2444 3896 amisit
2480 3842 2717 3896 sultauis
2752 3851 2954 3908 partes,
2991 3853 3213 3897 vastans
3259 3845 3392 3912 quin
3449 3845 3612 3896 etiam

2035 3933 2332 4002 rEgyptum
2361 3932 2658 4000 cladesque
2711 3934 2822 3986 illic
2877 3935 3150 3988 Arabibus
3185 3939 3292 3988 non
3349 3935 3493 3989 leves
3528 3937 3614 3990 itt-

2037 4025 2240 4088 ferens,
2275 4026 2434 4094 longe
2466 4027 2714 4093 pluribus
2739 4037 2792 4079 et
2815 4028 3164 4096 gravioribus
3188 4028 3308 4082 sine
3329 4026 3498 4098 458
3519 4029 3618 4080 du-

2038 4116 2128 4170 bio
2161 4116 2382 4172 damnis
2415 4117 2539 4170 illos
2571 4117 2892 4176 atl‘ecturus,
2934 4116 3040 4172 nisi
3076 4118 3144 4181 ei,
3191 4133 3258 4170 ne
3303 4129 3618 4187 penetraret

2037 4209 2288 4270 interius.
2324 4209 2566 4286 locorum
2604 4211 2788 4263 arenis
2833 4209 2996 4264 inviis
3042 4216 3096 4264 et
3147 4224 3302 4278 aquae
3359 4211 3618 4278 inOpihus

2037 4302 2148 4354 late
2180 4301 2567 4370 squallentinm
2599 4299 2992 4370 insuperabilis
3017 4299 3316 4356 difficultas
3353 4303 3613 4359 obstitis-

2037 4401 2143 4448 set.
2185 4393 2395 4448 Omitto
2425 4409 2720 4449 accensere
2748 4394 2888 4448 tanti
2926 4393 3027 4448 viri
3060 4393 3314 4450 laudibus
3347 4395 3615 4451 humilem

351 4494 480 4548 talia
519 4493 897 4558 meditantem,
931 4507 1212 4561 nunquam
1261 4507 1368 4546 non
1416 4494 1661 4562 Speciose
1706 4497 1930 4551 ειη-εἰη-
1963 4498 2006 4552 ι)
2041 4485 2370 4538 industriam
2399 4483 2589 4538 vilium
2642 4485 3018 4554 optﬁeiorum,
3083 4485 3286 4554 quibus
3341 4486 3617 4540 latissime

351 4597 480 4642 ctus
513 4570 814 4655 apparebat
838 4600 1132 4638 numerosa
1165 4593 1217 4639 et
1245 4585 1542 4640 lectissima
1571 4587 1931 4656 praeter-iano”—

351 4692 476 4732 rum
514 4691 714 4730 manu:
775 4690 898 4729 cmn
952 4674 1264 4730 bellandum
1323 4690 1488 4742 porro
1535 4687 1700 4739 esset,
1761 4675 1934 4733 lberis

353 4766 709 4838 porissimum
743 4767 1022 4828 utebatur,
1062 4765 1270 4834 optimo
1301 4775 1354 4822 et
1397 4766 1498 4821 sibi
1539 4767 1935 4838 probatissimo

358 4860 594 4914 militum
627 4872 848 4926 genere,
890 4858 1092 4926 quippe
1125 4857 1328 4926 quibus
1359 4868 1722 4928 praeterquam
1757 4860 1936 4914 inerat

358 4967 574 5023 pugnax
611 4965 640 5004 a
678 4949 849 5019 stirpe
880 4951 1090 5004 indoles
1139 4965 1516 5020 generosaque
1543 4949 1796 5007 alacritas
1843 4968 1935 5022 pe-

354 5027 656 5106 riclitandi,
708 5043 1006 5098 accedebat
1053 5043 1232 5113 major
1287 5044 1454 5116 etiam
1513 5045 1583 5098 ah
1637 5046 1936 5116 inculpatis

353 5137 668 5194 amabilitas
695 5136 966 5197 moribus,
1004 5136 1151 5206 quod
1201 5135 1235 5188 ii
1293 5112 1664 5190 Utristianam
1710 5139 1934 5207 religio-

356 5244 484 5286 nem
517 5245 656 5299 pure
713 5228 1094 5298 inoll‘enseqne
1126 5229 1544 5298 profiterentur.
1579 5230 1763 5294 Quare
1823 5247 1934 5287 non

357 5327 874 5396 iguarusquantum
927 5322 1180 5375 vincendi
1225 5337 1384 5374 omen
1441 5321 1492 5374 iu
1546 5323 1731 5377 crucis
1780 5327 1937 5394 signo

355 5415 720 5472 constitutum
741 5420 906 5470 esset.
932 5410 1018 5464 cui
1044 5424 1429 5478 prosperorum
1453 5409 1788 5477 experientia
1814 5428 1940 5466 suc-

357 5519 615 5564 cessnum
649 5504 918 5556 celebrem
949 5500 1375 5571 appellationem
1424 5499 1616 5571 trepaei
1672 5494 1940 5556 Christia-

359 5609 562 5651 norum
597 5592 797 5648 merito
829 5593 1152 5662 peperisset,
1201 5591 1328 5645 huic
1364 5592 1669 5659 prmSertim
1721 5577 1939 5647 lberica:

360 5687 588 5758 legioni,
624 5699 724 5754 pro
750 5670 951 5739 vexillo
976 5683 1224 5738 labarum
1259 5697 1426 5738 cruce
1475 5684 1687 5753 insigne
1744 5684 1940 5753 praefe-

362 5779 527 5841 tenti,
561 5763 871 5833 confidebat
899 5779 950 5832 in
990 5776 1214 5846 przeliis,
1247 5791 1364 5831 eam
1419 5775 1524 5831 sibi
1583 5776 1774 5832 solitus
1825 5777 1938 5832 Cir-

2038 4575 2164 4630 licet
2205 4590 2268 4630 ac
2330 4574 2780 4644 splendidiSsime
2820 4575 3110 4630 dominans
3157 4579 3416 4646 princeps
3451 4579 3617 4646 perli-

2036 4666 2230 4721 benter
2271 4667 2622 4736 impendebat
2655 4667 3000 4738 propriarum
3045 4681 3267 4736 operam
3331 4681 3615 4732 manuum,

2038 4761 2180 4818 haud
2217 4762 2308 4819 ille
2331 4763 2550 4832 quidem
2583 4763 2720 4818 lucri
2750 4779 2950 4819 ususvc
2987 4765 3186 4835 gratia,
3213 4765 3372 4834 quasi
3415 4764 3619 4820 talibus

2037 4863 2246 4923 egeret,
2280 4853 2374 4908 sed
2407 4853 2553 4922 quod
2579 4853 2933 4918 institutione
2961 4853 3340 4924 philosophica
3375 4854 3615 4924 quadam

2038 4948 2326 5017 pulchram
2382 4941 2732 5002 existimaret
2806 4947 3296 5002 universalitatem'
3335 4947 3496 5001 istam
3550 4949 3617 5001 ad

2040 5049 2238 5096 cuncta
2273 5041 2684 5103 descendentis,
2715 5041 2770 5094 in
2807 5041 3022 5094 cunctis
3047 5040 3343 5095 eminentis
3389 5039 3615 5110 ingenii.

2041 5131 2188 5202 Ergo
2217 5149 2326 5188 non
2356 5132 2650 5203 quisquam
2690 5132 2784 5185 illo
2839 5131 3168 5186 concinnius
3193 5132 3472 5202 ephippia,
3502 5135 3620 5186 cal-

2040 5227 2212 5287 caria,
2243 5225 2486 5280 habenas
2539 5225 2699 5294 equis
2756 5223 3064 5287 ﬂectendis,
3102 5239 3320 5287 ocreas,
3381 5225 3616 5295 gladius,

2043 5318 2228 5385 galeas
2285 5326 2378 5370 aut
2415 5319 2467 5373 id
2535 5333 2709 5388 genus
2765 5317 3026 5372 militaria
3085 5321 3326 5386 capitum
3375 5317 3622 5386 tegmina

2043 5410 2284 5473 cuderet,
2319 5419 2505 5464 sueret
2531 5447 2548 5474 ,
2576 5425 2641 5466 ex
2675 5426 3008 5480 quacunque
3042 5411 3341 5466 scitissime
3388 5411 3618 5464 materia

2044 5499 2326 5562 formaret,
2361 5500 2689 5555 nitidissime
2737 5501 2955 5571 poliret,
3013 5499 3368 5556 remissiones
3418 5500 3624 5553 solitus

2045 5591 2364 5644 militarium
2401 5592 2648 5646 laborum
2673 5592 3010 5646 mechanicis
3039 5589 3347 5647 istiusmodi
3373 5589 3622 5646 artificiis

2045 5682 2322 5736 addicere.
2360 5679 2480 5736 Jam
2522 5697 2684 5739 sensa
2713 5685 2914 5738 mentis
2950 5684 3066 5752 ejus
3102 5682 3468 5737 familiaribus
3518 5683 3618 5737 de.-

2046 5773 2250 5828 clarata
2283 5773 2574 5831 sententiis
2605 5789 2766 5845 quam
2803 5783 2952 5830 erant
2986 5774 3039 5828 in
3066 5771 3308 5827 Barbare
3339 5771 3623 5842 inopinata
3660 5765 3663 5768 ’
