4024 6410
425 330 532 391 503

1619 334 1944 397 GEORGII
1987 334 2467 400 PACHYMER/E

3577 342 3687 409 5Ίᾷ

428 445 635 514 στήσας
673 445 764 497 ἐπὶ
786 444 965 515 τρισὶν
995 444 1140 500 ἔτεσι
1171 446 1237 502 τὰ
1270 447 1437 502 αὐτοῦ
1472 450 1793 521 συνθήματά
1826 470 1885 504 τε
1915 450 2007 505 καλ⁵
2038 451 2084 505 Δ
2113 451 2379 519 ποταμῶν
2455 452 2750 523 μεσόγαιον
2804 453 2910 509 ἀνὰ
2989 456 3289 529 Σάγγαριν,
3345 459 3690 523 Μεσονήσιον

428 534 640 603 νόμιμα
696 535 1147 605 ἀπαρεγχείρητα
1210 539 1392 607 μένειν
1442 541 1664 604 ἐντολὰς
1719 542 1887 593 ἐδίδου
1946 541 2008 594 τὸ

430 624 673 689 ἑπίταδε,
726 620 843 678 εἶτα
896 627 1007 697 ἄρα
1040 628 1132 681 καὶ
1174 627 1345 693 δόξειε
1405 630 1651 699 γίνεσθαι
1682 632 2005 703 παρηγγύα.

430 715 592 771 Τοῦτ’
623 717 930 773 ὰνάτιυστον
956 720 1197 786 γεγονὸς,
1252 721 1375 774 ἐπεὶ
1406 723 1497 776 καὶ
1530 724 1670 777 κατὰ
1707 727 1805 785 τὰς
1831 726 2008 797 ἄκρας

431 810 489 860 αἱ
516 811 728 878 γραφαὶ
758 810 1073 878 διεδόθησαν
1098 812 1192 865 καί
1221 813 1249 865 ὁ
1270 815 1410 867 κατᾶ
1436 814 1526 868 τὸν
1554 814 1810 881 Εὔξεινον
1825 816 2008 887 ἄρχων

432 900 818 971 Χουτλουχεὶῖμ
878 904 1043 972 ἤκουε
1092 904 1154 957 τὸ
1209 908 1508 975 συμπεσὸν,
1566 908 1871 977 διαδέχεται
1912 908 2011 978 τὴν

434 992 622 1061 φήμην
653 993 679 1041 ὁ
726 992 1105 1061 Σολυμάμπαξ
1161 997 1399 1067 Πέρσης,
1436 998 1494 1061 ὃς
1529 1001 1625 1052 καὶ
1660 1000 1909 1070 γαμϐρὸς
1942 996 2010 1071 ἦν

433 1084 525 1136 ἐπὶ
558 1083 786 1154 θυγατρὶ
809 1087 904 1139 τοῦ
954 1088 1361 1159 Κουτζίμπαξι.
1421 1092 1529 1145 Καὶ
1568 1092 1713 1145 οὕτω
1744 1093 2011 1163 διαμηνυ-

434 1176 619 1239 θέντος
675 1177 769 1231 τοῦ
822 1180 1131 1249 συμϐάντος
1186 1181 1262 1251 τῷ
1294 1183 1522 1252 βασιλεῖ,
1562 1188 1590 1238 ὁ
1634 1185 1724 1237 τοῦ
1760 1187 2010 1250 Καζὰνου

432 1268 663 1332 θάνατος
719 1275 828 1335 τοῖς
884 1275 1095 1327 ἐκείνου
1150 1275 1414 1345 πρέσϐεσι
1468 1279 1610 1331 κατὰ
1645 1280 1826 1342 πόλεις
1854 1281 2012 1346 δῆλος

432 1359 663 1429 γίνεται,
696 1364 795 1427 καὶ,
824 1365 883 1416 τὸ
915 1365 1109 1430 πένθος
1140 1368 1325 1435 σφὶσιν
1366 1370 1582 1439 αἴρεται
1618 1372 1779 1441 μέγα.
1822 1373 2014 1440 Ὅμως

432 1449 489 1504 δὲ
524 1454 617 1506 καὶ
677 1456 1119 1522 παρακαλοῦνται
1164 1457 1447 1530 ’βασιλέως
1499 1464 1834 1531 πέμψαντος.
1866 1466 2015 1534 Πλὴν

432 1543 549 1595 ἀλλ’
591 1546 881 1616 ἰὶμούριος
912 1550 1005 1601 καὶ
1036 1548 1209 1615 οὕτως
1243 1553 1733 1621 καθυπεστέλλετο,
1767 1555 1867 1608 οὐκ
1897 1552 2015 1610 οἴδα

432 1637 541 1689 εἴτε
603 1638 691 1690 τὸν
738 1642 845 1695 ἀπὸ
880 1641 973 1693 τοῦ
1021 1644 1370 1714 Χαρμπαντᾶ
1419 1648 1582 1716 φόδερε)
1615 1648 1746 1717 (τὰς
1780 1649 1897 1718 γᾶιρ¹
1918 1650 2013 1703 τοῦ

428 1729 662 1796 ἀδελφοῦ
719 1733 1011 1796 συνθεσίας
1064 1739 1271 1801 ἐκεῖνος
1314 1744 1502 1809 τηρεῖν
1560 1740 1791 1811 ἤθελεν)
1826 1742 1905 1795 ἔτι
1938 1743 2014 1806 ὡς

2113 537 2330 607 ἐτύμως
2363 540 2779 612 ὠνομασμένον,
2817 545 2903 615 ἐφ’
2938 537 3092 616 ᾧπερ
3123 550 3234 612 τοῖς
3278 548 3428 612 ἰδίοις
3456 551 3691 621 οἰκηθη-

2114 629 2342 698 σύμενον
2394 635 2508 695 τοῖς
2563 633 2714 697 ὲντδς
2767 635 3012 690 οἰκοῦσιν
3062 641 3143 704 εἰς
3177 638 3430 711 φυλακὴν
3482 643 3688 697 κέοιτο.

2124 720 2286 774 Ἀλλὰ
2317 722 2423 775 τῶν
2452 724 2712 779 τοιούτων
2768 726 2908 791 τέως
2940 729 3361 799 ἀνηρτημένων,
3390 733 3534 795 τινὲς
3580 732 3693 785 τῶν

2113 813 2322 866 ἐκείνου
2351 817 2472 868 κατ’
2509 817 2782 886 οὐλαμοὺς
2816 819 3154 884 διεκθέοντες
3188 823 3359 876 κακὸν
3389 823 3692 894 ἀπάντημα

2127 904 2421 974 Ῥωμαίοις
2453 910 2531 970 εἰς
2564 911 2835 980 τρυγητὸν
2886 911 3090 978 ἐξιοῦσι
3120 914 3229 966 τῶν
3256 914 3695 985 ἀτημελημένων

2118 998 2417 1067 κτημάτων
2445 1000 2709 1066 ἐγίνοντο.
2769 998 2953 1055 *Ησαν
2983 1003 3093 1073 γὰρ
3130 1004 3384 1057 ἐντεῦθεν
3416 1007 3484 1059 τὰ
3523 1006 3698 1076 πρόσ-

2112 1107 2250 1159 τιμα
2273 1091 2379 1144 τῶν
2414 1094 2731 1148 ἑαλωκότων
2759 1095 2960 1167 φωρῶν
2990 1095 3255 1167 ἄντικρυς
3288 1099 3593 1168 πρόστιμα,
3645 1100 3698 1152 εἰ

2116 1183 2221 1252 γῆν
2251 1184 2318 1254 ἣν
2344 1185 2431 1239 διὰ
2457 1185 2670 1256 σπάθης
2699 1188 3005 1257 ἐκτήσαντο
3027 1190 3227 1243 ἐκεῖνοι
3252 1192 3471 1243 πατοίεν
3502 1193 3598 1245 καὶ
3628 1192 3702 1246 τὰ

2119 1275 2304 1343 σφίσιν
2334 1276 2396 1328 ἐκ
2457 1268 2697 1338 ἅτολέμου
2745 1281 3139 1350 περιγεγονότα
3194 1281 3573 1352 καρπίζοιντο.
3602 1283 3702 1337 Διά

2116 1383 2198 1418 τοι
2229 1366 2403 1420 ταῦτα
2429 1369 2526 1422 καὶ
2560 1371 2812 1439 μαχητὰς
2856 1372 3214 1443 μισθούμενοι
3245 1372 3527 1444 ἄνθρωποι
3564 1376 3703 1428 dato-

2116 1457 2426 1528 τολμῶντες
2453 1461 2521 1514 τὰ
2555 1460 2834 1531 θαλάσσης
2866 1465 3033 1531 ἐγγὺς
3065 1464 3474 1535 ἐπιχειροῦντες
3504 1465 3703 1534 δρέπε-

2119 1548 2263 1611 σθαι,
2286 1544 2346 1603 οὗ
2372 1554 2471 1623 μὲν
2490 1554 2790 1624 ηὐστόχουν
2816 1556 2907 1609 καὶ
2927 1557 3344 1627 άπεκέρδαινον,
3374 1557 3442 1611 τὰ
3465 1558 3702 1613 πλεῖστα

2117 1640 2163 1693 δ’
2190 1643 2520 1711 ἐσφάλλοντο
2550 1646 2645 1697 καὶ
2676 1648 3029 1716 ἐσφάττοντο.
3056 1650 3168 1701 Καὶ
3197 1648 3370 1702 ταῦτα
3409 1652 3509 1719 μὲν
3546 1652 3707 1715 ἐκτὸς

2117 1737 2217 1806 τῆς
2259 1738 2676 1793 Κωνσταντὶνου
2724 1741 3084 1809 ὲπράττοντο,
3140 1741 3292 1803 ἐντὸς
3324 1743 3380 1796 δὲ
3415 1744 3570 1797 τοῦτο
3606 1747 3709 1815 μὲν

431 1821 577 1884 εἰκὸς
609 1824 982 1895 ὑφορώμενος,
1020 1832 1129 1882 εἴτε
1160 1832 1258 1900 τὴν
1286 1835 1392 1886 iub
1422 1834 1690 1901 βασιλέως
1723 1836 2015 1905 εὐμένειαν
2049 1802 2089 1857 Β
2118 1832 2152 1899 ἡ
2180 1829 2317 1899 πρὸς
2348 1830 2440 1883 τδν
2492 1832 2941 1904 πατριαρχοῦντα
2996 1832 3109 1887 τῶν
3141 1833 3353 1886 πολλῶν
3385 1834 3707 1904 ὑπονόησις.

429 1921 927 1990 προσποιούμενος,
986 1925 1080 1975 καὶ
1133 1926 1357 1994 πέμψας
1398 1926 1516 1996 ⁴ᾔτει
1550 1927 1776 1996 βασιλέα
1811 1931 1874 1981 τὸ
1908 1929 2019 1985 τῶν

432 2094 835 2166 mirandaque!
884 2098 1180 2156 Dictitabat
1213 2104 1349 2158 bene
1379 2121 1441 2160 ac
1473 2117 1659 2161 sancte
1695 2110 2018 2180 imperantis

433 2188 678 2244 hominis
708 2190 969 2255 cilicium,
997 2195 1085 2247 Dei
1114 2199 1353 2264 supremi
1390 2203 1636 2254 onmium
1668 2203 1881 2257 Domini
1904 2208 2017 2261 acri

431 2279 737 2336 aﬂ‘ectanda
770 2285 957 2338 studio
986 2286 1293 2343 imitatione
1328 2293 1623 2346 contineri.
1667 2293 1823 2347 Sient
1870 2297 2017 2349 enim

434 2372 578 2440 apud
621 2374 959 2429 conditorem
1000 2379 1385 2434 universorum
1449 2384 1742 2438 discrimen
1806 2386 2017 2441 nullum

434 2472 519 2517 est
552 2463 780 2519 Romani
815 2477 908 2520 aut
939 2468 1478 2538 St-ytliar,,Sarmat:e
1510 2487 1599 2529 aut
1627 2478 1826 2542 Graeci,
1862 2494 1925 2533 ac
1951 2496 2021 2535 ne

431 2552 569 2623 justi
602 2557 823 2627 quidem
862 2560 943 2612 vel
998 2562 1214 2629 iujusti,
1251 2566 1398 2633 quod
1436 2570 1700 2636 largiendi
1750 2571 2023 2637 profusio-

439 2663 562 2701 nem
593 2651 810 2715 attinet,
847 2655 1036 2722 tttiqttc
1066 2671 1187 2717 eum
1221 2658 1342 2725 ejus
1374 2659 1584 2711 liberali
1640 2664 1813 2731 gratia
1865 2679 2022 2732 teque

439 2740 493 2797 in
522 2756 712 2796 omnes
748 2746 1063 2798 communia
1097 2747 1362 2801 beneiicia
1419 2762 1754 2819 spargantur
1809 2756 2023 2823 pluria-

436 2849 585 2899 rum,
654 2847 1073 2907 tempestatum,
1134 2841 1267 2895 solis
1314 2859 1497 2896 annuo
1547 2846 1825 2913 iungentis
1863 2865 2020 2919 gyro,

435 2927 556 2996 pari
594 2944 813 2998 quoque
851 2933 1070 3000 penitus
1128 2934 1383 2987 aﬂ‘ectum
1424 2936 1762 3006 indulgentia
1822 2940 2023 2995 debere

439 3021 777 3089 principem,
805 3033 1068 3092 praestare
1103 3041 1161 3080 se
1187 3026 1588 3082 indifferentem
1636 3031 1855 3086 cunctis
1892 3033 2023 3085 sub—

2120 1921 2278 1976 τοῦτο
2301 1923 2355 1977 δὲ
2378 1924 2474 1977 καὶ
2495 1925 2527 1993 ἡ
2550 1924 2656 1977 τῶν
2687 1925 3003 1995 δυναμένων
3027 1926 3329 1997 ἀπληστία,
3356 1924 3709 1997 καπηλευόν-

2121 2099 2433 2153 destinabat
2465 2113 2667 2155 rectam
2721 2104 3279 2171 administrationem,
3339 2105 3477 2160 adeo
3522 2106 3711 2162 efﬁca-

2123 2196 2280 2249 cibus
2326 2197 2615 2265 praecirptis
2670 2206 2728 2250 ut
2794 2198 2951 2267 quasi
3011 2210 3127 2254 arte
3174 2200 3529 2254 mansuetarii
3593 2203 3708 2256 fera

2123 2288 2372 2341 cienrata
2433 2288 2515 2342 vel
2570 2290 2758 2358 pulltts
2815 2291 3116 2345 indomitus
3172 2308 3365 2362 parere
3425 2294 3626 2363 lupatis
3679 2308 3711 2346 a

2124 2381 2392 2449 magistro
2451 2382 2647 2436 doctus
2705 2398 2964 2451 agasone,
3027 2384 3184 2437 brevi
3247 2393 3494 2455 tempore
3551 2386 3715 2455 plane

2124 2473 2471 2541 compositus
2501 2483 2553 2527 et
2580 2490 2678 2543 per
2718 2476 2903 2529 omnia
2935 2475 3220 2531 decessori
3259 2476 3454 2533 similis
3491 2477 3715 2547 imperii

2127 2562 2459 2618 candidatus
2492 2567 2834 2634 apparuerit,
2863 2567 3000 2620 nihil
3028 2566 3142 2637 jam
3177 2568 3359 2622 minus
3392 2568 3460 2623 de
3494 2583 3553 2622 se
3580 2583 3716 2640 spc-

2128 2658 2361 2711 ranilnm
2392 2660 2643 2725 praibens
2674 2675 2838 2728 quam
2866 2662 2910 2715 si
2943 2660 3179 2715 Cazanis
3204 2672 3391 2715 cretus
3439 2663 3716 2730 sanguine

2128 2746 2515 2819 institutisque
2542 2766 2571 2803 a
2607 2752 2839 2820 pueritia
2867 2753 3157 2817 formatus,
3187 2769 3295 2808 non
3327 2763 3507 2808 autem
3540 2754 3719 2808 frater

2127 2841 2395 2897 educatus
2460 2860 2687 2914 peregre
2720 2845 2767 2900 ei
2799 2845 3081 2900 decedenti
3113 2848 3528 2916 subrogaretur.
3557 2845 3719 2902 llune

2129 2934 2294 2987 talem
2320 2947 2684 3003 compertum,
2740 2938 2875 2991 nihil
2922 2939 3063 2993 ultra
3093 2953 3363 3004 moratus,
3413 2940 3468 2993 in
3500 2940 3717 3009 princi-

2131 3035 2293 3094 patus
2334 3028 2738 3095 possessionem
2788 3029 3032 3083 Cazanes
3082 3031 3253 3095 misit,
3310 3030 3473 3085 enixe
3518 3041 3718 3086 vetans

439 3113 565 3167 ditis
608 3118 1044 3171 necessariorum
1098 3121 1164 3173 ad
1204 3122 1328 3175 vita:
1384 3127 1589 3177 cultmu
1640 3135 1692 3177 et
1744 3126 2020 3178 desidera-
2051 3146 2097 3204 α
2134 3135 2199 3173 ne
2234 3130 2347 3174 toto
2384 3123 2621 3175 triennio
2646 3122 2942 3192 quidquam
2974 3124 3026 3176 in
3055 3126 3373 3179 constitutis
3417 3139 3445 3176 a
3474 3139 3531 3179 se
3574 3123 3716 3194 legi-

442 3214 624 3259 toruiu
663 3208 961 3279 unicuique
986 3213 1356 3283 praebitorem,
1406 3219 1577 3285 gratis
1614 3217 1864 3270 beantcm
1895 3220 2019 3271 uni-

438 3316 652 3357 versos.
680 3301 907 3358 Caeterae
955 3322 1120 3375 porro
1173 3307 1412 3363 Cazanis
1465 3313 1519 3363 in
1572 3310 1737 3365 rebus
1793 3327 1857 3364 ex
1919 3327 2020 3364 usu

436 3392 659 3465 publico
695 3395 1148 3453 administrandis
1196 3401 1473 3468 arquitatis
1524 3401 1800 3469 Speeimeu
1842 3411 2023 3455 exstat

439 3490 495 3548 in
521 3503 578 3541 re
604 3491 869 3543 momenti
902 3507 1007 3543 non
1041 3493 1197 3559 patri
1254 3495 1320 3548 ad
1354 3495 1513 3548 {idem
1566 3496 1617 3548 in
1671 3496 2021 3551 commerciis

440 3582 765 3635 servandam
796 3598 1025 3637 menetze
1048 3587 1274 3654 signata:
1298 3588 1589 3655 probitate.
1617 3589 1699 3641 Ab
1729 3588 1848 3657 ipso
1874 3590 2019 3643 enim

439 3681 668 3725 auctore
701 3674 915 3727 celebre
940 3674 1103 3729 habet
1133 3692 1329 3730 nomen
1350 3675 1635 3734 Cazaneus
1658 3680 1743 3734 ille
1764 3697 2023 3735 nummus

442 3780 506 3819 ex
541 3780 678 3816 auro
725 3781 894 3822 cusus
948 3769 1231 3834 esquisita:
1280 3772 1562 3839 puritatis.
1616 3770 1725 3825 Nec
1781 3774 2021 3828 absimili

445 3857 726 3927 diligentia
758 3859 809 3912 in
861 3860 1090 3927 reliquis
1149 3861 1433 3931 regimiuis
1480 3864 1727 3929 partibus
1773 3876 2023 3919 versatus

445 3959 642 4004 cuncta
689 3953 892 4019 ubiquo-
921 3954 1189 4007 institutis
1239 3955 1568 4023 temperavit
1601 3955 2021 4021 laudatissimis,

448 4047 583 4103 nihil
616 4064 673 4101 se
706 4047 912 4101 habere
945 4046 1230 4115 antiquius
1258 4055 1353 4100 aut
1401 4050 1604 4102 ducere
1665 4049 1848 4116 potius
1896 4065 2023 4119 per-

447 4137 590 4197 lecta
620 4140 671 4192 in
707 4138 965 4191 omnibus
1022 4136 1371 4192 absolutione
1424 4136 1657 4203 iustitia:
1708 4137 1856 4190 nulla
1912 4152 2023 4190 non

445 4233 662 4299 actione
698 4248 807 4300 prae
843 4247 902 4286 se
933 4217 1136 4285 lcreus.
1167 4228 1310 4285 Idem
1344 4232 1535 4283 morbo
1566 4245 1624 4284 se
1648 4229 1862 4283 absumi
1902 4245 2027 4284 sen-

446 4328 548 4384 sim
609 4327 871 4381 diuturno
921 4334 972 4379 et
1030 4323 1323 4378 iucurabili
1368 4323 1632 4385 sentiens,
1694 4338 1885 4376 curam
1938 4325 2027 4377 in-

447 4433 672 4488 gressus
703 4420 806 4473 sibi
838 4418 1067 4483 parandi
1109 4415 1275 4487 4,59
1299 4432 1329 4470 e
1378 4416 1857 4484 consanguinitate
1900 4431 2027 4470 sue-

2134 3213 2234 3265 bns
2257 3222 2349 3266 aut
2388 3214 2691 3268 fmderibus
2721 3229 2782 3268 ac
2804 3225 2919 3269 toto
2944 3217 3181 3271 inchoati
3210 3216 3491 3284 regiminis
3523 3228 3718 3273 tenore

2133 3314 2389 3367 n‘tutaret,
2430 3318 2549 3376 post
2618 3307 2770 3360 illum
2807 3308 3099 3361 terminum
3143 3326 3244 3364 suo
3286 3308 3436 3363 illum
3498 3308 3574 3362 uti
3624 3324 3719 3363 ar-

2137 3398 2302 3452 bitrio
2342 3415 2405 3454 ac
2438 3401 2625 3461 libere,
2686 3410 2847 3469 prout
2891 3409 3163 3464 censeret,
3217 3418 3305 3456 res
3359 3417 3550 3471 gerere
3594 3417 3723 3472 per-

2135 3492 2376 3544 mittens.
2413 3491 2535 3545 ll.ec
2565 3492 2636 3545 ita
2675 3502 2823 3561 gesta
2864 3493 3141 3562 divulgata
3175 3494 3323 3548 brevi
3379 3510 3473 3564 per
3525 3495 3718 3548 Asiam

2133 3594 2299 3638 sunt:
2329 3601 2428 3637 nec
2455 3587 2601 3637 enim
2639 3601 2701 3638 ea
2734 3595 2987 3653 satrapas
3040 3586 3240 3639 bellum
3302 3586 3412 3640 illic
3460 3595 3720 3656 gerentes

2135 3675 2390 3745 ignorare
2418 3676 2671 3731 sinebant
2704 3678 2897 3730 littera:
2941 3677 3008 3731 de
3040 3678 3124 3731 bis
3155 3677 3220 3731 ad
3273 3692 3431 3732 arces
3483 3676 3720 3731 Romani

2132 3767 2351 3830 limitis,
2389 3784 2527 3838 quas
2558 3777 2689 3822 tunc
2713 3768 2893 3823 Persa:
2945 3770 3290 3833 obtinebant,
3337 3779 3567 3837 actaque
3625 3784 3723 3839 pu-

2138 3861 2284 3915 bliea
2309 3877 2434 3915 cum
2458 3861 2853 3929 diplomatibus
2878 3862 2979 3915 ista
3019 3862 3362 3917 ﬁrmantibus
3395 3863 3497 3916 rite
3528 3863 3718 3917 missa.

2131 3952 2355 4006 Audivit
2392 3968 2523 4023 ergo
2550 3952 3019 4016 Cbutluchaimus,
3043 3955 3134 4023 qui
3173 3954 3488 4023 regionibus
3514 3955 3580 4007 ad
3611 3954 3723 4007 Eu-

2135 4045 2326 4099 xinum
2354 4045 2475 4100 sitis
2519 4057 2794 4113 prmerat,
2850 4046 2996 4112 quod
3042 4046 3348 4111 acciderat;
3397 4048 3726 4116 excepitque

2139 4154 2264 4191 mox
2292 4138 2369 4192 rei
2405 4137 2604 4193 famam
2660 4138 3108 4210 Solymampaxes
3159 4137 3351 4201 Persa,
3412 4155 3580 4209 gener
3613 4137 3728 4192 Cu-

2140 4228 2473 4296 tzimpaxis;
2539 4228 2684 4284 unde
2746 4229 2812 4282 ad
2880 4230 3265 4299 imperatorem
3314 4244 3538 4296 quoque
3590 4228 3722 4281 facti

2141 4322 2331 4376 notitia
2363 4326 2632 4391 pervenit.
2675 4320 2874 4377 Secuta
2920 4330 3042 4390 post
3085 4323 3249 4389 paulo
3274 4320 3506 4375 Cazauis
3570 4335 3726 4376 mors

2138 4414 2287 4468 varie
2312 4414 2558 4469 dimissis
2588 4413 2753 4487 5.60
2782 4430 2844 4467 ex
2874 4412 2997 4467 aula
3031 4414 3223 4483 legatis
3276 4411 3581 4480 signiﬁcata
3624 4428 3728 4481 per

449 4507 717 4572 cesseris,
780 4506 925 4574 quod
968 4505 1155 4560 liberis
1204 4505 1448 4570 carebat,
1505 4506 1829 4560 'l‘uctainem
1864 4520 2026 4574 quem
2064 4507 2109 4565 υ
2138 4504 2393 4560 civitates
2423 4515 2527 4571 est,
2579 4506 2787 4558 luctum
2836 4505 3041 4572 passim
3076 4506 3349 4574 ingentem
3393 4503 3729 4557 declaranti-

450 4601 687 4657 babcbat
712 4599 951 4655 fraterno
969 4614 999 4652 e
1017 4614 1213 4663 genere
1237 4598 1564 4666 proximum.
1590 4600 1844 4666 quoniam
1871 4598 2036 4667 hujus

452 4710 635 4749 mores
670 4709 733 4748 ac
772 4708 971 4748 sensus
1002 4709 1030 4743 ιι
1072 4694 1190 4747 suis
1237 4690 1411 4759 ipsius
1455 4692 1820 4745 abhorrentes
1870 4692 2039 4745 certis

451 4805 517 4843 ex
555 4787 776 4841 indiciis
808 4793 1128 4852 agnoverat,
1160 4798 1486 4852 promovere
1527 4785 1594 4839 ad
1636 4798 1784 4853 Spem
1821 4783 2035 4853 imperii

452 4883 647 4935 noluit.
673 4880 750 4939 Ac
778 4895 843 4933 ne
875 4880 965 4932 ille
997 4895 1055 4932 se
1104 4886 1324 4931 mortuo
1370 4877 1730 4945 principatum
1758 4891 2041 4930 commen-

450 4972 671 5027 datione
696 4970 916 5038 generis
942 4969 1085 5023 malo
1108 4967 1327 5036 publico
1378 4969 1667 5035 arriperet,
1731 4967 2041 5035 praeluden-

452 5068 581 5117 duin
609 5064 708 5132 ipsi
732 5063 796 5123 ad
836 5064 940 5117 hoc
970 5062 1217 5125 auditum
1250 5060 1590 5121 stabilieudo
1620 5062 1672 5112 in
1699 5060 1837 5113 Solio
1862 5060 2034 5128 ipsius

456 5160 663 5215 l'iatre,
728 5156 1058 5223 probatioris
1126 5153 1230 5209 sibi
1272 5153 1474 5221 juvene
1523 5152 1745 5215 indolis,
1801 5153 2030 5221 putavit.

457 5250 612 5303 llunc
649 5251 835 5317 igitur,
860 5249 947 5303 cui
987 5255 1102 5303 erat
1150 5247 1515 5313 Carmpautas
1565 5245 1629 5312 if)
1673 5260 1897 5304 nomen.
1944 5260 2033 5296 ac—

2140 4598 2243 4652 bus
2271 4599 2532 4667 satrapis,
2561 4614 2700 4667 quos
2738 4599 3060 4668 imperator,
3096 4597 3383 4651 destinatis
3421 4596 3487 4651 ad
3525 4611 3730 4648 unum—

2140 4705 2416 4759 quemque
2447 4691 2529 4744 sui
2593 4690 2719 4745 talis
2776 4690 3169 4759 interpretibus
3219 4689 3405 4750 oliieii.
3449 4688 3725 4742 consolari

2142 4780 2452 4835 humaniter
2482 4780 2709 4834 studuit.
2741 4779 2877 4834 Illud
2913 4791 3040 4834 tunc
3068 4797 3174 4834 non
3210 4772 3727 4847 incommodc'pt‘é-

2143 4886 2228 4932 ter
2270 4892 2420 4946 spem
2458 4876 2710 4945 contigit,
2743 4875 3051 4939 Amurium,
3111 4890 3271 4942 quem
3314 4876 3428 4927 sola
3482 4873 3724 4927 Cazanis

2145 4968 2454 5024 reverentia
2489 4968 2771 5037 paululqu
2806 4976 2967 5021 antea
3002 4982 3314 5035 repressum
3349 4965 3492 5019 haud
3543 4981 3724 5021 vanus

2144 5071 2263 5116 erat
2322 5072 2497 5116 metus
2554 5060 2889 5122 eo‘ublato
2936 5060 3240 5113 rediturum
3294 5064 3360 5110 ad
3415 5059 3722 5125 ingenium,

2144 5154 2430 5207 continere
2459 5168 2580 5205 Sese
2614 5159 2795 5204 tamen
2828 5161 2880 5204 et
2925 5152 3077 5219 pacis
3125 5153 3455 5204 voluntatem
3505 5164 3617 5218 prae
3662 5164 3727 5203 se

2148 5244 2312 5308 ferre,
2346 5245 2461 5298 sive
2493 5260 2523 5298 a
2556 5242 2888 5311 Carmpanta
2943 5242 3146 5304 timuit,
3200 5243 3293 5310 qui
3353 5240 3657 5295 foetleribus
3691 5254 3724 5293 a

370 5332 375 5338 ’
453 5343 680 5399 ςει·›ἱνίι
717 5359 888 5411 usque
915 5343 981 5395 ab
1010 5342 1181 5401 India,
1225 5338 1335 5391 illis
1374 5340 1425 5390 in
1474 5339 1723 5407 partibus
1758 5354 1880 5390 cum
1910 5326 2362 5405 pro-QCazaue
2395 5335 2562 5387 fratre
2594 5332 2744 5386 initis
2769 5335 2786 5399 (
2816 5334 2961 5386 inter
2991 5348 3115 5403 quae
3156 5344 3283 5385 nota
3313 5337 3429 5386 erat
3459 5344 3582 5382 cum
3614 5329 3727 5381 im~

450 5439 573 5508 prio
607 5438 851 5491 exercitu
886 5442 1187 5488 morantem
1216 5449 1230 5496 ;
1264 5432 1627 5499 cumdemquc
1650 5441 2031 5485 occurrentem

454 5541 681 5593 strenue
712 5526 933 5596 proprio
967 5523 1205 5594 quodam
1236 5523 1479 5588 ipsorum
1534 5523 1642 5574 ritu
1675 5522 1738 5572 ad
1771 5520 1861 5588 jus
1893 5520 2031 5591 legi-

456 5626 602 5685 tiniae
641 5621 694 5673 iu
756 5618 1045 5686 imperium
1094 5615 1469 5670 successionis
1523 5613 1867 5683 designavit;
1903 5629 2032 5668 eru-

456 5716 591 5783 (Iivit
617 5716 749 5781 quin
775 5712 963 5773 etiam,
1016 5724 1114 5777 pro
1151 5722 1415 5789 tempore,
1452 5707 1518 5760 ad
1550 5706 1699 5776 regni
1756 5707 1901 5787 quod
1956 5706 2031 5769 illi

534 5834 600 5905 (τ)
630 5830 745 5895 lino
772 5824 1070 5889 Carbudas.

543 6013 581 6041 Χ

2146 5439 2401 5499 peratoie
2452 5426 2783 5491 conventio)
2846 5436 2992 5479 stare
3033 5441 3090 5478 se
3140 5424 3277 5478 velle
3326 5424 3726 5492 declaraverat,

2145 5520 2263 5574 sive
2289 5520 2642 5586 imperatoris
2674 5517 2900 5585 gratiam
2937 5516 3001 5569 ad
3038 5531 3167 5569 suos
3202 5515 3307 5569 sibi
3355 5516 3490 5569 lines
3535 5516 3725 5571 utilem

2142 5611 2438 5668 atiectavit.
2473 5608 2657 5664 Missis
2708 5610 2797 5661 hic
2848 5609 3013 5678 igitur
3063 5608 3255 5677 legatis
3289 5608 3356 5662 ab
3393 5608 3728 5678 imperatore

2144 5705 2297 5785 petiit
2339 5701 2564 5761 concedi
2599 5701 2702 5761 sibi
2742 5701 2977 5779 propriis
3007 5700 3461 5769 frequentandam
3489 5701 3724 5759 coloniis
