4024 6408
304 357 413 423 505

1228 363 1324 422 DE
1364 362 1806 439 ANDRONICO
1848 364 2310 428 PALIEOLOGO
2350 367 2500 430 LIB.
2539 370 2619 431 VI

3459 368 3564 430 506

302 492 409 526 των
447 478 542 526 καὶ
594 477 740 527 σῖτον
797 476 890 527 καὶ
946 474 1080 528 ὥνια
1104 494 1117 506 ·
1149 477 1243 530 καὶ
1292 477 1399 545 γὰρ
1428 479 1498 531 τά
1530 478 1761 531 πλεῖστα
1789 477 1884 530 καὶ
1913 480 1958 539 Α
1988 480 2301 534 καταϐάντα
2357 482 2584 551 ὲπὼμνυ
2624 481 2695 534 τὸ
2737 479 2830 535 καὶ
2859 480 2920 535 τὸ
2973 483 3168 547 ποιεῖν,
3208 483 3256 535 εί
3289 481 3363 551 μὴ
3389 482 3564 535 ταῦτα

303 566 667 634 κεχυδαίωντο
717 568 1161 636 αἰσχροκερδείας
1213 568 1539 636 ἡττώμενοι,
1573 570 1669 622 καὶ
1703 569 1880 623 πάντα

300 658 603 728 χρημάτων
663 660 1123 729 καταπροϊέμενοι
1183 662 1365 713 πάντα
1425 660 1881 730 μαλακῶς·διετί-

300 746 450 812 θουν,
478 746 565 818 [Ρ.
601 747 733 819 521]
767 752 863 801 καὶ
895 749 967 801 τὰ
996 749 1095 817 τῆς
1119 750 1402 811 πολιτείας
1434 751 1622 812 δεινῶς
1646 750 1879 817 ὲκυμαί-

297 857 473 894 νοντο.
527 838 666 893 Ἀλλ’
708 841 740 910 ἡ
784 841 883 910 μὲν
914 841 1183 911 καπηλεία
1214 844 1311 894 καὶ
1336 901 1340 905 ς
1369 841 1491 894 λίαν
1542 841 1746 904 ὠδύνα,
1802 841 1880 904 ὡς

297 930 612 1000 φαίνεσθαι,
668 931 762 984 τὸν
817 932 1167 1003 πατριάρχην
1234 932 1749 1004 δημοχαριστοῦντα
1806 936 1879 986 τὰ

300 1022 531 1074 πλεῖστα
571 1021 664 1074 καὶ
714 1023 853 1075 κατὰ
883 1022 992 1075 τῶν
1032 1023 1351 1091 δυναμένων
1392 1024 1533 1094 ὑπὲρ
1566 1024 1768 1087 αὐτῶν,
1801 1025 1879 1088 ὡς

296 1112 496 1177 ἐδόκει,
532 1112 721 1167 τοῦτον
753 1113 1065 1182 ἱστάμενον,
1101 1114 1243 1168 ὥστε
1290 1116 1587 1186 γράμμασι
1616 1116 1755 1182 πρὸς
1787 1117 1879 1170 τὸν

296 1206 604 1276 κρατοῦντα
629 1206 1128 1277 παρρησιάζεσθαι,
1161 1208 1257 1260 καὶ
1280 1207 1469 1277 ὅρκοις
1502 1208 1877 1279 ἰσχυρίζεσθαι

295 1292 329 1368 ἦ
375 1297 503 1367 μὴν,
559 1297 592 1362 ἢ
627 1300 700 1368 μή
728 1297 780 1366 γ’
811 1300 844 1369 ή
878 1298 1151 1369 καπηλεία
1183 1299 1277 1352 τοῦ
1333 1303 1479 1354 σίτου
1524 1300 1680 1369 έῷτο,
1716 1302 1878 1370 ἀραῖς

294 1388 614 1456 περιϐαλεῖν
642 1390 705 1441 ἐκ
733 1390 915 1442 κοινοῦ
967 1390 1243 1461 συνεδρίου
1285 1393 1410 1454 τοὺς
1443 1391 1875 1461 καπηλεύοντας,

292 1482 390 1535 καὶ
410 1482 504 1535 τοῦ
526 1480 715 1535 λοιποῦ
748 1485 809 1535 ἐκ
842 1483 1009 1551 μέσου
1038 1484 1305 1552 γίνεσθαι.
1328 1486 1436 1537 Καὶ
1453 1484 1603 1537 ταῦτ’
1628 1485 1874 1554 ὲπὼμνυ,

293 1572 387 1623 καὶ
410 1572 560 1625 οὐδὲν
584 1574 782 1643 ἤνυστο
815 1575 1101 1644 παράπαν,
1138 1576 1214 1640 ὡς
1238 1577 1402 1646 μέρος
1433 1577 1527 1631 καὶ
1560 1576 1735 1630 ταῦτα
1768 1576 1877 1631 τῶν

292 1663 415 1716 κατ’
443 1665 610 1716 αὐτοῦ
663 1664 931 1732 γίνεσθαι,
960 1667 1042 1719 ὅτι
1081 1668 1173 1719 ἐπὶ
1203 1668 1413 1738 ματαίῳ
1440 1669 1532 1743 τὸν
1561 1669 1620 1733 ἐξ
1641 1668 1873 1738 οὐρανοῦ

290 1842 665 1897 Interamnam
699 1844 766 1898 ad
819 1843 1103 1916 Sangarim
1136 1846 1153 1915 (
1192 1845 1295 1901 hoc
1336 1855 1423 1902 est
1473 1858 1672 1902 terram
1730 1849 1872 1903 inter

287 1934 514 1988 ﬂumina
535 1935 879 1999 conclusam,
942 1951 1105 2004 quam
1156 1935 1524 1992 Mesonesium
1558 1954 1624 1991 ex
1677 1954 1870 1993 eono-

289 2025 536 2089 minant,
600 2025 745 2095 quod
823 2026 1002 2080 media
1074 2027 1220 2081 inter
1269 2044 1443 2097 aquas
1504 2029 1872 2100 undecunque

290 2115 517 2169 ﬂuentis
549 2116 794 2169 amnium
835 2118 982 2172 velut
1011 2118 1191 2173 inSula
1228 2120 1471 2189 cingitur
1502 2122 1540 2190 ),
1571 2136 1733 2189 quam
1764 2123 1872 2178 sibi

288 2208 518 2277 suisque
565 2209 917 2264 habitandam
949 2226 1014 2266 ac
1045 2213 1463 2268 custodiendam
1517 2215 1742 2270 attribui
1777 2216 1873 2269 ad-

290 2302 511 2368 dicique
543 2301 759 2356 volebat
799 2302 869 2356 ab
902 2304 1173 2372 Augusto.
1234 2304 1433 2358 Verum
1487 2307 1703 2359 interim
1738 2308 1868 2361 dum

291 2394 406 2448 haec
431 2393 681 2448 indeciso
714 2395 891 2448 adhuc
920 2404 1156 2449 tractatu
1220 2395 1487 2465 pendent,
1540 2398 1762 2468 quidam
1803 2415 1871 2454 ex

288 2485 457 2554 hujus
492 2486 690 2540 castris
750 2486 1125 2556 manipulatim
1180 2504 1625 2557 quoquoversum
1679 2506 1873 2545 excur-

289 2586 476 2634 rentes
525 2578 1112 2633 bostiliterirruebant
1158 2579 1214 2634 in
1281 2580 1584 2644 Romanos,
1642 2582 1868 2636 istarum

288 2671 444 2726 velut
497 2671 832 2726 indutiarum
910 2673 1103 2727 tiducia
1139 2674 1377 2728 revisere
1418 2690 1582 2728 ausos
1619 2678 1872 2744 antiquas

289 2763 456 2817 sedes
478 2763 635 2826 quasi
666 2763 732 2817 ad
769 2764 1161 2817 racemaudum
1207 2776 1325 2833 post
1359 2766 1715 2829 vindemiam,
1746 2778 1798 2820 et
1822 2769 1869 2821 si

286 2854 425 2924 quid
450 2869 481 2909 e
513 2855 629 2909 suis
661 2854 788 2908 olim
823 2855 1069 2924 ipsorum
1133 2860 1292 2910 rebus
1327 2856 1642 2926 pra'donum
1696 2859 1874 2911 avari-

289 2951 423 3005 tiam
450 2952 699 3019 fugisset,
741 2952 866 3007 inde
889 2936 1311 3023 sublegendum.
1340 2953 1450 3007 Hos
1499 2954 1575 3007 illi
1623 2970 1872 3024 compre-

289 3042 498 3099 hensos
521 3044 817 3113 Statntisin
864 3047 1013 3099 fures
1059 3047 1240 3114 ptenis
1294 3047 1708 3101 inexorabiliter
1758 3050 1873 3116 ple-

1933 585 1949 601 '
1983 573 2214 639 γένοιτο,
2252 573 2558 641 βούλεσθαι.

1985 682 2049 753 β’.
2083 686 2427 755 Δημηγορία
2458 687 2566 742 τοῦ
2594 686 2902 759 βασιλέως
2935 688 3085 756 πρὸς
3114 687 3257 754 τοὺς
3290 688 3566 759 σχιζομέ-

2320 774 2491 824 νους,
2518 758 2619 811 καὶ
2645 759 2940 826 ἀπολογία
2970 759 3243 811 ἐκείνων.

2055 867 2143 939 [Ρ.
2182 868 2310 941 522]
2333 871 2469 933 Τοὺς
2490 870 2547 923 δέ
2571 888 2633 938 γε
2669 870 3020 941 σχιζομένους
3042 872 3206 942 ἐνάτῃ
3236 872 3352 941 μετ’
3375 874 3564 928 εἰκάδα

1981 958 2339 1029 Γαμηλιῶνος
2383 960 2410 1012 ὁ
2460 960 2682 1031 κρατῶν
2732 964 2986 1030 συνῆγεν.
3030 959 3223 1030 Ἐξῆγε
3251 962 3306 1015 δὲ
3340 964 3561 1033 καὶτῆς

1981 1049 2232 1118 φυλακῆς
2273 1050 2365 1102 τὸν
2411 1050 2833 1120 Ταρχανειώτην
2880 1049 3155 1116 Ἰωάννην,
3192 1052 3252 1104 ὃν
3284 1055 3339 1104 ὲν
3375 1054 3560 1107 ἀνέσει

1978 1140 2040 1193 τὸ
2071 1141 2347 1210 πρότερον
2378 1141 2537 1210 ἔχων,
2574 1143 2696 1195 ἐπεὶ
2718 1143 2812 1193 καὶ
2836 1142 2995 1205 αὐτὸς
3032 1142 3107 1209 τῷ
3130 1144 3560 1214 πατριαρχοῦντι

1980 1230 2342 1300 προσέκρουε,
2369 1232 2734 1286 συνεκλείετο.
2766 1233 2900 1285 Τότε
2926 1234 2969 1285 δ’
2993 1230 3241 1285 ἐκϐαλὼν
3274 1235 3435 1302 μέρος
3463 1231 3559 1284 τοῦ

1981 1322 2241 1390 συλλόγου
2272 1324 2365 1376 καὶ
2398 1325 2560 1376 αὐτὸν
2583 1322 2716 1393 εἶχε.
2741 1325 2850 1377 Καὶ
2882 1316 2961 1387 ἐίς
2991 1325 3199 1384 πάντας
3221 1323 3561 1392 προκαθίσας

1979 1411 2331 1482 ἐδημηγόρει,
2400 1415 2727 1483 καθημένων
2757 1417 2852 1467 καὶ
2890 1416 2998 1466 τῶν
3025 1414 3245 1483 τυφλῶν
3288 1413 3557 1483 μοναχῶν,

1979 1503 2118 1574 πρὸς
2166 1504 2259 1567 οὒς
2283 1504 2378 1557 καὶ
2417 1504 2617 1574 μᾶλλον
2650 1505 2725 1568 ὡς
2770 1506 3103 1574 ἀξιωτέρους
3135 1505 3241 1558 τῶν
3272 1504 3444 1558 ἄλλων
3472 1504 3559 1557 δο-

1978 1595 2231 1657 κοῦντας,
2278 1591 2419 1661 ἔχων
2453 1595 2603 1661 παρὰ
2630 1590 2835 1663 θάτερα
2878 1593 2975 1662 μὲν
3016 1595 3386 1663 πατριάρχην,
3429 1591 3562 1664 παρ’

1978 1687 2215 1754 ἑκάτερα
2249 1686 2305 1739 δὲ
2342 1688 2620 1757 ἀρχιερεῖς
2666 1703 2723 1739 τε
2760 1688 2852 1740 καὶ
2881 1687 3195 1756 κληρικοὺς,
3234 1687 3559 1756 συμπαρούο

1976 1867 2139 1921 noxie
2176 1866 2435 1936 mollique
2470 1867 2523 1920 in
2549 1866 2776 1935 gratiam
2811 1863 2994 1935 largiri
3044 1863 3340 1917 valentium
3376 1861 3556 1917 indul-

1977 1962 2158 2030 gentia
2187 1960 2419 2029 publicae
2446 1974 2532 2013 res
2565 1958 3110 2012 administrarentur.
3142 1952 3299 2009 Unde
3331 1969 3556 2010 necesse

1974 2060 2093 2106 erat
2120 2062 2320 2106 statum
2351 2050 2633 2119 politicum
2666 2063 2729 2102 ac
2762 2062 3039 2102 summam
3096 2061 3278 2100 rerum
3337 2046 3556 2115 pericu-

1976 2145 2249 2199 losissime
2309 2143 2593 2197 ﬂuctuare.
2652 2139 2789 2207 Quia
2815 2155 2968 2206 vero,
3020 2138 3163 2207 quod
3216 2137 3453 2192 maxime
3485 2153 3558 2195 ex

1975 2237 2062 2290 his
2089 2236 2312 2289 urbanis
2340 2234 2498 2289 malis
2528 2234 2585 2286 in
2617 2232 2976 2287 oﬂ‘ensionem
3011 2229 3327 2285 incurrebat
3375 2244 3552 2297 popu-

1977 2327 2166 2387 larem,
2196 2336 2314 2380 erat
2354 2327 2459 2379 ista
2492 2326 2702 2397 plebem
2729 2324 2982 2378 miseram
3015 2321 3367 2391 strangulans
3413 2335 3555 2374 nun-

1975 2419 2180 2472 diuatio
2206 2418 2455 2482 divitum,
2490 2432 2608 2470 eam
2629 2416 2733 2470 sibi
2753 2430 2875 2470 esse
2898 2414 3284 2469 exosissimam
3318 2412 3555 2468 ostendit

1976 2509 2323 2578 patriarcha,
2376 2507 2610 2577 gratiam
2662 2506 2846 2576 populi
2909 2506 2989 2559 sic
3041 2504 3305 2574 colligens
3332 2544 3351 2569 ,
3385 2518 3556 2572 seque

1976 2613 2090 2657 arte
2147 2603 2249 2654 i-éa
2300 2600 2669 2669 prtemuniens
2744 2607 2935 2652 contra
3008 2597 3304 2650 factionem
3381 2612 3546 2665 quam

1975 2695 2262 2747 adversum
2298 2709 2358 2745 se
2398 2691 2619 2747 conﬂari
2663 2706 2770 2745 non
2812 2691 2971 2758 plane
3000 2691 3311 2758 ignorabat.
3347 2690 3557 2744 Intelli-

1974 2800 2109 2855 gens
2148 2800 2331 2853 porro,
2392 2784 2535 2851 quod
2610 2799 2697 2836 res
2755 2791 2895 2845 erat,
2954 2782 3196 2837 coerceri
3261 2782 3548 2834 avaritiam

1976 2878 2206 2930 istorum
2239 2876 2342 2930 nisi
2389 2876 2714 2930 auctoritate
2773 2875 3118 2945 superiorum
3153 2874 3288 2942 ipsis
3343 2884 3397 2928 et
3429 2874 3550 2943 plus

1979 2968 2282 3041 potentium
2320 2969 2547 3023 minime
2577 2983 2756 3037 posse,
2800 2968 3012 3021 litteras
3073 2981 3239 3035 super
3272 2981 3338 3021 eo
3392 2981 3553 3035 argu-

1979 3075 2159 3117 mento
2193 3061 2419 3130 scripsit
2462 3062 2527 3116 ad
2562 3061 2947 3129 imperatorem
2981 3060 3313 3126 liberrimas,
3341 3058 3396 3111 in
3427 3058 3550 3127 qui-

289 3137 551 3192 εῑθδθιηε
586 3136 790 3191 {unum
824 3141 971 3193 enim
1017 3138 1152 3207 ίβείθ
1207 3139 1496 3194 Videbam"
1542 3156 1664 3195 €550
1698 3142 1872 3194 ηιθῖιί·
1897 3141 1942 3201 C
1976 3154 2079 3209 bus
2119 3155 2453 3218 minabatur,
2485 3154 2796 3223 juramento
2819 3154 2983 3207 etiam
3015 3152 3343 3219 interposito
3373 3150 3550 3205 minas

287 3230 514 3293 festum,
553 3233 747 3285 tollere
778 3230 1072 3301 quidquam
1108 3249 1173 3287 ex
1199 3243 1340 3288 terra
1374 3249 1538 3301 quam
1585 3234 1687 3303 ipsi
1735 3249 1869 3289 ense

283 3339 351 3379 ac
393 3323 539 3378 bello
570 3324 849 3392 propriam
894 3323 1177 3391 fecissent,
1219 3326 1308 3380 cui
1359 3327 1594 3381 victores
1646 3328 1871 3382 insiste-

286 3424 440 3479 rent,
499 3415 658 3486 cujus
701 3416 1092 3473 ideo-fructus
1146 3434 1337 3475 omnes
1373 3421 1499 3490 jure
1553 3421 1652 3474 sibi
1701 3437 1862 3491 quatn

282 3510 493 3578 optimo
520 3510 789 3579 quaesitos
822 3511 1242 3579 contenderent,
1297 3514 1619 3582 servarique
1667 3522 1724 3566 ut
1770 3513 1869 3568 do-

287 3601 458 3656 minis
486 3600 728 3656 illibatos
758 3617 970 3671 :equum
997 3612 1307 3658 censerent.
1345 3602 1457 3660 Hoc
1498 3607 1672 3660 nostri
1718 3621 1867 3660 com-

284 3703 449 3763 perto
478 3695 1115 3764 condncebantprivatis
1140 3698 1432 3768 stipendiis
1471 3699 1695 3764 milites,
1737 3714 1861 3753 cum

282 3788 495 3855 quibus
529 3799 886 3856 erumpentes
923 3789 978 3842 in
1015 3789 1133 3844 loca
1165 3792 1467 3859 praesertim
1522 3791 1657 3846 mari
1683 3791 1864 3846 vicina

282 3879 472 3948 aliqua
502 3893 533 3932 e
557 3880 672 3935 suis
702 3879 980 3948 quondam
1020 3880 1169 3948 agris
1212 3897 1507 3952 excerpere
1555 3882 1860 3947 tentabant,

284 3969 970 4038 nonnunquam‘t’eliciter,
1006 3971 1327 4041 plerumque
1388 3984 1567 4027 tamen
1624 3973 1864 4040 pessimo

282 4073 590 4114 successu:
643 4059 930 4128 intercepti
972 4060 1172 4130 quippe
1237 4062 1680 4119 trucidabantur.
1735 4062 1863 4119 Haec

281 4163 444 4206 extra
468 4149 1002 4219 Constantinopolim
1038 4150 1261 4207 ﬂebant.
1293 4151 1442 4206 lntra
1478 4153 1665 4208 urbem
1695 4168 1862 4224 porro

286 4247 466 4313 ipsam
493 4252 675 4313 pestes
718 4243 878 4314 461
939 4244 1174 4299 diversae
1219 4246 1632 4314 grassabantur.
1682 4246 1862 4300 Prima

283 4345 403 4390 erat
451 4336 657 4390 invidia
698 4336 996 4390 multorum
1052 4334 1108 4389 in
1181 4336 1549 4405 patriarcham
1598 4338 1858 4407 gliscens,

282 4427 467 4482 tacitis
523 4425 744 4496 quidem
788 4425 1198 4494 suspicionibus
1244 4436 1299 4481 et
1346 4427 1590 4483 susurris
1639 4427 1858 4482 interim

280 4519 525 4575 exercita
550 4518 780 4581 timidis,
808 4524 1067 4573 caeterum
1092 4517 1160 4572 iis
1192 4518 1561 4573 intumescens
1583 4519 1856 4583 auctibus,

281 4617 345 4664 ut
374 4608 531 4664 brevi
558 4615 877 4677 erupturam
905 4609 961 4662 in
1001 4607 1303 4690 tumultum.
1332 4617 1644 4678 appareret.
1669 4609 1858 4664 Altera

282 4706 482 4762 tetrior
556 4705 903 4775 inexplebilis
963 4704 1223 4760 videlicet
1285 4704 1513 4760 avaritia
1573 4714 1857 4774 potentum

280 4798 618 4867 monopoliis
671 4797 835 4849 tritici
887 4797 1275 4865 venaliumque
1331 4796 1384 4850 id
1447 4812 1622 4867 genus
1673 4811 1857 4852 rerum

278 4891 671 4962 ﬂagellantium
706 4904 1003 4944 annonam.
1060 4889 1535 4957 Prasoccupabant
1595 4888 1855 4941 nimirum

277 4997 470 5039 emere
493 4981 748 5036 alimenta
777 4990 825 5035 et
862 4996 949 5035 res
984 4979 1121 5035 alias
1174 4980 1410 5033 lmmano
1450 4979 1615 5033 victui
1644 4994 1707 5032 ac
1743 4980 1861 5033 cul-

274 5075 361 5128 tui
392 5072 556 5127 utiles
606 5072 757 5135 prius
808 5085 966 5139 quam
1019 5070 1139 5124 foro
1197 5069 1662 5137 importarentur;
1723 5086 1859 5136 quas

1890 4477 1937 4531 D

1972 3246 2245 3309 sanciens,
2279 3261 2360 3311 se,
2392 3244 2503 3299 nisi
2542 3244 2682 3299 foeda
2712 3243 2816 3297 ista
2874 3249 2927 3296 et
2982 3242 3103 3296 urbi
3141 3241 3339 3295 famem
3393 3242 3551 3296 inve-

1973 3339 2156 3392 hentia
2197 3337 2459 3392 frumenti
2488 3335 2791 3406 praesertim
2855 3332 3167 3399 monopolia
3203 3334 3546 3400 desinerent,

1969 3446 2163 3486 eorum
2192 3438 2449 3483 auctores
2479 3444 2508 3482 e
2540 3426 2825 3481 communi
2854 3424 3054 3495 synodi
3097 3425 3374 3478 sententia
3408 3424 3548 3480 diris

1968 3532 2022 3576 et
2052 3521 2385 3577 anathemati
2419 3520 2813 3589 subiecturum,
2855 3533 2959 3573 nec
3003 3517 3317 3586 quieturum
3361 3518 3546 3574 donec

1968 3614 2428 3685 exterminaretur
2448 3628 2478 3667 e
2495 3612 2712 3665 civitate
2737 3621 2845 3665 tam
2866 3610 3176 3678 perniciosa
3198 3611 3541 3681 corruptela.

1968 3704 2170 3762 Verum
2214 3718 2524 3775 quanquam
2551 3704 2641 3758 ille
2663 3719 2721 3757 se
2750 3704 2818 3758 ad
2858 3703 2935 3758 ita
2966 3705 3198 3758 omnino
3231 3703 3544 3758 faciendum

1964 3797 2325 3869 jurejurando
2362 3797 2644 3865 conceptis
2684 3797 2897 3866 prolato
2954 3796 3140 3851 verbis
3186 3795 3544 3857 astrinxerat,

1968 3891 2105 3945 nihil
2163 3898 2344 3945 tamen
2383 3897 2467 3943 est
2509 3888 2839 3959 perfectum,
2900 3889 3021 3958 ipso
3052 3889 3107 3943 in
3166 3886 3548 3942 comminatio-

1966 3984 2132 4037 nibus
2164 3983 2316 4037 vanis
2343 3982 2496 4036 exire
2538 3982 2593 4035 in
2633 3981 2886 4036 eﬂ‘ectum
2924 3981 3121 4050 ignavo
3157 3988 3370 4034 terrore
3417 3992 3547 4047 pro-

1965 4076 2158 4132 hibitis
2186 4085 2359 4130 totum
2391 4076 2657 4144 impetum
2699 4082 3066 4128 consumente
3114 4072 3218 4125 zeli
3255 4071 3549 4126 ambitiose

1966 4166 2244 4221 ostentati.
2273 4164 2393 4229 Quo
2434 4165 2581 4218 facto
2627 4162 2694 4215 ad
2743 4171 2972 4216 caeteras
3027 4160 3406 4215 accusationes
3456 4159 3547 4214 sui

1965 4250 2116 4304 illaut
2142 4247 2355 4301 addidit
2383 4245 2766 4316 gravissimam
2802 4242 3036 4313 perjurii
3065 4242 3302 4296 consciti
3352 4256 3416 4295 ea
3460 4255 3542 4307 re,

1965 4356 2130 4412 quam
2195 4337 2415 4394 Christo
2457 4338 2565 4393 Deo
2594 4353 2625 4393 e
2670 4337 2827 4392 cmlis
2861 4336 2928 4391 ad
2964 4352 3068 4391 nos
3125 4335 3350 4405 delapso
3407 4343 3546 4389 teste

1967 4433 2212 4489 adhibito
2239 4432 2580 4502 promiserat,
2613 4430 2843 4485 minime
2877 4429 3211 4500 praestanda.

1964 4547 2019 4604 2.
2065 4546 2253 4602 Oratio
2303 4545 2638 4611 imperatoris
2689 4544 2759 4596 ad
2818 4544 3101 4597 schismate
3149 4542 3424 4607 discissos,
3493 4547 3545 4593 et

2355 4615 2539 4668 horum
2575 4614 2643 4667 ad
2676 4614 2826 4668 illam
2859 4614 3154 4682 responsio.

2032 4708 2301 4764 Caeterum
2363 4707 2657 4762 schismate
2709 4707 2913 4759 dudum
2976 4705 3196 4758 avulsos
3225 4703 3294 4756 ab
3347 4700 3542 4755 Eccle-

1963 4802 2059 4857 siae
2084 4800 2246 4873 462
2267 4797 2892 4867 Constantitwpolitana:
2951 4794 3342 4849 communione
3399 4806 3542 4845 nona

1962 4908 2128 4962 supra
2161 4892 2475 4946 vicesimam
2503 4889 2842 4958 Septembris
2874 4888 2963 4942 die
2990 4889 3287 4955 imperator
3313 4898 3543 4951 congre-

1960 4987 2128 5058 gavit,
2160 4986 2360 5039 educto
2399 4984 2561 5038 etiam
2617 4981 2683 5035 ad
2720 4982 2821 5034 hoc
2847 4979 3059 5034 Joanne
3088 4978 3477 5032 Tarchaneota
3510 4990 3541 5030 e

1962 5081 2234 5142 custodia,
2266 5079 2318 5132 in
2347 5092 2509 5149 quam
2541 5092 2663 5130 eum
2694 5075 2866 5129 libere
2899 5074 3049 5143 prius
3079 5073 3269 5126 vivere
3312 5071 3543 5141 permis-

278 5168 513 5223 immani
565 5165 765 5219 deinde
799 5165 898 5233 ipsi
935 5164 1132 5233 pretio,
1191 5172 1402 5232 quaestu
1460 5176 1563 5215 suo
1609 5163 1925 5236 improbo;
1961 5188 2106 5235 sum,
2143 5170 2340 5225 deinde
2383 5168 2528 5239 quod
2564 5177 2617 5221 et
2644 5152 2759 5235 ipsi;
2810 5167 3139 5236 patriarcha;
3206 5165 3544 5220 adversam-

270 5261 698 5322 distraherent,
772 5258 905 5311 nihil
968 5258 1120 5326 pensi
1179 5256 1444 5311 habentes
1494 5270 1604 5324 quo
1654 5258 1858 5325 probro

279 5368 384 5409 suo
409 5352 682 5405 damnove
735 5350 914 5404 alieno
962 5348 1202 5404 sordidas
1257 5349 1548 5418 cupiditati
1587 5349 1861 5417 obseque-

279 5458 494 5500 rentur.
531 5443 693 5497 lidem
724 5459 886 5512 porro
914 5454 1072 5510 gustu
1117 5443 1257 5497 lucri
1303 5444 1471 5497 semel
1518 5451 1677 5510 capto
1717 5457 1870 5503 rem:

280 5538 561 5607 publicam
594 5551 812 5603 quoque
842 5536 1016 5604 ipsam
1066 5534 1297 5603 quaestui
1327 5534 1623 5601 habebant,
1665 5534 1860 5589 suffra-

284 5630 398 5699 gla,
422 5628 656 5697 judicia,
705 5627 891 5680 munia
917 5628 1035 5681 sine
1073 5626 1247 5680 meriti
1285 5626 1605 5681 discrimine
1647 5627 1712 5680 ad
1739 5630 1859 5693 plus

275 5726 636 5775 numerantes
659 5718 1012 5783 inﬂectendo,
1045 5718 1119 5772 ita
1146 5727 1204 5772 ut
1234 5717 1651 5773 effunderentur
1674 5719 1855 5773 omnia

278 5822 502 5876 temere,
546 5812 677 5869 nihil
736 5811 949 5866 fortiter
1026 5811 1432 5877 decerneretur,
1495 5822 1703 5866 cuncta:
1753 5811 1852 5867 ob-

1962 5272 2071 5325 tur,
2107 5262 2421 5316 incluserat.
2451 5259 2609 5314 Hunc
2644 5275 2746 5313 suo
2793 5260 2950 5327 jussu
2998 5259 3265 5313 emissum
3319 5272 3544 5312 carcere

1962 5355 2057 5409 ubi
2088 5362 2410 5423 praascntem
2453 5351 2643 5406 habuit
2677 5367 2801 5405 cum
2833 5351 3080 5420 reliquis,
3107 5351 3213 5404 alte
3245 5349 3542 5404 cons-idene

1964 5446 2031 5498 ad
2078 5444 2389 5498 universam
2430 5443 2749 5496 concionem
2798 5443 2963 5496 verba
3013 5442 3161 5508 fecit,
3220 5438 3541 5496 sedentibus

1960 5550 2149 5590 coram
2200 5543 2255 5588 et
2304 5536 2468 5588 caecis
2508 5534 2814 5598 monachis,
2863 5533 2929 5587 ad
2989 5548 3128 5602 quos
3192 5530 3537 5599 potissimum

1963 5627 2038 5681 uti
2071 5627 2342 5696 praecipua
2378 5626 2655 5681 columina
2689 5626 2943 5681 factionis
2977 5633 3032 5680 et
3079 5639 3307 5679 summa:
3345 5629 3530 5675 aucto-

1966 5721 2143 5776 ritatis
2170 5736 2200 5775 a
2218 5721 2757 5791 partiariisipsorum
2794 5721 3012 5775 habitos
3043 5717 3324 5780 intendere
3347 5715 3509 5783 dispu

1963 5814 2184 5870 talionis
2215 5816 2386 5869 acictn
2423 5815 2683 5875 parabat,
2722 5814 2928 5870 habens
2958 5813 3107 5868 circa
3145 5828 3202 5866 sc
3237 5811 3366 5864 hinc
3404 5805 3536 5878 qui.
