4024 6404
381 315 490 384 507
1571 320 1723 381 GEO
1733 318 1899 379 RG11
1932 317 2130 377 PACH
2149 319 2186 376 Υ
2199 317 2360 376 MER
2377 319 2436 378 t-E
3544 329 3654 395 508

381 449 483 504 σης
507 433 601 489 καὶ
632 432 812 504 πάσης
863 435 1169 506 συγκλήτου
1208 434 1307 488 καὶ
1349 434 1620 505 μοναχῶν,
1659 436 1802 506 μάλα
1839 450 1956 502 γεν·
1992 430 2043 490 Δ
2069 433 2219 497 τοὺς.
2268 452 2287 485 ι
2318 433 2392 493 ὡς
2425 435 2492 486 ἂν
2525 433 2725 504 μικρδν
2757 435 3175 506 παραμείψαιμι
3198 436 3260 492 τδ
3288 438 3652 513 ψαλτῷδημα-

379 527 532 577 ναῖον
591 525 687 576 καὶ
737 525 1205 592 πεφροντισμένον
1269 523 1428 591 λόγον
1468 524 1698 590 διεξιών.
1753 545 1772 578 r
1817 523 1961 592 Ἐγὼ

376 615 664 684 λογίζομαι
693 617 788 670 καὶ
821 617 965 686 ὑμᾶς
996 617 1194 670 εἰδέναι
1249 618 1344 670 καὶ
1393 617 1603 680 πάντας
1636 617 1962 687 ἀνθρώπους

376 709 452 772 ὡς
474 708 628 762 οὐδὲν
658 709 780 777 ἐμοὶ
810 709 920 764 τῶν
955 709 1174 761 πάντων
1200 710 1349 778 ἥδιον
1380 709 1472 762 τοῦ
1496 709 1594 778 τὴν
1637 711 1962 780 Ἐκκλησίαν

380 802 472 854 τοῦ
501 803 656 864 Θεοῦ,
697 803 877 872 πάσης
926 796 1374 872 περιαιρεθεῑσης
1407 804 1708 858 σκανδάλου
1747 804 1962 872 προφά-

382 911 538 957 σεως,
574 893 896 962 εἰρηνεύειν,
929 896 1012 961 ἐφ’
1045 889 1088 962 ᾧ
1136 897 1228 948 καὶ
1259 897 1462 965 σπουδὴ
1497 913 1588 963 μοι
1623 897 1774 950 πᾶσα
1822 914 1964 964 παρα

379 983 507 1050 ἐστη
541 984 640 1054 ἤδη
701 987 1200 1054 αὑτοκρατήσαντι,
1255 989 1438 1056 πάσης
1480 987 1737 1055 ἀσχολίας
1795 988 1962 1055 ἄλλης

379 1077 789 1144 καθυπερτέρα,
817 1078 1129 1146 ὑπερ-,δῦντι
1164 1079 1260 1146 μὲν
1302 1079 1396 1131 καὶ
1428 1081 1641 1148 τρυφὴν
1669 1079 1958 1146 βασίλειον,

379 1167 686 1234 ὑπεριδόντι
717 1168 773 1219 δὲ
799 1172 888 1219 καὶ
923 1169 1100 1234 θεσμᾶ
1130 1165 1368 1238 φύσεως,
1394 1170 1534 1222 ὥστε
1572 1173 1668 1224 καὶ
1698 1173 1805 1223 τῶν
1839 1171 1958 1238 φιλ-

378 1260 554 1310 τάτων
599 1262 1010 1330 προτιμηθῆναι
1055 1264 1153 1330 τὴν
1204 1265 1478 1332 ὑμετέραν
1513 1264 1842 1330 ξυμπάντων
1883 1267 1963 1324 si;

379 1351 438 1404 ἓν
477 1355 787 1422 συνδρομήν
819 1357 912 1407 καὶ
947 1357 1225 1422 ὁμόνοιαν.
1281 1360 1383 1409 Καὶ
1415 1359 1539 1410 ὅσον
1569 1353 1638 1427 ἦν
1671 1357 1837 1420 εικδς,
1887 1359 1962 1420 ὡς

378 1444 550 1509 ἔδοξε,
584 1447 1066 1512 καταπέπρακται,
1110 1451 1203 1499 καὶ
1237 1449 1345 1500 τῶν
1375 1450 1456 1510 εἰς
1483 1448 1777 1500 σκάνδαλον
1810 1447 1963 1500 εὔλο-

377 1555 475 1604 γον
504 1538 704 1590 ἱκανῶν
759 1540 912 1591 οὐδὲν
953 1539 1384 1608 περιλέλειτιται,
1428 1537 1602 1609 οἶμαι.
1639 1541 1710 1593 Τὸ
1745 1542 1801 1596 δὲ
1838 1541 1962 1594 καθ’

381 1630 524 1698 ὑμᾶς
565 1631 868 1698 θαυμάζειν
919 1649 984 1698 με
1019 1632 1288 1692 πολλάκις
1337 1633 1518 1703 ἐπῄει,
1547 1634 1653 1686 τίσι
1684 1634 1965 1700 λογισμοῖς

377 1723 739 1791 ὀχυρούμενοι
792 1723 889 1788 τῆς
954 1723 1282 1791 Ἐκκλησέας
1349 1723 1629 1776 διίστασθε
1687 1727 1782 1777 καὶ
1827 1726 1963 1793 προς

382 1819 584 1886 φέγγος
623 1813 738 1870 οἷον
777 1816 1032 1884 ἀληθινὸν
1088 1819 1528 1886 σκαρδαμύττειν
1557 1819 1826 1886 αἱρεῖσθε.
1865 1819 1963 1890 [Ρ.

380 1909 510 1981 525]
543 1911 602 1962 Ei
633 1911 678 1962 δ’
707 1909 822 1971 οὑν,
857 1909 994 1962 ἀλλὰ
1019 1911 1210 1979 καιρὸς
1236 1911 1298 1964 τὸ
1327 1911 1423 1962 τοῦ
1453 1911 1602 1964 θείου
1636 1911 1802 1966 Δαυῒδ
1834 1915 1970 1980 ἐξει-

387 2004 508 2056 πεῖν
545 2003 682 2070 πρὸς
719 2003 810 2054 τὸν
849 2001 986 2055 Θεὸν
1025 2003 1434 2070 ποτνιώμενον·
1477 2022 1498 2054 ι
1540 2005 1736 2073 Κύριε,
1790 2007 1969 2061 κλῖνον

380 2091 650 2162 οὐρανοὺς
678 2093 774 2147 καὶ
795 2094 1068 2162 κατάϐηθι
1089 2110 1103 2125 ⁸
1139 2093 1273 2164 ἅψαι
1308 2097 1416 2168 τῷν
1441 2097 1613 2168 ὀρέων
1647 2098 1742 2152 καὶ
1766 2117 1968 2153 καπνιο

383 2183 722 2252 σθήσονται·
781 2185 1064 2256 ἄστραψον
1117 2189 1429 2258 ἀστραπὴν,
1471 2190 1566 2244 καὶ
1598 2193 1820 2258 φωτιεῖς
1873 2193 1972 2246 αὑ-

385 2366 508 2420 dem
543 2367 938 2438 patriarcham,
959 2367 1086 2422 inde
1118 2377 1296 2421 autem
1321 2369 1606 2442 episcopos
1633 2378 1684 2424 et
1716 2372 1971 2434 clericos,

391 2463 658 2513 universo
688 2471 952 2529 praeterea
1011 2472 1202 2516 senatu
1252 2476 1316 2514 ac
1345 2464 1646 2518 'n~onachis
1691 2465 1976 2536 prmsenti-

384 2555 513 2608 hus.
547 2553 604 2604 lu
635 2567 701 2606 eo
724 2565 832 2608 tam
892 2552 1052 2622 pleno
1076 2560 1130 2606 et
1182 2555 1467 2621 spectabili
1509 2565 1782 2610 conventu
1831 2557 1975 2612 hanc

383 2645 762 2700 Vchetnenlem
825 2654 898 2714 et.
929 2653 1247 2700 accuratam
1312 2648 1614 2703 orationem
1704 2649 1975 2704 recitavit.

389 2754 409 2788 ε
454 2737 684 2791 Confido
715 2737 970 2807 equidem
1004 2739 1162 2792 vobis
1221 2749 1410 2792 notum
1471 2748 1527 2792 et
1575 2741 1790 2794 cunctis
1853 2755 1980 2795 esse

385 2829 728 2893 hominibus,
767 2830 901 2884 nihil
935 2830 1070 2884 mihi
1121 2829 1238 2884 fore
1266 2831 1596 2899 jucundius,
1641 2833 1783 2886 nihil
1841 2848 1867 2885 a
1893 2848 1980 2890 me

388 2925 565 2994 magis
590 2923 767 2992 optari
811 2939 976 2992 quam
1045 2923 1232 2978 videre
1291 2923 1384 2978 Dei
1449 2925 1775 2986 Ecclesiatn,
1826 2927 1979 2982 omni

383 3009 836 3068 amntoscandali
871 3019 1161 3079 praetextu,
1200 3013 1257 3068 in
1292 3029 1430 3083 pace
1487 3015 1649 3084 plena
1710 3017 1982 3072 constitu—

2066 525 2206 578 Θεοῦ
2233 527 2342 596 γάρ
2379 529 2544 594 μόνον
2577 527 2635 578 τὸ
2675 529 2776 589 τὰς
2810 529 3085 598 ὑμετέρας
3115 531 3450 602 συνειδήσεις
3482 537 3655 602 φωτε-

2067 632 2178 676 σαι,
2207 616 2511 684 ἀνθρώπων
2538 617 2658 687 Θεῷ
2687 619 2786 688 μὲν
2815 617 2964 687 βιοῦν
2991 621 3396 690 προελομένων,
3423 625 3560 679 Θεοῦ
3593 627 3655 680 δὲ

2067 709 2256 779 πόρρω
2283 711 2701 764 κινδυνευόντων
2729 711 3116 768 καθίστασθαι.
3146 715 3245 766 οὑκ
3281 714 3448 785 ἄλλης
3470 719 3654 782 αἰτίας

2064 793 2231 862 χάριν
2260 793 2291 864 ἢ
2329 795 2422 846 τοῦ
2447 795 2544 864 τῆς
2571 795 2902 862 Ἕκκλησίας
2924 797 3314 868 ὀρθοδοξούσης
3348 803 3444 852 καὶ
3471 803 3654 866 καλῶς

2064 887 2140 946 ὡς
2168 885 2317 947 εἰκὸς
2352 886 2584 955 ἐχούσης
2615 887 2783 956 ἀπρὶξ
2815 889 3233 958 ἀποσχίζεσθαι.
3271 891 3330 943 ΕΞ
3363 891 3419 944 δὲ
3447 893 3656 962 ταύτης

2068 976 2316 1044 σχίζεσοε
2345 978 2643 1047 κχθολικῆς
2691 996 2754 1045 γε
2787 978 2975 1049 οὔσης,
3028 982 3219 1032 εἴπατε
3258 982 3481 1047 πάντως
3507 978 3658 1056 ᾗτινι

2065 1069 2130 1137 δὴ
2161 1069 2255 1122 καὶ
2279 1071 2524 1124 ἑνοῦσθε.
2577 1071 2667 1140 Μὴ
2696 1072 2916 1142 ἔχοντας
2952 1075 3008 1127 δὲ
3039 1075 3218 1142 λέγειν
3251 1077 3348 1144 τὴν
3380 1077 3651 1146 κεφαλὴν,

2067 1159 2210 1227 ὑμᾶς
2239 1161 2664 1229 ἀρμολογεῖσθαι
2700 1163 2842 1216 κατά
2875 1164 3007 1216 Θεὸν
3041 1166 3156 1228 πῶς
3180 1167 3358 1219 εἰπεῖν
3388 1166 3652 1236 εὑλογον;

2071 1253 2192 1320 μηδ’
2235 1255 2495 1324 ἀρίζηλον
2528 1256 2618 1306 τὸν
2644 1259 2844 1310 σκοπὸν
2868 1256 3182 1317 δεικνύντας
3209 1261 3326 1322 πῶς
3355 1261 3415 1314 οὑ
3446 1261 3654 1314 δίκαιον

2066 1345 2278 1416 πλάνης
2328 1349 2656 1402 ἀποίσεσθαι
2711 1349 2966 1419 ἔγκλημα
2992 1366 3005 1416 ;
3049 1351 3176 1406 tam:
3205 1353 3261 1406 δὲ
3295 1353 3440 1404 τοῦτ’
3465 1349 3532 1423 ἦν
3561 1355 3657 1408 καὶ

2070 1441 2250 1509 μόνον,
2285 1443 2381 1494 καὶ
2408 1441 2537 1505 ἴσως
2565 1441 2633 1493 τὰ
2656 1443 2778 1496 καθ’
2805 1442 2954 1509 ὑμᾶς
2980 1445 3057 1506 εἰς
3087 1444 3298 1496 δίκαιον
3322 1445 3470 1498 ἔλεον
3500 1463 3662 1515 περι-

2069 1529 2274 1585 ίστατο.
2328 1532 2443 1584 Νῦν
2503 1531 2558 1583 δὲ
2619 1533 2756 1584 ἀλλὰ
2804 1533 3102 1586 δεδοικέναι
3156 1533 3368 1602 ἀνάγκη
3428 1537 3499 1603 μή
3540 1552 3660 1600 πως

2067 1623 2338 1692 (ἀλλὀὐκ
2369 1624 2500 1691 ἐμὸς
2531 1626 2558 1679 ο
2587 1623 2764 1690 λόγος,
2792 1624 2902 1676 οὐδ’
2929 1625 2960 1692 ἡ
2983 1625 3162 1694 κρίσις
3194 1628 3316 1677 κατ’
3339 1625 3657 1694 ἄνθρωπον,

2067 1711 2250 1782 πολλῴ
2287 1713 2343 1764 δὲ
2379 1713 2578 1782 μᾶλλον
2608 1714 2702 1766 τοῦ
2742 1715 3078 1782 Πνεύματος,
3120 1717 3242 1768 ἐπεὶ
3264 1719 3356 1768 καὶ
3380 1717 3484 1771 ὅσα
3509 1717 3659 1784 ἅγιοι

2071 1807 2418 1876 φθέγγονται,
2463 1807 2742 1876 Πνεὺματι
2770 1808 2905 1862 Θεοῦ
2945 1808 3254 1878 κινούμενοι
3282 1811 3657 1879 φθέγγονται)

2075 1899 2150 1968 μή
2189 1916 2304 1960 πως
2329 1899 2460 1967 γοῦν
2480 1899 2614 1951 Θεοῦ
2643 1900 2934 1969 λατρευταὶ
2961 1902 3056 1954 καὶ
3083 1902 3192 1954 τῶν
3223 1901 3660 1970 ἀσφαλεστάτων

2069 1989 2353 2052 δοκοῦντες
2393 1990 2470 2060 τῷ
2501 2007 2560 2042 τε
2583 1991 2680 2060 τῆς
2720 1991 3052 2058 Ἐκκλησίας
3091 1992 3374 2062 σχίζεσθαι
3413 1995 3508 2047 καὶ
3548 1993 3661 2046 τῶν

2073 2082 2350 2148 ποιμένων
2405 2082 2796 2149 κατολιγωρείν
2846 2085 3106 2144 λαθόντες
3163 2083 3243 2154 τῷ
3291 2085 3662 2154 ἀντικειμένῳ

2081 2170 2386 2242 λατρεύητε
2439 2172 2739 2242 πνεύματι,
2797 2171 3068 2228 καὶκατὰ
3105 2174 3265 2229 τοῦτο
3311 2177 3541 2244 μισοῖσθ’
3589 2177 3661 2234 ἂν

2077 2365 2302 2406 causam
2337 2365 2499 2421 quam
2548 2350 2694 2419 quod
2753 2351 2822 2406 ab
2873 2350 3118 2405 Ecclesia
3176 2362 3324 2406 recte
3387 2353 3664 2410 sentiente

2078 2443 2334 2511 bonaque
2374 2443 2596 2498 vivcnte
2649 2443 2944 2508 disciplina
2993 2443 3258 2512 pertinaci
3295 2444 3526 2501 discidio
3573 2459 3664 2501 se-

2077 2535 2375 2603 paramini.
2435 2533 2572 2588 Cum
2607 2543 2791 2588 autem
2823 2535 2892 2588 ab
2931 2537 3033 2587 hac
3058 2535 3370 2589 scindimini
3425 2553 3532 2590 non
3561 2537 3666 2594 (ιιι-ο

2079 2627 2166 2682 bie
2200 2625 2492 2686 catholica,
2529 2625 2715 2686 dicite.
2755 2627 2976 2680 cuinam
3033 2627 3189 2682 alteri
3220 2628 3614 2698 conjungimini
3640 2634 3665 2684 Τ

2079 2719 2136 2773 Si
2166 2734 2298 2773 vero
2340 2733 2448 2772 non
2486 2719 2719 2789 potestis
2752 2727 2910 2789 caput
2934 2719 3218 2774 nominare
3263 2721 3351 2774 cui
3384 2721 3666 2776 adhterca-

2083 2813 2180 2874 tis,
2230 2825 2364 2882 qua,
2409 2826 2624 2882 quaeso,
2658 2810 3140 2884 verisimilitudine
3165 2812 3392 2868 creditis
3412 2828 3534 2868 esse
3563 2829 3680 2876 vos

2082 2905 2328 2959 membra
2353 2905 2660 2959 secundum
2701 2902 2870 2958 Deum
2925 2918 3063 2957 nexa
3103 2903 3156 2957 in
3197 2903 3458 2960 unitatem
3513 2909 3662 2962 sacri

2083 2995 2372 3066 corporis?
2400 3012 2508 3066 qua
2541 2995 2882 3050 delensionis
2934 2995 3324 3064 probabilitate
3391 2998 3665 3068 repellitis

388 3111 524 3159 tam.
563 3104 641 3158 Ad
670 3119 795 3158 eum
819 3120 1046 3174 scopum
1075 3105 1188 3171 jam
1217 3117 1328 3159 ttttu
1360 3123 1423 3162 ex
1443 3123 1554 3176 quo
1584 3109 1977 3166 administrare

2083 3090 2489 3144 accusationem
2538 3089 2772 3154 erroris,
2821 3087 2914 3156 qui
2985 3103 3210 3158 scopum
3263 3103 3376 3158 quo
3437 3089 3666 3148 tenditis

390 3195 686 3266 imperium
721 3197 956 3252 arbitrio
1011 3213 1132 3252 meo
1176 3199 1340 3268 coepi,
1377 3200 1515 3254 nihil
1560 3217 1668 3255 non
1732 3201 1899 3256 studii
1930 3214 1986 3259 et

392 3289 774 3347 contentionis
802 3289 1037 3355 intendi,
1067 3291 1401 3359 posthabitis
1429 3293 1562 3350 huic
1594 3294 1685 3348 uni
1723 3297 1982 3366 negotiis,

393 3383 750 3454 quantumvis
790 3384 1138 3452 urgentibus,
1193 3385 1428 3450 caeteris,
1489 3386 1739 3454 neglecto
1798 3388 1981 3444 fructu

396 3476 762 3544 voluptatum,
823 3489 1055 3543 quarum
1105 3477 1262 3546 copia
1330 3475 1732 3542 imperantibus
1789 3480 1984 3548 aﬂluit,

395 3567 674 3636 despectis
713 3569 878 3621 etiam
929 3575 1140 3622 natura;
1184 3567 1477 3626 ati‘ectibus
1531 3578 1587 3624 et
1639 3570 1988 3626 dulcissima-

399 3675 520 3713 rnm
585 3658 1055 3713 necessitudinum
1108 3669 1362 3725 reSpcctu
1411 3659 1644 3723 calcato,
1704 3661 1807 3714 emi
1847 3661 1987 3716 bene

397 3749 597 3820 quovis
631 3749 910 3819 impendio
940 3758 1097 3804 ratus
1134 3758 1376 3803 vestrum
1422 3749 1669 3804 omnium
1719 3752 1986 3820 tranquil-

396 3841 504 3896 lam
535 3842 588 3894 in
613 3840 859 3896 unanimi
893 3841 1268 3896 consensione
1325 3842 1709 3896 concordiam.
1773 3843 1985 3914 Itaque,

396 3934 544 3998 quod
578 3949 664 3987 me
727 3933 948 3998 attinet,
1029 3933 1176 3988 haud
1226 3949 1364 3989 vane
1409 3934 1746 4004 gloriatur-us
1800 3938 1988 3994 videor

398 4042 506 4091 me,
563 4036 830 4094 quantum
868 4025 1078 4082 homini
1111 4026 1192 4082 fas
1230 4025 1354 4094 fuit,
1405 4028 1456 4081 in
1495 4044 1561 4083 eo
1595 4045 1794 4100 genere
1822 4046 1988 4086 cona-

399 4128 538 4174 tum.
574 4118 742 4182 Nihil,
787 4119 1040 4188 inquam,
1091 4119 1340 4174 omnium
1395 4121 1541 4190 quod
1593 4121 1661 4176 ad
1711 4122 1990 4178 amolitio-

399 4230 521 4270 uem
556 4212 802 4269 scandali
839 4211 1123 4267 turbantis
1150 4212 1314 4268 hodie
1363 4213 1609 4282 quietem
1647 4214 1990 4270 ecclesiasti-

401 4322 522 4360 cam
552 4313 701 4362 recte
761 4319 826 4358 ac
874 4304 1269 4358 convenienter
1299 4303 1538 4360 conferri
1574 4312 1785 4374 posset,
1841 4319 1870 4360 a
1903 4319 1989 4360 me

399 4399 578 4452 fuisse
609 4396 1066 4466 praetermissum,
1095 4410 1204 4450 non
1245 4405 1469 4462 temere,
1490 4407 1549 4454 ut
1573 4409 1724 4467 puto,
1759 4411 1990 4468 persua-

400 4495 542 4548 dcor
604 4493 801 4547 intimo
859 4491 1216 4547 conscientia:
1277 4492 1614 4548 testimonio.
1671 4492 1780 4552 Vos
1837 4494 1984 4561 quod

403 4595 642 4656 spectat,
689 4583 879 4638 mirari
908 4583 1232 4653 plerumque
1269 4583 1466 4646 subiit,
1513 4585 1715 4651 quibus
1762 4583 1981 4638 tandem

405 4676 583 4732 innixi
618 4674 926 4728 rationibus
955 4673 1314 4742 perseveretis
1344 4674 1412 4728 ab
1446 4672 1691 4729 Ecclesia
1723 4673 1982 4742 disiuncti

405 4773 613 4830 vivere,
661 4775 715 4822 et
763 4781 868 4834 qua
902 4766 1154 4820 caecitate
1213 4765 1385 4818 animi
1419 4765 1604 4820 lumen
1667 4780 1728 4819 se
1795 4778 1984 4819 verum

405 4859 570 4931 463
626 4857 936 4912 clarissime
981 4855 1240 4925 ingerens
1273 4857 1476 4910 rebelle
1517 4856 1859 4910 uietantibus
1896 4873 1987 4910 rc-

403 4969 604 5022 spuere
628 4949 905 5019 palpebris
945 4949 1089 5002 ultro
1130 4946 1336 5010 velitis,
1389 4946 1734 5002 irrevocabili
1780 4958 1988 5000 contu-

409 5063 440 5095 u
465 5044 605 5099 acia.
637 5041 779 5108 Quid
822 5041 912 5096 hic
963 5039 1156 5094 faciam
1199 5040 1567 5108 Opportunius
1597 5053 1761 5106 quam
1813 5038 1986 5093 Deum

407 5137 679 5202 alloquar,
705 5148 972 5190 venerans
989 5133 1166 5188 sancti
1194 5131 1412 5186 Davidis
1430 5131 1610 5186 verbis
1635 5146 1652 5184 :
1687 5149 1705 5181 ι
1741 5132 1990 5199 Domina,

407 5227 614 5281 inclina
641 5226 810 5279 caelos
849 5232 904 5277 et
927 5222 1223 5287 descende,
1283 5233 1441 5293 tange
1501 5231 1733 5288 montes,
1791 5231 1846 5276 et
1904 5224 1992 5276 fu~

413 5315 700 5385 migabunt
743 5315 958 5385 fulgura
1019 5315 1485 5375 coruscationcm,
1549 5322 1606 5367 et
1657 5313 1995 5368 illuminabis

409 5410 578 5477 ipsos.
615 5425 634 5460 ι
673 5407 854 5461 Liceat
887 5409 1034 5464 enim
1063 5405 1344 5471 paululum
1405 5413 1654 5462 extremo
1711 5406 1942 5460 verbnlo
1965 5422 1996 5459 a

413 5517 540 5554 vera
573 5501 715 5556 sacri
750 5500 953 5554 cantici
999 5497 1288 5553 deﬂectere
1342 5495 1600 5551 formula.
1657 5495 1752 5552 Dei
1796 5498 1999 5566 quippe

411 5593 584 5647 solius
616 5607 758 5660 Opus
788 5592 860 5645 sit
885 5597 1100 5648 vestras
1131 5588 1351 5658 penitus
1380 5588 1692 5644 illuminare
1717 5591 2004 5645 conscien-

413 5690 540 5752 tias,
589 5686 873 5740 hominum
909 5683 1002 5752 qui
1036 5691 1327 5753 postquam
1365 5682 1613 5752 elegistis
1647 5682 1757 5739 Deo
1791 5684 2001 5751 vivere,

417 5797 442 5836 tt
482 5781 588 5835 lleo
617 5781 778 5848 longe
832 5775 1028 5832 abesse
1087 5775 1504 5846 periclitamini,
1565 5791 1674 5832 non
1719 5775 1882 5830 aliam
1935 5775 2006 5831 ob

2087 3192 2297 3246 certum
2325 3181 2609 3250 nequeatis
2667 3179 3002 3236 ostendere?
3052 3179 3244 3248 Atque.
3287 3179 3494 3238 utinam
3549 3196 3664 3236 una

2087 3286 2234 3329 esset
2284 3274 2410 3337 ista,
2463 3288 2583 3340 quae
2621 3277 2746 3344 jure
2801 3275 2855 3328 in
2917 3273 3074 3327 vobis
3121 3275 3464 3342 culparetur,
3508 3276 3700 3342 scopi.

2087 3383 2249 3436 quem
2308 3368 2598 3436 spectatis,
2651 3366 2851 3435 capitis
2911 3367 3000 3420 cui
3071 3369 3296 3421 Ita-iretis
3345 3367 3662 3437 ignoratio:

2088 3465 2470 3520 misericordia
2503 3463 2704 3532 quippe
2727 3477 2889 3531 quam
2919 3461 3000 3515 ira
3043 3470 3176 3514 tunc
3221 3460 3438 3528 dignior
3471 3460 3662 3516 infelix

2087 3574 2150 3620 ea
2181 3565 2360 3612 vestra
2400 3559 2618 3612 caecitas
2649 3556 2822 3612 videri
2857 3563 3067 3624 posset.
3102 3552 3260 3610 Nunc
3291 3555 3450 3621 longe
3503 3553 3667 3624 pejus

2089 3651 2262 3706 vereri
2293 3651 2360 3705 de
2399 3649 2555 3706 vobis
2588 3647 2732 3702 aliud
2778 3663 2868 3702 res
2902 3647 3022 3718 ipsa
3063 3646 3292 3716 subigit.
3339 3645 3665 3716 Quanquam

2087 3745 2343 3812 equidem
2403 3758 2511 3797 non
2583 3739 2878 3810 indulgebo
2935 3739 3363 3808 suspicionibus.
3417 3737 3534 3795 Non
3579 3749 3670 3794 cst

2089 3851 2268 3897 meum
2295 3835 2364 3890 de
2388 3833 2589 3890 talibus
2610 3832 2756 3904 loqui
2793 3848 2808 3886 :
2852 3832 2982 3890 mihi
3009 3831 3278 3900 judicium
3312 3830 3366 3886 in
3389 3831 3666 3886 hominem

2089 3941 2197 3982 non
2234 3938 2449 3995 arrogo,
2485 3923 2725 3978 maxime
2762 3922 2818 3977 in
2855 3922 3108 3976 homines
3147 3921 3344 3990 spiritu
3396 3921 3666 3986 viventes,

2089 4033 2213 4072 cum
2245 4017 2513 4086 scriptum
2543 4016 2741 4086 legam,
2767 4028 3108 4084 quacunque
3131 4014 3432 4083 loquuntur
3457 4015 3664 4081 sancti,

2093 4109 2187 4164 Dei
2218 4107 2429 4178 Spiritu
2461 4119 2710 4162 movente
2749 4106 2916 4174 loqui.
2936 4105 3045 4162 Fas
3069 4115 3251 4161 tamen
3275 4106 3348 4160 sit
3367 4108 3668 4164 admonere

2090 4210 2146 4256 et
2177 4215 2340 4258 orare
2360 4215 2458 4256 vos
2489 4199 2654 4254 etiam
2689 4206 2855 4268 atque
2877 4199 3042 4253 etiam
3083 4206 3140 4254 ut
3167 4199 3411 4256 caveatis
3439 4215 3506 4254 ne
3526 4198 3668 4255 forte

2091 4291 2188 4349 Dei
2219 4295 2486 4360 cultores.
2523 4291 2771 4359 adeoque
2801 4291 2962 4345 istius
2993 4290 3202 4346 ordinis
3234 4291 3522 4362 praecipui,
3579 4307 3668 4348 se.

2095 4385 2488 4454 (:urissintique
2519 4384 2686 4440 habiti
2727 4401 2754 4436 a
2785 4383 3032 4454 periculo
3065 4382 3308 4445 errandi,
3366 4384 3548 4452 reipsa
3576 4399 3669 4440 er-

2093 4478 2228 4533 retis
2248 4477 2751 4546 perniciosissime;
2781 4490 2845 4530 ac
2875 4474 3022 4542 quod
3045 4475 3114 4530 ab
3145 4473 3395 4530 Ecclesia
3443 4474 3667 4530 scinda-

2091 4570 2224 4626 mini
2259 4568 2520 4639 quodque
2543 4576 2796 4638 pastores
2829 4567 3218 4635 eontetnnatis,
3247 4581 3356 4622 non
3389 4565 3500 4622 Deo
3527 4567 3668 4636 jam,

2085 4667 2142 4714 ut
2170 4659 2374 4730 putatis
2405 4667 2459 4714 et
2512 4658 2661 4712 credi
2693 4656 2883 4721 vultis,
2907 4658 3002 4712 sed
3037 4657 3180 4724 quod
3217 4657 3442 4712 minime
3469 4657 3668 4713 adver-

2086 4751 2229 4818 titis,
2259 4749 2554 4820 cispiritai
2600 4750 2857 4806 serviatis
2905 4749 3002 4820 qui
3055 4765 3270 4817 semper
3331 4750 3581 4805 infensus
3616 4762 3672 4806 et

2085 4843 2514 4899 irrevocabiliter
2539 4843 2824 4912 oppositus
2852 4841 2963 4896 Deo
2980 4850 3084 4906 est;
3117 4857 3182 4895 ac
3202 4850 3486 4912 propterea
3507 4841 3674 4917 ᾆδε,

2083 4937 2231 5008 justa
2265 4935 2544 4990 hominum
2601 4935 2708 4990 Deo
2735 4935 2840 4988 rite
2898 4933 3254 4988 servientium
3293 4933 3346 4987 in
3398 4949 3496 4988 vos
3549 4935 3672 4988 odta

2087 5029 2340 5086 vertatis.
2374 5029 2455 5083 An
2503 5043 2612 5083 non
2645 5029 2792 5082 enim
2829 5026 3035 5082 diserte
3081 5027 3385 5094 periculum
3437 5026 3674 5084 intentat

2091 5133 2146 5179 et
2184 5123 2424 5178 inculcat
2464 5121 2731 5176 monitum
2765 5119 2992 5174 idoneus
3027 5120 3187 5188 plane
3216 5125 3427 5184 auctor,
3474 5120 3676 5191 quippe

2093 5221 2188 5288 qui
2219 5230 2584 5289 praeterquam
2619 5217 2820 5272 Christi
2853 5215 3157 5286 discipulus
3216 5215 3468 5284 idemque
3505 5216 3676 5285 magi-

2097 5311 2196 5366 stri
2235 5309 2654 5365 amantissimus
2691 5308 2861 5364 fuisse
2893 5306 3167 5369 noscitur,
3222 5305 3386 5360 etiam
3429 5305 3677 5378 martyrii

2099 5409 2278 5458 morte
2308 5400 2676 5455 consummati
2711 5397 3188 5454 commendatione
3215 5395 3536 5466 dignitatem
3575 5411 3680 5452 au-

2102 5493 2520 5560 ctoritatemque
2547 5490 3056 5560 obsignavitsuam,
3094 5486 3268 5544 deifer
3309 5487 3566 5542 videlicet
3611 5502 3680 5543 ac

2103 5584 2414 5639 divinorum
2467 5582 2908 5652 sapientissimus
2941 5580 3218 5651 lgnatius;
3266 5579 3554 5646 cujushac
3610 5581 3682 5634 de

2107 5691 2168 5730 re
2196 5674 2590 5739 testimonium,
2628 5689 2836 5744 quaeso,
2867 5673 3061 5729 audire
3092 5687 3161 5726 ne
3195 5671 3517 5742 gravemini,
3547 5673 3680 5726 dum

2111 5769 2640 5841 lcgitur............:.
2678 5780 2938 5837 quorsum
2975 5766 3143 5835 igitur
3171 5780 3282 5832 vos,
3345 5765 3594 5819 homines
3627 5769 3682 5816 ct
