4024 6422
273 343 379 406 5‘39

274 552 342 622 τῇ
379 549 652 620 μαθητείᾳ
679 551 771 603 τοῦ
799 551 877 619 τῷ
923 553 1147 624 Χριστῷ
1195 557 1558 627 ἠγαπημένον
1595 557 1690 614 καὶ
1731 575 1874 626 μαρ-

275 642 449 712 τυρίῳ
495 643 886 712 τετιμημένος,
924 647 952 698 ὁ
997 644 1284 717 θεοφόρος.
1313 645 1490 717 οἶμαι,
1537 649 1723 702 καὶτὰ
1752 647 1870 703 θεῖα

277 733 768 802 σοφδξΊγνὰτιοςς
810 738 880 789 Ἦ
912 723 1192 806 βούλεσθε,
1225 741 1323 793 καὶ
1355 739 1868 811 ἀναγινωσγομένου

274 825 370 879 τοῦ
403 825 564 892 λόγου
597 828 871 881 ἀκούοιτε.
903 829 1024 882 Ἵνα
1055 829 1106 882 τί
1137 829 1270 898 γοῦν
1299 832 1584 901 ἅνθρωποι
1625 832 1744 902 Θεῷ
1771 832 1868 901 μὲν

277 918 702 990 καθιερωμένοι,
758 922 926 993 ἀρετῇ
962 923 1020 976 δὲ
1075 926 1468 994 προοέχοντες,
1508 927 1600 981 καὶ
1642 925 1868 992 προσέτι

272 1010 438 1064 οἱονεί
469 1029 593 1066 τινα
625 1011 870 1083 σύμϐολά
895 1033 1042 1078 τινες
1068 1016 1176 1070 τῶν
1208 1016 1300 1070 τοῦ
1338 1015 1576 1088 Χριστοῦ
1605 1015 1869 1084 παθημά-

271 1118 383 1154 των
417 1103 479 1155 ἐν
528 1106 592 1174 τῇ
628 1105 794 1174 σαρκὶ
851 1105 1275 1176 περιφέροντες,
1326 1106 1584 1161 τοσοῦτον
1619 1107 1866 1161 κίνδυνον

271 1195 678 1266 ἀναῤῥξπτετες
751 1199 906 1250 Δυοίν
968 1198 1078 1268 γὰρ
1135 1199 1352 1270 ἀνάγκη
1414 1199 1576 1269 μόνον
1639 1199 1865 1267 Θάτερον

270 1287 550 1356 αὔταρκες
594 1289 840 1340 τοιούτου
875 1275 1124 1343 κινδύνου
1161 1293 1308 1359 ὑμᾶς
1343 1290 1704 1360 ἐξαιρεῖσθαι,
1737 1290 1769 1360 ἢ
1803 1291 1864 1342 τὸ

271 1379 446 1444 δεῖξαι
469 1373 503 1454 ᾗ
535 1380 598 1450 δή
619 1398 724 1434 τινι
758 1379 1061 1452 Ἐκκλησία
1091 1384 1532 1452 προσεσχηκὸτες
1552 1385 1640 1436 ἐπ’
1664 1385 1862 1445 αἰτίαις

270 1473 519 1540 εὐλόγοις
551 1475 644 1526 καὶ
676 1475 976 1536 κανονικῷς
1012 1476 1043 1544 ἡ
1056 1477 1171 1544 μῶν
1214 1475 1484 1546 σχίζεσθε,
1523 1475 1553 1545 ἢ
1591 1477 1649 1528 τὺ
1683 1477 1862 1528 πᾶσαν

267 1565 528 1628 είακότας
575 1566 970 1634 σμικρολογίαν
1023 1569 1088 1636 τῇ
1149 1567 1398 1638 ἡμετέρᾳ
1437 1567 1608 1640 ταύτῃ
1663 1568 1728 1638 δὴ
1765 1569 1860 1620 καὶ

268 1656 534 1727 καθολικῇ
572 1657 828 1712 ὲνοῦσθαι
869 1657 1161 1728 βούλεσθε.-
1189 1659 1251 1712 Εἰ
1289 1659 1433 1712 δὲτὸ
1463 1659 1720 1730 δεύτερον
1760 1659 1858 1731 οὐχ

268 1749 536 1820 αἱρεῖσθε,
572 1749 631 1802 τὸ
659 1752 925 1820 πρότερον
979 1749 1209 1814 δείξατε.
1271 1749 1357 1822 [Ρ.
1393 1750 1522 1822 524]
1561 1753 1670 1806 Καὶ
1700 1752 1748 1804 εἰ
1781 1752 1856 1821 μὴ

282 1840 614 1906 Ἐκκλησίαν
643 1841 792 1912 ἔχετε
823 1842 1016 1908 δεῖξαι.
1041 1841 1155 1896 ἀλλ’
1190 1842 1221 1912 ἢ
1261 1844 1522 1912 ἀρχιερέα
1544 1843 1681 1903 τέως
1705 1844 1862 1898 εἶπα·
1895 1827 1934 1880 θ

267 1949 356 1992 τε,
385 1933 517 2000 παρ’
544 1923 603 1984 οὗ
635 1933 699 2001 δὴ
725 1935 818 1988 καὶ
843 1933 1074 2003 συνοχὴν
1101 1933 1338 1997 ἑαυτοῖς,
1359 1935 1433 1996 ὡς
1459 1933 1532 2004 μὴ
1567 1934 1861 2003 διαρῥυῆτε

272 2025 352 2093 μὴ
372 2023 578 2093 δεσμὸν
609 2023 850 2094 ἔχοντες,
872 2024 1410 2088 ὲπικατασκενάζειν
1437 2024 1860 2094 διισχυρίζεσθε.

266 2114 469 2182 Γέγονε
501 2131 634 2168 ποτε
665 2114 844 2176 τοῦτο,
875 2114 966 2166 καὶ
997 2115 1096 2186 ήδη
1151 2114 1488 2185 θαρροῦντες
1531 2115 1766 2179 δείξατε.
1802 2117 1865 2170 Εἰ

263 2205 324 2258 δὲ
350 2206 445 2260 τὸν
477 2207 657 2274 μέγαν
709 2205 1078 2276 προϐάλλεσθε
1137 2206 1416 2278 Μάξιμον,
1475 2208 1551 2267 ὡς
1597 2207 1862 2270 πολλάκις

267 2298 543 2366 λεγόντων
581 2297 952 2368 πυνθάνομαι,
983 2298 1065 2351 ὅτι
1113 2300 1368 2361 κάκεῖνος
1393 2298 1607 2368 αἱρέσει
1635 2299 1743 2352 τῶν
1774 2300 1867 2352 ἐκ·

269 2477 382 2534 Deo
426 2479 734 2532 consecrati
763 2485 816 2532 et
855 2475 1041 2534 studio
1073 2475 1238 2534 dediti
1279 2476 1526 2542 virtutis,
1563 2486 1864 2546 prmterra-

263 2583 376 2634 que
407 2568 658 2638 symbola
689 2567 837 2623 velut
872 2567 1122 2636 quaedam
1180 2566 1384 2624 Christi
1448 2569 1864 2641 perpessiontun

264 2661 322 2715 in
351 2675 521 2716 carne
581 2669 765 2715 vestra
813 2661 1301 2722 circumferen‘es,
1355 2669 1522 2719 tantae
1578 2663 1655 2715 rei
1693 2663 1865 2719 aleam

259 2750 472 2820 jar-itis,
514 2763 622 2812 tam
660 2751 927 2822 praecipiti
961 2752 1270 2811 discrimini
1311 2770 1419 2816 non
1453 2755 1718 2810 dubitatis
1761 2770 1855 2813 ve-

262 2857 441 2902 stram
467 2854 724 2902 teternam
763 2836 996 2902 salutem
1029 2847 1348 2916 exponere?
1385 2847 1630 2904 Duorum
1678 2847 1856 2904 enim.-

266 2951 403 2992 νει-ο
439 2937 674 2996 alterum
708 2937 867 2995 video
895 2953 1020 2994 esse
1053 2953 1280 2994 necesse
1313 2938 1564 3008 praestari
1615 2953 1644 2992 a
1683 2939 1862 3003 vobis,

266 3033 332 3078 ut
365 3024 550 3092 aliqua
599 3024 885 3078 verisimili
942 3024 1139 3077 ﬁducia
1178 3040 1387 3080 secura:
1443 3026 1494 3078 in
1558 3026 1650 3079 tali
1719 3035 1866 3082 statu

264 3117 631 3172 conscientiae
664 3117 761 3171 niti
798 3116 1119 3182 videamini,
1169 3133 1366 3184 nempe
1413 3129 1474 3172 ut
1526 3119 1608 3171 vel
1637 3119 1866 3174 demon-

264 3210 479 3274 stretis,
503 3211 722 3263 cuinam
756 3209 1024 3268 unianimi
1066 3208 1345 3275 Ecclesiae,
1401 3211 1714 3280 quibusque
1768 3211 1864 3280 ju-

265 3302 370 3357 stis
395 3309 450 3356 et
477 3302 763 3357 canonicis
791 3302 856 3376 de
887 3301 1074 3356 causis
1126 3302 1231 3356 rite
1273 3317 1337 3355 ac
1370 3317 1522 3356 more
1591 3303 1860 3372 majorum

266 3404 515 3450 nostram
561 3396 706 3450 hanc
758 3395 1090 3463 repudietis,
1131 3395 1249 3450 vice
1314 3395 1480 3464 hujus
1547 3395 1636 3454 isti
1687 3395 1868 3464 quali-

265 3503 488 3558 cunque
521 3489 902 3559 pra-eligentes
934 3488 1214 3542 adluercre
1235 3489 1414 3554 alteri,
1455 3489 1534 3543 vel
1585 3489 1632 3544 si
1677 3489 1727 3542 id
1763 3488 1860 3545 de-

268 3589 588 3634 monstrare
621 3596 730 3635 non
762 3581 1015 3648 potestis,
1056 3581 1266 3636 omisso
1300 3595 1565 3638 vanorum
1633 3581 1862 3636 obtentu

264 3681 654 3742 przctextuum,
692 3680 895 3726 nostra:
928 3671 1056 3728 huic
1088 3671 1292 3740 quippe
1323 3671 1624 3730 universali
1653 3686 1714 3725 ac
1735 3687 1864 3725 vere

263 3766 560 3822 catholica:
608 3767 817 3820 reuuiri
857 3765 1037 3822 velitis
1075 3763 1356 3820 Ecelesiae.
1395 3762 1640 3830 Quorum
1683 3764 1726 3816 si
1761 3765 1863 3819 hoc

263 3861 575 3921 secundum
615 3875 722 3912 non
759 3857 987 3926 eligitis,
1019 3871 1116 3926 age
1142 3871 1294 3920 sane,
1329 3858 1483 3925 prius
1513 3854 1648 3912 illud
1679 3863 1866 3911 osten—

260 3959 395 4016 dite.
426 3957 519 4013 Sin
544 3954 802 4024 cxcipitis
831 3951 1133 4007 Ecclesiam
1162 3953 1247 4006 cui
1275 3951 1515 4006 devincti
1544 3951 1668 4006 sitis
1706 3965 1859 4004 mon-

259 4061 440 4106 stt-are
461 4065 560 4102 vos
585 4063 690 4104 non
725 4061 910 4115 posse,
931 4047 1122 4100 saltem
1153 4043 1455 4100 antistitem
1475 4043 1563 4100 cui
1583 4042 1859 4108 subestis,

266 4145 523 4206 indicare
561 4156 629 4195 ne
663 4138 1024 4194 cunctcmini.
1072 4135 1190 4196 Non
1218 4136 1368 4201 enim
1401 4152 1664 4191 recusare
1700 4135 1860 4189 vobis

258 4239 317 4291 id
343 4235 568 4305 quidem
611 4207 694 4288 fas
719 4240 823 4298 est,
855 4230 1119 4299 quoniam
1169 4229 1276 4284 nisi
1337 4239 1504 4300 caput
1565 4229 1859 4286 ostenditis

255 4331 347 4385 cui
385 4329 462 4384 uti
505 4325 754 4380 membra
803 4319 1236 4386 subnectamini,
1286 4330 1614 4389 argumento
1657 4322 1860 4378 caretis

255 4439 372 4494 quo
425 4419 852 4478 continuitatem
910 4417 1145 4484 probare
1174 4423 1414 4470 vestram
1456 4430 1584 4472 eum
1649 4415 1854 4470 Christi

1237 355 1335 414 DE
1381 354 1832 416 ANDRONICO
1877 356 2351 426 PALJEOLOGO
2388 365 2532 425 LIB.
2571 367 2644 425 VI

166 470 186 484 ‘
271 459 517 550 δικαίως.
561 456 636 514 Ἢ
673 461 780 529 γάρ
803 479 816 526 ;
848 461 923 516 Οὐ
980 461 1128 530 λέγει
1154 468 1308 528 ταυτὶ
1350 467 1622 538 ἀριδήλως
1653 469 1681 520 ὁ
1720 466 1855 536 πρὸς
1885 467 1933 524 Α
1962 465 2202 538 κλησιῶν
2257 476 2828 547 προκατειλημμένων
2883 479 3006 532 κατ’
3063 478 3226 532 αὐτὸν
3266 479 3408 550 ὑπὲρ
3455 484 3556 550 τῆς

3447 367 3554 428 bii)

1981 561 2242 632 ἀληθείας
2286 569 2614 621 κινδυνεύων
2673 569 3092 640 ἀπισχυρίζετο,
3145 571 3281 625 ἀλλὰ
3339 573 3555 643 πρῶτον

1983 653 2084 720 μὲν
2141 655 2202 707 οὐ
2238 657 2440 722 πάντες
2477 659 2599 712 οὐδὲ
2652 662 2772 713 τότε
2815 664 3368 732 προκατελήφθησαν,
3421 667 3559 718 ἀλλὰ

1979 743 2198 812 πρῶτος
2229 749 2324 802 καὶ
2374 751 2480 820 πρὸ
2522 753 2743 806 πάντων
2775 755 2802 806 ὁ
2836 753 2936 823 τῆς
2963 755 3147 817 Αἰλίας
3180 755 3320 818 θεῖος
3351 757 3558 826 ποιμὴν

1977 835 2006 886 δ
2029 835 2336 907 Σωφράνιος
2361 843 2452 895 καὶ
2475 843 2594 896 λίαν
2621 844 2816 913 ἐκείνῳ
2847 848 3246 916 συνηγωνίζετο
3273 865 3286 878 ·
3314 851 3361 901 εξ
3382 846 3556 913 δὀὖν,

1977 929 2110 984 ἀλλὰ
2159 931 2394 994 καὶτοῖς
2425 934 2482 987 ἐν
2522 928 2715 1006 Ῥώμῃ
2750 938 2884 999 τέως
2933 938 3163 1006 ἐπήνθει
3205 940 3266 992 τὸ
3312 941 3559 1006 εὐσεϐὲς,

1919 1065 1931 1078 ,
1964 1020 2066 1075 καὶ
2106 1019 2260 1074 οὖπω
2289 1025 2354 1094 τῇ
2415 1025 2716 1095 Ἐκκλησία
2767 1030 3189 1101 παρεισεφθάρη
3261 1031 3558 1100 Ὀνῶριοςο

1973 1113 2113 1182 πρὸς
2139 1115 2234 1174 οὓς
2262 1117 2361 1184 μὲν
2393 1113 2506 1187 εἶχε
2539 1119 2760 1182 δικαίως
2788 1121 3083 1189 ἀναφέρειν
3131 1122 3229 1192 τὴν
3255 1122 3481 1192 γνώμην
3531 1129 3558 1178 ὁ

1971 1204 2071 1275 τῆς
2095 1205 2354 1275 ἀληθείας
2380 1211 2743 1278 ὁμολογητὴς,
2773 1213 2870 1279 καὶ
2907 1215 2980 1283 μὴ
3019 1213 3094 1278 ὡς
3132 1215 3292 1283 δῆθεν
3319 1233 3559 1286 σχισμα-

1970 1300 2122 1362 τικδς
2150 1299 2324 1352 δοκῶν
2369 1303 2667 1372 καθολικῆς
2703 1304 3036 1374 Ἐκκλησίας
3061 1306 3406 1362 εὐθύνεσθαι.
3426 1307 3560 1361 Εἶτα

1971 1391 2086 1445 ἀλλ’
2113 1393 2234 1446 οὐδὲ
2259 1393 2490 1465 διαφορὰ
2517 1396 2592 1459 ὡς
2622 1399 2734 1449 ἐκεῖ
2755 1397 3044 1466 δογμάτων
3067 1399 3326 1461 ἐνταῦθα,
3363 1403 3478 1453 οὑδὲ
3505 1403 3560 1454 τί

1969 1502 2052 1546 τις
2083 1485 2195 1553 ἔχει
2223 1487 2506 1540 αἰτιᾶσθαι
2537 1487 2764 1549 δικαίως
2793 1489 2888 1543 τοῦ
2924 1489 3224 1559 σχίσματος
3247 1491 3450 1551 ἱκανὸν,
3479 1494 3560 1545 ὅτι

1971 1573 2198 1644 θάτερον
2235 1574 2366 1639 ἴσως
2410 1577 2577 1646 μέρος
2616 1580 2804 1646 φρονεί
2831 1581 2983 1648 παρὰ
3012 1580 3262 1648 θάτερον.
3296 1581 3410 1636 Καὶ
3451 1586 3561 1652 γέρ

1969 1669 2063 1722 καὶ
2095 1667 2154 1719 τὴ
2176 1668 2366 1720 δοκοῦν
2411 1671 2609 1732 ἐκεῖνο,
2641 1671 2700 1722 τὸ
2750 1670 2909 1738 χθιζά
2943 1689 3003 1724 τε
3040 1675 3136 1726 καὶ
3166 1673 3383 1744 πρῶϊ-’ἴα
3418 1692 3559 1743 πρα-

1967 1757 2122 1826 χθὲν,
2155 1757 2306 1811 οὔπω
2339 1758 2786 1829 καλῶς’,ριζωθὲν
2809 1763 3172 1830 ἁνέσπασται,
3199 1767 3322 1828 ταῖς
3356 1766 3560 1834 ἡμετέ-

1969 1865 2091 1916 ραις
2123 1850 2284 1912 εἴπω,
2317 1851 2414 1904 σὺν
2465 1851 2586 1923 Θεῷ
2637 1855 2938 1920 εἰρήσεται,
2989 1855 3344 1924 προθυμίαις.
3381 1857 3493 1911 Καὶ
3534 1859 3562 1911 ὁ

1968 1940 2182 2009 πράξας
2210 1933 2418 2006 ἐκεῖνα,
2445 1943 2546 1996 κᾶν
2601 1946 2780 2015 πατὴρ
2814 1943 2899 2017 ἦν,
2966 1948 3070 2000 κᾶν
3095 1949 3414 2020 εὖεργέτητ,
3445 1950 3554 2002 κᾶν

1967 2030 2076 2084 τῶν
2129 2031 2426 2100 φιλτάτων,
2465 2034 2569 2088 κᾶν
2601 2035 2628 2088 ὃ
2663 2039 2712 2088 τί
2752 2054 2836 2100 τις
2884 2037 3030 2092 εἴποι
3062 2041 3173 2094 εἴτε
3233 2042 3556 2107 συγγενείας

1967 2122 2066 2180 εἴτ’
2112 2125 2435 2194 εὐεργεσίας
2492 2129 2687 2197 δνομα,
2744 2130 3033 2201 οὐδεμιᾶς,
3066 2133 3192 2186 ὅσον
3222 2136 3284 2186 τὸ
3318 2136 3564 2204 ἐφ’ἡμῖν

1969 2212 2134 2284 εἶχεν.
2165 2217 2322 2282 ὁσίας
2359 2221 2602 2290 μνήμης,
2646 2223 2738 2274 καὶ
2765 2217 2832 2294 ἦς
2872 2223 2972 2282 καὶ⁹
3019 2225 3046 2277 ὁ
3076 2225 3256 2294 τυχὼν
3295 2227 3564 2294 Χριστια-

1967 2305 2060 2368 νὸς
2100 2308 2286 2377 ἔτυχε,
2319 2311 2782 2381 παραπήλαυσεν,
2819 2315 2964 2386 ἀνήρ
3011 2333 3070 2368 τε
3104 2317 3364 2399 καὶρναξ
3401 2318 3564 2386 φοϐε-

1971 2500 2092 2538 cum
2125 2483 2522 2554 responderent
2566 2484 2757 2538 eadem
2810 2500 2932 2555 quae
2996 2500 3143 2545 nunc
3200 2485 3560 2555 interroganti

1973 2579 2323 2640 mihi.etiam
2356 2577 2512 2631 illum
2567 2579 2938 2634 venerabilem
2995 2577 3235 2643 Patrem,
3285 2594 3562 2647 praeoccu-

1973 2671 2114 2739 patis
2159 2671 2356 2726 haeresi
2397 2669 2678 2728 Ecclesiis.
2713 2670 2832 2722 sine
2877 2670 2983 2722 ulla
3015 2671 3402 2724 communione
3431 2685 3556 2724 cum

1973 2777 2252 2838 quoquam
2281 2762 2538 2831 privatim
2572 2761 2898 2829 religionem
2924 2769 3073 2817 recte
3109 2762 3370 2826 coluisse,
3409 2765 3566 2818 testi-

1980 2851 2342 2921 moniumque
2379 2849 2668 2910 catholicae
2722 2850 2936 2908 veritati
2995 2852 3102 2905 vita
3165 2853 3282 2906 neci
3344 2853 3562 2916 objecta

1976 2940 2344 3010 perhibuisse.
2381 2940 2686 3020 Adversum
2715 2940 2857 2994 hanc
2889 2941 3266 3010 exceptionem
3323 2941 3558 3010 primum

1975 3037 2064 3090 aio
2091 3049 2440 3104 nequaquam
2500 3048 2622 3088 csse
2653 3047 2847 3086 verum
2893 3033 3039 3099 quod
3091 3033 3318 3100 ponitis,
3373 3047 3566 3088 omnes

1975 3123 2324 3181 tunchmrcsi
2356 3121 2525 3179 fniSSc
2555 3130 2994 3191 praeoccupatos.
3049 3118 3182 3178 Nam
3248 3119 3457 3188 primus
3511 3127 3566 3174 et

1973 3228 2101 3274 ante
2155 3231 2370 3276 crimes.
2451 3214 2610 3272 AZIizc
2676 3222 2903 3271 sanctus
2973 3221 3163 3280 pastor
3219 3211 3564 3278 Soplironius

1971 3325 2186 3366 summa
2205 3319 2254 3366 et
2284 3309 2502 3365 eunetis
2526 3308 2814 3363 manifesta
2843 3305 3198 3362 contentione
3218 3306 3562 3360 cons0rtium

1971 3402 2294 3460 certaminis
2335 3417 2460 3454 eum
2491 3409 2684 3454 sam-to
2735 3398 2973 3452 Maximo
3012 3396 3282 3464 suscepit.
3352 3396 3561 3450 Deinde

1971 3507 2105 3550 tunc
2135 3494 2313 3552 adhuc
2336 3493 2645 3546 orthodoxa
2683 3491 2807 3546 Iidci
2857 3489 3151 3546 sinceritas
3185 3489 3372 3542 Romae
3401 3487 3561 3541 flore-

1965 3585 2080 3648 bat,
2115 3601 2237 3640 cum
2299 3584 2540 3638 nondum
2583 3566 2781 3642 [uisset
2842 3581 2911 3634 ah
2942 3579 3189 3634 Ecclesia
3218 3579 3560 3649 deprehensa

1969 3677 2342 3743 damnataque
2383 3675 2532 3729 labes
2571 3673 2822 3728 llonorii.
2857 3672 3039 3744 Quare
3064 3687 3170 3726 non
3193 3672 3348 3728 solus
3373 3673 3562 3740 utique

1969 3769 2075 3823 sibi
2129 3778 2355 3827 sanctus
2429 3769 2517 3824 ille
2571 3767 2919 3844 Christiana;
2969 3765 3215 3820 veritatis
3273 3763 3562 3819 confessor

1967 3859 2183 3930 sapuit;
2229 3861 2322 3928 qui
2353 3875 2462 3914 suae
2495 3857 2796 3930 participes
2835 3851 3206 3915 confessionis
3249 3855 3558 3910 ltomanum

1967 3961 2023 4005 et
2060 3950 2624 4020 llierosulymitanum
2689 3947 2982 4009 antistites,
3033 3948 3212 4017 pa‘am
3261 3955 3559 4014 utrumque

1965 4043 2362 4108 orthodoxum,
2397 4057 2524 4098 vere
2558 4039 2736 4110 patuit
2763 4023 2954 4104 citare,
2987 4038 3182 4106 sicque
3233 4037 3557 4092 schismatis

1964 4146 2022 4192 et
2045 4135 2302 4207 privatae,
2378 4133 2485 4189 hoc
2539 4141 2624 4186 est
2662 4134 2929 4200 rcproliap,
3007 4127 3292 4198 religionis
3348 4127 3562 4196 (qualis

1962 4229 2146 4284 omnis
2169 4234 2253 4281 est
2285 4225 2572 4280 catholica:
2624 4239 2732 4278 non
2785 4222 3083 4291 conjuncta
3135 4219 3413 4284 Ecclesiae)
3445 4219 3556 4273 cri-

1967 4337 2094 4378 men
2126 4318 2342 4374 victrici
2386 4315 2710 4372 defensione
2743 4313 3025 4384 repellere.
3059 4311 3350 4374 Prattcrea.
3371 4311 3563 4378 qualis

1961 4413 2056 4470 illo
2109 4423 2357 4482 tempore
2407 4411 2549 4467 inter
2591 4406 2868 4465 Ecclesias
2904 4404 3152 4460 let-vehat
3204 4403 3556 4459 diversorum

254 4527 496 4584 corpore
527 4509 774 4580 possitis,
803 4507 1144 4575 omninoque
1181 4504 1344 4562 fateri
1383 4505 1643 4574 cogimini
1703 4506 1855 4562 solu-
1891 4513 1936 4568 Β
1965 4505 2248 4562 contentio
2279 4504 2614 4573 dogmatum,
2653 4501 2770 4555 haec
2804 4499 2968 4554 hodie
3009 4497 3158 4556 nulla
3207 4505 3324 4563 est;
3377 4510 3558 4564 neque

257 4620 346 4662 tos
370 4619 470 4662 vos
525 4618 670 4656 nexu
712 4599 1001 4654 catholicae
1059 4597 1320 4660 unitatis,
1382 4596 1530 4649 velut
1577 4595 1856 4654 abscissos

255 4709 418 4753 artus
449 4711 551 4751 nec
576 4696 688 4766 jam
718 4709 946 4748 succum
996 4699 1090 4748 aut
1119 4691 1372 4759 spiritum
1403 4705 1433 4744 e
1460 4690 1564 4746 vivi
1596 4705 1856 4760 compage

255 4787 516 4857 corporis
545 4787 858 4848 trahentes,
891 4783 1114 4837 vinculo
1138 4782 1361 4851 quippe,
1391 4797 1502 4850 quo
1525 4782 1573 4835 ei
1607 4783 1859 4836 commit-

255 4881 542 4938 tehautur,
587 4875 847 4937 tlitfracto
900 4873 1224 4938 cltaritatis,
1284 4857 1598 4941 exsangues
1647 4885 1700 4927 et
1741 4873 1853 4928 tabi

253 4971 474 5031 vicinos
506 4968 776 5029 diiiluere.
837 4965 1018 5034 Agite.
1077 4974 1322 5018 astamus
1382 4963 1558 5032 parati
1608 4964 1848 5023 audire:

255 5065 514 5132 proferre
545 5075 612 5116 ne
644 5059 847 5130 pigeat,
875 5058 916 5115 si
969 5057 1101 5126 quid
1149 5055 1369 5111 habetis
1402 5055 1467 5110 ad
1505 5071 1618 5109 rem
1641 5067 1850 5126 aptum.

253 5156 456 5211 Fuitne
487 5155 591 5212 hoc
619 5167 860 5221 unquam
911 5149 1201 5219 probatum
1254 5147 1308 5200 in
1370 5147 1616 5203 Ecclesia
1665 5163 1852 5204 exem-

254 5250 430 5318 plum,
471 5246 759 5304 hominum
791 5258 1095 5313 paucorum
1127 5256 1258 5296 suas
1315 5241 1420 5296 sibi
1485 5256 1573 5294 res
1597 5241 1846 5308 privatim

259 5340 607 5403 habentium,
655 5339 747 5405 qui
805 5353 929 5390 cum
965 5337 1254 5390 ostendere
1299 5333 1590 5402 nequirent
1619 5335 1709 5388 Cui
1747 5333 1849 5386 Ee-

255 5434 462 5496 clesiae,
491 5431 582 5485 cui
612 5429 832 5498 praesuli
870 5428 1372 5486 communicarent,
1421 5423 1728 5480 Christiani
1769 5434 1848 5479 ta-

260 5543 390 5582 men
424 5522 801 5590 catholicique
862 5518 1263 5576 censerentur?
1295 5519 1592 5582 Audacter.
1653 5517 1849 5586 adjuro

253 5637 376 5678 vos.
403 5619 575 5673 dicite
601 5615 1012 5672 :demonstrate
1034 5613 1177 5682 quod
1213 5621 1300 5672 est
1325 5627 1488 5678 opus,
1510 5611 1554 5664 si
1591 5610 1844 5681 potestis.

252 5714 419 5770 Forte
443 5725 704 5780 magnum
735 5718 786 5764 et
815 5705 980 5780 ωε
1006 5715 1260 5765 sanctum
1297 5712 1594 5774 martyrem
1646 5704 1846 5773 allega-

253 5807 384 5862 bitis
435 5799 999 5862 Maximumzaudire
1049 5797 1194 5857 enim
1247 5815 1278 5852 e
1322 5797 1522 5852 vestris
1599 5795 1842 5858 tuemini,

1967 4601 2112 4654 inter
2151 4596 2450 4669 partiarius
2493 4593 2792 4663 vigentium
2832 4599 3009 4646 nuuc‘
3040 4591 3184 4644 inter
3233 4605 3328 4644 nos
3363 4588 3558 4672 factio-

1966 4706 2096 4744 num
2152 4689 2370 4745 causari
2429 4687 2558 4757 quis
2611 4684 2910 4755 quidquam
2963 4681 3112 4754 justo
3152 4689 3355 4750 potest,
3407 4681 3563 4749 quod

1965 4783 2202 4840 sufficiat
2234 4781 2303 4836 ad
2334 4767 2700 4837 evincetidum
2750 4777 3050 4848 legitimam
3095 4775 3198 4831 sibi
3257 4789 3382 4830 esse
3417 4788 3554 4829 cau-

1966 4892 2082 4940 sam
2122 4873 2482 4940 ahscindcndi
2509 4888 2568 4928 se
2605 4887 2633 4926 a
2665 4870 3041 4942 parte.altera,
3071 4869 3212 4938 quod
3241 4867 3333 4924 illa
3360 4876 3558 4936 peccet

1965 4969 2020 5021 in
2051 4965 2395 5035 professione
2431 4963 2567 5017 recti
2625 4960 2922 5034 dogmatis.
2977 4957 3115 5012 Nam
3147 4957 3352 5011 crimen
3414 4955 3560 5012 illud

1966 5057 2084 5112 heri
2131 5067 2186 5110 et
2218 5036 2650 5117 nudiusmrtius,
2721 5052 2824 5107 hoc
2867 5060 2950 5104 est
2998 5059 3126 5104 ante
3171 5063 3348 5102 atinas
3403 5060 3562 5102 retro

1967 5163 2198 5219 paucos,
2231 5148 2450 5216 publice
2497 5150 2815 5212 susceptum
2843 5141 3101 5198 admissa:
3133 5139 3338 5202 Latina!
3397 5155 3555 5194 com.

1962 5237 2246 5296 munionis
2302 5234 2590 5309 agnitiquc
2681 5233 2925 5306 supremi
2981 5230 3336 5302 pontificatus
3401 5247 3549 5302 papa

1959 5328 2222 5396 Romani,
2260 5331 2406 5385 unde
2439 5328 2717 5398 plerisque
2761 5325 3138 5381 vcrisimiliter
3163 5323 3388 5392 impingi
3415 5321 3537 5376 con-

1959 5421 2082 5478 sciti
2114 5419 2319 5476 erroris
2345 5419 2558 5474 macula
2587 5426 2798 5488 posset.
2825 5424 3118 5486 purgatum
3140 5413 3542 5492 capiatumque

1960 5509 2178 5565 aliunde
2226 5525 2371 5564 nunc
2399 5515 2508 5572 est,
2537 5508 2737 5563 vestris
2759 5507 2926 5562 etiam
2959 5503 3200 5571 (fatebor
3227 5503 3399 5562 enim,
3434 5513 3540 5556 nec

1956 5619 2056 5658 vos
2085 5604 2268 5658 debita
2316 5603 2584 5661 fraudabo
2631 5602 2885 5676 portione
2915 5598 3142 5666 laudis),
3177 5595 3398 5658 vestris,
3450 5592 3533 5648 in-

1955 5713 2146 5769 quam,
2183 5701 2235 5751 in
2270 5697 2322 5750 id
2349 5705 2576 5754 strenue
2606 5693 3055 5766 conspirantibus
3113 5698 3168 5745 et
3194 5703 3304 5742 non
3338 5700 3537 5758 parum

1958 5787 2162 5844 utiliter
2223 5787 2614 5858 adjuvantibus
2671 5785 2893 5844 studiis.
2947 5780 3120 5837 Cuius
3190 5787 3379 5834 auctor
3425 5775 3542 5841 rei,
