4024 6406
393 339 494 407 511

1573 345 1899 405 GEORGII
1938 346 2427 406 PACIIYMERzE

3558 340 3663 405 519

390 458 483 527 ρδς
510 456 607 527 μὲν
628 455 864 527 ἐχθροῖς,
897 456 1067 508 πολλὰ
1091 455 1135 508 δ’
1167 456 1306 523 ὑπὲρ
1339 454 1601 524 ὑπηκόων
1637 456 1880 525 πονήσας
1908 472 1965 507 τε
1997 454 2046 512 Α
2072 458 2269 524 ἐκείνῳ
2309 457 2485 509 δεινὸν
2539 456 2767 509 τοιαῦτα
2833 456 2929 509 καὶ
2957 455 3100 509 οὑτω
3154 453 3471 525 πράττοντι.
3515 448 3659 507 Ἀλλ’

388 550 485 603 καὶ⁵
505 548 721 615 παθὼν,
745 550 843 603 καὶ
869 549 1237 619 διαφερόντως
1262 550 1383 618 ἐμοὶ
1401 552 1538 612 τὲως
1570 545 1718 612 ἄξιος
1746 551 1801 610 ἐς
1825 548 1969 601 ἅπαν

382 639 623 706 εὐνοίας,
678 642 801 692 ὅσον
835 640 931 693 καὶ
962 638 1157 691 ἑαυτοῦ
1219 638 1480 701 ποῖλὰκις
1525 640 1616 690 καὶ
1652 641 1709 701 ἐς
1740 638 1972 700 πολλοὺς

388 728 564 795 λέγων
593 728 874 798 προὺτὶμα
907 729 1002 782 καὶ
1036 729 1135 795 τὴν
1166 729 1305 781 κατά
1333 727 1624 797 σύγκρισιν
1645 721 1818 799 ἧτταν
1841 727 1974 794 ὁμο-

389 822 563 888 λογῶν
597 824 696 874 οὐκ
727 820 1017 891 ᾐσχύνετο.
1083 821 1224 871 Ἀλλ’
1280 821 1434 898 ὅμως
1491 820 1637 872 τοῦτ’
1702 819 1849 883 ἔδοξε
1879 820 1973 871 καὶ

391 918 550 971 τοῦτο
599 906 814 983 γεγόνει
840 932 855 948 ⁶
907 917 1053 982 δεινὴ
1105 919 1214 986 γὰρ
1264 918 1297 987 ή
1334 916 1523 986 ἐντολὴ
1564 917 1720 985 καὶὴ
1767 916 1861 968 τοῦ
1899 916 1974 985 μὴ

392 1010 541 1073 ἄξιον
579 1003 716 1060 εἷναί
760 1025 819 1060 τε
857 1009 951 1059 καὶ
1008 1007 1322 1073 λογίζεσθαι
1369 1006 1609 1076 Χριστοῦ
1652 1007 1848 1076 ἀπειλὴ
1883 1007 1975 1059 τὸν

391 1104 569 1168 γονεῖς
616 1100 756 1167 ὑπὲρ
810 1098 973 1151 αὑτὸν
1009 1100 1393 1168 ἀγαπήσαντα.
1442 1098 1527 1164 [Ρ.
1569 1097 1697 1168 523]
1744 1097 1883 1151 Ἀλλ’
1939 1100 1971 1169 ἡ

396 1194 601 1261 μήτηρ,
634 1195 723 1243 καὶ
750 1193 801 1244 τί
841 1209 903 1259 γε
926 1192 1071 1244 εἴποι
1096 1208 1180 1253 τις
1204 1191 1331 1243 ἄλλο
1359 1191 1389 1258 ἥ
1424 1192 1642 1259 μήτηρς
1674 1189 1767 1243 καὶ
1795 1191 1976 1258 μήτηρ

391 1285 618 1353 τοιαύτη
654 1284 745 1335 καὶ
773 1283 946 1345 οὑτως
976 1284 1111 1353 προς
1145 1285 1291 1351 ἡμᾶς
1321 1283 1537 1351 ἔχουσα,
1561 1284 1675 1336 ἀλλ’
1706 1282 1815 1336 οὐδ’
1837 1284 1974 1353 αὐτή

393 1394 455 1441 γε
491 1378 624 1447 πρὶν
671 1380 768 1446 τῆς
824 1377 945 1445 μεθ’
973 1376 1138 1445 ήμῶν
1193 1376 1479 1444 βασιλικῆς
1508 1377 1734 1446 μνήμης
1770 1375 1853 1427 ἐπ’
1887 1377 1979 1427 ὲκ-

394 1471 624 1540 κὶήσὲας
655 1470 834 1538 ἔτυχε,
888 1471 1019 1536 πρὶν
1068 1470 1363 1537 γράμμασι
1408 1470 1502 1521 καὶ
1535 1468 1864 1538 ἀσφαλείαις
1897 1470 1979 1521 0i—

395 1563 719 1632 κειοχείροις
752 1564 849 1629 τὴν
893 1561 1003 1613 τῶν
1035 1566 1162 1630 πρὶν
1214 1560 1590 1631 πραχθέντων,
1623 1560 1762 1614 εἴπω
1796 1562 1852 1615 δὲ
1884 1562 1979 1614 καὶ¹

395 1656 492 1723 τὴν
520 1656 611 1708 τοῦ
661 1656 875 1724 ἀνδρδς,
913 1655 1171 1725 ἀθέτησιν
1231 1654 1575 1724 ὲμπεδῶσαι.
1618 1655 1836 1723 Ἐξήκοι
1874 1655 1919 1707 δ’
1951 1654 1980 1705 ὁ

2070 548 2219 617 ὅμως
2271 550 2392 601 ἐπεὶ
2448 547 2651 616 μεταξὺ
2682 548 3023 614 τελουμένων
3073 545 3300 599 ἐκείνων
3353 546 3535 614 ἐκείνη
3572 546 3663 596 τὲ.-

2071 640 2261 709 θνηκε,
2295 640 2388 691 καὶ
2418 638 2574 691 οΰπω
2603 637 2823 706 τρόποις
2872 638 3166 704 μετανοίας
3214 636 3274 689 τὸ
3313 638 3411 704 τῆς
3470 653 3665 688 κοινω-

2071 732 2188 793 νξας
2218 731 2550 799 ἐκαθήρατο,
2582 729 2658 785 ὡς
2691 729 2826 796 μηδὲ
2852 729 2948 796 τῆς
2976 728 3129 790 ὁσίας
3174 726 3411 796 τυχοῦσα
3446 729 3543 780 καὶ
3585 721 3663 778 ὧν

2073 823 2178 876 ἔδει
2209 824 2354 885 τότε,
2393 821 2499 875 τῶν
2549 822 2605 884 ἐς
2640 825 2815 874 νέωτα
2851 819 3216 888 μνημοσύνων
3270 819 3363 871 ἐπὶ
3392 822 3494 885 τῆς
3524 818 3664 887 ἐμῆς

2073 914 2375 984 αὑταρχίας
2404 913 2663 983 ἀπέτυχε,
2694 912 2790 964 καὶ
2812 914 2839 964 ὁ
2858 913 2942 963 ἐπ’
2978 911 3306 979 Ἑκκλησίας
3333 912 3499 978 τόμος
3529 913 3556 963 ὁ
3584 912 3667 973 εἰς

2074 1004 2348 1074 εὐφημίαν
2400 1003 2510 1057 τῶν
2558 1003 2860 1072 ὀρθοδόξως
2907 1002 3226 1072 βιωσάντων
3279 1003 3375 1054 καὶ
3437 1003 3667 1070 μνήμην

2074 1095 2229 1149 ὁσίαν
2264 1097 2387 1149 κατ’
2441 1095 2560 1158 ἔτος
2616 1094 2703 1147 ἐπ’
2751 1093 3077 1164 ὁκρίόαντος
3146 1095 3668 1161 ἀναγινωσκόμενος

2075 1187 2250 1243 ἄλλων
2292 1187 2388 1254 μὲν
2446 1186 2746 1238 δεσποινῶν
2802 1188 3048 1255 ὀνόματα
3103 1188 3283 1257 φέρει,
3318 1188 3414 1240 καὶ
3445 1188 3554 1238 τῶν
3592 1189 3667 1259 μὴ

2077 1284 2199 1338 κατ’
2234 1285 2453 1353 ἐκείνην
2511 1282 2642 1345 ῐσως
2694 1284 2793 1341 τὰς
2826 1284 3049 1351 ἀρετὰς,
3106 1284 3276 1353 αὑτὴν
3308 1284 3363 1335 δὲ
3402 1284 3573 1351 μόνην
3611 1285 3670 1347 ἐς

2079 1375 2225 1429 ἅπαν
2252 1375 2511 1444 ἠγνόησε,
2538 1374 2739 1438 ζῶντος
2772 1372 2908 1443 ἐμοῦ
2933 1374 3029 1426 καὶ
3055 1374 3228 1427 ταῦτα
3259 1375 3355 1426 καὶ
3384 1374 3666 1444 ἄρχοντος,

2069 1465 2217 1536 ἥλιε.
2254 1466 2401 1536 Πλὴν
2453 1468 2501 1519 εἰ
2548 1464 2652 1537 χρὴ
2709 1466 2891 1533 λέγειν
2929 1465 3189 1534 τάληθὲς,
3226 1466 3351 1535 ἐμοὶ
3387 1465 3671 1520 καὶτοῦτο

2079 1558 2144 1609 ὲκ
2168 1556 2491 1625 περιουσίας
2531 1557 2871 1626 πέπρακται,
2926 1556 3022 1608 καὶ
3055 1554 3210 1608 οὔπω
3258 1573 3342 1609 τις
3368 1552 3479 1618 οἷος
3510 1550 3669 1619 οὗτος

2082 1646 2407 1717 ὑπομνήσας
2437 1646 2665 1713 ἔφθασε,
2699 1647 2795 1698 καὶ
2817 1646 2879 1698 τὸ
2908 1644 3116 1713 ταύτης
3152 1649 3503 1714 μνημόσυνον
3533 1647 3670 1699 ἀπε-

394 1745 550 1811 λᾶγος
580 1747 673 1798 καὶ
710 1750 788 1809 εἰς
815 1747 914 1815 τὴν
944 1747 1083 1816 ἐμὴν
1126 1749 1399 1813 προτέραν
1448 1748 1704 1816 σύζυγον,
1733 1747 1855 1816 ήτις
1887 1748 1979 1798 ἐπὶ
2012 1774 2053 1828 Β
2081 1738 2333 1793 κόπτετο.
2373 1736 2559 1799 Οὕτως
2593 1735 2704 1804 ἐγὼ
2752 1737 2885 1806 περὶ
2924 1737 3116 1791 ταῦτα.
3156 1737 3266 1789 Καὶ
3305 1738 3463 1806 ὑμεῖς
3508 1737 3670 1790 ταῦθ’

393 1837 647 1890 τοσοῦτον
669 1841 783 1899 τοῖς
816 1838 935 1890 τότε
970 1839 1367 1909 πραττομένοις
1396 1838 1677 1907 ἀπήχθετο
1718 1837 1855 1891 ὥστε
1886 1838 1981 1889 καὶ

394 1931 474 1996 τῷ
515 1930 955 2000 πρωτοσεϐαστῷ
1010 1932 1131 1984 τότε
1172 1931 1464 1997 Νοστόγγῳ
1499 1930 1719 2000 θερμῶς
1774 1930 1985 1991 ἐπαρᾶ-

399 2021 524 2073 σθαι
554 2022 676 2074 κατ⁶
710 2022 978 2090 ἀνατολὴν
1009 2022 1120 2074 τῶν
1144 2022 1503 2091 πραχθέντων
1530 2022 1691 2091 χάριν
1713 2022 1840 2083 τοὺς
1868 2038 1983 2090 σχι-

398 2111 661 2179 ζομένους
690 2111 759 2164 τὰ
793 2112 1054 2166 πάνδεινα
1079 2112 1297 2179 δρῶντι,
1338 2113 1435 2165 καὶ
1462 2112 1692 2182 ἕρμαιον
1725 2112 1982 2181 ἡγεῖσθαι

399 2204 493 2257 καὶ
552 2204 687 2274 πρὸς
720 2204 891 2273 αὑτῆς
935 2205 963 2257 ὃ
1018 2222 1072 2257 τι
1126 2204 1413 2274 συμϐαίνοι
1474 2206 1611 2276 παρ’
1668 2203 1982 2257 οὑτινοσοῦν

401 2402 717 2456 quanquam
751 2396 868 2440 erat
900 2403 1054 2442 meus
1092 2396 1284 2442 natura
1314 2399 1490 2458 pater,
1536 2389 1734 2443 affectu
1766 2387 1983 2443 collatis

403 2489 606 2533 testato
633 2478 794 2533 donis
818 2480 886 2533 de
922 2495 1006 2532 me
1030 2482 1235 2548 optime
1262 2482 1519 2544 meritus,
1550 2481 1683 2534 mihi
1720 2480 1985 2533 charissi-

404 2586 527 2623 mus
560 2581 613 2625 et
645 2581 750 2623 tam
777 2570 914 2625 artis
956 2585 1116 2640 quam
1167 2572 1294 2638 quis
1323 2573 1496 2640 possit
1534 2574 1719 2625 dicere
1754 2572 1836 2624 vel
1891 2585 1984 2624 ne-

403 2659 757 2714 cessitudinis
785 2674 811 2712 a
846 2660 1333 2729 consanguinitate
1366 2660 1547 2715 ducta:
1573 2662 1651 2714 vel
1688 2661 1984 2730 gratitudi-

403 2751 488 2804 nis
515 2751 586 2804 ob
620 2750 905 2813 beneficia,
943 2766 1027 2805 me
1059 2752 1161 2805 sibi
1194 2750 1359 2823 466
1395 2752 1719 2807 obstrictum
1754 2753 1986 2807 vinculis

404 2844 653 2907 trahens,
694 2853 1194 2911 lamen,quantum
1252 2844 1306 2896 in
1373 2860 1458 2899 me
1516 2844 1639 2906 fuit,
1703 2844 1851 2898 omni
1903 2851 1987 2897 est

403 2934 654 3000 privatus
686 2934 894 2986 honore
934 2933 1235 2996 memoriae,
1272 2949 1336 2987 ac
1388 2949 1455 2987 ne
1486 2936 1574 2987 illa
1610 2935 1828 3003 quidem
1865 2950 1988 3005 qua:

404 3023 540 3076 nulli
564 3031 794 3091 negatur
811 3038 841 3077 e
861 3024 1014 3092 plebe
1030 3022 1361 3086 Christiana,
1386 3025 1683 3093 sepultura:
1700 3027 1869 3094 gratia
1904 3025 1985 3077 di-

2081 1827 2337 1897 ὁρῶντες,
2379 1828 2532 1880 πόλλ’
2584 1828 2720 1881 ἄττα
2771 1828 2958 1896 κύκλῳ
2997 1828 3451 1899 περιϐαλλόμενοι
3493 1829 3587 1881 καὶ
3613 1830 3671 1890 ἐς

2080 1917 2199 1971 τόδε
2229 1919 2504 1988 σχίζεσθε,
2542 1919 2845 1988 ἀφορισμδν
2875 1919 2969 1972 τοῦ
3004 1920 3351 1990 πατριάρχου
3383 1920 3670 1990 Ἀρσενίου

2082 2011 2227 2063 κατὰ
2259 2010 2350 2062 τοῦ
2378 2009 2496 2078 μετ’
2529 2010 2692 2062 αὑτὸν
2723 2013 3273 2082 ποιμεναρχήσαντος
3307 2012 3510 2081 Ἰωσὴφ
3537 2029 3675 2079 προς-

2082 2100 2367 2162 6ἀλλεσθε,
2396 2103 2489 2153 καὶ
2532 2101 2797 2171 διαθήκας
2841 2103 3053 2154 ἐκείνου
3103 2103 3444 2172 προτείνετε,
3477 2105 3574 2155 καὶ
3610 2104 3674 2155 τὺ

2081 2189 2271 2243 δοκοῦν
2292 2192 2372 2253 εἰς
2400 2191 2636 2260 ὑποψίαν
2663 2192 2881 2247 δικαίαν
2902 2192 2997 2246 τοῦ
3022 2193 3096 2256 ὡς
3127 2193 3289 2264 δῆθεν
3322 2193 3669 2265 πλάσματος,

2086 2376 2480 2445 imputaturam
2522 2375 2766 2445 proprio,
2827 2375 3096 2445 quidquid
3130 2376 3260 2430 huic
3320 2377 3507 2431 talium
3566 2377 3674 2431 mi-

2086 2464 2611 2534 nistroinjuriarum
2649 2465 2774 2519 mali
2803 2480 2868 2519 ac
2894 2466 3065 2521 cladis
3102 2480 3131 2518 a
3173 2480 3451 2535 quoquam
3475 2466 3674 2521 inferri

2087 2555 2451 2624 contingeret,
2483 2562 2665 2609 tamen
2697 2556 2745 2609 ei
2786 2557 3047 2626 quoniam
3079 2557 3222 2610 diem
3252 2558 3476 2611 obeunti
3509 2573 3675 2611 suum

2087 2648 2330 2709 interim,
2362 2646 2492 2699 dum
2526 2647 2617 2699 illa
2645 2658 2993 2715 gererentur,
3027 2648 3192 2721 467
3221 2654 3397 2703 otium
3448 2657 3545 2702 aut
3595 2648 3680 2703 fa-

2089 2740 2266 2794 cultas
2301 2738 2717 2794 defuiteluendi
2754 2748 2881 2795 ante
2920 2742 3130 2794 obitum
3179 2741 3436 2812 legitimae
3485 2741 3681 2811 piacu-

2088 2832 2157 2886 lis
2189 2832 2521 2901 pmnitentia:
2565 2832 2838 2885 maculam
2865 2832 3070 2888 Latina;
3095 2834 3522 2898 communionis,
3580 2848 3708 2888 ne-'

2088 2935 2213 2996 gata
2244 2926 2472 2979 omnino
2497 2933 2581 2979 est
2612 2939 2639 2977 a
2674 2940 2761 2978 me
2795 2926 3071 2994 posterius
3134 2926 3353 2995 imperii
3422 2935 3680 2995 compote

2090 3034 2150 3072 ea
2179 3034 2306 3087 pars
2341 3017 2743 3086 ersequialium
2780 3018 3049 3091 bonorum
3088 3032 3209 3087 qua:
3243 3018 3412 3072 dilata
3465 3017 3678 3072 recenti

405 3120 624 3182 gnatus.
686 3110 783 3165 Vir
811 3113 939 3167 licet
970 3130 1244 3179 summus,
1280 3124 1335 3169 et
1372 3116 1671 3184 imperator
1704 3117 1985 3172 laboribus
2011 3108 2054 3166 C
2095 3110 2290 3165 funere
2321 3110 2386 3164 ad
2416 3122 2634 3180 tempus
2675 3110 2808 3165 illud
2849 3111 3180 3180 pertinebat.
3245 3110 3381 3182 Ego,
3426 3112 3678 3182 inquam,

404 3204 720 3265 exantlatis,
748 3204 1009 3257 arrunmis
1045 3205 1292 3262 toleratis
1335 3222 1435 3275 pro
1472 3207 1756 3276 republica
1789 3208 1986 3277 ingen-

404 3296 556 3352 tibus
582 3296 1185 3363 connnendatissimus,
1242 3300 1335 3367 qui
1373 3299 1582 3351 nullum
1612 3300 1664 3353 in
1697 3315 1784 3355 me
1820 3302 1987 3354 bene-

403 3389 657 3442 volentiae
690 3388 850 3457 plane
883 3388 1179 3459 singularis
1229 3392 1509 3447 omisisset
1566 3391 1825 3456 cilicium,
1880 3392 1987 3447 mei

404 3478 607 3531 nullam
635 3478 925 3548 insigniter
948 3480 1181 3532 ornandi
1214 3481 1562 3536 occasionem
1598 3482 1981 3551 praeteriisset,

406 3585 473 3624 eo
504 3569 725 3639 quidem
763 3585 957 3638 usque,
988 3578 1049 3625 ut
1080 3587 1222 3641 saepe
1242 3587 1429 3626 coram
1463 3572 1651 3628 multis
1702 3575 1988 3629 disserens

411 3676 500 3714 me
556 3662 660 3716 sibi
694 3662 999 3730 praetulerit
1045 3671 1100 3716 et
1149 3664 1203 3716 in
1265 3666 1681 3733 comparatione
1738 3677 1988 3720 nostrum

409 3750 698 3805 amborum
729 3765 788 3804 se
812 3751 944 3804 mihi
981 3767 1104 3806 esse
1130 3752 1449 3808 inferiorem
1480 3754 1638 3808 fateri
1700 3770 1808 3809 non
1863 3770 1990 3809 eru-

410 3845 611 3900 buerit.
649 3842 854 3899 Tamen
882 3843 949 3899 de
975 3845 1070 3898 illo
1093 3846 1166 3899 ita
1204 3846 1448 3913 decrevi,
1477 3856 1532 3902 et
1564 3847 1709 3916 quod
1736 3847 1991 3903 decreve-

409 3951 526 3991 ram
560 3937 740 4006 reipsa
766 3938 1016 4006 praestiti,
1044 3940 1154 3991 vim
1186 3940 1407 3993 scilicet
1437 3950 1650 3994 natura
1678 3955 1744 3994 ac
1790 3940 1992 3994 volun-

411 4028 511 4083 tati
540 4044 674 4083 meze
703 4028 937 4084 faciente
975 4029 1391 4085 ineluctabilem
1429 4030 1518 4087 illa
1549 4030 1751 4086 Christi
1778 4033 1996 4085 denun-

411 4121 640 4175 tiatione
675 4122 1050 4184 severissima,
1088 4123 1344 4191 negantis
1381 4123 1610 4191 dignum
1660 4124 1781 4190 ipso
1834 4138 1993 4191 repu-

410 4207 636 4261 tandum
670 4208 761 4276 qui
796 4221 1056 4278 parentes
1119 4212 1244 4280 plus
1276 4226 1437 4280 quam
1480 4212 1658 4281 ipsum
1694 4213 1984 4267 amaverit.

412 4299 517 4355 Sed
551 4310 601 4354 et
633 4311 831 4365 mater,
875 4304 1035 4372 cujus
1103 4304 1343 4358 nominis
1399 4304 1593 4359 aﬂ'ectu
1637 4306 1768 4375 quid
1831 4304 1994 4359 fando

413 4393 710 4446 memorari
781 4396 1027 4449 tenerius
1082 4397 1288 4463 queat?
1346 4407 1539 4463 mater,
1592 4398 1703 4464 aio,
1746 4414 1886 4460 mea,
1941 4406 1997 4452 et

414 4492 592 4538 mater
626 4485 775 4548 talis,
802 4497 909 4540 tam
968 4486 1322 4557 indulgenter
1356 4503 1419 4543 ac
1477 4490 1740 4545 benevole
1804 4490 1997 4544 aﬂ'ecta
2029 4468 2074 4523 θ

414 4574 470 4629 in
505 4591 632 4630 me:
666 4576 761 4630 sed
798 4592 918 4641 nec,
947 4578 1199 4647 inquam,
1237 4579 1352 4649 ipsa
1393 4589 1583 4637 nostra
1622 4582 1882 4651 genitrix,
1932 4597 1997 4636 ex

414 4683 527 4736 quo
594 4669 810 4738 imperii
865 4671 1070 4727 liberas
1127 4673 1374 4729 habenas
1421 4685 1659 4729 tractare
1706 4677 1996 4743 empimus,

413 4756 675 4822 Augusta:
706 4757 951 4811 debitum
1006 4760 1059 4812 in
1089 4761 1352 4815 ‘Ecclesia
1413 4765 1675 4832 consequi
1738 4767 1999 4818 honorem

414 4847 568 4917 prius
607 4850 784 4915 patuit
821 4865 983 4915 quam
1014 4851 1214 4907 litteris
1260 4863 1316 4907 et
1349 4854 1717 4923 chirographo
1772 4858 2001 4926 proprio

413 4940 595 5008 palam
660 4950 962 4997 teSIaretur
1014 4944 1436 5000 detestationem
1519 4956 1898 5002 anteactorum
1951 4961 2003 5003 et

319 5104 325 5109 θ
414 5030 620 5099 proprii
664 5033 1190 5089 condemnationem
1239 5038 1487 5091 sanciret
1548 5038 1673 5094 viri.
1737 5037 2005 5093 Procedat

415 5122 596 5175 oratio
626 5131 680 5176 et
711 5124 778 5177 ad
818 5127 1056 5194 priorem
1111 5143 1285 5183 meam
1333 5129 1648 5200 eonjugem,
1718 5146 1841 5201 quaa
1878 5132 2006 5185 licet

415 5223 526 5267 tam
568 5230 629 5270 se
663 5229 909 5270 aversam
935 5219 1274 5275 ostendisset
1314 5222 1383 5275 ab
1436 5222 1504 5275 iis
1558 5237 1681 5291 qua
1735 5222 1789 5275 in
1836 5236 2005 5276 causa

414 5304 820 5360 conciliationis
872 5306 1242 5362 Ecclesiarum
1282 5325 1349 5365 eo
1379 5319 1630 5381 tempore
1681 5312 2003 5382 agebantur,

415 5404 474 5449 ut
509 5397 897 5464 protosebasto
930 5398 1239 5469 Nostongo,
1290 5401 1341 5455 ei
1374 5402 1714 5458 obsistentes
1776 5382 2005 5457 novitati

419 5497 684 5557 tanquam
721 5491 1113 5545 schismaticos
1142 5493 1325 5562 ptenis
1352 5492 1613 5563 aﬂligenti
1660 5496 2008 5565 gravissimis

416 5595 512 5647 per
550 5590 760 5635 tractus
786 5582 1120 5651 Orientales,
1158 5583 1277 5654 ipsa
1315 5586 1606 5656 indignans
1655 5586 2011 5641 malediceret

418 5672 715 5742 palamque
748 5689 1053 5731 exsecraris
1082 5676 1236 5731 diras
1268 5678 1692 5746 imprecaretur,
1755 5692 1858 5733 nec
1906 5678 2009 5731 du-

418 5763 506 5817 bie
541 5779 652 5833 prae
671 5781 730 5822 se
765 5767 931 5822 ferret
951 5768 1324 5836 gratissimum
1353 5768 1664 5825 habituram
1691 5769 2005 5840 fruetnique

2097 3205 2187 3259 ubi
2220 3204 2369 3259 solus
2399 3203 2563 3259 rebus
2598 3202 2812 3273 prmfui,
2873 3204 3033 3273 longe
3060 3203 3427 3258 charissima:
3480 3204 3678 3258 uxoris

2096 3297 2296 3351 acerbo
2327 3306 2498 3365 rapt'e
2527 3311 2679 3359 casn,
2715 3294 2942 3363 quicum
3006 3295 3359 3349 c0ncorditer
3409 3295 3679 3361 vixeram,

2096 3390 2332 3442 multare
2368 3387 2686 3441 memoriam
2718 3386 2960 3441 sustinui
3012 3388 3225 3456 reliquo
3263 3387 3451 3443 debito
3482 3403 3682 3459 paren-

2096 3481 2284 3534 talium
2310 3478 2754 3549 imperatricibns
2784 3477 2995 3533 exsolvi
3024 3478 3337 3535 solitorum.
3364 3478 3476 3550 Ego
3501 3496 3681 3535 meam

2095 3572 2419 3642 Angustam,
2479 3578 2741 3638 tanquam
2788 3584 2860 3624 ne
2916 3585 3088 3624 sacrae
3147 3572 3366 3639 quidem
3422 3584 3684 3629 contactu

2100 3673 2260 3717 terra:
2294 3672 2390 3715 aut
2420 3661 2799 3716 ecclesiastica
2845 3661 3067 3730 dignata
3134 3655 3332 3718 fuisSet
3370 3666 3679 3733 sepultura,

2098 3755 2253 3827 quasi
2297 3768 2394 3824 pro
2427 3753 2898 3808 exeommunicata
2944 3768 3143 3822 passus
3191 3770 3315 3809 sum
3351 3756 3561 3810 haberi.
3595 3757 3683 3812 Me

2098 3850 2335 3911 sinente,
2369 3847 2415 3902 si
2445 3861 2554 3900 non
2584 3845 2751 3900 etiam
2782 3846 3037 3914 jubente,
3069 3847 3285 3901 sublata
3313 3847 3435 3916 ejus
3468 3850 3683 3904 mentio

2099 3949 2241 3995 este
2284 3948 2436 4009 _lOttl0
2468 3938 2521 3992 in
2564 3936 2798 3992 ecclesia
2834 3948 3073 4003 servato,
3127 3939 3274 3994 unde
3302 3939 3680 4009 Augustarum

2101 4031 2156 4085 in
2204 4029 2516 4083 orthodoxa
2561 4027 2828 4097 religione
2868 4027 3256 4083 defunctarum
3299 4031 3519 4086 recitari
3582 4048 3686 4102 pu-

2102 4122 2243 4176 blice
2268 4122 2335 4176 de
2356 4134 2519 4174 sacro
2546 4120 2759 4189 pulpito
2792 4127 2851 4172 et
2911 4120 3291 4175 anniversaria
3344 4136 3690 4178 commemo-

2103 4213 2320 4267 ratione
2340 4228 2464 4267 cum
2498 4211 2658 4283 laude
2685 4212 2972 4281 praedicari
3003 4212 3226 4265 nomina
3252 4224 3682 4269 consuercrunt.

2104 4307 2297 4377 Itaque
2336 4306 2475 4361 alias
2506 4322 2572 4359 ex
2647 4305 2756 4360 isto
2802 4305 2995 4360 codice
3037 4305 3312 4371 dominas,
3375 4307 3517 4362 forte
3556 4309 3687 4365 huic

2104 4398 2353 4469 impares
2410 4415 2513 4454 nec
2570 4398 2978 4468 comparandas
3040 4398 3331 4467 splendore
3394 4402 3684 4468 virtutum,

2103 4490 2231 4544 inde
2260 4490 2516 4544 audimus
2545 4489 2777 4545 solemni
2805 4491 3276 4558 pronuntiationis
3326 4493 3685 4547 commenda-

2103 4584 2249 4637 tione
2274 4583 2568 4646 celebrari,
2606 4597 2768 4636 unam
2819 4596 2884 4635 ex
2917 4583 3175 4638 omnibus
3238 4584 3449 4636 Annam
3505 4599 3686 4638 meam

2103 4675 2485 4731 suavissimam
2513 4675 3048 4744 conjugem,vivente
3076 4683 3243 4743 atque
3266 4675 3403 4730 adeo
3422 4689 3691 4745 regnante

2103 4783 2216 4826 me,
2244 4775 2405 4835 teque
2434 4766 2631 4819 horum
2687 4774 2845 4828 teste,
2880 4781 3093 4819 summe
3119 4766 3338 4831 so|,'ille
3374 4765 3691 4834 liberigno-

2106 4868 2209 4915 rat.
2236 4859 2414 4928 Atque
2449 4859 2503 4911 in
2540 4858 2667 4916 hoc.
2702 4858 2748 4911 si
2788 4856 2943 4910 fateri
3005 4865 3242 4926 oportet,
3314 4857 3548 4911 ulterius
3602 4872 3692 4911 tne

2105 4966 2460 5022 progressum
2500 4952 2679 5005 sentio
2707 4954 2873 5019 q‘tiam
2902 4959 3099 5003 exacta
3132 4950 3290 5003 cilicii
3315 4950 3457 5003 ratio
3490 4963 3691 5018 posce-

2106 5041 2216 5094 bat.
2240 5038 2515 5110 Rigidior,
2550 5041 2801 5106 inquam,
2831 5036 2987 5104 justo
3045 5034 3148 5099 fui,
3197 5036 3562 5105 exemplaque
3594 5049 3693 5089 su-

2107 5131 2295 5200 peravi
2338 5129 2422 5182 vel
2454 5140 2868 5195 supervacanee
2907 5124 3274 5179 sollicitarum
3328 5124 3381 5177 in
3437 5126 3544 5179 isto
3590 5138 3691 5193 ge-

2109 5237 2260 5288 nere,
2313 5220 2614 5290 praesertim
2649 5220 2740 5287 qui
2798 5226 3008 5270 tantam
3071 5215 3124 5269 in
3161 5224 3270 5269 tam
3343 5214 3690 5270 venerandos

2110 5329 2300 5369 manes
2332 5313 2476 5365 ultro
2508 5310 2772 5365 duritiem
2808 5307 3203 5371 consciverim,
3239 5306 3462 5362 nemine
3493 5310 3693 5377 praeci-

2109 5404 2310 5474 piente.
2347 5402 2482 5467 Quis
2506 5403 2652 5455 enim
2689 5414 2797 5453 tam
2835 5399 3174 5452 inhumanus
3234 5399 3369 5451 mihi
3427 5400 3692 5468 prescri-

2112 5496 2239 5549 bere
2276 5494 2503 5547 auderet
2528 5492 2743 5545 facinus
2778 5499 2887 5543 tam
2934 5489 3227 5544 adversum
3297 5491 3536 5557 naturali
3587 5490 3691 5544 do-

2112 5585 2463 5653 mesticaeque
2523 5580 2756 5651 pietati?
2802 5580 2918 5634 Mea
2973 5578 3144 5648 igitur
3180 5578 3351 5634 libera
3408 5580 3692 5647 nullisque

2113 5675 2561 5747 suggestionibus
2594 5673 2660 5728 ad
2704 5674 2756 5727 id
2776 5673 3038 5727 inclinata
3071 5671 3382 5740 voluntate,
3418 5673 3685 5727 memoria

2115 5767 2388 5823 defunctae
2415 5780 2548 5820 mea:
2580 5764 2834 5834 conjugis
2865 5779 2930 5819 ex
2966 5763 3365 5820 ecclesiasticis
3396 5762 3499 5816 fuit
3531 5762 3692 5817 tabu-
