4024 6416
326 369 432 432 513

1260 377 1360 435 ΠΕ
1401 371 1852 435 ΑΝΒΠΟΝΙΕΟ
1888 371 2363 433 PAL/EOLOGO
2403 371 2550 431 LiB.
2599 369 2674 432 VI

3483 371 3588 436 514

317 485 392 545 ὡς
429 483 493 534 ἒιν
517 482 733 551 φρονῶν
783 483 996 555 οἰηθείη
1030 503 1133 550 τις,
1169 487 1268 558 τὴν
1320 489 1422 557 τῆς
1447 487 1782 556 -ὐπογραφῆς
1815 468 1909 554 δη-
1937 504 1979 548 Α
2011 483 2278 554 λήματος,
2303 483 2420 551 ἅμα
2446 483 2491 535 δ’
2514 453 2680 547 θιξιῶν
2707 481 2798 534 καὶ
2823 480 2912 534 τὸν
2947 482 3160 552 πατέρα
3182 482 3280 551 τὴν
3308 482 3589 552 βασιλείαν

316 577 450 646 λαδὴ
489 575 897 647 παραχάραξιν,
927 581 1008 642 εἰς
1046 579 1140 632 τὸν
1169 580 1262 632 τοῦ
1295 581 1705 650 ὑπογράφοντας
1734 580 1892 632 πόνον

313 669 580 721 δακτύλου
615 669 865 738 (ἠσθένει
889 668 996 738 γὰρ
1030 668 1087 736 ἐξ
1111 669 1383 740 ἄνθρακος
1416 671 1614 740 δῆλον)
1637 671 1890 735 ἀνάγετε.

313 761 377 812 Τί
412 760 532 824 δαίς
570 760 724 828 ἔχετέ
757 778 860 812 που
891 765 984 814 καὶ
1011 763 1104 813 ἐπί
1133 779 1186 813 τι
1217 763 1442 824 δικαίως
1465 763 1690 828 ἀνάγειν
1719 765 1810 814 καὶ
1835 763 1894 812 τὸ

280 867 286 872 ·
314 853 591 920 μοχθηρὸν
615 849 702 921 [Ρ.
727 849 867 924 ὄζω]
899 854 994 920 τῆς
1019 851 1244 923 γνώμης
1269 855 1359 906 καὶ
1399 858 1460 906 τὸ
1494 854 1740 907 ἐντεῦθεν
1765 855 1895 908 ὐπο-

313 946 507 1012 τρὲχον
533 943 737 1014 φαῦλον
767 947 864 1014 τῆς
891 947 1262 1016 προαιρέσεως
1281 964 1295 1006 ;
1315 946 1342 998 ὃ
1361 947 1422 1016 δὴ
1454 948 1650 1016 ἐκείνῳ
1669 947 1893 1001 τοιαῦτα

310 1036 560 1102 λέγοντες
577 1040 642 1090 ἐκ
670 1037 764 1089 τοῦ
800 1040 1025 1100 εἰκότως
1059 1041 1424 1107 προσάπτετε.
1453 1039 1511 1092 ’0
1543 1041 1720 1110 τυχὼν
1761 1057 1893 1106 μετ-

311 1129 592 1181 αλλάττων
627 1130 791 1181 πᾶσιν
824 1129 898 1190 ὡς
939 1129 1066 1190 ἔπος
1098 1131 1272 1184 εἰπεῖν
1329 1131 1632 1198 συγχωρεῖο
1671 1130 1764 1180 xa‘t
1793 1147 1896 1181 πα·

311 1221 582 1290 τριάρχης
610 1221 880 1288 θνήσκων,
915 1221 1034 1272 ἀντὶ
1065 1220 1158 1273 τοῦ
1196 1223 1444 1291 συνήθως
1473 1223 1644 1283 λύειν,
1671 1222 1891 1289 δεσμεῖν

310 1314 406 1365 καὶ
437 1311 676 1380 μάλιστα
703 1313 900 1378 εἵλετο,
931 1314 1026 1366 καὶ
1051 1314 1225 1367 ταῦτα
1255 1315 1346 1367 τὸν
1379 1317 1516 1386 ὑπὲρ
1536 1315 1632 1382 τῆς
1665 1314 1892 1384 Ἐκκλη-

311 1403 434 1464 σίας
471 1405 795 1474 ίστάμενον;
868 1405 1010 1472 Ἐγὼ
1062 1407 1160 1476 μὲν
1215 1406 1438 1460 οὖνκαὶ
1483 1407 1666 1477 υίικὴν
1694 1407 1891 1476 ἐκείνῳ

309 1495 462 1564 φέρω
492 1495 680 1565 τιμὴν,
743 1498 846 1549 κάν
883 1497 1100 1560 πολλοῖς
1153 1495 1269 1550 οἶδα
1299 1501 1484 1553 ἐκεῖνα
1514 1499 1696 1552 λαϐὼν
1755 1501 1888 1568 παρ’

307 1588 523 1640 ἐκείνου
545 1587 582 1642 ἃ
610 1587 674 1658 δὴ
708 1584 802 1641 καὶ
846 1588 1070 1660 ὀφειλὴν
1109 1589 1536 1660 εὐγνωμοσύνης
1592 1589 1722 1660 παρ’
1753 1590 1888 1661 ἐμοῦ

308 1683 448 1752 πρὸς
479 1683 688 1734 ἐκεῖνον
719 1681 936 1735 δικαίαν
962 1684 1308 1745 ἀνταπαιτεῖ,
1346 1685 1442 1737 καὶ
1467 1687 1526 1738 τὸ
1563 1684 1772 1751 μεῖζον,
1807 1684 1889 1736 ὅτι

303 1775 402 1828 καὶ
433 1774 492 1836 ἐς
523 1774 806 1844 βασιλείαν
851 1777 1022 1846 αὐτὴν
1053 1777 1154 1846 ἐμὲ
1186 1778 1468 1848 προύτίμα
1514 1777 1608 1830 τοῦ
1648 1795 1751 1845 μου
1781 1793 1890 1829 πα-

1999 569 2339 636 ὲκτίοεσθαι,
2361 571 2465 634 ὅτι,
2488 569 2685 637 λέγων,
2718 569 2786 622 τὰ
2818 572 2952 639 πρὸς
2987 571 3242 640 Ἰωάννην
3261 573 3357 624 καὶ
3382 575 3584 643 ἀμφοῖν

2000 663 2414 733 παρηνόμηται,
2459 664 2606 733 αὐτῷ
2641 664 2741 732 μὲν
2781 662 3081 732 καθυφέντι
3125 665 3224 734 τῆς
3272 665 3583 736 πολυωρίας

1997 755 2092 808 καὶ
2122 749 2232 808 οἷον
2281 755 2551 823 προδόντι,
2593 756 2787 824 ἐκείνῳ
2818 758 2874 810 δὲ
2908 759 2978 811 τὰ
3022 758 3102 820 είς
3159 756 3438 820 βασιλείαν
3473 775 3585 810 πα-

1999 829 2562 917 ραΜγισκμένῳδὼς
2597 849 2697 900 οὐκ
2753 848 2874 914 ἐξὸν
2927 849 3276 918 ἁμαρτόντας
3327 849 3582 928 ἄρχεινῆ

1996 939 2156 992 αὐτὸν
2185 940 2569 1008 πνευματικῶς
2595 940 2626 1010 ἢ
2654 943 2862 993 ἐκεῖνον
2895 941 3064 1010 αὐτὴν
3091 943 3154 1007 δὴ
3186 941 3281 1012 τὴν
3311 940 3584 1012 κοσμικὴν

1997 1032 2168 1099 ἀρχὴν
2215 1033 2310 1083 καὶ
2347 1032 2618 1100 βασίλειον
2645 1050 2658 1062 ·
2695 1034 2840 1102 ἔχειν
2892 1033 2935 1086 δ’
2971 1034 3048 1096 εἰς
3095 1035 3297 1104 ταύτην
3329 1034 3580 1104 αὐτάρκη

1994 1121 2086 1170 τὸν
2116 1120 2175 1185 ἐξ
2215 1122 2403 1184 αὐτοῦ,
2437 1123 2610 1190 λέγων
2655 1125 2778 1192 ἐμὲ.
2815 1126 2879 1177 Ὃ
2917 1124 2978 1192 δὴ
3023 1127 3116 1178 κού⁸
3159 1127 3316 1177 ποίαν
3345 1126 3582 1195 ὑπερϐο-

1995 1208 2091 1279 λὴν
2121 1211 2341 1279 ἀγάπης
2370 1213 2468 1280 οὐχ
2510 1213 2837 1280 ὑποφαίνεις
2869 1215 3055 1269 καλεῖν
3095 1219 3172 1278 εἰς
3225 1216 3399 1285 ἀρχὴν
3429 1218 3578 1270 ἒννο-

1998 1317 2098 1367 μον
2127 1301 2216 1352 τὸν
2249 1302 2448 1371 μηκέτι
2484 1304 2662 1356 εἰδότα
2687 1305 2886 1367 τελέως
2911 1306 3000 1358 τὸν
3037 1308 3323 1378 ἄνθρωπον
3350 1325 3365 1374 ;
3391 1308 3580 1371 (ii-5m);

1995 1392 2118 1461 ἐμοὶ
2159 1395 2296 1462 πρὸς
2329 1395 2537 1446 ἐκεῖνον
2583 1395 2652 1448 τὰ
2681 1396 2778 1464 τῆς
2819 1396 3242 1470 εὐγνωμοσύνης
3279 1399 3578 1468 ὀφείλεται,

1996 1481 2089 1534 καὶ
2129 1485 2288 1544 πόνος
2325 1482 2506 1548 ἄλλως
2537 1485 2678 1555 ὑπὲρ
2713 1487 2922 1540 ἐκείνου
2948 1489 3172 1543 τοιαῦτα
3205 1492 3580 1562 προϐαλλομέ-

1995 1589 2102 1625 νων
2126 1575 2398 1627 ἁκούοντι.
2430 1576 2720 1630 Παύσασθε
2747 1581 3039 1650 τοιγαροῦν
3067 1583 3253 1636 ἐκεῖνα
3278 1585 3406 1654 περὶ
3437 1585 3582 1638 ὲκεί-

1994 1681 2084 1718 νου
2135 1664 2514 1734 θρυλλοῦντες,
2574 1670 2639 1722 τὰ
2703 1672 2840 1740 μήτε
2867 1673 3180 1743 πραχθῆναι
3223 1676 3360 1745 μήτε
3414 1678 3582 1748 τιμὴν

1995 1755 2266 1824 λεγόμενα
2327 1758 2656 1828 περισώζειν
2729 1763 2806 1832 τῷ
2873 1765 3219 1836 εἰργασμένῳ
3279 1766 3575 1838 δυνάμενα.

302 1869 454 1937 τρδς,
489 1867 700 1918 ἐκείνου
751 1868 804 1934 γ’
857 1868 1116 1938 ἄρχοντος
1152 1847 1270 1939 ἅμα
1303 1870 1404 1940 μὶν
1457 1871 1619 1932 αὐτὸς
1645 1869 1744 1940 τὴν
1773 1887 1891 1922 ποι-
1921 1851 1962 1904 Β
2006 1847 2196 1918 Ὑμεῖς
2226 1849 2282 1902 δὲ
2316 1850 2452 1904 ἀλλά
2491 1853 2586 1905 καὶ
2620 1853 2718 1924 τὴν
2755 1855 3030 1927 ὑμετέραν
3061 1858 3360 1929 ἱερωσύνην
3387 1861 3446 1913 έν
3477 1861 3578 1928 ii“

307 1959 580 2029 μαντικὴν
619 1961 945 2031 αἱρούμενος
969 1961 1384 2032 παραιτεῖσθαι,
1417 1962 1719 2033 ἐπικρίνων
1745 1959 1892 2014 οὕτω

299 2053 405 2120 τὴν
433 2051 737 2123 θεραπείαν
765 2051 925 2117 ἀξίαν
959 2053 1054 2106 τνῢ
1108 2055 1188 2117 είς
1219 2055 1312 2108 τὸν
1353 2054 1608 2124 Ἰωάννην
1633 2055 1892 2124 πλημμε-

303 2229 373 2283 iis
407 2243 594 2292 erasa,
655 2236 714 2282 ut
748 2229 852 2283 mei
893 2243 1022 2300 erga
1081 2229 1404 2298 religionem
1443 2230 1543 2284 zeli
1611 2231 1888 2299 specimen

302 2321 552 2386 ederem,
590 2330 643 2375 ut
679 2321 992 2390 exemplum
1031 2331 1397 2377 monstrarem
1460 2323 1672 2375 imitatu
1737 2321 1890 2374 salu-

305 2424 427 2469 tare
459 2416 827 2482 posthabendi
860 2416 1103 2485 privatos
1162 2415 1437 2486 quoslibet
1502 2415 1732 2472 affectus
1772 2415 1889 2470 sino

301 2507 524 2560 ceritati
555 2507 882 2562 orthodoxa:
911 2507 1273 2577 professionis
1325 2517 1384 2563 et
1443 2509 1564 2578 paci
1606 2507 1886 2562 Ecclesiae.

302 2593 420 2650 Vos
451 2607 636 2650 autem
674 2597 726 2651 id
771 2597 1044 2664 videntes,
1082 2599 1271 2654 multis
1303 2599 1411 2653 illis
1442 2599 1630 2654 nescio
1689 2598 1888 2667 quibus

297 2689 608 2758 allegandis
635 2689 992 2758 pratentibus
1031 2691 1397 2746 nihilominus
1423 2691 1722 2747 obstinatis
1769 2692 1889 2746 ani-

299 2795 462 2836 mum
493 2781 551 2836 in
609 2785 916 2850 pertinacia
975 2781 1080 2837 diri
1141 2785 1484 2848 schismatis,
1524 2785 1888 2841 obtendentes

301 2875 497 2928 nescio
537 2887 702 2942 quam
723 2874 862 2926 nulli
899 2875 1006 2929 nisi
1032 2875 1190 2930 vobis
1217 2885 1403 2929 notam
1435 2876 1888 2929 excommunica-

301 2968 516 3022 tionem
559 2983 590 3020 a
620 2967 930 3037 patriarcha
967 2967 1225 3020 intortam
1250 2967 1486 3023 Arsenio
1527 2967 1885 3022 insufl‘ectum

309 3060 422 3131 ipsi
459 3057 789 3128 Josephum.
819 3057 1086 3113 Profertis
1117 3070 1298 3114 autem
1331 3060 1451 3128 ejus
1485 3059 1696 3112 indices
1724 3070 1885 3115 testa-

301 3151 479 3205 menti
512 3151 729 3204 Arsenii
768 3149 1009 3213 tabulas,
1040 3150 1194 3204 nullo
1229 3160 1408 3205 tamen
1443 3151 1562 3220 ejus
1603 3151 1887 3221 chirogra-

299 3245 414 3313 pho
449 3241 714 3295 firmatas.
740 3241 894 3310 Agite
923 3226 1251 3312 vero,cujus
1282 3244 1500 3298 tandem
1531 3245 1732 3299 coloris
1760 3247 1884 3299 fuco

305 3331 447 3385 satis
465 3333 647 3400 tegitis
677 3347 705 3384 a
727 3331 1141 3400 suspicionibus
1169 3335 1571 3402 perSpicacinm
1595 3335 1790 3388 vitium
1819 3336 1884 3388 il-

299 3422 398 3476 lud
435 3423 488 3474 in
518 3421 686 3492 568
716 3432 1044 3478 testamento
1112 3424 1349 3478 immane
1381 3427 1576 3480 alienae
1643 3427 1886 3480 subscri-

313 3513 565 3582 ptionis?
603 3515 688 3566 cui
726 3515 934 3580 putatis
981 3516 1346 3570 emunctioris
1390 3517 1556 3583 paulo
1594 3518 1742 3570 naris
1773 3533 1880 3572 non

299 3604 493 3659 statim
535 3604 792 3658 subolere
821 3605 1127 3660 Sublestam
1165 3605 1321 3660 fidem
1354 3608 1714 3676 exceptionis,
1775 3623 1880 3676 qua

302 3697 409 3749 soli
443 3696 564 3750 sine
595 3705 734 3750 teste
752 3697 974 3765 jactatis
998 3697 1120 3752 ideo
1145 3713 1243 3767 per
1272 3713 1331 3753 se
1351 3714 1456 3752 non
1484 3701 1884 3768 subscripsisse

299 3787 598 3841 Aisrnium
637 3787 840 3842 tabulis
879 3789 1159 3843 indicibus
1191 3805 1304 3842 sua-
1339 3791 1541 3844 ultima;
1561 3791 1880 3858 voluntatis,

307 3880 461 3948 quod
496 3881 696 3949 digitos
738 3892 870 3934 tunc
908 3881 1095 3936 innato
1127 3883 1193 3938 iis
1218 3883 1556 3938 carbunrulo
1592 3884 1901 3954 impeditos

303 3969 610 4024 habuerit?
640 3969 710 4024 Et
761 3977 871 4023 tam
935 3980 1306 4039 opportunum
1341 3980 1536 4027 vestra:
1568 3985 1751 4028 causa:
1798 3975 1882 4028 in-

299 4071 734 4114 strumentorum
763 4059 1043 4114 scribendi
1072 4060 1436 4114 articulorum
1472 4064 1722 4116 morbum
1754 4080 1885 4134 spe-

299 4149 474 4204 rastis
503 4149 812 4204 assertione
859 4163 965 4202 una
1024 4157 1208 4204 vestra
1269 4151 1588 4219 persuaderi
1641 4156 1884 4220 petuisse

301 4256 414 4296 non
451 4241 673 4312 ignaris.
701 4257 912 4304 rerum,
951 4240 1262 4310 iisdemque
1295 4236 1680 4311 reputanti-bus
1711 4259 1886 4314 quarr-

303 4347 362 4391 to
395 4333 670 4388 mendacii
704 4331 988 4402 prmuio'a
1021 4333 1477 4403 pertinacissimis
1507 4336 1661 4390 maiae
1703 4352 1884 4392 causae

299 4427 694 4483 defensoribus
731 4427 844 4481 haec
899 4425 1026 4496 litigi
1062 4426 1378 4494 potuerint?
1442 4426 1680 4495 Desinite
1718 4430 1885 4500 igitur

1995 1957 2079 2009 ρει
2143 1941 2324 1994 τίθετε
2369 1942 2479 1996 τῶν
2533 1945 2937 2014 ἀνεπιλήπτων,
2993 1949 3086 2003 καὶ
3145 1949 3264 2004 οἵαν
3318 1953 3574 2023 συνιστᾷν

1991 2029 2230 2098 ἀξιοῦτε,
2257 2033 2519 2088 ἀδύνατον
2556 2035 2872 2094 καθιστᾶτε.
2900 2039 3039 2108 Φέρε
3071 2039 3204 2112 γὰρ,
3243 2040 3378 2112 πρὸς
3407 2041 3580 2113 αὐτῆς

1993 2223 2100 2278 rat,
2137 2213 2310 2283 ligare
2343 2224 2472 2270 tunc
2519 2216 2706 2271 mallet
2733 2232 2898 2286 quam
2932 2219 3164 2284 solvere,
3199 2222 3579 2292 constringere

1994 2305 2209 2363 animas
2233 2310 2647 2363 anathematum
2681 2309 2922 2368 vinculis
2988 2329 3176 2383 quam,
3213 2315 3358 2384 quod
3417 2315 3580 2371 facile

1991 2399 2186 2456 vivens
2213 2401 2551 2470 indulgebat,
2591 2405 2841 2474 relaxare
2869 2410 3198 2462 constrictas
3226 2410 3581 2478 praeoptaret?

1991 2489 2162 2557 Quem
2224 2501 2403 2547 autem
2468 2501 2601 2548 tunc
2656 2496 2847 2565 ligare,
2904 2512 3064 2566 quem
3105 2499 3240 2553 diris
3294 2501 3580 2568 implicare

1991 2582 2264 2638 nexibus?
2300 2599 2408 2638 non
2447 2586 2684 2655 aliquem
2717 2603 2749 2642 e
2779 2588 2960 2656 plebe,
2995 2588 3090 2644 sed
3143 2589 3404 2647 Ectleszze
3442 2611 3581 2663 prae-

1991 2675 2208 2729 sidem?
2245 2676 2507 2745 Equidem
2540 2681 2769 2735 Arsenio
2805 2681 3107 2737 debitorem
3137 2699 3223 2738 me
3271 2685 3452 2740 ﬁlialis
3489 2703 3578 2742 re-

1989 2765 2250 2819 verentia:
2271 2767 2542 2821 volentem
2575 2769 2832 2831 merenti,
2857 2779 2914 2823 ut
2951 2786 3076 2826 vere
3102 2773 3302 2836 sentio,
3331 2773 3404 2826 ita
3423 2783 3576 2844 grate

1993 2856 2268 2924 proiitcur.
2298 2857 2350 2911 ls
2391 2859 2536 2911 enim
2575 2875 2700 2913 cum
2736 2861 2862 2914 aliis
2898 2877 2984 2916 me
3047 2863 3302 2931 plurimis
3339 2865 3442 2920 sibi
3479 2866 3575 2919 be-

1991 2947 2208 3002 neficiis
2238 2949 2558 3015 obstrinxit,
2617 2961 2733 3004 tum
2783 2953 2878 3008 illo
2939 2954 3232 3024 insigniter
3285 2957 3574 3012 honoravit

1984 3039 2214 3108 judicio,
2245 3057 2354 3110 quo
2377 3059 2592 3110 aequum
2625 3044 2729 3098 sibi
2755 3045 2926 3098 videri
2957 3047 3259 3100 declaravit
3285 3051 3572 3119 imperium

1991 3133 2133 3201 patri
2177 3149 2299 3188 meo
2330 3142 2578 3202 ereptum
2619 3137 2752 3188 mihi
2783 3137 3032 3191 attribui.
3084 3139 3394 3208 imperabat
3443 3153 3574 3200 tunc

1912 3199 1957 3258 C
1991 3231 2164 3292 pater,
2199 3235 2254 3277 et
2309 3224 2427 3293 ipse
2461 3226 2795 3296 pastoralem
2859 3227 3025 3296 hujus
3069 3226 3326 3284 Ecclesia:
3383 3249 3572 3287 curam

1987 3315 2346 3382 patriarchali
2376 3327 2652 3386 potestate
2705 3319 2929 3387 gerebat
2967 3321 3258 3376 Arsenius.
3323 3325 3398 3378 Eo
3431 3333 3572 3380 tem-
3629 3331 3636 3339 ‘

1987 3421 2118 3474 pore
2151 3405 2412 3477 ﬂagrante
2448 3410 2650 3462 invidia
2676 3411 2901 3466 sceleris
2933 3413 2988 3466 in
3019 3411 3287 3470 Joannem
3313 3415 3569 3476 Lascaris

1989 3499 2192 3566 prioris
2249 3500 2478 3569 Augusti
2560 3501 2729 3554 lilium
2807 3505 3114 3570 commissi,
3181 3515 3237 3561 et
3308 3509 3568 3578 religione

1995 3592 2123 3644 inde
2216 3593 2546 3660 patriarcha:
2623 3593 2871 3658 oborta,
2962 3597 3121 3665 quasi
3217 3614 3344 3667 pars
3448 3604 3570 3665 eius

1986 3681 2162 3750 culpat
2253 3681 2304 3733 in
2416 3681 2594 3750 ipsum
2679 3682 2809 3751 jure
2911 3687 3300 3755 conferretur,
3403 3689 3570 3762 469

1989 3772 2084 3842 qui
2139 3772 2470 3826 remissione
2518 3775 2715 3844 vigiliae
2767 3773 2821 3828 in
2867 3778 3052 3846 pupilli
3106 3782 3358 3834 custodia
3419 3798 3569 3839 cura:

1986 3881 2101 3920 suae
2147 3865 2330 3919 traditi
2373 3866 2554 3920 locum
2591 3867 2826 3942 facinori
2859 3869 3105 3926 dedisset
3139 3887 3202 3926 ac
3239 3877 3395 3942 quasi
3437 3891 3567 3944 pro-

1985 3957 2218 4012 didisset
2247 3957 2583 4027 orphanum,
2618 3959 2762 4013 hanc
2787 3961 2926 4028 patri
2966 3978 3088 4018 meo
3121 3967 3377 4034 expiandi
3413 3983 3566 4023 com-

1988 4049 2170 4104 munis
2231 4052 2440 4120 peccati
2500 4051 2878 4106 conditionem
2945 4057 3090 4120 tulit,
3141 4061 3422 4126 cederent,
3477 4063 3563 4116 in-

1985 4142 2205 4213 quiens.
2264 4140 2469 4213 pariter
2503 4147 2684 4207 ambo,
2739 4146 2830 4222 ille
2860 4145 3152 4216 imperiali,
3182 4152 3298 4220 ipse
3327 4157 3564 4222 patr-jar-

1985 4236 2130 4290 chali
2161 4234 2454 4303 dignitate,
2507 4249 2616 4305 qua
2651 4251 2711 4291 se
2761 4220 3016 4305 indignos
3062 4217 3416 4311 effecissent,
3447 4217 3566 4304 .ille

1985 4325 2404 4390 consciscendo,
2442 4324 2559 4394 ipse
2589 4329 2954 4394 permittendo
2987 4332 3383 4392 immanissima
3429 4337 3566 4395 faci-

1985 4433 2142 4479 nore,
2171 4433 2281 4487 qun
2301 4425 2448 4486 esset
2476 4417 2666 4488 inique
2695 4433 2759 4474 ac
2788 4421 3088 4480 crudeliter
3117 4425 3408 4496 imperium
3441 4449 3563 4488 ere-

301 4523 580 4576 intentare
653 4520 978 4572 sentent'am
1041 4516 1300 4572 omnibus
1378 4516 1620 4588 ignotam
1677 4519 1880 4590 judicis
1914 4533 1956 4588 ι)
1988 4523 2138 4584 ptum
2167 4515 2445 4568 innocenti
2482 4529 2655 4585 puero
2689 4515 3038 4588 hereditario
3063 4521 3195 4576 illud
3222 4523 3349 4591 jure
3379 4529 3562 4594 possi-

300 4611 534 4674 mortui,
567 4609 726 4678 cujus
760 4608 1127 4674 incredibilis,
1165 4620 1219 4663 et
1250 4609 1356 4662 nisi
1405 4609 1667 4680 suffragio
1707 4612 1876 4682 agniti

296 4703 661 4776 chirographi
709 4702 994 4768 fuiciatur,
1029 4701 1310 4756 irridenda
1345 4716 1574 4768 prorsus
1629 4704 1878 4774 aliegatio

297 4805 408 4850 est.
432 4795 492 4848 In
525 4809 638 4863 quo
667 4793 902 4862 requiro
933 4801 1194 4862 praeterea
1226 4795 1592 4848 reverentiam
1613 4794 1666 4848 in
1701 4795 1878 4849 Arse-

297 4888 456 4942 ninm
493 4895 750 4948 vestram,
784 4884 872 4939 cui
931 4883 1232 4950 rualeficam
1273 4883 1744 4955 inhumanamque
1782 4901 1880 4940 no-

299 4977 462 5033 cendi
507 4978 851 5030 voluntatem
887 4976 1054 5030 etiam
1095 4975 1147 5028 in
1180 4987 1428 5029 ex'tremo
1459 4979 1733 5046 vigentem
1772 4979 1876 5032 im-

299 5071 531 5142 pingitis
564 5069 758 5122 halitu.
792 5069 874 5122 An
911 5083 1018 5121 non
1050 5068 1195 5128 enim
1231 5069 1450 5124 sentitis
1486 5086 1650 5140 quam
1685 5074 1758 5126 sit
1817 5073 1882 5128 ii-

299 5161 590 5214 iaudatum
628 5157 951 5212 Christiano
985 5157 1123 5209 iram
1177 5156 1228 5209 in
1279 5157 1631 5212 adversarios
1669 5177 1775 5214 non
1811 5161 1879 5215 ad

298 5253 439 5306 Solis
471 5261 682 5303 tantum
725 5250 818 5304 sed
855 5249 922 5302 ad
976 5249 1101 5302 vitae
1159 5250 1326 5304 totius
1386 5265 1644 5306 occasum
1706 5268 1883 5322 usque

299 5357 528 5400 servare
560 5341 972 5396 incxorahiliter
1013 5340 1375 5411 ﬂagrantem;
1429 5359 1590 5414 quam
1623 5343 1883 5401 inconse-

298 5449 506 5504 quens.
539 5434 716 5487 virum
753 5447 914 5502 quem
945 5444 1194 5487 sanctum
1259 5434 1586 5502 praedicatis,
1617 5445 1728 5488 tam
1787 5453 1885 5494 sae-

297 5545 429 5582 vum
469 5529 700 5580 ultorem
733 5527 942 5592 dicere;
980 5541 1145 5594 quam
1167 5527 1483 5581 incredibile
1515 5527 1882 5598 patriarcham

299 5631 449 5676 nota:
482 5618 746 5680 lenitatis,
781 5633 940 5688 quem
980 5629 1214 5682 constat,
1251 5606 1377 5673 dum
1411 5622 1642 5686 viveret,
1709 5625 1883 5679 fuisse

299 5716 530 5770 solitum
561 5711 964 5766 selaedentibus
991 5712 1304 5780 ignoscere,
1341 5723 1448 5765 tam
1485 5716 1656 5768 ferum
1686 5715 1738 5768 in
1765 5718 1883 5785 ipso

297 5807 502 5862 mortis
535 5812 744 5874 puncto
779 5803 1009 5875 lingere,
1044 5812 1102 5858 ut
1125 5812 1316 5858 contra
1361 5821 1524 5873 quam
1575 5823 1882 5864 consueve-

1980 4607 2156 4672 denti,
2198 4622 2262 4662 ea
2316 4623 2496 4678 paena
2539 4608 2850 4666 diﬁ‘erentia
2899 4613 2953 4668 in
3000 4615 3206 4686 dispari
3269 4621 3565 4691 participa-

1981 4701 2130 4756 tione
2171 4702 2448 4767 criminis,
2484 4712 2544 4756 ιιι
2574 4705 2667 4773 qui
2700 4707 3024 4776 deliquisset
3070 4714 3337 4778 atrocius,
3381 4715 3564 4770 indui-

1979 4796 2199 4862 gentius
2249 4797 2600 4864 plecteretur.
2647 4796 2694 4850 A
2731 4806 2886 4866 patre
2939 4801 3144 4872 quippe
3197 4820 3320 4860 meo
3369 4807 3444 4860 ita
3499 4823 3560 4864 se

1981 4887 2118 4941 velle
2173 4889 2416 4943 abdieari
2455 4890 2850 4960 principatum,
2893 4901 2951 4948 ut
2986 4896 3032 4949 is
3067 4895 3124 4950 in
3175 4913 3261 4952 me
3287 4899 3559 4955 transfer-

1979 4989 2156 5045 retur,
2195 4982 2296 5048 ipsi
2347 4983 2736 5050 patriarchalis
2767 4987 2994 5040 amissio
3033 4989 3182 5042 sedis
3225 4993 3373 5045 trulla
3421 5002 3562 5049 tem-

1983 5083 2272 5140 peraretur
2296 5074 2346 5126 in
2381 5074 2652 5142 privatum
2682 5079 3010 5142 paciscenda
3043 5080 3304 5136 solatium
3335 5090 3558 5156 cognati

1983 5163 2182 5218 fiducia
2213 5168 2573 5220 successoris.
2603 5168 2679 5220 En
2717 5182 2982 5238 quantum
3013 5173 3132 5242 ejus
3155 5178 3258 5228 viri
3287 5181 3557 5246 studium,

1985 5272 2151 5326 quam
2197 5258 2470 5312 excellens
2517 5260 2791 5314 exstiterit
2855 5263 3102 5320 cbaritas
3139 5269 3191 5321 in
3251 5285 3338 5325 me
3380 5273 3561 5328 adhuc

1983 5353 2278 5420 puerulum
2313 5359 2368 5404 et
2398 5350 2557 5404 modo
2589 5352 2877 5408 infantiam
2905 5372 3216 5428 egressum,
3248 5371 3308 5416 ut
3351 5380 3436 5418 me
3504 5367 3560 5420 in

1988 5441 2232 5508 legitima
2307 5443 2664 5510 possessione
2731 5448 2945 5516 imperii
3007 5446 3234 5506 Romani
3279 5454 3391 5522 jam
3443 5467 3560 5512 tum

1983 5535 2321 5588 constituere
2357 5535 2611 5602 voluerit,
2647 5537 2866 5593 vixdum
2921 5541 3198 5598 hominem
3231 5562 3330 5600 nec
3385 5550 3557 5604 ratio-

1987 5624 2072 5680 nis
2105 5624 2345 5694 pcriecte
2399 5637 2734 5698 compotem.
2787 5631 2940 5688 Unde
2980 5645 3033 5688 et
3087 5653 3184 5692 vos
3230 5637 3558 5709 intelligitis,

1986 5727 2040 5770 et
2065 5732 2166 5786 ego
2224 5731 2444 5788 semper
2476 5735 2585 5789 prae
2627 5737 2712 5776 me
2749 5723 2940 5791 feram,
2979 5740 3247 5782 summam
3305 5733 3353 5783 ei
3411 5749 3439 5783 a
3475 5750 3566 5790 me

1989 5809 2382 5880 gratitudinem
2437 5811 2646 5870 deberi.
2699 5814 2820 5884 Quo
2880 5819 3084 5886 aegrius
3149 5837 3295 5876 nunc
3331 5839 3360 5878 a
3405 5827 3564 5886 vobis
