4024 6426
498 381 609 445 515

1718 381 2043 441 GEORGII

2188 376 2574 474 ΕῌΥΜΕΒΕ
3649 386 3741 448 516

499 500 597 567 τῆς
628 496 757 567 περὶ
787 498 849 549 τὶ
877 498 997 565 ἱερᾶ
1029 496 1351 563 ἀσφαλείας,
1383 495 1490 547 εἴτε
1526 497 1621 565 τῆς
1652 496 1819 557 ὅντως
1847 494 1956 547 εἴτε
1988 495 2082 546 καὶ
2110 498 2155 555 Α
2184 509 2293 553 τες.
2324 489 2387 544 Εἰ
2424 490 2466 545 δ’
2505 486 2619 555 οὖν,
2674 490 2806 543 ἀλλὰ
2839 489 3050 555 δείξατε
3100 490 3156 543 ὃν
3192 491 3298 574 ἀπὸ
3336 494 3560 560 παλαιᾶς
3583 518 3746 570 χειρο.

500 583 534 663 ᾖ
580 588 1017 658 προσεσχήκατε,
1070 589 1118 639 εἰ
1154 588 1284 656 παρ’
1317 588 1445 656 ὑμῖν
1494 589 1560 639 τά
1615 587 1714 655 τῆς
1756 584 2082 652 Ἐκκλησὶας

499 684 766 749 γένωνται
819 679 1144 749 πράγματα,
1176 678 1500 748 ἀρχιερέων,
1539 678 1661 729 ἐπεὶ
1707 678 1832 738 τοὺς
1884 675 2082 745 ἡμετέ-

502 788 627 839 pou;
650 767 872 830 τούτους
896 767 1234 836 ἀπήρτησθε,
1260 768 1291 836 ἡ
1318 766 1439 819 καθ’
1468 768 1611 836 ὑμᾶς
1632 765 1769 837 αὕτη
1797 765 1893 818 καὶ
1916 782 2083 835 προσ-

497 860 776 928 δοκωμένη
810 858 889 929 [Ρ.
935 858 1063 929 5'27]
1104 859 1359 928 ἱεραρχία
1404 859 1668 927 συσταίη;
1719 858 1827 911 Καὶ
1858 858 1940 921 τίς
1990 858 2081 910 ἐπὶ

499 951 753 1003 τοσοῦτον
778 950 885 1001 τῶν
930 953 1206 1019 προτέρων
1244 950 1463 1011 ἄθικτος
1512 949 1719 1012 διεϐίω,
1755 950 1978 1013 δυνατὸς
2004 948 2080 1002 ὢν

496 1043 557 1108 ἐξ
586 1041 739 1106 ἀξίας
791 1041 1119 1113 χειροτονεῖν
1157 1041 1376 1112 ἱερέαςς
1409 1040 1516 1103 Oi);
1557 1042 1663 1111 γὰρ
1699 1043 1939 1111 οἴδαμεν,
1971 1059 2084 1095 κοι-

498 1135 759 1193 νωνικοὺς
819 1133 1040 1201 οἴδαμεν
1079 1131 1306 1193 πάντας.
1353 1132 1461 1183 Καὶ
1509 1132 1669 1201 τριῶν
1721 1132 1931 1199 καιρῶν
1987 1131 2082 1183 ἐπὶ

496 1223 611 1283 τοῖς
669 1219 1070 1289 ξυμὸεὸηκόσιν
1109 1220 1301 1283 ὄντων,
1354 1219 1568 1289 πρώτου
1616 1222 1713 1290 μὲν
1752 1222 1883 1275 καθ’
1916 1220 1975 1275 ὃν
2013 1221 2081 1274 τά

501 1311 639 1363 κατὰ
695 1311 785 1363 τὸν
830 1311 1082 1379 Ἰωάννην
1135 1309 1234 1363 εἴτ’
1266 1306 1357 1364 οὖν
1390 1312 1488 1381 τὴν
1533 1311 1810 1382 βασιλείαν
1847 1312 2078 1382 προέὸη,

497 1403 751 1473 δευτέρου
779 1404 820 1456 δ’
869 1403 1022 1466 αὖθις
1053 1404 1174 1456 καθ’
1221 1402 1280 1456 ὃν
1310 1404 1375 1457 τὰ
1427 1407 1534 1457 τῶν
1577 1405 1796 1459 Ἰταλῶν
1841 1408 1933 1459 καὶ
1982 1406 2077 1459 τοῦ

499 1496 700 1548 πάππα
756 1494 1231 1565 ὲπεισεκώμασαν,
1291 1500 1386 1549 καὶ
1417 1497 1603 1565 τρίτου
1654 1497 1746 1549 τοῦ
1804 1500 2076 1569 ἡμετέρου

497 1587 688 1640 τούτου
721 1588 784 1655 δὴ
815 1588 906 1639 καὶ
937 1588 1167 1641 ὑστάτου
1200 1587 1322 1640 καθ’
1352 1587 1409 1639 ὃν
1441 1589 1509 1639 τὰ
1542 1589 1873 1658 πραχθέντα,
1908 1590 1979 1652 ὡς
2011 1587 2079 1661 ἦν

497 1690 558 1730 τε
594 1679 688 1732 καὶ
726 1679 923 1744 ἔδοξεν,
976 1678 1422 1748 ἀπηυθύνθησαν,
1449 1681 1496 1732 οἱ
1546 1680 1642 1749 μὲν
1682 1680 1775 1733 τοῦ
1812 1683 2077 1751 προτέρου

500 1770 693 1840 ρέκται
735 1770 980 1823 ἐκποδὼν
1013 1770 1270 1833 ἐπιεικῶς
1300 1770 1489 1833 πάλαι,
1529 1772 1576 1823 οἱ
1618 1771 1673 1824 δὲ
1701 1772 1793 1823 τοῦ
1827 1764 2079 1842 δευτέρου

498 1864 548 1914 οἱ
578 1861 677 1931 μὲν
705 1862 764 1926 ἐξ
788 1861 1089 1931 ἀνθρώπων
1121 1861 1344 1933 ᾦχοντο,
1374 1865 1421 1915 οἱ
1456 1863 1509 1915 δὲ
1542 1863 1635 1916 καὶ
1664 1864 1761 1931 τῆς
1797 1866 2077 1933 ἐπιτιμίας

498 1954 935 2022 καθαιρεθέντες,
966 1951 1107 2006 οὕτω
1134 1953 1323 2005 δοκοῦν
1353 1957 1442 2006 καὶ
1471 1955 1596 2023 ὑμῖν
1621 1955 1856 2021 πάντως,
1888 1958 2079 2024 μένου-

500 2063 582 2098 σιν
616 2044 756 2098 οὕτω
786 2046 880 2098 καὶ
936 2046 1036 2099 ἔτι.
1076 2046 1213 2101 Τοὺς
1242 2046 1295 2097 δὲ
1342 2047 1439 2114 τῆς
1485 2048 1674 2116 τρίτης
1708 2050 1935 2117 ταυτησὶ
1965 2065 2076 2100 κα-

498 2138 815 2197 ταστάσεως
843 2138 891 2189 εἱ
930 2137 1028 2208 μὲν
1055 2136 1301 2206 δέχεσθε,
1349 2138 1503 2206 λόγος
1535 2140 1664 2208 ἡμῖν
1697 2138 1811 2191 ἔστι
1846 2157 1907 2207 γε
1941 2142 2077 2210 πρὸς

502 2229 668 2299 ὑμᾶς,
702 2231 751 2280 εἰ
798 2228 934 2281 δὀὐ
984 2228 1228 2297 δέχεσθε,
1283 2230 1529 2298 φορτικοὶ
1589 2232 1805 2292 πάντως
1857 2232 1945 2293 ὠς-
1979 2234 2076 2294 τὰς

500 2318 675 2388 ἀρχὰς
706 2319 807 2389 τῆς
850 2318 1150 2390 ἱερωσύνης
1200 2320 1442 2391 ἀναιρεῖν
1474 2322 1705 2392 πάμπαν
1743 2323 2077 2377 ἐσπουδακό-

500 2491 665 2543 audio
708 2504 771 2544 ea
826 2491 1060 2559 proferri
1122 2506 1245 2562 qua:
1298 2493 1493 2549 famam
1554 2497 1673 2567 ejus
1721 2500 2075 2568 posthumam

503 2583 803 2635 maculant.
843 2588 1027 2647 Quare
1060 2584 1297 2639 desinite
1321 2585 1592 2639 infamare
1627 2589 2075 2656 imprudentibus

499 2674 728 2727 assr'rtis
758 2670 1046 2739 dilectum,
1078 2685 1137 2728 ttt
1171 2676 1507 2743 przcdicatis,
1541 2680 1717 2743 vobis,
1750 2682 1881 2735 mihi
1920 2697 2080 2737 vene-

499 2766 725 2821 rabilem
752 2777 803 2821 et
832 2768 1048 2822 sincero
1079 2768 1278 2822 alfectu
1313 2779 1555 2824 amatum
1589 2775 1912 2838 antistitem,
1947 2776 2078 2829 dum

499 2874 562 2912 ea
593 2841 771 2929 egisse
814 2868 1024 2913 tantum
1078 2862 1388 2930 praesulem,
1427 2878 1549 2932 qua:
1593 2865 1772 2919 virum
1835 2869 2079 2922 honora-

501 2960 616 3005 tum
652 2952 795 3004 haud
829 2951 1080 3011 det-eant.
1113 2953 1328 3008 effutire
1380 2970 1487 3007 non
1523 2958 1812 3023 veremini,
1866 2961 1969 3014 tide
2002 2961 2081 3013 vi-

502 3047 703 3100 delicet
756 3061 818 3099 ac
853 3046 1143 3113 prudentia
1182 3049 1370 3102 eadem
1395 3086 1408 3102 .
1446 3063 1551 3118 qua
1591 3066 1853 3125 revocare
1886 3054 1942 3107 in
1977 3056 2079 3108 du-

2190 580 2372 641 τονίας
2400 582 2456 632 ἐν
2495 579 2769 650 ἀσφαλείᾳ
2807 580 3119 634 διαϐιοῦντα
3155 583 3382 654 παντοίᾳ
3420 589 3748 660 πεφυλαγμέ-

2189 686 2280 721 νον
2324 671 2497 739 ἔχετε.
2532 667 2664 725 Οἶδα
2720 670 3195 741 προϐαλλομένους
3240 674 3330 726 τὸν
3359 675 3460 728 τῶν
3524 680 3746 751 Μαρμα-

2191 762 2413 830 ριτζίων
2446 763 2750 817 ἐπίσκοπον
2786 764 3000 835 πρώην,
3037 767 3084 818 εξ
3135 767 3228 819 καὶ
3258 767 3350 819 νῦν
3378 771 3709 842 τετελεύτηκε
3732 793 3745 807 ⁸

2188 871 2254 906 πε
2264 854 2317 924 pi.
2337 850 2463 921 οὗγε
2490 859 2587 909 καὶ
2608 858 2892 926 ἐρωτήσας
2915 859 3064 911 πόλλ’
3093 860 3229 913 ἄττα
3260 861 3557 931 ἐπιλήψιμα
3573 864 3750 934 ἔχοντα

2190 945 2622 1014 κατεμάνθανον.
2657 947 2851 1001 Οἴδατε
2901 949 2956 1001 δὲ
2992 950 3085 1001 καὶ
3139 949 3297 1019 ὑμεῖς
3347 952 3557 1015 πάντως
3599 957 3750 1009 ἀκού-

2200 1051 2393 1099 σαντες
2412 1038 2543 1109 παρ’
2568 1038 2705 1108 ἐμοῦ
2726 1045 2869 1103 τότε,
2888 1042 2974 1094 ὅτε
2997 1042 3092 1095 καὶ
3112 1046 3228 1106 ταῖς
3249 1044 3575 1117 ὲπὶςτοιούτῳ
3590 1048 3751 1118 καιρῷ

2188 1134 2637 1203 παριτηρήσεσιν
2653 1136 2714 1187 οὐ
2746 1135 3031 1206 προσέχειν
3053 1136 3262 1192 δίκαιον
3297 1139 3753 1210 ἰσχυρίζεσθεηιαὶ.

2187 1221 2390 1290 ἔγωγε,
2423 1221 2601 1295 οἴμαι,
2632 1226 2942 1296 δοκιμάζων
2978 1230 3236 1299 ἠμέλουν,
3268 1232 3491 1301 ἕρμαιον
3523 1233 3651 1301 ἔχων
3678 1236 3751 1288 ὅτι

2186 1330 2248 1380 γε
2282 1316 2388 1385 ἄρα
2429 1318 2522 1369 καὶ
2550 1318 2923 1387 δοκιμάζοῖτε.
2951 1321 3060 1372 Καὶ
3095 1325 3237 1392 τάχα
3271 1322 3335 1375 ἂν
3364 1324 3488 1393 ὑμῖν
3514 1326 3752 1390 πρησετέο

2187 1404 2310 1475 Θην,
2362 1407 2456 1459 τοῦ
2499 1408 2749 1462 Ἰωάννου
2792 1410 2891 1481 ἤδη
2934 1413 3032 1481 τὴν
3082 1414 3366 1484 ἱεραρχξαν
3404 1417 3752 1485 παραιτουμέ-

2187 1514 2299 1561 νου,
2330 1498 2514 1561 καθὼς
2543 1502 2636 1552 καὶ¹
2663 1501 2792 1569 ὑμῖν
2825 1504 3145 1572 ἐπεχείρουν
3174 1506 3483 1573 προσέχειν,
3520 1505 3591 1567 ὡς
3628 1505 3750 1565 ista.

2187 1590 2234 1639 εὶ
2266 1590 2339 1656 μή
2370 1590 2436 1656 μέ
2461 1605 2545 1650 τις
2569 1589 2825 1658 λογισμὸς
2859 1592 3040 1661 ἥκιστ’
3072 1594 3221 1658 ἄξιος
3258 1594 3600 1663 παρορᾶσθαι
3629 1596 3752 1663 πρὶς

2186 1677 2378 1729 ἑαυτὸν
2405 1680 2853 1749 ἐπισπασάμενος
2881 1681 3061 1750 ἀπῆγέ
3095 1700 3162 1753 με
3188 1682 3283 1735 τοῦ
3316 1684 3535 1738 σκοποῦ.
3564 1684 3633 1737 Τὸ
3652 1685 3750 1753 γὰρ
3774 1716 3785 1725 -

2188 1770 2468 1837 ξυμπεσὸν
2514 1772 2677 1834 εὐθὺς
2733 1775 2826 1825 ἐπὶ
2854 1773 2929 1843 τῷ
2972 1776 3091 1826 τότε
3133 1776 3231 1844 μὲν
3282 1776 3556 1845 ἀργοῦντι,
3586 1776 3675 1828 νῦν
3701 1776 3751 1829 δὲ

2116 1853 2153 1907 Β
2187 1867 2664 1934 ποιμεναρχοῦντι,
2715 1865 2804 1936 [Ρ.
2836 1867 2964 1934 5‘28]
2998 1867 3148 1931 ἄξιον
3189 1866 3250 1919 ὃν
3302 1868 3595 1937 θαυμάσαι,
3631 1869 3750 1919 ἁνι-

2182 1953 2482 2021 λαμδάνειν
2516 1956 2690 2007 ἐποίει
2738 1958 2867 2018 τοὺς
2905 1956 3223 2027 λογισμοὺς,
3260 1964 3336 2029 μή
3384 1977 3499 2022 πως
3536 1959 3649 2029 Θεῷ
3678 1960 3751 2011 δο-

2183 2046 2314 2097 κοῦν
2350 2046 2514 2099 αὐτὸν
2557 2048 2651 2100 καὶ
2686 2050 2850 2102 πάλιν
2902 2051 3197 2120 ῖεραρχεῖν,
3235 2053 3645 2121 ἀμετακινήτων
3670 2068 3753 2121 με·

2182 2138 2381 2189 νόντων
2416 2138 2523 2191 τῶν
2573 2140 2670 2208 τῆς
2713 2140 3041 2206 Ἐκκλησίας
3090 2144 3460 2212 πραγμάτων,
3492 2144 3525 2196 ἃ
3555 2143 3750 2211 ἀνάγκη

2181 2230 2571 2299 ταράττεσθαι,
2617 2235 2664 2283 εἰ
2695 2232 2868 2293 ἄλλως
2893 2233 3121 2299 γένοιτο,
3173 2237 3417 2305 παριδὼν
3443 2236 3608 2289 ταῦτα
3637 2235 3757 2288 ἕλω-

2186 2321 2283 2390 μαί
2317 2339 2374 2373 τε
2402 2321 2547 2391 ὑμᾶς
2572 2324 2666 2374 καὶ
2695 2323 3018 2392 ἁμαρτάνω,
3056 2325 3189 2395 πρὸς
3226 2326 3306 2395 τῷ
3340 2326 3463 2397 μηδ’
3512 2326 3757 2393 εὐοδωθᾷ

2183 2502 2403 2555 toribus
2465 2482 2766 2571 opponitis,
2837 2505 3199 2573 exceptiones
3264 2506 3449 2561 locum
3512 2506 3753 2561 habeant.

2185 2591 2294 2645 lloc
2328 2602 2384 2645 ut
2425 2596 2669 2646 omnium
2714 2595 2863 2647 clare
2914 2595 3207 2665 subjiciam
3243 2600 3449 2663 oculis,
3484 2598 3583 2652 tria
3624 2606 3756 2651 tent-

2184 2699 2314 2755 pora
2356 2687 2659 2754 d:stinguo,
2691 2700 2930 2755 quorum
2976 2690 3189 2744 ambitu
3227 2692 3626 2762 comprehendi
3669 2704 3753 2743 ne-

2183 2792 2337 2832 cesse
2367 2787 2449 2832 est
2484 2781 2786 2833 cauonicas
2821 2783 2887 2833 ad
2916 2796 3102 2836 sacros
3131 2783 3363 2839 ordines
3397 2783 3755 2854 prontotiones

2184 2871 2347 2924 hodie
2384 2872 2685 2941 vigentium
2736 2886 2930 2927 veszrm
2960 2873 3139 2941 partis
3208 2877 3587 2930 sacerdotum.
3642 2870 3754 2925 Pri-

2185 2979 2331 3016 mum
2396 2964 2529 3016 illud
2586 2973 2798 3033 teman
2851 2975 2938 3020 est
2991 2981 3099 3032 quo
3142 2967 3383 3022 Joannis
3437 2977 3563 3022 tunc
3614 2963 3753 3036 pueri

2185 3058 2563 3109 exauctorati.)
2587 3069 2635 3109 et
2658 3058 2960 3112 excaecatio
2996 3059 3272 3128 contigit;
3312 3061 3610 3115 secundum
3641 3058 3755 3112 huic

504 3137 653 3190 bium
695 3135 909 3189 audetis
958 3143 1010 3189 ct
1043 3136 1096 3188 in
1125 3152 1309 3190 rerum
1345 3139 1656 3207 exceptioni
1712 3142 2077 3197 obnoxiarum
2109 3185 2152 3243 ϐ
2188 3149 2512 3209 succedet-5,
2550 3151 2804 3203 adnuisse!
2860 3165 3146 3219 perperam
3212 3154 3625 3208 communionis
3660 3151 3755 3205 Ita-

502 3242 735 3281 numcro
787 3241 1011 3281 censere
1062 3228 1446 3284 ordinationes
1491 3233 1839 3286 sacerdotum
1880 3235 1972 3305 qui
2026 3237 2079 3290 in

503 3327 693 3373 nostra
738 3319 897 3371 hodie
944 3317 1191 3381 Erclesia
1213 3334 1401 3375 sacras
1435 3333 1694 3378 exercent
1728 3324 2082 3393 functiones;

502 3410 556 3462 in
599 3424 708 3477 quo
754 3424 998 3463 vestrum
1033 3409 1305 3478 judicium
1344 3415 1569 3483 requiro
1614 3429 1723 3470 non
1772 3417 2086 3489 intelligen-

503 3501 640 3553 tium
666 3515 730 3553 ex
764 3500 1076 3554 istiusmodi
1117 3503 1585 3560 cavillatiunculis
1635 3510 1898 3578 consequi
1942 3512 2085 3579 peri-

507 3595 614 3647 isse
662 3592 907 3646 funditus
935 3608 965 3646 e
1015 3594 1106 3647 Dei
1148 3595 1393 3649 Ecclesia
1430 3599 1727 3665 legitimam
1771 3606 2082 3658 successio-

507 3700 629 3738 nem
662 3685 957 3739 sacerdotii
1008 3688 1080 3739 ita
1105 3696 1163 3741 ut
1184 3687 1298 3755 jam
1337 3692 1553 3744 restitui
1581 3693 1729 3746 nulla
1763 3710 1865 3761 ope
1894 3707 2081 3766 queat.

505 3779 617 3847 Age
661 3778 803 3832 enim
834 3793 987 3843 sane,
1026 3794 1122 3847 per
1157 3780 1329 3850 ipsam
1376 3781 1576 3849 adjnro
1610 3800 1708 3839 vos
1739 3788 1888 3840 illam
1921 3807 2081 3859 quam

503 3870 778 3936 exquisito
809 3870 915 3925 isto
944 3870 1219 3926 ali'ecmtis
1248 3872 1367 3927 z-elo
1416 3873 1840 3933 iudnbitabilcm
1876 3884 2085 3934 securi—

506 3972 671 4017 tatem
724 3962 789 4015 ad
818 3963 1285 4016 niuistrattdoruut
1361 3965 1413 4018 in
1467 3966 1703 4022 Ecclesia
1756 3986 2084 4037 sacrorum,

509 4057 623 4109 sive
668 4072 788 4124 quae
821 4066 967 4109 nunc
1000 4057 1213 4125 uspiam
1267 4066 1371 4119 est,
1411 4058 1528 4113 sive
1577 4077 1738 4129 qnam
1783 4067 2025 4119 eXSuIem
2058 4084 2087 4120 e

510 4151 747 4211 terriset
777 4150 830 4203 in
863 4164 1011 4203 mera
1054 4154 1292 4218 positam
1336 4152 1456 4207 idea
1492 4155 1910 4223 specttlantibns
1964 4161 2086 4214 ani-

507 4245 611 4296 mis
643 4242 937 4296 intuemini
971 4260 983 4295 :
1021 4242 1065 4295 si
1094 4257 1221 4297 vere
1267 4260 1431 4312 penes
1479 4256 1720 4301 vesti-um
1773 4250 1917 4305 istud
1954 4268 2086 4306 cun.

504 4332 842 4384 venticnlum
877 4332 1124 4385 residere
1185 4332 1350 4400 hujus
1384 4337 1670 4391 erclesiam
1721 4342 2003 4410 temporis.
2035 4354 2089 4399 et

507 4431 717 4474 sectam
770 4421 912 4473 hanc
952 4430 1191 4474 vestram
1226 4427 1647 4483 continuatione
1681 4447 1791 4485 non
1843 4433 2084 4487 intcrrn-
2118 4405 2169 4465 θ

509 4520 599 4577 pta
632 4510 900 4563 committi
947 4512 1321 4567 creditisouni
1387 4518 1671 4573 catholica:
1730 4536 1826 4589 per
1885 4524 2083 4577 seriem

506 4600 840 4653 saeculorum
876 4602 1000 4655 inde
1027 4618 1057 4655 a
1096 4602 1319 4659 Christo
1350 4614 1403 4660 et
1454 4610 1721 4678 apostolis
1752 4613 1932 4668 dnctze
1965 4617 2088 4671 reli-

512 4692 686 4761 gioni,
723 4709 753 4744 ιι
790 4695 1128 4761 quibusnam
1161 4696 1380 4751 tandem
1416 4701 1826 4760 ordinatoribus
1864 4708 2090 4764 minime

506 4783 694 4837 dubiis
741 4770 897 4839 isws
940 4787 1155 4842 habetis
1208 4791 1409 4858 quibus
1468 4795 1687 4847 utimini
1753 4799 2089 4861 sacerdotes,

504 4891 744 4946 quorum
796 4882 1151 4937 successione
1181 4897 1245 4935 ac
1281 4881 1701 4941 consetﬁatione
1750 4886 1914 4961 470
1940 4906 2088 4945 certa

510 4970 897 5026 indubitabilis
957 4973 1160 5026 veritas
1222 4976 1371 5031 illius
1415 4994 1579 5046 quant
1633 4989 1741 5034 tam
1800 4986 2091 5039 antliitiose

514 5063 671 5115 nobis
702 5063 1062 5131 pollicemini,
1110 5068 1270 5122 vobis
1303 5074 1600 5139 arrOgatis,
1644 5073 1964 5129 bierarchize
1995 5078 2090 5131 de-

514 5157 898 5208 monstretur?
946 5156 1089 5223 Qua,
1153 5161 1397 5237 inquam,
1460 5172 1752 5232 potestate,
1805 5183 1833 5220 a
1887 5173 2090 5237 qubus

512 5245 667 5298 nulla
700 5250 976 5315 suspectis
1001 5266 1067 5305 ex
1100 5232 1267 5305 causa
1293 5255 1570 5325 episcopis
1615 5271 1876 5313 manuum
1914 5265 2088 5330 impo-

508 5338 766 5393 sitiouetn
819 5352 1174 5411 acceperunt,
1219 5346 1312 5415 qui
1346 5349 1488 5417 apud
1517 5364 1615 5405 vos
1659 5366 1816 5406 sacra
1881 5355 2092 5410 faciunt

511 5433 841 5503 presbyteri,
893 5450 1034 5505 quos
1092 5451 1254 5500 unos,
1307 5441 1353 5494 si
1390 5441 1611 5496 Christo
1640 5444 1841 5512 placet,
1886 5450 2091 5504 nostris

508 5523 580 5577 ad
618 5528 932 5594 spuriorum
964 5528 1188 5597 rejectis
1246 5530 1505 5600 classem,
1559 5550 1719 5592 veros
1744 5554 1866 5593 esse
1896 5542 2096 5610 gloria-

515 5616 650 5671 mini
682 5619 1035 5673 sacerdotes?
1066 5620 1379 5687 Enimvero,
1406 5641 1527 5695 qute
1557 5628 1791 5685 istorum
1824 5643 1956 5687 aetas
1984 5645 2091 5702 est,

514 5724 625 5761 non
659 5712 817 5765 video
857 5726 886 5764 a
917 5714 1119 5780 quibus
1143 5715 1385 5771 ordinari
1418 5724 1749 5789 prmsulibus
1779 5730 2089 5794 potuerint,

512 5810 707 5853 eontra
734 5817 874 5868 quos
907 5820 1015 5857 non
1045 5807 1243 5862 caedem
1266 5847 1280 5874 ,
1313 5824 1453 5879 quas
1491 5827 1801 5870 nostrorum
1861 5821 2090 5889 οιτίιὶιιίιτ

2189 3241 2369 3291 lorilttt
2421 3253 2473 3292 (ιι
2529 3246 3077 3299 commemorationis
3128 3254 3331 3301 contra
3396 3247 3489 3308 fas
3538 3246 3758 3300 inductae

2190 3347 2338 3400 papa:
2376 3331 2625 3397 Romani,
2662 3350 2785 3387 cum
2839 3334 3188 3401 profess-ioue
3250 3339 3619 3410 subiectionis
3667 3352 3758 3393 no-

2188 3432 2316 3475 Slt'ze
2345 3422 2409 3475 ad
2439 3422 2560 3490 ejus
2597 3424 2944 3492 Spirilttaicm
2992 3426 3392 3498 principatum.
3447 3430 3683 3485 Tertium
3713 3435 3760 3482 et

2186 3512 2431 3564 omMutn
2474 3521 2818 3581 postremum
2859 3514 2963 3569 hoc
3013 3518 3348 3574 hodiernum
3384 3533 3489 3585 est,
3525 3535 3631 3588 quo
3668 3521 3761 3573 ista

2188 3603 2469 3672 illegitime
2503 3617 2742 3673 patrata,
2802 3617 2966 3675 prout
3007 3608 3159 3663 licuit
3199 3620 3253 3663 ct
3293 3625 3566 3681 quantum
3602 3616 3761 3667 visum

2188 3705 2272 3751 est
2316 3699 2589 3763 sulTiccre,
2648 3716 2744 3769 per
2796 3717 2899 3756 nos
2934 3705 3224 3759 emendata
3271 3717 3335 3759 et
3363 3707 3432 3760 ad
3462 3716 3662 3761 rectam
3692 3704 3765 3757 di-

2190 3792 2436 3859 sciplinae
2482 3808 2725 3847 normam
2768 3809 2833 3848 ex
2887 3794 2976 3848 illa
3010 3799 3279 3863 pravitate
3337 3802 3565 3856 reducta
3627 3806 3763 3854 sunt.

2191 3883 2373 3939 Primo
2406 3896 2651 3955 tempore
2691 3887 2782 3955 qui
2816 3888 3111 3942 Ordinandi
3150 3898 3485 3959 potestatem
3518 3896 3763 3955 habuere,

2186 3981 2298 4049 jam
2332 3981 2538 4050 pridem
2602 3983 2891 4036 desierunt
2939 3984 3145 4045 vivere.
3182 3984 3515 4043 Secundum
3566 3999 3768 4056 tempus

2191 4088 2330 4142 quos
2366 4088 2428 4126 ex
2462 4090 2526 4128 eo
2562 4075 2971 4142 viditnumero,
3008 4079 3043 4131 ii
3088 4081 3283 4147 partim
3335 4081 3454 4135 l'ato
3504 4096 3605 4137 suo
3652 4083 3769 4133 sunt

2192 4166 2386 4228 functi,
2423 4170 2619 4235 partim
2653 4171 2811 4237 eiecti
2851 4185 2881 4224 e
2928 4171 3154 4225 sedibus
3189 4183 3244 4226 et
3306 4172 3527 4228 honore
3560 4169 3767 4240 Spoliati

2192 4260 2399 4313 nostris
2426 4259 2675 4329 judictis,
2725 4263 2923 4316 vestris
2962 4264 3128 4317 etiam
3175 4265 3432 4334 impense
3488 4266 3627 4319 votis
3660 4259 3769 4319 suf—

2194 4348 2561 4417 fragantibus,
2602 4352 2855 4418 privatim
2895 4352 3015 4406 sine
3066 4368 3225 4408 sacra
3287 4364 3569 4423 potestate
3616 4355 3769 4408 vitam

2196 4451 2364 4511 agunt
2416 4443 2709 4512 hodieque.
2770 4442 2963 4500 Neutri
3018 4448 3211 4502 horum
3261 4462 3364 4503 aut
3410 4463 3624 4531 vestros
3677 4447 3771 4502 rite

2194 4545 2494 4604 potuerunt
2563 4538 2821 4591 ordinare
2875 4540 3216 4605 sacerdotes,
3272 4553 3371 4597 aut
3416 4552 3637 4597 nostros
3667 4582 3680 4604 ,
3728 4540 3771 4593 si

2198 4629 2482 4695 vellemus,
2515 4640 2761 4699 possent,
2797 4647 2903 4685 non
2938 4636 3114 4686 solum
3153 4635 3298 4704 quod
3352 4637 3483 4690 aliis
3532 4635 3767 4706 ipsorum

2194 4721 2329 4785 vita,
2357 4721 2478 4774 aliis
2520 4721 2836 4789 jurisdictio
2869 4726 3029 4778 modo
3070 4724 3245 4789 deest,
3285 4728 3382 4782 sed
3421 4730 3587 4782 etiam
3643 4740 3771 4796 quo-

2197 4812 2365 4877 niam,
2403 4813 2450 4866 si
2509 4829 2634 4867 vera
2680 4824 2862 4870 vestra
2905 4818 3093 4887 Opinio
3126 4830 3212 4873 est
3263 4821 3642 4884 censentium,
3710 4833 3769 4887 σιτ

2195 4921 2304 4973 quo
2334 4905 2598 4974 depulsus
2631 4907 2760 4961 sele
2794 4919 2973 4989 vester
3002 4911 3265 4967 Arseuius
3292 4924 3378 4969 est
3410 4916 3557 4985 (quae
3588 4905 3775 4982 depu‘.

2197 4997 2277 5049 sio
2308 5000 2484 5065 primo
2516 5008 2765 5069 tempore
2805 5004 3079 5075 contigit),
3118 5003 3346 5061 desiisse
3382 5008 3685 5076 legitimam
3716 5005 3767 5055 in

2198 5087 2299 5141 hac
2339 5087 2583 5144 Ecclesia
2639 5103 2964 5160 potestatem
3008 5114 3021 5150 :
3080 5098 3260 5152 nullus
3309 5098 3557 5162 illorum,
3603 5112 3767 5166 quan-

2199 5182 2401 5236 tumvis
2448 5185 2753 5254 attentarit,
2782 5202 2910 5242 vera
2959 5188 3108 5259 fungi
3157 5193 3512 5246 ordinatione
3566 5191 3773 5258 potuit.

2195 5271 2388 5328 Restat
2437 5286 2651 5345 tempus
2697 5280 2941 5345 tertium,
2975 5294 3153 5338 status
3192 5286 3451 5341 videlicet
3502 5287 3591 5339 hic
3643 5298 3776 5354 prae-

2196 5381 2322 5422 sens
2375 5383 2583 5435 rerum,
2634 5386 2743 5440 quo
2778 5374 2824 5428 si
2860 5391 3156 5445 superesse
3185 5380 3367 5433 adhuc
3420 5389 3682 5450 putamus
3717 5376 3770 5430 in

2198 5459 2361 5511 terris
2403 5470 2608 5515 certam
2664 5466 2769 5520 rite
2812 5472 3169 5525 consecrandi
3217 5474 3539 5529 sacerdotes
3587 5478 3773 5525 aucto-

2200 5552 2440 5616 ritatem,
2475 5571 2597 5625 quae
2630 5558 2676 5613 si
2707 5558 2867 5625 desit,
2899 5562 3147 5620 Ecclesia
3181 5567 3327 5619 nulla
3365 5575 3475 5628 est,
3507 5565 3562 5617 in
3590 5569 3773 5616 nosu‘a

2198 5641 2301 5695 hac
2336 5659 2455 5698 eam
2499 5647 2708 5717 utique,
2739 5667 2864 5722 quae
2922 5658 3063 5722 sola,
3099 5660 3257 5715 vobis
3283 5658 3450 5714 etiam
3486 5656 3770 5709 nobiscum

2200 5733 2445 5790 Latinam
2470 5726 2908 5810 repudiantibus,
2945 5750 3109 5806 habet
3155 5756 3464 5821 episcopos.
3518 5747 3608 5817 qui
3642 5742 3771 5799 ηυηί

2200 5825 2342 5894 apud
2386 5842 2480 5881 vos
2515 5842 2663 5897 sunt,
2702 5833 2756 5887 in
2801 5846 2987 5894 nostra
3027 5842 3149 5905 hac,
3186 5842 3434 5914 inquam,
3476 5839 3624 5894 illam
3677 5847 3772 5887 au-
