  <div class='ocr_page' id='page_1' title='image "/cluster/home/n/w/nwhite01/storage/ocr_20150623/144:no.2/coo.31924054870492/266.png"; bbox 0 0 4024 6440; ppageno 0'>
   <div class='ocr_carea' id='block_1_1' title="bbox 337 417 439 478">
    <p class='ocr_par' dir='ltr' id='par_1_1' title="bbox 337 417 439 478">
     <span class='ocr_line' id='line_1_1' title="bbox 337 417 439 478; baseline 0.01 -1"><span class='ocrx_word' id='word_1_1' title='bbox 337 417 439 478; x_wconf 70' lang='grc' dir='ltr'><strong>5ίῖ</strong></span> 
     </span>
    </p>
   </div>
   <div class='ocr_carea' id='block_1_2' title="bbox 329 608 1911 685">
    <p class='ocr_par' dir='ltr' id='par_1_2' title="bbox 329 608 1911 685">
     <span class='ocr_line' id='line_1_2' title="bbox 329 608 1911 685; baseline -0.005 -18"><span class='ocrx_word' id='word_1_2' title='bbox 329 618 424 668; x_wconf 75' lang='grc' dir='ltr'>καὶ</span> <span class='ocrx_word' id='word_1_3' title='bbox 454 615 588 685; x_wconf 78' lang='grc' dir='ltr'>πρὸς</span> <span class='ocrx_word' id='word_1_4' title='bbox 622 612 795 666; x_wconf 84' lang='grc' dir='ltr'>ταῦτα</span> <span class='ocrx_word' id='word_1_5' title='bbox 824 610 1194 680; x_wconf 83' lang='grc' dir='ltr'>παλινδρομῶ,</span> <span class='ocrx_word' id='word_1_6' title='bbox 1221 612 1313 662; x_wconf 70' lang='grc' dir='ltr'>καὶ</span> <span class='ocrx_word' id='word_1_7' title='bbox 1341 608 1399 660; x_wconf 80' lang='grc' dir='ltr'><strong>ὃν</strong></span> <span class='ocrx_word' id='word_1_8' title='bbox 1428 609 1614 678; x_wconf 77' lang='grc' dir='ltr'>ὁρᾶτε,</span> <span class='ocrx_word' id='word_1_9' title='bbox 1648 609 1722 670; x_wconf 80' lang='grc' dir='ltr'><strong>ὡς</strong></span> <span class='ocrx_word' id='word_1_10' title='bbox 1751 609 1911 676; x_wconf 73' lang='grc' dir='ltr'>δῆθεν</span> 
     </span>
    </p>
   </div>
   <div class='ocr_carea' id='block_1_3' title="bbox 328 701 1908 774">
    <p class='ocr_par' dir='ltr' id='par_1_3' title="bbox 328 701 1908 774">
     <span class='ocr_line' id='line_1_3' title="bbox 328 701 1908 774; baseline -0.004 -16"><span class='ocrx_word' id='word_1_11' title='bbox 328 706 479 758; x_wconf 79' lang='grc' dir='ltr'>θείαν</span> <span class='ocrx_word' id='word_1_12' title='bbox 497 704 678 774; x_wconf 72' lang='grc' dir='ltr'>ψῆφον</span> <span class='ocrx_word' id='word_1_13' title='bbox 695 702 938 771; x_wconf 81' lang='grc' dir='ltr'>πληρῶν,</span> <span class='ocrx_word' id='word_1_14' title='bbox 956 702 1047 755; x_wconf 57' lang='grc' dir='ltr'><strong>ἐπὶ</strong></span> <span class='ocrx_word' id='word_1_15' title='bbox 1062 701 1156 769; x_wconf 73' lang='grc' dir='ltr'><strong>τῆς</strong></span> <span class='ocrx_word' id='word_1_16' title='bbox 1178 703 1326 769; x_wconf 75' lang='grc' dir='ltr'>ἱερᾶς</span> <span class='ocrx_word' id='word_1_17' title='bbox 1347 701 1501 766; x_wconf 70' lang='grc' dir='ltr'>ἀξίας</span> <span class='ocrx_word' id='word_1_18' title='bbox 1522 701 1710 767; x_wconf 78' lang='grc' dir='ltr'>ὰνάγω</span> <span class='ocrx_word' id='word_1_19' title='bbox 1731 702 1908 766; x_wconf 76' lang='grc' dir='ltr'>πάλιν,</span> 
     </span>
    </p>
   </div>
   <div class='ocr_carea' id='block_1_4' title="bbox 326 790 1909 865">
    <p class='ocr_par' dir='ltr' id='par_1_4' title="bbox 326 790 1909 865">
     <span class='ocr_line' id='line_1_4' title="bbox 326 790 1909 865; baseline -0.006 -15"><span class='ocrx_word' id='word_1_20' title='bbox 326 795 499 865; x_wconf 83' lang='grc' dir='ltr'>ἄνδρα</span> <span class='ocrx_word' id='word_1_21' title='bbox 526 795 672 848; x_wconf 82' lang='grc' dir='ltr'>λιτὸν</span> <span class='ocrx_word' id='word_1_22' title='bbox 701 796 765 847; x_wconf 66' lang='grc' dir='ltr'><strong>τὰ</strong></span> <span class='ocrx_word' id='word_1_23' title='bbox 796 794 970 847; x_wconf 73' lang='grc' dir='ltr'>πάντα</span> <span class='ocrx_word' id='word_1_24' title='bbox 994 792 1085 845; x_wconf 66' lang='grc' dir='ltr'>καὶ</span> <span class='ocrx_word' id='word_1_25' title='bbox 1121 790 1353 844; x_wconf 80' lang='grc' dir='ltr'>ἄσκευον</span> <span class='ocrx_word' id='word_1_26' title='bbox 1385 793 1477 842; x_wconf 72' lang='grc' dir='ltr'><strong>καὶ</strong></span> <span class='ocrx_word' id='word_1_27' title='bbox 1506 790 1709 858; x_wconf 69' lang='grc' dir='ltr'>ἀρετῆς</span> <span class='ocrx_word' id='word_1_28' title='bbox 1744 792 1909 841; x_wconf 73' lang='grc' dir='ltr'>ἐπιει-</span> 
     </span>
    </p>
   </div>
   <div class='ocr_carea' id='block_1_5' title="bbox 327 882 1913 957">
    <p class='ocr_par' dir='ltr' id='par_1_5' title="bbox 327 882 1913 957">
     <span class='ocr_line' id='line_1_5' title="bbox 327 882 1913 957; baseline -0.008 -16"><span class='ocrx_word' id='word_1_29' title='bbox 327 891 441 952; x_wconf 81' lang='grc' dir='ltr'><strong>κῶς</strong></span> <span class='ocrx_word' id='word_1_30' title='bbox 482 889 654 957; x_wconf 77' lang='grc' dir='ltr'>φίλον.</span> <span class='ocrx_word' id='word_1_31' title='bbox 688 887 762 939; x_wconf 80' lang='grc' dir='ltr'>Τὸ</span> <span class='ocrx_word' id='word_1_32' title='bbox 815 886 995 957; x_wconf 76' lang='grc' dir='ltr'>μέντοι</span> <span class='ocrx_word' id='word_1_33' title='bbox 1032 901 1094 953; x_wconf 81' lang='grc' dir='ltr'>γε</span> <span class='ocrx_word' id='word_1_34' title='bbox 1127 882 1317 935; x_wconf 79' lang='grc' dir='ltr'><strong>δοκοῦν</strong></span> <span class='ocrx_word' id='word_1_35' title='bbox 1348 882 1584 950; x_wconf 60' lang='grc' dir='ltr'>σκληρόν</span> <span class='ocrx_word' id='word_1_36' title='bbox 1614 883 1706 932; x_wconf 75' lang='grc' dir='ltr'><strong>καὶ</strong></span> <span class='ocrx_word' id='word_1_37' title='bbox 1754 882 1827 949; x_wconf 83' lang='grc' dir='ltr'>μὴ</span> <span class='ocrx_word' id='word_1_38' title='bbox 1857 883 1913 941; x_wconf 77' lang='grc' dir='ltr'><strong>ἐς</strong></span> 
     </span>
    </p>
   </div>
   <div class='ocr_carea' id='block_1_6' title="bbox 324 961 1912 1043">
    <p class='ocr_par' dir='ltr' id='par_1_6' title="bbox 324 961 1912 1043">
     <span class='ocr_line' id='line_1_6' title="bbox 324 961 1912 1043; baseline -0.009 -9"><span class='ocrx_word' id='word_1_39' title='bbox 324 982 474 1034; x_wconf 73' lang='grc' dir='ltr'>ἅπαν</span> <span class='ocrx_word' id='word_1_40' title='bbox 505 978 780 1039; x_wconf 78' lang='grc' dir='ltr'>ὲπικλινές</span> <span class='ocrx_word' id='word_1_41' title='bbox 809 994 868 1029; x_wconf 82' lang='grc' dir='ltr'>τε</span> <span class='ocrx_word' id='word_1_42' title='bbox 901 976 995 1028; x_wconf 76' lang='grc' dir='ltr'><strong>καὶ</strong></span> <span class='ocrx_word' id='word_1_43' title='bbox 1040 961 1461 1043; x_wconf 61' lang='grc' dir='ltr'>συγκεχωρηκὸς</span> <span class='ocrx_word' id='word_1_44' title='bbox 1494 969 1561 1042; x_wconf 79' lang='grc' dir='ltr'><strong>ἦν</strong></span> <span class='ocrx_word' id='word_1_45' title='bbox 1607 970 1796 1039; x_wconf 75' lang='grc' dir='ltr'>καιρὸς</span> <span class='ocrx_word' id='word_1_46' title='bbox 1823 971 1912 1021; x_wconf 81' lang='grc' dir='ltr'><strong>ὅτε</strong></span> 
     </span>
    </p>
   </div>
   <div class='ocr_carea' id='block_1_7' title="bbox 326 1062 1913 1141">
    <p class='ocr_par' dir='ltr' id='par_1_7' title="bbox 326 1062 1913 1141">
     <span class='ocr_line' id='line_1_7' title="bbox 326 1062 1913 1141; baseline -0.008 -17"><span class='ocrx_word' id='word_1_47' title='bbox 326 1072 499 1141; x_wconf 68' lang='grc' dir='ltr'>κάμοὶ</span> <span class='ocrx_word' id='word_1_48' title='bbox 536 1070 894 1140; x_wconf 79' lang='grc' dir='ltr'><strong>(μαρτυρήσω</strong></span> <span class='ocrx_word' id='word_1_49' title='bbox 923 1070 1031 1137; x_wconf 69' lang='grc' dir='ltr'>γὰρ</span> <span class='ocrx_word' id='word_1_50' title='bbox 1068 1065 1322 1134; x_wconf 72' lang='grc' dir='ltr'>τὰληῡὲς)</span> <span class='ocrx_word' id='word_1_51' title='bbox 1362 1064 1490 1134; x_wconf 53' lang='grc' dir='ltr'><strong>τῆρ’</strong></span> <span class='ocrx_word' id='word_1_52' title='bbox 1521 1063 1663 1130; x_wconf 77' lang='grc' dir='ltr'>ὑμᾶς</span> <span class='ocrx_word' id='word_1_53' title='bbox 1704 1062 1913 1120; x_wconf 71' lang='grc' dir='ltr'>πάντας</span> 
     </span>
    </p>
   </div>
   <div class='ocr_carea' id='block_1_8' title="bbox 324 1153 1913 1229">
    <p class='ocr_par' dir='ltr' id='par_1_8' title="bbox 324 1153 1913 1229">
     <span class='ocr_line' id='line_1_8' title="bbox 324 1153 1913 1229; baseline -0.008 -12"><span class='ocrx_word' id='word_1_54' title='bbox 324 1165 481 1217; x_wconf 72' lang='grc' dir='ltr'>οὐδὲν</span> <span class='ocrx_word' id='word_1_55' title='bbox 529 1164 703 1216; x_wconf 77' lang='grc' dir='ltr'>ἐδόκει</span> <span class='ocrx_word' id='word_1_56' title='bbox 757 1162 1035 1229; x_wconf 74' lang='grc' dir='ltr'>προσῆκον</span> <span class='ocrx_word' id='word_1_57' title='bbox 1086 1160 1263 1221; x_wconf 82' lang='grc' dir='ltr'>ἄλλως</span> <span class='ocrx_word' id='word_1_58' title='bbox 1319 1156 1563 1225; x_wconf 75' lang='grc' dir='ltr'>ποιμένι,</span> <span class='ocrx_word' id='word_1_59' title='bbox 1597 1154 1691 1207; x_wconf 82' lang='grc' dir='ltr'>καὶ</span> <span class='ocrx_word' id='word_1_60' title='bbox 1739 1153 1913 1205; x_wconf 77' lang='grc' dir='ltr'>ταῦτα</span> 
     </span>
    </p>
   </div>
   <div class='ocr_carea' id='block_1_9' title="bbox 327 1249 1914 1329">
    <p class='ocr_par' dir='ltr' id='par_1_9' title="bbox 327 1249 1914 1329">
     <span class='ocr_line' id='line_1_9' title="bbox 327 1249 1914 1329; baseline -0.01 -15"><span class='ocrx_word' id='word_1_61' title='bbox 327 1259 707 1329; x_wconf 76' lang='grc' dir='ltr'>πνευματικῷ,</span> <span class='ocrx_word' id='word_1_62' title='bbox 748 1260 842 1310; x_wconf 72' lang='grc' dir='ltr'><strong>καὶ</strong></span> <span class='ocrx_word' id='word_1_63' title='bbox 880 1258 986 1310; x_wconf 76' lang='grc' dir='ltr'>οὐδ’</span> <span class='ocrx_word' id='word_1_64' title='bbox 1019 1257 1094 1319; x_wconf 82' lang='grc' dir='ltr'>ὣς</span> <span class='ocrx_word' id='word_1_65' title='bbox 1120 1272 1181 1323; x_wconf 78' lang='grc' dir='ltr'>γε</span> <span class='ocrx_word' id='word_1_66' title='bbox 1230 1250 1521 1320; x_wconf 75' lang='grc' dir='ltr'>ἐπαγωγὸν</span> <span class='ocrx_word' id='word_1_67' title='bbox 1547 1250 1656 1302; x_wconf 75' lang='grc' dir='ltr'>τῶν</span> <span class='ocrx_word' id='word_1_68' title='bbox 1701 1249 1914 1301; x_wconf 79' lang='grc' dir='ltr'>πολλῶν</span> 
     </span>
    </p>
   </div>
   <div class='ocr_carea' id='block_1_10' title="bbox 327 1339 1912 1421">
    <p class='ocr_par' dir='ltr' id='par_1_10' title="bbox 327 1339 1912 1421">
     <span class='ocr_line' id='line_1_10' title="bbox 327 1339 1912 1421; baseline -0.008 -16"><span class='ocrx_word' id='word_1_69' title='bbox 327 1355 421 1405; x_wconf 68' lang='grc' dir='ltr'>καὶ</span> <span class='ocrx_word' id='word_1_70' title='bbox 464 1353 761 1421; x_wconf 76' lang='grc' dir='ltr'>εἰρηνικὸν,</span> <span class='ocrx_word' id='word_1_71' title='bbox 814 1350 910 1404; x_wconf 77' lang='grc' dir='ltr'><strong>καὶ</strong></span> <span class='ocrx_word' id='word_1_72' title='bbox 952 1347 1206 1401; x_wconf 79' lang='grc' dir='ltr'>τοσοῦτον</span> <span class='ocrx_word' id='word_1_73' title='bbox 1259 1348 1340 1398; x_wconf 81' lang='grc' dir='ltr'>ὅτι</span> <span class='ocrx_word' id='word_1_74' title='bbox 1393 1346 1487 1396; x_wconf 73' lang='grc' dir='ltr'><strong>καὶ</strong></span> <span class='ocrx_word' id='word_1_75' title='bbox 1542 1341 1635 1396; x_wconf 83' lang='grc' dir='ltr'><strong>τοῦ</strong></span> <span class='ocrx_word' id='word_1_76' title='bbox 1680 1339 1912 1411; x_wconf 76' lang='grc' dir='ltr'>μοναχοῦ</span> 
     </span>
    </p>
   </div>
   <div class='ocr_carea' id='block_1_11' title="bbox 325 1427 1914 1514">
    <p class='ocr_par' dir='ltr' id='par_1_11' title="bbox 325 1427 1914 1514">
     <span class='ocr_line' id='line_1_11' title="bbox 325 1427 1914 1514; baseline -0.008 -19"><span class='ocrx_word' id='word_1_77' title='bbox 325 1446 491 1514; x_wconf 68' lang='grc' dir='ltr'><strong>Μηνᾶ</strong></span> <span class='ocrx_word' id='word_1_78' title='bbox 519 1446 587 1496; x_wconf 68' lang='grc' dir='ltr'><strong>τὰ</strong></span> <span class='ocrx_word' id='word_1_79' title='bbox 614 1444 705 1497; x_wconf 81' lang='grc' dir='ltr'><strong>ἀπ’</strong></span> <span class='ocrx_word' id='word_1_80' title='bbox 738 1442 906 1496; x_wconf 68' lang='grc' dir='ltr'>αὑτοῦ</span> <span class='ocrx_word' id='word_1_81' title='bbox 935 1442 1069 1509; x_wconf 69' lang='grc' dir='ltr'>πρὸς</span> <span class='ocrx_word' id='word_1_82' title='bbox 1101 1440 1202 1509; x_wconf 77' lang='grc' dir='ltr'>ἐμὲ</span> <span class='ocrx_word' id='word_1_83' title='bbox 1251 1438 1498 1505; x_wconf 75' lang='grc' dir='ltr'>λέγοντος</span> <span class='ocrx_word' id='word_1_84' title='bbox 1527 1433 1801 1503; x_wconf 75' lang='grc' dir='ltr'><strong>δυσχερῶς</strong></span> <span class='ocrx_word' id='word_1_85' title='bbox 1832 1427 1914 1484; x_wconf 87' lang='grc' dir='ltr'><strong>εἶ-</strong></span> 
     </span>
    </p>
   </div>
   <div class='ocr_carea' id='block_1_12' title="bbox 322 1524 1911 1606">
    <p class='ocr_par' dir='ltr' id='par_1_12' title="bbox 322 1524 1911 1606">
     <span class='ocr_line' id='line_1_12' title="bbox 322 1524 1911 1606; baseline -0.008 -17"><span class='ocrx_word' id='word_1_86' title='bbox 322 1553 419 1606; x_wconf 83' lang='grc' dir='ltr'>χον</span> <span class='ocrx_word' id='word_1_87' title='bbox 475 1537 774 1598; x_wconf 73' lang='grc' dir='ltr'><strong>πιστεύειν,</strong></span> <span class='ocrx_word' id='word_1_88' title='bbox 830 1536 878 1586; x_wconf 76' lang='grc' dir='ltr'><strong>ει</strong></span> <span class='ocrx_word' id='word_1_89' title='bbox 946 1533 1187 1591; x_wconf 68' lang='grc' dir='ltr'>τοιοῦτος</span> <span class='ocrx_word' id='word_1_90' title='bbox 1237 1531 1313 1582; x_wconf 82' lang='grc' dir='ltr'><strong>ὢν</strong></span> <span class='ocrx_word' id='word_1_91' title='bbox 1370 1524 1479 1590; x_wconf 75' lang='grc' dir='ltr'>οἷος</span> <span class='ocrx_word' id='word_1_92' title='bbox 1536 1527 1708 1589; x_wconf 75' lang='grc' dir='ltr'>ἔδειξε</span> <span class='ocrx_word' id='word_1_93' title='bbox 1766 1526 1911 1586; x_wconf 82' lang='grc' dir='ltr'>τότε,</span> 
     </span>
    </p>
   </div>
   <div class='ocr_carea' id='block_1_13' title="bbox 323 1614 1914 1697">
    <p class='ocr_par' dir='ltr' id='par_1_13' title="bbox 323 1614 1914 1697">
     <span class='ocr_line' id='line_1_13' title="bbox 323 1614 1914 1697; baseline -0.009 -16"><span class='ocrx_word' id='word_1_94' title='bbox 323 1629 605 1697; x_wconf 73' lang='grc' dir='ltr'><strong>ἀγλευκής</strong></span> <span class='ocrx_word' id='word_1_95' title='bbox 661 1645 716 1679; x_wconf 84' lang='grc' dir='ltr'>τε</span> <span class='ocrx_word' id='word_1_96' title='bbox 776 1628 866 1680; x_wconf 68' lang='grc' dir='ltr'><strong>καὶ</strong></span> <span class='ocrx_word' id='word_1_97' title='bbox 925 1627 1209 1692; x_wconf 77' lang='grc' dir='ltr'><strong>ἄτεγκτος,</strong></span> <span class='ocrx_word' id='word_1_98' title='bbox 1270 1621 1525 1673; x_wconf 74' lang='grc' dir='ltr'>τοιούτων</span> <span class='ocrx_word' id='word_1_99' title='bbox 1571 1618 1638 1672; x_wconf 84' lang='grc' dir='ltr'><strong>ἂν</strong></span> <span class='ocrx_word' id='word_1_100' title='bbox 1697 1614 1914 1688; x_wconf 76' lang='grc' dir='ltr'>κριῦεεη</span> 
     </span>
    </p>
   </div>
   <div class='ocr_carea' id='block_1_14' title="bbox 321 1807 1908 1875">
    <p class='ocr_par' dir='ltr' id='par_1_14' title="bbox 321 1807 1908 1875">
     <span class='ocr_line' id='line_1_14' title="bbox 321 1807 1908 1875; baseline -0.004 -13"><span class='ocrx_word' id='word_1_101' title='bbox 321 1811 636 1866; x_wconf 70' lang='lat' dir='ltr'><strong>ctoritatem</strong></span> <span class='ocrx_word' id='word_1_102' title='bbox 702 1809 945 1864; x_wconf 80' lang='lat' dir='ltr'><strong>Ecclesia</strong></span> <span class='ocrx_word' id='word_1_103' title='bbox 1000 1807 1115 1861; x_wconf 78' lang='lat' dir='ltr'><strong>sola</strong></span> <span class='ocrx_word' id='word_1_104' title='bbox 1152 1819 1457 1875; x_wconf 81' lang='lat' dir='ltr'><strong>agnoscere</strong></span> <span class='ocrx_word' id='word_1_105' title='bbox 1502 1817 1598 1857; x_wconf 87' lang='lat' dir='ltr'><strong>vos</strong></span> <span class='ocrx_word' id='word_1_106' title='bbox 1664 1808 1908 1872; x_wconf 76' lang='lat' dir='ltr'><strong>Oportet.</strong></span> 
     </span>
    </p>
   </div>
   <div class='ocr_carea' id='block_1_15' title="bbox 1269 406 2675 472">
    <p class='ocr_par' dir='ltr' id='par_1_15' title="bbox 1269 406 2675 472">
     <span class='ocr_line' id='line_1_15' title="bbox 1269 406 2675 472; baseline 0.001 -2"><span class='ocrx_word' id='word_1_107' title='bbox 1269 410 1367 470; x_wconf 87' lang='lat' dir='ltr'><strong>DE</strong></span> <span class='ocrx_word' id='word_1_108' title='bbox 1409 406 1860 471; x_wconf 69' lang='lat' dir='ltr'><strong>ANDBONlCO</strong></span> <span class='ocrx_word' id='word_1_109' title='bbox 1906 408 2373 470; x_wconf 65' lang='lat' dir='ltr'><strong>PALABULOGO</strong></span> <span class='ocrx_word' id='word_1_110' title='bbox 2414 411 2560 471; x_wconf 83' lang='lat' dir='ltr'><strong>LIB.</strong></span> <span class='ocrx_word' id='word_1_111' title='bbox 2595 412 2675 472; x_wconf 85' lang='lat' dir='ltr'><strong>VI</strong></span> 
     </span>
    </p>
   </div>
   <div class='ocr_carea' id='block_1_16' title="bbox 331 516 2657 595">
    <p class='ocr_par' dir='ltr' id='par_1_16' title="bbox 331 516 2657 595">
     <span class='ocr_line' id='line_1_16' title="bbox 331 516 2657 595; baseline -0.003 -18"><span class='ocrx_word' id='word_1_112' title='bbox 331 544 418 578; x_wconf 77' lang='grc' dir='ltr'><strong>ναι</strong></span> <span class='ocrx_word' id='word_1_113' title='bbox 454 528 514 576; x_wconf 80' lang='grc' dir='ltr'><strong>τὸ</strong></span> <span class='ocrx_word' id='word_1_114' title='bbox 564 525 795 595; x_wconf 71' lang='grc' dir='ltr'>πρᾶγμα</span> <span class='ocrx_word' id='word_1_115' title='bbox 843 516 986 574; x_wconf 68' lang='grc' dir='ltr'>κατὰ</span> <span class='ocrx_word' id='word_1_116' title='bbox 1042 519 1246 572; x_wconf 77' lang='grc' dir='ltr'>σκοπὸν</span> <span class='ocrx_word' id='word_1_117' title='bbox 1274 519 1333 572; x_wconf 77' lang='grc' dir='ltr'><strong>ὃν</strong></span> <span class='ocrx_word' id='word_1_118' title='bbox 1380 519 1697 589; x_wconf 79' lang='grc' dir='ltr'>ὲτρέχομεν.</span> <span class='ocrx_word' id='word_1_119' title='bbox 1752 520 1915 570; x_wconf 72' lang='grc' dir='ltr'>’Ὅθεν</span> <span class='ocrx_word' id='word_1_120' title='bbox 1948 533 1989 584; x_wconf 74' lang='grc' dir='ltr'>Α</span> <span class='ocrx_word' id='word_1_121' title='bbox 2020 520 2179 572; x_wconf 77' lang='grc' dir='ltr'>θείων</span> <span class='ocrx_word' id='word_1_122' title='bbox 2218 519 2434 571; x_wconf 80' lang='grc' dir='ltr'>ἐννοιῶν</span> <span class='ocrx_word' id='word_1_123' title='bbox 2466 520 2614 585; x_wconf 79' lang='grc' dir='ltr'>ἄξιος</span> <span class='ocrx_word' id='word_1_124' title='bbox 2641 536 2657 551; x_wconf 67' lang='grc' dir='ltr'>θ</span> 
     </span>
    </p>
   </div>
   <div class='ocr_carea' id='block_1_17' title="bbox 3492 410 3600 476">
    <p class='ocr_par' dir='ltr' id='par_1_17' title="bbox 3492 410 3600 476">
     <span class='ocr_line' id='line_1_17' title="bbox 3492 410 3600 476; baseline -0.037 0"><span class='ocrx_word' id='word_1_125' title='bbox 3492 410 3600 476; x_wconf 72' lang='grc'><strong>518</strong></span> 
     </span>
    </p>
   </div>
   <div class='ocr_carea' id='block_1_18' title="bbox 2712 518 3603 588">
    <p class='ocr_par' dir='ltr' id='par_1_18' title="bbox 2712 518 3603 588">
     <span class='ocr_line' id='line_1_18' title="bbox 2712 518 3603 588; baseline 0.007 -17"><span class='ocrx_word' id='word_1_126' title='bbox 2712 518 2807 571; x_wconf 68' lang='grc' dir='ltr'><strong>καὶ</strong></span> <span class='ocrx_word' id='word_1_127' title='bbox 2843 519 3118 573; x_wconf 72' lang='grc' dir='ltr'><strong>πιστεύειν</strong></span> <span class='ocrx_word' id='word_1_128' title='bbox 3156 520 3444 575; x_wconf 81' lang='grc' dir='ltr'>ἀπώκνουν</span> <span class='ocrx_word' id='word_1_129' title='bbox 3493 529 3603 588; x_wconf 77' lang='grc' dir='ltr'>τοῖς</span> 
     </span>
    </p>
   </div>
   <div class='ocr_carea' id='block_1_19' title="bbox 2016 607 3605 686">
    <p class='ocr_par' dir='ltr' id='par_1_19' title="bbox 2016 607 3605 686">
     <span class='ocr_line' id='line_1_19' title="bbox 2016 607 3605 686; baseline 0.005 -25"><span class='ocrx_word' id='word_1_130' title='bbox 2016 612 2347 680; x_wconf 62' lang='grc' dir='ltr'>λεγομέωις.</span> <span class='ocrx_word' id='word_1_131' title='bbox 2385 607 2463 674; x_wconf 80' lang='grc' dir='ltr'>οἷς</span> <span class='ocrx_word' id='word_1_132' title='bbox 2499 612 2669 681; x_wconf 80' lang='grc' dir='ltr'>ὀργὴν</span> <span class='ocrx_word' id='word_1_133' title='bbox 2709 610 2845 664; x_wconf 80' lang='grc' dir='ltr'>Θεοῦ</span> <span class='ocrx_word' id='word_1_134' title='bbox 2875 614 3229 683; x_wconf 80' lang='grc' dir='ltr'><strong>ἐπικειμένην</strong></span> <span class='ocrx_word' id='word_1_135' title='bbox 3257 618 3366 678; x_wconf 83' lang='grc' dir='ltr'>τοῖς</span> <span class='ocrx_word' id='word_1_136' title='bbox 3407 617 3605 686; x_wconf 73' lang='grc' dir='ltr'>ἡμετέ-</span> 
     </span>
    </p>
   </div>
   <div class='ocr_carea' id='block_1_20' title="bbox 2018 703 3606 778">
    <p class='ocr_par' dir='ltr' id='par_1_20' title="bbox 2018 703 3606 778">
     <span class='ocr_line' id='line_1_20' title="bbox 2018 703 3606 778; baseline 0.005 -25"><span class='ocrx_word' id='word_1_137' title='bbox 2018 720 2131 772; x_wconf 68' lang='lat' dir='ltr'><strong>pot;</strong></span> <span class='ocrx_word' id='word_1_138' title='bbox 2159 704 2355 755; x_wconf 69' lang='grc' dir='ltr'>εἰδέναι</span> <span class='ocrx_word' id='word_1_139' title='bbox 2384 704 2648 773; x_wconf 66' lang='grc' dir='ltr'>παρῐσέα.</span> <span class='ocrx_word' id='word_1_140' title='bbox 2692 703 2834 757; x_wconf 83' lang='grc' dir='ltr'>Ἀλλ’</span> <span class='ocrx_word' id='word_1_141' title='bbox 2868 704 3016 771; x_wconf 78' lang='grc' dir='ltr'>ὅμως</span> <span class='ocrx_word' id='word_1_142' title='bbox 3053 706 3081 757; x_wconf 86' lang='grc' dir='ltr'>ὁ</span> <span class='ocrx_word' id='word_1_143' title='bbox 3108 706 3282 769; x_wconf 78' lang='grc' dir='ltr'>οὕτως</span> <span class='ocrx_word' id='word_1_144' title='bbox 3308 707 3445 776; x_wconf 78' lang='grc' dir='ltr'>ἔχων</span> <span class='ocrx_word' id='word_1_145' title='bbox 3477 711 3606 778; x_wconf 81' lang='grc' dir='ltr'>περὶ</span> 
     </span>
    </p>
   </div>
   <div class='ocr_carea' id='block_1_21' title="bbox 2014 792 3600 868">
    <p class='ocr_par' dir='ltr' id='par_1_21' title="bbox 2014 792 3600 868">
     <span class='ocr_line' id='line_1_21' title="bbox 2014 792 3600 868; baseline 0.006 -25"><span class='ocrx_word' id='word_1_146' title='bbox 2014 792 2206 844; x_wconf 71' lang='grc' dir='ltr'>τούτου</span> <span class='ocrx_word' id='word_1_147' title='bbox 2239 793 2349 860; x_wconf 66' lang='grc' dir='ltr'><strong>ἐγὼ</strong></span> <span class='ocrx_word' id='word_1_148' title='bbox 2374 796 2530 846; x_wconf 78' lang='grc' dir='ltr'>τόσον</span> <span class='ocrx_word' id='word_1_149' title='bbox 2561 795 2779 847; x_wconf 78' lang='grc' dir='ltr'><strong>ἑάλωκα</strong></span> <span class='ocrx_word' id='word_1_150' title='bbox 2803 797 2899 866; x_wconf 78' lang='grc' dir='ltr'><strong>τῆς</strong></span> <span class='ocrx_word' id='word_1_151' title='bbox 2933 797 3068 865; x_wconf 76' lang='grc' dir='ltr'>πρὸς</span> <span class='ocrx_word' id='word_1_152' title='bbox 3094 799 3257 850; x_wconf 72' lang='grc' dir='ltr'>αὐτὸν</span> <span class='ocrx_word' id='word_1_153' title='bbox 3283 800 3600 868; x_wconf 70' lang='grc' dir='ltr'>διαθέσεως,</span> 
     </span>
    </p>
   </div>
   <div class='ocr_carea' id='block_1_22' title="bbox 2014 883 3604 960">
    <p class='ocr_par' dir='ltr' id='par_1_22' title="bbox 2014 883 3604 960">
     <span class='ocr_line' id='line_1_22' title="bbox 2014 883 3604 960; baseline 0.006 -27"><span class='ocrx_word' id='word_1_154' title='bbox 2014 883 2089 945; x_wconf 80' lang='grc' dir='ltr'><strong>ὡς</strong></span> <span class='ocrx_word' id='word_1_155' title='bbox 2120 884 2249 938; x_wconf 87' lang='grc' dir='ltr'>ἄλλο</span> <span class='ocrx_word' id='word_1_156' title='bbox 2290 903 2343 936; x_wconf 81' lang='grc' dir='ltr'>τι</span> <span class='ocrx_word' id='word_1_157' title='bbox 2392 885 2704 951; x_wconf 76' lang='grc' dir='ltr'>λογίζεσθαι</span> <span class='ocrx_word' id='word_1_158' title='bbox 2751 888 2845 941; x_wconf 78' lang='grc' dir='ltr'>νῦν</span> <span class='ocrx_word' id='word_1_159' title='bbox 2897 889 3112 957; x_wconf 69' lang='grc' dir='ltr'>συμϐὰν</span> <span class='ocrx_word' id='word_1_160' title='bbox 3140 890 3229 943; x_wconf 78' lang='grc' dir='ltr'>ἐπ’</span> <span class='ocrx_word' id='word_1_161' title='bbox 3260 892 3383 960; x_wconf 62' lang='grc' dir='ltr'>ἐμοὶ</span> <span class='ocrx_word' id='word_1_162' title='bbox 3435 895 3512 955; x_wconf 81' lang='grc' dir='ltr'><strong>εἰς</strong></span> <span class='ocrx_word' id='word_1_163' title='bbox 3544 894 3604 943; x_wconf 80' lang='grc' dir='ltr'><strong>τὸ</strong></span> 
     </span>
    </p>
   </div>
   <div class='ocr_carea' id='block_1_23' title="bbox 2016 976 3601 1053">
    <p class='ocr_par' dir='ltr' id='par_1_23' title="bbox 2016 976 3601 1053">
     <span class='ocr_line' id='line_1_23' title="bbox 2016 976 3601 1053; baseline 0.006 -26"><span class='ocrx_word' id='word_1_164' title='bbox 2016 976 2455 1045; x_wconf 67' lang='grc' dir='ltr'>καεαὶαμεάνειν</span> <span class='ocrx_word' id='word_1_165' title='bbox 2485 978 2560 1041; x_wconf 82' lang='grc' dir='ltr'><strong>ὠς</strong></span> <span class='ocrx_word' id='word_1_166' title='bbox 2598 978 2822 1032; x_wconf 80' lang='grc' dir='ltr'>δυνατὸν</span> <span class='ocrx_word' id='word_1_167' title='bbox 2860 980 3105 1049; x_wconf 73' lang='grc' dir='ltr'>κρίματα</span> <span class='ocrx_word' id='word_1_168' title='bbox 3144 983 3261 1035; x_wconf 79' lang='grc' dir='ltr'>θεῖα</span> <span class='ocrx_word' id='word_1_169' title='bbox 3287 984 3319 1052; x_wconf 74' lang='grc' dir='ltr'>ἢ</span> <span class='ocrx_word' id='word_1_170' title='bbox 3346 978 3431 1036; x_wconf 67' lang='grc' dir='ltr'><strong>ὅτε</strong></span> <span class='ocrx_word' id='word_1_171' title='bbox 3472 986 3601 1053; x_wconf 79' lang='grc' dir='ltr'>παρ’</span> 
     </span>
    </p>
   </div>
   <div class='ocr_carea' id='block_1_24' title="bbox 2017 1065 3603 1138">
    <p class='ocr_par' dir='ltr' id='par_1_24' title="bbox 2017 1065 3603 1138">
     <span class='ocr_line' id='line_1_24' title="bbox 2017 1065 3603 1138; baseline 0.007 -21"><span class='ocrx_word' id='word_1_172' title='bbox 2017 1065 2196 1128; x_wconf 83' lang='grc' dir='ltr'>ἄλλοις</span> <span class='ocrx_word' id='word_1_173' title='bbox 2234 1068 2554 1136; x_wconf 77' lang='grc' dir='ltr'>ἐμάνθανον,</span> <span class='ocrx_word' id='word_1_174' title='bbox 2587 1069 2727 1124; x_wconf 78' lang='grc' dir='ltr'>ὥστε</span> <span class='ocrx_word' id='word_1_175' title='bbox 2777 1072 2872 1125; x_wconf 70' lang='grc' dir='ltr'><strong>καὶ</strong></span> <span class='ocrx_word' id='word_1_176' title='bbox 2908 1072 3040 1125; x_wconf 72' lang='grc' dir='ltr'>αὐτὸ</span> <span class='ocrx_word' id='word_1_177' title='bbox 3069 1073 3129 1126; x_wconf 82' lang='grc' dir='ltr'><strong>τὸ</strong></span> <span class='ocrx_word' id='word_1_178' title='bbox 3169 1076 3383 1138; x_wconf 75' lang='grc' dir='ltr'>πολλοῖς</span> <span class='ocrx_word' id='word_1_179' title='bbox 3412 1076 3603 1129; x_wconf 71' lang='grc' dir='ltr'>δοκοῦν</span> 
     </span>
    </p>
   </div>
   <div class='ocr_carea' id='block_1_25' title="bbox 2015 1158 3599 1235">
    <p class='ocr_par' dir='ltr' id='par_1_25' title="bbox 2015 1158 3599 1235">
     <span class='ocr_line' id='line_1_25' title="bbox 2015 1158 3599 1235; baseline 0.008 -26"><span class='ocrx_word' id='word_1_180' title='bbox 2015 1158 2306 1227; x_wconf 74' lang='grc' dir='ltr'><strong>ἐλάττωμα</strong></span> <span class='ocrx_word' id='word_1_181' title='bbox 2356 1160 2449 1211; x_wconf 78' lang='grc' dir='ltr'>τοῦ</span> <span class='ocrx_word' id='word_1_182' title='bbox 2506 1162 2699 1230; x_wconf 77' lang='grc' dir='ltr'>ἀνδρὸς</span> <span class='ocrx_word' id='word_1_183' title='bbox 2754 1165 3076 1233; x_wconf 77' lang='grc' dir='ltr'>προτέρημα</span> <span class='ocrx_word' id='word_1_184' title='bbox 3112 1167 3313 1234; x_wconf 77' lang='grc' dir='ltr'>μᾶλλον</span> <span class='ocrx_word' id='word_1_185' title='bbox 3365 1166 3599 1235; x_wconf 76' lang='grc' dir='ltr'><strong>ἔκρινον·</strong></span> 
     </span>
    </p>
   </div>
   <div class='ocr_carea' id='block_1_26' title="bbox 2018 1250 3604 1325">
    <p class='ocr_par' dir='ltr' id='par_1_26' title="bbox 2018 1250 3604 1325">
     <span class='ocr_line' id='line_1_26' title="bbox 2018 1250 3604 1325; baseline 0.007 -24"><span class='ocrx_word' id='word_1_186' title='bbox 2018 1250 2083 1302; x_wconf 76' lang='grc' dir='ltr'><strong>Τί</strong></span> <span class='ocrx_word' id='word_1_187' title='bbox 2117 1251 2248 1320; x_wconf 83' lang='grc' dir='ltr'>γὰρ,</span> <span class='ocrx_word' id='word_1_188' title='bbox 2298 1252 2506 1319; x_wconf 78' lang='grc' dir='ltr'>ἔλεγον,</span> <span class='ocrx_word' id='word_1_189' title='bbox 2559 1256 2608 1306; x_wconf 74' lang='grc' dir='ltr'>εἰ</span> <span class='ocrx_word' id='word_1_190' title='bbox 2668 1257 2762 1307; x_wconf 79' lang='grc' dir='ltr'><strong>καὶ</strong></span> <span class='ocrx_word' id='word_1_191' title='bbox 2795 1255 2926 1318; x_wconf 73' lang='grc' dir='ltr'>Θεδς</span> <span class='ocrx_word' id='word_1_192' title='bbox 2975 1254 3351 1325; x_wconf 68' lang='grc' dir='ltr'>φιλάνορωπος</span> <span class='ocrx_word' id='word_1_193' title='bbox 3407 1257 3482 1311; x_wconf 82' lang='grc' dir='ltr'><strong>ὣν</strong></span> <span class='ocrx_word' id='word_1_194' title='bbox 3534 1262 3604 1313; x_wconf 72' lang='grc' dir='ltr'><strong>τὰ</strong></span> 
     </span>
    </p>
   </div>
   <div class='ocr_carea' id='block_1_27' title="bbox 2021 1344 3603 1420">
    <p class='ocr_par' dir='ltr' id='par_1_27' title="bbox 2021 1344 3603 1420">
     <span class='ocr_line' id='line_1_27' title="bbox 2021 1344 3603 1420; baseline 0.005 -26"><span class='ocrx_word' id='word_1_195' title='bbox 2021 1344 2245 1398; x_wconf 85' lang='grc' dir='ltr'>πλεῖστα</span> <span class='ocrx_word' id='word_1_196' title='bbox 2274 1345 2499 1407; x_wconf 73' lang='grc' dir='ltr'>δικαίως</span> <span class='ocrx_word' id='word_1_197' title='bbox 2533 1346 2772 1412; x_wconf 68' lang='grc' dir='ltr'>κολάζει,</span> <span class='ocrx_word' id='word_1_198' title='bbox 2806 1349 2880 1411; x_wconf 85' lang='grc' dir='ltr'><strong>ὡς</strong></span> <span class='ocrx_word' id='word_1_199' title='bbox 2906 1350 3247 1420; x_wconf 67' lang='grc' dir='ltr'>καθαρτικῆς</span> <span class='ocrx_word' id='word_1_200' title='bbox 3284 1349 3412 1413; x_wconf 78' lang='grc' dir='ltr'>ἴσως</span> <span class='ocrx_word' id='word_1_201' title='bbox 3437 1349 3603 1418; x_wconf 76' lang='grc' dir='ltr'>οὔσης</span> 
     </span>
    </p>
   </div>
   <div class='ocr_carea' id='block_1_28' title="bbox 2018 1437 3602 1513">
    <p class='ocr_par' dir='ltr' id='par_1_28' title="bbox 2018 1437 3602 1513">
     <span class='ocr_line' id='line_1_28' title="bbox 2018 1437 3602 1513; baseline 0.003 -22"><span class='ocrx_word' id='word_1_202' title='bbox 2018 1439 2111 1491; x_wconf 72' lang='grc' dir='ltr'><strong>καὶ</strong></span> <span class='ocrx_word' id='word_1_203' title='bbox 2148 1439 2245 1507; x_wconf 79' lang='grc' dir='ltr'><strong>τῆς</strong></span> <span class='ocrx_word' id='word_1_204' title='bbox 2279 1437 2585 1503; x_wconf 75' lang='grc' dir='ltr'>κολάσεω;;</span> <span class='ocrx_word' id='word_1_205' title='bbox 2622 1439 2650 1492; x_wconf 78' lang='grc' dir='ltr'><strong>δ</strong></span> <span class='ocrx_word' id='word_1_206' title='bbox 2683 1440 2746 1509; x_wconf 82' lang='grc' dir='ltr'><strong>δὴ</strong></span> <span class='ocrx_word' id='word_1_207' title='bbox 2800 1442 2893 1493; x_wconf 72' lang='grc' dir='ltr'><strong>καὶ</strong></span> <span class='ocrx_word' id='word_1_208' title='bbox 2930 1441 3342 1512; x_wconf 79' lang='grc' dir='ltr'><strong>φιλανθρωπίας</strong></span> <span class='ocrx_word' id='word_1_209' title='bbox 3402 1444 3602 1513; x_wconf 82' lang='grc' dir='ltr'>μᾶλλον</span> 
     </span>
    </p>
   </div>
   <div class='ocr_carea' id='block_1_29' title="bbox 2018 1531 3604 1605">
    <p class='ocr_par' dir='ltr' id='par_1_29' title="bbox 2018 1531 3604 1605">
     <span class='ocr_line' id='line_1_29' title="bbox 2018 1531 3604 1605; baseline 0.006 -24"><span class='ocrx_word' id='word_1_210' title='bbox 2018 1532 2162 1582; x_wconf 77' lang='grc' dir='ltr'>εἴποι</span> <span class='ocrx_word' id='word_1_211' title='bbox 2190 1547 2271 1592; x_wconf 87' lang='grc' dir='ltr'><strong>τις</strong></span> <span class='ocrx_word' id='word_1_212' title='bbox 2319 1531 2483 1600; x_wconf 75' lang='grc' dir='ltr'>μέρος</span> <span class='ocrx_word' id='word_1_213' title='bbox 2520 1533 2580 1583; x_wconf 79' lang='grc' dir='ltr'><strong>οὐ</strong></span> <span class='ocrx_word' id='word_1_214' title='bbox 2621 1532 2681 1584; x_wconf 79' lang='grc' dir='ltr'><strong>τὸ</strong></span> <span class='ocrx_word' id='word_1_215' title='bbox 2720 1534 2902 1601; x_wconf 81' lang='grc' dir='ltr'><strong>τυχόν.</strong></span> <span class='ocrx_word' id='word_1_216' title='bbox 2938 1535 3047 1586; x_wconf 79' lang='grc' dir='ltr'><strong>Καὶ</strong></span> <span class='ocrx_word' id='word_1_217' title='bbox 3093 1535 3174 1588; x_wconf 83' lang='grc' dir='ltr'>ὅτι</span> <span class='ocrx_word' id='word_1_218' title='bbox 3213 1537 3310 1605; x_wconf 77' lang='grc' dir='ltr'>μὲν</span> <span class='ocrx_word' id='word_1_219' title='bbox 3348 1535 3604 1602; x_wconf 77' lang='grc' dir='ltr'>αὐτεξού-</span> 
     </span>
    </p>
   </div>
   <div class='ocr_carea' id='block_1_30' title="bbox 2019 1622 3600 1700">
    <p class='ocr_par' dir='ltr' id='par_1_30' title="bbox 2019 1622 3600 1700">
     <span class='ocr_line' id='line_1_30' title="bbox 2019 1622 3600 1700; baseline 0.007 -26"><span class='ocrx_word' id='word_1_220' title='bbox 2019 1638 2132 1685; x_wconf 78' lang='grc' dir='ltr'>σιος</span> <span class='ocrx_word' id='word_1_221' title='bbox 2164 1622 2447 1692; x_wconf 81' lang='grc' dir='ltr'>ἄνθρωπος</span> <span class='ocrx_word' id='word_1_222' title='bbox 2492 1624 2712 1687; x_wconf 71' lang='grc' dir='ltr'>πάντως</span> <span class='ocrx_word' id='word_1_223' title='bbox 2748 1623 2859 1695; x_wconf 74' lang='grc' dir='ltr'>ἔχει</span> <span class='ocrx_word' id='word_1_224' title='bbox 2906 1627 3141 1696; x_wconf 77' lang='grc' dir='ltr'>χρῆσθαι</span> <span class='ocrx_word' id='word_1_225' title='bbox 3176 1631 3243 1698; x_wconf 78' lang='grc' dir='ltr'><strong>τῇ</strong></span> <span class='ocrx_word' id='word_1_226' title='bbox 3286 1631 3600 1700; x_wconf 65' lang='grc' dir='ltr'>προαιρέσει</span> 
     </span>
    </p>
   </div>
   <div class='ocr_carea' id='block_1_31' title="bbox 2020 1803 3601 1876">
    <p class='ocr_par' dir='ltr' id='par_1_31' title="bbox 2020 1803 3601 1876">
     <span class='ocr_line' id='line_1_31' title="bbox 2020 1803 3601 1876; baseline 0.007 -22"><span class='ocrx_word' id='word_1_227' title='bbox 2020 1810 2239 1872; x_wconf 90' lang='lat' dir='ltr'><strong>tempus</strong></span> <span class='ocrx_word' id='word_1_228' title='bbox 2291 1803 2677 1859; x_wconf 71' lang='lat' dir='ltr'><strong>intervenisset</strong></span> <span class='ocrx_word' id='word_1_229' title='bbox 2707 1806 2992 1876; x_wconf 79' lang='lat' dir='ltr'><strong>quippiam</strong></span> <span class='ocrx_word' id='word_1_230' title='bbox 3040 1824 3253 1862; x_wconf 88' lang='lat' dir='ltr'><strong>summa</strong></span> <span class='ocrx_word' id='word_1_231' title='bbox 3284 1810 3601 1865; x_wconf 85' lang='lat' dir='ltr'><strong>considera-</strong></span> 
     </span>
    </p>
   </div>
   <div class='ocr_carea' id='block_1_32' title="bbox 321 1875 3598 1974">
    <p class='ocr_par' dir='ltr' id='par_1_32' title="bbox 321 1875 3598 1974">
     <span class='ocr_line' id='line_1_32' title="bbox 321 1875 3598 1974; baseline -0.002 -12"><span class='ocrx_word' id='word_1_232' title='bbox 321 1908 481 1974; x_wconf 68' lang='lat' dir='ltr'><strong>Quorl</strong></span> <span class='ocrx_word' id='word_1_233' title='bbox 511 1908 556 1963; x_wconf 90' lang='lat' dir='ltr'><strong>si</strong></span> <span class='ocrx_word' id='word_1_234' title='bbox 593 1906 798 1969; x_wconf 76' lang='lat' dir='ltr'><strong>facitis,</strong></span> <span class='ocrx_word' id='word_1_235' title='bbox 828 1905 941 1970; x_wconf 86' lang='lat' dir='ltr'><strong>jam</strong></span> <span class='ocrx_word' id='word_1_236' title='bbox 976 1904 1259 1957; x_wconf 89' lang='lat' dir='ltr'><strong>nobiscum</strong></span> <span class='ocrx_word' id='word_1_237' title='bbox 1291 1901 1641 1965; x_wconf 84' lang='lat' dir='ltr'><strong>consentitis,</strong></span> <span class='ocrx_word' id='word_1_238' title='bbox 1672 1900 1785 1966; x_wconf 88' lang='lat' dir='ltr'><strong>jam</strong></span> <span class='ocrx_word' id='word_1_239' title='bbox 1824 1915 1919 1951; x_wconf 88' lang='lat' dir='ltr'><strong>vo-</strong></span> <span class='ocrx_word' id='word_1_240' title='bbox 1949 1875 1993 1934; x_wconf 80' lang='grc' dir='ltr'>Β</span> <span class='ocrx_word' id='word_1_241' title='bbox 2024 1898 2173 1951; x_wconf 89' lang='lat' dir='ltr'><strong>tione</strong></span> <span class='ocrx_word' id='word_1_242' title='bbox 2207 1898 2457 1967; x_wconf 79' lang='lat' dir='ltr'><strong>dignum,</strong></span> <span class='ocrx_word' id='word_1_243' title='bbox 2519 1900 2665 1968; x_wconf 91' lang='lat' dir='ltr'><strong>quod</strong></span> <span class='ocrx_word' id='word_1_244' title='bbox 2730 1907 2899 1953; x_wconf 82' lang='lat' dir='ltr'><strong>totam</strong></span> <span class='ocrx_word' id='word_1_245' title='bbox 2943 1901 3009 1954; x_wconf 92' lang='lat' dir='ltr'><strong>ad</strong></span> <span class='ocrx_word' id='word_1_246' title='bbox 3051 1916 3113 1955; x_wconf 92' lang='lat' dir='ltr'><strong>sc</strong></span> <span class='ocrx_word' id='word_1_247' title='bbox 3151 1914 3360 1971; x_wconf 88' lang='lat' dir='ltr'><strong>raptam</strong></span> <span class='ocrx_word' id='word_1_248' title='bbox 3423 1919 3598 1957; x_wconf 89' lang='lat' dir='ltr'><strong>meam</strong></span> 
     </span>
    </p>
   </div>
   <div class='ocr_carea' id='block_1_33' title="bbox 325 1993 1912 2059">
    <p class='ocr_par' dir='ltr' id='par_1_33' title="bbox 325 1993 1912 2059">
     <span class='ocr_line' id='line_1_33' title="bbox 325 1993 1912 2059; baseline -0.006 -4"><span class='ocrx_word' id='word_1_249' title='bbox 325 2004 412 2055; x_wconf 88' lang='lat' dir='ltr'><strong>bis</strong></span> <span class='ocrx_word' id='word_1_250' title='bbox 448 2015 640 2054; x_wconf 86' lang='lat' dir='ltr'><strong>manus</strong></span> <span class='ocrx_word' id='word_1_251' title='bbox 672 1999 889 2059; x_wconf 84' lang='lat' dir='ltr'><strong>damus,</strong></span> <span class='ocrx_word' id='word_1_252' title='bbox 933 1997 1153 2051; x_wconf 85' lang='lat' dir='ltr'><strong>cunctis</strong></span> <span class='ocrx_word' id='word_1_253' title='bbox 1185 1998 1327 2049; x_wconf 90' lang='lat' dir='ltr'><strong>inter</strong></span> <span class='ocrx_word' id='word_1_254' title='bbox 1362 2010 1463 2049; x_wconf 86' lang='lat' dir='ltr'><strong>nos</strong></span> <span class='ocrx_word' id='word_1_255' title='bbox 1514 1993 1912 2047; x_wconf 69' lang='lat' dir='ltr'><strong>controversiis</strong></span> 
     </span>
    </p>
   </div>
   <div class='ocr_carea' id='block_1_34' title="bbox 325 2084 1918 2161">
    <p class='ocr_par' dir='ltr' id='par_1_34' title="bbox 325 2084 1918 2161">
     <span class='ocr_line' id='line_1_34' title="bbox 325 2084 1918 2161; baseline -0.007 -13"><span class='ocrx_word' id='word_1_256' title='bbox 325 2093 580 2148; x_wconf 76' lang='lat' dir='ltr'><strong>sublatis.</strong></span> <span class='ocrx_word' id='word_1_257' title='bbox 620 2093 714 2145; x_wconf 85' lang='lat' dir='ltr'><strong>Sin</strong></span> <span class='ocrx_word' id='word_1_258' title='bbox 762 2092 989 2161; x_wconf 71' lang='lat' dir='ltr'><strong>pet-gitis</strong></span> <span class='ocrx_word' id='word_1_259' title='bbox 1015 2088 1174 2160; x_wconf 62' lang='grc'><strong>471</strong></span> <span class='ocrx_word' id='word_1_260' title='bbox 1241 2088 1527 2149; x_wconf 87' lang='lat' dir='ltr'><strong>resistere,</strong></span> <span class='ocrx_word' id='word_1_261' title='bbox 1594 2088 1676 2141; x_wconf 88' lang='lat' dir='ltr'><strong>sin</strong></span> <span class='ocrx_word' id='word_1_262' title='bbox 1718 2084 1918 2137; x_wconf 87' lang='lat' dir='ltr'><strong>admit-</strong></span> 
     </span>
    </p>
   </div>
   <div class='ocr_carea' id='block_1_35' title="bbox 324 2179 1909 2253">
    <p class='ocr_par' dir='ltr' id='par_1_35' title="bbox 324 2179 1909 2253">
     <span class='ocr_line' id='line_1_35' title="bbox 324 2179 1909 2253; baseline -0.005 -13"><span class='ocrx_word' id='word_1_263' title='bbox 324 2195 447 2240; x_wconf 84' lang='lat' dir='ltr'><strong>tere</strong></span> <span class='ocrx_word' id='word_1_264' title='bbox 495 2201 593 2253; x_wconf 79' lang='lat' dir='ltr'><strong>pro</strong></span> <span class='ocrx_word' id='word_1_265' title='bbox 636 2185 779 2238; x_wconf 82' lang='lat' dir='ltr'><strong>veris</strong></span> <span class='ocrx_word' id='word_1_266' title='bbox 833 2189 1335 2238; x_wconf 79' lang='lat' dir='ltr'><strong>recusattsnostra:</strong></span> <span class='ocrx_word' id='word_1_267' title='bbox 1389 2179 1561 2245; x_wconf 87' lang='lat' dir='ltr'><strong>partis</strong></span> <span class='ocrx_word' id='word_1_268' title='bbox 1611 2179 1909 2244; x_wconf 82' lang='lat' dir='ltr'><strong>antistites,</strong></span> 
     </span>
    </p>
   </div>
   <div class='ocr_carea' id='block_1_36' title="bbox 321 2274 1916 2348">
    <p class='ocr_par' dir='ltr' id='par_1_36' title="bbox 321 2274 1916 2348">
     <span class='ocr_line' id='line_1_36' title="bbox 321 2274 1916 2348; baseline -0.002 -19"><span class='ocrx_word' id='word_1_269' title='bbox 321 2280 436 2348; x_wconf 82' lang='lat' dir='ltr'><strong>jam</strong></span> <span class='ocrx_word' id='word_1_270' title='bbox 474 2281 606 2331; x_wconf 85' lang='lat' dir='ltr'><strong>estis</strong></span> <span class='ocrx_word' id='word_1_271' title='bbox 633 2294 860 2347; x_wconf 83' lang='lat' dir='ltr'><strong>prorsus</strong></span> <span class='ocrx_word' id='word_1_272' title='bbox 889 2276 1218 2345; x_wconf 84' lang='lat' dir='ltr'><strong>importuni,</strong></span> <span class='ocrx_word' id='word_1_273' title='bbox 1258 2274 1348 2345; x_wconf 83' lang='lat' dir='ltr'><strong>qui</strong></span> <span class='ocrx_word' id='word_1_274' title='bbox 1382 2274 1660 2327; x_wconf 78' lang='lat' dir='ltr'><strong>studentis</strong></span> <span class='ocrx_word' id='word_1_275' title='bbox 1685 2288 1916 2342; x_wconf 86' lang='lat' dir='ltr'><strong>persua-</strong></span> 
     </span>
    </p>
   </div>
   <div class='ocr_carea' id='block_1_37' title="bbox 322 2365 1917 2435">
    <p class='ocr_par' dir='ltr' id='par_1_37' title="bbox 322 2365 1917 2435">
     <span class='ocr_line' id='line_1_37' title="bbox 322 2365 1917 2435; baseline -0.004 -11"><span class='ocrx_word' id='word_1_276' title='bbox 322 2373 461 2424; x_wconf 69' lang='lat' dir='ltr'><strong>dt-te</strong></span> <span class='ocrx_word' id='word_1_277' title='bbox 503 2370 708 2421; x_wconf 83' lang='lat' dir='ltr'><strong>nullum</strong></span> <span class='ocrx_word' id='word_1_278' title='bbox 764 2368 928 2421; x_wconf 74' lang='lat' dir='ltr'><strong>hodie</strong></span> <span class='ocrx_word' id='word_1_279' title='bbox 980 2369 1032 2420; x_wconf 86' lang='lat' dir='ltr'><strong>itt</strong></span> <span class='ocrx_word' id='word_1_280' title='bbox 1084 2368 1247 2421; x_wconf 83' lang='lat' dir='ltr'><strong>terris</strong></span> <span class='ocrx_word' id='word_1_281' title='bbox 1306 2366 1531 2435; x_wconf 87' lang='lat' dir='ltr'><strong>reperiri</strong></span> <span class='ocrx_word' id='word_1_282' title='bbox 1570 2381 1756 2419; x_wconf 85' lang='lat' dir='ltr'><strong>verum</strong></span> <span class='ocrx_word' id='word_1_283' title='bbox 1801 2365 1917 2434; x_wconf 74' lang='lat' dir='ltr'><strong>epi—</strong></span> 
     </span>
    </p>
   </div>
   <div class='ocr_carea' id='block_1_38' title="bbox 330 2456 1916 2531">
    <p class='ocr_par' dir='ltr' id='par_1_38' title="bbox 330 2456 1916 2531">
     <span class='ocr_line' id='line_1_38' title="bbox 330 2456 1916 2531; baseline -0.003 -15"><span class='ocrx_word' id='word_1_284' title='bbox 330 2476 597 2531; x_wconf 78' lang='lat' dir='ltr'><strong>seopnm;</strong></span> <span class='ocrx_word' id='word_1_285' title='bbox 630 2456 777 2529; x_wconf 90' lang='lat' dir='ltr'><strong>quod</strong></span> <span class='ocrx_word' id='word_1_286' title='bbox 812 2460 905 2529; x_wconf 86' lang='lat' dir='ltr'><strong>qui</strong></span> <span class='ocrx_word' id='word_1_287' title='bbox 948 2460 1101 2523; x_wconf 85' lang='lat' dir='ltr'><strong>dicit,</strong></span> <span class='ocrx_word' id='word_1_288' title='bbox 1151 2458 1513 2512; x_wconf 80' lang='lat' dir='ltr'><strong>sacerdotalis</strong></span> <span class='ocrx_word' id='word_1_289' title='bbox 1553 2458 1916 2511; x_wconf 83' lang='lat' dir='ltr'><strong>ordinationis</strong></span> 
     </span>
    </p>
   </div>
   <div class='ocr_carea' id='block_1_39' title="bbox 319 2552 1917 2618">
    <p class='ocr_par' dir='ltr' id='par_1_39' title="bbox 319 2552 1917 2618">
     <span class='ocr_line' id='line_1_39' title="bbox 319 2552 1917 2618; baseline -0.004 -9"><span class='ocrx_word' id='word_1_290' title='bbox 319 2555 584 2609; x_wconf 63' lang='lat' dir='ltr'><strong>exhaurit</strong></span> <span class='ocrx_word' id='word_1_291' title='bbox 638 2554 864 2613; x_wconf 80' lang='lat' dir='ltr'><strong>fontem,</strong></span> <span class='ocrx_word' id='word_1_292' title='bbox 901 2562 956 2606; x_wconf 84' lang='lat' dir='ltr'><strong>et.</strong></span> <span class='ocrx_word' id='word_1_293' title='bbox 999 2568 1028 2606; x_wconf 78' lang='grc' dir='ltr'><strong>ο</strong></span> <span class='ocrx_word' id='word_1_294' title='bbox 1077 2552 1242 2605; x_wconf 81' lang='lat' dir='ltr'><strong>rebus</strong></span> <span class='ocrx_word' id='word_1_295' title='bbox 1282 2552 1543 2605; x_wconf 78' lang='lat' dir='ltr'><strong>humanis</strong></span> <span class='ocrx_word' id='word_1_296' title='bbox 1593 2564 1741 2618; x_wconf 85' lang='lat' dir='ltr'><strong>spem</strong></span> <span class='ocrx_word' id='word_1_297' title='bbox 1799 2565 1917 2603; x_wconf 89' lang='lat' dir='ltr'><strong>om-</strong></span> 
     </span>
    </p>
   </div>
   <div class='ocr_carea' id='block_1_40' title="bbox 322 2639 1912 2710">
    <p class='ocr_par' dir='ltr' id='par_1_40' title="bbox 322 2639 1912 2710">
     <span class='ocr_line' id='line_1_40' title="bbox 322 2639 1912 2710; baseline -0.003 -15"><span class='ocrx_word' id='word_1_298' title='bbox 322 2658 453 2695; x_wconf 76' lang='lat' dir='ltr'><strong>nem</strong></span> <span class='ocrx_word' id='word_1_299' title='bbox 483 2643 813 2695; x_wconf 78' lang='lat' dir='ltr'><strong>exterminat</strong></span> <span class='ocrx_word' id='word_1_300' title='bbox 846 2641 1065 2695; x_wconf 75' lang='lat' dir='ltr'><strong>videndi</strong></span> <span class='ocrx_word' id='word_1_301' title='bbox 1116 2655 1360 2710; x_wconf 79' lang='lat' dir='ltr'><strong>unquam</strong></span> <span class='ocrx_word' id='word_1_302' title='bbox 1408 2639 1578 2693; x_wconf 90' lang='lat' dir='ltr'><strong>ullum</strong></span> <span class='ocrx_word' id='word_1_303' title='bbox 1637 2639 1912 2692; x_wconf 85' lang='lat' dir='ltr'><strong>hominem</strong></span> 
     </span>
    </p>
   </div>
   <div class='ocr_carea' id='block_1_41' title="bbox 319 2730 1913 2802">
    <p class='ocr_par' dir='ltr' id='par_1_41' title="bbox 319 2730 1913 2802">
     <span class='ocr_line' id='line_1_41' title="bbox 319 2730 1913 2802; baseline -0.002 -16"><span class='ocrx_word' id='word_1_304' title='bbox 319 2736 593 2789; x_wconf 72' lang='lat' dir='ltr'><strong>canonica</strong></span> <span class='ocrx_word' id='word_1_305' title='bbox 661 2734 1013 2802; x_wconf 87' lang='lat' dir='ltr'><strong>impositione</strong></span> <span class='ocrx_word' id='word_1_306' title='bbox 1077 2748 1338 2787; x_wconf 88' lang='lat' dir='ltr'><strong>manuum</strong></span> <span class='ocrx_word' id='word_1_307' title='bbox 1414 2730 1477 2785; x_wconf 89' lang='lat' dir='ltr'><strong>ad</strong></span> <span class='ocrx_word' id='word_1_308' title='bbox 1562 2730 1913 2785; x_wconf 80' lang='lat' dir='ltr'><strong>sacrificandi</strong></span> 
     </span>
    </p>
   </div>
   <div class='ocr_carea' id='block_1_42' title="bbox 316 2806 1916 2896">
    <p class='ocr_par' dir='ltr' id='par_1_42' title="bbox 316 2806 1916 2896">
     <span class='ocr_line' id='line_1_42' title="bbox 316 2806 1916 2896; baseline -0.003 -19"><span class='ocrx_word' id='word_1_309' title='bbox 316 2828 415 2896; x_wconf 80' lang='lat' dir='ltr'><strong>jus</strong></span> <span class='ocrx_word' id='word_1_310' title='bbox 461 2837 734 2880; x_wconf 84' lang='lat' dir='ltr'><strong>evectum.</strong></span> <span class='ocrx_word' id='word_1_311' title='bbox 773 2806 1067 2894; x_wconf 57' lang='lat' dir='ltr'><strong>Silacipitis</strong></span> <span class='ocrx_word' id='word_1_312' title='bbox 1113 2840 1183 2879; x_wconf 89' lang='lat' dir='ltr'><strong>an</strong></span> <span class='ocrx_word' id='word_1_313' title='bbox 1221 2824 1458 2892; x_wconf 87' lang='lat' dir='ltr'><strong>rejicitis</strong></span> <span class='ocrx_word' id='word_1_314' title='bbox 1505 2824 1578 2877; x_wconf 91' lang='lat' dir='ltr'><strong>ab</strong></span> <span class='ocrx_word' id='word_1_315' title='bbox 1625 2823 1916 2877; x_wconf 83' lang='lat' dir='ltr'><strong>existima-</strong></span> 
     </span>
    </p>
   </div>
   <div class='ocr_carea' id='block_1_43' title="bbox 326 2914 1913 2972">
    <p class='ocr_par' dir='ltr' id='par_1_43' title="bbox 326 2914 1913 2972">
     <span class='ocr_line' id='line_1_43' title="bbox 326 2914 1913 2972; baseline -0.004 0"><span class='ocrx_word' id='word_1_316' title='bbox 326 2932 484 2972; x_wconf 80' lang='lat' dir='ltr'><strong>ttuue</strong></span> <span class='ocrx_word' id='word_1_317' title='bbox 514 2927 695 2972; x_wconf 85' lang='lat' dir='ltr'><strong>vestra</strong></span> <span class='ocrx_word' id='word_1_318' title='bbox 729 2919 1017 2971; x_wconf 82' lang='lat' dir='ltr'><strong>manifeste</strong></span> <span class='ocrx_word' id='word_1_319' title='bbox 1051 2917 1453 2971; x_wconf 78' lang='lat' dir='ltr'><strong>intolerabilem</strong></span> <span class='ocrx_word' id='word_1_320' title='bbox 1513 2914 1913 2969; x_wconf 81' lang='lat' dir='ltr'><strong>absurditatetn</strong></span> 
     </span>
    </p>
   </div>
   <div class='ocr_carea' id='block_1_44' title="bbox 323 3003 1914 3078">
    <p class='ocr_par' dir='ltr' id='par_1_44' title="bbox 323 3003 1914 3078">
     <span class='ocr_line' id='line_1_44' title="bbox 323 3003 1914 3078; baseline -0.004 -14"><span class='ocrx_word' id='word_1_321' title='bbox 323 3012 496 3064; x_wconf 67' lang='lat' dir='ltr'><strong>istam</strong></span> <span class='ocrx_word' id='word_1_322' title='bbox 523 3010 546 3062; x_wconf 86' lang='lat'><strong>?</strong></span> <span class='ocrx_word' id='word_1_323' title='bbox 574 3003 746 3077; x_wconf 86' lang='lat' dir='ltr'><strong>Atqui</strong></span> <span class='ocrx_word' id='word_1_324' title='bbox 778 3010 897 3078; x_wconf 90' lang='lat' dir='ltr'><strong>ejus</strong></span> <span class='ocrx_word' id='word_1_325' title='bbox 930 3024 957 3061; x_wconf 90' lang='lat' dir='ltr'><strong>a</strong></span> <span class='ocrx_word' id='word_1_326' title='bbox 994 3009 1145 3063; x_wconf 86' lang='lat' dir='ltr'><strong>vobis</strong></span> <span class='ocrx_word' id='word_1_327' title='bbox 1175 3008 1511 3077; x_wconf 72' lang='lat' dir='ltr'><strong>depellenda:</strong></span> <span class='ocrx_word' id='word_1_328' title='bbox 1540 3022 1646 3061; x_wconf 91' lang='lat' dir='ltr'><strong>una</strong></span> <span class='ocrx_word' id='word_1_329' title='bbox 1680 3009 1795 3061; x_wconf 89' lang='lat' dir='ltr'><strong>sola</strong></span> <span class='ocrx_word' id='word_1_330' title='bbox 1830 3015 1914 3060; x_wconf 85' lang='lat' dir='ltr'><strong>est</strong></span> 
     </span>
    </p>
   </div>
   <div class='ocr_carea' id='block_1_45' title="bbox 324 3099 1917 3172">
    <p class='ocr_par' dir='ltr' id='par_1_45' title="bbox 324 3099 1917 3172">
     <span class='ocr_line' id='line_1_45' title="bbox 324 3099 1917 3172; baseline -0.005 -13"><span class='ocrx_word' id='word_1_331' title='bbox 324 3120 463 3159; x_wconf 80' lang='lat' dir='ltr'><strong>sane</strong></span> <span class='ocrx_word' id='word_1_332' title='bbox 489 3102 913 3172; x_wconf 87' lang='lat' dir='ltr'><strong>impeditissima</strong></span> <span class='ocrx_word' id='word_1_333' title='bbox 961 3102 1104 3153; x_wconf 82' lang='lat' dir='ltr'><strong>ratio</strong></span> <span class='ocrx_word' id='word_1_334' title='bbox 1137 3140 1151 3164; x_wconf 92' lang='lat'><strong>,</strong></span> <span class='ocrx_word' id='word_1_335' title='bbox 1188 3101 1242 3153; x_wconf 88' lang='lat' dir='ltr'><strong>in</strong></span> <span class='ocrx_word' id='word_1_336' title='bbox 1275 3114 1341 3154; x_wconf 84' lang='lat' dir='ltr'><strong>eo</strong></span> <span class='ocrx_word' id='word_1_337' title='bbox 1368 3100 1474 3154; x_wconf 85' lang='lat' dir='ltr'><strong>sita</strong></span> <span class='ocrx_word' id='word_1_338' title='bbox 1528 3110 1586 3154; x_wconf 90' lang='lat' dir='ltr'><strong>ut</strong></span> <span class='ocrx_word' id='word_1_339' title='bbox 1629 3099 1917 3154; x_wconf 83' lang='lat' dir='ltr'><strong>evidenter</strong></span> 
     </span>
    </p>
   </div>
   <div class='ocr_carea' id='block_1_46' title="bbox 321 3191 1915 3263">
    <p class='ocr_par' dir='ltr' id='par_1_46' title="bbox 321 3191 1915 3263">
     <span class='ocr_line' id='line_1_46' title="bbox 321 3191 1915 3263; baseline -0.003 -13"><span class='ocrx_word' id='word_1_340' title='bbox 321 3195 638 3251; x_wconf 79' lang='lat' dir='ltr'><strong>ostendatis</strong></span> <span class='ocrx_word' id='word_1_341' title='bbox 698 3210 869 3263; x_wconf 90' lang='lat' dir='ltr'><strong>super</strong></span> <span class='ocrx_word' id='word_1_342' title='bbox 909 3196 1091 3247; x_wconf 88' lang='lat' dir='ltr'><strong>adhuc</strong></span> <span class='ocrx_word' id='word_1_343' title='bbox 1152 3209 1274 3248; x_wconf 87' lang='lat' dir='ltr'><strong>esse</strong></span> <span class='ocrx_word' id='word_1_344' title='bbox 1330 3191 1491 3247; x_wconf 87' lang='lat' dir='ltr'><strong>hodie</strong></span> <span class='ocrx_word' id='word_1_345' title='bbox 1534 3194 1589 3246; x_wconf 91' lang='lat' dir='ltr'><strong>in</strong></span> <span class='ocrx_word' id='word_1_346' title='bbox 1648 3193 1785 3246; x_wconf 82' lang='lat' dir='ltr'><strong>vivis</strong></span> <span class='ocrx_word' id='word_1_347' title='bbox 1816 3192 1915 3245; x_wconf 86' lang='lat' dir='ltr'><strong>ali-</strong></span> 
     </span>
    </p>
   </div>
   <div class='ocr_carea' id='block_1_47' title="bbox 320 3285 1913 3360">
    <p class='ocr_par' dir='ltr' id='par_1_47' title="bbox 320 3285 1913 3360">
     <span class='ocr_line' id='line_1_47' title="bbox 320 3285 1913 3360; baseline -0.003 -16"><span class='ocrx_word' id='word_1_348' title='bbox 320 3306 467 3360; x_wconf 85' lang='lat' dir='ltr'><strong>quos</strong></span> <span class='ocrx_word' id='word_1_349' title='bbox 497 3303 789 3359; x_wconf 73' lang='lat' dir='ltr'><strong>episcopos</strong></span> <span class='ocrx_word' id='word_1_350' title='bbox 818 3303 882 3342; x_wconf 80' lang='lat' dir='ltr'><strong>ex</strong></span> <span class='ocrx_word' id='word_1_351' title='bbox 923 3303 988 3342; x_wconf 91' lang='lat' dir='ltr'><strong>eo</strong></span> <span class='ocrx_word' id='word_1_352' title='bbox 1020 3297 1268 3355; x_wconf 66' lang='lat' dir='ltr'><strong>tempare</strong></span> <span class='ocrx_word' id='word_1_353' title='bbox 1322 3301 1452 3353; x_wconf 84' lang='lat' dir='ltr'><strong>quo,</strong></span> <span class='ocrx_word' id='word_1_354' title='bbox 1515 3293 1706 3354; x_wconf 88' lang='lat' dir='ltr'><strong>utpote</strong></span> <span class='ocrx_word' id='word_1_355' title='bbox 1739 3285 1913 3340; x_wconf 86' lang='lat' dir='ltr'><strong>tribus</strong></span> 
     </span>
    </p>
   </div>
   <div class='ocr_carea' id='block_1_48' title="bbox 314 3377 1912 3452">
    <p class='ocr_par' dir='ltr' id='par_1_48' title="bbox 314 3377 1912 3452">
     <span class='ocr_line' id='line_1_48' title="bbox 314 3377 1912 3452; baseline -0.004 -16"><span class='ocrx_word' id='word_1_356' title='bbox 314 3383 433 3452; x_wconf 76' lang='lat' dir='ltr'><strong>jam</strong></span> <span class='ocrx_word' id='word_1_357' title='bbox 488 3387 806 3436; x_wconf 86' lang='lat' dir='ltr'><strong>memoratis</strong></span> <span class='ocrx_word' id='word_1_358' title='bbox 861 3379 1163 3443; x_wconf 85' lang='lat' dir='ltr'><strong>anteriore,</strong></span> <span class='ocrx_word' id='word_1_359' title='bbox 1227 3378 1378 3431; x_wconf 90' lang='lat' dir='ltr'><strong>nulia</strong></span> <span class='ocrx_word' id='word_1_360' title='bbox 1430 3388 1549 3431; x_wconf 89' lang='lat' dir='ltr'><strong>erat</strong></span> <span class='ocrx_word' id='word_1_361' title='bbox 1597 3378 1666 3431; x_wconf 91' lang='lat' dir='ltr'><strong>de</strong></span> <span class='ocrx_word' id='word_1_362' title='bbox 1718 3377 1912 3447; x_wconf 87' lang='lat' dir='ltr'><strong>cujus-</strong></span> 
     </span>
    </p>
   </div>
   <div class='ocr_carea' id='block_1_49' title="bbox 324 3471 1911 3546">
    <p class='ocr_par' dir='ltr' id='par_1_49' title="bbox 324 3471 1911 3546">
     <span class='ocr_line' id='line_1_49' title="bbox 324 3471 1911 3546; baseline -0.005 -17"><span class='ocrx_word' id='word_1_363' title='bbox 324 3491 495 3546; x_wconf 86' lang='lat' dir='ltr'><strong>quam</strong></span> <span class='ocrx_word' id='word_1_364' title='bbox 564 3476 813 3545; x_wconf 91' lang='lat' dir='ltr'><strong>ipsorum</strong></span> <span class='ocrx_word' id='word_1_365' title='bbox 875 3483 1020 3528; x_wconf 81' lang='lat' dir='ltr'><strong>statu</strong></span> <span class='ocrx_word' id='word_1_366' title='bbox 1064 3486 1128 3526; x_wconf 79' lang='lat' dir='ltr'><strong>ac</strong></span> <span class='ocrx_word' id='word_1_367' title='bbox 1190 3479 1462 3538; x_wconf 81' lang='lat' dir='ltr'><strong>potestate</strong></span> <span class='ocrx_word' id='word_1_368' title='bbox 1508 3471 1911 3528; x_wconf 72' lang='lat' dir='ltr'><strong>controversia.</strong></span> 
     </span>
    </p>
   </div>
   <div class='ocr_carea' id='block_1_50' title="bbox 323 3564 1917 3636">
    <p class='ocr_par' dir='ltr' id='par_1_50' title="bbox 323 3564 1917 3636">
     <span class='ocr_line' id='line_1_50' title="bbox 323 3564 1917 3636; baseline -0.005 -14"><span class='ocrx_word' id='word_1_369' title='bbox 323 3568 538 3622; x_wconf 76' lang='lat' dir='ltr'><strong>Horum</strong></span> <span class='ocrx_word' id='word_1_370' title='bbox 581 3569 876 3636; x_wconf 71' lang='lat' dir='ltr'><strong>praasnlnm</strong></span> <span class='ocrx_word' id='word_1_371' title='bbox 928 3567 1128 3619; x_wconf 86' lang='lat' dir='ltr'><strong>veteris</strong></span> <span class='ocrx_word' id='word_1_372' title='bbox 1162 3573 1214 3616; x_wconf 85' lang='lat' dir='ltr'><strong>et</strong></span> <span class='ocrx_word' id='word_1_373' title='bbox 1267 3564 1478 3617; x_wconf 82' lang='lat' dir='ltr'><strong>nemini</strong></span> <span class='ocrx_word' id='word_1_374' title='bbox 1528 3573 1797 3631; x_wconf 71' lang='lat' dir='ltr'><strong>suspectae</strong></span> <span class='ocrx_word' id='word_1_375' title='bbox 1828 3577 1917 3617; x_wconf 89' lang='lat' dir='ltr'><strong>or-</strong></span> 
     </span>
    </p>
   </div>
   <div class='ocr_carea' id='block_1_51' title="bbox 320 3656 1915 3728">
    <p class='ocr_par' dir='ltr' id='par_1_51' title="bbox 320 3656 1915 3728">
     <span class='ocr_line' id='line_1_51' title="bbox 320 3656 1915 3728; baseline -0.004 -12"><span class='ocrx_word' id='word_1_376' title='bbox 320 3662 630 3716; x_wconf 82' lang='lat' dir='ltr'><strong>dinationis</strong></span> <span class='ocrx_word' id='word_1_377' title='bbox 671 3662 716 3715; x_wconf 90' lang='lat' dir='ltr'><strong>si</strong></span> <span class='ocrx_word' id='word_1_378' title='bbox 766 3674 928 3728; x_wconf 82' lang='lat' dir='ltr'><strong>quem</strong></span> <span class='ocrx_word' id='word_1_379' title='bbox 975 3658 1113 3712; x_wconf 80' lang='lat' dir='ltr'><strong>forte</strong></span> <span class='ocrx_word' id='word_1_380' title='bbox 1167 3657 1389 3710; x_wconf 89' lang='lat' dir='ltr'><strong>unicum</strong></span> <span class='ocrx_word' id='word_1_381' title='bbox 1434 3657 1485 3708; x_wconf 94' lang='lat' dir='ltr'><strong>in</strong></span> <span class='ocrx_word' id='word_1_382' title='bbox 1516 3656 1739 3708; x_wconf 85' lang='lat' dir='ltr'><strong>arcanis</strong></span> <span class='ocrx_word' id='word_1_383' title='bbox 1771 3656 1915 3724; x_wconf 89' lang='lat' dir='ltr'><strong>apud</strong></span> 
     </span>
    </p>
   </div>
   <div class='ocr_carea' id='block_1_52' title="bbox 322 3750 1918 3821">
    <p class='ocr_par' dir='ltr' id='par_1_52' title="bbox 322 3750 1918 3821">
     <span class='ocr_line' id='line_1_52' title="bbox 322 3750 1918 3821; baseline -0.007 -9"><span class='ocrx_word' id='word_1_384' title='bbox 322 3771 425 3812; x_wconf 80' lang='lat' dir='ltr'><strong>vos</strong></span> <span class='ocrx_word' id='word_1_385' title='bbox 459 3758 683 3811; x_wconf 85' lang='lat' dir='ltr'><strong>latebris</strong></span> <span class='ocrx_word' id='word_1_386' title='bbox 730 3758 837 3809; x_wconf 90' lang='lat' dir='ltr'><strong>huc</strong></span> <span class='ocrx_word' id='word_1_387' title='bbox 872 3770 1042 3821; x_wconf 85' lang='lat' dir='ltr'><strong>usque</strong></span> <span class='ocrx_word' id='word_1_388' title='bbox 1071 3751 1417 3814; x_wconf 86' lang='lat' dir='ltr'><strong>custodistis,</strong></span> <span class='ocrx_word' id='word_1_389' title='bbox 1471 3764 1661 3814; x_wconf 65' lang='lat' dir='ltr'><strong>quaeso</strong></span> <span class='ocrx_word' id='word_1_390' title='bbox 1715 3763 1783 3802; x_wconf 88' lang='lat' dir='ltr'><strong>ne</strong></span> <span class='ocrx_word' id='word_1_391' title='bbox 1833 3750 1918 3801; x_wconf 73' lang='lat' dir='ltr'><strong>in-</strong></span> 
     </span>
    </p>
   </div>
   <div class='ocr_carea' id='block_1_53' title="bbox 332 3841 1918 3912">
    <p class='ocr_par' dir='ltr' id='par_1_53' title="bbox 332 3841 1918 3912">
     <span class='ocr_line' id='line_1_53' title="bbox 332 3841 1918 3912; baseline -0.005 -7"><span class='ocrx_word' id='word_1_392' title='bbox 332 3844 574 3905; x_wconf 76' lang='lat' dir='ltr'><strong>videatis</strong></span> <span class='ocrx_word' id='word_1_393' title='bbox 617 3850 796 3911; x_wconf 81' lang='lat' dir='ltr'><strong>nubis.</strong></span> <span class='ocrx_word' id='word_1_394' title='bbox 852 3862 917 3901; x_wconf 91' lang='lat' dir='ltr'><strong>ne</strong></span> <span class='ocrx_word' id='word_1_395' title='bbox 952 3845 1143 3901; x_wconf 80' lang='lat' dir='ltr'><strong>celetis</strong></span> <span class='ocrx_word' id='word_1_396' title='bbox 1188 3844 1445 3912; x_wconf 80' lang='lat' dir='ltr'><strong>amplius.</strong></span> <span class='ocrx_word' id='word_1_397' title='bbox 1485 3841 1773 3895; x_wconf 75' lang='lat' dir='ltr'><strong>Osmndite</strong></span> <span class='ocrx_word' id='word_1_398' title='bbox 1802 3856 1918 3897; x_wconf 88' lang='lat' dir='ltr'><strong>rem</strong></span> 
     </span>
    </p>
   </div>
   <div class='ocr_carea' id='block_1_54' title="bbox 325 3931 1915 4003">
    <p class='ocr_par' dir='ltr' id='par_1_54' title="bbox 325 3931 1915 4003">
     <span class='ocr_line' id='line_1_54' title="bbox 325 3931 1915 4003; baseline -0.01 -5"><span class='ocrx_word' id='word_1_399' title='bbox 325 3941 719 3998; x_wconf 64' lang='lat' dir='ltr'><strong>necessariam.</strong></span> <span class='ocrx_word' id='word_1_400' title='bbox 766 3938 957 3991; x_wconf 82' lang='lat' dir='ltr'><strong>Videat</strong></span> <span class='ocrx_word' id='word_1_401' title='bbox 990 3938 1041 3989; x_wconf 90' lang='lat' dir='ltr'><strong>in</strong></span> <span class='ocrx_word' id='word_1_402' title='bbox 1077 3952 1142 3991; x_wconf 88' lang='lat' dir='ltr'><strong>eo</strong></span> <span class='ocrx_word' id='word_1_403' title='bbox 1170 3950 1266 4003; x_wconf 90' lang='lat' dir='ltr'><strong>per</strong></span> <span class='ocrx_word' id='word_1_404' title='bbox 1309 3949 1406 3987; x_wconf 88' lang='lat' dir='ltr'><strong>vos</strong></span> <span class='ocrx_word' id='word_1_405' title='bbox 1442 3941 1777 3986; x_wconf 80' lang='lat' dir='ltr'><strong>monstrato-</strong></span> <span class='ocrx_word' id='word_1_406' title='bbox 1806 3931 1915 3984; x_wconf 90' lang='lat' dir='ltr'><strong>ho-</strong></span> 
     </span>
    </p>
   </div>
   <div class='ocr_carea' id='block_1_55' title="bbox 323 4026 1921 4099">
    <p class='ocr_par' dir='ltr' id='par_1_55' title="bbox 323 4026 1921 4099">
     <span class='ocr_line' id='line_1_55' title="bbox 323 4026 1921 4099; baseline -0.011 -6"><span class='ocrx_word' id='word_1_407' title='bbox 323 4042 521 4094; x_wconf 87' lang='lat' dir='ltr'><strong>dierna</strong></span> <span class='ocrx_word' id='word_1_408' title='bbox 546 4035 793 4090; x_wconf 82' lang='lat' dir='ltr'><strong>Ecclesia</strong></span> <span class='ocrx_word' id='word_1_409' title='bbox 821 4034 1105 4088; x_wconf 80' lang='lat' dir='ltr'><strong>traducem</strong></span> <span class='ocrx_word' id='word_1_410' title='bbox 1134 4047 1249 4084; x_wconf 75' lang='lat' dir='ltr'><strong>suae</strong></span> <span class='ocrx_word' id='word_1_411' title='bbox 1278 4028 1692 4099; x_wconf 53' lang='lat' dir='ltr'><strong>propagationis</strong></span> <span class='ocrx_word' id='word_1_412' title='bbox 1729 4026 1795 4079; x_wconf 86' lang='lat' dir='ltr'><strong>ab</strong></span> <span class='ocrx_word' id='word_1_413' title='bbox 1824 4040 1921 4077; x_wconf 89' lang='lat' dir='ltr'><strong>an-</strong></span> 
     </span>
    </p>
   </div>
   <div class='ocr_carea' id='block_1_56' title="bbox 322 4117 1918 4201">
    <p class='ocr_par' dir='ltr' id='par_1_56' title="bbox 322 4117 1918 4201">
     <span class='ocr_line' id='line_1_56' title="bbox 322 4117 1918 4201; baseline -0.01 -15"><span class='ocrx_word' id='word_1_414' title='bbox 322 4135 506 4201; x_wconf 85' lang='lat' dir='ltr'><strong>tiqua,</strong></span> <span class='ocrx_word' id='word_1_415' title='bbox 561 4142 711 4197; x_wconf 88' lang='lat' dir='ltr'><strong>spem</strong></span> <span class='ocrx_word' id='word_1_416' title='bbox 752 4144 865 4181; x_wconf 74' lang='lat' dir='ltr'><strong>sua:</strong></span> <span class='ocrx_word' id='word_1_417' title='bbox 911 4124 1312 4179; x_wconf 84' lang='lat' dir='ltr'><strong>transl&#39;usionis</strong></span> <span class='ocrx_word' id='word_1_418' title='bbox 1371 4125 1424 4175; x_wconf 84' lang='lat' dir='ltr'><strong>in</strong></span> <span class='ocrx_word' id='word_1_419' title='bbox 1460 4130 1754 4188; x_wconf 84' lang='lat' dir='ltr'><strong>posteram.</strong></span> <span class='ocrx_word' id='word_1_420' title='bbox 1804 4117 1918 4171; x_wconf 79' lang='lat' dir='ltr'><strong>Me-</strong></span> 
     </span>
    </p>
   </div>
   <div class='ocr_carea' id='block_1_57' title="bbox 323 4209 1922 4289">
    <p class='ocr_par' dir='ltr' id='par_1_57' title="bbox 323 4209 1922 4289">
     <span class='ocr_line' id='line_1_57' title="bbox 323 4209 1922 4289; baseline -0.01 -11"><span class='ocrx_word' id='word_1_421' title='bbox 323 4224 460 4278; x_wconf 88' lang='lat' dir='ltr'><strong>mini</strong></span> <span class='ocrx_word' id='word_1_422' title='bbox 515 4221 814 4289; x_wconf 31' lang='lat' dir='ltr'><strong>vosvpaulo</strong></span> <span class='ocrx_word' id='word_1_423' title='bbox 844 4225 969 4271; x_wconf 90' lang='lat' dir='ltr'><strong>ante</strong></span> <span class='ocrx_word' id='word_1_424' title='bbox 1001 4226 1061 4270; x_wconf 91' lang='lat' dir='ltr'><strong>ut</strong></span> <span class='ocrx_word' id='word_1_425' title='bbox 1089 4216 1251 4270; x_wconf 86' lang='lat' dir='ltr'><strong>talem</strong></span> <span class='ocrx_word' id='word_1_426' title='bbox 1309 4214 1624 4267; x_wconf 76' lang='lat' dir='ltr'><strong>nominasse</strong></span> <span class='ocrx_word' id='word_1_427' title='bbox 1685 4209 1922 4263; x_wconf 81' lang='lat' dir='ltr'><strong>Marma-</strong></span> 
     </span>
    </p>
   </div>
   <div class='ocr_carea' id='block_1_58' title="bbox 323 4301 1921 4380">
    <p class='ocr_par' dir='ltr' id='par_1_58' title="bbox 323 4301 1921 4380">
     <span class='ocr_line' id='line_1_58' title="bbox 323 4301 1921 4380; baseline -0.008 -11"><span class='ocrx_word' id='word_1_428' title='bbox 323 4314 621 4369; x_wconf 81' lang='lat' dir='ltr'><strong>ritziorum</strong></span> <span class='ocrx_word' id='word_1_429' title='bbox 678 4313 996 4380; x_wconf 84' lang='lat' dir='ltr'><strong>episcopum</strong></span> <span class='ocrx_word' id='word_1_430' title='bbox 1033 4325 1046 4361; x_wconf 87' lang='lat'><strong>:</strong></span> <span class='ocrx_word' id='word_1_431' title='bbox 1085 4307 1180 4361; x_wconf 85' lang='lat' dir='ltr'><strong>sed</strong></span> <span class='ocrx_word' id='word_1_432' title='bbox 1242 4315 1613 4375; x_wconf 66' lang='lat' dir='ltr'><strong>praeterquam</strong></span> <span class='ocrx_word' id='word_1_433' title='bbox 1667 4301 1811 4371; x_wconf 89' lang='lat' dir='ltr'><strong>quod</strong></span> <span class='ocrx_word' id='word_1_434' title='bbox 1872 4302 1921 4356; x_wconf 89' lang='lat' dir='ltr'><strong>is</strong></span> 
     </span>
    </p>
   </div>
   <div class='ocr_carea' id='block_1_59' title="bbox 323 4395 1922 4479">
    <p class='ocr_par' dir='ltr' id='par_1_59' title="bbox 323 4395 1922 4479">
     <span class='ocr_line' id='line_1_59' title="bbox 323 4395 1922 4479; baseline -0.008 -16"><span class='ocrx_word' id='word_1_435' title='bbox 323 4424 551 4479; x_wconf 84' lang='lat' dir='ltr'><strong>quoque</strong></span> <span class='ocrx_word' id='word_1_436' title='bbox 603 4406 765 4461; x_wconf 83' lang='lat' dir='ltr'><strong>tinem</strong></span> <span class='ocrx_word' id='word_1_437' title='bbox 833 4418 980 4459; x_wconf 90' lang='lat' dir='ltr'><strong>nunc</strong></span> <span class='ocrx_word' id='word_1_438' title='bbox 1016 4403 1235 4457; x_wconf 86' lang='lat' dir='ltr'><strong>vlvendi</strong></span> <span class='ocrx_word' id='word_1_439' title='bbox 1298 4403 1451 4465; x_wconf 66' lang='lat' dir='ltr'><strong>fecit,</strong></span> <span class='ocrx_word' id='word_1_440' title='bbox 1489 4395 1654 4455; x_wconf 83' lang='lat' dir='ltr'><strong>etiam</strong></span> <span class='ocrx_word' id='word_1_441' title='bbox 1720 4399 1786 4453; x_wconf 89' lang='lat' dir='ltr'><strong>de</strong></span> <span class='ocrx_word' id='word_1_442' title='bbox 1816 4398 1922 4452; x_wconf 87' lang='lat' dir='ltr'><strong>hoc</strong></span> 
     </span>
    </p>
   </div>
   <div class='ocr_carea' id='block_1_60' title="bbox 324 4491 1921 4570">
    <p class='ocr_par' dir='ltr' id='par_1_60' title="bbox 324 4491 1921 4570">
     <span class='ocr_line' id='line_1_60' title="bbox 324 4491 1921 4570; baseline -0.006 -16"><span class='ocrx_word' id='word_1_443' title='bbox 324 4503 552 4555; x_wconf 84' lang='lat' dir='ltr'><strong>homine</strong></span> <span class='ocrx_word' id='word_1_444' title='bbox 582 4514 683 4570; x_wconf 90' lang='lat' dir='ltr'><strong>ego</strong></span> <span class='ocrx_word' id='word_1_445' title='bbox 716 4507 845 4552; x_wconf 88' lang='lat' dir='ltr'><strong>tunc</strong></span> <span class='ocrx_word' id='word_1_446' title='bbox 879 4496 1241 4565; x_wconf 88' lang='lat' dir='ltr'><strong>inquisitione</strong></span> <span class='ocrx_word' id='word_1_447' title='bbox 1272 4495 1458 4549; x_wconf 82' lang='lat' dir='ltr'><strong>habita</strong></span> <span class='ocrx_word' id='word_1_448' title='bbox 1505 4494 1677 4546; x_wconf 86' lang='lat' dir='ltr'><strong>multa</strong></span> <span class='ocrx_word' id='word_1_449' title='bbox 1721 4491 1777 4545; x_wconf 90' lang='lat' dir='ltr'><strong>in</strong></span> <span class='ocrx_word' id='word_1_450' title='bbox 1813 4493 1921 4547; x_wconf 88' lang='lat' dir='ltr'><strong>vita</strong></span> 
     </span>
    </p>
   </div>
   <div class='ocr_carea' id='block_1_61' title="bbox 2020 1991 3600 2064">
    <p class='ocr_par' dir='ltr' id='par_1_61' title="bbox 2020 1991 3600 2064">
     <span class='ocr_line' id='line_1_61' title="bbox 2020 1991 3600 2064; baseline 0.005 -20"><span class='ocrx_word' id='word_1_451' title='bbox 2020 1999 2257 2045; x_wconf 89' lang='lat' dir='ltr'><strong>mentem</strong></span> <span class='ocrx_word' id='word_1_452' title='bbox 2313 1991 2381 2045; x_wconf 89' lang='lat' dir='ltr'><strong>ab</strong></span> <span class='ocrx_word' id='word_1_453' title='bbox 2411 1992 2570 2045; x_wconf 90' lang='lat' dir='ltr'><strong>istius</strong></span> <span class='ocrx_word' id='word_1_454' title='bbox 2620 1995 3011 2062; x_wconf 90' lang='lat' dir='ltr'><strong>prosecutione</strong></span> <span class='ocrx_word' id='word_1_455' title='bbox 3069 1995 3222 2064; x_wconf 91' lang='lat' dir='ltr'><strong>scopi</strong></span> <span class='ocrx_word' id='word_1_456' title='bbox 3272 1999 3600 2051; x_wconf 79' lang='lat' dir='ltr'><strong>necessario</strong></span> 
     </span>
    </p>
   </div>
   <div class='ocr_carea' id='block_1_62' title="bbox 2020 2083 3601 2157">
    <p class='ocr_par' dir='ltr' id='par_1_62' title="bbox 2020 2083 3601 2157">
     <span class='ocr_line' id='line_1_62' title="bbox 2020 2083 3601 2157; baseline 0.006 -23"><span class='ocrx_word' id='word_1_457' title='bbox 2020 2084 2273 2137; x_wconf 74' lang='lat' dir='ltr'><strong>abduxit.</strong></span> <span class='ocrx_word' id='word_1_458' title='bbox 2342 2083 2479 2138; x_wconf 89' lang='lat' dir='ltr'><strong>Cum</strong></span> <span class='ocrx_word' id='word_1_459' title='bbox 2534 2087 2679 2139; x_wconf 87' lang='lat' dir='ltr'><strong>enim</strong></span> <span class='ocrx_word' id='word_1_460' title='bbox 2732 2087 3085 2157; x_wconf 77' lang='lat' dir='ltr'><strong>contigisset&#39;</strong></span> <span class='ocrx_word' id='word_1_461' title='bbox 3138 2089 3409 2142; x_wconf 88' lang='lat' dir='ltr'><strong>declarari</strong></span> <span class='ocrx_word' id='word_1_462' title='bbox 3462 2090 3601 2145; x_wconf 86' lang='lat' dir='ltr'><strong>miro</strong></span> 
     </span>
    </p>
   </div>
   <div class='ocr_carea' id='block_1_63' title="bbox 2019 2177 3604 2249">
    <p class='ocr_par' dir='ltr' id='par_1_63' title="bbox 2019 2177 3604 2249">
     <span class='ocr_line' id='line_1_63' title="bbox 2019 2177 3604 2249; baseline 0.007 -22"><span class='ocrx_word' id='word_1_463' title='bbox 2019 2177 2282 2230; x_wconf 88' lang='lat' dir='ltr'><strong>vaticinio</strong></span> <span class='ocrx_word' id='word_1_464' title='bbox 2339 2177 2527 2232; x_wconf 81' lang='lat' dir='ltr'><strong>statim</strong></span> <span class='ocrx_word' id='word_1_465' title='bbox 2588 2181 2801 2242; x_wconf 86' lang='lat' dir='ltr'><strong>eventis</strong></span> <span class='ocrx_word' id='word_1_466' title='bbox 2842 2181 3199 2248; x_wconf 71' lang='lat' dir='ltr'><strong>couiiprobato</strong></span> <span class='ocrx_word' id='word_1_467' title='bbox 3230 2182 3443 2249; x_wconf 79' lang='lat' dir='ltr'><strong>insigne</strong></span> <span class='ocrx_word' id='word_1_468' title='bbox 3488 2199 3604 2238; x_wconf 89' lang='lat' dir='ltr'><strong>me-</strong></span> 
     </span>
    </p>
   </div>
   <div class='ocr_carea' id='block_1_64' title="bbox 2019 2268 3601 2344">
    <p class='ocr_par' dir='ltr' id='par_1_64' title="bbox 2019 2268 3601 2344">
     <span class='ocr_line' id='line_1_64' title="bbox 2019 2268 3601 2344; baseline 0.006 -22"><span class='ocrx_word' id='word_1_469' title='bbox 2019 2268 2183 2322; x_wconf 86' lang='lat' dir='ltr'><strong>ritum</strong></span> <span class='ocrx_word' id='word_1_470' title='bbox 2243 2278 2296 2321; x_wconf 75' lang='lat' dir='ltr'><strong>et</strong></span> <span class='ocrx_word' id='word_1_471' title='bbox 2346 2286 2616 2324; x_wconf 86' lang='lat' dir='ltr'><strong>summam</strong></span> <span class='ocrx_word' id='word_1_472' title='bbox 2654 2272 2798 2339; x_wconf 92' lang='lat' dir='ltr'><strong>apud</strong></span> <span class='ocrx_word' id='word_1_473' title='bbox 2832 2269 3000 2326; x_wconf 89' lang='lat' dir='ltr'><strong>Deum</strong></span> <span class='ocrx_word' id='word_1_474' title='bbox 3036 2274 3269 2343; x_wconf 82' lang='lat' dir='ltr'><strong>gratiam</strong></span> <span class='ocrx_word' id='word_1_475' title='bbox 3319 2275 3438 2344; x_wconf 86' lang='lat' dir='ltr'><strong>ejus</strong></span> <span class='ocrx_word' id='word_1_476' title='bbox 3500 2275 3601 2331; x_wconf 85' lang='lat' dir='ltr'><strong>viri</strong></span> 
     </span>
    </p>
   </div>
   <div class='ocr_carea' id='block_1_65' title="bbox 2019 2362 3604 2441">
    <p class='ocr_par' dir='ltr' id='par_1_65' title="bbox 2019 2362 3604 2441">
     <span class='ocr_line' id='line_1_65' title="bbox 2019 2362 3604 2441; baseline 0.008 -29"><span class='ocrx_word' id='word_1_477' title='bbox 2019 2363 2111 2431; x_wconf 86' lang='lat' dir='ltr'><strong>qui</strong></span> <span class='ocrx_word' id='word_1_478' title='bbox 2169 2363 2419 2431; x_wconf 79' lang='lat' dir='ltr'><strong>deposito</strong></span> <span class='ocrx_word' id='word_1_479' title='bbox 2458 2362 2795 2434; x_wconf 75' lang='lat' dir='ltr'><strong>jampridem</strong></span> <span class='ocrx_word' id='word_1_480' title='bbox 2849 2366 3226 2434; x_wconf 77' lang='lat' dir='ltr'><strong>patriarchetu</strong></span> <span class='ocrx_word' id='word_1_481' title='bbox 3281 2368 3446 2441; x_wconf 68' lang='grc'><strong>472</strong></span> <span class='ocrx_word' id='word_1_482' title='bbox 3491 2370 3604 2440; x_wconf 88' lang='lat' dir='ltr'><strong>pri-</strong></span> 
     </span>
    </p>
   </div>
   <div class='ocr_carea' id='block_1_66' title="bbox 2019 2458 3599 2533">
    <p class='ocr_par' dir='ltr' id='par_1_66' title="bbox 2019 2458 3599 2533">
     <span class='ocr_line' id='line_1_66' title="bbox 2019 2458 3599 2533; baseline 0.008 -26"><span class='ocrx_word' id='word_1_483' title='bbox 2019 2465 2178 2510; x_wconf 82' lang='lat' dir='ltr'><strong>vatus</strong></span> <span class='ocrx_word' id='word_1_484' title='bbox 2238 2467 2369 2510; x_wconf 89' lang='lat' dir='ltr'><strong>tunc</strong></span> <span class='ocrx_word' id='word_1_485' title='bbox 2419 2458 2648 2519; x_wconf 78' lang='lat' dir='ltr'><strong>viveret,</strong></span> <span class='ocrx_word' id='word_1_486' title='bbox 2691 2459 2945 2527; x_wconf 75' lang='lat' dir='ltr'><strong>religioni</strong></span> <span class='ocrx_word' id='word_1_487' title='bbox 2985 2460 3243 2516; x_wconf 80' lang='lat' dir='ltr'><strong>duximus</strong></span> <span class='ocrx_word' id='word_1_488' title='bbox 3285 2479 3394 2517; x_wconf 91' lang='lat' dir='ltr'><strong>non</strong></span> <span class='ocrx_word' id='word_1_489' title='bbox 3443 2467 3599 2533; x_wconf 88' lang='lat' dir='ltr'><strong>sequi</strong></span> 
     </span>
    </p>
   </div>
   <div class='ocr_carea' id='block_1_67' title="bbox 2020 2547 3598 2621">
    <p class='ocr_par' dir='ltr' id='par_1_67' title="bbox 2020 2547 3598 2621">
     <span class='ocr_line' id='line_1_67' title="bbox 2020 2547 3598 2621; baseline 0.005 -22"><span class='ocrx_word' id='word_1_490' title='bbox 2020 2558 2129 2599; x_wconf 88' lang='lat' dir='ltr'><strong>tam</strong></span> <span class='ocrx_word' id='word_1_491' title='bbox 2155 2547 2467 2601; x_wconf 81' lang='lat' dir='ltr'><strong>evidentem</strong></span> <span class='ocrx_word' id='word_1_492' title='bbox 2495 2547 2745 2618; x_wconf 75' lang='lat' dir='ltr'><strong>suffragii</strong></span> <span class='ocrx_word' id='word_1_493' title='bbox 2781 2549 2954 2603; x_wconf 83' lang='lat' dir='ltr'><strong>divini</strong></span> <span class='ocrx_word' id='word_1_494' title='bbox 2997 2553 3418 2621; x_wconf 71' lang='lat' dir='ltr'><strong>praerogativam</strong></span> <span class='ocrx_word' id='word_1_495' title='bbox 3451 2568 3520 2607; x_wconf 90' lang='lat' dir='ltr'><strong>eo</strong></span> <span class='ocrx_word' id='word_1_496' title='bbox 3546 2555 3598 2606; x_wconf 91' lang='lat' dir='ltr'><strong>in</strong></span> 
     </span>
    </p>
   </div>
   <div class='ocr_carea' id='block_1_68' title="bbox 1964 2627 3602 2721">
    <p class='ocr_par' dir='ltr' id='par_1_68' title="bbox 1964 2627 3602 2721">
     <span class='ocr_line' id='line_1_68' title="bbox 1964 2627 3602 2721; baseline 0.002 -27"><span class='ocrx_word' id='word_1_497' title='bbox 1964 2718 1969 2721; x_wconf 15' lang='grc' dir='ltr'><strong><em>τ</em></strong></span> <span class='ocrx_word' id='word_1_498' title='bbox 2020 2627 2150 2694; x_wconf 63' lang='grc' dir='ltr'>ερῖιθ</span> <span class='ocrx_word' id='word_1_499' title='bbox 2214 2641 2552 2709; x_wconf 83' lang='lat' dir='ltr'><strong>reponendo.</strong></span> <span class='ocrx_word' id='word_1_500' title='bbox 2595 2657 2625 2695; x_wconf 88' lang='lat' dir='ltr'><strong>e</strong></span> <span class='ocrx_word' id='word_1_501' title='bbox 2677 2657 2782 2710; x_wconf 87' lang='lat' dir='ltr'><strong>qua</strong></span> <span class='ocrx_word' id='word_1_502' title='bbox 2820 2650 3108 2711; x_wconf 86' lang='lat' dir='ltr'><strong>perperam</strong></span> <span class='ocrx_word' id='word_1_503' title='bbox 3163 2644 3434 2713; x_wconf 87' lang='lat' dir='ltr'><strong>dejectmn</strong></span> <span class='ocrx_word' id='word_1_504' title='bbox 3497 2646 3602 2699; x_wconf 86' lang='lat' dir='ltr'><strong>ista</strong></span> 
     </span>
    </p>
   </div>
   <div class='ocr_carea' id='block_1_69' title="bbox 2021 2733 3602 2806">
    <p class='ocr_par' dir='ltr' id='par_1_69' title="bbox 2021 2733 3602 2806">
     <span class='ocr_line' id='line_1_69' title="bbox 2021 2733 3602 2806; baseline 0.004 -22"><span class='ocrx_word' id='word_1_505' title='bbox 2021 2733 2134 2801; x_wconf 80' lang='lat' dir='ltr'><strong>ipsa</strong></span> <span class='ocrx_word' id='word_1_506' title='bbox 2167 2733 2476 2802; x_wconf 76' lang='lat' dir='ltr'><strong>prodigiosa</strong></span> <span class='ocrx_word' id='word_1_507' title='bbox 2506 2733 2839 2803; x_wconf 82' lang='lat' dir='ltr'><strong>signiﬁcatio</strong></span> <span class='ocrx_word' id='word_1_508' title='bbox 2876 2735 3244 2799; x_wconf 86' lang='lat' dir='ltr'><strong>monstrabat,</strong></span> <span class='ocrx_word' id='word_1_509' title='bbox 3303 2739 3602 2806; x_wconf 56' lang='lat' dir='ltr'><strong>praesertim</strong></span> 
     </span>
    </p>
   </div>
   <div class='ocr_carea' id='block_1_70' title="bbox 2019 2827 3604 2896">
    <p class='ocr_par' dir='ltr' id='par_1_70' title="bbox 2019 2827 3604 2896">
     <span class='ocr_line' id='line_1_70' title="bbox 2019 2827 3604 2896; baseline 0.003 -16"><span class='ocrx_word' id='word_1_510' title='bbox 2019 2840 2142 2880; x_wconf 91' lang='lat' dir='ltr'><strong>cum</strong></span> <span class='ocrx_word' id='word_1_511' title='bbox 2194 2835 2390 2894; x_wconf 69' lang='lat' dir='ltr'><strong>prteter</strong></span> <span class='ocrx_word' id='word_1_512' title='bbox 2417 2828 2721 2896; x_wconf 87' lang='lat' dir='ltr'><strong>perieulum</strong></span> <span class='ocrx_word' id='word_1_513' title='bbox 2774 2827 2893 2890; x_wconf 88' lang='lat' dir='ltr'><strong>Dei,</strong></span> <span class='ocrx_word' id='word_1_514' title='bbox 2942 2829 2996 2881; x_wconf 92' lang='lat' dir='ltr'><strong>ni</strong></span> <span class='ocrx_word' id='word_1_515' title='bbox 3036 2830 3115 2883; x_wconf 85' lang='lat' dir='ltr'><strong>sic</strong></span> <span class='ocrx_word' id='word_1_516' title='bbox 3144 2830 3477 2896; x_wconf 79' lang='lat' dir='ltr'><strong>faceremus,</strong></span> <span class='ocrx_word' id='word_1_517' title='bbox 3520 2830 3604 2885; x_wconf 80' lang='lat' dir='ltr'><strong>of-</strong></span> 
     </span>
    </p>
   </div>
   <div class='ocr_carea' id='block_1_71' title="bbox 2023 2916 3603 2990">
    <p class='ocr_par' dir='ltr' id='par_1_71' title="bbox 2023 2916 3603 2990">
     <span class='ocr_line' id='line_1_71' title="bbox 2023 2916 3603 2990; baseline 0.006 -21"><span class='ocrx_word' id='word_1_518' title='bbox 2023 2916 2276 2971; x_wconf 84' lang='lat' dir='ltr'><strong>fendendi</strong></span> <span class='ocrx_word' id='word_1_519' title='bbox 2334 2919 2398 2971; x_wconf 88' lang='lat' dir='ltr'><strong>ad</strong></span> <span class='ocrx_word' id='word_1_520' title='bbox 2438 2918 2489 2971; x_wconf 88' lang='lat' dir='ltr'><strong>id</strong></span> <span class='ocrx_word' id='word_1_521' title='bbox 2525 2920 2704 2988; x_wconf 86' lang='lat' dir='ltr'><strong>ipsum</strong></span> <span class='ocrx_word' id='word_1_522' title='bbox 2749 2929 2972 2989; x_wconf 84' lang='lat' dir='ltr'><strong>urgeret</strong></span> <span class='ocrx_word' id='word_1_523' title='bbox 3022 2929 3201 2976; x_wconf 85' lang='lat' dir='ltr'><strong>status</strong></span> <span class='ocrx_word' id='word_1_524' title='bbox 3230 2938 3471 2990; x_wconf 67' lang='lat' dir='ltr'><strong>praesens</strong></span> <span class='ocrx_word' id='word_1_525' title='bbox 3510 2922 3603 2978; x_wconf 87' lang='lat' dir='ltr'><strong>ee-</strong></span> 
     </span>
    </p>
   </div>
   <div class='ocr_carea' id='block_1_72' title="bbox 2019 3011 3605 3081">
    <p class='ocr_par' dir='ltr' id='par_1_72' title="bbox 2019 3011 3605 3081">
     <span class='ocr_line' id='line_1_72' title="bbox 2019 3011 3605 3081; baseline 0.004 -16"><span class='ocrx_word' id='word_1_526' title='bbox 2019 3011 2458 3066; x_wconf 78' lang='lat' dir='ltr'><strong>clesiasticarum</strong></span> <span class='ocrx_word' id='word_1_527' title='bbox 2520 3028 2725 3075; x_wconf 84' lang='lat' dir='ltr'><strong>rerum,</strong></span> <span class='ocrx_word' id='word_1_528' title='bbox 2800 3028 2943 3081; x_wconf 89' lang='lat' dir='ltr'><strong>quas</strong></span> <span class='ocrx_word' id='word_1_529' title='bbox 3011 3017 3169 3069; x_wconf 82' lang='lat' dir='ltr'><strong>novis</strong></span> <span class='ocrx_word' id='word_1_530' title='bbox 3235 3016 3379 3070; x_wconf 84' lang='lat' dir='ltr'><strong>haud</strong></span> <span class='ocrx_word' id='word_1_531' title='bbox 3438 3017 3605 3072; x_wconf 85' lang='lat' dir='ltr'><strong>dubie</strong></span> 
     </span>
    </p>
   </div>
   <div class='ocr_carea' id='block_1_73' title="bbox 2022 3100 3641 3176">
    <p class='ocr_par' dir='ltr' id='par_1_73' title="bbox 2022 3100 3641 3176">
     <span class='ocr_line' id='line_1_73' title="bbox 2022 3100 3641 3176; baseline 0.006 -23"><span class='ocrx_word' id='word_1_532' title='bbox 2022 3103 2533 3173; x_wconf 67' lang='lat' dir='ltr'><strong>perturbatitmibns</strong></span> <span class='ocrx_word' id='word_1_533' title='bbox 2596 3104 2970 3174; x_wconf 67' lang='lat' dir='ltr'><strong>implicmtdas</strong></span> <span class='ocrx_word' id='word_1_534' title='bbox 3013 3107 3332 3176; x_wconf 79' lang='lat' dir='ltr'><strong>apparebat,</strong></span> <span class='ocrx_word' id='word_1_535' title='bbox 3366 3108 3409 3161; x_wconf 93' lang='lat' dir='ltr'><strong>si</strong></span> <span class='ocrx_word' id='word_1_536' title='bbox 3457 3108 3603 3162; x_wconf 84' lang='lat' dir='ltr'><strong>aliud</strong></span> <span class='ocrx_word' id='word_1_537' title='bbox 3638 3100 3641 3103; x_wconf 52' lang='grc'><em>’</em></span> 
     </span>
    </p>
   </div>
   <div class='ocr_carea' id='block_1_74' title="bbox 2024 3195 3609 3267">
    <p class='ocr_par' dir='ltr' id='par_1_74' title="bbox 2024 3195 3609 3267">
     <span class='ocr_line' id='line_1_74' title="bbox 2024 3195 3609 3267; baseline 0.006 -20"><span class='ocrx_word' id='word_1_538' title='bbox 2024 3199 2431 3251; x_wconf 79' lang='lat' dir='ltr'><strong>decerneretur.</strong></span> <span class='ocrx_word' id='word_1_539' title='bbox 2459 3195 2798 3267; x_wconf 74' lang='lat' dir='ltr'><strong>Reputabatn</strong></span> <span class='ocrx_word' id='word_1_540' title='bbox 2839 3215 3052 3255; x_wconf 87' lang='lat' dir='ltr'><strong>mecum</strong></span> <span class='ocrx_word' id='word_1_541' title='bbox 3089 3202 3279 3262; x_wconf 86' lang='lat' dir='ltr'><strong>etiam,</strong></span> <span class='ocrx_word' id='word_1_542' title='bbox 3320 3201 3405 3255; x_wconf 86' lang='lat' dir='ltr'><strong>vel</strong></span> <span class='ocrx_word' id='word_1_543' title='bbox 3437 3202 3482 3255; x_wconf 91' lang='lat' dir='ltr'><strong>si</strong></span> <span class='ocrx_word' id='word_1_544' title='bbox 3513 3219 3609 3256; x_wconf 89' lang='lat' dir='ltr'><strong>ne-</strong></span> 
     </span>
    </p>
   </div>
   <div class='ocr_carea' id='block_1_75' title="bbox 2021 3289 3603 3358">
    <p class='ocr_par' dir='ltr' id='par_1_75' title="bbox 2021 3289 3603 3358">
     <span class='ocr_line' id='line_1_75' title="bbox 2021 3289 3603 3358; baseline 0.004 -18"><span class='ocrx_word' id='word_1_545' title='bbox 2021 3289 2211 3358; x_wconf 73' lang='lat' dir='ltr'><strong>glectis</strong></span> <span class='ocrx_word' id='word_1_546' title='bbox 2242 3290 2308 3342; x_wconf 87' lang='lat' dir='ltr'><strong>iis</strong></span> <span class='ocrx_word' id='word_1_547' title='bbox 2361 3291 2496 3343; x_wconf 84' lang='lat' dir='ltr'><strong>tanti</strong></span> <span class='ocrx_word' id='word_1_548' title='bbox 2556 3292 2818 3344; x_wconf 88' lang='lat' dir='ltr'><strong>momenti</strong></span> <span class='ocrx_word' id='word_1_549' title='bbox 2885 3294 3196 3347; x_wconf 84' lang='lat' dir='ltr'><strong>rationibus</strong></span> <span class='ocrx_word' id='word_1_550' title='bbox 3253 3295 3603 3347; x_wconf 82' lang='lat' dir='ltr'><strong>obstiuaretn</strong></span> 
     </span>
    </p>
   </div>
   <div class='ocr_carea' id='block_1_76' title="bbox 2018 3380 3603 3452">
    <p class='ocr_par' dir='ltr' id='par_1_76' title="bbox 2018 3380 3603 3452">
     <span class='ocr_line' id='line_1_76' title="bbox 2018 3380 3603 3452; baseline 0.004 -18"><span class='ocrx_word' id='word_1_551' title='bbox 2018 3380 2263 3434; x_wconf 87' lang='lat' dir='ltr'><strong>animum</strong></span> <span class='ocrx_word' id='word_1_552' title='bbox 2297 3381 2348 3433; x_wconf 90' lang='lat' dir='ltr'><strong>in</strong></span> <span class='ocrx_word' id='word_1_553' title='bbox 2391 3383 2746 3451; x_wconf 81' lang='lat' dir='ltr'><strong>obsequendo</strong></span> <span class='ocrx_word' id='word_1_554' title='bbox 2787 3385 2968 3447; x_wconf 87' lang='lat' dir='ltr'><strong>vobis,</strong></span> <span class='ocrx_word' id='word_1_555' title='bbox 3031 3386 3235 3439; x_wconf 61' lang='lat' dir='ltr'><strong>lustra</strong></span> <span class='ocrx_word' id='word_1_556' title='bbox 3274 3386 3492 3452; x_wconf 73' lang='lat' dir='ltr'><strong>qutidem</strong></span> <span class='ocrx_word' id='word_1_557' title='bbox 3548 3386 3603 3440; x_wconf 90' lang='lat' dir='ltr'><strong>id</strong></span> 
     </span>
    </p>
   </div>
   <div class='ocr_carea' id='block_1_77' title="bbox 2020 3473 3607 3533">
    <p class='ocr_par' dir='ltr' id='par_1_77' title="bbox 2020 3473 3607 3533">
     <span class='ocr_line' id='line_1_77' title="bbox 2020 3473 3607 3533; baseline 0.006 -9"><span class='ocrx_word' id='word_1_558' title='bbox 2020 3473 2290 3526; x_wconf 79' lang='lat' dir='ltr'><strong>facturum</strong></span> <span class='ocrx_word' id='word_1_559' title='bbox 2326 3489 2429 3526; x_wconf 91' lang='lat' dir='ltr'><strong>me.</strong></span> <span class='ocrx_word' id='word_1_560' title='bbox 2468 3473 2573 3528; x_wconf 82' lang='lat' dir='ltr'><strong>Per</strong></span> <span class='ocrx_word' id='word_1_561' title='bbox 2615 3476 2754 3528; x_wconf 88' lang='lat' dir='ltr'><strong>viam</strong></span> <span class='ocrx_word' id='word_1_562' title='bbox 2783 3476 2927 3530; x_wconf 89' lang='lat' dir='ltr'><strong>enim</strong></span> <span class='ocrx_word' id='word_1_563' title='bbox 2961 3484 3040 3529; x_wconf 87' lang='lat' dir='ltr'><strong>tut</strong></span> <span class='ocrx_word' id='word_1_564' title='bbox 3067 3493 3129 3529; x_wconf 90' lang='lat' dir='ltr'><strong>ac</strong></span> <span class='ocrx_word' id='word_1_565' title='bbox 3171 3480 3338 3533; x_wconf 89' lang='lat' dir='ltr'><strong>tantis</strong></span> <span class='ocrx_word' id='word_1_566' title='bbox 3369 3478 3607 3533; x_wconf 77' lang='lat' dir='ltr'><strong>difficul-</strong></span> 
     </span>
    </p>
   </div>
   <div class='ocr_carea' id='block_1_78' title="bbox 2020 3565 3604 3641">
    <p class='ocr_par' dir='ltr' id='par_1_78' title="bbox 2020 3565 3604 3641">
     <span class='ocr_line' id='line_1_78' title="bbox 2020 3565 3604 3641; baseline 0.005 -23"><span class='ocrx_word' id='word_1_567' title='bbox 2020 3567 2226 3620; x_wconf 89' lang='lat' dir='ltr'><strong>tatibus</strong></span> <span class='ocrx_word' id='word_1_568' title='bbox 2259 3565 2546 3636; x_wconf 72' lang='lat' dir='ltr'><strong>obseptum</strong></span> <span class='ocrx_word' id='word_1_569' title='bbox 2594 3569 2740 3621; x_wconf 89' lang='lat' dir='ltr'><strong>nulla</strong></span> <span class='ocrx_word' id='word_1_570' title='bbox 2778 3584 2904 3637; x_wconf 76' lang='lat' dir='ltr'><strong>spes</strong></span> <span class='ocrx_word' id='word_1_571' title='bbox 2932 3570 3204 3623; x_wconf 79' lang='lat' dir='ltr'><strong>allucebat</strong></span> <span class='ocrx_word' id='word_1_572' title='bbox 3236 3573 3604 3641; x_wconf 71' lang='lat' dir='ltr'><strong>pertingendm</strong></span> 
     </span>
    </p>
   </div>
   <div class='ocr_carea' id='block_1_79' title="bbox 2020 3659 3604 3734">
    <p class='ocr_par' dir='ltr' id='par_1_79' title="bbox 2020 3659 3604 3734">
     <span class='ocr_line' id='line_1_79' title="bbox 2020 3659 3604 3734; baseline 0.003 -22"><span class='ocrx_word' id='word_1_573' title='bbox 2020 3675 2263 3727; x_wconf 83' lang='lat' dir='ltr'><strong>unquam</strong></span> <span class='ocrx_word' id='word_1_574' title='bbox 2321 3669 2496 3723; x_wconf 68' lang='lat' dir='ltr'><strong>metm,</strong></span> <span class='ocrx_word' id='word_1_575' title='bbox 2561 3659 2624 3713; x_wconf 85' lang='lat' dir='ltr'><strong>ad</strong></span> <span class='ocrx_word' id='word_1_576' title='bbox 2695 3675 2856 3727; x_wconf 89' lang='lat' dir='ltr'><strong>quam</strong></span> <span class='ocrx_word' id='word_1_577' title='bbox 2910 3662 3192 3716; x_wconf 87' lang='lat' dir='ltr'><strong>communi</strong></span> <span class='ocrx_word' id='word_1_578' title='bbox 3239 3679 3336 3717; x_wconf 86' lang='lat' dir='ltr'><strong>vos</strong></span> <span class='ocrx_word' id='word_1_579' title='bbox 3386 3672 3437 3717; x_wconf 78' lang='lat' dir='ltr'><strong>et</strong></span> <span class='ocrx_word' id='word_1_580' title='bbox 3502 3681 3604 3734; x_wconf 80' lang='lat' dir='ltr'><strong>ego</strong></span> 
     </span>
    </p>
   </div>
   <div class='ocr_carea' id='block_1_80' title="bbox 2018 3744 3611 3813">
    <p class='ocr_par' dir='ltr' id='par_1_80' title="bbox 2018 3744 3611 3813">
     <span class='ocr_line' id='line_1_80' title="bbox 2018 3744 3611 3813; baseline 0.003 -11"><span class='ocrx_word' id='word_1_581' title='bbox 2018 3764 2184 3802; x_wconf 89' lang='lat' dir='ltr'><strong>cursu</strong></span> <span class='ocrx_word' id='word_1_582' title='bbox 2238 3747 2571 3802; x_wconf 88' lang='lat' dir='ltr'><strong>nitebamur.</strong></span> <span class='ocrx_word' id='word_1_583' title='bbox 2609 3744 2712 3802; x_wconf 81' lang='lat' dir='ltr'><strong>Per</strong></span> <span class='ocrx_word' id='word_1_584' title='bbox 2749 3750 2864 3802; x_wconf 76' lang='lat' dir='ltr'><strong>haec</strong></span> <span class='ocrx_word' id='word_1_585' title='bbox 2898 3751 3072 3812; x_wconf 87' lang='lat' dir='ltr'><strong>satis,</strong></span> <span class='ocrx_word' id='word_1_586' title='bbox 3125 3761 3184 3804; x_wconf 90' lang='lat' dir='ltr'><strong>ut</strong></span> <span class='ocrx_word' id='word_1_587' title='bbox 3227 3752 3469 3813; x_wconf 81' lang='lat' dir='ltr'><strong>conﬁdo,</strong></span> <span class='ocrx_word' id='word_1_588' title='bbox 3512 3755 3611 3805; x_wconf 83' lang='lat' dir='ltr'><strong>de-</strong></span> 
     </span>
    </p>
   </div>
   <div class='ocr_carea' id='block_1_81' title="bbox 2022 3842 3607 3913">
    <p class='ocr_par' dir='ltr' id='par_1_81' title="bbox 2022 3842 3607 3913">
     <span class='ocr_line' id='line_1_81' title="bbox 2022 3842 3607 3913; baseline 0.003 -19"><span class='ocrx_word' id='word_1_589' title='bbox 2022 3849 2326 3896; x_wconf 84' lang='lat' dir='ltr'><strong>monstrata</strong></span> <span class='ocrx_word' id='word_1_590' title='bbox 2347 3842 2604 3910; x_wconf 69' lang='lat' dir='ltr'><strong>:eQuitate</strong></span> <span class='ocrx_word' id='word_1_591' title='bbox 2634 3856 2696 3894; x_wconf 90' lang='lat' dir='ltr'><strong>ac</strong></span> <span class='ocrx_word' id='word_1_592' title='bbox 2716 3842 3047 3897; x_wconf 86' lang='lat' dir='ltr'><strong>necessitate</strong></span> <span class='ocrx_word' id='word_1_593' title='bbox 3075 3843 3282 3898; x_wconf 76' lang='lat' dir='ltr'><strong>ultione</strong></span> <span class='ocrx_word' id='word_1_594' title='bbox 3304 3844 3466 3913; x_wconf 86' lang='lat' dir='ltr'><strong>hujus</strong></span> <span class='ocrx_word' id='word_1_595' title='bbox 3493 3846 3607 3899; x_wconf 84' lang='lat' dir='ltr'><strong>ele—</strong></span> 
     </span>
    </p>
   </div>
   <div class='ocr_carea' id='block_1_82' title="bbox 2022 3933 3605 4007">
    <p class='ocr_par' dir='ltr' id='par_1_82' title="bbox 2022 3933 3605 4007">
     <span class='ocr_line' id='line_1_82' title="bbox 2022 3933 3605 4007; baseline 0.003 -22"><span class='ocrx_word' id='word_1_596' title='bbox 2022 3933 2220 3986; x_wconf 87' lang='lat' dir='ltr'><strong>ctionis</strong></span> <span class='ocrx_word' id='word_1_597' title='bbox 2251 3949 2481 4002; x_wconf 84' lang='lat' dir='ltr'><strong>prorsus</strong></span> <span class='ocrx_word' id='word_1_598' title='bbox 2539 3933 2903 3999; x_wconf 77' lang='lat' dir='ltr'><strong>ineluctabili,</strong></span> <span class='ocrx_word' id='word_1_599' title='bbox 2950 3936 3132 3989; x_wconf 78' lang='lat' dir='ltr'><strong>refero</strong></span> <span class='ocrx_word' id='word_1_600' title='bbox 3170 3951 3255 3991; x_wconf 88' lang='lat' dir='ltr'><strong>me</strong></span> <span class='ocrx_word' id='word_1_601' title='bbox 3305 3939 3369 3989; x_wconf 86' lang='lat' dir='ltr'><strong>ad</strong></span> <span class='ocrx_word' id='word_1_602' title='bbox 3402 3954 3605 4007; x_wconf 85' lang='lat' dir='ltr'><strong>propo-</strong></span> 
     </span>
    </p>
   </div>
   <div class='ocr_carea' id='block_1_83' title="bbox 2023 4025 3604 4095">
    <p class='ocr_par' dir='ltr' id='par_1_83' title="bbox 2023 4025 3604 4095">
     <span class='ocr_line' id='line_1_83' title="bbox 2023 4025 3604 4095; baseline 0.001 -16"><span class='ocrx_word' id='word_1_603' title='bbox 2023 4025 2234 4079; x_wconf 83' lang='lat' dir='ltr'><strong>nendas</strong></span> <span class='ocrx_word' id='word_1_604' title='bbox 2266 4026 2428 4080; x_wconf 82' lang='lat' dir='ltr'><strong>vobis</strong></span> <span class='ocrx_word' id='word_1_605' title='bbox 2474 4029 2627 4080; x_wconf 88' lang='lat' dir='ltr'><strong>dotes</strong></span> <span class='ocrx_word' id='word_1_606' title='bbox 2675 4028 3010 4094; x_wconf 70' lang='lat' dir='ltr'><strong>corspicuas</strong></span> <span class='ocrx_word' id='word_1_607' title='bbox 3046 4035 3099 4080; x_wconf 92' lang='lat' dir='ltr'><strong>et</strong></span> <span class='ocrx_word' id='word_1_608' title='bbox 3138 4029 3419 4095; x_wconf 86' lang='lat' dir='ltr'><strong>quantivis</strong></span> <span class='ocrx_word' id='word_1_609' title='bbox 3455 4030 3604 4081; x_wconf 66' lang='grc' dir='ltr'><strong>ινδιξ-</strong></span> 
     </span>
    </p>
   </div>
   <div class='ocr_carea' id='block_1_84' title="bbox 2024 4117 3610 4185">
    <p class='ocr_par' dir='ltr' id='par_1_84' title="bbox 2024 4117 3610 4185">
     <span class='ocr_line' id='line_1_84' title="bbox 2024 4117 3610 4185; baseline 0.003 -15"><span class='ocrx_word' id='word_1_610' title='bbox 2024 4119 2249 4171; x_wconf 86' lang='lat' dir='ltr'><strong>mandas</strong></span> <span class='ocrx_word' id='word_1_611' title='bbox 2299 4119 2400 4169; x_wconf 90' lang='lat' dir='ltr'><strong>viri</strong></span> <span class='ocrx_word' id='word_1_612' title='bbox 2461 4117 2645 4185; x_wconf 75' lang='lat' dir='ltr'><strong>hujus,</strong></span> <span class='ocrx_word' id='word_1_613' title='bbox 2682 4133 2844 4185; x_wconf 77' lang='lat' dir='ltr'><strong>quem</strong></span> <span class='ocrx_word' id='word_1_614' title='bbox 2877 4117 3119 4170; x_wconf 87' lang='lat' dir='ltr'><strong>divinum</strong></span> <span class='ocrx_word' id='word_1_615' title='bbox 3154 4128 3378 4174; x_wconf 85' lang='lat' dir='ltr'><strong>secutus</strong></span> <span class='ocrx_word' id='word_1_616' title='bbox 3408 4118 3610 4174; x_wconf 68' lang='lat' dir='ltr'><strong>snﬂ‘ra-</strong></span> 
     </span>
    </p>
   </div>
   <div class='ocr_carea' id='block_1_85' title="bbox 2024 4209 3606 4280">
    <p class='ocr_par' dir='ltr' id='par_1_85' title="bbox 2024 4209 3606 4280">
     <span class='ocr_line' id='line_1_85' title="bbox 2024 4209 3606 4280; baseline 0.003 -18"><span class='ocrx_word' id='word_1_617' title='bbox 2024 4211 2172 4280; x_wconf 83' lang='lat' dir='ltr'><strong>gium</strong></span> <span class='ocrx_word' id='word_1_618' title='bbox 2203 4212 2256 4263; x_wconf 89' lang='lat' dir='ltr'><strong>in</strong></span> <span class='ocrx_word' id='word_1_619' title='bbox 2294 4209 3207 4279; x_wconf 86' lang='lat' dir='ltr'><strong>patriarcbali,utvidetis,repono</strong></span> <span class='ocrx_word' id='word_1_620' title='bbox 3242 4212 3395 4266; x_wconf 87' lang='lat' dir='ltr'><strong>sede.</strong></span> <span class='ocrx_word' id='word_1_621' title='bbox 3428 4213 3606 4268; x_wconf 74' lang='lat' dir='ltr'><strong>&quot;emo</strong></span> 
     </span>
    </p>
   </div>
   <div class='ocr_carea' id='block_1_86' title="bbox 2025 4302 3601 4373">
    <p class='ocr_par' dir='ltr' id='par_1_86' title="bbox 2025 4302 3601 4373">
     <span class='ocr_line' id='line_1_86' title="bbox 2025 4302 3601 4373; baseline 0.002 -16"><span class='ocrx_word' id='word_1_622' title='bbox 2025 4303 2073 4358; x_wconf 89' lang='lat' dir='ltr'><strong>is</strong></span> <span class='ocrx_word' id='word_1_623' title='bbox 2106 4311 2189 4358; x_wconf 91' lang='lat' dir='ltr'><strong>est</strong></span> <span class='ocrx_word' id='word_1_624' title='bbox 2230 4304 2391 4373; x_wconf 90' lang='lat' dir='ltr'><strong>plane</strong></span> <span class='ocrx_word' id='word_1_625' title='bbox 2432 4303 2682 4372; x_wconf 83' lang='lat' dir='ltr'><strong>simplex,</strong></span> <span class='ocrx_word' id='word_1_626' title='bbox 2712 4302 2820 4357; x_wconf 81' lang='lat' dir='ltr'><strong>fuci</strong></span> <span class='ocrx_word' id='word_1_627' title='bbox 2854 4311 2907 4356; x_wconf 89' lang='lat' dir='ltr'><strong>et</strong></span> <span class='ocrx_word' id='word_1_628' title='bbox 2937 4303 3147 4359; x_wconf 76' lang='lat' dir='ltr'><strong>fraudis</strong></span> <span class='ocrx_word' id='word_1_629' title='bbox 3173 4319 3394 4373; x_wconf 78' lang='lat' dir='ltr'><strong>expers,</strong></span> <span class='ocrx_word' id='word_1_630' title='bbox 3425 4306 3601 4360; x_wconf 88' lang='lat' dir='ltr'><strong>virtu-</strong></span> 
     </span>
    </p>
   </div>
   <div class='ocr_carea' id='block_1_87' title="bbox 2024 4392 3606 4463">
    <p class='ocr_par' dir='ltr' id='par_1_87' title="bbox 2024 4392 3606 4463">
     <span class='ocr_line' id='line_1_87' title="bbox 2024 4392 3606 4463; baseline -0.002 -14"><span class='ocrx_word' id='word_1_631' title='bbox 2024 4395 2095 4449; x_wconf 87' lang='lat' dir='ltr'><strong>tis</strong></span> <span class='ocrx_word' id='word_1_632' title='bbox 2113 4393 2406 4448; x_wconf 87' lang='lat' dir='ltr'><strong>admodum</strong></span> <span class='ocrx_word' id='word_1_633' title='bbox 2437 4409 2654 4448; x_wconf 87' lang='lat' dir='ltr'><strong>amans.</strong></span> <span class='ocrx_word' id='word_1_634' title='bbox 2685 4393 2811 4448; x_wconf 89' lang='lat' dir='ltr'><strong>Scio</strong></span> <span class='ocrx_word' id='word_1_635' title='bbox 2840 4392 3013 4447; x_wconf 91' lang='lat' dir='ltr'><strong>videri</strong></span> <span class='ocrx_word' id='word_1_636' title='bbox 3045 4393 3265 4461; x_wconf 85' lang='lat' dir='ltr'><strong>quidem</strong></span> <span class='ocrx_word' id='word_1_637' title='bbox 3306 4392 3456 4447; x_wconf 90' lang='lat' dir='ltr'><strong>illum</strong></span> <span class='ocrx_word' id='word_1_638' title='bbox 3492 4394 3606 4463; x_wconf 91' lang='lat' dir='ltr'><strong>ple-</strong></span> 
     </span>
    </p>
   </div>
   <div class='ocr_carea' id='block_1_88' title="bbox 2026 4484 3603 4559">
    <p class='ocr_par' dir='ltr' id='par_1_88' title="bbox 2026 4484 3603 4559">
     <span class='ocr_line' id='line_1_88' title="bbox 2026 4484 3603 4559; baseline -0.004 -15"><span class='ocrx_word' id='word_1_639' title='bbox 2026 4491 2214 4559; x_wconf 74' lang='lat' dir='ltr'><strong>risque</strong></span> <span class='ocrx_word' id='word_1_640' title='bbox 2238 4504 2384 4543; x_wconf 89' lang='lat' dir='ltr'><strong>nunc</strong></span> <span class='ocrx_word' id='word_1_641' title='bbox 2411 4486 2659 4553; x_wconf 90' lang='lat' dir='ltr'><strong>solitum,</strong></span> <span class='ocrx_word' id='word_1_642' title='bbox 2687 4487 2818 4541; x_wconf 91' lang='lat' dir='ltr'><strong>olim</strong></span> <span class='ocrx_word' id='word_1_643' title='bbox 2854 4485 3018 4540; x_wconf 91' lang='lat' dir='ltr'><strong>etiam</strong></span> <span class='ocrx_word' id='word_1_644' title='bbox 3046 4484 3177 4538; x_wconf 89' lang='lat' dir='ltr'><strong>mihi</strong></span> <span class='ocrx_word' id='word_1_645' title='bbox 3197 4484 3433 4554; x_wconf 81' lang='lat' dir='ltr'><strong>(fatebor</strong></span> <span class='ocrx_word' id='word_1_646' title='bbox 3458 4487 3603 4539; x_wconf 90' lang='lat' dir='ltr'><strong>enim</strong></span> 
     </span>
    </p>
   </div>
   <div class='ocr_carea' id='block_1_89' title="bbox 324 4574 3605 4663">
    <p class='ocr_par' dir='ltr' id='par_1_89' title="bbox 324 4574 3605 4663">
     <span class='ocr_line' id='line_1_89' title="bbox 324 4574 3605 4663; baseline -0.005 -14"><span class='ocrx_word' id='word_1_647' title='bbox 324 4597 447 4663; x_wconf 73' lang='lat' dir='ltr'><strong>eius</strong></span> <span class='ocrx_word' id='word_1_648' title='bbox 477 4606 648 4662; x_wconf 86' lang='lat' dir='ltr'><strong>atque</strong></span> <span class='ocrx_word' id='word_1_649' title='bbox 685 4593 822 4647; x_wconf 84' lang='lat' dir='ltr'><strong>actis</strong></span> <span class='ocrx_word' id='word_1_650' title='bbox 856 4588 1246 4659; x_wconf 82' lang='lat' dir='ltr'><strong>vituperabilia</strong></span> <span class='ocrx_word' id='word_1_651' title='bbox 1283 4588 1653 4657; x_wconf 85' lang='lat' dir='ltr'><strong>reperiebam,</strong></span> <span class='ocrx_word' id='word_1_652' title='bbox 1685 4585 1758 4641; x_wconf 89' lang='lat' dir='ltr'><strong>ob</strong></span> <span class='ocrx_word' id='word_1_653' title='bbox 1800 4600 1922 4654; x_wconf 68' lang='lat' dir='ltr'><strong>qua:</strong></span> <span class='ocrx_word' id='word_1_654' title='bbox 1956 4582 1999 4635; x_wconf 85' lang='grc' dir='ltr'><strong>Ι)</strong></span> <span class='ocrx_word' id='word_1_655' title='bbox 2030 4583 2263 4652; x_wconf 83' lang='lat' dir='ltr'><strong>ingenue</strong></span> <span class='ocrx_word' id='word_1_656' title='bbox 2287 4596 2400 4636; x_wconf 86' lang='lat' dir='ltr'><strong>rem</strong></span> <span class='ocrx_word' id='word_1_657' title='bbox 2429 4574 2661 4645; x_wconf 83' lang='lat' dir='ltr'><strong>veram),</strong></span> <span class='ocrx_word' id='word_1_658' title='bbox 2700 4586 2986 4634; x_wconf 84' lang='lat' dir='ltr'><strong>austerum</strong></span> <span class='ocrx_word' id='word_1_659' title='bbox 3025 4577 3341 4648; x_wconf 71' lang='lat' dir='ltr'><strong>durumque</strong></span> <span class='ocrx_word' id='word_1_660' title='bbox 3369 4595 3432 4633; x_wconf 87' lang='lat' dir='ltr'><strong>ac</strong></span> <span class='ocrx_word' id='word_1_661' title='bbox 3462 4579 3605 4633; x_wconf 83' lang='lat' dir='ltr'><strong>irre-</strong></span> 
     </span>
    </p>
   </div>
   <div class='ocr_carea' id='block_1_90' title="bbox 321 4678 1913 4756">
    <p class='ocr_par' dir='ltr' id='par_1_90' title="bbox 321 4678 1913 4756">
     <span class='ocr_line' id='line_1_90' title="bbox 321 4678 1913 4756; baseline -0.009 -11"><span class='ocrx_word' id='word_1_662' title='bbox 321 4682 372 4747; x_wconf 56' lang='grc' dir='ltr'>λς</span> <span class='ocrx_word' id='word_1_663' title='bbox 407 4686 717 4756; x_wconf 88' lang='lat' dir='ltr'><strong>episcopali</strong></span> <span class='ocrx_word' id='word_1_664' title='bbox 776 4686 982 4739; x_wconf 73' lang='lat' dir='ltr'><strong>limere</strong></span> <span class='ocrx_word' id='word_1_665' title='bbox 1020 4683 1282 4753; x_wconf 82' lang='lat' dir='ltr'><strong>indignus</strong></span> <span class='ocrx_word' id='word_1_666' title='bbox 1341 4682 1540 4735; x_wconf 85' lang='lat' dir='ltr'><strong>merito</strong></span> <span class='ocrx_word' id='word_1_667' title='bbox 1592 4690 1777 4749; x_wconf 88' lang='lat' dir='ltr'><strong>posset</strong></span> <span class='ocrx_word' id='word_1_668' title='bbox 1821 4678 1913 4746; x_wconf 87' lang='lat' dir='ltr'><strong>ju-</strong></span> 
     </span>
    </p>
   </div>
   <div class='ocr_carea' id='block_1_91' title="bbox 324 4754 1949 4841">
    <p class='ocr_par' dir='ltr' id='par_1_91' title="bbox 324 4754 1949 4841">
     <span class='ocr_line' id='line_1_91' title="bbox 324 4754 1949 4841; baseline -0.009 -6"><span class='ocrx_word' id='word_1_669' title='bbox 324 4754 529 4835; x_wconf 12' lang='lat' dir='ltr'><strong>dicaﬁri.</strong></span> <span class='ocrx_word' id='word_1_670' title='bbox 577 4754 763 4834; x_wconf 76' lang='lat' dir='ltr'><strong>Nostis</strong></span> <span class='ocrx_word' id='word_1_671' title='bbox 802 4793 863 4831; x_wconf 85' lang='lat' dir='ltr'><strong>ea</strong></span> <span class='ocrx_word' id='word_1_672' title='bbox 900 4783 953 4831; x_wconf 92' lang='lat' dir='ltr'><strong>et</strong></span> <span class='ocrx_word' id='word_1_673' title='bbox 1008 4791 1130 4841; x_wconf 85' lang='lat' dir='ltr'><strong>vos,</strong></span> <span class='ocrx_word' id='word_1_674' title='bbox 1175 4789 1240 4828; x_wconf 81' lang='lat' dir='ltr'><strong>ex</strong></span> <span class='ocrx_word' id='word_1_675' title='bbox 1283 4789 1368 4827; x_wconf 89' lang='lat' dir='ltr'><strong>me</strong></span> <span class='ocrx_word' id='word_1_676' title='bbox 1416 4772 1602 4841; x_wconf 89' lang='lat' dir='ltr'><strong>utique</strong></span> <span class='ocrx_word' id='word_1_677' title='bbox 1648 4771 1742 4824; x_wconf 91' lang='lat' dir='ltr'><strong>illo</strong></span> <span class='ocrx_word' id='word_1_678' title='bbox 1775 4754 1949 4822; x_wconf 53' lang='lat' dir='ltr'><strong>tem-°</strong></span> 
     </span>
    </p>
   </div>
   <div class='ocr_carea' id='block_1_92' title="bbox 329 4862 1915 4941">
    <p class='ocr_par' dir='ltr' id='par_1_92' title="bbox 329 4862 1915 4941">
     <span class='ocr_line' id='line_1_92' title="bbox 329 4862 1915 4941; baseline -0.005 -17"><span class='ocrx_word' id='word_1_679' title='bbox 329 4885 465 4941; x_wconf 87' lang='lat' dir='ltr'><strong>pore</strong></span> <span class='ocrx_word' id='word_1_680' title='bbox 493 4868 706 4935; x_wconf 86' lang='lat' dir='ltr'><strong>audita,</strong></span> <span class='ocrx_word' id='word_1_681' title='bbox 745 4870 965 4938; x_wconf 90' lang='lat' dir='ltr'><strong>quando</strong></span> <span class='ocrx_word' id='word_1_682' title='bbox 1024 4865 1389 4919; x_wconf 89' lang='lat' dir='ltr'><strong>nihilominus</strong></span> <span class='ocrx_word' id='word_1_683' title='bbox 1434 4862 1915 4933; x_wconf 87' lang='lat' dir='ltr'><strong>perseverantibus</strong></span> 
     </span>
    </p>
   </div>
   <div class='ocr_carea' id='block_1_93' title="bbox 328 4954 1919 5031">
    <p class='ocr_par' dir='ltr' id='par_1_93' title="bbox 328 4954 1919 5031">
     <span class='ocr_line' id='line_1_93' title="bbox 328 4954 1919 5031; baseline -0.008 -14"><span class='ocrx_word' id='word_1_684' title='bbox 328 4964 485 5017; x_wconf 88' lang='lat' dir='ltr'><strong>vobis</strong></span> <span class='ocrx_word' id='word_1_685' title='bbox 520 4962 572 5015; x_wconf 89' lang='lat' dir='ltr'><strong>in</strong></span> <span class='ocrx_word' id='word_1_686' title='bbox 605 4964 889 5031; x_wconf 87' lang='lat' dir='ltr'><strong>proposito</strong></span> <span class='ocrx_word' id='word_1_687' title='bbox 950 4957 1286 5029; x_wconf 69' lang='lat' dir='ltr'><strong>praeﬁciendi</strong></span> <span class='ocrx_word' id='word_1_688' title='bbox 1340 4956 1483 5009; x_wconf 85' lang='lat' dir='ltr'><strong>hunc</strong></span> <span class='ocrx_word' id='word_1_689' title='bbox 1522 4954 1812 5018; x_wconf 62' lang='lat' dir='ltr'><strong>Ecclesiae,</strong></span> <span class='ocrx_word' id='word_1_690' title='bbox 1865 4960 1919 5006; x_wconf 89' lang='lat' dir='ltr'><strong>ct</strong></span> 
     </span>
    </p>
   </div>
   <div class='ocr_carea' id='block_1_94' title="bbox 327 5048 1916 5118">
    <p class='ocr_par' dir='ltr' id='par_1_94' title="bbox 327 5048 1916 5118">
     <span class='ocr_line' id='line_1_94' title="bbox 327 5048 1916 5118; baseline -0.01 -7"><span class='ocrx_word' id='word_1_691' title='bbox 327 5054 797 5111; x_wconf 86' lang='lat' dir='ltr'><strong>contendentibus</strong></span> <span class='ocrx_word' id='word_1_692' title='bbox 836 5063 983 5106; x_wconf 85' lang='lat' dir='ltr'><strong>recte</strong></span> <span class='ocrx_word' id='word_1_693' title='bbox 1012 5048 1357 5118; x_wconf 83' lang='lat' dir='ltr'><strong>compensari</strong></span> <span class='ocrx_word' id='word_1_694' title='bbox 1380 5049 1622 5101; x_wconf 86' lang='lat' dir='ltr'><strong>maculas</strong></span> <span class='ocrx_word' id='word_1_695' title='bbox 1653 5059 1916 5115; x_wconf 73' lang='grc' dir='ltr'>(ιιιοι-ιιηι-</span> 
     </span>
    </p>
   </div>
   <div class='ocr_carea' id='block_1_95' title="bbox 329 5138 1914 5218">
    <p class='ocr_par' dir='ltr' id='par_1_95' title="bbox 329 5138 1914 5218">
     <span class='ocr_line' id='line_1_95' title="bbox 329 5138 1914 5218; baseline -0.004 -20"><span class='ocrx_word' id='word_1_696' title='bbox 329 5151 414 5204; x_wconf 81' lang='lat' dir='ltr'><strong>vis</strong></span> <span class='ocrx_word' id='word_1_697' title='bbox 438 5150 559 5218; x_wconf 87' lang='lat' dir='ltr'><strong>ejus</strong></span> <span class='ocrx_word' id='word_1_698' title='bbox 589 5155 781 5203; x_wconf 89' lang='lat' dir='ltr'><strong>contra</strong></span> <span class='ocrx_word' id='word_1_699' title='bbox 820 5144 1173 5213; x_wconf 87' lang='lat' dir='ltr'><strong>disciplinam</strong></span> <span class='ocrx_word' id='word_1_700' title='bbox 1227 5142 1486 5212; x_wconf 85' lang='lat' dir='ltr'><strong>lapsuum</strong></span> <span class='ocrx_word' id='word_1_701' title='bbox 1527 5155 1633 5193; x_wconf 90' lang='lat' dir='ltr'><strong>una</strong></span> <span class='ocrx_word' id='word_1_702' title='bbox 1665 5139 1753 5194; x_wconf 85' lang='lat' dir='ltr'><strong>illa</strong></span> <span class='ocrx_word' id='word_1_703' title='bbox 1784 5138 1914 5192; x_wconf 90' lang='lat' dir='ltr'><strong>dote</strong></span> 
     </span>
    </p>
   </div>
   <div class='ocr_carea' id='block_1_96' title="bbox 329 5228 1912 5306">
    <p class='ocr_par' dir='ltr' id='par_1_96' title="bbox 329 5228 1912 5306">
     <span class='ocr_line' id='line_1_96' title="bbox 329 5228 1912 5306; baseline -0.005 -15"><span class='ocrx_word' id='word_1_704' title='bbox 329 5237 685 5306; x_wconf 84' lang='lat' dir='ltr'><strong>antiquitatis</strong></span> <span class='ocrx_word' id='word_1_705' title='bbox 725 5234 1069 5290; x_wconf 84' lang='lat' dir='ltr'><strong>admoventis</strong></span> <span class='ocrx_word' id='word_1_706' title='bbox 1098 5232 1278 5302; x_wconf 80' lang='lat' dir='ltr'><strong>ipsum</strong></span> <span class='ocrx_word' id='word_1_707' title='bbox 1338 5228 1647 5284; x_wconf 83' lang='lat' dir='ltr'><strong>indubitate</strong></span> <span class='ocrx_word' id='word_1_708' title='bbox 1683 5243 1912 5284; x_wconf 86' lang='lat' dir='ltr'><strong>succes-</strong></span> 
     </span>
    </p>
   </div>
   <div class='ocr_carea' id='block_1_97' title="bbox 334 5323 1917 5396">
    <p class='ocr_par' dir='ltr' id='par_1_97' title="bbox 334 5323 1917 5396">
     <span class='ocr_line' id='line_1_97' title="bbox 334 5323 1917 5396; baseline -0.008 -11"><span class='ocrx_word' id='word_1_709' title='bbox 334 5329 519 5385; x_wconf 84' lang='lat' dir='ltr'><strong>sionis</strong></span> <span class='ocrx_word' id='word_1_710' title='bbox 580 5327 749 5391; x_wconf 82' lang='lat' dir='ltr'><strong>fonti,</strong></span> <span class='ocrx_word' id='word_1_711' title='bbox 811 5327 997 5382; x_wconf 87' lang='lat' dir='ltr'><strong>remisi</strong></span> <span class='ocrx_word' id='word_1_712' title='bbox 1051 5340 1152 5396; x_wconf 87' lang='lat' dir='ltr'><strong>ego</strong></span> <span class='ocrx_word' id='word_1_713' title='bbox 1212 5341 1297 5380; x_wconf 89' lang='lat' dir='ltr'><strong>me</strong></span> <span class='ocrx_word' id='word_1_714' title='bbox 1327 5323 1690 5392; x_wconf 84' lang='lat' dir='ltr'><strong>acquievique</strong></span> <span class='ocrx_word' id='word_1_715' title='bbox 1736 5333 1917 5376; x_wconf 85' lang='lat' dir='ltr'><strong>vestro</strong></span> 
     </span>
    </p>
   </div>
   <div class='ocr_carea' id='block_1_98' title="bbox 324 5410 1917 5489">
    <p class='ocr_par' dir='ltr' id='par_1_98' title="bbox 324 5410 1917 5489">
     <span class='ocr_line' id='line_1_98' title="bbox 324 5410 1917 5489; baseline -0.008 -15"><span class='ocrx_word' id='word_1_716' title='bbox 324 5420 567 5489; x_wconf 83' lang='lat' dir='ltr'><strong>judicio,</strong></span> <span class='ocrx_word' id='word_1_717' title='bbox 619 5420 756 5472; x_wconf 90' lang='lat' dir='ltr'><strong>tanti</strong></span> <span class='ocrx_word' id='word_1_718' title='bbox 806 5417 1056 5481; x_wconf 88' lang='lat' dir='ltr'><strong>ducens,</strong></span> <span class='ocrx_word' id='word_1_719' title='bbox 1101 5414 1395 5485; x_wconf 88' lang='lat' dir='ltr'><strong>quantovis</strong></span> <span class='ocrx_word' id='word_1_720' title='bbox 1442 5410 1807 5466; x_wconf 79' lang='lat' dir='ltr'><strong>itncommodo</strong></span> <span class='ocrx_word' id='word_1_721' title='bbox 1864 5416 1917 5462; x_wconf 88' lang='lat' dir='ltr'><strong>et</strong></span> 
     </span>
    </p>
   </div>
   <div class='ocr_carea' id='block_1_99' title="bbox 326 5501 1916 5585">
    <p class='ocr_par' dir='ltr' id='par_1_99' title="bbox 326 5501 1916 5585">
     <span class='ocr_line' id='line_1_99' title="bbox 326 5501 1916 5585; baseline -0.007 -17"><span class='ocrx_word' id='word_1_722' title='bbox 326 5514 707 5585; x_wconf 84' lang='lat' dir='ltr'><strong>qualicunque</strong></span> <span class='ocrx_word' id='word_1_723' title='bbox 756 5509 1087 5580; x_wconf 85' lang='lat' dir='ltr'><strong>indignitate</strong></span> <span class='ocrx_word' id='word_1_724' title='bbox 1136 5505 1473 5571; x_wconf 86' lang='lat' dir='ltr'><strong>devoranda,</strong></span> <span class='ocrx_word' id='word_1_725' title='bbox 1509 5501 1777 5557; x_wconf 88' lang='lat' dir='ltr'><strong>detnereri</strong></span> <span class='ocrx_word' id='word_1_726' title='bbox 1817 5516 1916 5557; x_wconf 85' lang='lat' dir='ltr'><strong>vos</strong></span> 
     </span>
    </p>
   </div>
   <div class='ocr_carea' id='block_1_100' title="bbox 330 5594 1919 5676">
    <p class='ocr_par' dir='ltr' id='par_1_100' title="bbox 330 5594 1919 5676">
     <span class='ocr_line' id='line_1_100' title="bbox 330 5594 1919 5676; baseline -0.012 -12"><span class='ocrx_word' id='word_1_727' title='bbox 330 5618 388 5664; x_wconf 86' lang='lat' dir='ltr'><strong>et</strong></span> <span class='ocrx_word' id='word_1_728' title='bbox 420 5607 584 5662; x_wconf 85' lang='lat' dir='ltr'><strong>nobis</strong></span> <span class='ocrx_word' id='word_1_729' title='bbox 609 5607 929 5676; x_wconf 88' lang='lat' dir='ltr'><strong>adjungere.</strong></span> <span class='ocrx_word' id='word_1_730' title='bbox 964 5602 1154 5670; x_wconf 85' lang='lat' dir='ltr'><strong>Itaque</strong></span> <span class='ocrx_word' id='word_1_731' title='bbox 1186 5601 1385 5656; x_wconf 77' lang='lat' dir='ltr'><strong>JOanni</strong></span> <span class='ocrx_word' id='word_1_732' title='bbox 1411 5612 1539 5652; x_wconf 86' lang='lat' dir='ltr'><strong>mox</strong></span> <span class='ocrx_word' id='word_1_733' title='bbox 1574 5594 1919 5665; x_wconf 84' lang='lat' dir='ltr'><strong>patriarcha-</strong></span> 
     </span>
    </p>
   </div>
   <div class='ocr_carea' id='block_1_101' title="bbox 340 5688 1930 5756">
    <p class='ocr_par' dir='ltr' id='par_1_101' title="bbox 340 5688 1930 5756">
     <span class='ocr_line' id='line_1_101' title="bbox 340 5688 1930 5756; baseline -0.008 -3"><span class='ocrx_word' id='word_1_734' title='bbox 340 5711 464 5753; x_wconf 89' lang='lat' dir='ltr'><strong>tnm</strong></span> <span class='ocrx_word' id='word_1_735' title='bbox 515 5697 796 5753; x_wconf 81' lang='lat' dir='ltr'><strong>abdicanti</strong></span> <span class='ocrx_word' id='word_1_736' title='bbox 842 5704 1090 5752; x_wconf 85' lang='lat' dir='ltr'><strong>vestrum</strong></span> <span class='ocrx_word' id='word_1_737' title='bbox 1139 5692 1669 5748; x_wconf 79' lang='lat' dir='ltr'><strong>Marmaritzienscm</strong></span> <span class='ocrx_word' id='word_1_738' title='bbox 1716 5688 1930 5756; x_wconf 18' lang='lat' dir='ltr'><strong>subro-i</strong></span> 
     </span>
    </p>
   </div>
   <div class='ocr_carea' id='block_1_102' title="bbox 332 5784 1919 5865">
    <p class='ocr_par' dir='ltr' id='par_1_102' title="bbox 332 5784 1919 5865">
     <span class='ocr_line' id='line_1_102' title="bbox 332 5784 1919 5865; baseline -0.008 -16"><span class='ocrx_word' id='word_1_739' title='bbox 332 5808 492 5865; x_wconf 83' lang='lat' dir='ltr'><strong>gare,</strong></span> <span class='ocrx_word' id='word_1_740' title='bbox 524 5802 586 5846; x_wconf 92' lang='lat' dir='ltr'><strong>ut</strong></span> <span class='ocrx_word' id='word_1_741' title='bbox 619 5792 799 5857; x_wconf 83' lang='lat' dir='ltr'><strong>scitis,</strong></span> <span class='ocrx_word' id='word_1_742' title='bbox 845 5789 1240 5860; x_wconf 78' lang='lat' dir='ltr'><strong>cogitaveram,</strong></span> <span class='ocrx_word' id='word_1_743' title='bbox 1265 5786 1382 5841; x_wconf 90' lang='lat' dir='ltr'><strong>solo</strong></span> <span class='ocrx_word' id='word_1_744' title='bbox 1415 5784 1690 5852; x_wconf 87' lang='lat' dir='ltr'><strong>impulsus</strong></span> <span class='ocrx_word' id='word_1_745' title='bbox 1713 5784 1779 5836; x_wconf 90' lang='lat' dir='ltr'><strong>ad</strong></span> <span class='ocrx_word' id='word_1_746' title='bbox 1816 5784 1919 5836; x_wconf 86' lang='lat' dir='ltr'><strong>hoc</strong></span> 
     </span>
    </p>
   </div>
   <div class='ocr_carea' id='block_1_103' title="bbox 332 5877 1914 5956">
    <p class='ocr_par' dir='ltr' id='par_1_103' title="bbox 332 5877 1914 5956">
     <span class='ocr_line' id='line_1_103' title="bbox 332 5877 1914 5956; baseline -0.011 -11"><span class='ocrx_word' id='word_1_747' title='bbox 332 5892 522 5946; x_wconf 81' lang='lat' dir='ltr'><strong>studio</strong></span> <span class='ocrx_word' id='word_1_748' title='bbox 550 5886 707 5942; x_wconf 87' lang='lat' dir='ltr'><strong>vobis</strong></span> <span class='ocrx_word' id='word_1_749' title='bbox 753 5882 1132 5956; x_wconf 77' lang='lat' dir='ltr'><strong>gratiﬁcandi;</strong></span> <span class='ocrx_word' id='word_1_750' title='bbox 1172 5881 1556 5947; x_wconf 77' lang='lat' dir='ltr'><strong>fecissemquc,</strong></span> <span class='ocrx_word' id='word_1_751' title='bbox 1590 5877 1697 5931; x_wconf 88' lang='lat' dir='ltr'><strong>nisi</strong></span> <span class='ocrx_word' id='word_1_752' title='bbox 1727 5891 1824 5946; x_wconf 80' lang='lat' dir='ltr'><strong>per</strong></span> <span class='ocrx_word' id='word_1_753' title='bbox 1862 5877 1914 5930; x_wconf 89' lang='lat' dir='ltr'><strong>id</strong></span> 
     </span>
    </p>
   </div>
   <div class='ocr_carea' id='block_1_104' title="bbox 2023 4670 3603 4741">
    <p class='ocr_par' dir='ltr' id='par_1_104' title="bbox 2023 4670 3603 4741">
     <span class='ocr_line' id='line_1_104' title="bbox 2023 4670 3603 4741; baseline -0.003 -14"><span class='ocrx_word' id='word_1_754' title='bbox 2023 4673 2343 4727; x_wconf 89' lang='lat' dir='ltr'><strong>vocabiliter</strong></span> <span class='ocrx_word' id='word_1_755' title='bbox 2371 4670 2693 4727; x_wconf 76' lang='lat' dir='ltr'><strong>inﬂexibilis</strong></span> <span class='ocrx_word' id='word_1_756' title='bbox 2724 4671 3070 4741; x_wconf 88' lang='lat' dir='ltr'><strong>emollirique</strong></span> <span class='ocrx_word' id='word_1_757' title='bbox 3120 4671 3171 4724; x_wconf 92' lang='lat' dir='ltr'><strong>in</strong></span> <span class='ocrx_word' id='word_1_758' title='bbox 3208 4670 3603 4739; x_wconf 85' lang='lat' dir='ltr'><strong>indulgentiam</strong></span> 
     </span>
    </p>
   </div>
   <div class='ocr_carea' id='block_1_105' title="bbox 2021 4763 3605 4836">
    <p class='ocr_par' dir='ltr' id='par_1_105' title="bbox 2021 4763 3605 4836">
     <span class='ocr_line' id='line_1_105' title="bbox 2021 4763 3605 4836; baseline -0.003 -15"><span class='ocrx_word' id='word_1_759' title='bbox 2021 4766 2223 4821; x_wconf 63' lang='lat' dir='ltr'><strong>nescire</strong></span> <span class='ocrx_word' id='word_1_760' title='bbox 2280 4764 2598 4836; x_wconf 77' lang='lat' dir='ltr'><strong>rigiditatis,</strong></span> <span class='ocrx_word' id='word_1_761' title='bbox 2648 4765 2993 4834; x_wconf 72' lang='lat' dir='ltr'><strong>praelractiu‘s</strong></span> <span class='ocrx_word' id='word_1_762' title='bbox 3023 4763 3252 4817; x_wconf 91' lang='lat' dir='ltr'><strong>omnino</strong></span> <span class='ocrx_word' id='word_1_763' title='bbox 3305 4778 3468 4829; x_wconf 90' lang='lat' dir='ltr'><strong>quam</strong></span> <span class='ocrx_word' id='word_1_764' title='bbox 3507 4777 3605 4832; x_wconf 87' lang='lat' dir='ltr'><strong>pa-</strong></span> 
     </span>
    </p>
   </div>
   <div class='ocr_carea' id='block_1_106' title="bbox 2022 4852 3606 4930">
    <p class='ocr_par' dir='ltr' id='par_1_106' title="bbox 2022 4852 3606 4930">
     <span class='ocr_line' id='line_1_106' title="bbox 2022 4852 3606 4930; baseline -0.003 -16"><span class='ocrx_word' id='word_1_765' title='bbox 2022 4870 2248 4924; x_wconf 87' lang='lat' dir='ltr'><strong>storem,</strong></span> <span class='ocrx_word' id='word_1_766' title='bbox 2265 4874 2457 4930; x_wconf 69' lang='lat' dir='ltr'><strong>praeset</strong></span> <span class='ocrx_word' id='word_1_767' title='bbox 2474 4857 2567 4912; x_wconf 88' lang='lat' dir='ltr'><strong>tim</strong></span> <span class='ocrx_word' id='word_1_768' title='bbox 2593 4858 2955 4928; x_wconf 83' lang='lat' dir='ltr'><strong>spiritualem,</strong></span> <span class='ocrx_word' id='word_1_769' title='bbox 2997 4858 3190 4911; x_wconf 73' lang='lat' dir='ltr'><strong>decere</strong></span> <span class='ocrx_word' id='word_1_770' title='bbox 3215 4856 3480 4910; x_wconf 88' lang='lat' dir='ltr'><strong>videatur.</strong></span> <span class='ocrx_word' id='word_1_771' title='bbox 3506 4852 3606 4909; x_wconf 89' lang='lat' dir='ltr'><strong>Fui</strong></span> 
     </span>
    </p>
   </div>
   <div class='ocr_carea' id='block_1_107' title="bbox 2020 4945 3607 5021">
    <p class='ocr_par' dir='ltr' id='par_1_107' title="bbox 2020 4945 3607 5021">
     <span class='ocr_line' id='line_1_107' title="bbox 2020 4945 3607 5021; baseline -0.005 -16"><span class='ocrx_word' id='word_1_772' title='bbox 2020 4960 2076 5005; x_wconf 89' lang='lat' dir='ltr'><strong>et</strong></span> <span class='ocrx_word' id='word_1_773' title='bbox 2100 4966 2222 5021; x_wconf 87' lang='lat' dir='ltr'><strong>ego,</strong></span> <span class='ocrx_word' id='word_1_774' title='bbox 2247 4949 2648 5019; x_wconf 82' lang='lat' dir='ltr'><strong>inquant,alias</strong></span> <span class='ocrx_word' id='word_1_775' title='bbox 2672 4948 2724 5001; x_wconf 92' lang='lat' dir='ltr'><strong>in</strong></span> <span class='ocrx_word' id='word_1_776' title='bbox 2754 4962 2816 4999; x_wconf 86' lang='lat' dir='ltr'><strong>ea</strong></span> <span class='ocrx_word' id='word_1_777' title='bbox 2851 4948 3132 5001; x_wconf 83' lang='lat' dir='ltr'><strong>vobiscum</strong></span> <span class='ocrx_word' id='word_1_778' title='bbox 3186 4945 3480 5009; x_wconf 86' lang='lat' dir='ltr'><strong>sententia,</strong></span> <span class='ocrx_word' id='word_1_779' title='bbox 3519 4958 3607 4998; x_wconf 85' lang='lat' dir='ltr'><strong>re-</strong></span> 
     </span>
    </p>
   </div>
   <div class='ocr_carea' id='block_1_108' title="bbox 2020 5024 3611 5113">
    <p class='ocr_par' dir='ltr' id='par_1_108' title="bbox 2020 5024 3611 5113">
     <span class='ocr_line' id='line_1_108' title="bbox 2020 5024 3611 5113; baseline -0.004 -16"><span class='ocrx_word' id='word_1_780' title='bbox 2020 5045 2245 5113; x_wconf 81' lang='lat' dir='ltr'><strong>quirens</strong></span> <span class='ocrx_word' id='word_1_781' title='bbox 2269 5044 2320 5095; x_wconf 90' lang='lat' dir='ltr'><strong>iu</strong></span> <span class='ocrx_word' id='word_1_782' title='bbox 2349 5044 2440 5097; x_wconf 88' lang='lat' dir='ltr'><strong>illo</strong></span> <span class='ocrx_word' id='word_1_783' title='bbox 2466 5040 2933 5097; x_wconf 75' lang='lat' dir='ltr'><strong>accommodatam</strong></span> <span class='ocrx_word' id='word_1_784' title='bbox 2981 5024 3334 5092; x_wconf 61' lang='lat' dir='ltr'><strong>conciliandae</strong></span> <span class='ocrx_word' id='word_1_785' title='bbox 3366 5036 3611 5090; x_wconf 87' lang='lat' dir='ltr'><strong>multitu-</strong></span> 
     </span>
    </p>
   </div>
   <div class='ocr_carea' id='block_1_109' title="bbox 2022 5130 3603 5203">
    <p class='ocr_par' dir='ltr' id='par_1_109' title="bbox 2022 5130 3603 5203">
     <span class='ocr_line' id='line_1_109' title="bbox 2022 5130 3603 5203; baseline -0.006 -11"><span class='ocrx_word' id='word_1_786' title='bbox 2022 5139 2133 5192; x_wconf 89' lang='lat' dir='ltr'><strong>dini</strong></span> <span class='ocrx_word' id='word_1_787' title='bbox 2172 5136 2488 5190; x_wconf 82' lang='lat' dir='ltr'><strong>facilitatem</strong></span> <span class='ocrx_word' id='word_1_788' title='bbox 2523 5132 2920 5203; x_wconf 79' lang='lat' dir='ltr'><strong>paciﬁcamqne</strong></span> <span class='ocrx_word' id='word_1_789' title='bbox 2951 5132 3457 5186; x_wconf 85' lang='lat' dir='ltr'><strong>mansuetudinem.</strong></span> <span class='ocrx_word' id='word_1_790' title='bbox 3488 5130 3603 5196; x_wconf 64' lang='lat' dir='ltr'><strong>Qua</strong></span> 
     </span>
    </p>
   </div>
   <div class='ocr_carea' id='block_1_110' title="bbox 2023 5223 3605 5301">
    <p class='ocr_par' dir='ltr' id='par_1_110' title="bbox 2023 5223 3605 5301">
     <span class='ocr_line' id='line_1_110' title="bbox 2023 5223 3605 5301; baseline -0.004 -18"><span class='ocrx_word' id='word_1_791' title='bbox 2023 5237 2439 5301; x_wconf 70' lang='lat' dir='ltr'><strong>prmoccupatus</strong></span> <span class='ocrx_word' id='word_1_792' title='bbox 2465 5226 2534 5279; x_wconf 88' lang='lat' dir='ltr'><strong>ab</strong></span> <span class='ocrx_word' id='word_1_793' title='bbox 2568 5239 2633 5277; x_wconf 85' lang='lat' dir='ltr'><strong>eo</strong></span> <span class='ocrx_word' id='word_1_794' title='bbox 2662 5227 2952 5279; x_wconf 88' lang='lat' dir='ltr'><strong>aversione</strong></span> <span class='ocrx_word' id='word_1_795' title='bbox 2972 5240 3094 5279; x_wconf 91' lang='lat' dir='ltr'><strong>cum</strong></span> <span class='ocrx_word' id='word_1_796' title='bbox 3130 5223 3378 5278; x_wconf 90' lang='lat' dir='ltr'><strong>audirem</strong></span> <span class='ocrx_word' id='word_1_797' title='bbox 3413 5238 3441 5276; x_wconf 91' lang='lat' dir='ltr'><strong>a</strong></span> <span class='ocrx_word' id='word_1_798' title='bbox 3466 5224 3605 5276; x_wconf 82' lang='lat' dir='ltr'><strong>rct&#39;c-</strong></span> 
     </span>
    </p>
   </div>
   <div class='ocr_carea' id='block_1_111' title="bbox 2023 5313 3607 5386">
    <p class='ocr_par' dir='ltr' id='par_1_111' title="bbox 2023 5313 3607 5386">
     <span class='ocr_line' id='line_1_111' title="bbox 2023 5313 3607 5386; baseline -0.006 -11"><span class='ocrx_word' id='word_1_799' title='bbox 2023 5332 2176 5377; x_wconf 87' lang='lat' dir='ltr'><strong>rente</strong></span> <span class='ocrx_word' id='word_1_800' title='bbox 2206 5320 2359 5374; x_wconf 76' lang='lat' dir='ltr'><strong>Mena</strong></span> <span class='ocrx_word' id='word_1_801' title='bbox 2392 5317 2665 5371; x_wconf 77' lang='lat' dir='ltr'><strong>tnonacho</strong></span> <span class='ocrx_word' id='word_1_802' title='bbox 2691 5316 2957 5371; x_wconf 88' lang='lat' dir='ltr'><strong>divinitus</strong></span> <span class='ocrx_word' id='word_1_803' title='bbox 2989 5314 3093 5386; x_wconf 85' lang='lat' dir='ltr'><strong>ipsi</strong></span> <span class='ocrx_word' id='word_1_804' title='bbox 3115 5316 3409 5369; x_wconf 86' lang='lat' dir='ltr'><strong>revelatam</strong></span> <span class='ocrx_word' id='word_1_805' title='bbox 3440 5313 3607 5368; x_wconf 85' lang='lat' dir='ltr'><strong>nobis</strong></span> 
     </span>
    </p>
   </div>
   <div class='ocr_carea' id='block_1_112' title="bbox 2025 5407 3607 5479">
    <p class='ocr_par' dir='ltr' id='par_1_112' title="bbox 2025 5407 3607 5479">
     <span class='ocr_line' id='line_1_112' title="bbox 2025 5407 3607 5479; baseline -0.008 -9"><span class='ocrx_word' id='word_1_806' title='bbox 2025 5416 2424 5471; x_wconf 80' lang='lat' dir='ltr'><strong>imminentem</strong></span> <span class='ocrx_word' id='word_1_807' title='bbox 2476 5411 2730 5474; x_wconf 85' lang='lat' dir='ltr'><strong>cladem,</strong></span> <span class='ocrx_word' id='word_1_808' title='bbox 2783 5425 2925 5479; x_wconf 79' lang='lat' dir='ltr'><strong>argre</strong></span> <span class='ocrx_word' id='word_1_809' title='bbox 2994 5425 3127 5463; x_wconf 83' lang='lat' dir='ltr'><strong>sane</strong></span> <span class='ocrx_word' id='word_1_810' title='bbox 3188 5407 3498 5462; x_wconf 85' lang='lat' dir='ltr'><strong>adducebar</strong></span> <span class='ocrx_word' id='word_1_811' title='bbox 3550 5414 3607 5458; x_wconf 87' lang='lat' dir='ltr'><strong>ut</strong></span> 
     </span>
    </p>
   </div>
   <div class='ocr_carea' id='block_1_113' title="bbox 2022 5501 3604 5581">
    <p class='ocr_par' dir='ltr' id='par_1_113' title="bbox 2022 5501 3604 5581">
     <span class='ocr_line' id='line_1_113' title="bbox 2022 5501 3604 5581; baseline -0.01 -15"><span class='ocrx_word' id='word_1_812' title='bbox 2022 5510 2329 5581; x_wconf 63' lang='lat' dir='ltr'><strong>crederem,</strong></span> <span class='ocrx_word' id='word_1_813' title='bbox 2361 5504 2504 5558; x_wconf 87' lang='lat' dir='ltr'><strong>haud</strong></span> <span class='ocrx_word' id='word_1_814' title='bbox 2541 5502 2653 5559; x_wconf 85' lang='lat' dir='ltr'><strong>ﬁeri</strong></span> <span class='ocrx_word' id='word_1_815' title='bbox 2706 5518 2870 5572; x_wconf 85' lang='lat' dir='ltr'><strong>posse</strong></span> <span class='ocrx_word' id='word_1_816' title='bbox 2899 5501 3401 5565; x_wconf 60' lang='lat' dir='ltr'><strong>ratus,,hominem</strong></span> <span class='ocrx_word' id='word_1_817' title='bbox 3445 5515 3604 5567; x_wconf 82' lang='lat' dir='ltr'><strong>aspe-</strong></span> 
     </span>
    </p>
   </div>
   <div class='ocr_carea' id='block_1_114' title="bbox 2025 5586 3605 5665">
    <p class='ocr_par' dir='ltr' id='par_1_114' title="bbox 2025 5586 3605 5665">
     <span class='ocr_line' id='line_1_114' title="bbox 2025 5586 3605 5665; baseline -0.01 -8"><span class='ocrx_word' id='word_1_818' title='bbox 2025 5618 2172 5662; x_wconf 89' lang='lat' dir='ltr'><strong>rum,</strong></span> <span class='ocrx_word' id='word_1_819' title='bbox 2203 5586 2424 5653; x_wconf 85' lang='lat' dir='ltr'><strong>immitis</strong></span> <span class='ocrx_word' id='word_1_820' title='bbox 2463 5596 2759 5663; x_wconf 80' lang='lat' dir='ltr'><strong>accrhiqne</strong></span> <span class='ocrx_word' id='word_1_821' title='bbox 2790 5595 3016 5665; x_wconf 83' lang='lat' dir='ltr'><strong>ingenii,</strong></span> <span class='ocrx_word' id='word_1_822' title='bbox 3053 5594 3278 5664; x_wconf 90' lang='lat' dir='ltr'><strong>dignum</strong></span> <span class='ocrx_word' id='word_1_823' title='bbox 3315 5608 3342 5646; x_wconf 88' lang='lat' dir='ltr'><strong>a</strong></span> <span class='ocrx_word' id='word_1_824' title='bbox 3377 5590 3486 5643; x_wconf 82' lang='lat' dir='ltr'><strong>Deo</strong></span> <span class='ocrx_word' id='word_1_825' title='bbox 3513 5590 3605 5659; x_wconf 89' lang='lat' dir='ltr'><strong>jn-</strong></span> 
     </span>
    </p>
   </div>
   <div class='ocr_carea' id='block_1_115' title="bbox 2024 5684 3600 5748">
    <p class='ocr_par' dir='ltr' id='par_1_115' title="bbox 2024 5684 3600 5748">
     <span class='ocr_line' id='line_1_115' title="bbox 2024 5684 3600 5748; baseline -0.007 0"><span class='ocrx_word' id='word_1_826' title='bbox 2024 5696 2195 5748; x_wconf 66' lang='grc' dir='ltr'>«Ιίνιιιὶ</span> <span class='ocrx_word' id='word_1_827' title='bbox 2228 5690 2772 5745; x_wconf 80' lang='lat' dir='ltr'><strong>manifestationibus</strong></span> <span class='ocrx_word' id='word_1_828' title='bbox 2804 5687 3115 5744; x_wconf 87' lang='lat' dir='ltr'><strong>istiusmodi</strong></span> <span class='ocrx_word' id='word_1_829' title='bbox 3165 5693 3462 5741; x_wconf 80' lang='lat' dir='ltr'><strong>eventuum</strong></span> <span class='ocrx_word' id='word_1_830' title='bbox 3510 5684 3600 5739; x_wconf 89' lang='lat' dir='ltr'><strong>in-</strong></span> 
     </span>
    </p>
   </div>
   <div class='ocr_carea' id='block_1_116' title="bbox 2024 5777 3605 5855">
    <p class='ocr_par' dir='ltr' id='par_1_116' title="bbox 2024 5777 3605 5855">
     <span class='ocr_line' id='line_1_116' title="bbox 2024 5777 3605 5855; baseline -0.007 -14"><span class='ocrx_word' id='word_1_831' title='bbox 2024 5785 2437 5855; x_wconf 81' lang='lat' dir='ltr'><strong>suspicahilium</strong></span> <span class='ocrx_word' id='word_1_832' title='bbox 2476 5781 2782 5850; x_wconf 62' lang='lat' dir='ltr'><strong>prudentiae</strong></span> <span class='ocrx_word' id='word_1_833' title='bbox 2813 5782 3084 5834; x_wconf 60' lang='lat' dir='ltr'><strong>humanae.</strong></span> <span class='ocrx_word' id='word_1_834' title='bbox 3115 5777 3300 5844; x_wconf 84' lang='lat' dir='ltr'><strong>Quare</strong></span> <span class='ocrx_word' id='word_1_835' title='bbox 3329 5777 3471 5831; x_wconf 89' lang='lat' dir='ltr'><strong>istud</strong></span> <span class='ocrx_word' id='word_1_836' title='bbox 3508 5792 3605 5830; x_wconf 83' lang='lat' dir='ltr'><strong>va-</strong></span> 
     </span>
    </p>
   </div>
   <div class='ocr_carea' id='block_1_117' title="bbox 2026 5870 3609 5940">
    <p class='ocr_par' dir='ltr' id='par_1_117' title="bbox 2026 5870 3609 5940">
     <span class='ocr_line' id='line_1_117' title="bbox 2026 5870 3609 5940; baseline -0.006 -8"><span class='ocrx_word' id='word_1_837' title='bbox 2026 5880 2274 5934; x_wconf 82' lang='lat' dir='ltr'><strong>ticinium</strong></span> <span class='ocrx_word' id='word_1_838' title='bbox 2307 5878 2443 5931; x_wconf 85' lang='lat' dir='ltr'><strong>iram</strong></span> <span class='ocrx_word' id='word_1_839' title='bbox 2496 5874 2751 5928; x_wconf 80' lang='lat' dir='ltr'><strong>Numinis</strong></span> <span class='ocrx_word' id='word_1_840' title='bbox 2785 5871 2945 5926; x_wconf 88' lang='lat' dir='ltr'><strong>nobis</strong></span> <span class='ocrx_word' id='word_1_841' title='bbox 2973 5871 3379 5940; x_wconf 81' lang='lat' dir='ltr'><strong>impendentem</strong></span> <span class='ocrx_word' id='word_1_842' title='bbox 3420 5870 3609 5924; x_wconf 89' lang='lat' dir='ltr'><strong>inten-</strong></span> 
     </span>
    </p>
   </div>
   <div class='ocr_carea' id='block_1_118' title="bbox 2224 5974 2253 6004">
    <p class='ocr_par' dir='ltr' id='par_1_118' title="bbox 2224 5974 2253 6004">
     <span class='ocr_line' id='line_1_118' title="bbox 2224 5974 2253 6004; baseline 0 0"><span class='ocrx_word' id='word_1_843' title='bbox 2224 5974 2253 6004; x_wconf 63' lang='grc' dir='ltr'>Ο</span> 
     </span>
    </p>
   </div>
  </div>
