4024 6400
427 329 531 392 ὃἳο

1624 334 1960 395 GEORGII
2004 335 2308 393 ΡΑΟΗΥΜ
2325 334 2493 394 ElL-E

3595 329 3702 390 5‘20

421 447 515 497 καὶ
550 445 811 513 πράττειν
842 445 911 497 τὰ
940 446 1079 497 κατὰ
1115 446 1363 515 γνώμην,
1416 446 1554 515 πλὴν
1594 448 1689 499 καὶ
1724 447 1887 516 νόμος
1926 446 2015 499 δέ·
2040 449 2084 507 Α
2120 446 2316 515 ρᾶσθαι
2342 449 2569 516 σχίζειν.
2601 449 2694 500 καὶ
2746 449 2965 512 ἀμελεῖν
2995 447 3068 507 ὡς
3103 446 3177 517 μή
3214 461 3356 508 τινος
3411 444 3583 497 κακοῦ
3609 461 3704 510 γε·

421 538 589 597 δοται,
621 540 648 589 δ
680 536 777 601 μὲν
803 535 889 608 [Ρ.
920 536 1046 607 529]
1081 539 1327 603 φυσικὸς,
1352 540 1380 590 δ
1425 538 1482 591 δὲ
1511 540 1774 608 γραπτὸς,
1804 539 1899 593 καὶ
1928 539 2007 593 δι-

422 627 632 695 καστὴς
666 626 1011 695 προκάθηται
1036 626 1257 697 κρίνων,
1299 627 1366 679 ἵν’
1395 627 1422 679 ὂ
1469 629 1544 697 μὴ
1579 628 1671 697 ἀφ’
1698 629 1893 682 ἑαυτοῦ
1922 646 2007 691 τις

421 718 534 781 ἔξει
561 720 630 788 τῇ
671 718 973 788 συνειδήσει
1009 718 1476 789 σωφρονιζόμενος
1498 721 1594 774 καὶ
1625 721 1699 782 ὡς
1723 721 2007 791 ἀναγκαίῳ

423 808 625 881 χαλινῷ
653 811 1081 880 καταγχόμενος,
1114 807 1274 862 τοῦτο
1309 810 1461 879 παρὰ
1498 813 1598 879 τῆς
1625 808 1823 875 ἔξωθεν
1852 811 2000 874 €800-

427 901 547 964 σίας
576 901 885 963 παιδευθεὶς
933 901 1117 969 μάθοι,
1159 902 1253 953 καὶ
1287 903 1314 955 ὁ
1350 902 1622 971 μετελθὼν
1646 904 1705 954 τὸ
1750 903 2010 971 πλημμέ-

424 993 573 1062 λημα
608 995 727 1055 ταῖς
756 992 1033 1063 ἀληθείαις
1081 995 1377 1065 εὐεργέτης
1409 995 1552 1060 δόξοι
1596 998 1693 1049 καὶ⁹
1726 998 2006 1067 τιμωρῶν.

439 1086 528 1139 Ἐν
560 1086 617 1138 δέ
643 1103 705 1153 γε
740 1086 815 1154 τῷ
872 1087 1002 1156 ἱερῴ
1052 1087 1370 1157 Εὑαγγελέῳ
1405 1090 1498 1141 καὶ
1544 1090 1592 1141 οἱ
1639 1092 1697 1142 ἐν
1733 1090 1871 1152 ὁδοῖς
1914 1091 2010 1144 καὶ

427 1179 709 1240 πλατείαις
735 1179 829 1231 καὶ
882 1178 1083 1248 ῥύμαις
1122 1179 1364 1245 κείμενοι
1399 1182 1479 1243 εἰς
1511 1184 1638 1245 τοὺς
1672 1182 1885 1251 γάμους
1913 1180 2009 1235 τοῦ

427 1268 689 1339 βασιλέως
716 1268 975 1333 εἰσελθεῖν
1000 1268 1423 1336 ἀναγκάζονται,
1454 1271 1531 1333 ὡς
1552 1272 1867 1339 ἀναγκαίως
1894 1275 2015 1326 ὲπι-

425 1363 679 1432 κείμενον
711 1361 771 1415 ὃν
797 1363 860 1415 τὸ
901 1363 998 1431 τῆς
1034 1362 1300 1432 ἀνάγκης,
1342 1364 1390 1415 εἰ
1436 1363 1681 1430 βούλοιτό
1716 1380 1799 1427 τις
1840 1362 2011 1428 σώζε-

428 1454 573 1508 σθαι.
625 1455 668 1506 Τ
674 1455 690 1505 ι
733 1454 910 1509 τοίνυν
940 1454 999 1506 τὺ
1033 1455 1161 1524 ὑμῖν
1199 1455 1382 1509 ἱκανὸν
1435 1455 1626 1509 δοκοῦν
1684 1457 1766 1519 εἰς
1794 1457 1856 1508 τὸ
1894 1457 2015 1527 σχε-

426 1547 655 1613 ζεσθαι;
687 1547 740 1599 τί
789 1565 848 1600 τε
875 1547 903 1601 δ
950 1548 1227 1602 ἐκκλιτέον
1266 1548 1395 1618 ὑμῖν
1428 1548 1502 1611 ὠς
1538 1549 1613 1618 μὴ
1661 1550 1841 1612 καλῶς
1889 1550 2014 1620 ἔχον

425 1642 648 1711 ἥγηται,
678 1642 820 1695 ὥστε
872 1643 968 1696 καὶ
1012 1642 1193 1705 ἄλλοις
1245 1644 1507 1713 παρέχειν
1559 1643 1879 1710 σκάνδαλον,
1916 1645 2013 1696 καὶ

423 1734 518 1786 τὸν
559 1733 656 1788 ἕνα
685 1734 778 1787 καὶ
824 1733 1081 1805 ἄσχιστον
1114 1734 1322 1805 χιτῶνα
1368 1734 1469 1805 τῆς
1508 1735 1836 1806 Ἐκκλησιας
1891 1752 2012 1788 πει-

426 1923 553 1970 tans
577 1923 637 1970 ut
656 1929 857 1970 vanum
883 1925 977 1969 aut
1003 1914 1176 1986 gratis
1196 1913 1496 1969 conﬁctum
1521 1915 1883 1985 aspernabar,
1914 1915 2010 1971 diu

425 2009 477 2063 ei
502 2006 661 2062 fidem
680 2008 955 2062 abnuens.
974 2008 1180 2061 Tamen
1200 2008 1319 2062 viso
1340 2016 1527 2077 postea
1546 2022 1827 2071 successu,
1847 2024 1984 2076 argu
1998 2038 2013 2051 -

426 2113 723 2169 mentoque
742 2100 1109 2170 irrefragabili
1133 2100 1426 2155 convictus
1454 2100 1707 2156 habitare
1724 2103 1776 2156 in
1801 2101 1900 2156 illo
1914 2101 2010 2157 Dei

422 2192 588 2264 5,73
658 2193 946 2260 Spiritum,
1011 2190 1172 2262 cujus
1224 2183 1417 2258 utique
1473 2193 1647 2247 solius
1682 2192 2009 2262 ~prophetia

424 2286 638 2339 eventis
688 2294 899 2355 patrata
949 2283 1155 2339 donum
1215 2285 1627 2352 agnoscendum
1672 2292 1778 2352 est,
1826 2285 2011 2341 facere

428 2390 537 2428 non
591 2375 743 2444 potui
787 2376 921 2444 quin
961 2388 1184 2442 raperer
1223 2373 1532 2428 vehementi
1585 2375 1826 2443 quodam
1880 2390 2012 2443 erga

428 2470 591 2523 talem
647 2469 824 2522 virum
880 2470 1089 2533 studio,
1145 2470 1579 2539 praajudiciaquc
1632 2472 1686 2525 in
1736 2487 1861 2526 cum
1919 2471 2013 2525 illa

426 2562 604 2628 priora
635 2560 816 2614 excuti
844 2560 974 2613 mihi
997 2577 1062 2614 ex
1091 2562 1280 2616 animo
1303 2562 1562 2625 sinerem,
1588 2572 1852 2632 reputans
1887 2565 2010 2618 ideo

427 2653 561 2705 mihi
614 2652 776 2716 forte,
816 2653 1155 2721 indulgentia
1191 2652 1447 2709 Numinis
1486 2669 1662 2707 meam
1704 2656 2009 2709 erudientis

426 2744 781 2813 imperitiam,
836 2744 1075 2813 experiri
1136 2745 1265 2798 talia
1326 2761 1683 2810 concessum,
1750 2757 1809 2801 ut
1861 2748 2008 2817 quod

426 2833 692 2889 hactenus
735 2835 1087 2904 nequiverant
1130 2836 1516 2905 intelligerem,
1560 2837 1798 2893 immane
1837 2855 2013 2908 quan-

427 2938 542 2980 tum
586 2927 771 2980 extolli
808 2942 995 2996 ,supra
1050 2929 1412 2997 cogitationes
1464 2927 1747 2982 hominum
1800 2931 2009 2998 judicia

426 3019 633 3083 divina,
675 3035 908 3089 quorum
955 3019 1030 3072 illi
1068 3035 1176 3074 non
1209 3035 1334 3072 raro
1369 3019 1655 3106 suffragiis
1678 3024 2010 3090 evehuntur,

2040 1784 2087 1845 B

2112 540 2340 608 νομένου
2367 557 2380 605 ;
2407 540 2468 592 Εἰ
2497 540 2541 592 δ’
2570 536 2681 601 οὖν,
2713 540 2829 592 ἀλλ’
2858 540 2966 593 ἰδοὺ
2999 537 3350 608 πατριάρχης
3386 537 3479 588 καὶ
3512 537 3699 607 ῖεράρ-

2110 648 2223 699 χαι,
2252 631 2360 685 ἰδοὺ
2388 632 2589 700 κλῆρος
2610 632 2704 684 καὶ
2730 631 3034 701 σύγκλητος
3055 632 3150 685 καὶ
3172 631 3299 692 λαὸς
3325 630 3418 683 καὶ
3449 627 3704 699 μοναχῶν

2109 723 2159 774 οἱ
2193 723 2418 789 λογάδες
2440 737 2454 750 ·
2484 726 2578 776 καὶ
2610 724 2733 777 ὅσον
2757 724 2885 793 ὑμῖν
2911 726 2993 786 εἰς
3018 722 3319 788 ἀπολογίαν
3343 721 3702 790 παρίσταται,

2111 814 2324 877 εἴπατε,
2360 816 2453 868 καὶ
2504 816 2720 886 πρῶτον
2750 814 2860 869 τῶν
2888 815 3085 880 ἄλλων,
3128 816 3303 867 ὁποῖοι
3346 814 3440 866 καὶ
3472 812 3616 872 τίνες
3645 814 3706 864 ἐν

2115 903 2399 974 ἱεράρχαις
2444 905 2581 975 πρδς
2630 905 2726 968 οὓς
2781 907 3073 975 ἀναφέρειν
3118 904 3267 974 ἔχετε
3320 904 3388 956 τὰ
3438 903 3703 971 ὑμέτερα,

2111 995 2253 1047 ὥστε
2311 995 2517 1049 τούτων
2567 997 3118 1065 ἀποϐουκοληθέντων
3174 995 3419 1055 ἐκείνους
3473 993 3707 1056 δικαίως

2113 1084 2484 1154 ὲγκρῐνεσθαι.
2517 1086 2650 1138 Οὐδὲ
2684 1087 2791 1153 γὰρ
2839 1088 2918 1149 εις
2959 1088 3266 1155 ἀπέραντον
3315 1084 3702 1154 σχισθήσεσθε,

2113 1175 2229 1228 οὐδὲ
2269 1175 2500 1241 δίκαιον,
2531 1179 2651 1232 οὐδέ
2676 1180 2727 1247 γ’
2776 1179 2971 1247 ἑτέραν
2996 1178 3323 1246 οἰκουμένην
3365 1176 3703 1245 ζητήσομεν,

2113 1264 2171 1329 ἐξ
2199 1262 2265 1338 ἦς
2292 1268 2605 1337 ὲνέγκωμεν
2639 1270 2898 1340 ἱεράρχας
2938 1271 3065 1334 τοὺς
3092 1270 3190 1339 τῆς
3220 1270 3499 1339 ἡμετέρας
3535 1267 3709 1337 ἀρχῆ-

2116 1359 2206 1411 θεν
2247 1359 2577 1427 Ἐκκλησίας
2630 1361 2706 1424 ὡς
2748 1361 2807 1414 τὸ
2857 1361 3004 1424 εἰκὸς
3064 1362 3529 1429 καταστήσοντας.
3580 1355 3707 1410 Οὐδ’

2115 1449 2339 1518 εὔλογον
2370 1453 2499 1521 περὶ
2531 1453 2638 1504 τῶν
2670 1453 2838 1506 ὄντων
2868 1454 3077 1525 ἐρωτᾷν
3100 1453 3226 1516 τοὺς
3261 1453 3339 1521 μὴ
3370 1454 3554 1514 ὄντας,
3584 1447 3704 1502 ἀλλ’

2116 1543 2277 1612 ἡμεῖς
2302 1544 2425 1595 καθ’
2451 1544 2647 1607 αὐτοὺς
2672 1546 2767 1607 τὰς
2790 1546 3053 1615 διαφορὰς
3078 1545 3473 1615 δοκιμάσομεν.
3508 1543 3705 1612 Ἡμεῖς

2116 1635 2410 1704 κρινοῦμεν
2454 1637 2549 1689 καὶ
2582 1638 2639 1688 ἐν
2679 1638 2836 1707 μέρει
2868 1636 3393 1708 ἀντικριθηοόμεθα,
3439 1639 3531 1689 καὶ
3566 1634 3707 1704 μετᾶ

2116 1724 2253 1779 Θεοῦ
2288 1728 2380 1779 καὶ
2430 1727 2540 1780 τῶν
2587 1727 2846 1798 Πατέρων
2875 1726 3165 1797 ζητοῦντες
3192 1728 3291 1781 οὐκ
3338 1726 3405 1780 ἂν
3437 1729 3708 1798 ἁμάρτοι-

2116 1909 2255 1963 fieri.
2320 1908 2453 1974 Quae
2502 1922 2630 1963 cum
2684 1908 2757 1963 ita
2812 1909 2945 1974 sint,
2980 1925 3228 1979 quaenam
3287 1910 3442 1966 vobis
3477 1911 3704 1966 demum

2116 2000 2312 2072 idonea
2353 2000 2686 2069 persistendi
2740 2002 2794 2053 in
2831 2001 3129 2056 schismate
3159 2017 3326 2057 causa
3382 2004 3517 2058 est?
3568 2003 3703 2073 quid

2115 2091 2369 2159 excipitis
2407 2091 2686 2146 declinare
2714 2106 2814 2147 nos
2839 2093 3041 2147 debere
3085 2094 3289 2148 malum
3323 2110 3353 2149 a
3406 2096 3561 2150 vobis
3614 2096 3707 2150 in-

2115 2182 2561 2257 eonveniensque
2587 2182 2925 2249 judicatum,
2959 2199 3071 2252 quo
3104 2184 3252 2238 velut
3281 2194 3466 2238 amoto
3507 2190 3707 2241 vestrae

2114 2272 2437 2326 oll'ensionis
2498 2273 2762 2328 seandalo
2825 2275 2878 2328 in
2947 2289 3118 2329 unum
3174 2276 3455 2331 conciliati
3508 2293 3707 2334 omnes

2113 2362 2282 2435 474
2329 2365 2731 2420 occurramus?
2794 2380 2897 2419 cur
2962 2381 3128 2421 unam
3190 2376 3245 2421 et
3319 2367 3704 2423 inconsutilem

2122 2455 2377 2511 Ecclesia:
2438 2460 2682 2511 tunicam
2716 2459 2997 2512 conamini
3034 2459 3307 2527 scindere,
3339 2476 3516 2531 eoque
3557 2462 3709 2517 facto

2123 2564 2322 2605 secure
2377 2550 2608 2620 pergitis
2636 2552 2843 2614 vivere,
2871 2552 3031 2621 quasi
3061 2553 3214 2607 nullo
3244 2569 3342 2609 vos
3367 2556 3596 2608 crimine
3622 2554 3708 2609 sic

2117 2644 2329 2712 agendo
2369 2643 2639 2713 illigetis?
2668 2644 2764 2698 Sin
2814 2660 2913 2700 vos
2945 2647 3126 2700 adhuc
3172 2647 3275 2701 ista
3322 2662 3428 2700 non
3449 2657 3706 2721 movent,

2117 2748 2216 2804 age
2251 2734 2489 2804 proferte
2519 2751 2629 2805 quo
2663 2737 2941 2791 nitamini.
2994 2736 3073 2790 En
3125 2737 3435 2805 patriarcha
3483 2750 3539 2792 et
3582 2737 3709 2793 hie-

2116 2829 2355 2893 rarcbae;
2426 2843 2491 2883 en
2565 2829 2750 2883 clerus
2836 2839 2890 2882 et
2942 2840 3170 2884 senatus
3242 2841 3292 2884 et
3348 2831 3582 2900 populus
3647 2841 3709 2887 et

2118 2920 2401 2976 lectissimi
2435 2922 2642 2991 quique
2698 2924 3091 2976 monachorum
3127 2941 3140 2976 :
3172 2937 3358 2977 coram
3403 2922 3487 2976 his
3531 2939 3710 2994 expo-

2121 3014 2233 3069 nite
2258 3014 2399 3083 quod
2425 3016 2488 3067 ad
2512 3022 2749 3069 vestram
2791 3014 3175 3069 defensionem
3207 3017 3415 3070 utiliter
3454 3016 3708 3086 alleganc

426 3112 519 3180 qui
576 3110 784 3164 nullum
840 3110 911 3164 ab
955 3110 1196 3164 humano
1250 3110 1438 3164 favore
1485 3105 1747 3179 punctum
1806 3114 2009 3169 ferunt.
2042 3132 2084 3190 ο
2122 3106 2250 3159 dum
2281 3105 2750 3161 conﬁditis.‘Ante
2772 3115 2953 3160 autem
2981 3109 3188 3171 omnia,
3214 3125 3337 3161 cum
3369 3124 3413 3159 γι
3437 3124 3493 3162 ra
3518 3110 3710 3163 Eccle-

426 3200 585 3257 Unde
625 3201 771 3255 istud
807 3200 985 3270 ipsum
1036 3200 1178 3269 quod
1232 3200 1286 3254 in
1320 3200 1422 3255 hoc
1478 3203 1723 3271 plerique
1782 3206 1896 3257 viro
1931 3207 2008 3259 ιιιὶ

425 3294 616 3347 vitium
670 3295 955 3379 damnan‘t,
1010 3292 1156 3346 laudi
1208 3294 1391 3363 potius
1432 3296 1819 3349 ascribendum
1866 3299 2010 3366 iudi-

423 3389 566 3442 cavi.
622 3387 737 3440 Cur
794 3388 965 3452 enim,
1023 3387 1258 3451 aiebam,
1319 3387 1463 3442 hunc
1516 3388 1815 3458 vitupereni
1863 3395 2008 3460 quod

424 3496 652 3535 severus
676 3480 729 3532 in
766 3480 1083 3549 castigando
1116 3482 1209 3543 sit,
1240 3496 1366 3534 curn
1393 3479 1642 3544 Deus,de
1669 3483 1826 3551 cujus
1857 3485 2009 3539 beni-

426 3574 630 3637 gnitate
662 3572 915 3624 dubitare
973 3582 1368 3641 nenio'potest,
1405 3574 1731 3643 plerumque
1764 3576 2013 3628 homines

423 3664 569 3732 juste
604 3664 832 3733 puniat?
879 3679 985 3716 non
1028 3664 1213 3716 animo
1251 3664 1462 3718 scilicet
1515 3665 1662 3732 ipsos
1720 3667 2006 3734 perdendi,

426 3756 522 3809 sed
556 3754 855 3825 purgandi;
888 3755 1034 3824 quod
1069 3756 1319 3824 profecto
1356 3758 1733 3825 benignitatis,
1776 3759 2010 3830 ejusque

428 3862 536 3900 non
591 3846 848 3916 volgaris.
898 3847 1135 3900 cilicium
1196 3855 1302 3902 est.
1339 3848 1608 3913 Quoniam
1676 3861 1858 3904 autem
1920 3852 2005 3905 sui

427 3949 621 4008 potens
648 3953 712 3993 ac
743 3938 901 3992 liberi
926 3954 1153 4009 compos
1187 3940 1400 3993 arbitrii
1423 3940 1681 3995 conditus
1707 3944 1870 3996 homo
1900 3954 2004 4009 est,

425 4034 732 4102 exspectari
773 4031 915 4085 aliud
946 4048 1049 4086 non
1083 4032 1246 4087 debet
1279 4049 1443 4102 quain
1470 4034 1839 4089 exerciturum
1878 4052 2005 4091 eum

426 4125 480 4176 in
518 4124 639 4177 vitae
691 4134 814 4178 actu
852 4140 1008 4178 suam
1063 4124 1217 4178 istam
1264 4125 1574 4192 expeditam
1630 4129 1685 4180 in
1732 4131 2004 4183 utrumvis

425 4216 660 4284 eligendi
711 4214 1048 4281 facultatem,
1080 4225 1134 4269 et
1166 4227 1325 4284 prout
1370 4216 1701 4284 judicaverit
1751 4230 2011 4284 operatu-

425 4323 575 4364 rum.
619 4307 855 4362 Tantum
907 4309 957 4363 ei
994 4309 1280 4380 dirigenda
1320 4310 1401 4364 lex
1458 4312 1775 4380 apponitur,
1806 4321 2004 4382 partim

423 4400 698 4459 naturalis
737 4401 934 4469 partim
963 4386 1195 4469 scripta,
1258 4403 1577 4472 arbiterque
1622 4404 1880 4472 praesidet
1910 4405 2007 4473 ju-

2120 3198 2202 3254 sia
2236 3212 2437 3265 corpus
2488 3199 2609 3252 sine
2658 3199 2837 3265 capite
2870 3214 2995 3252 esse
3042 3215 3150 3252 noa
3203 3200 3395 3267 poSsit,
3430 3201 3708 3255 ostendite

2116 3289 2323 3358 quibus
2354 3297 2406 3341 et
2450 3289 2708 3357 qualibus
2754 3290 3056 3343 hierarchis
3095 3302 3331 3343 vestram
3377 3291 3517 3344 banc
3549 3298 3706 3345 recte

2117 3382 2371 3449 siibjungi
2406 3382 2884 3450 congregationem
2920 3384 3244 3436 autumetis.
3282 3381 3389 3437 Sed
3429 3385 3609 3452 videte
3644 3393 3705 3437 ut

2118 3476 2259 3528 tales
2316 3474 2734 3536 demonstretis,
2791 3474 3048 3542 qualibus
3105 3476 3261 3543 plena
3323 3477 3706 3543 exploratione

2117 3568 2353 3637 cognitis
2407 3567 2551 3620 haud
2603 3567 2769 3621 dubie
2816 3568 3143 3629 debeamus,
3197 3571 3537 3634 repudiando
3598 3586 3705 3624 no-

2114 3670 2261 3715 stros
2314 3670 2373 3713 nt
2431 3662 2613 3714 minus
2652 3660 2904 3723 idoneos,
2948 3661 3232 3715 accedere.
3269 3659 3385 3726 Eia,
3451 3663 3699 3731 inquam,

2109 3755 2453 3821 reperiamus
2513 3754 2753 3822 aliquem
2807 3755 3013 3807 exitum
3076 3754 3273 3807 infiniti
3342 3756 3458 3822 jam
3525 3771 3701 3823 prope

2076 3827 2111 3849 Α

2117 3847 2341 3915 negotii.
2398 3845 2671 3900 Nullusne
2726 3847 2994 3901 terminus
3038 3847 3354 3916 jurgiorum
3404 3847 3515 3900 sit?
3566 3862 3698 3902 num

2115 3949 2331 4001 auruum
2392 3934 2742 3987 arbitramini
2789 3945 2998 3988 aeterno
3040 3950 3139 3990 vos
3194 3935 3635 3991 irrevocabiliter
3668 3954 3699 3992 a

2116 4026 2320 4080 mundo
2356 4027 2611 4080 universo
2653 4026 2877 4098 abjungi
2912 4027 3187 4082 discidio?
3214 4028 3298 4082 An
3333 4029 3500 4083 alium
3552 4047 3702 4100 qua:-

2115 4132 2297 4170 remus
2320 4126 2591 4169 terrarum
2620 4118 2833 4179 orbem,
2862 4117 3007 4172 unde
3040 4118 3359 4174 hierarclias
3394 4120 3553 4172 vobis
3587 4136 3698 4174 non

2114 4208 2478 4262 fastidiendos
2522 4208 2885 4273 adducamus,
2938 4209 3034 4277 qui
3090 4218 3338 4265 nostram
3399 4211 3701 4280 aliquando

2092 4301 2420 4377 ‘Eeclesiam
2478 4317 2583 4353 non
2634 4301 2747 4369 jam
2800 4304 3045 4368 amplius
3094 4301 3275 4357 dubia:
3326 4304 3702 4361 ordinationis

2115 4392 2458 4462 presbyteris
2489 4392 2769 4445 instruant
2818 4405 2883 4444 ac
2914 4403 3062 4446 certa
3092 4407 3216 4445 cum
3247 4394 3552 4449 orthodoxa
3607 4412 3702 4451 ve-

428 4492 621 4546 dicans
690 4501 768 4553 ιιιν
819 4492 865 4546 si
932 4493 1020 4546 cui
1071 4506 1098 4544 θ
1160 4490 1351 4546 fraude
1401 4495 1707 4549 coercendo
1764 4496 2013 4549 naturale
2048 4485 2220 4567 θιντὶ
2284 4483 2697 4538 continuatione
2757 4485 3130 4539 conuectant?
3194 4486 3388 4541 Utrum
3458 4490 3700 4544 οοιιεειίε

430 4582 662 4652 singulis
727 4582 962 4637 inditum
1029 4586 1268 4653 proprias
1314 4584 1587 4654 cuiusque
1634 4587 2012 4650 conscientiae,

429 4673 651 4727 vitanda
685 4675 1080 4745 sequendaque
1113 4676 1521 4746 distinguentis.
1556 4678 1701 4732 haud
1737 4679 2015 4735 suffecerit

429 4765 682 4831 fraenurn,
740 4766 902 4836 huius
951 4767 1230 4823 defectum
1278 4779 1523 4823 externm
1564 4773 1854 4839 potestatis
1890 4790 2013 4827 cor-

428 4860 607 4928 reptio
642 4862 913 4928 suppleat,
961 4859 1251 4930 discatque
1304 4875 1537 4914 censura
1585 4862 1823 4916 docente
1863 4866 2008 4933 quod

429 4951 759 5005 admonente
807 4950 1003 5004 intimo
1050 4961 1261 5006 naturae
1289 4951 1513 5021 judicio‘
1550 4952 1705 5008 visus
1770 4963 1854 5009 est
1900 4970 2007 5009 non

429 5041 766 5096 intellexisse
809 5044 901 5112 qui
944 5044 1221 5112 peccavit;
1256 5059 1320 5097 ex
1358 5060 1464 5113 quo
1501 5044 1737 5100 infertur
1776 5047 2015 5113 castiga-

430 5140 606 5186 torem
638 5133 820 5188 delicti
860 5150 1044 5188 revera
1097 5135 1469 5191 benefactoris
1525 5136 1646 5191 loco
1677 5139 2010 5208 ducendum,

429 5226 593 5278 etiam
638 5241 761 5280 cum
800 5228 972 5285 saevit.
1007 5228 1074 5281 ab
1107 5243 1170 5283 eo
1222 5244 1383 5297 quem
1420 5239 1716 5283 merentem
1760 5232 2006 5299 corripit.

428 5319 563 5376 Nam
598 5335 724 5375 esse
777 5321 1087 5376 hominibus
1124 5323 1421 5388 expetibile
1455 5323 1499 5376 vi
1536 5322 1781 5377 adhibita
1828 5324 2007 5391 juvari

382 5454 385 5457 γ
431 5412 775 5466 demenstrat
800 5429 1018 5467 sacrum
1056 5414 1437 5482 Evangelium,
1472 5414 1562 5468 ubi
1597 5414 1765 5468 refert
1793 5415 2009 5467 turbant

433 5509 486 5558 in
519 5506 620 5560 viis
660 5507 856 5575 plateis
906 5507 1155 5574 vicisque
1188 5508 1361 5560 otiose
1409 5506 1748 5561 desidentem
1778 5521 1889 5559 non
1924 5506 2011 5560 in-

430 5600 741 5652 humaniter
773 5601 864 5651 sed
898 5599 1139 5652 benefice
1165 5600 1506 5667 compulsam
1540 5597 1747 5652 intrare
1772 5598 1838 5651 ad
1867 5599 2011 5667 regis

433 5691 684 5760 nuptias;
746 5700 803 5743 ut
860 5690 963 5743 sibi
1018 5690 1394 5744 necessarium
1456 5704 1649 5745 omnes
1706 5688 2012 5756 intelligant

435 5784 696 5837 auxilium
748 5782 981 5834 admota:
1027 5780 1391 5847 necessitatis,
1433 5781 1475 5835 si
1515 5783 1603 5850 qui
1638 5780 1775 5835 salvi
1820 5779 2011 5835 volunt

2120 4576 2518 4629 controversiis
2575 4576 2830 4632 finiendis
2886 4578 3262 4642 conducibile,
3321 4594 3486 4647 super
3542 4589 3696 4636 statu

2118 4665 2414 4717 viventium
2455 4667 2775 4719 consultare
2814 4681 2941 4719 cum
3000 4669 3256 4731 mortuis,
3294 4677 3347 4722 et
3399 4670 3698 4737 exquirere

2117 4759 2185 4810 ab
2224 4757 2292 4810 iis
2328 4757 2420 4825 qui
2454 4771 2563 4810 non
2600 4766 2751 4821 sunt,
2793 4759 3185 4828 quidjudicari
3224 4762 3290 4816 de
3327 4763 3695 4830 praesentibus
3755 4771 3759 4777 '

2116 4849 2349 4903 debeat?
2395 4850 2529 4919 quin
2586 4865 2688 4904 nos
2732 4850 2836 4919 ipsi
2878 4855 3062 4921 potius
3098 4851 3408 4908 decidimus
3445 4855 3571 4909 lites
3600 4870 3701 4908 no-

2118 4954 2287 5005 stras,
2327 4954 2383 4997 et
2420 4942 2769 5009 proferendis
2804 4947 3086 5013 utrimque
3122 4946 3359 5001 invicem
3402 4963 3695 5004 causarum

2116 5038 2471 5091 adversarum
2491 5035 3046 5105 jnribusjudicanius
3071 5040 3315 5093 vicissim
3343 5040 3701 5108 judicamur-

2117 5144 2243 5197 que,
2273 5129 2352 5182 sic
2385 5128 2643 5181 conflictu
2679 5139 3130 5198 argumentorum
3161 5134 3513 5187 extundenda
3548 5138 3697 5190 veri-

2118 5234 2246 5290 tate,
2291 5240 2395 5294 qua
2449 5240 2572 5278 mox
2619 5226 2735 5278 visa
2798 5231 3212 5282 consentientes
3244 5232 3698 5299 ,aeqtiiescamus.

2116 5319 2303 5373 Auden
2336 5319 2610 5388 polliceri,
2654 5319 2851 5371 fiducia
2888 5336 2995 5374 non
3027 5322 3269 5376 defuturi
3323 5326 3494 5378 divini
3531 5326 3695 5380 auxi-

2117 5411 2171 5463 lii
2198 5428 2211 5464 :
2247 5411 2291 5465 si
2323 5412 2413 5465 Dei
2435 5411 2626 5474 ductu,
2646 5411 2865 5465 Patrum
2894 5417 3319 5471 auctoritatibus
3345 5428 3399 5472 et
3421 5421 3696 5490 exemplis

2116 5503 2459 5570 inquii-emus
2492 5505 2626 5574 quid
2661 5521 2797 5573 opus
2833 5504 2978 5559 facto
3028 5509 3119 5573 sit,
3155 5524 3265 5563 non
3305 5512 3693 5570 aberrabimus

2116 5612 2143 5648 a
2176 5612 2363 5665 seupo,
2395 5612 2495 5651 nec
2520 5598 2613 5652 diu
2647 5598 2825 5653 aberit
2856 5600 2989 5668 quiti
3023 5603 3420 5659 conveniamus
3451 5606 3503 5660 in
3537 5624 3694 5662 com-

2116 5690 2356 5744 muniter
2393 5690 2692 5744 salutarem
2730 5702 2781 5745 et
2814 5693 3163 5747 commodam
3199 5696 3445 5766 utrisque
3478 5711 3701 5753 senten-

2117 5782 2269 5836 tiam.
2329 5779 2454 5837 Haec
2487 5798 2552 5838 ex
2600 5798 2723 5839 meo
2775 5799 2939 5838 sensu
3000 5802 3121 5856 quae
3160 5792 3453 5861 proﬁterer
3508 5795 3694 5848 habui.
