4024 6476
305 480 408 549 521

1250 478 1347 538 DE
1381 472 1819 537 ANDRONICO
1857 469 2319 529 PALEOLOGO
2360 469 2501 554 [ΛΒ.
2549 468 2644 528 Vl.

3466 472 3574 535 522

316 617 439 671 μεν,
468 599 565 653 σὺν
596 596 716 667 Θεῷ
746 595 791 651 δ’
834 595 1137 666 εἰρήσεται,
1166 592 1263 647 τοῦ
1305 589 1487 648 κοινοῦ
1532 589 1891 651 συνοίσοντος.
1928 595 1974 649 Α
2004 586 2156 657 ἡμῖν,
2189 587 2237 638 εξ
2290 584 2550 651 κελεύεις,
2585 582 2847 653 ζητητέον
2870 598 2886 617 ο
2925 583 3068 639 οὕτω
3113 582 3318 655 γὰρᾶν
3345 588 3578 657 ὁπουδή-

312 688 399 745 Τὰ
428 690 528 760 μὲν
556 688 685 760 παρ’
717 686 954 759 ἐμαυτοῦ
979 685 1150 740 ταῦτα
1171 701 1188 718 ο
1218 685 1377 756 ὑμεῖς
1398 683 1478 747 δὲ,
1514 683 1564 737 εἱ
1603 682 1696 735 καὶ
1731 697 1892 734 συνε-

315 781 556 851 κλήηητε
616 780 838 841 πάντες,
895 775 979 849 [Ρ.
1013 774 1139 847 330]
1192 774 1310 828 ἀλλ’
1359 773 1420 827 οὒ
1479 773 1661 840 λέγειν
1691 769 1895 830 πάντες

318 871 505 934 ἁπλῶς
543 866 928 939 ιπιτρὲπεσθι.
966 864 1182 931 Ἔξεστι
1238 863 1296 916 δὲ
1334 861 1415 933 τῷ
1465 858 1746 941 ἀξιωτέρῳ
1783 857 1894 912 τῶν

319 965 497 1018 ἄλλων
530 961 672 1031 ὑπὲρ
713 959 968 1012 ἁπάντων
1010 961 1106 1011 καὶ
1143 956 1343 1024 λέγειν,
1374 954 1469 1007 acati.
1512 953 1655 1007 οὓτω
1682 966 1895 1020 περιαι-

323 1050 574 1119 ρεθείσης
630 1051 728 1116 τῆς
779 1047 1024 1116 ταραχῆς
1070 1045 1213 1097 κατὰ
1262 1044 1460 1113 τρόπον
1512 1040 1758 1111 γίνεσθαι
1794 1041 1895 1109 τὴν

316 1141 571 1205 διάλεξιν.
607 1158 626 1191 ι
662 1138 844 1191 Ταῦτα
876 1137 971 1190 τοῦ
1000 1136 1261 1207 βασιλέως
1293 1135 1540 1198 εἰπόντος
1574 1134 1624 1186 οἱ
1653 1131 1762 1185 τῶν
1786 1129 1897 1184 λοι-

321 1234 438 1285 πῶν
460 1232 882 1303 προηγούμενοι,
901 1230 998 1284 καὶ
1023 1228 1257 1298 μάλιστα
1279 1229 1328 1281 οἱ
1359 1227 1568 1296 τυφλοὶ,
1592 1244 1611 1277 ι
1634 1225 1847 1294 Ἡμεῖς,
1868 1239 1888 1275 ι

320 1323 496 1385 εἶπον.
539 1344 556 1376 ι
593 1318 639 1378 ὦ
668 1322 913 1393 βασιλεῦ,
952 1320 1012 1374 ἓν
1039 1320 1334 1392 ζητοῦμεν,
1381 1320 1479 1389 τὴν
1511 1317 1653 1372 κατᾶ
1693 1318 1896 1388 τρόπον

319 1420 420 1489 τῆς
478 1416 807 1486 Ἐκκλησίας
860 1414 1220 1469 κατάστασιν.
1263 1412 1336 1464 Τὸ
1391 1411 1490 1482 μὲν
1543 1410 1652 1479 γὰρ
1711 1408 1899 1470 κακῶς

321 1514 467 1583 ἔχειν
494 1512 664 1579 αὐτὴν
699 1510 793 1563 καὶ
834 1508 990 1561 αὐτοὶ
1035 1510 1362 1576 μαρτυρεῖτε
1401 1507 1497 1559 καὶ
1542 1503 1706 1557 πᾶσιν
1736 1502 1902 1570 ἔγνω-

324 1621 471 1657 σται.
514 1603 623 1656 Καὶ
670 1602 752 1655 ὅτι
784 1599 1196 1670 Μραὸἑόασται
1241 1597 1339 1664 μὲν
1388 1596 1457 1650 τὰ
1489 1595 1629 1648 κατὰ
1672 1595 1763 1648 τδν
1791 1609 1897 1650 ποια

322 1693 594 1760 τριάρχην
637 1691 936 1761 Ἀρσένιον,
965 1688 1185 1753 ἀδίκως,
1225 1687 1269 1740 ὢ
1307 1687 1449 1758 δίκη.
1480 1684 1900 1756 καθαιρεθέντα,

2003 693 2136 728 ποτε
2159 675 2254 729 τοῦ
2309 675 2573 745 θεμέθλου
2625 676 2884 743 φανέντος
2910 678 3005 731 καὶ
3051 676 3112 729 τὸ
3164 677 3580 748 ἑποικοδόμημοι

2006 766 2456 837 γνωρισθήσεται.
2491 784 2511 818 ι
2537 766 2642 819 Ka‘t
2668 765 2734 836 δὴ
2765 765 3085 835 ἀρξαμένων
3111 767 3291 836 λέγειν
3321 768 3390 821 τὰ
3410 784 3583 838 πρίοσ-

2007 857 2292 928 εχέστερα,
2346 859 2520 912 ταῦτα.
2571 857 2637 928 δὴ
2686 859 2755 911 τὰ
2803 859 2910 913 ἀπὸ
2978 858 3072 911 τοῦ
3142 861 3442 932 Γρηγορίου
3487 863 3579 914 καὶ

2006 950 2264 1020 καθεξῆς,
2318 952 2347 1003 ὁ
2392 950 2643 1022 βασιλεὺς
2694 951 2876 1021 ἀνεῖχε
2926 954 3150 1014 τούτους
3199 954 3290 1005 καὶ
3336 955 3471 1022 πρὸς
3511 953 3580 1005 τὰ

2005 1042 2334 1112 ἀρχαιότερα
2361 1041 2705 1113 μετεϐίϐαζε,
2729 1043 2822 1096 καὶ
2846 1042 2937 1097 τὸν
2962 1043 3056 1095 τοῦ
3085 1046 3394 1115 ἁφορισμοῦ
3419 1044 3579 1114 ϐρύλ-

2005 1131 2097 1186 λον
2125 1132 2403 1202 ἁπήλεγχε
2429 1133 2678 1203 μάταιον,
2715 1133 2789 1205 μὴ
2815 1133 2897 1187 ὅτι
2930 1149 2994 1202 γε
3034 1134 3124 1187 τὸν
3159 1135 3297 1187 κατὰ
3325 1136 3418 1188 τοῦ
3463 1135 3580 1188 Ἰω-

2008 1223 2140 1297 σὴφ.
2162 1223 2222 1279 ὃν
2251 1226 2310 1287 ἐς
2336 1225 2482 1280 ἅπαν
2512 1225 2820 1295 ἐθρύλ).ουν,
2853 1225 2986 1280 ἀλλὰ
3008 1227 3102 1279 καὶ
3131 1227 3222 1281 τὸν
3265 1229 3386 1281 κατ’
3414 1228 3581 1294 αὑτοῦ

2008 1313 2295 1383 βασιλέως.
2337 1315 2460 1377 Πῶς
2519 1316 2627 1384 γὰρ
2674 1315 2915 1385 ἀσφαλὲς
2971 1314 3111 1370 εἶναι
3167 1319 3313 1388 ἐχειν
3365 1319 3431 1373 ἂν
3489 1321 3582 1372 ὑπ’

2005 1403 2333 1474 ἁφορισμὸν,
2365 1397 2427 1458 οὗ
2476 1404 2810 1475 λειτουργῶν
2864 1409 3073 1469 ἐκεῖνος
3112 1406 3427 1478 ὲμέμνητο;
3459 1410 3583 1473 Πῶς

2005 1498 2065 1552 δὲ
2105 1498 2200 1553 καὶ
2248 1499 2442 1555 ἄλυτον
2492 1497 2760 1554 εἶναικαὶ
2805 1498 3029 1570 χρῄζειν
3074 1500 3170 1554 τοῦ
3221 1501 3497 1566 λύσοντας,
3526 1504 3585 1556 ὃν

2007 1595 2036 1646 ὁ
2065 1592 2282 1664 δεσμῶν
2314 1595 2520 1657 ἐκεῖνος
2574 1594 2915 1664 ἐμπράκτως
2949 1595 3145 1663 ἔλυεν;
3184 1596 3349 1649 Ὥστε
3402 1599 3501 1651 καὶ
3535 1599 3584 1649 εί

2012 1684 2088 1753 μὴ
2133 1681 2202 1755 ἦν
2250 1685 2311 1739 τὸ
2338 1685 2671 1753 ἐπιγεγονὸς,
2704 1685 2862 1755 ἔλεγε
2903 1687 2963 1739 τὸ
3010 1688 3151 1741 κατὰ
3197 1686 3291 1741 τὸν
3328 1688 3584 1752 πάππαν,

325 1783 749 1855 παραϐέϐασται
785 1782 843 1835 δὲ
874 1782 969 1836 xci
994 1783 1061 1837 τὰ
1088 1780 1149 1842 ἐς
1201 1778 1354 1844 τάξιν
1387 1776 1557 1849 αὐτὴν
1594 1777 1691 1830 καὶ
1718 1775 1904 1846 σχεδὸν
2002 1778 2110 1841 ρῦκ
2144 1777 2210 1830 ἂν
2245 1778 2459 1845 πάντως
2496 1778 2547 1830 οἱ
2588 1778 2687 1848 τὴν
2715 1776 2804 1831 ἐπ’
2839 1776 3138 1846 ἐκκλησίας
3170 1777 3417 1848 εὔφημον
3446 1781 3586 1850 μνή-

321 1877 613 1946 δογμάτων
636 1876 950 1945 ἀκρίϐειαν,
983 1871 1385 1928 κοινωνούντων
1414 1865 1492 1932 οἷς
1530 1870 1590 1925 ού
1628 1870 1907 1923 κοινωνεῖν

2016 1887 2124 1940 μην
2169 1869 2468 1925 κεκώλυτο.
2505 1867 2692 1924 Ταῦτα.
2737 1870 2911 1937 λέγων
2941 1870 3154 1933 ἐδείκνυ
3209 1871 3300 1925 καί
3330 1888 3485 1933 τινας
3525 1872 3586 1935 ἐξ

326 1969 497 2034 ἄξιον,
534 1966 706 2029 ταῦτα
734 1966 836 2019 κᾶν
867 1967 1029 2036 ἡμεῖς
1068 1964 1142 2034 μὴ
1175 1964 1428 2033 λέγομεν,
1455 1963 1584 2032 ὑμῖν
1615 1961 1904 2033 ὡμολόγη-
1934 1958 1981 2019 Β
2009 1961 2190 2016 αὐτῶν
2234 1960 2625 2025 κοινωνοῦντας
2667 1960 2744 2032 τῷ
2783 1961 3004 2032 Ἰωσὴφ,
3037 1962 3132 2015 καὶ
3169 1961 3232 2015 οὐ
3267 1962 3585 2036 σχισθέντος

325 2079 440 2127 ται.
475 2060 547 2113 Τὸ
582 2061 682 2129 μὲν
710 2058 805 2113 οὖν
848 2061 917 2112 τὰ
943 2060 1082 2112 κατὰ
1108 2057 1206 2129 τὴν
1252 2055 1580 2124 Ἐκκλησίαν
1625 2070 1909 2122 παρατραο

329 2155 501 2223 πῆναι
527 2151 751 2221 εῦδηλον
783 2151 1033 2206 ἐντεῦθεν
1064 2152 1161 2203 καὶ
1191 2149 1446 2219 φανερὸν,
1474 2148 1536 2201 τὸ
1583 2147 1640 2200 δὲ
1673 2147 1771 2215 τῆς
1799 2146 1910 2209 τῶν

331 2246 645 2316 σφαλέντων
692 2242 1055 2315 διορθώσεως,
1107 2244 1155 2295 εἰ
1206 2241 1375 2312 μηδὲν
1439 2240 1691 2311 παρορᾷν
1737 2237 1911 2301 ἔστιν,

329 2336 469 2390 ἀλλὰ
498 2337 683 2407 ζητεῖν
735 2335 886 2398 ὅπως
917 2333 1015 2389 καὶ
1061 2332 1156 2386 ἐπὶ
1204 2332 1315 2386 τίσι
1371 2332 1709 2404 πέπρακται,
1764 2330 1911 2387 τοῦθ’

333 2515 447 2573 Vos
500 2523 682 2572 autem
711 2516 817 2571 etsi
856 2513 966 2569 huc
1014 2511 1302 2568 convocati
1346 2525 1542 2568 omnes
1587 2510 1748 2575 estis,
1805 2525 1912 2567 non

333 2622 516 2666 tamen
564 2616 807 2678 putatote
836 2606 1043 2677 pariter
1071 2608 1360 2661 universos
1386 2604 1760 2675 promiscuam
1812 2605 1916 2657 ha-

335 2704 466 2759 bere
495 2702 587 2756 hic
644 2699 902 2770 loquendi
950 2697 1293 2754 facultatem.
1338 2695 1685 2752 Permittitur
1732 2704 1912 2751 autem

334 2796 386 2851 ei
415 2810 578 2866 quem
629 2793 908 2865 praecipue
941 2792 1008 2847 ad
1070 2791 1122 2846 id
1164 2798 1352 2860 aptum
1389 2791 1720 2857 cunctisque
1777 2802 1919 2857 prte-

334 2894 578 2942 stantem
606 2884 770 2957 475
801 2884 943 2939 inter
977 2898 1077 2938 vos
1108 2883 1334 2948 ducitis,
1373 2881 1489 2936 rice
1515 2881 1760 2936 omnium
1794 2895 1915 2951 qua:

332 2980 525 3036 cuncti
594 2978 816 3037 sentitis
863 2976 1070 3040 dicere,
1114 2986 1175 3029 ut
1207 2974 1310 3040 sic,
1349 2975 1584 3029 tumultu
1620 2984 1674 3028 et
1719 2973 1915 3027 confu-

334 3072 501 3128 sione
551 3072 795 3136 sublata,
840 3069 943 3125 rite
990 3069 1320 3137 disceptatio
1376 3067 1555 3137 possit
1599 3066 1836 3121 institui.
1890 3085 1908 3118 ι

336 3161 495 3223 Talia
521 3161 705 3216 locuto
727 3162 1077 3229 imperatore,
1104 3158 1535 3214 Arsenianorum
1557 3157 1912 3228 praesentium

338 3254 614 3326 primarii,
656 3253 894 3309 maxime
925 3260 1110 3308 autem
1152 3253 1281 3307 caeci
1304 3293 1319 3318 ,
1349 3269 1368 3302 ‹
1409 3248 1547 3313 Nos,
1578 3269 1597 3303 ι
1633 3252 1914 3315 dixerunt,

348 3365 370 3400 ι
425 3348 747 3416 imperator,
793 3359 965 3400 unum
1017 3344 1335 3413 quaerimus,
1393 3342 1653 3403 Ecclesia:
1705 3343 1920 3400 scilicet

338 3439 748 3499 restitutionem
776 3438 829 3492 in
859 3437 1063 3493 bonum
1096 3446 1339 3492 statum:
1367 3435 1511 3489 male
1542 3436 1748 3505 quippe
1772 3450 1920 3491 nunc

340 3534 549 3589 habere
565 3533 764 3602 ipsam,
785 3540 841 3586 et
862 3545 960 3586 vos
985 3529 1089 3599 ipsi
1124 3528 1494 3585 testillramiui
1513 3536 1568 3582 et
1588 3528 1804 3583 cunctis
1823 3543 1922 3606 no-

343 3634 461 3678 tum
494 3631 601 3677 est.
643 3621 864 3676 Publice
889 3619 1148 3675 nimirum
1169 3620 1331 3689 idque
1361 3621 1604 3689 graviter
1630 3629 1917 3689 peccatum

340 3717 499 3772 estin
518 3730 687 3769 causa
709 3712 1289 3783 patriarchaaArsenii,
1307 3711 1516 3780 unique,
1535 3711 1672 3780 ejus
1690 3711 1883 3781 fasque
1902 3711 1916 3764 l

341 3810 547 3864 throno
579 3805 799 3875 dejecti.
832 3803 1123 3860 Peccatum
1169 3804 1297 3859 item
1349 3804 1498 3875 large
1529 3805 1656 3859 aliis
1700 3819 1922 3875 quoque

341 3900 733 3956 occasionibus
762 3906 819 3954 et
848 3897 1049 3962 modis,
1074 3905 1187 3961 tum
1209 3907 1404 3953 contra
1430 3907 1642 3957 rectum
1669 3899 1920 3953 ordinem

341 3992 675 4062 disciplinae,
703 3999 819 4045 tum
854 3990 968 4045 fere
1029 3990 1086 4044 in
1130 3989 1305 4060 ipsam
1338 4004 1559 4060 quoque
1604 3990 1919 4061 dogmatnm

339 4092 594 4139 exactam
644 4082 1070 4152 professionem,
1120 4079 1584 4137 communicando
1631 4095 1755 4135 cum
1792 4082 1859 4136 iis
1890 4096 1921 4135 a

342 4190 583 4247 quorum
637 4173 1029 4230 communione
1064 4173 1371 4231 abhorrere
1408 4172 1720 4244 oportebat.
1772 4172 1921 4233 llaac.

341 4270 432 4325 vel
461 4270 508 4323 si
552 4282 652 4323 nos
684 4278 989 4328 taceamus,
1024 4279 1123 4320 vos
1157 4266 1306 4320 ultro
1330 4266 1433 4335 ipsi
1466 4264 1829 4331 confitemini,
1867 4272 1926 4318 ut

344 4360 706 4416 manifestum
754 4368 807 4411 et
857 4357 913 4410 in
964 4353 1222 4411 confesso
1274 4356 1421 4425 apud
1480 4369 1672 4412 omnes
1733 4354 1925 4410 haberi

344 4454 548 4509 debeat
595 4461 884 4519 perversas
935 4454 993 4502 et
1035 4461 1065 4499 a
1101 4445 1286 4501 debita
1320 4444 1650 4502 rectitudine
1679 4445 1926 4500 detortas

345 4560 474 4601 esse
493 4542 659 4598 hodie
684 4557 775 4595 res
802 4538 1079 4594 Ecclesiae.
1116 4538 1173 4592 In
1200 4538 1283 4591 his
1307 4553 1473 4608 porro
1496 4552 1618 4608 quae
1636 4551 1925 4607 perperam

344 4646 480 4694 euut
506 4642 629 4689 acta
659 4629 1016 4688 emendandis
1061 4630 1113 4689 si
1164 4630 1304 4684 nihil
1354 4630 1631 4699 negligere
1685 4637 1924 4697 Oportet,

347 4731 448 4786 sed
492 4741 744 4799 quaerere
797 4724 1076 4795 quomodo
1129 4731 1183 4778 et
1232 4722 1437 4792 quibus
1491 4722 1931 4793 gubernantibus

349 4829 568 4892 patrata
604 4818 693 4871 illa
736 4816 868 4881 sint,
919 4816 973 4870 id
1020 4814 1197 4879 nobis,
1242 4816 1288 4868 si
1318 4814 1500 4884 jubes,
1551 4813 1655 4869 erit
1700 4811 1932 4867 investi-

348 4913 617 4988 gandum.
673 4909 765 4964 Sic
812 4908 959 4964 enim
1020 4904 1347 4962 amoliendis
1404 4920 1572 4976 supra
1626 4906 1929 4977 congestis,

351 5003 575 5059 detecto
623 5001 865 5063 tzmdem,
913 4998 1228 5065 ubicunque
1280 4995 1415 5050 latet
1452 4996 1737 5063 obrutum,
1778 5004 1934 5052 certo

352 5095 647 5165 solidoque
671 5092 1053 5154 fundamento,
1083 5098 1200 5144 tuto
1228 5089 1441 5144 scilicet
1474 5088 1931 5156 inanlilicabitur;

352 5198 413 5246 et
454 5177 513 5242 in
556 5201 645 5249 ea,
688 5201 810 5255 quae
862 5184 941 5239 sic
987 5190 1304 5250 consurget,
1351 5180 1494 5235 mole
1534 5198 1716 5235 verum
1755 5185 1935 5239 instar

360 5288 696 5353 agnoscetur
721 5278 1005 5335 Ecclesiae.
1049 5295 1066 5327 ι
1100 5276 1212 5329 Sub
1240 5277 1355 5328 haec
1387 5274 1708 5330 Arsenianis
1748 5290 1938 5330 mona-

357 5375 483 5430 chis
513 5379 659 5428 retro
685 5381 930 5435 actorum
953 5365 1456 5422 considerationem
1490 5364 1882 5422 inchoantibus
1904 5383 1933 5421 a

357 5461 610 5521 citeriori
653 5457 940 5517 memoria,
972 5467 1251 5524 gestorum
1288 5453 1500 5509 scilicet
1533 5452 1636 5509 sub
1670 5450 1937 5523 Gregorio

357 5569 418 5610 et
451 5555 735 5621 deinceps,
774 5548 1143 5617 interpellavit
1169 5561 1265 5603 eos
1298 5546 1622 5617 imperator,
1652 5545 1732 5600 sic
1775 5562 1939 5617 agere

358 5649 663 5719 prohibens
711 5656 1156 5715 promovensque
1215 5639 1626 5710 inquisitionem
1688 5640 1741 5694 in
1797 5640 1941 5694 anti-

361 5740 563 5809 quiora
619 5744 889 5805 tempora.
942 5735 1020 5786 Ac
1060 5732 1297 5800 primum
1348 5731 1472 5785 illos
1524 5729 1653 5785 olim
1690 5739 1799 5785 tam
1834 5731 1939 5785 late

362 5837 670 5901 grassatos,
705 5837 816 5882 tam
863 5824 1136 5881 invidiose
1165 5823 1473 5879 celebratos
1507 5823 1576 5879 de
1618 5823 1822 5878 intorto
1870 5823 1940 5877 ab

362 5923 599 5978 Arscnio
655 5922 1006 5976 anathemate
1065 5932 1316 5974 rumores
1375 5918 1551 5974 fuisse
1606 5920 1939 5977 vanissimas

686 6014 963 6071 Parant.
1010 6006 1129 6068 Gn.
1179 6010 1272 6071 CX
1288 6010 1441 6074 LIV.

1945 3317 1987 3372 C

2008 2054 2188 2117 ἄλλως
2214 2056 2260 2107 εί
2292 2054 2366 2125 μὴ
2393 2055 2522 2125 μεθδ
2556 2055 2625 2108 τὰ
2653 2053 2796 2109 κατὰ
2820 2054 2912 2106 τὸν
2940 2054 3175 2123 πάππαν
3205 2053 3290 2126 [Ρ.
3321 2054 3451 2127 551]
3487 2034 3587 2108 at;

2010 2163 2277 2217 προικται.
2327 2147 2636 2217 Ἐτρὶϐοντο
2675 2146 2855 2200 τοίνυν
2899 2147 2947 2200 οἱ
2995 2146 3144 2215 λόγοι
3186 2147 3292 2210 Em;
3331 2147 3429 2217 ὀψὲ
3477 2147 3588 2200 τῶν

2011 2237 2243 2293 νυκτῶν.
2272 2235 2381 2291 Ἦν
2415 2238 2472 2292 δὲ
2508 2241 2623 2301 τοῖς
2661 2243 2913 2311 μοναχοϊς
2939 2242 2968 2294 ὁ
2994 2240 3213 2305 σκοπὸς,
3240 2244 3334 2297 καὶ
3361 2241 3587 2300 πολλοὺς

2012 2331 2166 2388 ἔνθεν
2194 2333 2448 2387 κάκεῖθεν
2477 2334 2510 2403 ἡ
2535 2334 2683 2404 ὁρμὴ
2706 2332 2965 2399 ύπέκνιζε
2992 2335 3089 2386 καὶ
3118 2333 3433 2405 ὲθρύλλουν,
3462 2338 3587 2399 τοὺς

2015 2516 2280 2580 ostendit,
2329 2530 2440 2572 non
2485 2517 2663 2574 solum
2709 2526 2983 2589 quatenus
3036 2518 3361 2590 Josephum,
3398 2522 3493 2578 sed
3538 2536 3596 2578 et

2014 2617 2290 2680 quatenus
2327 2609 2494 2682 476
2542 2610 2862 2667 Michaelem
2927 2612 3106 2682 ipsum
3157 2629 3255 2683 per
3308 2614 3363 2669 id
3420 2616 3592 2672 fuisse

2018 2702 2194 2758 sacris
2223 2702 2552 2759 interdictos
2595 2714 2802 2760 temere
2835 2706 3176 2776 iactabatur.
3220 2707 3355 2764 Nam
3411 2710 3596 2781 Angu-

2014 2801 2157 2848 stum
2186 2795 2407 2862 quidem
2428 2806 2641 2866 patrem
2669 2812 2830 2852 suum
2859 2814 2964 2869 qua
2991 2800 3105 2854 veri
3130 2803 3315 2870 specie
3330 2802 3592 2858 atiirmari

2016 2890 2270 2959 potuisse
2290 2888 2578 2958 subiacere
2607 2892 2975 2956 anathemati,
3005 2907 3116 2962 quo
3147 2901 3416 2965 tempore,
3451 2912 3594 2965 quo~

2017 2982 2123 3036 ties
2157 2994 2312 3033 sacra
2353 2980 2573 3050 liturgia
2610 2981 2829 3051 publice
2872 2981 3049 3046 fieret,
3082 2985 3411 3040 nominatim
3453 2988 3595 3043 idem

2016 3071 2306 3142 Augustus
2339 3072 2646 3128 honorifice
2682 3074 3095 3131 memorabatur
3131 3064 3185 3133 in
3203 3078 3599 3150 ecclesia,ipso

2020 3163 2356 3234 patriarcha,
2406 3166 2500 3236 qui
2553 3181 2678 3221 eum
2728 3169 3243 3226 excomtnunicasse
3296 3170 3623 3236 ferebatur,

2019 3258 2280 3313 audiente
2332 3259 2694 3327 sinenteque?
2738 3259 2880 3329 Quo,
2938 3261 3183 3331 inquam,
3241 3262 3424 3317 colore
3482 3273 3598 3323 tum

2021 3345 2265 3415 imperiti
2305 3347 2676 3402 causabantur
2703 3348 2877 3403 teneri
2911 3351 3272 3404 constrictum
3316 3351 3466 3406 illum
3517 3353 3600 3407 di-

2022 3453 2207 3493 rarum
2238 3437 2754 3499 ecclesiasticarum
2799 3440 2946 3495 nodo
2975 3450 3031 3494 et
3056 3442 3303 3512 indigere
3334 3443 3600 3500 solutoris

2023 3545 2213 3601 opera,
2242 3547 2404 3602 quem
2443 3547 2543 3587 usu
2579 3533 2699 3601 ipso
2733 3548 2796 3588 ac
2831 3532 2990 3588 factis
3032 3534 3149 3604 ipsc
3193 3535 3289 3605 qui
3333 3536 3601 3606 ligarerat

2022 3624 2308 3680 solvebat?
2346 3624 2534 3695 itaque
2584 3624 2691 3680 nisi
2737 3623 2886 3694 quod
2931 3624 3135 3681 deinde
3169 3626 3372 3682 accidit
3406 3643 3605 3698 super-

2002 3717 2269 3772 .venisset
2300 3716 2593 3784 (innuebat
2621 3716 2972 3774 concordiam
3005 3734 3127 3772 cum
3163 3733 3300 3789 papa
3357 3719 3601 3788 initam),

2024 3823 2309 3879 nunquam
2333 3811 2559 3865 omnino
2591 3809 2714 3879 ejus
2750 3810 2806 3864 in
2857 3808 3087 3865 ecclesia
3128 3814 3607 3879 commemoratio.

2026 3916 2152 3956 nem
2199 3901 2561 3958 honorificam
2614 3903 2786 3957 luisse
2824 3902 3225 3974 prohibendam
3275 3903 3603 3959 aﬂirmabal.

2027 3992 2153 4049 llaec
2198 3994 2416 4058 dicens,
2467 3993 2798 4065 indigitabat
2851 3995 3119 4064 quosdam
3162 4011 3228 4049 ex
3272 4011 3424 4051 nunc
3465 3998 3607 4051 inter

2027 4087 2368 4143 Arsenianos
2393 4086 2690 4150 stantibus,
2713 4087 2810 4156 qui
2835 4086 3079 4155 Josepho
3103 4089 3610 4143 communicassent

2030 4195 2208 4250 neque
2251 4195 2312 4235 se
2358 4179 2727 4236 abscidissent
2758 4180 2911 4248 prius
2945 4195 3111 4249 quam
3156 4182 3454 4234 conventio
3481 4197 3606 4236 cum

2028 4286 2167 4342 papa
2201 4270 2398 4326 fuisset
2431 4271 2589 4326 inita.
2624 4269 2957 4339 Hnjusmodi
2990 4271 3346 4325 sermonibus
3390 4277 3607 4339 tempus

2031 4362 2310 4418 terebatur
2338 4377 2517 4430 usque
2549 4360 2616 4417 ad
2654 4361 2883 4415 multam
2921 4370 3164 4428 noctem,
3214 4363 3476 4417 ardenter
3520 4364 3603 4415 in-

2031 4450 2423 4507 cumbentibus
2452 4450 2506 4505 in
2537 4452 2990 4521 prosecutionem
3022 4450 3151 4505 linis
3189 4450 3294 4506 sibi
3336 4452 3607 4521 propositi

2033 4543 2342 4608 monachis,
2372 4544 2674 4615 multisque
2703 4544 2832 4599 hinc
2865 4544 2992 4599 inde
3016 4560 3046 4598 e
3074 4528 3330 4598 sectariis
3361 4543 3607 4612 ipsorum

1962 4656 2007 4714 ι)
2035 4635 2514 4705 erupturicntibus
2533 4634 2740 4705 impetu
2767 4635 3072 4703 impatienti
3099 4633 3151 4688 in
3175 4633 3610 4703 significationes

2035 4728 2429 4783 contemnendi
2455 4735 2781 4797 praesentem
2808 4722 3183 4797 patriarcbam
3211 4734 3265 4780 et
3289 4726 3336 4781 ei
3364 4726 3612 4780 addictos

2035 4817 2326 4885 irridendi,
2363 4820 2512 4887 quod
2561 4834 2800 4881 sacram,
2853 4835 2959 4886 qua
3010 4819 3175 4887 plane
3222 4826 3460 4882 careret,
3514 4833 3610 4888 po-

2038 4914 2295 4961 testatem
2356 4908 2411 4963 in
2466 4923 2532 4962 eo
2586 4908 2766 4963 delusi
2821 4914 3209 4976 agnoscerent.
3263 4905 3613 4978 Praejudiciis

2036 4999 2242 5069 quippe
2275 5000 2448 5055 innixi
2508 5000 2625 5056 suis
2678 5000 2785 5054 illis
2820 4999 3065 5068 antiquis
3115 4999 3325 5054 irritam
3385 5002 3616 5056 omnino

2039 5091 2211 5153 fuisse
2228 5093 2637 5149 cantendebant
2658 5092 2962 5162 quamlibet
2990 5091 3242 5162 prasulis
3260 5092 3613 5157 electionem.

2038 5183 2240 5243 factam
2270 5184 2338 5240 ab
2366 5184 2612 5240 Ecclesia
2643 5198 2765 5255 quae
2805 5199 2929 5237 vera
2959 5199 3083 5240 esse
3115 5183 3375 5240 desiisset
3409 5201 3474 5241 ex
3506 5202 3617 5255 quo

2040 5276 2421 5332 immerentem
2444 5277 2700 5346 eiecisset
2723 5275 3038 5330 Arscnintn.
3069 5274 3212 5346 Ergo
3235 5276 3325 5331 illa
3350 5289 3615 5335 consueta

2041 5370 2177 5438 ipsis
2202 5370 2256 5423 in
2282 5369 2561 5424 antistites
2590 5368 2850 5425 Ecclesia:
2875 5369 3356 5428 conﬁdentissime
3384 5372 3617 5430 crimina

2036 5463 2344 5532 iactabant.
2397 5463 2560 5532 gravi
2611 5462 2830 5519 scilicet
2885 5464 3036 5535 ipsos
3087 5465 3265 5521 teneri
3318 5464 3619 5521 obstrictus

2043 5555 2272 5618 scelere,
2311 5568 2377 5608 ex
2409 5568 2520 5624 quo
2556 5554 2624 5609 ab
2664 5555 2732 5610 iis
2764 5555 3000 5622 violatus
3032 5555 3324 5611 etthrono
3351 5556 3621 5625 expulsus

2045 5643 2244 5717 fuisset
2257 5644 2534 5708 Arsaniae
2555 5660 2570 5710 ;
2590 5646 2888 5713 ecclesiam
2912 5661 3130 5717 quoque
3153 5647 3426 5720 ipsorum,
3458 5648 3623 5718 impie

2045 5735 2292 5792 admissa
2324 5738 2713 5792 communione
2755 5753 2880 5793 cum
2931 5738 3232 5803 haereticis,
3281 5736 3456 5797 labem
3513 5739 3624 5792 lue-

2045 5845 2235 5885 rcseos
2259 5829 2631 5895 contraxisse,
2665 5842 2774 5900 qua
2816 5846 2964 5889 nunc
3003 5831 3210 5903 polluta
3236 5830 3618 5898 sordesceret;

2048 5926 2103 5980 in
2127 5925 2321 5979 horum
2351 5923 2490 5980 adeo
2514 5927 2786 5981 atrocium
2810 5937 2867 5979 et
2887 5925 3189 5997 patr-utinm
3246 5925 3621 5995 purgationem

2788 6027 2793 6033 '
3151 6017 3225 6074 17
