4024 6462
397 435 520 500 eas

1597 439 1934 502 GEORGII
1955 440 2452 504 PACHYMERgE

3581 452 3688 519 524

401 559 541 623 περὶ
575 552 667 607 τὸν
705 553 1151 625 πιτριαρχοῦντα
1184 554 1508 623 ὲξουθενεῑν,
1535 556 1858 625 χρωμένους
1881 557 1994 619 τοῖς
2024 567 2068 623 Α
2101 558 2295 621 σιλέως
2332 558 2397 613 ἂν
2430 561 2517 632 εἰη
2560 559 2755 632 κριτὴς
2785 559 3104 635 ἀξιώτερος,
3138 563 3227 634 ἐφ’
3250 558 3311 620 οὗ
3340 565 3436 619 καὶ
3501 569 3707 636 ἀμφοῖν

402 646 594 700 αὐτῶν
639 647 924 718 λήμμασιν
971 647 1055 701 ὅτι
1106 665 1165 701 τε
1209 648 1276 703 τὰ
1330 648 1472 701 κατὰ
1517 647 1608 700 τὸν
1648 647 1998 718 πατριάρχην

427 742 708 811 Ἀρσένιον
763 744 946 810 σφίσιν
981 743 1167 805 αὐτοῖς
1218 742 1661 814 παραϐέὸασται,
1698 743 1794 795 καὶ
1840 742 1924 794 ὅτι
1963 741 1997 810 ἡ

427 833 727 899 Ἐκκλησία
764 834 928 902 ἄγους
974 836 1239 904 αἱρέσεως
1272 835 1670 903 κεκοινώκηκε.
1720 831 1997 886 Τοιούτων

410 926 587 980 ὄντων
609 927 724 980 τῶν
772 929 1025 998 φανερῶν
1073 928 1402 996 λημμάτων,
1442 926 1642 989 αὐτοὺς
1676 926 1906 994 ἐπάγειν
1941 923 2005 977 τδ

420 1021 722 1085 ἀναγκαῖον
778 1020 1117 1091 σύμμετρον.
1148 1022 1223 1074 Τὸ
1256 1021 1311 1073 δ’
1340 1016 1409 1091 ἦν
1454 1021 1533 1090 μὴ
1582 1017 2003 1092 καθῃρημένους

418 1112 648 1165 ἐκείνων
674 1112 871 1171 τελέως
901 1113 1031 1182 πιρ⁴
1053 1107 1127 1167 ὧν
1156 1108 1224 1183 ἦν
1255 1112 1428 1177 ἄξιον,
1452 1112 1562 1165 τῶν
1594 1110 1834 1165 ἀθίκτων
1863 1108 2004 1171 τέως

418 1202 681 1259 τοιούτων
721 1206 1026 1275 μεινάντων
1054 1207 1134 1269 είς
1161 1205 1334 1268 τέλος,
1371 1204 1495 1275 μηδ’
1525 1202 1776 1270 ἱερᾶσθαι
1814 1201 2001 1266 ἀξίους

406 1296 579 1362 εἶναι,
624 1299 718 1352 καὶ
755 1298 910 1351 ταῦτ’
949 1298 1041 1349 ἐπὶ
1088 1297 1303 1360 πολλοῖς
1346 1297 1441 1350 καὶ
1472 1297 1670 1358 αὐτοὺς
1712 1293 2001 1365 παραϐάν-

408 1411 541 1458 τας,
571 1394 647 1457 ὡς
681 1394 776 1445 καὶ
825 1389 999 1443 πολλὰ
1030 1388 1123 1442 καὶ
1174 1389 1327 1458 παρὰ
1359 1387 1419 1441 τὸ
1461 1388 1607 1451 είκὺς
1654 1386 1999 1457 πράξαντας,

417 1488 743 1548 κανονικοὺς
790 1484 1026 1553 θεσμοὺς
1058 1481 1428 1551 ὑπερϐάντας,
1467 1482 1562 1534 καὶ
1595 1480 1767 1551 κακίᾳ
1798 1479 2002 1549 μᾶλλον

416 1581 513 1633 καὶ
538 1578 751 1650 ἀμαθίᾳ
790 1579 824 1649 ἢ
865 1577 1056 1648 ἀγάπῃ
1086 1578 1179 1629 καὶ
1210 1575 1482 1645 ἀσφαλείᾳ
1512 1573 1999 1645 ὲνειργασμένους.

418 1673 652 1740 Ἔλεγον
693 1670 749 1724 δὲ
777 1671 853 1734 ὡς
902 1668 1013 1722 οὐδ’
1043 1667 1234 1738 ἐριστὰ
1282 1668 1436 1734 σφίσι
1490 1663 1627 1733 πρὸς
1659 1662 1887 1734 βασιλέα
1938 1660 2002 1714 τὸ

409 1767 665 1837 σύμπαν,
688 1764 960 1834 δεσπότην
984 1779 1049 1831 γε
1074 1760 1226 1826 ὄντα,
1251 1757 1682 1829 φυλαττομένοις
1708 1754 1805 1808 καὶ
1827 1752 2005 1817 ἄλλως

402 1859 785 1929 προσκρούειν
811 1855 890 1928 τῷ
923 1856 1139 1927 κράτει,
1172 1853 1305 1924 παρ’
1338 1853 1405 1922 ἠν
1454 1849 1635 1904 αἰτίαν
1680 1845 1779 1900 καὶ
1816 1845 1876 1899 rb
1908 1844 2004 1915 ἡτ-

2117 648 2397 720 μάρτυρος
2419 649 2683 720 λαλητέον
2713 652 2809 705 καὶ
2835 652 2977 706 κατὰ
3014 653 3141 717 τοὺς
3182 655 3472 724 κειμένους
3501 657 3704 725 νόμους

2112 741 2211 803 τὰς
2242 740 2689 814 ἀμφισϐητήσεις
2734 742 3041 809 διαλυτέον,
3085 744 3252 799 αὐτοῦ
3279 763 3343 814 γε
3390 747 3527 800 Θεοῦ
3575 749 3705 817 ἔφο-

2116 832 2322 902 ρῶντος
2352 838 2449 887 καὶ
2483 834 2596 893 τῶν
2642 834 2812 890 αὑτοῦ
2852 835 3235 907 βραϐευόντων
3267 838 3473 905 νόμων.
3509 841 3698 895 Ταῦτα

2109 926 2226 986 τοῖς
2252 927 2510 995 μοναχῶς
2560 924 2813 993 λέγουσιν
2848 926 3104 999 ὕποσπᾷν
3138 929 3341 992 σκοπὸς
3380 924 3469 999 ἦν,
3516 931 3583 1001 ην
3615 948 3705 995 τις

2110 1016 2305 1072 ἀκούοι
2333 1016 2629 1085 λεγόντων,
2663 1020 2734 1073 τα
2756 1020 2857 1090 τῆς
2882 1020 3294 1093 θρυλλουμένης
3322 1022 3569 1093 ἀρχῆθεν
3599 1041 3703 1079 κα·-

2111 1108 2428 1172 ταστάσεως
2456 1108 2719 1179 θέμεθλα.
2765 1111 3124 1184 ’Δλλὰικενῆν
3152 1113 3476 1183 ὲψάλαττον,
3510 1116 3572 1169 τὸ
3602 1116 3699 1169 τοῦ

2104 1200 2290 1270 λόγου,
2317 1202 2416 1254 καὶ
2438 1202 2589 1256 οὐδὲν
2614 1204 2831 1275 ἤνυτον.
2854 1203 2954 1258 Διά
2983 1206 3154 1258 ταῦτα
3176 1208 3274 1259 καὶ
3303 1205 3467 1276 θροῦς
3501 1208 3567 1258 ὲκ
3587 1207 3701 1263 τῶν

2106 1293 2345 1349 κατόπιν
2358 1295 2499 1362 καθη
2509 1295 2685 1364 μένων
2697 1298 2974 1367 ἠγείρετο.
3000 1295 3062 1349 ί.ἱῖ
3078 1298 3142 1368 δὴ
3166 1297 3262 1351 καὶ
3273 1299 3526 1362 ἀτάκτως
3547 1315 3704 1352 συνε-

2108 1384 2414 1455 παρθέντες
2440 1387 2519 1457 τῷ
2576 1387 2789 1459 θρύλλῳ
2821 1388 2969 1456 βοαῖς
3012 1390 3302 1459 ἀντήχουν,
3334 1393 3426 1443 καὶ
3457 1389 3541 1460 [1).
3570 1389 3698 1462 532]

2107 1482 2386 1552 βλάσφημ’
2409 1483 2546 1536 ἄττα
2569 1484 2713 1538 κατὰ
2734 1485 2829 1537 τοῦ
2854 1485 3327 1556 πατριαρχοῦντος
3344 1486 3441 1549 (ὥς
3475 1503 3538 1552 γε
3564 1486 3699 1555 ἄδη-

2105 1574 2197 1626 λον
2241 1567 2385 1629 εἷναι
2440 1575 2499 1628 ὲν
2531 1560 2677 1643 τόσῳ
2708 1574 2907 1641 πλήθει
2938 1576 3036 1628 καὶ
3078 1576 3305 1645 ταράχῳ
3335 1576 3426 1628 τὸν
3476 1577 3546 1628 τὰ
3574 1577 3700 1629 τολ-

2110 1664 2264 1736 μηρὰ
2293 1664 2550 1734 λέγοντα)
2602 1667 2801 1737 ἀνέδην
2852 1665 3202 1738 ὲξέρῤηττον,
3237 1668 3458 1739 εὐχίτην
3486 1669 3702 1721 ἀποκα-

2107 1759 2329 1822 λοῦντες
2357 1761 2455 1813 καὶ
2486 1759 2693 1813 τούτων
2726 1760 2808 1815 ἔτι
2834 1761 3133 1832 δεινότερα.
3162 1762 3427 1825 Βασιλεὺς
3455 1762 3500 1814 δ’
3531 1764 3701 1815 ἁκού-

2111 1865 2230 1915 σας,
2269 1851 2366 1905 καὶ
2395 1850 2472 1912 ὡς
2516 1850 2668 1914 εἰκὸς
2692 1852 2785 1905 ἐπὶ
2815 1855 2884 1923 τῇ
2918 1854 3050 1924 τόσῃ
3085 1852 3388 1923 θρασύτητι
3433 1857 3699 1925 διαταρα-

403 1954 616 2011 τόσθαι
643 1949 951 2021 ξυμϐαίνοι,
975 1949 1079 2003 κᾶν
1105 1947 1176 2000 τὰ
1202 1943 1553 2016 ἐννομώτατα
1574 1940 1808 2007 λέγοιεν.
1838 1936 2003 1991 Ἀλλὰ
2034 1929 2078 1986 Β
2107 1939 2278 2009 χθεὶς,
2312 1940 2555 2002 ἐκείνους
2588 1941 2686 2011 μὲν
2716 1942 2908 2014 ὲξελᾷν
2937 1945 3134 1997 αὐτίκα
3175 1945 3531 2015 προστάττει,
3576 1946 3695 2007 τοῖς

406 2046 615 2119 -κριτοῦ
671 2044 739 2098 αὖ
770 2044 855 2099 δεῖ
901 2042 1019 2103 τοῖς
1074 2038 1417 2109 λεγομένοις,
1476 2032 1689 2106 κριτοῦ.
1732 2031 1820 2094 Ὦς
1868 2026 2000 2098 γοῦν

404 2139 478 2191 ’τὸ
506 2133 858 2191 δικαιότατον
884 2130 1093 2201 λέγειν,
1127 2128 1305 2191 οὐδεὶς
1335 2126 1495 2191 ἄλλος
1519 2123 1657 2197 πρὸς
1690 2120 1867 2178 ταῦτα
1898 2119 1998 2191 βα-

404 2312 954 2373 criminum'suhire
1002 2310 1128 2367 illos
1184 2319 1443 2382 oportere
1486 2305 1704 2378 piacula
1751 2301 2001 2358 eluenda;

400 2423 579 2463 morae
621 2405 797 2476 paria,
832 2418 954 2473 quae
993 2402 1099 2473 ipsi
1144 2399 1595 2473 przescriberent.
1630 2396 1689 2451 In
1730 2394 1818 2450 his
1865 2391 1997 2467 illud

397 2505 478 2556 «in
512 2501 705 2571 primis
753 2496 1133 2552 necessarium
1177 2507 1302 2549 esse
1339 2509 1355 2547 :
1392 2498 1450 2546 ut
1483 2503 1677 2546 omnes
1704 2487 1798 2558 qui
1837 2485 2001 2541 hodie

408 2608 579 2648 sacra
614 2595 923 2646 tractarent
960 2588 1015 2643 in
1058 2587 1140 2642 sic
1174 2585 1456 2655 profanata
1485 2581 1760 2644 Ecclesia,
1789 2579 2001 2650 redige-

402 2696 614 2743 rentur
655 2687 711 2741 in
760 2683 1029 2740 laioorum
1079 2680 1355 2744 ordinem,
1415 2679 1469 2732 in
1526 2691 1593 2732 eo
1645 2670 2000 2744 relinquendi

400 2794 593 2851 arsque
621 2779 676 2833 in
703 2777 891 2839 finem,
919 2774 1043 2830 sine
1081 2787 1180 2843 spe
1201 2785 1518 2841 regressus,
1566 2779 1622 2824 et
1653 2766 1780 2823 novi
1809 2779 1999 2820 sacer-

404 2876 574 2928 dotes
617 2870 779 2942 477
833 2867 1229 2923 ordinarentur
1254 2865 1326 2919 ab
1370 2864 1561 2932 aliquo
1599 2877 1667 2914 ex
1718 2855 1998 2929 episcopis

405 2969 690 3019 ‘iiactenus
732 2960 956 3016 intactis
994 2959 1083 3013 lue
1111 2972 1233 3027 qua:
1265 2957 1321 3010 in
1357 2969 1552 3010 untues
1581 2952 1828 3022 reliquos
1870 2963 1999 3020 pro-

398 3065 620 3129 magna
657 3063 810 3109 esset
838 3050 1173 3120 contagione
1216 3063 1326 3103 non
1354 3050 1527 3101 vitata
1582 3045 1909 3100 Latinorum
1943 3042 1999 3096 in

420 3154 503 3205 sic
534 3157 802 3218 corrupta
821 3144 1068 3200 Ecclesia
1095 3143 1189 3212 qui
1229 3140 1380 3211 fungi
1417 3140 1601 3194 sacris
1631 3141 2000 3199 attentarent,

397 3243 732 3301 sacerdotio
791 3241 846 3294 in
894 3252 1058 3293 omne
1111 3244 1331 3305 tempus
1371 3233 1634 3302 indignos
1689 3228 1996 3293 habendos,

412 3337 726 3407 quaesertim
742 3347 885 3388 cum
919 3330 1157 3384 aliorum
1194 3334 1457 3399 prieterea
1488 3324 1733 3395 plurium
1768 3321 1847 3377 rei
1882 3319 2000 3375 sint

402 3429 737 3492 rriminum,
766 3432 953 3495 utpote
974 3422 1156 3477 multa
1191 3419 1375 3490 egisse
1394 3428 1588 3474 contra
1622 3415 1705 3470 fas
1727 3409 1999 3483 comperti

391 3531 473 3576 σοι
519 3521 814 3575 eanonicas
873 3514 1080 3587 passim
1125 3511 1470 3583 transgressi
1523 3505 1995 3580 prieseriptiones,

394 3612 627 3666 -malitia
675 3611 863 3679 potius
890 3616 945 3662 et
977 3604 1255 3676 imperitia
1288 3619 1449 3659 ruere
1483 3603 1540 3656 in
1582 3601 1794 3672 agendo
1826 3610 1995 3668 quam

393 3705 681 3760 ~instinctu
715 3701 987 3755 ordinatae
1015 3696 1310 3752 eharitatis
1344 3708 1543 3750 secure
1569 3693 1785 3763 operari
1821 3689 1995 3747 soliti.

396 3797 800 3854 Sulltexebant
853 3795 940 3848 his
993 3801 1107 3846 tam
1164 3789 1383 3847 acerbis
1434 3788 1617 3856 aliqua
1681 3784 1995 3847 hiandiora,

416 3890 734 3947 deliniendo
773 3885 1005 3956 Augusti
1043 3883 1252 3946 animo,
1301 3883 1391 3937 cui
1423 3895 1588 3950 quam
1630 3880 1846 3949 ingrata
1875 3891 1999 3947 qum

402 3983 793 4054 ‘Joquebzrtttvtr
814 3980 1152 4041 acciderent,
1172 3974 1334 4031 facile
1356 3973 1691 4029 sentiebant.
1717 3969 2003 4040 Adjunse—

396 4083 544 4130 'ruttt
582 4086 712 4142 ergo
765 4083 1112 4141 nequaquam
1153 4066 1361 4138 iurgari
1407 4080 1469 4122 se
1494 4078 1619 4119 cum
1665 4062 2001 4133 imperatore

406 4167 575 4222 velle.
608 4164 898 4227 Ahsithoc
935 4161 1183 4233 quidem.
1217 4160 1534 4230 Agnoscere
1562 4171 1622 4213 se
1649 4156 1803 4211 illum
1832 4170 1999 4211 vene-

399 4261 639 4331 rarique
685 4266 747 4314 ut
795 4258 1081 4313 dominum
1114 4274 1128 4309 :
1159 4269 1470 4325 cavereque
1514 4251 1835 4323 diligenter,
1871 4265 1998 4305 cum

404 4369 480 4409 eo
510 4354 562 4405 in
614 4367 725 4421 quo
764 4349 1015 4404 resideat
1059 4354 1310 4417 potestas
1359 4359 1598 4412 summa,
1633 4360 1757 4401 sese
1790 4352 2001 4399 temere

406 4445 701 4505 collidere,
734 4445 928 4512 utique
958 4441 1276 4495 necessario
1300 4438 1592 4494 inferiores
1617 4450 1938 4493 recessuros
1967 4450 2000 4490 e

414 4538 719 4591 certamine
753 4536 870 4600 tali,
907 4532 1261 4604 quantumvis
1292 4546 1446 4603 aequa
1497 4532 1822 4603 legibusque
1864 4544 2001 4585 con-

411 4645 549 4684 sona
585 4629 916 4698 proferrent.
958 4627 1228 4682 Caeterum
1261 4627 1627 4690 altereationi,
1658 4641 1778 4696 quae
1804 4627 2002 4680 utrim-

402 4736 528 4790 :que
578 4736 722 4773 nunc
759 4722 1016 4784 ferveret,
1043 4718 1441 4786 componenda:
1472 4719 1846 4773 necessariam
1873 4732 2001 4772 essu

408 4811 805 4867 auctoritatem
833 4809 1041 4880 judicia
1074 4809 1168 4878 qui
1195 4808 1432 4878 judicari
1468 4809 1537 4863 ab
1574 4809 1684 4864 alio
1726 4810 2000 4877 nequiret.

406 4904 605 4958 .Talem
626 4902 829 4956 nullum
844 4900 1048 4971 justius
1077 4898 1486 4969 agnoscendum
1511 4899 1839 4966 imperatore
1859 4899 2000 4969 ipso.

411 4995 504 5049 fAd
537 4994 683 5048 hunc
712 4993 878 5062 igitur
915 5007 974 5046 se
1005 5006 1168 5046 etnne
1213 4990 1503 5044 arbitrium
1534 4989 1787 5058 deferre;
1825 5005 1999 5044 unum

402 5087 601 5155 «ipsum
655 5086 898 5154 profiteri
947 5084 1333 5153 dignissimum
1398 5084 1648 5136 omnium
1693 5083 1791 5153 qui
1826 5082 2000 5152 'judex

425 5179 476 5230 in
510 5178 611 5230 hac
645 5192 810 5231 causa
838 5191 1132 5245 supremus
1152 5176 1359 5231 sedeat.
1379 5174 1579 5229 Coram
1611 5177 1715 5230 hoc
1747 5177 2002 5244 praesenti

399 5269 705 5338 cognitore
739 5270 915 5323 amba:
968 5278 1150 5337 partes
1183 5283 1281 5323 sua
1312 5268 1435 5336 jura
1473 5269 1774 5336 proferant,
1790 5277 1884 5322 tan
1914 5284 2004 5321 um

400 5372 480 5414 »ιιι
526 5361 692 5431 juxta
750 5362 880 5414 olim
943 5359 1193 5415 sancitas
1236 5357 1509 5413 Ecclesite
1570 5361 2006 5415 constitutiones

412 5456 801 5525 disceptentur
880 5452 1328 5530 diritnanturqtte
1378 5453 1829 5530 controversia.
1894 5450 2005 5505 Deo

412 5559 562 5602 teste
614 5548 814 5602 meutis
876 5544 1053 5598 oculis
1088 5526 1425 5613 proposito,
1480 5526 2008 5618 moderantibusque

418 5637 692 5705 judicium
735 5644 905 5691 totum
928 5633 1033 5688 .Dei
1072 5633 1319 5702 ejusdem
1357 5635 1729 5690 sanetissimis
1773 5635 2004 5706 legibus.

414 5729 525 5786 ihs
553 5730 703 5784 \‘ufre
724 5727 1141 5794 adulatorieque
1174 5727 1347 5779 astuti
1380 5729 1636 5782 monachi
1664 5728 2007 5785 disserendis

431 5826 535 5876 huc
568 5820 910 5888 spectabant,
958 5826 1016 5872 ut.
1056 5819 1101 5873 si
1142 5816 1278 5872 forte
1324 5820 1603 5889 Augustus
1633 5837 1903 5891 suprema
1953 5823 2005 5877 in

422 5913 820 5968 ecclesiasticis
878 5926 1099 5982 quoque
1158 5912 1326 5967 rebus
1379 5917 1671 5982 potestatis
1733 5917 2004 5972 delatione

2104 2031 2164 2085 δὲ
2202 2032 2735 2102 πρωταγωνιστοῢσι
2794 2036 2890 2087 καὶ
2937 2035 3058 2089 λίαν
3102 2037 3291 2106 ἐπεῖχε
3337 2038 3433 2090 καὶ
3462 2036 3700 2108 ὲξωργί-

2106 2122 2253 2191 ζετο,
2288 2124 2346 2177 ὲν
2375 2122 2535 2195 δεινῷ
2562 2122 2888 2198 ποιοῦμενος
2919 2128 2969 2181 εί
3015 2128 3178 2194 αὐτὸς
3213 2130 3313 2201 μὲν
3351 2132 3447 2186 καὶ
3479 2129 3697 2202 βασιλι-

2104 2308 2374 2368 dellnitus
2394 2310 2774 2383 acquiesceret
2807 2313 3031 2382 auditis,
3069 2317 3380 2373 obtinuisse
3413 2316 3517 2386 ipsi
3549 2315 3699 2371 vide-

2105 2414 2299 2459 rentur
2345 2403 2499 2475 quod
2553 2406 2836 2476 petebant,
2882 2416 2938 2461 et
2985 2409 3093 2465 hoc
3140 2409 3261 2479 ipso
3300 2410 3439 2465 satis
3467 2408 3700 2464 demon-

2105 2503 2315 2550 strasse
2338 2509 2449 2552 non
2484 2495 2802 2551 continuari
2835 2497 3094 2554 Ecclesia:
3116 2501 3356 2571 antiquae
3392 2515 3518 2557 vera
3549 2500 3699 2558 serie

2106 2587 2482 2644 successionis
2522 2588 2892 2643 hierarchiam
2943 2600 3295 2661 praesentem,
3357 2605 3413 2649 et
3456 2595 3539 2649 sic
3563 2594 3697 2650 fun-

2105 2681 2366 2736 damenta
2425 2682 2717 2752 praesentis
2767 2682 3152 2754 episcoporum
3215 2697 3282 2740 ac
3340 2690 3695 2741 sacerdotum

2105 2786 2306 2844 status,
2357 2778 2718 2846 quantumvis
2769 2779 3038 2835 hactenus
3068 2781 3273 2836 credita
3320 2790 3376 2835 et
3398 2783 3697 2852 praedicata

2103 2868 2301 2934 solida,
2343 2868 2686 2938 deprehensa
2735 2882 2887 2927 nunc
2925 2885 2991 2926 ac
3033 2882 3325 2941 perspecta
3357 2887 3482 2927 esse
3520 2873 3699 2931 insta-

2105 2962 2235 3017 bilia
2261 2964 2619 3031 ruinosaque,
2649 2962 2801 3017 velut
2823 2965 2876 3018 in
2911 2979 3081 3018 arena
3100 2963 3290 3020 mobili
3323 2965 3522 3019 locata.
3556 2964 3698 3030 Sed,

2104 3056 2248 3125 quod
2307 3040 2632 3124 plerumque
2693 3054 2860 3109 ca‘cis
2919 3055 3198 3121 usuvenil,
3268 3057 3476 3125 vulgari
3544 3058 3698 3113 ditto

2104 3146 2470 3206 celebratum,
2516 3143 2666 3198 haud
2698 3144 2842 3210 istis,
2876 3159 3042 3214 quam
3074 3161 3191 3198 rem
3219 3146 3496 3217 palpando
3527 3164 3697 3219 pren-

2108 3236 2324 3297 sahant,
2349 3238 2594 3302 arripere
2633 3247 2700 3287 ac
2728 3241 2915 3289 tenere
2948 3235 3198 3305 contigit.
3233 3235 3408 3303 Nihil,
3440 3238 3693 3309 inquam,

2103 3343 2167 3384 se
2199 3326 2486 3397 prolicere,
2532 3325 2788 3394 Augusto
2826 3334 2881 3380 et
2925 3323 3259 3397 praesidibus
3292 3339 3474 3387 cretus
3514 3334 3697 3387 recla-

2106 3419 2412 3486 mantibus,
2480 3418 2650 3490 478
2716 3419 3136 3475 intellexerunt.
3198 3421 3384 3486 Quare
3440 3421 3697 3480 confusis

2105 3514 2268 3583 ipsis,
2294 3511 2546 3584 gregales
2572 3525 2772 3567 eorum
2804 3511 3099 3567 confertim
3127 3513 3507 3577 subsidentes,
3535 3522 3698 3570 tene-

2105 3603 2329 3658 brarum
2347 3610 2401 3658 et
2426 3601 2602 3657 turbae
2620 3601 2822 3657 ﬁducia
2842 3602 2912 3656 im
2922 3617 3069 3671 pune
3085 3602 3297 3658 laturos
3318 3605 3693 3661 temeritatem

2108 3694 2235 3760 rati,
2269 3709 2525 3750 murmur
2548 3709 2579 3749 a
2611 3702 2768 3764 tergo
2794 3693 3047 3750 insolens
3073 3695 3332 3751 attollere
3373 3707 3733 3767 creperum,-

2104 3789 2286 3844 mistis
2307 3788 2609 3842 multorum
2637 3788 3012 3843 acclamantes
3033 3789 3265 3844 vocibus
3287 3790 3697 3846 contumeliosa

2100 3882 2353 3952 quaedam
2403 3880 2459 3935 in
2514 3883 2910 3951 patriareltam,
2965 3881 3112 3938 haud
3168 3881 3312 3938 facili
3365 3882 3696 3940 discrimine

2102 3977 2229 4047 quis
2255 3974 2419 4045 cuius
2447 3981 2598 4030 esset
2625 3987 2820 4039 sonus,
2851 3975 2904 4028 in
2928 3972 3091 4029 densi
3117 3975 3367 4030 tumultu
3409 3976 3555 4045 vulgi
3588 3991 3697 4030 sua

2104 4068 2226 4123 freti
2280 4065 2658 4141 multitudine,
2722 4065 2862 4119 nihil
2919 4079 3031 4119 non
3081 4066 3343 4135 quamvis
3397 4065 3693 4134 impudens

2107 4158 2404 4215 vociferari
2447 4158 2591 4213 ausi.
2636 4154 2922 4213 Vocabant
2958 4159 3107 4212 enim
3136 4173 3267 4213 eum
3300 4158 3601 4223 Euchiteu,
3634 4169 3696 4215 et

2105 4252 2232 4307 aliis
2280 4250 2653 4307 atrocioribus
2696 4251 3140 4306 consciudebaut
3189 4251 3432 4320 probris.
3478 4250 3696 4318 Quibus

2107 4349 2410 4415 imperator
2433 4344 2661 4407 auditis,
2686 4353 2851 4412 prout
2873 4358 2970 4413 par
2997 4354 3139 4407 erat,
3168 4343 3400 4398 audacia
3430 4344 3693 4399 turbatus

2106 4448 2260 4493 tanta
2294 4438 2421 4507 ejici
2456 4435 2755 4491 confestim
2796 4452 2825 4490 e
2846 4444 2993 4490 metu
3023 4436 3151 4490 talia
3178 4436 3485 4491 clamantes
3502 4436 3693 4505 jussit.

2110 4534 2413 4587 Monacltos
2434 4546 2569 4587 vero
2601 4535 2762 4586 modo
2806 4535 3024 4586 locutos
3047 4539 3100 4584 et
3135 4529 3344 4601 primas
3368 4530 3693 4585 certaminis

2037 4629 2080 4682 ι)
2113 4634 2394 4690 tenentes,
2425 4624 2629 4693 quibus
2665 4624 2928 4693 subjecta:
2971 4625 3108 4692 ipsis
3155 4636 3206 4678 et
3244 4623 3484 4677 faventis
3520 4624 3698 4679 turbae

2108 4720 2314 4775 merito
2343 4718 2723 4787 imputabatur
2751 4717 3125 4779 immodestia,
3169 4717 3429 4785 gravibus
3464 4717 3698 4771 incessit

2107 4811 2314 4877 verbis,
2347 4812 2617 4864 iracunde
2647 4807 2963 4879 increpans,
2991 4820 3043 4863 et
3072 4819 3130 4863 ut
3157 4809 3374 4865 facinus
3409 4809 3696 4879 indignum

2106 4905 2470 4975 exprobrans,
2520 4902 2690 4972 quod,
2736 4918 2862 4958 cum
2914 4903 3033 4972 ipse
3075 4902 3320 4955 demisso
3379 4901 3700 4955 humaniter

2109 4999 2334 5070 fastigio
2364 4998 2630 5065 Augustae
2658 4994 2951 5065 dignitatis
2981 4995 3036 5048 in
3073 5008 3293 5063 aequum
3330 5001 3386 5048 et
3418 4991 3699 5047 familiare

2106 5107 2232 5147 eum
2265 5091 2401 5161 ipsis
2435 5088 2774 5146 descendere
2794 5085 3135 5155 colloquium
3165 5084 3312 5139 haud
3339 5084 3541 5139 fuisset
3571 5099 3703 5154 gra-

2113 5196 2274 5238 vatus
2317 5183 2500 5237 studio
2537 5182 2691 5251 pacis
2732 5179 3119 5249 procurandae,
3148 5192 3388 5247 cumque
3422 5176 3477 5231 in
3529 5177 3702 5231 istum

2108 5282 2445 5330 conventum
2483 5275 2827 5328 intruilentes
2850 5287 2910 5327 se
2934 5271 3139 5325 multos
3163 5285 3270 5326 non
3303 5283 3333 5323 a
3363 5284 3424 5324 se
3447 5268 3702 5332 vocatos,

2114 5369 2248 5439 quin
2286 5368 2477 5422 venire
2507 5365 2811 5436 prohibitos
2839 5372 2990 5419 metu
3026 5364 3147 5432 ejus
3169 5362 3512 5418 incommodi
3547 5363 3700 5433 quod

2114 5470 2367 5516 secutum
2421 5459 2697 5525 viderent,
2757 5459 3030 5512 tumultus
3084 5454 3340 5510 videlicet
3393 5455 3448 5508 in
3510 5454 3698 5515 turba,

2110 5562 2298 5606 tamen
2323 5551 2618 5620 indulgens
2640 5560 2830 5621 postea
2854 5549 3117 5605 benevole
3138 5548 3357 5603 cunctis
3382 5548 3698 5617 ingressum

2114 5648 2409 5713 locumque
2450 5645 2841 5707 concessisset,
2878 5644 3007 5711 ipsi,
3055 5655 3210 5711 quos
3247 5640 3431 5695 omnia
3469 5639 3524 5693 in
3563 5654 3701 5694 suos

2115 5750 2279 5806 posse
2306 5737 2442 5789 satis
2469 5745 2618 5790 esset
2656 5746 2866 5797 ltoitlm,
2898 5735 3257 5805 petulantiam
3276 5748 3470 5789 eorum
3503 5734 3557 5786 in
3585 5747 3707 5787 mo—

2117 5838 2207 5882 tus
2243 5827 2537 5883 seditiosos
2585 5838 2639 5884 et
2670 5842 2832 5883 voces
2877 5827 3155 5897 improbas
3195 5840 3488 5896 erumpere
3532 5825 3704 5880 sivis-

2111 5927 2261 5983 scnt,
2315 5923 2562 5977 contenti
2627 5922 2943 5979 simulatam
3004 5922 3058 5976 in
3127 5936 3186 5978 se
3245 5921 3382 5989 ipsis
3439 5918 3706 5977 exhibere
