4024 6440
391 449 496 513 529

1239 450 1345 512 DE
1376 449 1826 511 ANDRONICO
1857 445 2322 510 PALEOLOGO
2361 446 2511 509 LIB.
2552 446 2654 511 VI.

3547 440 3716 508 530"

389 565 491 635 τὴν
517 562 785 635 τετάρτην
817 564 1044 628 τούτων,
1078 565 1146 636 ῆν
1171 562 1239 635 δή
1263 579 1351 627 τις
1381 565 1518 635 φαίη
1550 562 1792 635 ἀνδρίαν,
1827 565 1966 633 ἀπο-π
1996 573 2045 629 Α
2072 561 2302 628 ἐδέοντο,
2326 561 2422 616 καί
2446 561 2709 632 πολεμεῖν
2732 560 2985 630 ἐκείνοις,
3014 562 3065 617 εἰ
3095 565 3336 633 φανεῖεν,
3369 562 3652 629 ἠπείλουν,

391 659 573 728 νέμων
600 660 712 721 τοῖς
747 657 1122 729 μισθοφόροις,
1152 656 1428 711 ἐθέλουσιν
1474 657 1843 725 ἀποθνήσκειν
1873 656 1971 726 p.6-

392 768 483 803 vov
522 747 599 818 τῷ
638 748 880 820 πολέμῳ,
930 750 1030 802 οὐκ
1080 748 1304 818 ἀρετῆς,
1346 748 1484 802 ἀλλὰ
1531 747 1731 816 μισθοῦ
1784 748 1967 820 χάριν,

389 844 485 895 καὶ
540 840 629 894 διὰ
681 840 834 894 ταῦτ’
867 842 933 896 ἐκ
985 840 1080 895 τοῦ
1134 842 1312 912 ῥᾷστα
1351 841 1573 910 συχναῖς
1630 839 1969 908 ἐνεχομένοις

389 932 768 996 ἀτασθαλίαις,
823 933 1248 1002 θρασυνομένοις
1303 931 1403 1001 μὲν
1437 931 1514 995 ὡς
1569 931 1776 994 ἀδίκοις
1827 931 1967 983 κατὰ

387 1023 760 1092 δικαιοσύνης,
816 1023 1240 1094 θρασυνομένοις
1279 1022 1338 1075 δὲ
1374 1023 1452 1084 ὡς
1497 1020 1782 1091 ὑϐρισταῖς
1826 1018 1971 1073 κατὰ

392 1116 768 1188 σωφροσύνης,
802 1116 981 1170 καὶτὸ
1013 1118 1121 1171 πᾶν
1154 1114 1576 1186 ἀφρονεστάτοις
1609 1112 1729 1166 οὖσι
1753 1112 1842 1165 διὰ
1868 1113 1968 1181 τὴν

386 1208 710 1262 ἀπόπτωσιν
756 1207 858 1279 τῆς
904 1210 1242 1278 φρονήσεως.
1279 1207 1463 1261 Ταῦτα
1509 1206 1575 1275 δὴ
1631 1204 1969 1275 ξυμϐεϐήκει

391 1302 688 1368 κάκείνοις,
718 1302 812 1356 καὶ
862 1302 1040 1356 ταῦτά
1068 1319 1132 1369 γε
1175 1300 1399 1361 Ἰταλοῖς
1445 1295 1567 1353 οὖσι
1599 1299 1692 1352 καὶ
1719 1300 1799 1362 εἰς
1825 1295 1970 1351 όκτὼ

389 1394 704 1462 χιλιοστύας
737 1394 1117 1465 ποσουμένοις.
1150 1394 1242 1462 Μὴ
1279 1393 1437 1462 μόνον
1466 1392 1523 1446 δὲ
1558 1393 1704 1445 σῖτον
1732 1391 1826 1443 καὶ
1851 1405 1973 1459 κριο

392 1481 493 1554 θὴν
519 1483 834 1555 ἐξεφόρουν,
871 1484 966 1538 καὶ
1001 1484 1115 1549 ζῶα
1148 1485 1542 1552 κατέσφαττον,
1585 1483 1680 1536 καὶ
1712 1482 1971 1552 χρήματα

390 1575 489 1629 καὶ
548 1575 753 1639 ἵππους
806 1575 918 1629 τῶν
974 1574 1415 1643 ἐντυγχανόντων
1468 1574 1815 1646 ἐξήρπαζον,
1878 1573 1973 1626 καὶ

393 1668 580 1738 σφαγὴ
607 1664 677 1739 ἦν
711 1667 819 1720 τῶν
874 1668 1304 1737 ἐναντιουμένων
1343 1667 1406 1720 τὸ
1455 1667 1780 1737 πρόστιμον,
1835 1663 1972 1719 ἀλλὰ

390 1758 485 1808 καὶ
514 1757 614 1820 τὰς
664 1757 776 1809 τῶν
811 1756 1052 1810 ἐποίκων
1092 1756 1459 1826 κατασχόντες
1498 1754 1677 1816 οἰκίας
1712 1755 1833 1816 ταῖς
1868 1768 1970 1819 γυ-

392 1848 568 1914 ναιξὶν
598 1849 982 1919 ἐπεμαίνοντο,
1012 1850 1080 1919 ῆν
1117 1851 1189 1920 μή
1229 1866 1309 1913 τις
1354 1847 1566 1918 φθάσας
1599 1845 1970 1913 ἀπεδίδρασκε

2075 654 2136 708 ού
2173 654 2478 725 συμμάχων
2503 655 2745 724 ,τρόπον,
2800 655 2939 708 ἀλλὰ
2987 654 3262 724 πολεμίων
3309 652 3656 721 ἐνδεικνυμέ-

2075 761 2207 809 νοις.
2242 746 2508 809 Βασιλεὺς
2537 745 2595 799 δὲ
2642 744 2967 799 κατέστελλε
2998 747 3098 809 τὰς
3127 745 3306 815 ὁρμὰς
3338 744 3432 798 καὶ
3463 744 3538 808 ὡς
3568 746 3654 797 εἰ·

2077 835 2174 898 κὸς
2212 835 2604 905 παρεμυθεῖτο.
2644 835 2791 907 Πλὴν
2838 836 2936 889 καὶ
2986 836 3124 906 πρὸς
3170 835 3262 889 τὸν
3314 835 3530 902 πατέρα
3558 837 3656 889 καὶ

2075 923 2303 994 βασιλέα
2327 925 2557 996 γράφων
2606 925 2843 994 ἀπέλεγε
2882 926 3115 996 πάμπαν
3146 925 3248 995 τὴν
3301 926 3442 995 πρὸς
3489 926 3656 979 αὐτὸν

2072 1014 2183 1068 τῶν
2230 1016 2555 1070 Κατελάνων
2591 1017 2864 1083 διάϐασιν,
2911 1018 2987 1080 ὡς
3040 1033 3404 1088 μαχουμενιυν
3451 1019 3654 1073 αὐτίκα.

2075 1107 2231 1176 σφίσι
2273 1109 2565 1178 Ῥωμαίων
2615 1113 2709 1164 καί
2737 1113 2818 1174 εἰς
2861 1110 3161 1181 ἐμφυλίους
3209 1110 3658 1177 καθεστηξόντων

2076 1198 2279 1270 μάχας.
2329 1200 2551 1271 Ἐδήλου
2585 1199 2642 1253 δὲ
2673 1200 2771 1254 καὶ
2793 1199 2870 1265 ὡς
2900 1200 3060 1264 αὐτὸς
3089 1200 3178 1256 διὰ
3217 1200 3313 1271 τὴν
3344 1201 3496 1269 σφῶν
3528 1201 3659 1270 βίαν

2073 1293 2167 1346 καὶ
2198 1290 2583 1358 ὲπισύστασιν,
2613 1292 2689 1356 ὡς
2721 1293 2917 1347 αὐτίκα
2962 1294 3196 1365 ἐτοίμων
3223 1295 3393 1347 ὄντων
3433 1297 3652 1364 ἀναχωι-
3724 1318 3737 1331 ο

2075 1387 2189 1454 ρεῖν
2222 1385 2326 1438 κᾶν
2355 1386 2521 1450 αὐτὸς
2566 1386 2640 1458 μὴ
2675 1389 3019 1460 προστάσσῃ,
3066 1387 3156 1442 διὰ
3184 1388 3653 1459 χρυσοϐουλλείων

2072 1478 2252 1548 ὅρκων
2286 1478 2457 1533 ἔδωκε
2503 1479 2573 1533 τὰ
2605 1483 2770 1533 πιστά
2799 1475 2836 1552 ἦ
2871 1481 2978 1551 μὴν
3013 1481 3107 1533 ἐπὶ
3148 1480 3298 1552 ρητῷ
3340 1497 3449 1535 τινι
3479 1481 3654 1552 χρόνῳ

2068 1569 2468 1634 δουλεύσαντας
2497 1572 2882 1643 ὑποστρέφειν,
2916 1575 2979 1627 οὑ
3022 1572 3130 1644 μὴν
3156 1574 3213 1626 δέ
3263 1573 3380 1627 ἀλλ’
3407 1571 3516 1626 οὐδ’
3541 1573 3659 1626 αύτ-

2071 1662 2195 1725 τοὺς
2243 1664 2477 1727 Ἰταλοὺς
2509 1664 2943 1734 παραδέξασθαι,
2975 1665 3222 1719 παντὶδέ
3249 1667 3434 1735 τρόπῳ
3457 1665 3661 1719 διακω-

2071 1750 2232 1807 λῦσαι
2285 1754 2384 1824 τὴν
2436 1754 2586 1825 σφῶν
2616 1758 2697 1818 εἰς
2745 1756 2910 1809 αὐτὸν
2962 1752 3234 1812 διάϐασιν.
3288 1755 3549 1816 Βασιλεὺς
3596 1754 3667 1809 δὲ.

2070 1845 2364 1917 δεχόμενος
2391 1846 2489 1916 μέν
2516 1848 2610 1901 καί
2636 1847 2707 1901 τὰ
2729 1846 2823 1900 τοῦ
2849 1847 3115 1917 βασιλέως
3160 1846 3480 1918 μηνύματα,
3505 1847 3667 1918 ὅμως

393 1933 585 2006 πόρῤω
631 1952 760 1999 που,
815 1936 917 2008 τὴν
978 1936 1078 2006 μὲν
1114 1937 1250 1990 ἰδίαν
1311 1935 1546 2006 ὓπαρξιν
1602 1934 1972 1997 καταλείπων,
2008 1943 2046 1997 Β
2076 1951 2139 2004 γε
2169 1936 2355 2005 μέντοι
2385 1937 2481 1992 καὶ
2505 1936 2587 1990 ἔτι
2619 1938 2712 1990 ἐπὶ
2737 1937 2815 2006 τῷ
2845 1938 3067 2009 μεγάλῳ
3091 1938 3246 1992 δουκί
3270 1937 3660 1991 ἐλπιδοκοπού-

397 2025 578 2095 μόνοις
633 2028 690 2081 δὲ
744 2030 857 2092 τοῖς
894 2029 1118 2093 οἰκείοις
1170 2029 1268 2100 τὴν
1308 2029 1583 2098 σωτηρίαν
1642 2030 1967 2096 περιποιῶν.

393 2117 581 2173 Ταῦτα
615 2120 712 2173 καὶ
741 2121 853 2182 τοῖς
883 2121 1009 2192 περί
1037 2121 1130 2174 τὸν
1163 2121 1387 2192 βασιλέα
1424 2121 1645 2192 Μιχαὴλ
1684 2123 1972 2176 ἀνάπυστα

393 2211 659 2280 γεγονότα
711 2212 960 2284 ἀποκλᾷν
1010 2214 1292 2268 συνέὁαινε
1325 2215 1423 2278 τὰς
1460 2215 1639 2284 ὁρμὰς
1674 2216 1824 2284 σφίσι
1873 2215 1974 2285 τὴν

394 2302 800 2376 θρυλλουμένην
851 2307 1198 2377 ἀλαστορίαν,
1231 2306 1326 2360 καὶ
1380 2307 1614 2377 μελέτης
1665 2308 1973 2380 πολεμικῆς

393 2393 765 2466 ἐρῤᾳθύμουν.
805 2396 1025 2451 Μᾶλλον
1062 2397 1187 2470 μένλ
1212 2393 1306 2450 οὖν
1350 2399 1444 2452 καὶ
1498 2397 1713 2467 βασιλεῖ
1766 2416 1974 2470 προσα-

395 2464 721 2557 ναφέροντες
750 2488 831 2550 είς
854 2464 1206 2559 περιποίησιν
1230 2487 1339 2543 τῶν
1363 2464 1583 2544 οἰκείων
1609 2464 1973 2564 ὑποστρέφειν

391 2666 686 2739 justitiam,
727 2675 930 2723 temere
989 2684 1207 2739 quoque
1250 2670 1469 2740 quidvis
1510 2672 1859 2740 audentibus,
1916 2685 1976 2731 ut

398 2760 836 2823 contumeliosis.
868 2760 1133 2818 adversus
1172 2765 1593 2833 temperantiam
1624 2775 1679 2820 et
1708 2765 1974 2823 castimo-

397 2851 545 2906 niam
580 2868 596 2914 ;
634 2851 689 2906 in
724 2867 937 2908 summa
982 2854 1432 2929 dementissimis,
1478 2859 1624 2927 quod
1671 2859 1976 2915 exciderint

399 2943 691 3015 prudentia
737 2944 1240 3016 moderationisque
1269 2964 1335 3004 ac
1353 2950 1714 3007 considerate
1742 2942 1975 3010 rationis

398 3037 537 3092 nihil
566 3036 857 3093 admodum
905 3049 1001 3094 aut
1048 3039 1287 3114 habeant
1347 3051 1441 3097 aut
1502 3043 1704 3099 habere
1755 3056 1970 3104 curent.

397 3127 526 3185 Hac
549 3130 832 3200 aptissime
860 3133 916 3186 in
941 3130 1041 3188 hos
1071 3131 1139 3188 de
1154 3133 1352 3203 quibus
1376 3139 1584 3204 agimus
1606 3137 1971 3206 quadrabant,

2075 2044 2237 2097 μενος
2287 2028 2365 2091 ὡς
2419 2029 2507 2081 ἐπ’
2567 2029 2758 2100 ἀγαθῷ
2819 2030 3125 2098 Ῥωμαίων.
3171 2030 3670 2101 δημαγωγήσοντι,.

2075 2119 2160 2191 [Ρ.
2195 2119 2320 2192 556]
2370 2114 2585 2189 ἔφθασε
2612 2122 2713 2191 μὲν
2766 2120 3201 2191 προαποστείλας
3240 2121 3332 2175 καὶ
3377 2121 3479 2192 τὴν
3517 2122 3671 2176 ἰδίανν

2074 2213 2417 2284 αὑταδέλφην
2451 2213 2546 2266 καὶ
2578 2214 2679 2283 τὴν
2705 2214 2876 2285 αὐτῆς
2906 2213 3206 2283 θυγατέρα,
3236 2212 3333 2284 τὴν
3360 2214 3455 2266 καὶ
3482 2229 3664 2282 γαμεο

2074 2305 2172 2375 τὴν
2199 2304 2295 2359 τοῦ
2321 2305 2561 2376 μεγάλου
2591 2304 2804 2373 δουκδς,
2837 2305 2979 2359 ὣστε
3009 2307 3101 2359 καί¹
3126 2306 3483 2377 προῦπαντᾷν
3515 2306 3659 2359 ἀπο-

2075 2399 2318 2454 ϐαίνοντι
2349 2398 2457 2450 τῶν
2488 2397 2644 2453 νεῶν.
2683 2397 3204 2469 ιίληροφορούμενος
3235 2399 3293 2451 δέ
3328 2414 3392 2467 γε
3444 2398 3539 2452 καί
3569 2397 3667 2451 ἐπ’

2077 2490 2284 2564 ἐκείνῃ,
2314 2492 2388 2555 ὡς
2420 2488 2805 2545 καταστέλλειν
2831 2488 2946 2561 ἔχοι
2974 2489 3044 2544 τὰ
3077 2489 3248 2545 πολλὰ
3277 2490 3391 2543 τῶν
3421 2489 3671 2547 (iudici-

2077 2673 2242 2730 factis
2289 2673 2670 2734 ostenderent.
2706 2673 2972 2744 impetum
3024 2674 3290 2730 facturos.
3332 2673 3425 2730 Sic
3455 2687 3673 2731 ascen--

2077 2782 2170 2824 sos
2205 2768 2509 2836 reprimere
2543 2779 2609 2821 ac
2666 2764 2946 2821 consolari
2999 2773 3163 2836 prout
3202 2774 3443 2835 poterat,
3489 2780 3679 2827 couaw

2076 2857 2241 2913 batur
2295 2859 2618 2925 imperator.
2651 2854 2927 2911 Craterum
2980 2854 3122 2910 idem
3173 2854 3241 2910 ad
3277 2862 3493 2924 patrem
3545 2858 3669 2910 Atr»

2076 2956 2298 3020 gustum
2328 2949 2603 3002 seniorem
2644 2946 2789 3003 datis
2826 2946 3027 3003 litteris
3066 2943 3228 3001 enixe
3271 2956 3526 3017 precatus
3573 2957 3664 3002 est

2079 3056 2147 3095 ne
2182 3039 2473 3094 Catelanos
2510 3053 2687 3108 usque
2734 3037 2802 3093 ad
2838 3053 2940 3094 sua
2990 3045 3170 3094 castra
3215 3037 3469 3108 progredi
3503 3037 3663 3093 sine-

2080 3139 2186 3194 ret.
2247 3130 2453 3187 diserto
2501 3131 2859 3198 denuntians,
2912 3130 2959 3187 si
3013 3129 3363 3196 accederent,
3401 3130 3544 3185 haud
3598 3146 3687 3185 se,

400 3234 528 3275 cum
573 3222 873 3291 prasertim
918 3219 1100 3276 Latini
1138 3230 1344 3287 essent,
1398 3223 1503 3279 hoc
1541 3233 1626 3279 est
1669 3240 1699 3281 e
1731 3234 1890 3295 gente
1919 3235 1973 3281 et
2082 3239 2244 3294 posse
2274 3223 2569 3295 prohibere
2590 3224 2722 3294 quin
2749 3224 2834 3280 sui
2865 3222 3322 3279 Romanimilires
3352 3224 3685 3280 eosstutiuv

399 3326 601 3381 genere
639 3312 797 3366 nobis
848 3313 1050 3367 dudum
1092 3329 1156 3368 ac
1207 3331 1344 3384 pene
1375 3317 1703 3371 naturaliter
1736 3317 1971 3386 infenso,
1999 3313 2043 3371 (Ζ
2078 3318 2350 3372 hostiliter
2378 3316 2699 3373 invaderent
2730 3333 2745 3371 :
2791 3326 2940 3371 tanto
2973 3331 3040 3372 ex
3068 3318 3307 3385 acceptis
3361 3316 3572 3372 nuntiis
3601 3316 3689 3372 iis.

398 3401 677 3472 iidemque
713 3418 828 3459 sum
879 3403 1217 3459 conscientia
1266 3406 1633 3464 multitudinis
1666 3410 1816 3480 (nam
1856 3417 1982 3465 octo
2081 3421 2175 3462 eos
2212 3405 2399 3461 furore
2426 3407 2892 3473 eoucitabantur;
2924 3423 3094 3477 quare
3139 3422 3257 3462 rem
3294 3408 3455 3463 haud‘
3491 3408 3687 3463 dubie-

400 3493 629 3551 millium
662 3509 949 3551 numerum
974 3497 1289 3569 explebant)
1319 3499 1454 3554 certi
1490 3514 1547 3555 se
1577 3500 1800 3570 impune
1818 3501 1981 3572 quid-

400 3586 534 3657 quid
566 3598 789 3659 agerent
819 3590 1048 3652 laturos,
1075 3589 1219 3659 quod
1244 3591 1390 3646 nulla
1425 3592 1642 3649 adesset
1663 3593 1732 3650 iis
1765 3608 1864 3664 par
1896 3594 1982 3650 ul-

401 3677 679 3736 ciscendis
711 3678 958 3736 Romana
1000 3681 1263 3751 potentia.
1292 3683 1482 3754 Itaque
1529 3700 1637 3741 non
1674 3687 1836 3742 modo
1863 3687 1982 3742 fru—

396 3782 646 3828 mentum
694 3780 750 3828 ct
791 3771 1057 3829 hordeum
1099 3789 1130 3828 e
1155 3774 1302 3832 villis
1348 3776 1670 3846 horreisque
1703 3777 1983 3850 indigena-

403 3878 523 3918 rum
563 3864 949 3935 exportabant,
1001 3873 1055 3922 et
1089 3866 1346 3922 animalia
1392 3869 1730 3937 mactabant,
1789 3880 1844 3926 et
1893 3887 1981 3928 res

401 3972 684 4027 equosque
721 3958 1131 4014 occurrentium
1160 3961 1463 4031 rapiebant,
1498 3971 1554 4017 et
1597 3963 1642 4018 si
1677 3964 1803 4033 quis
1842 3978 1981 4020 eon-

402 4057 488 4104 tra
533 4050 732 4105 mutire
777 4053 1034 4118 auderet,
1083 4066 1300 4121 pinnam
1336 4052 1523 4108 liberae
1582 4055 1736 4110 vocis
1790 4068 1979 4111 necem

402 4157 730 4217 praesentem
763 4146 1073 4203 inferebant
1100 4166 1115 4203 :
1158 4149 1251 4204 sed
1276 4158 1331 4204 et
1362 4149 1663 4206 incolarum
1697 4153 1981 4222 occupatis

402 4239 658 4294 domibus
688 4238 745 4294 in
775 4240 1035 4295 mulieres
1052 4240 1259 4296 etfrreni
1286 4241 1519 4297 libidine
1553 4240 1835 4307 furebant,
1868 4259 1979 4300 non

400 4333 527 4387 aliis
552 4331 1014 4401 patrumfamilias
1038 4342 1148 4388 tam
1173 4335 1386 4390 acerbae
1417 4336 1772 4391 contumelia:
1797 4351 1981 4393 exem-

405 4426 517 4494 ptis
550 4424 657 4480 nisi
690 4424 783 4494 qui
809 4436 1286 4496 praeoccupassent
1314 4441 1478 4498 quam
1511 4427 1831 4498 longissime
1855 4444 1979 4484 cum

406 4518 674 4574 uxoribus
697 4518 961 4574 et'liberis
992 4517 1205 4589 fugere,
1235 4519 1400 4575 domo
1427 4526 1482 4575 et
1514 4534 1571 4573 re
1603 4519 1864 4575 familiari
1898 4521 1979 4575 la-

2084 3496 2139 3551 in
2166 3498 2328 3552 civile
2353 3498 2518 3569 idque
2562 3497 2993 3565 internecinum,
3023 3499 3269 3555 vicissim
3319 3508 3375 3556 et
3401 3500 3509 3556 illis
3533 3499 3685 3556 irri-v

2081 3587 2233 3654 tatis,
2265 3589 2566 3645 desituram
2617 3590 2890 3661 praalium.
2925 3590 3286 3660 Significabat
3331 3593 3496 3649 etiam
3551 3592 3679 3649 sibi:

2082 3688 2359 3735 extortum
2395 3682 2622 3737 armatis
2647 3697 2876 3738 suorum
2909 3682 3192 3753 precibus,
3220 3692 3283 3739 et
3323 3695 3470 3746 metu
3505 3698 3575 3740 ne
3600 3699 3681 3740 σθ’

2083 3769 2397 3827 desererent
2453 3773 2782 3842 abirentque
2835 3773 3075 3843 injussu,
3106 3774 3152 3828 si
3195 3785 3453 3846 negaret,
3482 3776 3675 3847 jusjn--

2082 3862 2317 3919 randum
2358 3862 2660 3934 diplomate
2684 3865 3039 3935 imperatorio
3078 3880 3245 3921 aurea
3279 3868 3434 3922 bulla
3450 3870 3672 3926 munito

2084 3955 2187 4012 rite
2221 3957 2633 4028 consignatum,
2678 3973 2791 4029 quo
2842 3973 2903 4014 se
2952 3959 3077 4015 illos
3122 3959 3497 4030 polliceretur,
3542 3969 3670 4016 tan-

2082 4064 2247 4119 quam
2275 4049 2366 4118 qui
2414 4048 2656 4119 legitimo
2695 4055 2947 4119 tempore
2980 4051 3272 4106 militarem
3307 4067 3531 4122 operam
3571 4067 3667 4107 na-

2083 4148 2325 4200 vassent,
2363 4138 2416 4192 in
2454 4138 2644 4193 domos
2675 4152 2804 4192 suas
2834 4139 3047 4210 regredi
3077 4151 3422 4196 sacramento
3458 4141 3672 4198 liberos

2083 4241 2394 4295 passurum,
2423 4228 2468 4282 si
2509 4243 2750 4299 unquam
2790 4229 2895 4284 sibi
2945 4230 3166 4301 adjungi
3195 4230 3426 4289 Latinos
3456 4232 3673 4290 sineret

2082 4325 2180 4370 aut
2209 4319 2492 4371 nonomui
2520 4317 2735 4371 ratione
2762 4317 3076 4389 prohiberet
3108 4334 3395 4376 accessum
3429 4322 3672 4378 istorum.

2082 4409 2148 4464 ad
2179 4425 2277 4464 sua
2319 4407 2565 4463 Romana
2616 4421 2821 4465 castra.
2850 4411 2948 4466 His
2990 4409 3085 4466 filii
3137 4411 3335 4468 litteris
3380 4416 3671 4485 Augustus

2083 4500 2270 4557 senior
2299 4502 2540 4570 acceptis
2598 4516 2705 4556 non
2748 4513 2928 4558 tamen
2965 4503 3157 4585 abduci
3202 4506 3380 4575 potuit
3416 4523 3446 4564 a
3477 4510 3672 4566 studio

407 4607 667 4663 tronibus
694 4608 904 4672 relicta,
931 4607 1068 4663 satis
1099 4607 1364 4664 habentes
1385 4624 1540 4664 suam
1563 4617 1618 4665 et
1638 4608 1743 4665 sibi
1766 4608 1982 4665 charis—
2005 4592 2059 4653 D
2085 4607 2195 4662 quo
2240 4592 2446 4647 dudum
2493 4593 2547 4647 in
2596 4592 2790 4649 ducem
2818 4609 3075 4665 magnum
3109 4600 3517 4668 propendebat.
3564 4619 3669 4659 nec

406 4703 674 4757 simorum
707 4701 940 4756 salutem
969 4700 1429 4772 honestatemque
1461 4702 1730 4756 bonorum
1757 4701 1982 4772 jactura

408 4794 728 4850 redemisse.
762 4790 969 4847 Horum
997 4791 1139 4847 fama
1164 4794 1433 4848 scelerum
1460 4794 1514 4848 in
1552 4792 1845 4849 Michaelis
1891 4792 1985 4864 ju-

409 4888 586 4942 nioris
640 4884 872 4957 Augusti
924 4891 1104 4940 castra
1169 4884 1333 4956 483
1393 4886 1595 4955 perlata
1668 4883 1721 4939 in
1781 4884 1983 4940 ducum

408 4998 475 5037 ac
505 4981 737 5035 militum
770 4979 881 5034 iilic
909 4977 1113 5033 animis
1149 4993 1369 5034 omnem
1389 4977 1628 5048 suscepti
1664 4976 1987 5032 certaminis

405 5072 768 5128 acrimoniam
783 5072 1026 5142 infregit,
1043 5071 1177 5126 adeo
1197 5080 1256 5126 ut
1271 5070 1504 5127 remisso
1519 5070 1702 5127 studio
1720 5069 1987 5139 Bulgaros

410 5166 690 5228 vincendi.
719 5165 844 5220 odia
882 5166 1086 5233 passim
1122 5164 1340 5234 irasque
1363 5161 1619 5217 ardentes
1653 5161 1709 5216 in
1738 5176 1910 5217 novos
1928 5167 1988 5216 ut

412 5256 585 5310 multo
621 5256 836 5324 pejores
871 5255 1058 5310 hostes
1087 5261 1383 5310 verterent.
1404 5250 1521 5305 Tali
1543 5251 1818 5308 ferventes
1838 5259 1981 5307 aestu

412 5348 481 5402 ab
506 5347 838 5416 imperatore
856 5345 1138 5400 turmatim
1179 5352 1450 5402 convento
1476 5343 1817 5416 flagitabant.
1843 5344 1990 5399 sine-

411 5450 497 5492 ret
527 5453 585 5493 se
621 5438 912 5493 defensum
945 5447 1041 5493 aut
1073 5437 1245 5492 ultum
1280 5438 1360 5492 ire
1388 5437 1535 5492 lares
1561 5437 1769 5506 patrios
1801 5435 1871 5491 ab
1902 5435 1989 5490 in-

402 5530 568 5598 juriis
616 5540 673 5584 et
723 5529 1100 5591 contumeliis,
1135 5543 1273 5599 quas
1308 5527 1425 5584 illic
1473 5527 1799 5599 coniugibus
1849 5526 1991 5582 libe-

414 5618 601 5688 risque
651 5619 898 5688 ipsorqu
953 5618 1198 5688 hospites
1231 5618 1485 5674 tetriorcs
1525 5617 1779 5672 barbaris
1814 5617 1989 5673 infer-

414 5715 575 5774 rent;
611 5724 748 5779 quos
772 5706 1027 5778 quidem,
1066 5707 1233 5764 simul
1261 5708 1660 5774 occurrissent,
1694 5706 1990 5762 minaban-

413 5812 503 5857 tur
535 5816 647 5857 non
683 5801 989 5881 sociorum,
1031 5800 1176 5871 quod
1230 5814 1429 5857 nomen
1463 5799 1602 5855 falso
1631 5806 1986 5870 usurparent,

415 5908 475 5950 se
511 5893 797 5951 habituros
833 5905 1083 5957 numero,
1117 5891 1212 5948 scd
1246 5902 1305 5948 ut
1351 5890 1407 5947 in
1460 5890 1667 5958 hostes,
1698 5890 1890 5962 quales
1926 5906 1986 5946 se

2085 4699 2238 4757 spem
2293 4686 2534 4756 abjicere
2586 4702 2751 4758 quam
2798 4687 2852 4742 in
2909 4690 3005 4746 illo
3054 4692 3445 4761 constituerat,
3478 4694 3673 4766 reipu-

2085 4779 2242 4835 blicae
2291 4779 2346 4834 in
2402 4780 2680 4835 meliorem
2732 4789 2936 4837 statum
2990 4784 3113 4854 ejus
3175 4799 3277 4854 ope
3314 4789 3662 4856 reponenda.

2085 4871 2437 4927 Pranniserat
2487 4883 2672 4929 autem
2724 4873 2839 4943 jam
2890 4875 3045 4946 prius
3083 4891 3247 4949 quam
3292 4878 3409 4945 hrec
3453 4880 3669 4948 audiret

2087 4964 2367 5033 propriam
2404 4978 2676 5030 sororem,
2704 4965 2859 5022 ducis
2899 4967 3079 5037 magni
3107 4982 3351 5034 socrum,
3382 4985 3489 5025 una
3537 4985 3667 5026 cum

2088 5056 2262 5126 ipsius
2291 5056 2397 5112 ﬁlia
2429 5056 2673 5126 ejusdem
2728 5057 2959 5129 conjuge
3003 5059 3057 5113 in
3104 5056 3255 5115 illius
3280 5062 3606 5117 exsceusuri
3635 5078 3668 5119 c

2087 5149 2255 5222 484
2285 5149 2520 5205 navibus
2559 5163 2872 5214 occursum,
2900 5152 3531 5220 eertoconﬂdensillam,
3558 5170 3662 5224 pro

2089 5258 2188 5298 sua
2223 5243 2382 5313 quasi
2418 5251 2663 5296 materna
2691 5242 2746 5297 in
2786 5258 3048 5314 generum
3082 5248 3415 5301 auctoritate
3444 5262 3509 5302 ac
3533 5262 3663 5318 gra-

2094 5335 2388 5399 tia,faeile
2437 5334 2827 5406 impedituram
2880 5350 3133 5405 magnam
3177 5337 3505 5409 injuriarum
3548 5353 3669 5409 par-

2091 5441 2222 5493 tem.
2249 5445 2372 5500 quae
2403 5429 2474 5485 ab
2490 5428 2612 5501 ejus
2642 5429 2817 5500 copiis
2849 5428 2901 5484 in
2919 5430 3217 5485 Occiduam
3244 5430 3508 5500 expositis
3533 5446 3687 5486 con»

2093 5526 2355 5580 tinentem
2381 5521 2558 5578 timeri
2596 5529 2870 5592 poterant.
2910 5521 3052 5592 Ergo
3085 5522 3233 5577 velut
3260 5531 3417 5577 ratus
3463 5537 3687 5592 exspe-

2092 5615 2326 5673 ctandos
2355 5617 2420 5669 de
2474 5628 2734 5670 successu
2766 5612 2928 5669 istius
2963 5611 3050 5667 sui
3086 5611 3300 5667 consilii
3336 5612 3601 5667 certiores
3632 5627 3690 5670 ις

2093 5720 2283 5762 sorore
2314 5704 2559 5768 nuntios,
2597 5717 2655 5757 re
2684 5701 2908 5758 interim
2935 5700 3149 5771 integra
3174 5698 3229 5755 in
3251 5697 3431 5755 medio
3453 5699 3696 5762 relicta..

2092 5793 2514 5849 cunctabundus
2566 5807 2756 5849 secum
2811 5789 3150 5860 disquirebat
3203 5788 3335 5856 quid
3393 5787 3698 5859 agendum.

2094 5889 2198 5947 sibi
2225 5887 2450 5955 foreI,si
2480 5900 2606 5943 vera
2638 5882 3131 5955 comprobarentu:
3158 5895 3282 5954 qua:
3322 5880 3516 5937 litteris
3546 5880 3691 5942 filii,
