4024 6452
383 448 486 515 531

1598 456 1927 522 GEORGII
1970 459 2461 523 PACHYMEli/E

3536 458 3648 525 532

374 565 487 620 λων
510 564 687 636 ἔργων
716 568 780 622 ἐκ
815 568 915 638 τῆς
948 569 1082 641 πρὸς
1134 569 1228 625 τδν
1259 572 1513 645 γαμϐρὸν
1560 574 1834 645 ἐντυχίας,
1867 573 1958 627 τὸν
1985 577 2036 639 Α
2064 578 2226 647 κρατς
2256 579 2416 631 ναυσὶ
2445 575 2536 647 ’τῷ
2575 576 2673 648 τῆς
2702 576 2955 631 Μαδύτου
3008 576 3296 647 προσίσχει
3345 573 3549 645 λιμένι,
3586 576 3649 630 δν

379 657 575 727 καιρὸν
624 660 921 729 ἠργολάϐει
966 663 1106 726 τέως
1158 665 1253 719 καὶ
1303 665 1364 717 τὸ
1416 666 1690 736 πρακτέον
1741 666 1958 720 διεεου-

377 750 586 807 λεύετο.
619 755 739 810 Κάν
768 756 876 808 πού
916 773 968 809 τι
1009 759 1103 810 καὶ
1146 758 1256 811 τῶν
1299 758 1693 829 ἀπειρημένων
1729 759 1959 828 ἠκούετο

378 844 649 910 γίνεσθαι,
682 847 788 900 κᾶν
847 848 987 903 αὐτὰ
1024 849 1391 919 παρήρπαζον
1444 850 1512 904 τὰ
1557 851 1813 921 δημόσια,
1855 850 1959 904 κᾶν

378 936 483 1006 ’τήν
511 937 695 1008 χώραν
738 938 1045 1011 ἐξέτρεχον,
1081 941 1141 993 ἐν
1181 941 1359 1012 καιρῷ
1404 943 1601 1013 ἀρότου
1639 944 1731 996 καὶ
1758 942 1955 1003 ταῦτα,

377 1028 469 1081 ὅτε
504 1031 601 1083 καὶ
629 1032 738 1092 πᾶς
761 1033 821 1094 ἐς
846 1025 1020 1087 νέωτα
1050 1033 1316 1105 θερισμὸς
1338 1034 1435 1088 καὶ
1460 1035 1520 1088 τὸ
1538 1036 1813 1107 τραφῆναι
1841 1034 1958 1105 ἅμα

384 1122 485 1188 μὲν
517 1120 722 1189 ξένους,
742 1124 859 1203 διμα
895 1124 943 1178 δ’
966 1127 1221 1191 ἐποίκους
1240 1127 1340 1197 τῆς
1367 1128 1632 1200 ἀνατολῆς
1664 1126 1959 1198 καχεκτού-

382 1228 484 1282 σης
519 1214 801 1284 ἠλπίζετο,
843 1218 997 1271 αὐτοὶ
1025 1219 1082 1272 δέ
1121 1222 1218 1274 καὶ
1243 1221 1353 1273 τῶν
1384 1221 1667 1291 ἀροτήρων
1692 1220 1831 1292 βοῶν
1856 1221 1957 1274 οὐκ

274 1300 298 1325 ⁸
376 1304 705 1375 ἀπέσχοντο,
768 1308 965 1380 ἀνέδην
1014 1312 1108 1364 καὶ
1138 1311 1339 1378 αὐτοὺς
1389 1312 1629 1377 θύοντες,
1662 1314 1811 1381 ὅμως
1859 1314 1959 1381 τῆς

378 1396 684 1462 ἐπάὐτοῖς
741 1401 1176 1473 ἀγανακτήσεως
1226 1404 1503 1473 καθυφίει.
1562 1404 1675 1458 Καὶ
1731 1404 1960 1476 συχνοὺς

380 1484 731 1542 ἀποστέλλων
764 1491 1041 1561 (οὐδὲγὰρ
1072 1494 1339 1563 ἠρέσκετο
1379 1495 1489 1548 τῶν
1515 1494 1735 1548 πάντων
1766 1496 1958 1549 διαπε-

382 1575 751 1649 ραιωθέντων)
780 1582 908 1651 περὶ
933 1583 1139 1653 χιλίους
1164 1584 1442 1655 ἐγκρίνειν
1470 1585 1830 1648 διεκελεύετο,
1867 1587 1960 1640 καὶ

379 1667 489 1737 τὴν
516 1669 779 1741 ταχίστην
805 1674 1052 1747 ἀπαντᾷν
1094 1676 1250 1748 παρὰ
1277 1676 1497 1748 Μιχαὴλ
1539 1678 1787 1747 βασιλέα,
1821 1679 1962 1749 πέμ-

378 1774 498 1812 πων
525 1762 620 1815 καὶ
652 1765 811 1818 ἱκανὰ
848 1766 987 1837 πρὸς
1019 1753 1306 1836 μίσθωσιν.
1338 1770 1479 1834 Τοὺς
1506 1770 1553 1823 δ’
1581 1771 1777 1834 ἄλλους
1804 1771 1955 1824 ἅντι-

378 1853 557 1923 περᾷν
614 1856 824 1923 ἐφιέναι
872 1861 968 1914 καὶ
1022 1861 1112 1914 ἐπ’
1157 1862 1422 1929 ἀνατολῆς
1468 1863 1785 1932 διατρίϐειν,
1837 1864 1958 1917 ἐπεὶ

2068 664 2323 735 βασιλεὺς
2356 665 2457 734 μὲν
2486 667 2545 719 οὐ
2574 666 2864 737 κέκληκεν,
2909 666 3071 728 αὐτὸς
3103 666 3147 718 δ’
3180 668 3383 728 ἐκεῖνος
3410 667 3438 719 ὁ
3472 666 3647 735 μέγας

2062 757 2189 822 δνιὺξ
2220 758 2281 811 τὸ
2316 759 2416 827 μὲν
2438 761 2551 820 τοῖς
2584 760 2708 813 καθ’
2750 760 2912 813 αὑτὸν
2947 759 3261 814 ἀκουσοεῖσι
3296 756 3644 828 παρώτρυνε,

2061 848 2120 900 τὸ
2156 847 2212 901 δὲ
2255 850 2353 903 καὶ
2395 850 2688 921 γράμμασι
2737 851 2862 907 καθ’
2897 853 3191 922 ὑπόσχεσιν
3233 850 3509 921 μεγίστων
3547 847 3645 902 καὶ

2062 942 2383 1009 περιφανῶν
2413 943 2754 1014 δωρημάτων
2793 946 2855 997 ἐκ
2888 944 3175 1015 βασιλέως.
3208 942 3307 996 Διὰ
3338 942 3514 996 ταῦτα
3547 942 3646 1009 μό-

2062 1050 2152 1086 νον
2185 1035 2394 1099 ἐκεῖνος
2423 1036 2647 1106 ἐπέστη.
2699 1038 2857 1092 Καὶὸ
2893 1038 3069 1108 μέγας
3119 1036 3244 1100 δοῦξ
3293 1035 3393 1089 σὺν
3437 1032 3645 1101 ὀλίγοις

2063 1128 2221 1198 παρὰ
2246 1127 2472 1198 βασιλέα
2499 1130 2734 1193 γίνεται,
2766 1125 2826 1184 οὗ
2859 1130 2954 1182 καὶ
2998 1126 3431 1199 μεγαλοπρεπῶς
3466 1125 3643 1178 είσδε-

2060 1219 2304 1287 χθέντος,
2339 1219 2507 1289 μηνὸς
2548 1220 3012 1290 Ἐλαφηϐολιῶνος
3041 1221 3319 1289 λήγοντος,
3353 1218 3417 1270 τὰ
3448 1215 3643 1286 πρῶτα.

2065 1310 2166 1379 μὲν
2191 1311 2240 1363 oi
2274 1311 2405 1380 περὶ
2442 1311 2655 1379 μισθῶν
2686 1310 2964 1365 ἐκινοῦντο
2987 1312 3163 1378 λόγοι,
3193 1311 3287 1362 καὶ
3319 1308 3641 1379 τριακοσίας

2062 1402 2379 1473 χιλιοστύας
2410 1405 2764 1473 νομισμάτων
2793 1405 3200 1473 συνεκορνῖφουν
3224 1401 3323 1463 τὰς
3358 1402 3437 1462 είς
3470 1397 3642 1452 ἀπαί-

2061 1511 2243 1563 τησιν,
2278 1494 2503 1567 ὕστερον
2538 1497 2594 1549 δέ
2624 1498 2717 1550 καὶ
2748 1496 2839 1551 τὸν
2868 1496 3285 1566 ἐπιδημήσαντα
3314 1491 3450 1555 τὲως
3478 1491 3643 1553 αὐτὸς

2064 1584 2310 1649 συνίστα,
2346 1587 2441 1641 καὶ
2473 1588 2549 1651 ὡς
2591 1589 2856 1657 γεννάδας
2906 1589 2989 1657 εἴη
3035 1588 3131 1641 καὶ
3167 1585 3414 1655 εὐγενὴς,
3442 1583 3536 1637 καὶ
3563 1582 3641 1646 ὡς

2060 1678 2273 1732 δίκαιον
2308 1681 2449 1751 ὑπὲρ
2482 1681 2674 1745 ἄλλους
2698 1683 2796 1751 τῆς
2831 1681 3118 1751 βασιλικῆς
3158 1679 3443 1749 εὐμενείας
3472 1694 3641 1735 καταο

2061 1767 2321 1820 πολαύειν
2346 1784 2362 1801 ο
2408 1770 2622 1839 μεγάλα
2660 1770 2769 1841 γὰρ
2804 1770 3102 1824 ἐλπίσαντα
3142 1769 3235 1822 καὶ
3273 1769 3426 1837 παρὰ
3465 1766 3641 1835 μέγαν

2061 1856 2369 1930 ἀφιγμένον
2418 1861 2519 1915 οὐκ
2554 1861 2697 1925 είκδς
2729 1863 2910 1933 εὑρεῖν
2955 1862 3066 1916 τῶν
3107 1860 3389 1930 ἐλπισμῶν
3415 1859 3640 1929 ἥττονα.

382 1945 518 2014 μηδέ
550 1947 650 2015 τὴν
687 1950 860 2022 ἀρχὴν
891 1953 1063 2006 τόσων
1115 1953 1344 2019 δεῖσθαι,
1378 1953 1502 2026 μηδ’
1546 1954 1691 2025 ἔχειν
1736 1956 1958 2027 τρέφειν
1984 1941 2034 2003 Β
2069 1949 2258 2019 Ἔχειν
2289 1950 2345 2003 δέ
2375 1954 2466 2005 καὶ
2498 1953 2662 2007 αὐτὸν
2693 1955 2953 2017 εὐνοϊκῶς
2986 1955 3101 2017 τοῖς
3122 1951 3216 2005 τοῦ
3246 1951 3530 2023 βασιλέως,
3565 1949 3643 2011 ὡς

377 2033 478 2105 τὴν
513 2034 793 2101 βασιλείαν
823 2042 1131 2109 τοσούτους,
1160 2046 1211 2098 εί
1251 2044 1348 2099 καὶ
1380 2045 1517 2115 πρὸς
1562 2045 1753 2117 καιρὸν
1776 2045 1960 2099 ἐλθόν-

378 2142 479 2189 τας
508 2130 882 2202 παρακληθεὶς
916 2133 1154 2201 ἐδέξατο.

379 2238 442 2291 δ’.
469 2242 609 2309 Περὶ
646 2242 757 2324 τῇς
803 2245 1265 2324 ἐπιδημίας-ταῦ
1293 2254 1702 2324 Μπυριγερίου
1747 2254 1960 2317 Τέντζὶι

670 2317 1015 2373 Κατελάνου
1043 2320 1141 2373 καί
1171 2323 1290 2376 τῶν
1313 2317 1448 2378 κατἱ
1467 2317 1675 2382 auidas.

455 2404 538 2465 lP.
581 2406 710 2480 537]
750 2410 840 2463 Ἐν
883 2412 1124 2486 τοσούτῳ
1147 2414 1206 2468 δέ
1249 2417 1343 2470 καί
1372 2433 1457 2481 τις
1490 2418 1599 2474 τῶν
1632 2421 1960 2477 Κατελάνων

380 2497 478 2551 καὶ
505 2499 689 2568 αὐτὸς,
723 2501 1105 2576 Μπυριγέριος
1136 2506 1398 2580 τοῦνομα,
1435 2510 1633 2582 σύναμ⁹
1662 2513 1821 2569 ἐννέα
1851 2532 1959 2586 μα-

384 2677 625 2733 nondum
677 2680 784 2736 sibi
832 2682 995 2752 plene
1046 2686 1278 2753 credita,
1310 2697 1669 2759 cognouerat.
1705 2689 1815 2748 Nec
1862 2693 1956 2749 diu

380 2770 595 2826 scilicet
620 2771 795 2829 abfuit
829 2779 960 2847 quin
1015 2777 1230 2838 iteratis
1273 2796 1374 2838 nec
1408 2782 1523 2853 jam
1563 2782 1958 2843 dubitabilibus

380 2863 600 2921 indiciis
633 2868 799 2923 etiam
836 2873 1066 2926 tetriora
1098 2874 1251 2943 prius
1293 2876 1565 2933 nuntiatis
1600 2878 1955 2936 efferrentur.

383 2955 750 3014 Seribebatur
780 2962 927 3017 enim
963 2979 1030 3019 ne
1076 2980 1106 3019 a
1154 2967 1365 3037 publica
1396 2969 1617 3039 quidem
1652 2971 1761 3028 illic
1791 2989 1959 3045 pecu-

379 3048 475 3100 nia
502 3049 809 3121 diripienda
844 3063 1151 3125 temperare
1181 3056 1474 3117 Catelanos
1499 3079 1514 3129 ;
1547 3064 1767 3119 eosdem
1798 3066 1959 3134 plane

380 3151 601 3197 vastare
648 3157 713 3200 ac
760 3145 972 3216 rapinis
1020 3148 1316 3207 exhaurire
1361 3153 1637 3222 regionem
1679 3157 1957 3225 segetibus

2065 2042 2441 2114 συμπράττειν
2474 2045 2572 2117 ὅλῃ
2607 2045 2702 2098 καὶ
2735 2046 2877 2115 χειρὶ
2910 2044 3007 2099 καὶ
3038 2045 3254 2117 γνώμῃ.
3281 2043 3373 2096 ἕνα
3407 2042 3514 2095 τῶν
3541 2040 3643 2111 βα-

2065 2134 2259 2198 σιλέως
2308 2137 2654 2207 μεγιστάνων
2699 2138 2775 2201 ὡς
2807 2136 2951 2201 εἰκὸς
2979 2135 3367 2190 καταστάντα.
3400 2132 3467 2185 El
3493 2132 3547 2184 δέ
3575 2147 3643 2199 γε

2062 2227 2159 2280 καὶ
2196 2228 2491 2295 μανθάνειν
2515 2228 2747 2300 τάληθὲς
2779 2227 3043 2300 βούλοιτο,
3079 2227 3243 2281 αὐτὸν
3274 2219 3413 2278 εἶναι
3442 2222 3646 2294 μᾶλλον

2062 2318 2229 2372 αὑτοῦ
2279 2320 2373 2372 καὶ
2421 2320 2517 2373 ἐπὶ
2563 2320 2640 2391 τῷ
2690 2320 2785 2374 τοῦ
2839 2319 3078 2390 μεγάλου
3135 2317 3327 2378 δουκδς
3372 2316 3646 2384 ἀξιώματι

2060 2409 2376 2481 ἀξιώτερον,
2407 2411 2503 2465 ἅτε
2538 2410 2716 2482 πολλῷ
2752 2413 2935 2483 μέτρῳ
2964 2412 3023 2464 τὸ
3043 2411 3201 2480 γένος
3228 2407 3641 2479 ὑπερηρμένον.

2061 2500 2144 2555 Τὰ
2178 2501 2278 2571 μέν
2303 2501 2482 2555 τοίνυν
2528 2503 2656 2571 περὶ
2686 2501 2855 2556 αὐτοῦ
2910 2501 3161 2573 βασιλεὺς
3189 2503 3248 2555 ἐν
3296 2500 3535 2569 δευτέρῳ
3559 2496 3643 2553 εῖ-

2063 2686 2170 2742 bus
2217 2684 2284 2741 ad
2332 2683 2536 2756 Madyti
2585 2692 2806 2755 portum
2847 2682 3096 2755 appulit;
3129 2696 3294 2753 quem
3341 2681 3647 2750 imperator

2059 2778 2225 2851 5.85
2250 2778 2471 2850 quidem
2502 2792 2612 2833 non
2649 2785 2975 2845 vocaverat;
3012 2775 3101 2831 ille
3130 2783 3310 2830 autem
3336 2773 3454 2845 ipse
3497 2786 3646 2842 saepe

2060 2872 2225 2928 nobis
2279 2880 2617 2929 memoratus
2671 2870 2781 2926 dux
2837 2883 3071 2939 magnus
3132 2867 3330 2938 partim
3390 2864 3646 2933 exemplo

2061 2966 2205 3023 fama
2234 2965 2456 3035 vulgato
2502 2965 2805 3036 ingentium
2857 2977 3083 3020 suorum
3143 2962 3197 3017 in
3230 2970 3547 3031 quaestuosa
3586 2969 3646 3014 et

2060 3059 2221 3117 facili
2244 3060 2436 3115 militia
2469 3060 2746 3114 lucrorum
2794 3058 3020 3127 adspes
3062 3055 3386 3127 praedasque
3433 3051 3648 3109 similes

2059 3152 2262 3209 tacitus
2285 3151 2641 3217 excitaverat,
2672 3149 2871 3222 partim
2919 3148 3109 3213 etiam,
3145 3156 3205 3201 ut
3234 3156 3320 3201 est
3353 3144 3644 3209 credibile,

382 3238 500 3285 tum
557 3231 694 3289 forte
754 3237 990 3293 maturis
1046 3242 1464 3310 praemetendis,
1512 3261 1634 3316 qua:
1686 3257 1790 3300 tam
1831 3247 1956 3304 laeto
1985 3280 2032 3343 ο
2063 3247 2268 3303 diserte
2302 3242 2626 3316 perscriptis
2659 3241 3151 3311 pollicitationibus
3180 3238 3541 3292 maximorum
3579 3250 3647 3290 ac

379 3338 648 3394 proventu
684 3328 1060 3398 adoleverant,
1094 3342 1154 3389 ut
1189 3349 1407 3392 annona
1455 3337 1581 3394 inde
1610 3350 1957 3411 exspectare-

380 3430 473 3474 tur
497 3436 605 3476 non
635 3422 910 3495 indigenis
952 3427 1151 3494 solum,
1186 3428 1282 3484 sed
1312 3439 1367 3486 et
1402 3430 1626 3490 advenis
1658 3451 1722 3490 ex
1769 3432 1959 3492 Orien-
1992 3476 2000 3482 ς

380 3514 476 3569 tali
500 3517 825 3573 continente
857 3528 1083 3589 propter
1126 3523 1449 3580 barbaricas
1487 3525 1836 3585 incursiones
1870 3530 1959 3585 in-

378 3607 527 3661 culta
582 3622 648 3663 eo
696 3611 905 3689 passim
956 3613 1405 3683 confugientibus
1458 3617 1710 3686 plurimis
1741 3620 1959 3678 abunde

381 3697 592 3752 alendis
626 3698 949 3755 suffectura.
986 3702 1139 3759 Hanc
1187 3706 1362 3761 exteri
1400 3708 1604 3785 milites
1645 3725 1752 3765 non
1794 3716 1956 3770 modo

380 3791 437 3845 in
476 3807 719 3861 prmsens
747 3798 1111 3865 pessumdare
1152 3798 1385 3871 direqne
1419 3800 1655 3858 helluari
1709 3804 1964 3862 fereban-

383 3890 495 3947 tur,
528 3883 622 3938 sed
658 3899 811 3953 spem
852 3887 1014 3940 etiam
1051 3899 1287 3958 postera:
1316 3890 1621 3949 fertilitatis
1662 3898 1961 3967 praecipere

382 3973 561 4029 bobus
595 3975 799 4047 ubique
829 3979 1145 4037 aratoribus
1179 3983 1512 4040 mactandis.
1554 3985 1626 4040 Ea
1666 4002 1851 4043 rerum
1877 3989 1963 4046 in-

382 4064 648 4135 dignitate
674 4085 988 4142 quanquam
1017 4073 1209 4130 intime
1239 4076 1506 4133 urebatur
1532 4079 1853 4150 imperator,
1879 4084 1963 4139 in-

381 4160 702 4232 dignatione
740 4176 920 4222 tamen
968 4167 1020 4222 in
1080 4184 1322 4240 praesens
1369 4170 1717 4231 dissimulata
1748 4186 1959 4232 tantum

383 4269 494 4322 prae
517 4270 582 4310 se
613 4258 739 4313 tulit
762 4271 954 4315 contra
985 4277 1141 4317 suam
1175 4254 1411 4319 mentem
1459 4265 1666 4323 factum
1722 4278 1783 4324 ut
1838 4270 1963 4325 uni-

381 4361 579 4403 versus
614 4351 798 4420 magni
860 4352 1018 4408 ducis
1068 4355 1345 4411 exercitus
1377 4355 1433 4411 in
1462 4355 1760 4414 Occiduam
1791 4361 1965 4415 conti-

382 4445 605 4492 nentem
629 4456 693 4495 ex
736 4442 864 4498 Asia
925 4444 1219 4513 trajiceret.
1269 4447 1450 4504 Missis
1498 4451 1682 4521 itaque
1730 4453 1964 4509 subinde

382 4529 550 4611 variis
589 4531 788 4587 institit
830 4550 1025 4605 urgere
1064 4545 1122 4590 ut
1153 4553 1184 4592 e
1223 4540 1397 4608 copiis
1417 4540 1693 4613 Madytum
1719 4545 1964 4615 appulsis

386 4624 589 4680 milites
636 4626 862 4682 circiter
912 4628 1058 4691 uille
1100 4630 1495 4700 deligerentnr,
1525 4635 1619 4702 qui
1667 4638 1958 4693 confestim

383 4716 672 4775 Michaelis
709 4722 940 4791 Augusti
976 4722 1098 4791 plus
1124 4739 1189 4779 eo
1220 4741 1453 4781 numero
1492 4744 1600 4784 non
1635 4730 1964 4788 desideran-

386 4811 457 4865 tis
485 4825 610 4867 sese
636 4814 840 4869 castris
866 4815 1249 4886 adiungerent.
1287 4817 1644 4887 Mittebatque
1677 4823 1836 4878 simul
1873 4838 1967 4893 pe-

384 4902 600 4957 cuniam
630 4915 834 4975 quanta
864 4907 918 4962 in
951 4908 1145 4964 horum
1178 4910 1451 4981 stipendia
1482 4914 1779 4971 sufﬁceret.
1811 4916 1965 4973 Alios

386 5000 586 5053 remitti
614 5000 846 5071 jubebat
874 5003 1016 5059 unde
1070 5014 1354 5071 venerant,
1390 5014 1444 5061 et
1485 5006 1539 5060 in
1593 5006 1967 5065 Orientalibus

391 5094 660 5148 diversari
718 5094 1007 5161 tractibus,
1049 5097 1259 5152 addens
1300 5114 1481 5167 neque
1522 5113 1582 5153 se
1627 5112 1657 5151 a
1697 5098 1968 5168 principio

395 5194 543 5240 tanta
586 5186 935 5242 multitudine
974 5204 1113 5258 opus
1143 5191 1405 5245 habuisse
1431 5206 1532 5245 nec
1556 5205 1806 5253 vocasse,
1834 5204 1969 5245 con-

389 5280 537 5336 sr-ius
556 5281 695 5336 haud
718 5295 875 5350 posse
892 5281 995 5338 hoc
1012 5298 1192 5337 rerum
1208 5284 1512 5339 accisarum
1529 5291 1672 5340 statu
1693 5281 1971 5338 Romano-

387 5389 510 5428 rum
550 5373 841 5441 imperium
874 5388 980 5429 tam
1019 5376 1220 5431 multos
1248 5377 1414 5437 alere.
1449 5376 1550 5430 etsi
1589 5377 1731 5430 ultro
1751 5391 1810 5431 se
1829 5374 1970 5430 offe-

395 5471 578 5517 rentes
593 5464 890 5535 exceperit,
916 5467 980 5520 ad
999 5482 1158 5522 usum
1183 5468 1447 5520 duntaxat
1475 5466 1655 5522 brevis
1680 5467 1966 5536 temporis.

393 5574 448 5628 4.
487 5574 559 5628 De
595 5575 821 5631 adventu
851 5577 1172 5698 Mpyrigeriib
1192 5576 1399 5631 Tantm
1425 5575 1689 5643 Catelani,
1730 5586 1778 5631 et
1809 5576 1968 5647 hujus

1088 5662 1141 5698 re
1180 5663 1263 5698 us.

1088 5662 1263 5700 1⁸80118.

464 5736 580 5794 Hoc
621 5737 858 5794 articulo
908 5753 1091 5792 rerum
1138 5739 1359 5808 quidam
1387 5746 1446 5792 et
1501 5739 1616 5807 ipse
1643 5738 1966 5805 Catelanus,

392 5831 752 5903 llipyrigerius
788 5832 863 5901 (i)
905 5832 1287 5898 nomine,cum
1350 5844 1539 5886 novem
1591 5831 1765 5899 longis
1819 5831 1973 5885 navi-

467 5941 543 6013 (l)
566 5945 677 6001 ltno
716 5945 1044 6015 Byrigcn’us.

2062 3337 2465 3409 perillustrium
2523 3335 2593 3390 ab
2638 3334 2969 3404 inperatore
3017 3331 3287 3387 donorum
3346 3329 3493 3383 ultro
3543 3340 3647 3395 per

2063 3432 2277 3486 litteras
2325 3429 2672 3484 invitaverat.
2716 3425 2860 3480 Sane
2910 3423 3168 3494 apparuit
3214 3421 3643 3489 haudquaquam

2063 3525 2502 3594 inex5pectatum
2560 3521 2711 3575 illum
2768 3519 3043 3590 imparato
3093 3515 3483 3585 supervenisse
3515 3512 3644 3568 duci

2064 3632 2283 3689 magno,
2321 3631 2385 3670 ex
2416 3629 2482 3670 eo
2510 3614 2655 3684 quod
2687 3612 2851 3668 simul
2885 3610 3061 3665 adfuit
3111 3607 3501 3680 Mpyrigerius,
3533 3606 3649 3661 dux

2063 3725 2294 3780 magnus
2327 3723 2479 3763 mora
2517 3707 2664 3762 nulla
2696 3703 3022 3776 interposita
3057 3719 3178 3757 cum
3209 3700 3399 3773 paucis
3438 3698 3504 3754 ad
3538 3700 3647 3754 im-

2064 3812 2371 3871 peratorem
2434 3817 2494 3856 se
2541 3798 2797 3862 contulit,
2837 3811 2926 3853 res
2984 3794 3241 3851 videlicet
3290 3808 3413 3849 cum
3446 3807 3512 3848 eo
3557 3791 3646 3847 sui

2064 3893 2345 3966 popularis
2385 3893 2606 3947 advena:
2663 3896 3068 3952 transacturus,
3104 3887 3181 3942 uti
3233 3902 3300 3942 ex
3357 3894 3651 3955 compacto

2064 3986 2209 4042 inter
2244 3985 2438 4041 ambos
2474 3990 2830 4039 convenerat.
2856 3980 3149 4037 Admissus
3190 3978 3264 4036 ab
3294 3980 3549 4048 Augusto
3578 3975 3653 4031 de

2064 4096 2220 4136 more
2251 4079 2537 4150 splendide
2568 4079 2672 4133 sub
2706 4077 2867 4131 finem
2903 4073 3159 4130 Octobris
3193 4085 3503 4128 sermonem
3534 4069 3652 4140 pri—

2064 4188 2217 4228 mum
2251 4171 2433 4227 intulit
2459 4170 2527 4225 de
2557 4168 2919 4240 pensionibus
2947 4165 3061 4223 sibi
3085 4180 3149 4222 ac
3182 4164 3321 4228 suis.
3358 4171 3419 4219 ut
3441 4162 3650 4226 aiebat,

2063 4275 2238 4337 pactae
2270 4265 2541 4321 mercedis
2591 4263 2814 4319 nomine
2851 4261 3074 4325 debitis,
3103 4273 3337 4328 quarum
3374 4270 3649 4313 summam

2066 4374 2242 4427 usque
2269 4358 2332 4412 ad
2366 4364 2611 4411 trecenta
2660 4368 3012 4409 nummorum
3061 4350 3239 4406 millia
3274 4348 3529 4419 ﬂagitans
3557 4362 3654 4401 ac-

2068 4450 2409 4506 cumulabat.
2452 4447 2769 4506 Orationem
2817 4445 3015 4500 deinde
3057 4441 3332 4498 convertit
3371 4440 3439 4495 ad
3488 4453 3653 4494 cum-

2069 4541 2436 4598 mendandum
2493 4540 2584 4610 qui
2639 4551 2829 4593 recens
2887 4537 3188 4592 advenerat
3248 4534 3424 4588 civem
3483 4546 3659 4587 suum

1992 4616 2038 4673 θ
2066 4634 2490 4706 Mpyrigerium;
2525 4632 2591 4687 de
2614 4630 2775 4701 cujus
2816 4629 3203 4698 generositate,
3228 4624 3514 4680 nobilitate
3541 4639 3652 4678 ca:-

2068 4725 2311 4793 terisque
2334 4722 2579 4788 dotibus,
2601 4721 2805 4792 quibus
2835 4718 3107 4789 praecipua
3140 4714 3491 4786 imperatoris
3522 4726 3653 4785 gra-

2067 4819 2143 4874 tia
2180 4832 2292 4889 prae
2321 4816 2537 4875 cunctis
2564 4814 2687 4869 aliis
2716 4813 2913 4883 dignus
2946 4808 3107 4874 foret,
3138 4807 3231 4864 ubi
3279 4807 3416 4861 mira
3446 4805 3652 4873 praedi-

2068 4917 2311 4970 caverat,
2347 4903 2602 4971 addebat,
2630 4919 2754 4959 cum
2790 4901 2873 4957 vir
2914 4900 3038 4956 talis
3073 4913 3267 4970 magna
3319 4912 3554 4968 sperans
3579 4896 3651 4952 ad

2071 5014 2328 5070 magnum
2352 4999 2596 5053 venisset
2612 4995 2940 5066 principem,
2983 4991 3128 5047 haud
3154 4990 3451 5046 convenire
3478 4990 3651 5056 hunc,

2069 5090 2340 5160 siquidem
2374 5089 2515 5144 tueri
2549 5087 2777 5158 gloriam
2812 5100 2967 5140 suam
3017 5098 3079 5139 ac
3130 5083 3288 5137 famae
3334 5097 3438 5135 non
3483 5081 3654 5136 abro-

2071 5197 2202 5253 gare
2260 5176 2419 5236 fidem
2458 5178 2693 5251 propria:
2733 5178 2886 5243 velit,
2933 5176 3151 5231 tardum
3188 5182 3285 5229 aut
3326 5187 3557 5242 parcum
3590 5171 3652 5226 in

2071 5275 2322 5333 ornando
2385 5274 2480 5327 illo
2539 5288 2684 5335 esse,
2723 5270 2925 5325 dareve
2974 5268 3053 5322 illi
3107 5265 3457 5321 occasionem
3491 5264 3657 5319 dero-

2071 5366 2235 5438 gandi
2273 5362 2670 5420 existimationi
2718 5358 3043 5424 Andronici,
3075 5355 3423 5411 teStilicando
3454 5369 3513 5410 se
3562 5354 3656 5408 in-

2072 5461 2272 5515 feriora
2299 5458 2367 5512 iis
2396 5472 2538 5528 quae,
2567 5454 2727 5524 juxta
2758 5453 2824 5507 de
2856 5452 2949 5505 illo
2982 5449 3173 5520 procul
3217 5446 3423 5512 audita,
3456 5460 3654 5515 spera-

2075 5559 2251 5615 verat,
2284 5554 2560 5604 admotum
2594 5547 2646 5601 in
2695 5547 3046 5616 praesentiam
3092 5542 3384 5611 reperisse,
3425 5553 3658 5609 prarser-

2077 5645 2174 5699 tim
2216 5658 2342 5696 cum
2378 5642 2520 5695 idem
2553 5640 2834 5711 prtecipuo
2876 5637 3170 5692 instinctus
3198 5649 3327 5705 erga
3359 5634 3655 5703 imperato-

2078 5746 2195 5787 rem
2232 5732 2417 5787 studio
2455 5730 2702 5794 accedat,
2738 5739 2960 5797 paratus
2997 5735 3173 5780 totum
3222 5740 3281 5780 se
3337 5722 3653 5794 impendere

2080 5825 2135 5880 in
2170 5827 2287 5897 ejus
2319 5824 2605 5895 obsequia,
2638 5838 2864 5895 remque
2901 5819 3114 5892 imperii
3149 5817 3423 5890 publicam
3461 5828 3649 5880 manu,
