4024 6400
377 370 484 436 5Τῖ3

1302 379 1402 440 DE
1446 377 1894 440 ANDRONICO
1931 371 2399 436 PAL.‘EOLOGO
2421 370 2569 430 LIB.
2613 367 2716 431 VI.

3532 356 3645 420 534¹

374 510 490 562 χεν,
527 494 808 561 ἐρωτήσας
848 495 1011 562 μόνον
1034 495 1127 548 καὶ
1156 495 1344 564 μαθὼν
1385 497 1534 559 ὄπως
1567 499 1660 548 καὶ
1687 493 1852 556 αὐτὸς
1884 493 1961 562 μὴ
1993 498 2036 550 Α
2065 485 2340 552 δέξασθαι.
2377 484 2512 539 ἀλλὰ
2550 484 2715 552 μέχρι
2763 478 2854 532 καὶ
2881 475 3068 548 χιλίων
3105 475 3202 546 μὲν
3246 474 3446 536 πεζῶν.
3476 475 3644 564 ἶπτιος

376 585 740 656 προσκληθεὶς
801 587 1189 657 παραγένοιτο,
1228 587 1302 650 ὡς
1353 589 1496 642 κατὰ
1548 591 1740 658 φήμην
1797 585 1958 655 δῆθεν

374 680 474 747 τῆς
506 677 792 748 βασιλικῆς
817 679 1104 750 εὐμενείας
1131 682 1228 736 καὶ
1259 674 1335 735 ὧν
1362 682 1523 744 αὐτὸς
1555 681 1957 752 προσχωρήσας

376 763 541 838 εὗρε·
568 769 636 822 τὰ
661 772 717 823 δὲ
760 771 868 825 τῶν
909 773 1324 842 ἀπαιτουμένων
1380 773 1754 844 μισθωμάτων
1794 771 1957 826 αὐτὸν

377 862 473 916 καὶ
504 862 623 916 λίαν
652 863 851 918 ὠδύνα.

375 1003 438 1050 ε’.
468 1000 808 1069 Δημηγοριά
857 1005 1009 1071 πρὸς
1056 1005 1441 1071 Κατελιὶνους
1485 1003 1592 1058 τοῦ
1621 1003 1954 1069 βασιλέως.

453 1133 532 1206 [Ρ.
564 1135 693 1208 553]
727 1138 889 1191 Ὅθεν
941 1140 1032 1192 καὶ
1082 1142 1180 1209 μιᾷ
1211 1141 1318 1192 τῶν
1364 1141 1611 1210 ἡμερῶν,
1665 1141 1956 1210 πρόσωπον

375 1226 690 1294 ἐμφανίσας
743 1231 1048 1300 βαρύτητος
1101 1233 1178 1300 τῷ
1231 1232 1451 1302 μεγάλῳ
1500 1231 1654 1284 δουκὶ
1705 1231 1781 1284 ὡς
1822 1233 1956 1284 τόσα

376 1317 517 1383 ὑπὲρ
550 1320 659 1372 τῶν
694 1322 860 1374 αὑτοῦ
919 1325 1260 1384 ἀπαιτοῦντι,
1296 1353 1356 1364 -—
1390 1326 1498 1378 εἰσὶ
1529 1324 1574 1376 δ’
1623 1324 1672 1376 οἳ
1704 1324 1955 1389 λέγουσιν

375 1412 460 1464 ὅτι
495 1413 598 1466 κᾶν
627 1413 787 1476 αὐτὸς
819 1416 1051 1468 ὑπέθετο
1075 1415 1218 1468 οὕτω
1247 1416 1337 1469 τὸν
1380 1416 1605 1485 βασιλέα
1635 1417 1761 1484 περὶ
1793 1415 1955 1468 αὐτὸν

375 1504 632 1572 φανῆναι,
667 1505 733 1558 ἶν’
761 1505 876 1574 ἅμα
907 1507 1008 1574 μὲν
1037 1507 1201 1568 αὐτὸς
1233 1508 1325 1558 ἐπὶ
1345 1506 1595 1560 τοσοῦτον
1617 1506 1758 1572 δόξοι
1784 1506 1955 1558 ποιῶν

375 1593 516 1662 ὑπὲρ
549 1593 754 1646 τούτων
804 1597 892 1663 ἐφ’
923 1597 1048 1648 ὅσον
1085 1596 1175 1648 καὶ
1207 1595 1494 1664 βασιλικὴν
1538 1594 1826 1660 εὐμένειαν
1859 1593 1954 1646 καὶ

375 1685 439 1736 τδ
461 1685 569 1737 τῶν
598 1685 768 1754 φίλων
800 1687 1081 1758 συμφέρον
1129 1686 1460 1758 ἀρνούμενος
1495 1681 1580 1758 ἦν.
1620 1687 1882 1748 Βασιλεὺς
1910 1685 1955 1738 δ’

377 1775 534 1840 αὖθις
563 1779 749 1842 αὐτοῖς
782 1780 1072 1850 προτείνας
1108 1780 1250 1833 κατὰ
1295 1779 1586 1850 πρόσωπον
1619 1783 1717 1842 τὰς
1748 1780 1953 1833 δικαιο-

374 1867 582 1937 λογίας,
610 1872 969 1942 παραστήσας
990 1872 1070 1924 ὃτι
1096 1871 1381 1934 πλείστους
1405 1873 1671 1936 ἐκείνους,
1706 1872 1800 1924 καὶ
1825 1873 1951 1934 τοὺς

373 1963 474 2030 τῆς
492 1963 796 2032 συγκλήτου
823 1963 1109 2034 ἑτέρωθεν,
1140 1963 1361 2032 μακρὰν
1394 1965 1487 2016 καὶ
1514 1963 1799 2030 διωλύγιον
1816 1980 1952 2017 κατ⁸

375 2052 547 2105 έτεινε
601 2056 702 2124 τὴν
744 2055 1110 2126 δημηγορίαν,
1166 2055 1340 2122 λέγων
1393 2057 1530 2126 πρὸς
1582 2055 1952 2117 Κατελάνους,

376 2144 437 2206 ἐς
493 2145 562 2199 τὰ
613 2146 784 2199 πολλὰ
837 2146 1152 2215 ἐξεπίτηδες
1186 2148 1281 2199 καὶ
1333 2146 1427 2200 τού
1481 2146 1722 2213 μεγάλῢδδ
1761 2146 1952 2208 δουκὸς

376 2236 845 2305 προσαπτόμενος.
890 2237 1043 2306 Μηδὲ
1082 2237 1191 2308 γὰρ
1237 2238 1426 2299 τόσους
1467 2236 1564 2308 τὴν
1613 2235 1787 2308 ἀρχὴν
1824 2235 1955 2306 μήτ’

375 2323 608 2390 ἐκείνοις
651 2326 894 2396 δηλῶσαι
941 2329 1223 2398 γράφοντα
1274 2329 1398 2399 μήτ’
1429 2329 1592 2382 αὑτὸν
1622 2329 1956 2383 κατανεῦσαι

376 2513 641 2573 quantum
666 2505 846 2574 .valet,
873 2515 926 2562 et
950 2507 1180 2564 consilio
1223 2507 1456 2578 juvare;
1485 2507 1628 2577 quod
1659 2514 1718 2563 ut
1767 2506 1957 2562 efﬁca-

377 2596 501 2652 cius
545 2607 602 2651 et
649 2599 1002 2654 constantius
1051 2611 1196 2670 agat,
1230 2617 1260 2655 e
1299 2617 1359 2657 re
1408 2601 1584 2656 videri
1630 2615 1958 2671 promovere

380 2699 680 2746 merentem
730 2692 874 2748 inter
904 2695 1042 2748 aula:
1081 2709 1340 2764 proceres
1375 2703 1430 2752 et
1462 2697 1515 2750 in
1570 2711 1804 2751 numero
1841 2709 1959 2749 ma-

376 2789 604 2850 gnatum
638 2785 887 2855 Augusto
918 2787 1294 2842 assistentium
1330 2789 1552 2842 habere.
1587 2789 1753 2853 Quin,
1793 2787 1959 2842 addc-

378 2873 494 2935 bat,
544 2877 591 2929 si
658 2875 852 2931 audire
903 2891 968 2931 ac
1008 2877 1111 2932 sibi
1148 2879 1374 2932 credere
1421 2880 1761 2948 inopinatam
1795 2879 1956 2943 forte,

376 2975 634 3022 cit-terum
702 2983 882 3022 veram
938 2985 1053 3023 rem
1105 2971 1408 3039 imperator
1457 2987 1566 3024 non
1608 2981 1958 3042 gravaretur,

377 3060 526 3114 ultro
560 3075 620 3114 se
647 3075 748 3115 nec
783 3061 926 3115 falso
954 3063 1198 3132 proﬁteri
1252 3063 1559 3130 digniorem
1604 3065 1748 3118 haud
1796 3066 1958 3134 paulo

375 3169 500 3207 esse
534 3153 678 3208 hunc
711 3170 872 3222 quam
906 3156 1024 3222 ipse
1055 3157 1222 3212 fuerit
1257 3158 1465 3213 honore
1499 3173 1564 3212 ac
1597 3158 1761 3213 titulo
1797 3157 1958 3211 ducis
1985 3189 2028 3247 ο

379 3252 585 3318 magni,
617 3251 818 3321 quippe
845 3253 937 3320 qui
978 3252 1143 3323 longo
1173 3253 1460 3308 intervallo
1490 3254 1774 3309 nobilitate
1798 3266 1961 3322 gene-

376 3343 454 3396 ris
478 3341 646 3413 5.88
682 3343 785 3413 ipsi
819 3345 1176 3412 przecelleret.
1217 3345 1329 3399 llac
1370 3354 1477 3400 tam
1506 3357 1761 3400 accurata
1802 3359 1957 3398 com-

376 3435 726 3490 mendatione
757 3436 921 3491 modo
947 3437 1161 3506 appulsi
1188 3437 1364 3492 exteri
1398 3436 1542 3492 haud
1571 3437 1798 3490 multum
1839 3451 1956 3489 mo-

375 3528 489 3583 veri
527 3528 680 3582 visus
730 3528 1032 3599 imperator
1086 3529 1284 3599 frigido
1340 3543 1609 3600 responso
1660 3528 1958 3584 defunctus

375 3621 666 3690 neglectim
698 3630 784 3678 est
815 3639 829 3675 :
865 3629 1226 3692 percontatus
1256 3623 1402 3679 enim
1437 3625 1616 3680 solum
1661 3622 1856 3696 ecquid
1905 3631 1959 3676 et

371 3713 468 3770 hic
497 3715 707 3770 accitus
740 3715 1007 3780 venisset,
1044 3714 1138 3770 ubi
1189 3717 1458 3771 continuo
1506 3717 1721 3773 audivit
1761 3731 1957 3788 sponte

371 3807 528 3862 illum
559 3807 866 3863 accurrisse
920 3806 1066 3862 fama
1111 3815 1346 3863 tractum
1397 3808 1508 3864 late
1563 3824 1756 3879 sparsa
1795 3813 1959 3882 regia:

371 3898 720 3954 liberalitatis
758 3899 1086 3964 Andronici,
1135 3900 1296 3969 cujus
1337 3901 1390 3955 in
1424 3917 1526 3956 suo
1557 3903 1737 3959 amico
1785 3903 1958 3960 Ront-

371 3993 522 4048 zerio
574 4003 684 4047 tam
733 3994 1018 4064 splendida
1047 3995 1351 4065 specimina
1381 4005 1684 4062 exstarent,
1719 4001 1955 4056 ulterius

371 4085 648 4155 loquendo
683 4101 794 4140 non
837 4086 1064 4156 prodiit,
1108 4087 1250 4143 ictus
1285 4087 1538 4142 videlicet
1595 4087 1814 4158 penitus
1865 4090 1956 4144 illa

372 4179 622 4244 immani,
655 4193 817 4248 quam
865 4181 1116 4249 ingressu
1169 4179 1444 4235 sermonis
1487 4178 1815 4238 Routzerius
1863 4197 1957 4252 pc-

371 4281 625 4340 posccrat
647 4269 702 4324 in
735 4268 1066 4334 mercedem,
1089 4270 1210 4325 auri
1240 4285 1476 4325 summa.

618 4405 672 4460 5.
711 4403 898 4460 Oratio
923 4405 1264 4472 imperatoris
1299 4404 1370 4458 ad
1397 4404 1703 4460 Catelanos.

2061 578 2170 631 τῶν
2223 577 2281 630 δὲ
2337 575 2708 628 πεντακοσίων
2764 572 2860 624 καλ⁵
2909 569 3098 621 τοῦτον
3150 568 3238 620 τὸν
3268 565 3503 632 οὐλαμὸν
3547 561 3646 614 τοῦ

2062 667 2470 738 στρατεύματος
2503 663 2842 734 συμποσοῦν,
2883 663 2976 714 καὶ
3025 659 3187 713 αὑτὸν
3236 656 3507 710 ἀκούοντα
3541 671 3644 706 καη

2057 753 2307 807 τανεύειν
2337 751 2586 822 δέχεσθαι
2637 751 2958 820 (τεκμήριον
2989 748 3034 801 δ’
3087 744 3230 800 εἶναι
3273 746 3384 798 τῶν
3417 742 3644 813 εἰρημέ-

2057 863 2162 900 νων
2186 847 2283 900 Ital
2326 843 2394 898 τὰ
2432 843 2571 913 πρὸς
2605 844 2810 895 ἐκεῖνον
2864 838 3285 911 χρυσόὸουλλα),
3333 837 3396 889 οὐ
3449 834 3643 904 μὴν-δὲ

2055 938 2214 990 τόσον
2256 935 2644 1006 περιαθροῖσαι
2681 933 2887 1001 πλῆθος
2935 932 3030 984 καὶ
3078 931 3347 996 ἐνεγκεῖν.
3394 929 3546 980 Ἐπεὶ
3595 925 3642 978 δ’

2055 1028 2294 1096 ἐνέγκοι,
2351 1026 2530 1080 πείθει
2562 1025 2816 1096 δέχεσθαι
2866 1022 3004 1093 πρὸς
3053 1022 3246 1091 καιρὸν
3282 1022 3368 1087 ἐφ’
3397 1018 3641 1089 ὡρισμέ-

2055 1135 2164 1180 νοις
2189 1118 2606 1187 φιλοτιμήμασι.
2631 1115 2742 1169 Καὶ
2766 1114 2857 1168 διὰ
2877 1112 3048 1167 ταῦτα
3073 1113 3234 1164 αὐτόν
3255 1112 3301 1163 θ’
3329 1109 3644 1163 ὑπακοῦσαι

2057 1208 2393 1274 ἁπαξαπλῶς
2413 1208 2624 1271 πάντας
2651 1208 2907 1275 ἀγάλλειν
2933 1207 3044 1268 τοῖς
3067 1203 3260 1275 δώροις
3286 1205 3378 1256 καὶ
3408 1205 3520 1266 τοῖς
3550 1221 3642 1270 μι-

2057 1302 2223 1361 σθοῖς.
2275 1299 2418 1371 Πλὴν
2455 1299 2654 1352 ταυτὸν
2703 1298 2802 1368 μὲν
2839 1298 2975 1368 πρὸς
3021 1299 3230 1350 ἐκεῖνον
3271 1296 3472 1348 διδόναι
3513 1294 3640 1354 τοὺς

2055 1392 2396 1461 ἀποδέσμους
2436 1391 2546 1443 τῶν
2593 1391 2892 1461 χρημάτων
2943 1388 3530 1458 ἀπολυπραγμονήτως
3560 1386 3642 1438 δι-

2056 1483 2268 1548 καιοῦν,
2303 1483 2378 1546 ὡς
2411 1483 2654 1545 ἐκείνους
2703 1484 2796 1535 καὶ
2822 1482 2920 1552 τὴν
2969 1483 3145 1552 ἀρχὴν
3177 1481 3400 1548 ἄγοντα,
3432 1482 3642 1532 ἐκεῖνον

2056 1577 2112 1629 δὲ
2148 1576 2428 1644 διανεμεῖν
2473 1569 2636 1641 ᾧτινι.
2676 1574 2820 1626 θέλοι
2862 1575 2955 1626 καὶ
2984 1574 3058 1634 ὦς
3103 1591 3165 1641 γε
3195 1573 3457 1642 βούλοιτο.
3503 1570 3658 1625 Ἀλλ’·

2055 1666 2166 1719 οὐδ’
2197 1666 2355 1719 ἄλλον
2393 1664 2524 1734 παρ’
2552 1665 2718 1716 αὑτὸν
2758 1664 2976 1717 τάττειν
3010 1664 3100 1715 τὸν
3132 1665 3375 1724 ἐκείνους
3421 1664 3642 1729 ἄξοντα,

2056 1757 2148 1809 τὸν
2181 1757 2238 1810 δὲ
2271 1755 2370 1827 τὴν
2400 1755 2576 1826 ἀρχὴν
2621 1755 2911 1823 ἀγόμενον.
2947 1755 3057 1807 Καὶ
3113 1755 3172 1806 τὸ
3225 1756 3420 1815 αἴτιον,
3453 1755 3640 1823 φησιν,

1987 1847 2025 1905 Β
2058 1849 2144 1901 ἵνα
2171 1848 2252 1918 τῷ
2297 1848 2520 1917 συνήθει
2547 1847 2642 1900 καὶ
2675 1848 2816 1918 φίλῳ
2852 1846 3200 1916 δουλούμενοι
3243 1848 3457 1918 ἐνεργοὶ
3520 1847 3646 1915 μετ’

2053 1939 2310 2006 εὐταξίας
2357 1941 2612 2010 ἀγόμενοι
2660 1935 2790 1993 εἷεν.
2834 1939 2976 1991 Ἀλλ’
3007 1938 3081 2002 ὡς
3117 1940 3291 1991 τόσων
3325 1941 3418 1992 καὶ
3467 1939 3642 1992 τόσων

2054 2035 2356 2105 χρημάτων
2387 2035 2736 2104 ἐκενώθησαν
2767 2033 3056 2105 θησαυροὶ,
3087 2034 3136 2086 τί
3168 2033 3226 2087 τὸ
3259 2035 3479 2102 γεγονὸς
3509 2040 3661 2102 παρ’·

2052 2128 2300 2190 ἐκείνων,
2349 2126 2672 2197 βαλλόμενος
2721 2126 3004 2196 ἐντρέπειν
3051 2125 3263 2196 ὴρώτα,
3312 2125 3408 2178 καὶ
3435 2124 3515 2188 τίς
3549 2128 3648 2180 ἐπὶ

2053 2218 2267 2283 τούτοις
2311 2218 2650 2281 ἁντέκτισις,
2684 2217 3163 2288 διαχειμασάντων
3224 2217 3323 2286 μὲν
3359 2218 3499 2270 κατὰ
3533 2217 3653 2270 Κύα-

2056 2311 2208 2377 ζικον
2241 2311 2336 2366 καὶ
2369 2311 2447 2384 μὴ
2492 2311 2576 2365 ὅτι
2612 2327 2677 2381 γε
2716 2309 2883 2381 μηδὲν
2931 2309 3042 2364 τῶν
3093 2310 3358 2382 ὀνηῖστων
3403 2309 3648 2380 πραξάν-

2059 2493 2210 2570 gius,
2263 2491 2603 2564 densarique
2663 2493 2938 2564 plurimos
2997 2493 3150 2549 velut
3195 2493 3250 2549 in
3300 2493 3652 2550 eoneionenn

2057 2595 2364 2656 senatuque
2415 2603 2485 2640 ex
2541 2587 2776 2642 adverso
2822 2587 3122 2654 collocato,
3169 2603 3305 2644 sane
3365 2589 3667 2659 prolixam--

2058 2678 2364 2734 orationem
2418 2679 2598 2735 otiose
2643 2680 2711 2736 ad
2763 2682 2926 2735 linem
2999 2698 3176 2752 usque
3226 2682 3524 2751 pertexuit,
3577 2684 3648 2735 ad

2063 2771 2218 2840 ipsos
2268 2771 2538 2827 directam
2575 2773 2896 2840 Catelanos,
2929 2775 3262 2846 plerumque
3292 2775 3516 2830 interim
3574 2776 3664 2830 dev

2060 2861 2328 2917 industria
2401 2877 2660 2934 magnum
2714 2865 2894 2934 ipsum
2982 2865 3358 2935 perstringens
3421 2867 3640 2921 ducem.
3721 2882 3731 2890 ·

2063 2953 2352 3010 Sententia
2379 2955 2642 3010 dictionis
2678 2957 2782 3010 fuit
2815 2956 3242 3028 haudquaquam
3275 2972 3334 3012 se
3373 2971 3402 3010 a
3438 2958 3647 3026 princi-

2063 3048 2152 3117 pio
2191 3059 2402 3103 tantum
2457 3049 2806 3104 auxiliarium
2835 3066 3123 3106 numerum
3173 3060 3416 3119 optasse,
3467 3067 3658 3119 neque-

2063 3141 2207 3195 ultro
2249 3143 2512 3212 appulsos
2557 3144 2764 3211 scripto
2797 3152 2892 3197 aut
2937 3152 3074 3199 nutu
3139 3145 3484 3216 signiﬁcasse
3542 3146 3646 3199 ad-

2070 3235 2285 3290 mittere
2339 3249 2397 3288 se
2426 3243 2592 3305 atque
2626 3237 2678 3288 in
2713 3237 3178 3291 auctorandorum
3224 3254 3252 3290 a
3319 3254 3379 3292 se
3409 3238 3652 3292 militum

2066 3341 2236 3380 censu
2275 3326 2501 3382 habere.
2537 3327 2840 3382 indicatum
2873 3329 2978 3383 sibi
3031 3329 3164 3382 olim
3220 3329 3289 3384 de
3321 3329 3653 3396 ltontaerio,

2067 3420 2245 3488 ipsum
2281 3419 2427 3475 mille
2453 3421 2752 3475 admodum
2786 3421 3086 3491 peditibus,
3139 3423 3458 3494 quingentis
3482 3424 3647 3493 equi-

2065 3512 2213 3567 tibus
2239 3527 2472 3582 praaesse
2504 3530 2517 3566 :
2552 3513 2675 3578 hos,
2706 3530 2806 3568 nec
2856 3515 3066 3584 plures,
3116 3524 3175 3570 ut
3200 3515 3306 3570 sibi
3367 3519 3652 3585 suppetias

2065 3602 2364 3659 adduceret
2393 3605 2765 3659 consensisse.
2802 3605 2978 3671 Quam
3015 3605 3070 3660 id
3101 3622 3290 3661 verum
3327 3607 3420 3671 sit,
3454 3607 3648 3662 hodie-

2065 3711 2170 3765 que
2204 3700 2354 3752 ccrni
2409 3713 2568 3766 posse
2613 3697 2780 3769 487
2833 3698 2888 3752 in
2921 3699 3219 3768 diplomate
3265 3715 3433 3755 aurea
3498 3701 3651 3756 bulia

2064 3790 2302 3854 munito,
2333 3805 2444 3860 quo
2466 3791 2619 3844 illum
2646 3799 2956 3854 evocasset,
2987 3807 3098 3863 quo
3120 3793 3167 3848 is
3192 3793 3422 3863 praecise
3455 3809 3648 3846 nume-

2066 3896 2160 3937 rus
2189 3891 2541 3937 emeatornm
2572 3883 2638 3936 ad
2685 3897 2744 3938 se
2774 3883 3008 3938 militum
3055 3885 3409 3954 exprimitur.
3459 3885 3648 3954 Itaque

2065 3977 2167 4032 hoc
2213 3976 2450 4046 primum
2494 3977 2710 4046 iniussu
2745 3985 2802 4032 et
2864 3987 3071 4033 temere
3114 3977 3342 4041 factum,
3387 3988 3444 4031 ut
3491 3988 3654 4032 tanto-

2064 4069 2253 4138 plures
2301 4067 2732 4122 adducerentur.
2767 4067 2974 4122 Tamen
3007 4070 3099 4123 ubi
3122 4067 3234 4136 jam
3273 4069 3362 4124 isti
3389 4069 3640 4130 adfuere,

2065 4176 2134 4213 ne
2169 4159 2330 4229 plane
2383 4161 2601 4215 irritum
2664 4159 2771 4215 illis
2799 4169 2964 4215 tanta:
2998 4163 3095 4215 vim
3132 4161 3371 4215 laborem
3413 4162 3638 4222 faceret,

2066 4253 2300 4321 benigne
2353 4253 2614 4308 annuisse
2639 4262 2698 4306 ut
2733 4261 2946 4308 tantum
3000 4253 3068 4306 ad
3103 4263 3322 4322 tempus
3379 4253 3644 4309 admitte-

2065 4357 2278 4408 rentur,
2331 4345 2572 4401 deﬁnitis
2635 4345 2879 4400 contenti
2938 4347 3235 4400 donativis.
3286 4344 3528 4402 Ulterius
3583 4361 3676 4400 se

2063 4439 2265 4494 deinde
2307 4447 2489 4493 tamen
2523 4454 2690 4509 quam
2719 4439 3007 4509 professus
3057 4439 3258 4503 fuerat,
3303 4439 3647 4508 iniltdgendo

445 4543 604 4599 Unde
653 4515 708 4597 et
745 4541 980 4611 quadam
1029 4541 1116 4595 die
1162 4555 1382 4610 gravem
1432 4540 1720 4595 obvertens
1763 4554 1958 4610 magno
1992 4549 2036 4605 ε)
2061 4541 2118 4587 et
2151 4532 2430 4600 largiendo
2481 4531 2818 4600 processisse
2849 4547 2865 4584 :
2901 4530 3120 4585 nemine
3157 4537 3360 4600 quippe
3396 4533 3639 4594 illorum,

374 4634 500 4686 dnci
559 4632 796 4693 vultum,
849 4630 1006 4699 quasi
1053 4630 1300 4686 offensus
1358 4629 1501 4696 quod
1556 4629 1675 4684 suis
1739 4637 1954 4683 tantum

376 4724 626 4794 pecoriia:
677 4725 946 4794 ﬂagitaret
994 4722 1149 4793 (sunt.
1187 4723 1278 4791 qui
1311 4722 1500 4775 dicant
1543 4737 1606 4775 ex
1644 4722 1956 4791 composito

377 4817 491 4870 haec
527 4827 648 4870 acta
682 4824 737 4870 et
767 4815 1040 4869 volentem
1071 4814 1424 4870 llontzerium
1458 4817 1560 4870 hoc
1593 4816 1795 4887 frigore
1833 4832 1958 4885 per-

375 4925 602 4964 cussum
644 4909 711 4962 ab
736 4908 1017 4976 Augusto;
1053 4923 1161 4978 quo
1187 4907 1267 4963 sic
1298 4907 1551 4963 videlicet
1585 4908 1693 4962 dux
1727 4925 1959 4978 magnus

377 5001 515 5066 suis,
550 4999 641 5067 qui
681 5008 812 5053 tunc
856 5008 1154 5068 praesentes
1194 5000 1442 5062 aderant,
1473 5013 1594 5054 sese
1629 5015 1735 5053 non
1773 5000 1955 5054 solum

375 5096 634 5158 purgaret
671 5102 699 5142 a
734 5086 1054 5158 suspicione
1089 5089 1458 5158 perfunctorie
1493 5092 1828 5159 procurandi
1869 5107 1958 5148 res

377 5183 648 5253 ipsorum,
681 5182 776 5237 sed
811 5181 978 5237 etiam
1011 5183 1442 5244 commendaret,
1473 5185 1631 5251 quasi
1663 5185 1757 5252 qui
1805 5195 1958 5240 tanto

378 5275 560 5329 studio
602 5272 796 5327 amicis
833 5274 1168 5335 consuleret,
1210 5283 1269 5329 ut
1322 5275 1624 5343 periculum
1659 5276 1750 5330 tali
1788 5293 1956 5333 causa

375 5367 664 5422 excidendi
731 5366 961 5437 Augusti
998 5368 1172 5436 gratia
1214 5367 1402 5422 subire
1458 5383 1566 5421 non
1632 5367 1956 5437 dubitaret),

377 5460 586 5524 nubila,
619 5462 840 5528 inquam
865 5500 880 5525 ,
909 5458 1088 5512 fronte
1129 5458 1470 5528 infensisque
1514 5469 1714 5527 praeter.
1749 5476 1954 5516 morem

375 5552 556 5606 oculis
589 5565 846 5619 magnum
881 5549 1078 5603 ducem
1117 5551 1234 5605 suis
1276 5550 1540 5620 stipatum
1568 5551 1844 5605 Catelanis
1875 5551 1959 5604 in-

377 5653 564 5706 tuens,
590 5642 675 5696 sui
708 5641 975 5696 adversus
1008 5657 1102 5697 eos
1139 5641 1516 5698 defensionem
1566 5659 1806 5713 praesens
1840 5643 1959 5712 ipse

379 5743 760 5798 peroraturus,
814 5741 870 5785 nt
922 5731 970 5784 ei
1025 5731 1363 5788 audientiam
1424 5733 1650 5798 faceret,
1708 5742 1850 5787 nutu.
1897 5748 1956 5787 se

376 5821 667 5876 admovere
693 5821 862 5892 jussit
908 5832 1177 5892 quotquot
1214 5839 1309 5896 per
1355 5826 1536 5882 aulam
1573 5826 1802 5881 aberant
1829 5825 1952 5880 lon-

2058 4625 2236 4692 Spatio
2290 4625 2426 4678 tanti
2459 4624 2572 4693 jam
2631 4623 2917 4692 temporis,
2969 4622 3224 4687 dimisso,
3277 4624 3640 4692 plenamque

2055 4717 2274 4771 cunctis
2306 4718 2582 4771 numerari
2611 4701 2886 4785 stipendza
2918 4731 3170 4772 curasse.
3205 4717 3420 4782 Quanta
3457 4717 3561 4771 ﬁde
3585 4717 3638 4770 id
3674 4733 3678 4738 ·

2059 4809 2224 4864 fuerit
2254 4825 2283 4863 a
2324 4826 2384 4864 se
2415 4809 2742 4878 praestitum,
2771 4809 2912 4864 scire
2951 4811 3159 4878 optime
3221 4811 3470 4862 omnium
3535 4810 3638 4862 du~

2057 4918 2176 4956 cem
2209 4917 2490 4973 magnum,
2533 4904 2622 4956 cui
2652 4903 2826 4969 plenis
2857 4901 3035 4956 saccis
3073 4915 3218 4968 saepe
3251 4901 3505 4970 ingentes
3539 4919 3638 4954 neu

2057 4996 2278 5048 curiose
2337 5005 2432 5048 aut
2492 4995 2704 5048 minute
2753 5003 3072 5049 numeratos
3133 4993 3254 5046 auri
3316 4995 3659 5064 argentique.

2057 5089 2256 5157 signati
2315 5103 2559 5143 summas
2613 5087 2974 5152 commiserit,
3014 5087 3119 5142 ﬁde
3148 5103 3400 5157 curaque
3462 5089 3641 5156 ipsius

2059 5181 2392 5236 dividendas
2417 5182 2556 5243 suis,
2613 5195 2676 5234 ea
2708 5183 3066 5250 proportione
3095 5196 3286 5251 quam,
3319 5181 3415 5252 qui
3447 5193 3642 5236 nosset

2061 5283 2292 5329 cunctos
2326 5273 2533 5342 optime
2567 5274 2768 5343 cuique
2796 5289 2987 5328 omnes
3027 5276 3188 5328 unice
3241 5273 3492 5340 fnlerent,
3527 5288 3645 5327 me-

2060 5365 2182 5418 ritis
2231 5363 2536 5430 usibusque
2566 5363 2916 5433 singulormn
2979 5380 3192 5434 mquam
3249 5363 3638 5418 accommoda-

2061 5466 2283 5519 tanique
2313 5457 2639 5525 judicasset.
2697 5457 2790 5512 Sic
2819 5472 2878 5513 se
2910 5458 3212 5528 gratiﬁcari
3251 5457 3504 5524 utrisque
3555 5470 3646 5507 ar-

2061 5551 2363 5616 bitratum,
2418 5560 2757 5620 temperasse
2814 5552 2884 5606 ab
2926 5552 3048 5605 alio.
3106 5552 3243 5620 ipsis
3286 5547 3642 5618 praeﬁciendo

2059 5647 2144 5700 vel
2203 5645 2342 5699 duce
2401 5644 2484 5699 vel
2530 5653 2838 5714 qttzestore,
2900 5655 2956 5698 ut
3003 5645 3072 5698 ab
3111 5645 3300 5698 eodem
3354 5642 3441 5695 cui
3506 5639 3649 5694 olim

2066 5749 2414 5794 sacramento
2437 5737 2710 5800 dixerant,
2738 5737 3010 5806 cujusque
3038 5735 3239 5790 dudum
3269 5734 3515 5804 imperiis
3551 5734 3640 5787 in-

2065 5830 2395 5898 suevisscttt,
2422 5831 2506 5887 vel
2526 5829 3109 5898 descriptacommodc
3143 5828 3460 5883 militarium
3487 5825 3654 5883 labo-
