4024 6414
370 355 476 419 535

1564 371 1886 434 GEORGII
1929 372 2412 440 PACHYMEB/E

3526 381 3630 448 536

367 484 502 563 των.
551 468 688 563 ἀλλα
728 471 834 523 καὶ
883 471 989 525 τῶν
1047 473 1169 528 λίαν
1228 476 1615 547 λυμαντικῶν;
1650 483 1731 537 Τὰ
1785 484 1830 538 δ’
1861 483 1948 552 ἐφ’
1977 489 2023 544 Α
2051 493 2356 560 νοτροφεῖν.
2405 489 2799 563 Ἀποχρώντως
2833 490 2891 544 δὲ
2925 490 3019 544 καὶ
3045 489 3081 546 ἃ
3130 490 3488 562 κερτομηθεϊς
3513 493 3633 545 δια-

370 560 577 630 ἑκάστῃ
613 562 762 615 πόλει
817 563 914 616 καὶ
939 564 1094 638 χώρᾳ
1139 569 1453 638 πραχθέντα
1489 573 1786 641 μετέπειτα
1820 575 1946 640 τοὺς

372 651 645 714 παθόντας
676 655 874 718 αὐτοὺς
909 657 1202 727 Στέντορος
1236 659 1392 728 δίκην
1421 661 1566 725 οἴους
1599 663 1646 716 τ’
1682 661 1818 718 εῖναι
1851 666 1947 736 δη-

369 743 515 799 λοῦν.
547 747 620 799 Τὸ
645 747 700 800 δὲ
727 749 820 801 καὶ
847 749 1170 818 Μαγνησίαν
1204 752 1512 820 πολιορκεῖν
1534 757 1624 808 καὶ
1654 759 1765 819 τοῖς
1799 757 1950 821 ἰδίοις

370 836 540 888 αὐτοῦ
573 841 860 908 περιιστᾷν
892 839 978 910 [Ρ.
1014 841 1139 913 559]
1171 841 1413 897 κίνδυνον
1446 847 1538 899 καὶ
1571 848 1664 901 ὲπὶ
1694 849 1948 902 τοσοῦτον

370 928 565 996 χρόνον
617 931 708 982 τὶν
742 933 850 984 τῶν
891 933 1182 1002 Ῥωμαίων
1234 936 1587 1006 κατατρίϐειν
1637 938 1785 1005 λαὸν,
1831 939 1949 1001 πῶς

371 1021 436 1072 ἂν
472 1023 604 1091 ἡμῖν
637 1024 666 1092 ἦ
699 1025 862 1088 αὐτὸς
907 1027 938 1096 ἢ
972 1028 1169 1082 ἐκεῖνοι
1216 1030 1453 1099 εὐλόγως
1507 1033 1971 1101 ὁιπολογίσαιντο,¹

371 1115 576 1182 ἔλεγεν.
619 1117 714 1168 ’Ἐν
742 1113 887 1187 εἶχεν
935 1119 1162 1183 ἐκείνοις
1213 1129 1680 1194 προσμαρτυρεῖν,
1719 1129 1813 1180 καὶ
1846 1128 1948 1182 οὐκ

370 1209 780 1276 ἀπεκρύπτετο,
808 1211 868 1262 τὸ
903 1213 966 1280 τῇ
1001 1213 1358 1283 Φιλαδελφείᾳ
1393 1217 1456 1269 ὲκ
1485 1217 1803 1286 πολιορκίας
1834 1237 1950 1272 κιν-

367 1299 668 1370 δυνευούσῃ
719 1302 789 1354 τὰ
825 1302 1058 1369 μέγιστα
1095 1305 1184 1357 ἐπ’
1237 1305 1416 1372 ὀλίγον
1461 1307 1676 1376 ὠθῆσαι
1707 1310 1800 1362 τὸν
1831 1310 1948 1363 κίν-

369 1390 548 1443 δυνον.
595 1391 658 1443 Τί
690 1392 817 1457 δαί;
861 1393 1022 1446 Ἀλλὰ
1056 1397 1152 1447 καὶ
1182 1395 1340 1448 τοῦτο
1381 1398 1474 1448 καὶ
1507 1398 1667 1466 μόνον
1697 1399 1806 1451 τῶν
1851 1417 1945 1452 το-

371 1483 580 1534 σούτων
612 1475 751 1537 εἶναι
801 1485 1006 1552 μισθῶν
1038 1486 1309 1552 ἀντάξιον,
1346 1489 1548 1556 μᾶλλον
1597 1492 1694 1559 μὲν
1729 1490 1821 1544 οὖν
1853 1492 1948 1546 καὶ

367 1575 466 1639 τὴν
500 1574 592 1626 ἐπὶ
643 1577 754 1638 τοῖς
796 1576 1003 1640 λοιποῖς
1053 1578 1380 1648 ἀλαστορίαν
1424 1581 1608 1633 καὶτὸ
1651 1581 1745 1634 ὲπλ⁸
1775 1582 1948 1656 ταύτῃ

367 1667 722 1734 ἀφαιρεῖσθαι
777 1669 1130 1740 κατόρθωμα.
1175 1672 1290 1725 Νῦν
1345 1671 1402 1725 δὲ
1445 1672 1598 1735 ,ἀλλὰ
1640 1675 1734 1727 καὶ
1791 1672 1948 1737 αὖθις

367 1757 747 1827 ὲκλεξαμένων
786 1761 1016 1831 χρῄζειν
1053 1763 1285 1817 τοσῶνδε
1324 1765 1419 1818 καὶ
1449 1763 1525 1834 μὴ
1560 1765 1668 1818 τῶν
1704 1763 1942 1828 πάντων,

365 1849 438 1912 ὡς
466 1850 541 1918 μὴ
567 1850 686 1914 οἵας
715 1853 761 1905 τ’
790 1851 957 1923 οὔσης
985 1853 1086 1923 τῆς
1128 1855 1428 1926 Ῥωμαῖδος
1452 1831 1589 1920 τοὺς
1621 1857 1828 1920 πάντας
1861 1856 1947 1923 ξε·
1977 1831 2019 1887 Β

369 2049 490 2086 rum
525 2050 694 2103 pensa
725 2035 987 2092 libentius
1016 2037 1234 2093 obirent
1266 2038 1348 2093 vel
1383 2047 1771 2110 repraesentata
1811 2041 1949 2098 fide-

371 2124 478 2178 lius
514 2126 582 2178 ad
612 2125 755 2180 diem
814 2127 1130 2196 acciperent
1163 2129 1460 2198 stipendia.
1494 2128 1595 2185 llic
1624 2131 1736 2184 acri
1772 2131 1948 2186 Ront-

371 2216 579 2270 zerium
613 2219 810 2272 obtutu
851 2219 1046 2288 ﬁgens,
1077 2221 1232 2288 quasi
1261 2231 1318 2275 ut
1345 2223 1524 2290 ipsum
1574 2225 1785 2291 pudore
1809 2238 1946 2278 con—

373 2307 645 2372 funderet,
674 2310 1070 2380 interrogavit:
1111 2330 1128 2363 ι
1158 2311 1305 2367 Heus
1331 2322 1386 2367 tu
1411 2329 1510 2382 age
1533 2313 1642 2378 dic,
1667 2315 1945 2384 inquiens,

372 2401 501 2467 quid
544 2409 621 2454 tot
645 2417 708 2455 ac
745 2405 914 2457 tantis
951 2403 1142 2459 effusis
1199 2405 1252 2458 in
1290 2405 1447 2459 sinus
1481 2416 1698 2462 vestros
1724 2409 1946 2462 thesau-

374 2494 448 2546 ris
485 2495 818 2563 profecimus
846 2496 869 2547 ’ἒ
903 2498 1029 2565 quid
1084 2511 1184 2567 pro
1217 2498 1501 2553 exinanito
1531 2499 1765 2554 totiesin
1795 2501 1946 2556 lucra

372 2595 554 2641 vestra
599 2587 810 2658 imperii
849 2589 1045 2644 aerario
1106 2591 1263 2645 nobis
1300 2605 1478 2659 Operae
1535 2593 1693 2658 pretii
1746 2609 1946 2663 repen-

371 2679 528 2734 dislis
559 2681 580 2733 Ῥ
617 2679 957 2737 llibernastis
988 2682 1130 2753 apud
1154 2681 1447 2751 Cyzicum:
1478 2692 1531 2736 at
1559 2685 1667 2739 illic
1698 2687 1942 2755 quidem,

372 2787 478 2822 non
521 2769 697 2824 dicam
731 2771 866 2825 nihil
898 2772 1029 2827 utile
1063 2773 1377 2842 reipublicat
1404 2775 1526 2838 ,sed
1561 2775 1795 2844 plurima
1824 2792 1945 2830 ma-

373 2862 516 2915 xime
555 2862 715 2916 noxia
747 2863 982 2918 fecistis.
1023 2863 1153 2929 Quae
1192 2881 1320 2920 vero
1363 2866 1558 2921 deinde
1591 2867 1642 2920 in
1685 2869 1941 2938 singulis,

372 2962 467 3016 per
497 2963 636 3016 quas
665 2951 970 3017 transistis,
1001 2952 1055 3006 in
1093 2953 1294 3023 quibus
1343 2957 1534 3009 morati
1600 2957 1756 3021 estis,
1791 2960 1944 3012 urbi-

372 3041 474 3095 bus
503 3050 596 3094 aut
649 3043 968 3112 regionibus
1003 3045 1251 3114 egeritis,
1306 3045 1466 3101 facile
1499 3058 1680 3118 potest
1709 3052 1939 3122 intelligi

369 3150 436 3189 ex
483 3135 798 3206 planctibus
845 3139 1261 3194 lamentantium
1313 3155 1410 3195 sua
1470 3143 1668 3197 damna
1729 3145 1942 3199 incola-

372 3244 489 3282 rum
528 3244 544 3284 :
584 3228 869 3285 Stentorea
895 3231 1038 3285 enim
1075 3233 1305 3302 ideoque
1345 3235 1426 3289 vel
1459 3235 1779 3307 longissime
1812 3254 1938 3294 sen-

369 3321 516 3377 sibili
542 3322 611 3378 de
641 3322 725 3378 his
757 3338 892 3378 voce
917 3337 1353 3396 conqueruntur.
1375 3327 1716 3399 Oppugnatae
1745 3331 1944 3387 deinde

369 3418 577 3472 crimen
617 3415 930 3489 Magnesiae,
962 3420 1138 3488 signis
1163 3421 1446 3489 armisque
1478 3427 1682 3479 nostris
1715 3426 1768 3479 in
1807 3427 1942 3480 sub-

367 3509 606 3561 ditorum
645 3519 988 3577 nostrorum,
1021 3511 1127 3566 hoc
1176 3521 1260 3568 est
1290 3515 1342 3567 in
1374 3524 1563 3569 nostra
1595 3519 1841 3586 ipsorum
1889 3527 1943 3573 et

369 3601 687 3666 reipublicae
727 3601 966 3668 pericula
1019 3605 1329 3670 conversis,
1375 3608 1765 3676 exercitusque
1828 3609 1940 3664 Ro-

372 3691 541 3757 mani,
571 3691 742 3762 ass
790 3693 951 3762 cujus
995 3705 1115 3747 erat
1162 3696 1291 3750 alibi
1348 3697 1613 3752 adversus
1673 3699 1944 3754 Barbaros

370 3794 480 3836 tam
513 3784 848 3848 desiderata,
879 3792 988 3838 tam
1042 3787 1355 3840 necessaria
1404 3801 1593 3855 opera,
1643 3797 1848 3845 temere
1877 3805 1944 3846 ac

369 3876 640 3945 ﬂagitiose
673 3874 864 3931 tandiu
893 3877 946 3931 in
979 3876 1193 3932 civibus
1225 3878 1550 3935 obsidendis
1574 3883 1942 3953 vestrojussu

369 3983 432 4022 ac
467 3970 633 4023 ductu
667 3969 896 4032 detenti,
933 3985 1094 4039 quam
1145 3973 1494 4030 comminisci
1529 3990 1772 4044 unquam
1823 3976 1945 4033 ido-

369 4077 552 4127 neam,
587 4077 752 4132 quam
792 4063 1032 4132 allegare
1056 4064 1141 4119 vel
1172 4065 1510 4122 tolerabilem
1537 4069 1938 4138 defensionem,

369 4172 489 4226 age.
528 4155 833 4226 poteritis?
866 4154 1042 4213 Unius
1101 4158 1234 4213 recti
1283 4174 1346 4215 ac
1377 4161 1668 4218 laudabilis
1703 4162 1831 4218 facti
1867 4173 1944 4220 te-

368 4251 692 4305 stimonium
749 4250 904 4306 vobis
933 4252 1126 4318 debeo,
1152 4261 1206 4308 et
1261 4251 1624 4312 libentissime
1665 4258 1940 4326 persolvo.

368 4341 657 4409 Profiteor,
693 4343 938 4410 inquam,
983 4343 1126 4396 ultro
1153 4358 1217 4398 ac
1269 4353 1459 4413 gratus
1512 4347 1772 4415 pradico,
1843 4363 1945 4403 na-

367 4443 551 4489 vatam
609 4451 638 4487 a
675 4435 836 4489 vobis
878 4434 1114 4503 imperio
1161 4434 1380 4490 fortiter
1423 4451 1488 4491 ac
1530 4438 1762 4494 feliciter
1813 4455 1946 4508 ope-

371 4542 486 4582 ram
525 4529 578 4581 in
611 4526 986 4596 Philadelphia
1027 4543 1056 4582 a
1089 4527 1392 4584 barbaricae
1431 4531 1736 4589 obsidionis
1781 4535 1938 4589 malis
1975 4531 2020 4588 D

371 4621 622 4674 maximis
649 4619 1037 4689 'periculisque
1076 4620 1540 4688 liberanda.Quid
1593 4635 1702 4678 tum
1757 4634 1938 4682 autem

369 4723 559 4785 postea
587 4713 611 4766 ?
642 4728 710 4766 an
763 4728 1064 4767 successus
1126 4713 1215 4766 hic
1255 4715 1451 4771 unicus
1490 4724 1564 4770 tot
1609 4719 1935 4786 pcnsionum

372 4815 761 4875 tantarumque
807 4814 915 4858 tam
957 4807 1098 4877 longi
1137 4807 1406 4875 temporis
1463 4813 1772 4864 mercedum
1827 4811 1938 4864 fru-

371 4909 493 4955 ctus
527 4897 746 4954 abunde
773 4913 1002 4969 magnus
1035 4913 1333 4968 aequosque
1388 4901 1748 4956 censebitur?
1776 4917 1938 4970 quem

371 4992 686 5061 prasertim
721 4991 929 5046 inficiat
959 5006 1023 5045 ac
1061 5000 1382 5061 corrumpat
1408 4992 1628 5046 licentia
1656 5004 1710 5046 et
1737 4995 1942 5063 ubique

374 5085 507 5138 alibi
562 5094 615 5139 et
673 5084 725 5137 in
777 5100 839 5140 ca
873 5086 989 5154 ipsa
1043 5085 1181 5140 urbe
1249 5094 1510 5155 usurpata
1581 5089 1945 5156 rapacissime

376 5178 706 5248 grassandi;
740 5192 858 5247 quae
894 5186 1066 5232 totum
1115 5178 1363 5248 praeclari
1421 5194 1518 5249 per
1568 5195 1627 5234 se
1677 5180 1945 5236 facinoris

375 5269 612 5337 pretium
652 5282 717 5321 ac
752 5268 920 5322 decus
951 5271 1184 5321 obterat.
1227 5287 1244 5319 ι
1280 5269 1394 5322 Sub
1435 5285 1497 5323 ea
1531 5285 1797 5338 perorans
1838 5273 1944 5325 im-

376 5372 595 5429 perator
621 5360 792 5414 rediit
828 5360 893 5414 ad
927 5375 1039 5413 rem
1091 5360 1250 5414 initio
1287 5374 1650 5429 proposrtam,
1684 5380 1848 5434 cgere
1886 5382 1946 5421 se

375 5462 588 5508 tantum
627 5453 818 5507 dicens
852 5466 958 5506 non
988 5460 1104 5506 toto
1143 5451 1249 5506 isto
1282 5468 1511 5508 numero
1545 5456 1805 5522 militum,
1849 5458 1946 5512 sed

375 5547 524 5601 mille
573 5546 797 5601 circiter
825 5553 1030 5600 etanta
1068 5544 1420 5600 multitudine
1444 5547 1678 5606 delectis
1717 5568 1733 5608 :
1771 5569 1949 5622 neque

375 5640 520 5692 enim
577 5641 764 5709 plures
797 5653 892 5700 per
921 5640 999 5694 rei
1034 5638 1315 5702 Romanae,
1383 5655 1504 5709 quae
1543 5659 1689 5699 nunc
1737 5639 1946 5714 essent,

375 5733 658 5800 angustias
685 5732 755 5786 ali
787 5747 815 5787 a
837 5747 895 5787 se
917 5733 1240 5787 auxiliarios
1263 5740 1480 5788 exteros
1502 5750 1683 5803 posse.
1722 5739 1944 5796 Monere

377 5837 490 5876 rem
523 5825 696 5891 ipsam
733 5825 1002 5894 publicam
1034 5826 1143 5894 jam
1175 5841 1342 5898 prope
1376 5828 1644 5899 perditam
1673 5843 1724 5887 et
1751 5849 1948 5904 cogere

2053 582 2218 650 κενῆς
2270 581 2588 653 ὲξήντλησε.
2635 583 2807 637 Τοῦτο
2851 583 3054 651 γνῶναι
3113 582 3288 636 θέλειν
3335 585 3490 652 παρὰ
3518 584 3631 638 τῶν

2052 677 2366 730 ἀκουόντων
2389 676 2511 728 τότε
2541 677 2637 730 καὶ
2660 679 2786 740 τοὺς
2816 675 3030 740 ἄλλους,
3068 677 3118 730 οἳ
3143 676 3205 748 δὴ
3241 677 3334 729 καὶ
3357 678 3418 728 ού
3448 677 3632 746 παρῆ-

2054 785 2154 822 σαν
2181 785 2194 800 ο
2240 769 2398 822 τοῦτο
2435 768 2639 838 γνῶναι
2689 774 2783 822 καὶ
2824 769 2916 820 τὸν
2950 768 3156 821 τούτων
3203 769 3522 837 ὲξάρχοντα,
3553 768 3633 832 ὡς

2055 862 2186 932 μήθ’
2213 863 2390 932 ὑμεῖς,
2421 862 2607 930 φησὶν,
2639 862 2922 914 ἀπαιτοῖτε
2949 861 3016 914 τὰ
3045 862 3189 931 ὑπὲρ
3217 861 3471 930 δύναμιν,
3504 860 3632 931 μήτ’

2051 956 2258 1018 ἐκεῖνος
2293 952 2538 1023 ἐνοχλοίη
2565 952 2776 1021 τρύζων
2805 951 2945 1021 ὑπὲρ
2985 950 3161 1021 ὑμῶν.
3195 951 3381 1004 Ταῦτα
3405 953 3504 1019 μὲν
3534 951 3633 1004 καὶ

2050 1047 2121 1101 τὰ
2157 1046 2373 1110 τούτοις
2431 1046 2602 1098 πλείω
2637 1046 2890 1114 βασιλεὺς
2945 1043 3160 1108 ἔλεξεν·
3198 1044 3395 1095 ἐκεῖνοι
3441 1041 3499 1095 δὲ
3530 1060 3635 1111 μη-

2047 1141 2136 1194 δὲν
2177 1139 2391 1210 ἔχοντες
2438 1138 2763 1206 ἀντιλέγειν,
2809 1136 2968 1206 μόνον
3012 1137 3254 1206 κορύζης
3299 1134 3632 1202 πλησθέντες

2060 1233 2354 1302 Ἰταλικῆς,
2389 1231 2464 1294 ὡς
2506 1229 2666 1300 δῆθεν
2718 1229 3239 1302 παραλογισθέντες,
3288 1229 3510 1298 ἐπεῖχον
3551 1226 3633 1298 τῷ

2049 1325 2256 1393 ἄγοντι.

2052 1417 2127 1482 ς’.
2167 1415 2586 1488 "parram-3.1m
2612 1414 2766 1493 ατρὸς
2788 1414 3058 1493 ,βασιλέα
3092 1412 3243 1468 κατὰ
3271 1412 3634 1466 Κατελάνων

2563 1486 2685 1538 τῶν
2714 1486 3113 1539 Γεννουϊτῶν.

2119 1601 2206 1674 [Ρ.
2235 1600 2363 1672 540]
2409 1600 2496 1654 Ἑν
2526 1600 2763 1668 τοσούτῳ
2791 1598 2846 1651 δὲ
2874 1599 2967 1652 καὶ
2999 1599 3048 1650 οἱ
3093 1598 3235 1651 κατᾶ
3277 1597 3377 1666 τὴν
3402 1595 3634 1663 μεγαλό-

2050 1696 2203 1748 πολιν
2249 1693 2561 1749 Γεννονῖται
2623 1694 2796 1763 πέραν
2847 1693 2946 1756 τὰς
2989 1692 3232 1760 οἰκήσεις
3291 1688 3630 1757 ποιούμενοι,

2048 1789 2143 1841 καὶ
2171 1786 2325 1850 αὖθις
2347 1787 2592 1856 σχόντες,
2638 1785 2776 1856 πρὸς
2806 1785 2871 1836 τὸ
2899 1782 3313 1850 μεγαλειότερυν
3359 1777 3636 1832 ἐποικοδο-

2055 1881 2388 1952 μησάμενοι,
2424 1878 2564 1931 ὥστε
2605 1878 2695 1930 καὶ
2721 1876 2980 1943 πλείστην
3026 1874 3168 1942 ὑπὲρ
3218 1874 3319 1943 τὴν
3362 1873 3634 1941 προτέραν

2052 2073 2111 2118 ιιι
2160 2061 2356 2116 modus
2390 2060 2609 2116 tandem
2653 2057 2853 2128 aliquis
2880 2055 3208 2111 adhibeatur
3241 2053 3472 2108 inﬁnitis
3504 2052 3632 2106 inu-

2051 2157 2436 2224 tilissimisqtte
2459 2152 2721 2223 jacturis,
2751 2149 2955 2220 quibus
2991 2148 3101 2203 sint
3141 2149 3406 2201 hactenus
3433 2147 3630 2199 incon-

2051 2250 2358 2304 sultissime
2390 2248 2662 2303 universae
2693 2243 2907 2316 imperii
2946 2243 3119 2312 copiae
3141 2241 3406 2312 profusae.
3446 2241 3504 2294 In
3525 2240 3632 2294 hoc

2052 2352 2222 2398 testes
2258 2357 2319 2397 se
2355 2340 2636 2394 auditores
2664 2339 2756 2408 qui
2794 2352 2983 2393 coram
3021 2335 3282 2390 adessent
3313 2333 3472 2398 velle,
3505 2347 3631 2399 per-

2049 2451 2156 2508 que
2182 2437 2304 2490 hos'
2332 2435 2474 2489 idem
2522 2433 2758 2487 indicari
2787 2429 3110 2486 absentibus
3145 2434 3360 2497 optare,
3389 2426 3631 2494 denique

2050 2531 2216 2585 istum
2260 2541 2422 2596 quem
2460 2530 2830 2579 memorarent
2876 2537 3070 2576 recens
3093 2533 3217 2573 cum
3259 2533 3402 2572 novo
3428 2516 3629 2586 appul-

2049 2642 2169 2681 sum
2219 2626 2468 2678 exercitu
2518 2619 2737 2675 edoceri
2778 2619 2832 2672 et
2879 2617 3086 2671 diserte
3149 2610 3487 2667 commoneri
3561 2609 3630 2665 de

2050 2720 2154 2773 ista
2185 2717 2304 2786 ipsa
2346 2729 2444 2769 sua
2476 2714 2759 2768 voluntate
2782 2725 2844 2764 ac
2879 2708 2981 2762 fixa
3017 2707 3292 2762 sententia
3313 2719 3538 2772 cupere,
3567 2716 3629 2756 se

2050 2811 2233 2880 plures
2268 2807 2418 2861 mille
2446 2803 2802 2860 conductitiis
2834 2800 3105 2854 militibus
3143 2801 3196 2852 in
3223 2799 3470 2852 rationes
3523 2797 3630 2850 im-

2048 2901 2228 2974 putari
2267 2898 2516 2970 publicas
2566 2896 2730 2951 nolle.
2799 2894 3129 2947 Desinerent
3192 2907 3314 2948 sese
3377 2892 3627 2959 ingerere

2048 3010 2110 3048 ac
2147 2995 2293 3049 velut
2319 2993 2603 3047 inculcare
2643 3003 2806 3057 supra
2851 3003 3036 3053 usum,
3075 3003 3242 3056 supra
3287 3001 3420 3055 opes
3452 2984 3625 3039 facul-

2049 3097 2306 3155 talesque
2336 3093 2558 3138 nostras
2589 3080 2774 3136 caeteri
2802 3099 2816 3147 ;
2856 3081 3096 3150 bonique
3127 3079 3484 3133 consulerent
3520 3091 3626 3132 nos

1972 3169 2014 3226 Ο
2051 3196 2157 3234 non
2198 3179 2424 3249 prodire
2476 3176 2788 3247 pollicendo
2829 3174 2971 3227 ultra
3011 3175 3175 3241 quam
3218 3171 3272 3224 in
3331 3179 3628 3225 numerato

2046 3284 2140 3330 aut
2176 3289 2273 3344 spe
2327 3279 2478 3326 certa
2517 3285 2617 3324 nos
2668 3267 2872 3323 habere
2936 3268 3110 3321 simus
3159 3265 3348 3319 intime
3389 3262 3623 3318 conscii.

2052 3388 2070 3422 σ
2111 3366 2189 3422 Ne
2219 3366 2385 3436 igitur
2405 3373 2500 3419 aut
2526 3377 2626 3417 vos
2666 3381 2716 3423 ι,
2749 3360 2964 3416 addidit
2998 3371 3299 3429 praesentes
3329 3358 3628 3414 Catelanos

2047 3459 2288 3521 intuens,
2310 3475 2328 3507 ‹
2352 3454 2628 3524 exigatisa
2653 3453 2812 3508 nobis
2838 3451 2982 3521 quod
3011 3451 3144 3505 dare
3177 3465 3282 3503 non
3310 3464 3625 3519 possumus.

2048 3561 2142 3605 aut
2175 3549 2263 3604 ille
2305 3555 2489 3618 speret
2521 3549 2643 3616 quaé
2689 3547 2732 3602 si
2766 3546 3218 3615 promitteremus
3250 3544 3373 3598 fidei
3425 3550 3629 3598 nostra:

2050 3643 2564 3699 transcenderemus
2619 3641 2862 3695 modum.
2898 3638 3016 3693 Non
3063 3640 3185 3694 eum
3232 3638 3492 3692 fallimus.
3550 3636 3629 3692 De

2047 3737 2224 3798 re,’ut
2277 3744 2384 3796 est,
2423 3741 2637 3787 mature
2675 3731 3027 3801 ingenueque
3084 3744 3518 3800 praemonemus,
3555 3745 3627 3784 ne

2047 3805 2335 3896 deceptum
2378 3841 2438 3880 se
2469 3823 2663 3878 deinde
2703 3823 2857 3894 queri
2893 3823 3088 3892 possit,
3122 3830 3218 3877 aut
3282 3823 3409 3877 lites
3445 3824 3628 3877 inten-

2049 3928 2166 3974 tare
2192 3915 2590 3973 murmnrando
2624 3916 2809 3978 nobis,
2841 3915 2999 3985 quasi
3032 3914 3078 3968 ei
3109 3913 3264 3968 falsis
3298 3913 3626 3969 ostentatio-

2049 4015 2216 4070 nihus
2268 4011 2629 4066 illuserimus.
2669 4027 2687 4062 ι
2727 4007 2856 4064 Haec
2885 4017 2940 4063 et
2965 4007 3017 4061 id
3053 4023 3230 4078 genus
3266 4008 3424 4077 plura
3469 4008 3627 4063 locu-

2049 4117 2138 4160 tus
2171 4105 2472 4175 imperator
2516 4103 2839 4158 concionem
2889 4102 3121 4167 dimisit,
3171 4102 3484 4168 Catelanis,
3521 4102 3627 4156 etsi

2049 4201 2340 4270 gemebant
2363 4200 2415 4252 in
2440 4198 2656 4252 irritum
2681 4197 2885 4252 abiisse
2905 4212 3032 4267 spes
3052 4199 3265 4262 inanes,
3286 4197 3432 4267 quod
3459 4196 3632 4269 5.89

2049 4293 2164 4362 ipsa
2205 4299 2391 4346 tamen
2429 4306 2492 4345 os
2539 4290 2855 4346 Obstrueret
2895 4305 3078 4345 rerum
3107 4290 3627 4354 evidentia,contra

2048 4385 2343 4454 quidquam
2368 4383 2579 4438 hiscere
2603 4398 2711 4439 non
2737 4383 3066 4448 valentibus,
3087 4398 3400 4452 quanquam
3436 4384 3520 4437 vel
3551 4384 3632 4439 sic

2051 4477 2272 4546 proprio
2294 4475 2478 4530 Latini
2521 4475 2742 4547 generis
2771 4475 2916 4529 fastu
2960 4484 3244 4545 turgentes
3269 4477 3633 4545 ringebantur

2050 4571 2261 4635 intime,
2283 4571 2740 4640 stomachumque
2760 4571 2815 4624 in
2842 4569 3036 4624 ducem
3070 4571 3339 4640 ipsorum,
3361 4580 3629 4640 tanquam

2051 4662 2120 4716 ab
2170 4677 2236 4716 eo
2302 4661 2684 4724 circumventi,
2739 4672 3147 4718 murmurantes
3174 4662 3555 4733 erumpebant.

2051 4775 2106 4830 6.
2141 4774 2408 4828 Indicium
2442 4775 2751 4843 imperatori
2805 4775 3043 4828 delatum
3065 4793 3098 4829 a
3145 4773 3502 4831 Cannensibus
3529 4776 3632 4832 ad-

2565 4851 2770 4898 versum
2805 4845 3112 4902 Caietanos.

2118 4933 2268 4989 Inter
2306 4935 2422 4990 hate
2462 4934 2780 4990 Geuueuses
2840 4935 2933 5004 qui
2991 4935 3475 5007 Constantinopoli
3525 4937 3628 4992 de-

2050 5039 2208 5094 gunt,
2245 5027 2299 5080 in
2350 5028 2472 5081 urbi
2518 5027 2738 5096 ohjecto
2775 5029 2919 5082 ultra
2967 5028 3166 5082 fretum
3212 5031 3477 5085 suburbio
3525 5029 3631 5086 do-

2048 5119 2256 5173 micilia
2300 5119 2568 5175 habentes
2609 5121 2685 5191 (et
2717 5121 3001 5191 splendida
3030 5120 3249 5191 quidem
3291 5123 3568 5177 domicilia
3608 5140 3624 5176 :

2049 5225 2175 5264 nam
2200 5227 2264 5266 ex
2298 5227 2408 5281 quo
2436 5211 2547 5268 illie
2585 5213 2746 5268 sedes
2777 5213 3155 5279 obtinuerant,
3194 5214 3422 5270 aedilicia
3465 5227 3628 5271 erant

2050 5317 2185 5358 sane
2226 5303 2515 5374 magnifica
2559 5303 2754 5367 moliti,
2799 5304 3046 5362 dilatatis
3087 5305 3232 5360 haud
3265 5309 3478 5363 modice
3519 5309 3624 5364 soli

2050 5394 2184 5464 ipsis
2241 5395 2396 5449 initio
2452 5396 2704 5451 concessi
2754 5397 3029 5462 terminis,
3067 5398 3195 5452 dum
3236 5401 3442 5455 sensim
3493 5402 3627 5457 sub.

2050 5487 2452 5542 structionibus
2512 5489 2786 5544 excedunt
2841 5493 3198 5560 pomeriaque
3257 5503 3624 5562 promovent,

2047 5593 2156 5632 non
2207 5579 2325 5632 sine
2373 5593 2565 5633 secura
2614 5595 2710 5649 per
2737 5583 3034 5636 circuitum
3068 5584 3374 5641 munitione
3406 5587 3530 5639 valli
3561 5601 3626 5641 ac

2047 5672 2209 5726 fossa!
2244 5671 2542 5742 perpetuat)
2581 5672 2828 5727 nuntium
2868 5689 2898 5727 a
2932 5675 3048 5730 suis
3102 5678 3316 5731 civibus
3359 5692 3388 5730 e
3422 5686 3626 5732 metro-

2049 5769 2156 5838 poli
2206 5767 2480 5837 trepidum
2537 5769 2772 5823 navibus
2823 5771 3128 5825 celerrimis
3178 5773 3427 5827 studiose
3467 5773 3623 5826 festi—

2050 5869 2235 5916 natum
2285 5860 2587 5925 accipiunt,
2614 5877 2724 5929 quo
2759 5862 3126 5919 admonentur
3157 5875 3380 5922 strenue
3420 5864 3624 5920 armari
