4024 6398
299 352 404 418 537

1261 371 1359 432 DE
1387 372 1854 444 IANDRONICO
1888 374 2357 436 PALEOLOGO
2389 377 2536 439 LlB.
2573 379 2614 436 γ
2622 375 2661 444 1.

3472 371 3578 442 538

293 477 684 544 περιϐαλέσθαι
712 483 814 552 γῆν
839 478 918 574 ἦς.
949 484 1299 553 ἐπελάϐοντο,
1332 489 1426 544 καὶ
1470 490 1732 560 ἀσφαλῶς
1785 490 1886 574 μύ-
1909 494 1961 554 Α
1987 493 2150 546 αὐτὸν
2197 493 2416 564 σύναιμα
2461 495 2671 548 δώδεκα
2707 494 3008 548 ἐκπλευσαι
3054 493 3233 558 ναυσὶ,
3300 493 3395 548 καὶ
3453 497 3579 550 ὅσον

294 573 410 636 κλῳ
439 571 998 646 περιταφρεύσαντες,
1023 579 1265 649 δέχονται
1311 583 1462 653 παρὰ
1509 584 1619 637 τῶν
1670 571 1885 637 οἰκείων

295 663 386 716 διὰ
419 667 781 737 ταχυδρόμων
805 670 1098 740 μηνύματα
1121 673 1196 735 ὡς
1222 674 1389 738 πολὺς
1423 675 1743 745 ἐξαρτύεται
1769 676 1887 728 στό-

302 755 392 818 λος
421 756 542 827 ἅμα
563 753 658 830 ἦρι
694 762 1018 829 προσϐαλεῖν
1043 768 1107 834 τῇ
1133 766 1310 832 πόλει,
1343 769 1430 835 ἐφ’
1560 768 1888 836 παραφυλα-

308 848 478 920 κτέην
514 851 664 918 σφισι
687 852 785 923 τὴν
821 856 1146 927 προσϐολὴν,
1193 861 1273 921 εἰς
1307 860 1550 914 κίνδυνον
1575 860 1670 913 καὶ
1703 860 1888 920 αὐτοῖς

305 940 582 1007 κειμένοις
611 941 687 1004 ὡς
725 945 822 1013 τῆς
875 948 1089 1014 μερίδος
1143 949 1240 1003 τοῦ
1284 951 1549 1020 βασιλέως
1600 947 1771 1013 οὖσιν,
1827 951 1888 1017 ἐξ

307 1034 572 1100 ἐμφανῶν
604 1036 1160 1107 ὑποτοπημάτων,ὡς
1180 1043 1406 1105 ἐκείνοις
1438 1043 1610 1098 ἐδόκει
1638 1045 1889 1114 βουλευο-

311 1125 516 1194 μένοις.
560 1128 728 1182 Ταῦτ’
748 1131 950 1195 εὐθέως
986 1136 1183 1188 ἐκεῖνοι
1227 1135 1306 1206 τῷ
1345 1136 1558 1205 βασιλεῖ
1611 1136 1888 1206 προσανέ-

310 1234 501 1285 φερον,
521 1222 853 1287 προσθέντες
879 1226 956 1288 ὡς
995 1227 1088 1279 καὶ
1123 1227 1278 1281 αὐτοὶ
1310 1227 1403 1290 οὓς
1429 1229 1728 1295 ὑπεδέξατο
1755 1228 1890 1293 ξενι-

307 1309 462 1376 κοὺς,
489 1312 584 1364 καὶ
615 1314 712 1366 σὺν
745 1315 928 1379 αὐτοῖς
959 1320 1006 1370 οἱ
1037 1321 1442 1388 ἐπιγεγονότες,
1473 1322 1606 1391 μιᾶς
1651 1323 1744 1374 καὶ
1788 1321 1890 1389 τῆς

308 1403 485 1470 αὐτῆς
529 1406 761 1470 ἐκείνοις
804 1410 912 1461 εἰσὶ
961 1411 1176 1480 βουλῆς,
1234 1414 1328 1466 καὶ
1379 1415 1767 1479 κατασκόπων,
1827 1414 1887 1466 οὐ

309 1496 618 1565 συμμάχων
636 1499 838 1567 τρόπον
865 1501 1158 1572 ἐπέχουσιο
1192 1508 1308 1568 τοῖς
1355 1506 1462 1576 γὰρ
1530 1509 1595 1560 ὲκ
1639 1507 1891 1571 Σικελίας

307 1588 592 1656 κρυφηδον
631 1591 725 1644 καὶ
766 1593 964 1657 αὐτοὺς
1023 1597 1423 1668 συμπράττειν,
1489 1601 1583 1652 καὶ
1638 1599 1891 1669 μήνυτρα

306 1679 560 1750 δέχεσθαι
587 1683 684 1736 καὶ
706 1683 1027 1755 λαμὸἀνειν,
1059 1688 1133 1752 ὡς
1156 1691 1248 1743 ἐπὶ
1279 1689 1474 1762 καιροῦ
1492 1692 1742 1757 ξὲκείνοις
1795 1690 1891 1744 καὶ

307 1771 509 1836 αὐτοὺς
541 1778 1052 1847 συμμαχουμένους.
1086 1780 1256 1848 Δῆλον
1285 1782 1342 1835 δὲ
1377 1785 1469 1836 καὶ
1494 1784 1556 1837 ὲκ
1578 1783 1671 1838 τοῦ
1695 1784 1891 1848 ἄλλους

1987 585 2141 639 οὔπω
2162 589 2276 649 τοῖς
2296 588 2422 656 τῇδε
2455 582 2788 658 προσϐαλεῖν
2810 587 3024 657 τρόπον
3042 586 3135 639 τὸν
3165 585 3432 649 τοιοῦτον,
3483 589 3582 656 μέ·-

1989 696 2111 750 χρις
2138 680 2205 733 ἄν
2247 682 2281 750 ἡ
2326 681 2516 750 ὁλότης
2554 681 2750 749 φανείη
2792 679 2884 734 καὶ
2940 678 2998 733 ἓν
3045 681 3251 744 πάντες
3317 680 3578 748 γένοιντο.

1990 769 2184 840 ’Ὅμως
2213 787 2278 838 γε
2311 772 2494 841 μέντοι
2533 770 2632 822 καὶ
2660 770 3070 833 συνεϐούλευον,
3107 771 3156 823 εί
3193 767 3452 838 βασιλεὺς
3485 769 3580 822 θέο

1987 860 2072 913 λει
2101 861 2502 931 συμπράττειν,
2539 859 2872 914 ἅπεντεῦθεν
2901 861 2995 912 τὸν
3024 861 3164 930 πρὸς
3190 861 3436 922 ἐκείνους
3486 859 3582 911 πόά

1989 955 2154 1018 λεμον
2186 954 2459 1023 δέχεσθαι,
2489 955 2598 1007 ἀπὸ
2623 956 2826 1008 τούτων
2858 955 3001 1008 κατὰ
3042 954 3216 1022 θύρας
3239 952 3588 1023 ἀρξαμένους

1989 1046 2065 1108 ὡς
2093 1047 2404 1117 προχείρων
2425 1047 2612 1101 ὄντων.
2664 1049 2848 1117 Ἔχειν
2893 1048 3002 1116 γὰρ
3055 1047 3254 1110 αὐτοὺς
3297 1045 3584 1115 ὲξαρτύειν

1990 1141 2332 1208 πεντήκοντα
2401 1139 2555 1202 ναῦς.
2629 1141 2890 1211 Ἐζήτουν
2946 1141 3003 1192 δὲ
3066 1143 3162 1193 καὶ
3212 1139 3440 1208 βασιλέα
3483 1139 3586 1200 τὰς

1991 1233 2132 1294 ῐσας,
2171 1233 2203 1302 ἢ
2244 1232 2348 1301 μὴν
2379 1233 2449 1285 τὰ
2481 1235 2537 1294 ἐς
2567 1234 2846 1303 πλήρωμα
2879 1233 3088 1286 τούτων
3119 1233 3398 1304 χρήματα.
3463 1230 3584 1283 Κᾶν

1995 1327 2068 1395 μὴ
2093 1324 2188 1377 νῦν
2217 1324 2326 1393 ἔχοι
2357 1323 2578 1386 διδόναι,
2606 1325 2802 1387 αὐτοὺς
2836 1325 2972 1386 τέως
3003 1323 3418 1384 καταϐαλόντας
3445 1321 3587 1374 αὐτὰ-

1992 1417 2086 1470 ὲπὶ
2115 1415 2310 1486 καιροῦ
2339 1416 2489 1486 παρὰ
2537 1415 2799 1484 βασιλέως
2857 1414 3395 1484 ἀνταπολαμΰάνειν.
3429 1414 3583 1483 Μηδὲ

1992 1511 2101 1581 γὰρ
2124 1505 2475 1571 εἷναιαὺτοὺς
2505 1507 2837 1570 ἀλλοδαποὺς
2865 1507 2896 1576 ἢ
2957 1505 3269 1575 Ῥωμαίους
3333 1503 3588 1557 τούντεῦ-

1992 1605 2104 1660 θεν.
2136 1606 2243 1657 Καὶ
2263 1603 2424 1656 πόνον
2451 1597 2588 1654 εἶναι
2613 1601 2765 1668 σφίσι
2790 1600 2851 1652 τὸ
2873 1600 2948 1669 μὴ
2978 1599 3185 1667 φθάσαι
3231 1596 3586 1667 προσαμῦναι

2005 1695 2299 1764 Ῥωμαίοις
2338 1697 2608 1764 πάσχουσι
2641 1693 2761 1745 κατ’
2783 1690 3072 1760 ἀνατολὴν,
3107 1692 3165 1756 ἐξ
3202 1684 3277 1743 ὧν
3303 1692 3400 1741 καὶ
3434 1689 3586 1741 αὐτοὶ

1994 1788 2094 1850 τὰς
2125 1787 2426 1858 ὲμπορείας
2469 1786 2734 1850 πλουσίας
2792 1780 2958 1856 εἶχον.
3021 1784 3096 1837 Οὐ
3168 1783 3274 1853 μὴν
3303 1779 3440 1834 ἀλλὰ
3489 1779 3588 1831 καὶ

307 1864 562 1935 ἀπαντᾷν
585 1867 972 1938 ἑτοιμάζεσθαι
992 1871 1073 1943 [Ρ.
1100 1873 1225 1947 541]
1251 1877 1346 1928 καὶ
1367 1875 1521 1940 αὖθις
1541 1878 1785 1948 ἑτέρους,
1807 1878 1898 1944 φί-
1925 1854 1970 1910 Β
2002 1880 2096 1933 τοῦ
2124 1854 2315 1932 λοιποῦ
2374 1882 2694 1949 συμμαχεῖν
2731 1854 2936 1931 ἐθέλειν
3001 1878 3097 1930 καὶ
3146 1877 3271 1937 τοὺς
3332 1873 3588 1934 ἐπιόντας

306 1954 419 2010 λων
469 1956 786 2022 δεικνύντας
831 1961 934 2016 καὶ,
961 1966 1164 2033 τρόπον
1203 1967 1296 2018 καὶ
1324 1967 1516 2037 ὄνομα.
1545 1968 1648 2022 Τὸν
1675 1969 1786 2040 γὰρ
1802 1969 1897 2022 τοῦ

309 2049 480 2120 pm;
503 2051 826 2124 Θευδερίχου
843 2054 996 2110 νόθον
1018 2056 1352 2128 αὐτάδελφον
1377 2059 1574 2126 μαθεῖν
1598 2060 1785 2132 ἔλεγον
1805 2061 1901 2113 καὶ

311 2254 549 2310 classem
590 2271 844 2328 magnam
888 2274 1011 2329 quae
1042 2261 1224 2330 primo
1261 2277 1390 2316 vere
1433 2262 1904 2336 Constantinopo-

311 2347 409 2401 lim
454 2359 840 2418 oppugnatura
890 2361 1048 2405 certo
1093 2353 1464 2408 existimetur.
1519 2355 1653 2425 Ejus
1687 2364 1898 2426 partem

315 2440 547 2509 periculi
585 2441 652 2495 ad
704 2443 856 2511 ipsos
909 2458 1132 2513 quoque
1185 2448 1486 2514 pertinere,
1520 2450 1613 2515 qui
1667 2449 1809 2504 lares
1845 2458 1903 2505 et

317 2531 560 2588 familias
600 2534 716 2590 illic
755 2535 1064 2592 obtineant.
1109 2537 1290 2604 Quare
1320 2556 1420 2610 pro
1470 2556 1569 2596 sua
1619 2551 1769 2610 parte
1814 2543 1901 2596 in-

320 2625 581 2693 vigilent;
652 2641 716 2681 ac
774 2643 896 2682 cum
976 2628 1215 2684 fortunae
1300 2634 1570 2688 societate
1633 2632 1903 2689 foederato

322 2719 460 2788 ipsis
485 2720 804 2788 imperatori
833 2723 941 2777 sint
973 2726 1276 2793 conjuncti,
1311 2728 1586 2796 quomodo
1611 2738 1906 2783 commune

320 2812 460 2881 ipsis
497 2828 620 2867 cum
672 2830 738 2869 eo
769 2830 894 2870 mox
936 2816 1281 2872 inferendum
1332 2820 1534 2874 bellum
1565 2823 1782 2875 collatis
1806 2837 1905 2891 pro

324 2918 388 2957 se
426 2905 627 2973 opibus
682 2921 749 2960 ac
781 2909 1072 2964 conatibus
1123 2923 1326 2979 queant
1387 2913 1732 2983 propulsare,
1786 2929 1901 2967 ma—

323 3006 449 3050 ture
521 2999 886 3067 prospiciant.
943 2999 1055 3056 Nec
1107 3005 1519 3072 suspicionibus
1576 3007 1679 3060 niti
1744 3007 1905 3062 vanis

326 3100 524 3160 putent
573 3107 695 3162 quae
726 3093 1069 3157 dicerentur,
1105 3111 1229 3150 eum
1268 3099 1369 3153 ista
1401 3099 1495 3168 qui
1541 3102 1904 3155 admenerent

2004 1971 2330 2040 ἀμύνεσθαι.
2370 1968 2558 2042 Ἐχειν
2591 1969 2646 2023 δὲ
2675 1971 2766 2023 καὶ
2805 1972 2870 2023 ὲκ
2899 1968 2993 2021 τοῦ
3024 1969 3197 2039 ῥᾷστα
3229 1964 3586 2020 ἀποστείλαν-

2002 2077 2103 2125 τας
2128 2063 2225 2124 τὰς
2255 2060 2350 2114 τοῦ
2391 2060 2631 2132 μεγάλου
2679 2060 2869 2123 δουκὸς
2916 2059 2995 2124 ὡς
3052 2057 3347 2129 πολεμίους
3417 2071 3590 2108 κατα-

2005 2272 2107 2314 nos
2168 2257 2470 2313 vertendis.
2515 2257 2642 2314 Haec
2690 2259 2826 2315 sntis
2875 2266 3134 2315 constare
3184 2273 3252 2312 ex
3313 2273 3378 2312 eo
3414 2255 3586 2326 quod,

2003 2359 2207 2421 praeter
2243 2351 2406 2406 modo
2460 2351 2514 2404 iu
2560 2361 2752 2420 pcttos
2805 2351 3020 2422 imperii
3053 2351 3336 2421 appulsam
3372 2349 3588 2418 injussu

2003 2444 2237 2497 classem
2306 2442 2658 2520 Mpyrigerii‘,
2707 2444 2801 2498 alii
2855 2446 3046 2498 eodem
3105 2444 3414 2512 navigaturi
3469 2458 3592 2497 sese

2005 2550 2202 2608 parare
2254 2523 2580 2590 nuntientur
2611 2575 2627 2601 ,
2676 2553 2870 2593 rursus
2913 2537 3011 2592 hos
3049 2537 3324 2592 secuturis
3357 2532 3413 2591 et
3444 2537 3589 2597 aliis.

2004 2645 2069 2683 eo
2101 2630 2358 2684 videlicet
2392 2630 2601 2696 perfido
2633 2631 2817 2684 animo
2847 2644 2910 2684 ac
2959 2631 3228 2684 scelerata
3266 2644 3386 2696 spe,
3423 2638 3476 2681 ot
3513 2637 3592 2682 tot

2006 2721 2173 2776 semel
2225 2723 2646 2776 insidiatoribus
2702 2721 3059 2775 simulatione
3125 2721 3384 2774 amicittze
3443 2721 3590 2773 intra

2006 2822 2196 2867 nostra
2233 2813 2486 2884 praesidia
2533 2813 2757 2867 credule
2795 2813 3074 2876 admiSsis,
3105 2811 3197 2865 ubi
3231 2809 3428 2865 deinde
3457 2825 3595 2863 eon-

2002 2906 2205 2975 juratis
2257 2920 2440 2960 secum
2479 2906 2530 2958 in
2584 2921 2686 2959 nos
2723 2906 2900 2974 palam
2968 2902 3308 2956 irruentibus
3368 2901 3468 2970 ipsi
3526 2916 3590 2955 ex

2007 3005 2302 3064 compacto
2343 2999 2749 3068 conspirantes,
2793 2996 3204 3056 rebellaverint,
3236 3010 3396 3064 pares
3428 2995 3593 3050 simul

2008 3093 2256 3146 externis
2292 3091 2764 3160 oppugnatoribus
2798 3089 3140 3158 internisque
3203 3087 3584 3157 perduellibus

326 3183 466 3252 ipsis
529 3185 781 3242 benevoli
833 3198 887 3242 et
931 3189 1234 3258 prudentes
1297 3195 1662 3249 aestimatores
1719 3193 1977 3252 reromC
2011 3202 2119 3240 una
2178 3186 2518 3242 Sustinendis
2571 3201 2634 3239 ac
2667 3184 2995 3254 repellendis
3051 3197 3174 3238 esse
3231 3196 3592 3251 nequeamus.

328 3276 502 3346 signis
531 3291 702 3347 prope
745 3278 1055 3335 manifestis
1103 3282 1347 3338 eminere
1393 3284 1908 3351 deprehendissent.

329 3369 432 3423 His
468 3369 545 3424 illi
585 3371 666 3426 sic
712 3374 1011 3441 compertis
1065 3391 1273 3429 moram
1309 3377 1516 3431 faciunt
1565 3379 1766 3432 nullam
1803 3379 1911 3432 im-

331 3464 608 3533 peratoris
663 3466 727 3520 de
771 3483 830 3520 re
864 3475 977 3522 tota
1015 3468 1308 3536 edocendi,
1344 3488 1781 3542 magnopereque
1818 3474 1915 3526 ad«

332 3553 593 3609 hortandi
650 3563 709 3610 ut
756 3569 967 3626 partem
1006 3575 1126 3628 qua:
1184 3560 1287 3628 ipsi
1328 3573 1665 3632 competeret
1709 3563 1910 3634 negotii

331 3655 677 3716 capesseret.
738 3665 882 3713 sese,
928 3667 1069 3720 quos
1125 3653 1250 3708 alibi
1307 3664 1489 3719 natos,
1534 3655 1768 3725 benigno
1802 3657 1913 3711 illic

331 3751 596 3810 exceptos
633 3743 874 3813 hospitio
922 3760 1092 3815 prope
1145 3762 1375 3801 numero
1437 3748 1636 3802 civium
1688 3749 1915 3803 haberet

332 3835 659 3904 inquilinos,
698 3836 1001 3906 liberisque
1039 3839 1287 3908 ipsorum
1324 3841 1378 3894 in
1409 3840 1529 3909 ejus
1559 3841 1672 3909 jam
1704 3841 1916 3896 ditione

334 3929 584 3982 educatis
603 3938 656 3983 et
672 3930 896 3996 adultis,
918 3932 1179 3987 concordi
1206 3934 1485 4002 proposito
1507 3936 1715 4005 paratis
1737 3936 1916 3990 nullas

332 4028 524 4090 partes
547 4023 869 4092 explorandi
910 4027 1379 4097 propulsandiqne
1405 4029 1644 4084 insoltus
1675 4031 1914 4084 hostium

336 4114 620 4178 omittere,
651 4117 784 4185 quin
820 4128 874 4171 et
929 4118 1363 4186 promptissimis
1392 4135 1489 4187 pro
1519 4120 1622 4175 fide
1644 4120 1920 4176 societatis

337 4209 406 4263 ad
426 4225 642 4264 omnem
667 4225 1010 4280 qnzecnnque
1035 4214 1202 4267 instet
1227 4214 1279 4266 in
1305 4229 1467 4268 causa
1485 4213 1698 4284 publica
1722 4215 1918 4268 tuenda

337 4301 773 4357 dimicationem.
799 4301 1009 4357 Instare
1034 4312 1214 4358 autem
1241 4313 1506 4374 quantum
1541 4321 1647 4360 non
1686 4306 1921 4360 obscure

335 4403 664 4462 appareret,
694 4394 1008 4456 maximam.
1039 4411 1214 4465 eoque
1246 4394 1732 4452 formidabiliorem
1774 4397 1920 4466 quod

337 4486 688 4556 proditorum
738 4487 882 4557 apud
929 4503 1030 4543 nos
1063 4504 1160 4557 pro
1197 4489 1332 4558 ipsis
1365 4490 1732 4560 satagentium
1791 4505 1920 4544 eon-

339 4579 573 4634 scientia
626 4578 749 4633 freti
800 4581 1013 4634 externi
1069 4581 1296 4645 hostes,
1356 4581 1663 4636 faciliorem
1697 4581 1800 4638 sibi
1851 4582 1920 4636 de

343 4673 512 4728 nobis
566 4672 842 4744 spondent
897 4674 1212 4728 victoriam.
1250 4693 1270 4726 t
1314 4672 1545 4746 Nempe,
1599 4675 1916 4739 addebant,

344 4767 433 4822 isti
466 4782 607 4836 quos
635 4783 700 4822 ex
735 4765 925 4821 Sicilia
969 4765 1267 4836 profectos,
1294 4766 1539 4830 domine,
1573 4774 1729 4821 tanto
1763 4783 1918 4822 sum-

349 4871 445 4931 ptu
499 4860 601 4916 alis
651 4861 817 4914 ducto
862 4857 1160 4915 militantes
1210 4860 1364 4915 ducis
1419 4861 1599 4930 magni
1651 4858 1918 4924 Catelani,

345 4953 555 5022 quique
607 4969 664 5009 se
700 4951 768 5008 de
819 4967 958 5006 novo
990 4952 1127 5020 ipsis
1171 4951 1495 5023 adiungunt,
1529 4968 1730 5008 arcano
1769 4968 1922 5007 com-

349 5048 578 5099 missum
612 5058 732 5098 cum
765 5044 920 5096 hoste
953 5042 1137 5096 fovent
1165 5045 1578 5107 commercium,
1604 5037 1770 5116 490
1799 5054 1920 5099 stu-

263 5152 269 5163 '
349 5138 504 5191 diose
551 5134 682 5189 hinc
717 5135 1020 5189 indicantes
1067 5149 1188 5204 qua:
1230 5142 1513 5204 geruntur,
1563 5143 1616 5189 et
1665 5137 1793 5191 inde
1842 5136 1924 5190 vi-

333 5230 537 5296 cissim
588 5229 656 5283 de
699 5226 958 5282 omnibus
1003 5227 1288 5292 admoniti,
1327 5237 1489 5298 prout
1529 5243 1668 5297 Opus
1697 5238 1924 5285 censent

349 5323 417 5374 ad
452 5335 550 5377 sua
587 5319 794 5373 nefaria
841 5319 1074 5374 consilia
1111 5319 1164 5372 in
1202 5334 1496 5375 commune
1524 5327 1774 5375 nostrum
1807 5321 1926 5376 exi-

345 5415 486 5473 tium
527 5411 817 5483 patranda.
856 5411 1212 5468 Constituont
1239 5415 1383 5467 enim
1417 5413 1498 5468 sic
1531 5414 1759 5468 invicem
1791 5422 1928 5469 tem-

350 5522 482 5578 pora
547 5522 672 5561 cum
721 5514 924 5560 extera:
978 5506 1286 5562 incursioni
1346 5505 1737 5561 foederatorum
1789 5507 1926 5576 ipsis

348 5608 663 5656 nostrorum
717 5598 982 5661 hostium,
1016 5606 1131 5652 tum
1169 5613 1281 5654 suae
1327 5599 1572 5667 ipsorum
1617 5599 1918 5669 proditioni

345 5700 655 5763 opportuna
682 5731 696 5754 ,
731 5689 1073 5759 pollicentes,
1110 5690 1272 5745 simul
1307 5690 1383 5743 illi
1420 5691 1528 5744 huc
1558 5690 1769 5745 διενοοιί
1807 5705 1921 5745 rem

350 5798 540 5850 gerere
597 5782 904 5850 cmperint,
942 5796 1040 5850 pro
1087 5782 1234 5836 virili
1299 5790 1352 5834 et
1407 5782 1558 5850 ipsos
1599 5781 1919 5843 annisnros,

355 5877 504 5930 larva
552 5872 798 5942 obsequii
829 5873 1048 5927 tandem
1082 5871 1331 5929 exuenda
1362 5882 1412 5926 et
1445 5869 1612 5923 armis
1653 5868 1829 5938 palam
1867 5867 1919 5921 iu

2011 3277 2093 3332 En
2128 3287 2335 3343 quanto
2371 3279 2446 3331 rei
2493 3293 2722 3333 summac
2755 3277 2998 3345 periculo
3037 3275 3158 3331 istis
3195 3273 3420 3344 ignotis,
3456 3273 3596 3328 anti-

2012 3386 2106 3427 cos
2133 3387 2193 3426 se
2225 3372 2385 3426 verbo
2409 3379 2462 3425 et
2495 3371 2679 3437 specie
2711 3368 3032 3432 ferentibus,
3071 3368 3274 3422 aditmn
3313 3367 3378 3420 ad
3409 3375 3596 3420 nostra

2014 3465 2210 3519 intima
2247 3465 2578 3533 pendamus.
2609 3459 2780 3516 Nobis
2808 3462 2952 3515 enim
2989 3467 3332 3528 compertum
3372 3467 3598 3530 praeter-

2013 3574 2074 3614 ea
2122 3568 2204 3613 est
2248 3559 2391 3627 regis
2433 3554 2800 3611 Theoderichi
2834 3555 3056 3608 fratrem
3084 3553 3311 3606 nothum
3343 3565 3467 3605 cum
3504 3566 3600 3603 na-

2015 3651 2176 3706 vibus
2208 3648 2500 3704 duodecim
2545 3649 2662 3702 vela
2690 3647 2799 3717 jam
2835 3646 3030 3702 fecisse
3062 3645 3127 3699 ad
3162 3655 3350 3701 nostra
3383 3646 3598 3712 littora,

2021 3760 2130 3814 quo
2187 3742 2400 3796 scilicet
2461 3741 2630 3794 sociis
2664 3739 2776 3807 jam
2804 3737 2910 3791 huc
2942 3738 3188 3807 appulsis
3225 3753 3282 3792 se
3313 3738 3598 3808 adiungat,

2017 3836 2472 3892 dissimulaturos
2525 3831 2816 3886 consilium
2875 3832 3224 3902 oppugnandi
3259 3846 3382 3896 nos,
3419 3831 3601 3902 quoad

2019 3929 2142 3984 aliis
2180 3942 2403 3998 quoque
2453 3939 2681 3981 suorum
2742 3923 2860 3993 pari
2911 3933 3098 3978 nostra
3167 3923 3433 3979 facilitate
3481 3939 3603 3992 per-

2019 4019 2206 4074 missis
2241 4018 2288 4072 ei
2336 4032 2393 4070 se
2428 4015 2723 4085 aggregare
2755 4029 2967 4067 summa
3015 4013 3128 4083 jam
3169 4013 3270 4082 ipsi
3323 4021 3434 4067 tota
3467 4028 3603 4068 con-

2022 4119 2128 4165 stet
2165 4109 2561 4164 destinatarunt
2619 4105 2781 4160 nobis
2830 4105 3192 4174 subjugandis
3223 4105 3530 4173 copiarum.
3577 4124 3595 4157 ι

2024 4203 2120 4258 llis
2165 4203 2243 4258 sic
2289 4199 2554 4270 expositis
2589 4212 2924 4267 magnopere
2971 4195 3168 4251 deinde
3204 4197 3603 4251 incumbebant

2023 4299 2089 4354 ad
2126 4294 2472 4352 suadendum
2529 4291 2848 4362 imperatori
2898 4299 2957 4345 ot
2997 4289 3133 4344 nihil
3178 4299 3447 4342 coactans
3490 4288 3604 4344 dis-

2025 4392 2362 4448 simulansve
2393 4386 2628 4454 amplius
2660 4384 2836 4454 palam
2865 4383 3001 4454 ipsis
3031 4381 3314 4450 cooperari
3349 4380 3604 4435 Genuen-

2027 4484 2180 4538 sibus
2222 4481 2408 4547 vellet,
2440 4477 2733 4534 Catelanos
2767 4475 2861 4545 qui
2898 4475 2966 4530 ad
3020 4490 3244 4528 manum
3288 4484 3440 4528 erant
3480 4487 3606 4543 pro-

2028 4577 2178 4632 tinus
2214 4573 2422 4644 paralis
2462 4570 2607 4626 bello
2649 4569 2868 4640 aggredi
2900 4568 3268 4636 invadereque
3306 4569 3606 4635 imparatos

2029 4670 2209 4726 adhuc
2249 4660 2482 4736 ideoque
2519 4664 2753 4719 subacto
2787 4662 3085 4717 faciliores.
3118 4662 3288 4718 Posse
3318 4660 3429 4729 jam
3462 4673 3608 4713 nunc

2029 4780 2089 4819 se
2136 4778 2350 4825 armare
2404 4773 2571 4813 naves
2620 4756 3039 4827 quinquaginta.
3099 4753 3292 4809 Parem
3339 4754 3467 4809 huic
3507 4769 3608 4806 nn-

2030 4871 2241 4911 mernm
2287 4869 2354 4907 ne
2400 4860 2724 4922 gravaretur
2770 4847 3026 4902 conferre
3063 4847 3393 4915 imperator;
3432 4852 3525 4896 aut
3559 4843 3607 4898 si

2031 4945 2314 5015 expeditas
2361 4953 2442 4997 tot
2491 4957 2602 4996 nou
2651 4941 2858 5004 habet,
2909 4938 3201 5009 pecuniam
3262 4934 3610 4990 instruendis

2034 5039 2102 5092 iis
2151 5036 2506 5092 sulfecturam
2560 5033 2733 5086 daret.
2787 5030 2881 5085 Vel
2940 5031 2983 5084 si
3049 5044 3152 5083 nec
3207 5028 3260 5081 in
3317 5037 3610 5086 numerato

2033 5130 2241 5186 notnmi
2287 5129 2489 5193 forent,
2525 5126 2826 5179 collatores
2856 5124 2906 5176 in
2938 5130 3284 5176 antecessum
3318 5136 3377 5175 se
3419 5121 3485 5174 de
3509 5135 3617 5175 suo

2027 5238 2149 5292 qua:
2187 5221 2469 5288 Augustos
2523 5216 2812 5271 commodo
2863 5215 2966 5269 sibi
3001 5224 3247 5283 tempore
3296 5221 3484 5282 postea
3516 5227 3613 5266 re--

2027 5314 2300 5369 funderet.
2338 5311 2496 5365 Ilune
2531 5309 2682 5379 ipsos
2713 5309 2818 5364 sibi
2860 5308 3013 5373 solis,
3053 5308 3219 5361 modo
3257 5310 3339 5360 sic
3384 5306 3608 5376 adjntis,

2025 5410 2174 5462 ultro
2209 5407 2509 5474 deposcere
2571 5402 2814 5456 laborem
2877 5401 3148 5456 liberandi
3209 5399 3489 5453 Romanos
3544 5396 3618 5448 ab

2027 5499 2249 5562 injuriis
2303 5511 2440 5567 quas
2488 5495 2695 5550 dudum
2727 5494 2878 5549 diras
2910 5508 3004 5561 per
3057 5490 3340 5547 Orientem
3379 5504 3408 5541 a
3447 5493 3612 5554 gente

2035 5590 2199 5645 inﬁda
2251 5595 2598 5659 paterentur.
2633 5585 2746 5641 lloc
2780 5585 2981 5640 debere
3034 5584 3185 5651 ipsos
3214 5597 3280 5636 eo
3318 5571 3480 5650 591
3515 5590 3614 5630 no-

2035 5683 2182 5737 mine
2211 5680 2355 5751 quod
2400 5678 2729 5750 quaestuosis
2765 5692 2862 5747 per
2906 5685 3084 5730 terras
3123 5683 3177 5728 et
3214 5679 3403 5741 portus
3438 5670 3612 5737 impe-

2035 5774 2100 5828 rii
2147 5772 2504 5828 commerciis
2543 5785 2658 5825 rem
2702 5767 2948 5837 quotidie
2980 5771 3242 5833 angerent
3272 5780 3284 5816 :
3325 5758 3418 5814 sed
3448 5757 3531 5812 vel
3562 5755 3613 5812 si

2031 5866 2180 5921 nulla
2220 5878 2386 5921 causa
2424 5863 2644 5928 propria
2695 5863 2749 5916 in
2798 5861 2851 5916 id
2888 5858 3325 5925 impellerentur,
3368 5850 3485 5908 solo
3515 5863 3608 5904 re-
