4024 6406
413 372 517 433 5Ἱ9

1658 371 1941 431 GEORGl
1960 372 1977 429 l
2007 372 2494 432 PACHYMERA!

3581 371 3689 433 540

415 490 565 558 σχεῖν
611 505 762 548 ναυς,
821 489 931 539 ’καὶ
974 486 1118 539 οὕτω
1167 485 1656 555 προσαρξαμένους
1716 486 1783 538 τὰ
1825 485 1989 538 λοιπὰ
2023 493 2066 548 Α
2095 487 2370 540 τοσούτων
2390 487 2694 557 χρημάτων
2740 480 2819 539 ὧν
2857 484 3007 554 παρὰ
3069 485 3341 554 βασιλέως
3389 485 3693 552 λαμϐάνειν

415 579 773 650 ξυμπ).ηροῦν
799 583 933 644 ἐκεῖ,
979 573 1477 647 προσυπαντῶντας
1516 579 1610 631 καὶ
1657 579 1832 649 στόλῳ
1865 595 2000 631 παν-

411 675 486 734 τὶ.
514 675 581 742 ἦν
593 674 810 742 φανείη,
834 674 928 725 καὶ
954 671 1028 742 μὴ
1050 673 1252 733 ἐῶντας
1279 675 1623 744 προσχωρεῖν
1642 671 1996 741 προσωτέρω.

417 767 607 821 Ταῦτα
667 767 920 836 βασιλεὺς
978 765 1194 818 ἀκούων
1247 764 1522 833 διηπίστει
1564 766 1676 825 τοῖς
1727 764 2000 825 πλείστοις

420 859 528 913 τῶν
557 859 889 928 λεγομένων,
927 858 1019 910 καὶ
1049 856 1223 909 ταῦτα
1259 857 1375 926 ἄμα
1406 857 1506 925 μὲν
1541 856 1758 924 φθόνον.
1803 857 1916 923 ἅμα
1942 856 1999 908 δὲ

419 953 514 1004 καὶ
539 950 740 1004 κακίαν
781 949 1160 1018 συμπράττειν
1203 948 1303 1016 τὴν
1333 950 1440 1000 ἀπὸ
1503 949 1613 1000 τῶν
1667 947 1999 1001 Γεννουῖτῶν

419 1043 749 1106 ὑπετὸπαζε.
791 1041 960 1110 Καὶή
999 1040 1238 1108 ἀρχῆθεν
1275 1039 1425 1107 σφῶν
1483 1039 1620 1109 πρὸς
1683 1039 1775 1090 τὸν
1823 1039 1998 1106 μέγαν

417 1133 587 1185 δοῦκα
607 1131 900 1200 δυσμένεια
932 1131 1027 1184 καὶ
1059 1133 1086 1182 ὁ
1129 1131 1264 1200 πρὸς
1319 1131 1482 1184 αὐτὸν
1516 1131 1750 1198 πόλεμος
1800 1130 2000 1199 πιστὴν

416 1229 650 1296 παρεῖχε
681 1225 778 1295 τὴν
818 1225 1071 1293 ὑποψίαν.
1112 1223 1230 1278 Οὐκ
1259 1219 1374 1276 οἴδα
1404 1224 1460 1276 δὲ
1510 1223 1607 1276 καὶ
1633 1224 1682 1276 εἰ
1724 1223 1785 1278 τὸ
1840 1224 2000 1291 κῆδος

419 1319 481 1372 τὸ
512 1318 652 1388 πρὸς
697 1319 859 1372 αὐτὸν
890 1318 983 1368 καὶ
1013 1317 1069 1368 αἱ
1123 1315 1232 1366 τῶν
1288 1315 1468 1384 ὅρκων
1505 1314 1840 1383 ἐμπεδώσεις
1902 1311 1999 1382 τὴν

424 1409 712 1478 βασιλικὴν
751 1409 1169 1476 κατεμάλασσον
1193 1405 1438 1474 γνώμην,
1483 1405 1579 1458 καὶ
1611 1406 1672 1459 οὑ
1721 1409 1835 1468 τοῖς
1879 1406 1998 1458 κατ’

420 1500 644 1554 ἐκείνων
709 1499 930 1566 λέγουσι
979 1497 1329 1567 συνεφέρετο.
1371 1497 1561 1562 Ὅμως
1611 1496 1840 1560 ἐκείνοις
1902 1498 2001 1565 μὲν

422 1594 828 1664 εὐχαριστήσας
875 1591 942 1643 τὰ
981 1591 1213 1660 μέγιστα
1262 1589 1338 1650 ὡς
1377 1589 1517 1658 ὑπὲρ
1565 1589 1672 1642 τῶν
1714 1590 2002 1658 Ῥωμαίων

421 1688 606 1736 πονεῖν
649 1683 867 1736 δοκοῦσι
912 1683 1070 1752 σιγᾷν
1107 1681 1382 1743 ἐκέλευεν,
1417 1680 1576 1741 αὐτὸς
1616 1679 1663 1733 δ’
1691 1681 2003 1750 ὑπισχνεῖτο

424 1774 776 1844 β-ιυὶεὺεσθαι
832 1772 960 1843 περὶ
1013 1771 1221 1824 τούτων
1279 1773 1374 1822 καὶ
1421 1770 1482 1823 τδ
1539 1768 1698 1834 δόξαν
1755 1772 2002 1823 συνοῖσον

422 1870 615 1920 ποιεῖν.
1436 1897 1438 1899 -
1477 1861 1489 1872 ³

423 2027 489 2092 ζ’.
527 2025 766 2094 Ἀφιξις
807 2025 957 2091 πρὸς
998 2023 1268 2087 ,ϐασιλέα
1319 2022 1424 2094 τοῦ
1463 2021 1733 2087 μεγάλου
1779 2021 2000 2087 δουκὸς

634 2095 731 2148 καὶ
765 2095 914 2161 ὑπὲρ
945 2095 1053 2147 τοῦ
1084 2093 1489 2161 λυπεεριγερίου
1517 2094 1794 2158 ἀξίωσιςι

496 2232 581 2302 [Ρ.
617 2230 745 2302 552]
787 2231 846 2284 Ὀ
887 2231 1156 2300 μέντοιγε
1191 2231 1364 2300 μέγας
1404 2229 1528 2296 δοξιξ
1566 2229 1836 2299 ἀπογνοὺς
1891 2232 2002 2283 τῶν

425 2511 616 2572 spcctu
648 2501 765 2556 initi
808 2501 1031 2556 foederis
1064 2511 1118 2556 et
1146 2501 1419 2556 charitate
1455 2502 1676 2573 hospitii
1705 2502 2004 2574 periclitari

429 2611 530 2663 pro
565 2595 746 2650 salute
782 2595 1058 2649 sociorum
1091 2594 1232 2649 velle
1279 2593 1605 2650 discrimine
1649 2610 2003 2665 quocunque,

427 2696 592 2757 atque
643 2688 796 2754 ipsos
857 2688 1261 2743 incursantium
1326 2687 1562 2758 injurias
1620 2688 1830 2742 ulcisci.
1890 2687 1999 2743 Sibi

425 2781 560 2848 quin
597 2780 760 2833 etiam
813 2794 932 2834 esse
987 2779 1308 2833 facillimum
1364 2781 1658 2848 (annueret
1701 2779 1862 2836 modo
1895 2780 2008 2835 An-

425 2873 644 2943 gustus)
705 2873 951 2929 immissa
1018 2875 1204 2930 statim
1260 2874 1318 2928 in
1373 2888 1544 2929 naves
1607 2873 1766 2930 ducis
1824 2873 2004 2941 magni

425 2980 588 3030 quam
626 2973 935 3036 promptam
985 2967 1098 3036 jam
1150 2968 1421 3022 haberent
1468 2967 1646 3023 classe
1681 2983 1774 3022 eas
1805 2983 2008 3036 capere

427 3056 784 3126 detinereque
834 3067 895 3112 ut
940 3060 1172 3115 hostiles
1214 3059 1317 3114 sub
1349 3067 1462 3113 tuta
1497 3060 1770 3123 custodia,
1803 3060 2008 3129 talique

428 3149 591 3203 initio
623 3149 819 3205 bellum
857 3151 926 3206 iis
978 3151 1188 3206 illatum
1240 3160 1467 3208 strenue
1519 3151 1782 3222 deinceps
1823 3153 2008 3206 conti-

2105 581 2336 652 ἤλπιζεν
2373 581 2475 648 (είς
2497 581 2607 650 γὰρ
2632 579 2963 648 τριακοσίων
2983 577 3341 646 νομισμάτων
3377 575 3692 645 χιλιοστὺας

2102 672 2163 724 τὸ
2191 675 2300 726 πᾶν
2345 671 2608 724 ὲποσοῦτο
2644 670 2744 740 τῆς
2778 669 3152 738 ἀπαιτήσεως)
3187 667 3274 720 ἐπ’
3312 668 3518 734 ὀλίγοις
3567 668 3693 720 ἵστα

2099 767 2201 826 τὰς
2224 764 2419 826 δόσεις,
2450 763 2541 816 τὸν
2565 761 2729 832 θροῦν
2751 760 3138 816 καταστέλλειν
3160 760 3270 812 τῶν
3317 761 3534 814 Ἰταλῶν
3558 761 3690 813 ὑπι-

2105 855 2459 924 σχνούμενος,
2490 855 2580 908 ναὶ
2612 856 2719 926 μὴν
2761 855 2854 908 καί
2886 872 3038 916 τινας
3074 855 3132 918 ἐξ
3166 854 3346 906 αὐτῶν
3396 852 3694 907 ίκανωθὲν-

2102 963 2202 1009 τας
2239 946 2450 1015 μισθοῖς
2484 947 2586 1014 τῆς
2607 947 2742 1015 πρὸς
2779 945 3003 1016 βασιλέα
3022 945 3242 1015 Μιχαὴλ
3278 945 3520 1014 ἅψασθαι
3553 962 3694 1012 συμ-

2105 1041 2476 1109 μαχήσοντας.
2509 1040 2572 1092 Ei
2600 1039 2645 1092 δ’
2682 1034 2796 1103 οὗν,
2850 1039 2966 1091 ἀλλ’
3017 1039 3181 1092 αὐτὸν
3239 1038 3339 1108 μὲν
3384 1039 3479 1090 καὶ
3532 1036 3690 1100 αὖθις

2103 1134 2410 1204 ἀντιπερᾷν
2441 1135 2566 1186 κατ’
2597 1132 2884 1202 ἀνατολὴν,
2919 1133 3011 1184 τὸν
3047 1131 3231 1200 μέντοι
3283 1148 3346 1198 γε
3401 1131 3696 1199 Μπυριγέ-

2106 1243 2220 1295 ριον
2244 1225 2504 1289 Τέντζαν,
2527 1225 2602 1287 ὡς
2630 1227 2723 1278 καὶ
2749 1224 2911 1277 αὐτον
2960 1223 3114 1290 ἄξιον
3163 1222 3224 1275 ὃν
3294 1221 3694 1292 προσδέχεσθαι

2103 1319 2208 1371 ὑπο
2238 1318 2518 1385 μεγίστοις
2554 1319 2666 1382 τοῖς
2696 1318 2984 1384 ὲλπισμοῖς
3018 1316 3514 1384 προσχωρήσαντα,
3555 1330 3696 1382 cup.-

2105 1413 2290 1462 πεῖσαι
2317 1407 2724 1480 παραγενέσθαι
2755 1408 2915 1478 μόνον
2945 1407 3038 1460 ὑπ’
3075 1406 3346 1474 ἀσφαλείᾳ
3395 1407 3461 1475 τῇ
3519 1422 3695 1473 προσ-

2103 1502 2335 1572 ηκούσῃ,
2384 1502 2479 1554 καὶ
2517 1501 2632 1563 τοῖς
2675 1501 2771 1554 ἀπ’
2829 1498 2995 1553 αὐτοῦ
3023 1497 3440 1570 χρυσοόούλλοις
3496 1497 3695 1567 σχόντα

2103 1595 2196 1648 τοῦ
2235 1595 2472 1664 θάρρους
2497 1592 2559 1645 τὸ
2592 1593 2795 1646 ἱκανόν.
2835 1593 3095 1659 Ἒτοιμον
3127 1591 3171 1643 δ’
3196 1585 3338 1643 εἶναι
3379 1588 3570 1643 τοῦτον
3600 1589 3696 1640 καὶ

2107 1685 2491 1757 μισθοφορίαις
2527 1683 2861 1739 ἱκανωθέντα
2896 1685 2976 1755 τῷ
3010 1684 3124 1753 ἰδίῳ
3159 1683 3376 1751 σύναμα
3421 1681 3536 1751 λαῷ
3595 1681 3695 1749 τὴν

2105 1777 2242 1845 πρδς
2273 1776 2364 1828 τὸν
2387 1775 2506 1829 νέον
2531 1774 2758 1844 βασιλέα
2799 1773 3137 1845 πορευθῆναι
3175 1773 3422 1842 σφοδρῶς
3486 1771 3695 1842 ἰσχυρί-

2028 1891 2075 1948 B
2103 1864 2244 1926 ζετο.
2273 1865 2461 1920 Ταῦτα
2489 1866 2665 1934 λέγων
2697 1866 2790 1919 καὶ
2829 1865 3053 1917 πλείονα
3100 1864 3248 1932 αἱρεῖ
3298 1862 3398 1932 τὴν
3463 1863 3696 1930 γνώμην

2104 1960 2305 2012 αὐτίκα
2332 1959 2425 2012 τοῦ
2456 1958 2742 2027 βασιλέως.
2774 1959 2885 2010 Καὶ
2909 1957 3025 2026 ἅμα
3059 1958 3194 2026 προς
3227 1955 3326 2023 μὲν
3383 1955 3474 2006 τὸν
3527 1957 3580 2008 Μ
3595 1970 3696 2006 πυ-

2107 2051 2348 2120 ριγέριον
2377 2052 2588 2113 πίστεις
2618 2049 3058 2120 χρυσοϐοὑλλειοι
3100 2048 3492 2117 σχεδιάζονται,
3531 2047 3696 2110 αὐτὸς

2103 2145 2159 2198 δὲ
2191 2145 2259 2197 τὰ
2285 2145 2455 2197 πολλὰ
2487 2147 2588 2211 μὲν
2624 2145 2716 2198 καὶ
2745 2145 2839 2211 ἀφ’
2889 2141 3089 2195 ἑαυτοῦ
3145 2141 3223 2209 τῷ
3274 2141 3492 2210 μεγάλῳ
3541 2139 3695 2191 δουκὶ

2107 2235 2467 2308 προσνείμας,
2520 2237 2588 2290 τὰ
2633 2236 2858 2290 πλεῖστα
2919 2233 2976 2287 δὲ
3027 2234 3120 2286 καὶ
3149 2234 3212 2285 ἐκ
3236 2233 3346 2285 τῶν
3401 2231 3491 2285 τὸν
3547 2231 3696 2282 σῖτον

2110 2503 2166 2556 7.
2230 2502 2488 2556 Accessus
2542 2500 2611 2554 ad
2665 2503 3034 2570 imperatorem
3092 2497 3240 2550 ducis
3291 2497 3539 2566 moguiet
3597 2512 3693 2563 pro

2613 2570 2938 2641 Mpyrigerio
2991 2570 3195 2638 petilio.

2185 2687 2252 2740 At
2288 2701 2519 2756 magnus
2569 2685 2679 2738 dux
2728 2683 3043 2752 intelligens
3091 2681 3359 2736 oll‘ensum
3401 2680 3696 2750 imperato-

2111 2795 2224 2835 rem
2263 2785 2429 2831 tanta:
2461 2777 2514 2830 in
2548 2775 2821 2844 stipendia
2876 2775 3137 2844 petitione
3172 2773 3442 2842 pecuniae,
3489 2771 3692 2838 despe-

2112 2888 2355 2942 ransque
2387 2879 2632 2925 trecenta
2667 2883 3016 2924 nummorum
3054 2867 3224 2920 millia
3249 2867 3494 2936 (totidem
3525 2865 3694 2936 492

2111 2965 2258 3020 enim
2297 2964 2692 3034 postulaverat)
2730 2961 2799 3015 ab
2849 2977 2915 3015 eo
2966 2976 3126 3028 pOSse
3159 2974 3398 3028 unquam
3431 2959 3691 3028 exprimi,

2111 3075 2173 3112 ea
2233 3059 2287 3113 in
2344 3060 2506 3127 longe
2567 3057 2836 3109 minorem
2894 3056 3170 3109 contraxit
3214 3066 3510 3114 summam,
3545 3052 3599 3105 in
3633 3067 3695 3106 sc

2112 3153 2384 3221 recipiens
2435 3150 2693 3206 donativo
2731 3163 2840 3203 non
2880 3163 3082 3216 magno
3111 3187 3124 3210 ,
3163 3161 3265 3201 nee
3311 3162 3456 3216 aegre
3487 3146 3556 3200 ab
3585 3146 3694 3199 im-

427 3252 600 3292 nuare
635 3238 1024 3304 occurrendoi,
1059 3240 1468 3310 subeundisque
1503 3255 1843 3310 quacunque
1877 3241 2010 3295 inci-
2041 3245 2084 3302 C
2119 3255 2369 3314 peratore
2415 3258 2514 3311 pro
2553 3243 2707 3312 copia
2745 3239 3000 3311 praesenti
3050 3238 3414 3304 numerando,
3443 3253 3563 3293 sese
3591 3252 3690 3308 pa-

429 3329 626 3383 derent
657 3331 937 3399 periculis,
969 3331 1136 3386 etiam
1167 3334 1446 3387 navalium
1479 3349 1603 3388 eum
1631 3334 1809 3389 classe
1843 3333 2007 3389 Cate-

429 3421 553 3476 lana
606 3424 958 3491 praeliorum;
1019 3425 1285 3494 omnique
1335 3425 1498 3480 modo
1546 3425 1884 3495 prohibendo
1917 3443 2006 3492 ne,

427 3524 860 3585 quantacunque
939 3517 1027 3571 his
1084 3517 1365 3572 admoveri
1426 3519 1675 3588 partibus
1749 3519 2009 3588 deinceps

429 3609 636 3677 poterit
689 3607 935 3676 potentia
991 3609 1174 3677 gentis
1229 3609 1418 3673 istius,
1482 3609 1748 3676 proﬁcere
1803 3611 2010 3664 nostris

430 3697 648 3753 damnis
684 3710 737 3753 et
764 3713 1096 3770 progressus
1137 3699 1316 3754 facere
1356 3701 1420 3754 ad
1467 3701 1881 3770 oppressionem
1911 3701 2012 3753 im-

430 3791 572 3861 perii
610 3801 795 3859 queat.
832 3791 958 3846 ll:ec
997 3791 1298 3859 imperator
1347 3793 1584 3848 audiens
1635 3809 1773 3846 vana
1829 3795 2012 3863 plera-

427 3871 541 3949 que
571 3891 625 3938 et
656 3885 759 3938 ﬁde
787 3883 1012 3953 indigna
1045 3884 1283 3948 censuit,
1331 3885 1530 3954 partim
1567 3885 1769 3939 invidia
1806 3887 2007 3956 partim

433 3975 631 4029 fraude
663 3983 962 4044 astutoque
1009 3975 1244 4031 artiﬁcio
1277 3977 1510 4045 conﬁngi
1564 3993 1594 4032 a
1627 3978 2014 4034 Genuensibus

432 4068 564 4121 talia
623 4075 972 4138 suspectans.
1011 4066 1290 4123 Prmbcbat
1346 4069 1394 4124 ei
1462 4069 1878 4127 fundamentum
1934 4073 2015 4128 sic

432 4157 696 4228 Opinandi
745 4157 1024 4213 declarata
1059 4157 1268 4212 dudum
1307 4174 1494 4215 eorum
1534 4161 1922 4216 malevolentia
1957 4162 2011 4216 in

433 4267 690 4321 magnum
728 4253 951 4316 ducem,
985 4251 1097 4320 jam
1139 4261 1253 4306 tum
1283 4253 1509 4322 quando
1535 4252 1712 4323 ipsum
1745 4254 2016 4310 Constan-

435 4342 664 4406 tinopoli
721 4341 1097 4409 egredientem
1155 4342 1272 4394 rixa
1326 4351 1555 4396 cruenta
1619 4350 1749 4394 sunt
1808 4341 2013 4397 adorti.

437 4429 589 4481 lland
621 4430 735 4483 scio
769 4431 934 4482 etiam
973 4445 1042 4483 an
1076 4444 1182 4483 non
1221 4430 1453 4483 multum
1493 4430 1730 4484 valuerit
1774 4431 1839 4485 ad
1874 4432 2019 4485 miti-

435 4519 676 4586 gandum
735 4519 862 4572 duci
912 4535 1110 4589 magno
1157 4520 1507 4589 imperatoris
1557 4521 1840 4584 animum,
1896 4537 2019 4591 pra-

2117 3343 2371 3388 caturum
2434 3333 2758 3386 Latinorum
2819 3345 3067 3383 murmur
3098 3340 3151 3382 et
3196 3328 3394 3381 horum
3444 3329 3492 3382 ei
3535 3329 3696 3398 plene

2117 3426 2601 3483 reconciliatnrum
2655 3424 2990 3478 voluntates.
3055 3420 3338 3474 Nuntiavit
3377 3421 3545 3474 etiam
3579 3420 3694 3488 jam

2115 3521 2385 3591 quosdam
2417 3533 2493 3573 ex.
2521 3517 2608 3582 iis,
2643 3529 2803 3586 prout
2854 3515 3160 3584 imperator
3204 3529 3264 3568 se
3297 3513 3436 3566 velle
3481 3513 3696 3582 signiﬁ-

2117 3623 2340 3677 casset,
2398 3627 2428 3666 a
2472 3625 2532 3666 se
2588 3609 2850 3665 mercede
2893 3609 3197 3664 instrictus
3253 3606 3447 3661 idonea
3503 3620 3697 3662 versus

2119 3704 2465 3774 imperatoris
2509 3701 2794 3758 Michaelis
2840 3709 3047 3766 castra,
3078 3699 3199 3769 ejus
3243 3699 3508 3769 auspiciis
3555 3699 3696 3752 mili-

2121 3808 2350 3861 laturos,
2389 3796 2496 3851 iter
2522 3796 2848 3866 arripuisse.
2887 3795 2957 3848 Se
2988 3809 3118 3849 vero
3146 3801 3397 3863 paratum
3431 3791 3695 3856 ostendit,

2119 3887 2260 3958 quod
2301 3888 2352 3942 id
2384 3890 2549 3941 etiam
2587 3887 2690 3940 sibi
2743 3902 2868 3941 esse
2925 3885 3078 3940 cordi
3124 3884 3467 3939 declarassrat
3512 3884 3700 3950 Augu-

2119 3989 2258 4043 stus,
2315 3995 2440 4034 cum
2502 3979 2730 4048 reliquis
2788 3979 2840 4031 in
2879 3975 3214 4031 Orientalem
3277 3976 3458 4029 redire
3517 3975 3700 4028 conti-

2122 4081 2368 4125 nentem.
2417 4069 2808 4140 Mpyrigerinm
2863 4067 3127 4122 Tentzam
3193 4067 3338 4135 quod
3402 4068 3698 4132 attineret,

2123 4181 2228 4218 non
2263 4162 2434 4216 videri
2471 4161 2924 4216 committendum
2965 4172 3025 4215 ut
3071 4160 3153 4214 vir
3187 4172 3371 4214 tantus
3423 4170 3530 4213 tam
3586 4176 3706 4214 ma-

2123 4256 2243 4328 gnis
2277 4256 2542 4325 appulsus
2577 4255 2776 4323 spebus
2814 4255 3004 4308 irritus
3058 4255 3460 4309 remitteretur.
3503 4253 3704 4308 Videre

2122 4347 2318 4402 saltem
2373 4347 2678 4400 sustineret
2756 4346 3036 4398 hominem
3107 4346 3386 4415 Augustus
3449 4355 3702 4414 paratum

2124 4441 2246 4510 ejus
2282 4439 2570 4509 majestati.
2613 4453 2672 4492 se
2722 4439 2941 4500 sistere.
2981 4438 3024 4493 si
3080 4437 3366 4508 praemissa
3401 4437 3704 4493 securitate

2126 4533 2192 4587 ad
2254 4531 2308 4585 id
2342 4531 2536 4585 idonea
2572 4542 2816 4592 vocetur,
2872 4530 2974 4582 hoc
3022 4539 3105 4584 est
3151 4529 3197 4583 si
3231 4527 3355 4581 dato
3399 4529 3453 4582 in
3502 4544 3704 4583 manus

437 4626 646 4678 vasque
694 4610 762 4665 de
818 4611 913 4665 illo
957 4611 1304 4680 suspiciones
1335 4613 1684 4676 avertendas.
1724 4614 2008 4669 conscien-

2121 4623 2223 4694 ipsi
2283 4622 2580 4692 diplomate
2633 4621 2985 4691 imperatoris
3047 4637 3214 4675 aurea
3251 4621 3494 4674 ’munito
3553 4620 3704 4675 bulla

439 4705 513 4757 tia
568 4711 677 4756 tam
725 4711 857 4757 artae
883 4702 1188 4768 aﬂinitatis,
1239 4719 1344 4773 qua
1371 4705 1472 4759 sibi
1502 4721 1625 4759 eum
1663 4705 2010 4771 admoverat,

437 4803 493 4846 et
531 4793 844 4847 reverentia
891 4801 1081 4848 sancto
1117 4793 1278 4863 iurati
1324 4809 1448 4848 cum
1477 4809 1543 4849 eo
1581 4794 1671 4849 tali
1720 4795 2015 4851 occasione

443 4884 687 4939 finde-ris.
741 4881 840 4938 His
893 4885 1224 4939 crediderim
1271 4886 1527 4955 equidem
1587 4886 1844 4956 obseptas
1905 4887 2018 4941 An-

440 4975 585 5042 gusti
619 4975 1121 5042 auresquamlibet
1178 4975 1575 5031 verisimilibus
1628 4977 1682 5032 in
1721 4987 1828 5031 tam
1874 4993 2016 5048 prae-

439 5066 697 5134 judicata)
725 5068 911 5135 gratia:
943 5069 1120 5120 virum
1171 5067 1368 5122 delatis
1412 5068 1743 5122 criminibus
1791 5069 2019 5124 minime

441 5157 710 5226 patuisse.
737 5157 1128 5212 Genuensibus
1164 5169 1348 5214 tamen
1385 5160 1526 5214 idem
1571 5160 1864 5216 declaratze
1894 5161 2016 5216 ﬁdei

444 5265 509 5302 ac
545 5250 940 5304 benevolentiae
998 5250 1054 5304 in
1111 5261 1218 5303 tam
1273 5250 1514 5306 oiIiciose
1559 5253 1900 5308 consulendo
1937 5254 2012 5308 rei

445 5339 706 5396 Romanae
739 5342 944 5410 gratias
979 5343 1085 5412 rgit
1117 5344 1408 5406 maximas,
1441 5345 1692 5400 hortatus
1727 5346 1792 5400 de
1821 5359 2018 5402 caetero

446 5443 504 5487 ut
557 5433 610 5486 in
641 5448 844 5487 arcano
886 5449 1006 5500 quae
1039 5435 1416 5490 indicaverunt
1451 5436 1668 5491 interim
1704 5438 1970 5493 haberent
2001 5455 2015 5493 :

449 5541 509 5580 se
535 5527 684 5580 enim
715 5527 995 5596 impertita
1030 5527 1226 5580 notitia
1259 5544 1485 5582 usurum
1517 5531 1659 5584 haud
1691 5532 1932 5599 segniter
1963 5531 2017 5584 in

447 5627 768 5688 posterum,
832 5619 1166 5685 invigilantlo
1234 5631 1392 5688 prout
1474 5638 1566 5693 par
1639 5632 1782 5678 esset
1857 5624 2019 5679 saluti

447 5715 708 5780 publicat,
787 5725 836 5767 et
913 5730 1032 5783 (ιιι-,υ
1133 5715 1238 5768 huc
1320 5715 1689 5772 conducerent

451 5805 681 5869 “agendo.

1792 5725 2019 5788 impigre

2122 4715 2281 4786 plena
2329 4713 2432 4784 ipsi
2482 4713 2680 4768 ﬁducia
2715 4714 3000 4783 contingat
3036 4713 3357 4768 honoriﬁca:
3404 4711 3706 4766 admissio-

2122 4802 2208 4858 nis
2255 4811 2309 4856 et
2357 4801 2454 4856 tuti
2509 4814 2632 4872 post
2689 4802 3029 4871 colloquium
3079 4813 3357 4870 receptus.
3398 4800 3576 4870 Atque
3613 4801 3705 4856 hic

2120 4895 2476 4950 vehementer
2506 4895 2862 4949 asseverabat
2903 4893 3316 4964 paratissimum
3372 4893 3518 4946 hunc
3552 4907 3702 4955 esse,

2116 4985 2300 5039 dnctis
2327 5000 2515 5040 secum
2541 4983 2816 5038 universis
2850 4984 3054 5052 qnibns
3088 4990 3321 5052 prmerat
3357 4981 3557 5051 copiis,
3595 4982 3707 5038 sub

2113 5075 2351 5146 junioris
2398 5075 2630 5144 Augusti
2661 5075 2818 5144 signa
2858 5073 3160 5144 proﬁcisci,
3199 5089 3312 5126 rem
3365 5073 3487 5140 ejus
3531 5073 3705 5124 ductu

2118 5176 2345 5224 strenue
2390 5176 2698 5236 gesturum.
2763 5163 2890 5219 Haec
2937 5176 2992 5220 et
3030 5167 3188 5233 plura
3225 5163 3539 5218 istiusmodi
3591 5163 3705 5216 dux

2119 5276 2352 5329 magnus
2406 5274 2717 5312 memorans
2750 5274 3038 5312 assensum
3085 5260 3138 5312 in
3175 5273 3328 5311 suam
3371 5257 3704 5310 sententiam

2118 5351 2305 5405 statim
2368 5349 2555 5418 rapuit
2594 5349 2853 5417 Augusti.
2916 5349 3140 5402 Litterae
3191 5348 3360 5418 igitur
3407 5361 3572 5400 aurea
3618 5347 3709 5400 in-

2130 5444 2316 5511 signes
2363 5441 2550 5505 bulla,
2605 5439 2808 5508 quibus
2849 5439 2984 5493 ﬁdes
3042 5438 3194 5492 ﬁeret
3251 5438 3406 5491 liberi
3444 5450 3708 5490 accessus

2130 5532 2426 5599 securique
2471 5547 2750 5594 recessus,
2792 5531 3121 5601 Mpyrigerio
3162 5531 3550 5599 expediuntur.
3586 5527 3709 5596 ipse

2131 5632 2311 5677 autem
2363 5622 2643 5694 Augustus
2695 5623 2881 5677 multis
2916 5633 3237 5690 prtcsentetn
3290 5636 3549 5690 magnum
3603 5619 3708 5673 du-

2133 5731 2251 5767 t'em
2295 5715 2542 5768 donariis
2585 5715 2897 5779 cumulatis,
2951 5715 3265 5784 pleramque
3314 5713 3538 5782 imnper
3579 5727 3707 5776 par-

2140 5820 2243 5860 lt‘ltl
2275 5809 2548 5876 \‘Ccf‘galis
2575 5807 2915 5862 frumentarii
2955 5807 3128 5863 cidem
3168 5807 3514 5876 postumtlnm
3546 5820 3703 5858 Inan-
