4024 6428
342 377 444 445 541

1260 391 1358 451 DE
1399 389 1848 454 ANDRONICO
1885 391 2361 456 PAL.’EOLOGO
2402 397 2546 459 LIB.
2608 397 2711 457 VI.

3499 395 3606 460 διο

346 499 690 564 συναγόντων
717 501 980 569 κελεύσας
1011 504 1322 574 ἀναλαΰεῖν,
1359 510 1498 581 μετὰ
1534 511 1712 581 πάσης
1751 511 1920 580 εὐμε-
1948 514 1991 571 Δ
2025 512 2354 582 προστάσσει
2385 515 2670 585 πράττειν.
2709 514 2802 567 Ἐκ
2833 514 3040 568 τούτων
3087 514 3220 583 γοῦν
3259 517 3353 568 καὶ
3405 514 3480 584 τῷ
3517 532 3606 583 με-

345 592 491 655 νείας
523 594 824 664 ἐκπέμπει.
914 642 919 647 .

340 717 416 780 η’.
447 713 617 766 Αιτία
643 711 752 782 τῆς
772 715 878 769 τοῦ
905 717 1251 784 σιτοκρίθου
1284 717 1646 788 συναγωγῆς
1680 717 1796 773 ἀπὸ
1822 717 1924 772 ἃύ-

1048 805 1222 852 σεως.

415 875 488 926 Τὸ
507 875 564 928 δὲ
594 876 688 930 τοῦ
721 879 1191 950 ἐπισυναγομένου
1223 883 1533 952 σιτοκρίθου
1577 884 1772 937 τοιόνδ’
1825 877 1918 953 ἦν.

344 967 423 1019 Τὰ
469 968 568 1035 μὲν
599 970 707 1038 γὰρ
738 972 836 1038 τῆς
867 974 1135 1043 ἀνατολῆς
1170 975 1264 1028 καὶ
1312 975 1434 1028 λίαν
1473 975 1809 1045 ὲξηπορήθη,
1847 975 1922 1037 ὡς

348 1058 513 1128 μηδὲν
537 1061 682 1128 ἔχειν
712 1063 959 1117 ἐντεῦθεν
989 1065 1085 1136 τὴν
1111 1066 1412 1134 βασιλείαν,
1465 1068 1666 1135 μᾶλλον
1700 1067 1799 1135 μὲν
1830 1066 1922 1120 οὖν

345 1153 442 1206 καὶ
495 1153 742 1223 ἀνάγκην
783 1157 1121 1225 καταστῆναι
1179 1159 1319 1229 ὑπὲρ
1373 1161 1588 1229 ἐκείνης
1658 1157 1924 1214 ἐκκενοῦν

346 1245 632 1314 χρήματα.
687 1245 832 1301 Ἡδὲ
882 1249 991 1301 τῶν
1032 1251 1362 1304 Μακεδόνων
1416 1253 1512 1306 καὶ
1560 1250 1713 1313 δύσις
1771 1253 1923 1306 πᾶσα

347 1339 442 1390 καὶ
483 1337 605 1390 λίαν
639 1339 962 1410 εὐφόρησεν,
996 1344 1043 1395 εί
1073 1344 1168 1396 καὶ
1201 1344 1275 1412 μὴ
1301 1342 1495 1397 εὔωνοι
1535 1346 1582 1396 oi
1612 1345 1817 1412 καρποὶ
1863 1343 1921 1410 ἐξ

347 1426 526 1480 αὐτῶν
559 1427 646 1498 [Ρ.
688 1428 817 1500 545]
847 1430 1071 1485 ἀλὼνων
1093 1427 1253 1502 ἦσαν,
1288 1431 1401 1485 ἀλλ’
1431 1431 1504 1496 ὡς
1521 1433 1578 1484 ὲν
1607 1432 1786 1501 καιρῷ
1822 1448 1921 1501 με·

347 1520 534 1586 γίστου
557 1521 718 1588 λιμοῦ
735 1524 760 1574 ὁ
781 1523 924 1585 σῖτος
951 1523 1401 1592 διεπιπράσκετο,
1428 1525 1534 1578 τῶν
1581 1524 1701 1577 κατ’
1731 1526 1922 1576 ἀνατο-

346 1607 444 1677 λὴν
514 1612 651 1680 πρὸς
703 1611 856 1664 δύσιν
911 1614 1410 1684 μετενηνεγμένων,
1444 1613 1611 1666 Ταῦτ’
1663 1614 1771 1684 ἄρα
1825 1614 1922 1666 καὶ

349 1701 605 1772 βασιλεὺς
639 1702 843 1772 πόρους
873 1706 1131 1770 ἐπινοῶν,
1157 1707 1318 1760 τοῦτο
1352 1707 1453 1776 μὲν
1483 1707 1592 1760 τῶν
1619 1708 1754 1778 πρὸς
1794 1708 1920 1772 τοὺς

358 1795 597 1856 Ἰταλοὺς
634 1796 1002 1863 μισθωμάτων
1036 1798 1399 1869 ὑπερηφάνων
1441 1798 1631 1861 ὄντων,
1675 1798 1831 1851 τοῦτο
1861 1797 1918 1849 δὲ

2029 604 2181 675 γάλῳ
2207 606 2358 658 δουκὶ
2390 607 2650 670 κελεύσας
2679 606 2920 660 δίδοσθαι
2970 607 3214 678 ἀργύρου
3271 626 3331 660 τε
3364 610 3456 661 καὶ
3488 625 3616 676 χρυ-

2032 697 2148 749 σίου
2192 697 2680 762 ἀπεμπολούντων,
2736 700 2834 752 καὶ
2891 699 3186 769 ἀνακωχὴν
3226 698 3336 750 τῶν
3401 697 3612 750 ἐκείνου

2031 787 2196 859 σχὼν,
2261 788 2330 842 τὰ
2361 791 2489 858 περὶ
2527 789 2620 842 τοῦ
2684 790 3064 860 Μπυριγερίου
3116 788 3505 851 διεὸουλεύετο,
3537 789 3615 851 ὡς

2028 883 2225 936 αὐτίκα
2246 882 2498 936 κάκεῖνον
2523 884 2909 953 προσηκόντως
2953 885 3045 937 καὶ
3075 882 3148 944 ὼς
3184 884 3394 943 ἐκεῖνος
3451 881 3616 949 ἠλπί-

2028 995 2114 1030 κει
2155 977 2568 1045 ὑποδεξόμενος.
2611 977 2708 1030 Διὰ
2746 976 2918 1031 ταῦτα
2964 978 3061 1030 καὶ
3099 975 3207 1029 τῶν
3262 975 3404 1029 κατὰ
3462 976 3616 1026 δύσιν

2029 1067 2294 1137 προνοιῶν
2325 1069 2550 1138 ἥπτετο,
2583 1070 2677 1122 καὶ
2708 1067 2768 1121 τὸ
2797 1070 2980 1139 τρίτον
3023 1071 3087 1120 ὲκ
3137 1067 3344 1120 τούτων
3369 1066 3572 1137 ἀφῄρει
3592 1079 3610 1095 ⁸

2026 1161 2095 1214 τὰ
2139 1160 2238 1230 γὰρ
2256 1159 2363 1212 τῶν
2395 1160 2602 1229 μισθῶν
2629 1160 2736 1211 τῶν
2757 1159 2899 1212 κατᾶ
2925 1159 2992 1212 τὰ
3027 1159 3302 1228 ἀνάκτορα
3327 1157 3614 1210 ὲκδουλευ-

2025 1253 2193 1306 όντων
2230 1253 2326 1305 καὶ
2359 1249 2466 1319 πρὸ
2526 1251 2735 1322 χρόνων
2779 1249 3006 1320 διεκόπη
3053 1250 3245 1302 πάλαι.
3291 1249 3454 1301 Ἀλλὰ
3512 1265 3612 1301 και
3689 1277 3697 1292 ι

2024 1344 2086 1397 τὸ
2115 1347 2357 1414 νόμισμα
2382 1342 2472 1395 διὰ
2501 1323 2600 1412 τὶἶν
2652 1343 2842 1412 χρείαν
2881 1340 3286 1411 ὲκιϐδηλεύετο.
3342 1341 3616 1410 Πρότερον

2028 1437 2127 1508 μὲν
2178 1436 2284 1506 γὰρ
2327 1435 2419 1488 ἐπὶ
2465 1435 2717 1488 Ἰωάννου
2750 1435 2842 1488 τοῦ
2897 1435 3074 1488 Δούκα
3117 1433 3180 1486 τὸ
3222 1433 3469 1503 δίμοιρον
3521 1431 3617 1484 τοῦ

2024 1527 2286 1582 ταλάντου
2314 1527 2421 1579 τῶν
2443 1527 2798 1596 νομισμάτων
2828 1526 3036 1596 χρυσὸς
3063 1520 3129 1595 ἦν
3160 1525 3423 1592 ἄπεφθος,
3487 1523 3513 1574 ὅ
3547 1523 3614 1591 δὴ

2024 1619 2116 1673 καὶ
2141 1622 2169 1672 ό
2200 1618 2259 1682 ἐξ
2285 1617 2495 1670 ἐκείνου
2527 1617 2764 1687 διετήρει
2797 1635 2812 1650 ο
2857 1617 3083 1686 ὕστερον
3138 1617 3196 1669 δὲ
3249 1617 3361 1668 ἐπὶ
3392 1613 3620 1684 Μιχαὴλ

2022 1711 2119 1780 τῆς
2148 1709 2354 1772 πόλεως
2386 1707 2641 1778 ἁλούσης,
2671 1708 2760 1760 διὰ
2792 1708 2886 1771 τὰς
2914 1707 3034 1760 τότε
3067 1709 3192 1760 κατ’
3240 1706 3489 1776 ἀνάγκην
3525 1706 3614 1758 δό-

2025 1818 2159 1863 σεις,
2212 1800 2306 1853 καὶ
2351 1799 2551 1870 μᾶλλον
2605 1800 2739 1870 πρὸς
2822 1798 3095 1861 Ἰταλοὺς,
3165 1797 3620 1866 μετεγεγράφατο

343 1883 444 1966 ,καὶ
472 1883 578 1934 τῶν
605 1883 700 1936 ἐπὶ
737 1884 950 1953 χρείαις
1009 1887 1199 1950 ἄλλαις
1250 1888 1676 1958 δαπανημάτων,
1731 1889 1790 1941 τὸ
1828 1888 1920 1955 ἀφ’
1952 1859 1998 1918 Β
2033 1892 2133 1960 μὲν
2168 1891 2233 1943 τὰ
2257 1890 2366 1944 τῶν
2395 1890 2642 1944 παλαιῶν
2679 1890 2942 1960 σημείων,
2982 1889 3083 1958 τῆς
3143 1889 3353 1951 πόλεως
3409 1905 3616 1958 χαρατ-

276 1988 284 1993 ·
350 1973 583 2028 ἑκάστου
609 1977 861 2044 γεωργοῦ
885 1977 1157 2046 ὀλίγιστον
1186 1982 1265 2042 είς
1309 1981 1492 2048 μεῖζον
1550 1979 1665 2050 ἅμα
1713 1996 1928 2049 συμπο-

354 2067 480 2121 σοῦν
502 2068 666 2137 ἔγνω,
696 2071 792 2125 καὶ
839 2072 1170 2135 ἀποστείλας
1228 2071 1320 2140 ἀφ’
1373 2073 1489 2135 ἑνὸς
1545 2074 1775 2126 ἑκάστου
1821 2071 1930 2125 τῶν

351 2160 746 2231 γεωργούντων
779 2163 918 2233 ὑπὲρ
953 2165 1289 2235 συγκομιδῆς
1309 2165 1610 2234 ζευγίτιδος
1655 2165 1805 2218 σίτου
1833 2165 1931 2234 μὲν

357 2253 574 2322 μοδίους
605 2254 684 2322 ἓξ,
738 2257 936 2329 κριθῆς
977 2258 1034 2311 δὲ
1089 2259 1306 2329 μοδίους
1356 2258 1627 2329 τέσσαρας
1674 2257 1932 2320 τοπικοὺς

354 2433 494 2490 dans
545 2435 800 2500 attribui,
833 2435 1018 2490 laetum
1053 2451 1177 2491 eum
1221 2451 1286 2492 ac
1318 2438 1429 2493 voti
1460 2447 1766 2507 compotem
1805 2453 1930 2493 cum

355 2528 505 2584 omni
557 2529 897 2600 benignitate
941 2530 1172 2585 dimisit.

355 2637 410 2693 8.
463 2637 688 2694 Occasio
732 2649 782 2694 et
823 2640 964 2694 ratio
1020 2642 1207 2696 tributi
1230 2644 1370 2702 quod
1417 2644 1813 2698 tritichordeum
1856 2653 1935 2698 est

1028 2712 1250 2768 dictum.

430 2801 647 2858 Tributi
677 2817 843 2872 porro
875 2804 1162 2858 memorati
1197 2805 1361 2860 modo
1397 2805 1764 2870 frumentarii,
1789 2804 1936 2872 quod

361 2893 527 2962 vulgo
585 2893 896 2962 σιτόκριθον
925 2932 939 2955 ,
985 2896 1141 2964 quasi
1191 2894 1408 2951 diceres
1465 2897 1887 2952 tritichordeum
1917 2938 1933 2963 ,

358 2985 688 3056 appellatum
742 2995 858 3048 est,
903 2986 1019 3041 hac
1069 2987 1221 3056 origo
1264 2997 1428 3056 atque
1479 2988 1755 3043 institutio
1809 2987 1934 3044 fuit.

356 3078 584 3134 Vastata
635 3078 1053 3133 incursionibus
1086 3079 1394 3135 barbaricis
1438 3081 1566 3136 Asia
1598 3090 1653 3136 et
1686 3079 1938 3135 Orienta-

2030 1983 2261 2053 τομὲνης
2284 1982 2534 2046 ὄπισθεν,
2563 1982 2861 2049 καθυφίετο
2922 1981 2976 2034 δὲ
3027 1979 3123 2033 καὶ
3164 1981 3317 2048 παρὰ
3359 1980 3621 2048 κεράτιον-

2030 2074 2092 2126 to
2119 2075 2182 2125 ἐκ
2213 2071 2412 2143 χρυσοῦ
2449 2071 2824 2142 νομιζόμενον,
2852 2071 2926 2132 ὡς
2955 2069 3352 2122 πεντεκαίδεκα
3380 2067 3514 2138 πρλις
3545 2065 3616 2119 τὰ

2032 2165 2454 2234 εἰκοσιτέσσαρα
2477 2164 2749 2233 γίνεσθαι.
2798 2161 3251 2226 Μεταλλάξαντος
3301 2162 3347 2214 δ’
3405 2161 3616 2213 ἐκείνου

2033 2258 2299 2328 πρότερον
2325 2256 2424 2327 μὲν
2462 2257 2541 2319 είς
2563 2255 2940 2326 δεκατέσσαρα
2974 2257 3234 2326 περιέστη
3290 2253 3426 2323 πρὸς
3453 2252 3612 2317 δέκα,

2033 2441 2226 2509 injecit
2269 2439 2634 2509 pensionibus
2683 2453 2805 2507 quae
2851 2436 3172 2506 reipublicae
3219 2433 3490 2489 ministris
3520 2448 3616 2501 per

2038 2541 2252 2588 tractus
2311 2530 2586 2586 Occiduos
2651 2528 2857 2584 dudum
2923 2527 3242 2583 constituite
3310 2525 3614 2592 quotannis

2035 2626 2213 2680 adhuc
2273 2623 2652 2677 solvebantur.
2715 2619 2822 2674 Has
2876 2621 3035 2675 tertia
3097 2629 3246 2688 parte
3310 2618 3613 2672 diminuit:

2038 2732 2146 2772 non
2190 2716 2333 2771 enim
2390 2714 2490 2767 fuit
2528 2714 2676 2768 aliud
2723 2712 2870 2782 quod
2933 2712 3224 2781 arriperet,
3257 2727 3377 2764 cum
3420 2719 3614 2764 aucto;

2038 2815 2307 2873 ramenta,
2341 2821 2464 2874 quae
2495 2805 2800 2860 certissima
2836 2803 2991 2873 prius
3022 2812 3076 2857 et
3111 2803 3400 2872 praecipua:
3426 2801 3618 2856 condi-

2037 2901 2206 2955 tionis
2242 2898 2628 2960 habebautur,
2658 2897 3016 2950 servientium
3053 2894 3105 2947 in
3146 2892 3413 2962 imperiali
3448 2893 3614 2946 domo

2039 2991 2413 3062 palatinorum
2465 2990 2577 3060 jam
2638 2989 2848 3058 pridem
2909 2987 3333 3042 intervertisset.
3400 2985 3506 3040 Sed
3559 2992 3615 3039 et

2042 3084 2232 3146 alium,
2295 3083 2441 3136 unde
2496 3082 2657 3137 istam
2706 3081 2760 3135 in
2807 3079 3195 3149 Mpyrigerium
3228 3077 3615 3136 eil'undeudam

357 3169 440 3223 les
495 3177 704 3224 tractus
749 3169 1016 3231 universi,
1061 3179 1292 3224 vacante
1358 3171 1469 3224 illic
1512 3185 1769 3241 agrorum
1819 3171 1936 3225 cul-
1962 3191 2003 3247 ρ
2043 3175 2327 3245 pecuniam
2354 3173 2966 3242 conficeret,quaestum
3003 3170 3333 3240 excogitavit
3365 3185 3427 3223 ex
3460 3168 3617 3223 adul-

357 3267 508 3322 tura,
546 3267 791 3314 extrema
850 3260 1030 3314 victus
1080 3260 1263 3330 inopia
1313 3260 1477 3333 493
1515 3261 1927 3330 premebantur.

356 3354 429 3407 At
479 3350 669 3406 eodem
730 3359 978 3421 tempore
1017 3353 1246 3408 adversa
1305 3357 1593 3408 continens
1657 3353 1929 3424 Europze,

357 3444 677 3499 Macedonia
713 3453 767 3498 et
797 3459 990 3499 omnes
1040 3443 1296 3499 Occidute
1342 3447 1615 3514 regiones,
1655 3447 1932 3502 messibus

358 3544 491 3592 sunt
542 3537 840 3592 uberrimis
889 3537 1094 3591 ditatte.
1138 3537 1255 3591 Non
1317 3539 1505 3603 enim,
1573 3547 1630 3592 ut
1681 3538 1795 3594 fere
1853 3538 1932 3606 fit,

359 3631 702 3686 abundantia
735 3631 992 3684 vilitatem
1043 3645 1273 3686 annonae
1318 3631 1644 3697 induxerat,
1679 3631 1773 3685 sed
1809 3646 1936 3700 pro-

360 3733 485 3796 pter
519 3734 914 3779 concurrentes
968 3737 1034 3778 eo
1089 3724 1329 3780 Asianos
1392 3725 1620 3779 sedibus
1669 3733 1932 3780 extrusos

362 3815 604 3885 propriis
629 3815 700 3868 ita
730 3813 1068 3869 frumentum
1127 3815 1179 3869 in
1227 3831 1442 3870 summa
1485 3815 1737 3884 ‘segctum
1772 3814 1935 3870 uber-

361 3915 474 3961 tate
505 3906 874 3968 vendebatur,
913 3915 972 3962 ut
1018 3906 1178 3961 annis
1233 3908 1314 3960 vel
1376 3908 1616 3962 maxime
1669 3907 1936 3962 famelicis

362 4009 765 4065 consueverat;
796 3998 940 4053 unde
987 4007 1231 4068 quaestus
1269 4000 1585 4053 aratoribus
1617 4008 1671 4054 et
1700 3998 1938 4053 dominis

362 4110 623 4167 agrorum
673 4094 1142 4150 cumulatissimus
1187 4094 1420 4150 redibat.
1482 4095 1597 4150 Hoc
1643 4095 1940 4164 imperator

364 4187 747 4242 animadverso
789 4187 967 4242 locum
1023 4203 1144 4242 esse
1187 4187 1422 4243 credidit
1457 4187 1742 4242 iudictioni
1774 4187 1942 4240 vecti-

363 4282 504 4351 galis
539 4279 689 4342 novi,
722 4295 833 4348 quo
874 4279 1170 4347 plurimum
1215 4279 1407 4347 egebat
1439 4279 1636 4348 partim
1676 4278 1743 4333 ad
1782 4291 1939 4332 coin-

365 4375 673 4445 pescendas
721 4373 1072 4429 mercedibus
1126 4373 1592 4442 repraesentandis
1629 4386 1942 4426 murmura-

367 4471 545 4524 tiones
576 4469 1006 4524 'eontumacium
1052 4466 1396 4529 Latinorum,
1445 4467 1644 4539 partim
1704 4467 1770 4522 ad
1809 4480 1943 4521 usus

2035 3268 2310 3322 teratioue
2363 3273 2599 3319 monetae
2632 3263 2886 3332 publicae,
2922 3263 2976 3316 in
3015 3263 3238 3331 sequius
3275 3260 3614 3314 detrahenda

2037 3361 2304 3431 qualitate
2352 3359 2551 3427 signati
2604 3357 2748 3421 auri,
2807 3355 3078 3422 siquidem
3137 3369 3261 3406 cum
3321 3355 3474 3423 prius
3509 3351 3617 3405 sub

2035 3451 2252 3507 Joanne
2287 3452 2436 3505 Duea
2473 3457 2705 3504 eatenus
2737 3455 2994 3515 corrupta
3026 3445 3191 3517 494,
3226 3451 3374 3499 esset
3407 3443 3616 3497 nummi

2034 3545 2186 3598 aurei
2226 3543 2536 3601 sinceritas
2569 3551 2626 3596 ut
2659 3541 2778 3594 auri
2834 3538 2954 3607 puri
3005 3537 3294 3592 dimidium
3351 3536 3620 3589 duntaxat

2038 3639 2268 3693 haberet
2304 3635 2536 3704 pondus,
2591 3635 2808 3701 reliquo
2853 3648 2884 3687 e
2931 3630 3190 3686 deteriori
3229 3629 3456 3683 materia
3492 3630 3621 3681 sub-

2040 3729 2209 3782 misto
2251 3727 2370 3798 (qui
2437 3741 2571 3781 usus
2638 3739 2815 3794 usque
2887 3723 2955 3777 ad
3024 3723 3309 3780 Michaelis
3369 3731 3618 3790 tempora

2037 3817 2452 3886 perseveravit),
2487 3816 2652 3885 hujus
2686 3816 2882 3886 primis
2935 3815 3118 3878 annis,
3151 3823 3368 3883 recepta
3402 3828 3432 3868 e
3473 3811 3617 3865 Lati-

2039 3915 2130 3966 nis
2174 3909 2681 3978 Coustantinopoli,
2721 3923 2846 3962 cum
2904 3907 3048 3961 idem
3099 3905 3332 3960 Michael
3389 3903 3621 3973 pecunia

2039 4010 2224 4070 egeret
2258 3999 2324 4054 ad
2377 4000 2702 4068 largitiones
2761 3996 3108 4052 necessarias
3137 4034 3151 4059 ,
3205 3994 3508 4064 praesertim
3545 3993 3622 4047 fa-

2041 4094 2266 4149 ciendas
2319 4090 2490 4150 Italis,
2535 4087 2726 4143 reeudi
2778 4098 3057 4142 monetam
3115 4101 3334 4140 omnem
3395 4099 3618 4139 auream

2039 4185 2230 4257 jussit,
2290 4187 2561 4251 praetextu
2618 4178 2948 4232 immutandi
3000 4185 3161 4233 notas
3203 4186 3418 4230 veteres
3454 4189 3619 4229 :nam

2044 4291 2146 4348 pro
2193 4283 2356 4329 antea
2395 4272 2618 4327 usitatis
2649 4270 2818 4340 signis
2849 4270 3040 4325 urbem
3085 4267 3622 4337 Constantinopolim

2045 4369 2102 4424 in
2143 4367 2355 4438 postica
2390 4364 2600 4420 nummi
2630 4363 2770 4418 facie
2801 4363 2977 4417 voluit
3003 4374 3245 4418 exstare.
3283 4361 3483 4415 Verum
3518 4360 3625 4414 ista

2046 4458 2336 4513 occasione
2366 4454 2588 4512 dett‘ivit
2633 4453 2837 4507 metalli
2875 4453 3199 4522 probitatem
3248 4467 3314 4506 eo
3347 4465 3520 4520 usque
3564 4457 3626 4503 ut

365 4563 506 4618 alios
541 4561 979 4618 necessariorum
1012 4569 1348 4630 sumptuum.
1377 4534 1520 4633 Ergo
1547 4561 1714 4617 edicit
1740 4569 1798 4614 ut
1826 4560 1945 4617 sin-
1975 4534 2021 4592 D
2048 4569 2079 4606 e
2112 4551 2306 4620 viginti
2356 4559 2594 4619 quatuor
2645 4546 2898 4616 partibus
2951 4545 3100 4600 aurei
3133 4545 3296 4600 solidi
3332 4544 3454 4598 auri
3483 4542 3633 4598 dune

367 4657 479 4724 guli
512 4649 769 4730 agricolae
797 4669 1112 4709 mensuram
1137 4668 1167 4707 e
1191 4668 1289 4708 sua
1321 4669 1498 4709 messe
1531 4669 1639 4708 non
1667 4667 1942 4722 magnam,

367 4744 596 4798 minime
645 4742 799 4812 gravi
858 4742 910 4796 in
975 4749 1126 4796 tanta
1176 4742 1334 4812 copia
1394 4743 1712 4804 collatione,
1749 4742 1944 4797 darent

364 4835 705 4906 reipublicte,
752 4849 930 4904 eoque
992 4835 1208 4890 modico
1268 4835 1444 4905 pretio
1506 4833 1941 4891 lucrosissimam

367 4927 473 4982 sibi
507 4925 826 4980 facultatem
864 4934 1116 4979 emerent
1144 4923 1403 4979 frumenti
1436 4925 1521 4978 sui
1547 4932 1717 4994 atque
1749 4922 1943 4978 hordei

367 5020 631 5089 plaustris
658 5019 931 5088 bigisque,
976 5032 1198 5088 quoquo
1233 5016 1457 5082 vellent,
1488 5016 1772 5072 venditum
1820 5014 1946 5070 mit-

365 5111 541 5166 tendi.
593 5112 674 5164 Ad
717 5112 820 5166 hoc
849 5110 1146 5180 unicuique
1194 5109 1363 5164 modii
1401 5124 1496 5164 sex
1526 5109 1720 5172 tritici,
1755 5107 1943 5164 hordei

366 5211 624 5272 quatuor,
662 5218 759 5272 per
783 5203 903 5258 loca
940 5203 1155 5272 singula
1187 5200 1460 5270 pendendi
1506 5208 1635 5255 sunt
1666 5199 1941 5269 imperati.

366 5295 447 5349 Ex
481 5296 586 5350 hac
617 5295 913 5350 collectitia
943 5310 1161 5350 annona
1197 5309 1394 5363 magno
1425 5293 1607 5347 statim
1641 5292 1942 5361 divendita,

369 5389 488 5442 auri
546 5389 871 5458 argentique
928 5401 1174 5442 summas
1224 5387 1476 5456 ingentes
1531 5385 1682 5439 reddi
1742 5399 1942 5452 magno

365 5480 492 5535 duci
519 5480 722 5550 jussit;
762 5482 980 5550 istoque
1013 5481 1092 5536 sic
1123 5481 1342 5542 satiato,
1376 5478 1598 5548 quietus
1623 5478 1736 5547 jam
1781 5477 1850 5530 ab
1879 5491 1940 5531 ea

367 5583 526 5642 parte
575 5573 872 5642 imperator
930 5571 1240 5642 Mpyrigerii
1285 5585 1506 5640 quoque
1548 5585 1646 5638 pro
1673 5568 1793 5639 ejus
1817 5576 1945 5622 voto

369 5663 698 5719 muneraudi
733 5661 1121 5733 cogitationem
1150 5662 1433 5730 ingressus
1457 5668 1561 5720 est,
1595 5660 1948 5728 decrevitque

371 5757 547 5825 ipsum
573 5755 640 5810 ad
680 5770 738 5810 se
765 5754 1069 5808 venientem
1103 5752 1398 5807 admittere
1432 5768 1493 5806 ea
1521 5766 1683 5819 quam
1721 5765 1946 5820 sperare

373 5850 528 5905 illum
560 5855 741 5914 norat,
795 5844 1232 5903 honorificentia.
1274 5844 1330 5899 Id
1369 5855 1425 5899 ut
1473 5844 1708 5908 faceret,
1743 5857 1941 5898 manus

2047 4653 2198 4701 taxat
2240 4643 2362 4714 puri
2399 4656 2595 4707 novem
2647 4646 2857 4702 essent,
2888 4637 3203 4708 quindecim
3259 4637 3508 4692 mistura:
3536 4650 3630 4691 se-

2047 4737 2278 4807 quioris.
2323 4735 2456 4790 Post
2505 4732 2796 4788 Michaelis
2830 4740 3066 4787 mortem
3097 4731 3296 4801 exigua
3327 4740 3414 4784 est
3437 4745 3627 4794 emen-

2049 4829 2202 4885 datio
2238 4836 2452 4891 secuta,
2497 4825 2689 4881 decem
2738 4825 2935 4880 saltem
2975 4823 3226 4893 partibus
3254 4823 3376 4877 auri
3410 4821 3627 4892 purgati

2046 4922 2113 4978 ad
2160 4921 2388 4976 vitiosas
2447 4916 2871 4989 quatuordecim
2930 4915 3182 4980 adjectis.
3239 4917 3310 4968 At
3340 4927 3488 4967 nunc
3536 4912 3628 4967 isti

2046 5014 2154 5085 ipsi
2201 5012 2360 5079 probi
2412 5010 2618 5066 metalli
2668 5008 2956 5079 particulae
2987 5007 3278 5061 dimidium
3313 5005 3626 5060 detractum

2047 5105 2223 5162 scoria
2253 5114 2307 5158 et
2334 5103 2657 5157 retrimento
2702 5099 3013 5169 suppletum
3045 5107 3152 5163 est,
3199 5096 3347 5152 unde
3385 5094 3629 5150 securim

2047 5196 2222 5266 inﬂigi
2245 5208 2500 5263 magnam
2529 5192 2654 5247 iidei
2690 5190 3195 5246 commutationum
3223 5198 3278 5243 et
3312 5185 3628 5243 necessario

2050 5302 2234 5341 rerum
2303 5283 2470 5338 victui
2541 5291 2794 5350 aptarqu
2837 5280 3170 5335 commercio
3223 5281 3477 5350 contigit,
3526 5292 3630 5332 nec

2051 5379 2258 5434 exteris
2289 5375 2451 5430 facile
2486 5375 2912 5443 importantibus
2968 5374 3034 5428 ad
3091 5389 3194 5428 nos
3237 5388 3358 5435 sua,
3397 5387 3497 5425 nec
3531 5387 3632 5426 uo-

2051 5473 2183 5525 stris
2243 5468 2650 5523 iuvenientibus
2712 5467 2800 5520 cui
2865 5466 2982 5520 suis
3033 5466 3222 5520 usibus
3260 5460 3629 5517 redundantia

2053 5563 2377 5626 venderent,
2435 5559 2627 5628 utique
2680 5558 2790 5614 illis
2854 5557 3002 5611 haud
3063 5556 3198 5612 satis
3226 5553 3625 5621 accipientibus

2052 5671 2153 5725 pro
2190 5667 2374 5708 merce
2411 5652 2579 5721 proba
2633 5651 2868 5719 pretium
2931 5648 3321 5706 adulteratnm.
3379 5658 3430 5700 et
3469 5662 3632 5700 suam

2051 5745 2298 5801 melioris
2344 5753 2486 5798 notte
2517 5752 2795 5798 monetam
2832 5741 2948 5809 pari
2977 5755 3102 5796 cum
3157 5750 3347 5792 nostra
3386 5738 3465 5790 sic
3499 5753 3632 5789 cor-

2045 5848 2202 5911 rupta
2270 5837 2628 5894 aestimatione
2697 5834 2992 5907 proﬂigare
3065 5831 3478 5888 recusantibus.
3549 5828 3630 5884 Et
