4046 6418
424 394 528 457 543

1615 387 1939 451 GEORGII
1985 383 2472 447 PACHYMERE

3602 363 3710 438 Si;

419 514 517 566 νῦν
551 513 606 564 δὲ
637 511 772 564 ἀλλά
813 510 908 564 καὶ
938 510 1024 580 ἐφ’
1069 510 1330 579 ἡμισείας
1366 473 1429 561 τδ
1458 507 1702 575 ἄπεφθον
1763 504 1998 575 καταμεο
2037 514 2081 566 Α
2110 505 2170 557 τὸ
2200 503 2444 572 ἀσφαλὲς
2474 506 2592 564 τοῖς
2618 499 2892 555 ἐνοικοῦσι
2936 500 3220 569 παρέχειν,
3257 497 3352 551 νῦν
3412 496 3469 550 δὲ
3528 495 3709 550 ἰοσόλα

423 624 641 674 γνυται,
678 607 808 678 παρ’
839 609 904 674 ἣν
936 605 1120 657 αἰτίαν
1164 607 1259 656 καὶ
1309 603 1648 672 δυσπόριστα
1680 601 1779 669 μὲν
1802 601 1866 653 ὲκ
1912 597 2006 650 τοῦ

423 697 618 760 καιροῦ
645 699 713 751 τὰ
757 695 1014 768 χρειώδη,
1049 695 1261 748 δύσωνα
1289 694 1330 745 δ’
1357 692 1515 756 αὖθις
1559 694 1655 745 κοιλ¹
1707 690 1898 753 ταῦτα,
1945 689 2010 758 ἦν

425 790 528 844 πού
562 809 613 842 τι
644 790 739 843 καὶ
781 789 1003 859 φανείη,
1040 788 1330 858 οὲγῑνοντο,
1380 785 1474 838 καὶ
1511 781 1859 854 αἱχμαλωσία
1916 781 2014 833 καὶ

424 883 582 952 λιμὸς
613 879 702 953 ἦν.

428 1040 496 1096 θ’.
547 1040 986 1094 Ἐπισκευασία
1032 1036 1154 1090 τῶν
1194 1038 1321 1089 κατ’
1361 1033 1587 1099 αὐτοὺς
1631 1029 2013 1086 Γεννουττῶν

915 1109 1066 1162 κατὰ
1089 1109 1204 1173 τὴν
1232 1108 1511 1174 περαίαν.

430 1226 482 1283 ι’.
515 1226 650 1295 Περὶ
688 1225 796 1280 τοῦ
845 1224 1132 1293 πειρατοῦ
1172 1222 1450 1295 Ἀνδρέου
1504 1220 1604 1274 καὶ
1655 1218 1769 1286 τῆς
1823 1216 2013 1272 αὑτοῦ

1033 1292 1408 1364 παραδοχῆς.
1463 1305 1476 1322 ⁸
1995 1296 2003 1303 ’

502 1431 587 1501 [Ρ.
612 1429 740 1499 5M]
769 1430 830 1483 ()i
870 1429 1052 1498 μέντοι
1085 1443 1149 1494 γε
1179 1427 1318 1478 κατὰ
1349 1425 1448 1494 τὴν
1475 1424 1631 1478 πόλιν
1667 1446 1682 1475 ι
1707 1421 2010 1486 εννουῖται,

433 1526 730 1593 ἐπειδήπερ
767 1522 878 1574 τῶν
914 1520 1107 1574 κοινῶν
1164 1518 1542 1585 ἀπετύγχανον
1605 1514 2014 1583 βουλευμάτων,

433 1617 529 1670 καὶ
553 1615 672 1668 καθ’
693 1615 889 1676 αὐτοὺς
923 1610 1306 1682 ἠναγκάζοντο
1353 1609 1639 1676 πράττειν,
1695 1606 1794 1675 τὴν
1849 1605 2014 1675 χαλε-

433 1712 541 1765 πῆν
567 1709 669 1777 τῆς
692 1707 921 1776 καρδίας
952 1707 1016 1758 ὲκ
1065 1703 1171 1756 τῶν
1209 1702 1591 1756 ἀκουσθέντων
1641 1699 1878 1770 πήδησιν
1905 1696 2016 1752 τῶν

2117 597 2212 650 καὶ
2250 595 2549 665 πετροϐόλα
2582 592 2960 663 ἐμηχανῶντο,
2997 593 3092 643 καὶ
3127 589 3226 652 τὰς
3252 589 3363 642 τῶν
3385 588 3709 658 οἰκημάτων

2119 689 2548 758 παρακυπτικὰς
2575 689 2631 752 ἐξ
2658 687 2830 757 ὀπτῆς
2861 685 3083 738 πλίνθου
3113 685 3209 738 καὶ
3247 685 3472 737 τιτάνου
3523 700 3711 752 παρῳ-

2117 781 2501 850 κοδομημένας
2537 781 2616 842 εἰς
2644 779 2904 847 ἀσφαλεῖς
2935 777 3233 839 καθίστων,
3269 777 3364 828 νῦν
3395 775 3451 830 δὲ
3489 773 3709 827 συνέλε-

2116 888 2212 936 γον
2256 872 2519 942 χρήματα
2550 872 2616 924 ὲκ
2647 870 2835 938 κοινῆς
2867 871 2969 938 τῆς
2999 867 3125 923 καθ’
3161 867 3360 930 αὐτοὺς
3381 868 3714 936 συναγωγῆς

2119 964 2405 1026 συνδοσίας
2437 964 2581 1016 κατά
2635 969 2827 1032 καιρὸν
2859 962 3318 1032 ξυμμαχήσουσιν
3359 959 3714 1028 ἀποχρήσον-

2115 1072 2205 1108 τα.
2235 1056 2346 1107 Καὶ
2377 1058 2513 1125 νῆας
2543 1056 2643 1118 τὰς
2687 1056 2788 1124 μὲν
2813 1049 2982 1124 εἶχον,
3015 1055 3116 1116 τάς
3139 1053 3194 1105 δὲ
3237 1049 3331 1105 καὶ
3357 1050 3709 1120 ἐξηρτύοντο,

2117 1148 2217 1210 τὰς
2254 1149 2297 1201 δ’
2333 1147 2447 1217 ἅμα
2477 1148 2785 1218 ναυμάχοις
2843 1148 2908 1200 ἐκ
2973 1145 3084 1199 τῶν
3140 1143 3450 1212 ἑκασταχοῦ
3511 1143 3712 1197 κοινῶν

2119 1241 2412 1310 συνεδρίων
2440 1240 2560 1294 ’τοῦ
2613 1241 2809 1308 γένους
2861 1239 3043 1293 αὐτῶν
3110 1237 3547 1306 μετεπέμποντο.
3599 1236 3712 1290 Καί

2120 1333 2354 1400 σφισιτά
2373 1332 2506 1400 πρὸς
2530 1332 2765 1401 πόλεμον
2792 1331 2988 1385 ἅπαντ’
3011 1330 3331 1399 ὲξήρτυντο,
3360 1329 3438 1397 (ι’)
3496 1329 3584 1382 ὅτε
3614 1329 3712 1382 καί

2117 1442 2238 1477 τινα
2268 1427 2375 1477 τῶν
2401 1424 2486 1496 [Ρ.
2511 1423 2639 1496 545]
2663 1424 2940 1493 πειρατῶν
2983 1423 3236 1492 Ἀνδρέαν
3290 1423 3708 1491 ὠνομασμένον.

2117 1515 2241 1568 δυσὶ
2265 1518 2609 1586 πειρατικαῖς
2633 1518 2794 1567 ναυσὶ
2815 1514 3160 1584 καταχθέντα
3196 1513 3333 1582 πρὸς
3361 1512 3608 1581 βασιλέα,
3651 1512 3712 1574 δς

2117 1608 2219 1661 οὐκ
2249 1609 2404 1676 ὀλίγα
2441 1610 2540 1679 μὲν
2571 1609 2666 1661 κοιλ⁹
2703 1607 3027 1668 Βενετικοὺς
3057 1606 3386 1674 Γεννουῒτης
3422 1604 3498 1657 ὢν
3548 1605 3714 1658 διετί-

2119 1699 2508 1754 θεικακωτικά
2538 1700 2678 1753 κατά
2708 1700 3008 1763 θάλασσαν,
3065 1697 3305 1768 ὕστερον
3354 1698 3412 1750 δὲ
3467 1697 3562 1750 καὶ
3620 1695 3713 1766 νηῒ

437 1796 582 1848 ίδίων
639 1797 698 1848 ού
752 1797 876 1864 σιγῇ
920 1794 1016 1847 καὶ
1067 1793 1274 1863 ἠρεμίᾳ
1318 1789 1676 1844 κατέστελλον
1737 1790 1849 1858 (τὸν
1909 1791 2015 1862 γὰρ
2052 1834 2092 1890 Β
2121 1790 2433 1861 περιτυχὼν
2454 1791 2724 1859 Περσικῇ,
2751 1789 2847 1842 καὶ
2886 1789 3091 1858 ταύτης
3137 1787 3439 1856 αύτάνδρου
3497 1789 3713 1858 κρατήο

431 1888 616 1954 ἀγῶνᾶ
647 1904 779 1956 φασι
820 1887 1124 1958 προφάσεις
1175 1885 1237 1938 οὐ
1286 1885 1429 1936 πάνυ
1474 1899 1526 1936 τι
1565 1881 1866 1951 δέχεσθαι),
1904 1880 2017 1934 ἀλλ’

431 1983 506 2045 ὡς
555 1983 611 2034 αἱ
663 1980 836 2034 τίτθαι
881 1981 950 2034 τά
997 1978 1372 2033 δυσυπνοῦντα
1401 1975 1512 2028 τῶν
1549 1974 1779 2027 παιδίων
1806 1975 2020 2042 κινήσει

438 2075 639 2144 μᾶλλον
675 2075 770 2126 καὶ
806 2072 1114 2142 μελῳδίαις,
1143 2070 1254 2123 ἀλλ’
1279 2069 1375 2138 οὐχ
1402 2067 1659 2136 ἡσυχίαις
1691 2065 2026 2134 κατακοιμί-

436 2164 588 2226 Const
621 2163 856 2231 (πέφυκε
896 2162 1005 2230 γάρ
1045 2162 1078 2229 ὴ
1134 2159 1336 2222 ἔξωθεν
1385 2159 1597 2226 κίνησις
1632 2155 2020 2224 ὑποφερομένη

439 2257 806 2325 κατακρατεῖν
828 2252 926 2323 τὴν
952 2252 1100 2315 ἐντὸς
1139 2251 1236 2304 καὶ
1284 2249 1428 2302 οὕτω
1478 2249 1721 2318 γαλήνην
1771 2248 2020 2316 ἐμποιεῖν

435 2351 504 2416 τῇ
532 2349 724 2416 ψυχῇ),
767 2345 909 2399 οὕτω
959 2345 1052 2397 καὶ
1099 2339 1247 2396 οὗτοι
1298 2342 1723 2411 ἀλλεπαλλήλοις
1783 2340 2019 2410 πράξεσι

438 2441 534 2494 καὶ
565 2443 814 2509 κινήσεσι
848 2439 938 2492 τὸν
961 2439 1066 2491 τῶν
1091 2437 1302 2490 πολλῶν
1347 2435 1704 2489 κατέστελλον
1764 2432 2015 2503 θόρυϐον.

439 2535 550 2586 Καὶ
588 2533 682 2585 νῦν
718 2534 816 2601 μὲν
865 2530 1162 2601 βαθύτερον
1209 2530 1569 2599 ὲξετάφρευον
1615 2525 1712 2580 καὶ
1748 2525 1836 2588 -ῶς
1871 2523 2020 2594 ὕδωρ

440 2629 503 2680 ὲκ
534 2626 631 2696 τῆς
656 2626 933 2692 θαλάσσης
961 2622 1424 2694 μετοχετεύεσθαι
1455 2620 1680 2675 δυνατὸν
1726 2615 1867 2671 εἶναι
1925 2619 2019 2670 καὶ

439 2821 548 2873 quo
579 2813 631 2857 et
665 2800 957 2856 diiiiciliori
1007 2799 1216 2854 reddita
1256 2797 1633 2868 redemptione
1671 2797 2015 2865 captivorum

440 2907 836 2949 consenescere
868 2893 921 2945 in
951 2891 1197 2944 hostium
1245 2888 1481 2943 vinculis
1523 2887 1776 2942 infelices
1818 2887 1870 2940 in
1902 2901 2019 2940 scr-

439 2989 670 3039 vitutcm
733 2985 871 3053 lapsi
928 2984 1288 3052 cogebantur,
1326 2991 1382 3035 et
1412 2981 1716 3048 intercepta
1747 2979 2018 3049 importa-

441 3080 592 3133 tione
633 3091 866 3132 annonae
905 3076 1076 3130 fames
1107 3075 1313 3144 passim
1347 3072 1742 3126 iuvaleseebat.

515 3313 580 3362 ml
613 3309 806 3362 bellum
840 3324 930 3375 per
968 3323 1044 3372 se,
1088 3306 1201 3358 sine
1251 3303 1585 3372 imperatoris
1630 3303 2023 3373 cooperatione,

514 3380 898 3434 suatittendum.

617 3495 704 3549 10.
742 3493 818 3546 De
847 3493 1024 3562 pirata
1051 3492 1264 3545 Audrea
1291 3497 1340 3544 et
1371 3490 1486 3560 ejus
1525 3488 1850 3558 exceptione.

521 3625 742 3678 Interim
775 3625 1096 3679 Genuenses
1134 3623 1385 3694 inquilini
1420 3622 1595 3702 urnis,
1628 3630 1690 3677 ut
1719 3623 1773 3676 in
1810 3622 2027 3678 irritum

447 3717 651 3771 abiisse
677 3716 936 3768 viderunt
972 3730 1097 3780 spes
1135 3724 1190 3768 et
1238 3715 1475 3770 consilia
1501 3716 1657 3784 prius
1697 3715 1832 3767 inita
1859 3714 2031 3783 impe-

450 3809 655 3862 ratoris
692 3807 1023 3875 adiungendi
1059 3808 1163 3860 sibi
1222 3807 1276 3860 iu
1323 3807 1645 3862 societatem
1699 3807 1825 3861 belli
1880 3821 2030 3860 com-

452 3900 692 3953 muniter
723 3900 947 3968 gerendi
989 3899 1253 3954 adversus
1287 3913 1382 3954 eos
1421 3915 1560 3968 quos
1611 3899 1913 3953 machinari
1955 3900 2030 3951 ir-

449 3991 766 4059 ruptiouem
817 3991 870 4044 in
921 3999 1098 4046 terras
1135 3991 1352 4060 imperii
1393 4001 1802 4060 compererant,
1837 4007 1900 4045 ac
1950 3993 2029 4046 sic

452 4083 683 4146 privatis
715 4083 820 4138 sibi
851 4085 1050 4152 opibus
1093 4085 1383 4139 consulere
1415 4083 1617 4150 coacti,
1662 4096 1870 4137 motum
1898 4085 2030 4139 sub-

449 4177 751 4230 silicntium
798 4176 1047 4232 cordium
1099 4193 1168 4232 ex
1223 4177 1591 4246 trepidatione
1620 4192 1784 4247 quam
1822 4177 2030 4246 injece-

449 4277 574 4321 rant
621 4269 723 4322 lida
773 4269 977 4323 indi-sia
1028 4282 1279 4333 suorum,
1323 4269 1690 4324 indubitatum
1733 4271 2027 4324 adventum

449 4361 671 4418 hostilis
724 4363 992 4417 adversus
1041 4363 1578 4434 Constantinopolim
1634 4364 1832 4419 classis
1873 4371 2029 4418 εει-ιο

450 4453 856 4516 denuntiantia,
919 4469 1026 4507 non
1074 4454 1298 4508 silentio
1355 4465 1448 4509 aut
1496 4435 1680 4523 quiete
1710 4469 2031 4525 compesce-

417 4545 586 4598 ‘hant
621 4558 634 4596 :
665 4559 841 4613 neque
883 4545 1050 4608 enim,
1100 4547 1247 4614 quod
1284 4546 1389 4601 dici
1437 4546 1600 4619 5,95
1633 4548 1792 4613 solet,
1843 4557 2026 4602 certa-
2058 4526 2104 4582 Β

453 4651 575 4689 men
603 4637 817 4690 instans
847 4637 1202 4706 acquiescere
1235 4639 1634 4707 periclitantem
1668 4641 2025 4710 pratentibus

453 4730 704 4798 patitur:
742 4746 931 4784 verum
968 4743 1024 4784 ut
1055 4734 1297 4786 nutrices
1333 4731 1571 4788 diilicilis
1603 4733 1781 4788 somni
1823 4749 2025 4802 pueros

453 4833 602 4876 motu
665 4823 846 4892 potius
903 4833 957 4877 et
1009 4824 1300 4879 cantilenis
1353 4841 1516 4895 quant
1576 4827 1796 4880 immota
1841 4828 2027 4895 quiete

451 4914 693 4979 sopiunt,
744 4914 874 4982 quia
921 4923 1296 4983 comparatum
1332 4926 1523 4970 natura
1563 4927 1648 4970 est
1693 4925 1753 4970 ut
1800 4918 2027 4986 agitatio

451 5003 684 5057 interior
741 5019 994 5057 somnum
1058 5005 1358 5060 ettcludens
1433 5016 1662 5060 externa
1717 5008 2028 5062 versatione

450 5106 760 5165 superetur,
791 5111 854 5153 eo
899 5098 1024 5152 talis
1070 5097 1250 5152 fructu
1287 5100 1527 5154 victoria:
1578 5113 1688 5169 quo
1720 5101 2030 5169 tranquilli-

451 5196 535 5240 tas
594 5189 788 5242 auimae
843 5189 1121 5255 reddatur,
1182 5192 1260 5246 sic
1312 5205 1364 5246 et
1416 5193 1468 5247 hi
1520 5192 1731 5260 agendo
1779 5193 2027 5260 ferendo,

450 5294 660 5346 susque
695 5281 870 5350 deque
915 5283 1098 5336 omnia
1148 5283 1441 5345 versando.
1473 5283 1724 5338 sollicitis
1755 5286 2030 5352 operatio-

449 5371 649 5436 nibus,
687 5373 928 5427 strenuis
989 5374 1135 5429 ultro
1190 5376 1442 5442 citroque
1493 5377 2027 5441 commeatiouibus,

449 5464 745 5517 tumultum
791 5465 1116 5520 interiorem.
1147 5467 1414 5519 tuentium
1465 5469 1631 5537 vulgi,
1667 5485 1730 5522 ex
1771 5470 2030 5525 instantis

449 5557 872 5625 oppugnationis
905 5565 1118 5612 terrore
1171 5567 1518 5626 conceptum,
1576 5561 1810 5615 delinire
1855 5576 2029 5615 cona-

450 5647 668 5702 bantur.
709 5652 784 5702 Ae
814 5664 964 5703 nunc
1009 5650 1232 5718 quidem
1283 5648 1458 5704 fossas
1506 5669 1607 5706 suo
1655 5653 1856 5707 Galatae
1897 5655 2030 5708 sub-

449 5743 608 5796 urhio
667 5743 1036 5798 circumdatas
1073 5744 1235 5798 altius
1284 5745 1641 5809 excavahant,
1691 5747 1887 5814 quoin
1937 5762 2030 5802 eas

455 5840 591 5896 aqua
646 5834 882 5889 derivari
925 5850 954 5890 e
1001 5835 1138 5891 mari
1177 5845 1359 5908 posset
1404 5838 1744 5907 munitioque
1782 5841 2030 5895 securior

2125 1903 2246 1946 σας.
2278 1883 2371 1944 οὓς
2426 1882 2528 1951 μὲν
2581 1881 2759 1934 ἀνεῖλε
2811 1881 2921 1933 τῶν
2966 1881 3023 1932 ὲν
3060 1881 3227 1949 αὐτῇ,
3265 1879 3360 1942 οὒς
3397 1879 3451 1932 δέ
3500 1895 3562 1946 γε
3620 1879 3716 1932 καὶ

2124 1976 2331 2040 ζῶντας
2392 1975 2675 2044 καθυπῆγε
2735 1971 2812 2041 τῷ
2858 1972 3069 2042 βασιλεῖ
3113 1971 3190 2034 ὼς
3234 1972 3394 2040 δῆθεν
3448 1977 3514 2026 τὰ
3575 1972 3717 2042 ὑπὲρ

2119 2067 2312 2120 τούτου
2343 2066 2555 2136 φρονῶν
2603 2067 2700 2117 καὶ
2755 2065 2880 2125 τοὺς
2935 2062 3098 2115 αὑτοῦ
3146 2063 3516 2132 τροπούμενπ
3568 2066 3719 2118 ἀντι-

2122 2160 2348 2220 πάλους,
2376 2157 2567 2211 τοῦτον
2605 2157 2856 2226 βασιλεὺς
2889 2155 2988 2224 μὲν
3033 2157 3148 2224 μετ’
3186 2154 3471 2225 εὐμενείας
3497 2154 3717 2225 δέχεται

2122 2257 2215 2306 καὶ
2245 2253 2509 2320 ἀλλαγαῖς
2538 2249 2761 2318 ἀγάλλει
2813 2249 2909 2301 καὶ
2948 2247 3026 2318 τῷ
3073 2247 3168 2300 τοῦ
3226 2246 3534 2318 βεστιαρίου
3582 2249 3719 2320 τιμᾷ

2120 2347 2414 2416 ἀξιώματι,
2442 2345 2720 2398 Βενετικοὶ
2753 2343 2808 2396 δὲ
2846 2342 2914 2396 δι’
2937 2343 3130 2412 ἔχθους
3161 2337 3328 2412 εἶχον,
3355 2344 3448 2395 καὶ
3480 2335 3555 2396 ὧν
3588 2360 3721 2412 παρ⁸

2121 2439 2286 2494 αὐτοῦ
2324 2437 2524 2492 ἔπαθον
2558 2436 2963 2505 ἀνταμύνεσθαι
3011 2434 3236 2506 ὥρμων.
3297 2435 3461 2490 Ὅθεν
3495 2436 3592 2489 καὶ
3621 2453 3719 2488 νυ-

2121 2532 2248 2594 κτὸς
2276 2531 2693 2593 ἐπεισπεσόντες
2721 2529 2830 2599 πῦρ
2859 2529 2959 2596 μὲν
2978 2530 3044 2598 τῇ
3080 2531 3180 2600 μιᾷ
3211 2527 3322 2582 τῶν
3353 2528 3499 2600 νηῶν
3561 2529 3716 2582 ἐνιᾶ-

2123 2641 2207 2676 σιν
2240 2625 2304 2676 ὲκ
2341 2622 2434 2675 τοῦ
2492 2622 2751 2691 αἱφνηδὸν
2800 2621 3149 2688 ὲναύσαντες,
3195 2621 3431 2693 θατέρας
3476 2621 3719 2692 ἀποδράο

2121 2802 2222 2856 ista
2282 2802 2496 2856 ratione
2549 2799 2738 2866 reddi;
2815 2816 2964 2856 nunc
3009 2801 3260 2858 ballistas
3315 2810 3369 2856 et
3432 2803 3718 2858 machinas

2120 2895 2266 2952 saxis
2307 2896 2543 2964 telisque
2583 2896 2740 2964 longe
2773 2893 3084 2964 jaculandis
3119 2894 3504 2959 moliebantur,
3549 2904 3601 2951 et
3638 2895 3718 2951 fe-

2121 2997 2335 3043 nestras
2361 2989 2625 3043 domuum
2657 3027 2673 3052 ,
2709 2988 2775 3040 ad
2819 2987 3168 3055 splendorem
3204 2987 3356 3056 prius
3378 2998 3428 3042 ct
3469 2987 3718 3059 magniﬁ—

2123 3083 2358 3136 centiam
2393 3098 2423 3136 e
2458 3083 2626 3135 latere
2663 3095 2727 3134 ac
2785 3095 2958 3150 gypso
3007 3080 3262 3147 speciose
3313 3081 3701 3146 concinnatas,

1281 3219 1284 3222 .
1463 3232 1474 3244 ,
1602 3233 1612 3243 ,
2047 3172 2092 3234 C
2125 3174 2179 3228 in
2231 3173 2553 3227 metuendus
2592 3172 2848 3228 hostibus
2908 3172 3108 3240 pinnas
3164 3180 3221 3226 et
3279 3188 3471 3227 secura
3494 3188 3719 3242 propu-

441 3239 494 3294 9-
526 3239 876 3292 Gem‘ensium
907 3234 1048 3304 apud
1086 3234 1323 3287 Peream
1353 3233 1704 3304 hab'mmm’"
1735 3239 2024 3304 “imarum”
2080 3259 2091 3268 ’
2136 3263 2366 3304 nnnmrln
2436 3262 2718 3304 Vprlahnnl
2749 3278 2762 3304 τ
2825 3269 2983 3304 nlnm'
3039 3263 3408 3304 ranam-olunt"
3469 3263 3718 3304 nnmlnim

2135 3263 2366 3334 gnacula
2436 3262 2763 3324 vertebant;
2825 3269 2983 3334 nunc
3039 3263 3408 3330 congerebant
3469 3263 3719 3332 pecunia:

2135 3354 2242 3406 vim
2273 3368 2337 3405 ex
2375 3353 2660 3406 communi
2696 3327 2986 3406 cnlla'tionc
3019 3353 3249 3408 coloniae
3279 3355 3471 3415 totius,
3499 3357 3723 3408 condu-

2132 3444 2324 3500 cendis
2371 3445 2426 3498 in
2471 3451 2716 3513 tempore
2763 3443 2991 3498 auxiliis
3043 3445 3292 3500 externis
3332 3443 3719 3500 suil'ecturam.

2134 3539 2242 3593 Sed
2303 3547 2357 3593 et
2407 3538 2473 3593 ad
2524 3551 2721 3602 naves,
2751 3553 2888 3606 quas
2922 3537 3202 3592 habebant
3245 3536 3357 3604 jam
3390 3536 3720 3601 instructas.

2133 3631 2270 3686 alias
2305 3630 2656 3686 incessanter
2693 3633 3017 3685 adornanda
3047 3629 3443 3700 adjungebant,
3479 3631 3722 3686 classia-

2133 3725 2355 3794 riosque
2384 3725 2584 3778 milites
2617 3725 2700 3778 sui
2734 3724 2974 3793 generis.
3008 3738 3147 3792 quos
3191 3724 3257 3778 iis
3293 3723 3656 3790 imponerent,
3685 3739 3721 3778 α

2133 3815 2386 3890 conciliis
2418 3830 2530 3869 suae
2557 3814 2759 3884 gentis,
2792 3814 2846 3868 in
2878 3814 3221 3870 circumsitis
3254 3815 3455 3870 insulis
3486 3829 3550 3871 ac
3578 3816 3719 3872 locis

2133 3906 2291 3961 sedes
2345 3906 2714 3969 habentibus,
2775 3907 3149 3975 corrogabant
3201 3917 3574 3971 accersentes,
3625 3908 3717 3964 sic

2133 4000 2268 4054 nihil
2324 4000 2647 4053 omittentes
2709 3999 2762 4052 in
2809 3999 3154 4068 providendo
3193 4007 3394 4054 cuneta
3423 4001 3718 4070 diligenter

2131 4108 2252 4161 quin
2288 4093 2354 4145 ad
2390 4091 2516 4145 belli
2550 4090 2863 4146 sustinendi
2904 4092 3179 4145 rationem
3207 4093 3568 4160 pertinerent.
3592 4093 3716 4159 Quo

2130 4190 2380 4252 tempore
2433 4184 2667 4252 piratam
2707 4183 3000 4252 quemdam
3046 4184 3322 4238 Andream
3367 4186 3610 4246 nomine,
3645 4185 3716 4239 ad

2133 4287 2192 4330 se
2220 4291 2342 4330 cum
2379 4276 2614 4329 navibus
2664 4274 2917 4345 piraticis
2954 4274 3172 4329 duabus
3222 4276 3427 4344 quibus
3462 4286 3716 4346 prmerat,

2132 4367 2276 4421 ultro
2308 4376 2367 4421 ut
2413 4368 2652 4421 amicum
2725 4367 3039 4420 venientem
3097 4366 3368 4422 benevole
3417 4367 3718 4436 imperator

2132 4457 2366 4527 excepit.
2393 4457 2443 4511 ls
2474 4471 2598 4512 cum
2634 4464 2783 4511 esset
2811 4456 3146 4522 Genuensis,
3181 4472 3290 4512 non
3326 4473 3502 4526 pauca
3539 4455 3719 4514 Vene-

2133 4549 2206 4603 tis
2248 4549 2390 4602 mala
2447 4547 2745 4602 maritimis
2795 4549 3239 4617 grassationihus
3286 4548 3567 4603 intulerat.
3603 4545 3721 4602 No-

2104 4641 2357 4695 ‘vissime
2407 4649 2588 4694 autem
2649 4640 3026 4694 incurrentem
3071 4639 3175 4693 sibi
3205 4641 3483 4695 Persicam
3521 4656 3718 4695 navent

2133 4739 2499 4800 expugnatam
2553 4738 2777 4798 ceperat
2811 4730 3033 4783 cunctis
3081 4729 3203 4797 ejus
3233 4730 3547 4784 vectoribus
3580 4731 3724 4798 poti-

2136 4831 2246 4884 tus,
2284 4836 2521 4891 quorum
2556 4829 2712 4892 parte
2761 4821 2951 4875 occisa
3004 4821 3251 4890 reliquos
3301 4823 3724 4890 vivosimpera-

2136 4912 2238 4967 tori
2269 4913 2437 4973 dedit.
2467 4912 2628 4982 quasi
2665 4912 2988 4981 signiﬁcans
3023 4926 3082 4965 se
3120 4925 3318 4981 pugnat
3365 4913 3486 4981 eius
3532 4914 3722 4979 auspi-

2135 5006 2236 5060 ciis
2282 5013 2538 5074 pugnata:
2587 5004 2829 5059 fructum
2877 5003 3046 5075 5.96
3073 5019 3135 5058 ac
3161 5005 3337 5073 spolia
3379 5006 3485 5075 ipsi
3521 5020 3724 5075 reprae-

2138 5106 2361 5152 sentare
2422 5098 2525 5150 tide
2575 5096 2735 5151 socii.
2793 5096 3031 5152 Admisit
3094 5097 3373 5151 hominem
3439 5098 3723 5166 Augustus

2137 5189 2284 5242 οωηὶ
2331 5187 2740 5258 signiﬁcatione
2790 5187 3198 5254 humanitatis,
3247 5203 3372 5244 eum
3433 5189 3579 5244 inter
3613 5192 3725 5248 alia

2139 5281 2424 5336 honorans
2482 5281 2666 5336 missis
2699 5282 3078 5351 speciosarum
3141 5283 3325 5338 xeniis
3377 5285 3612 5338 vestium
3667 5293 3727 5340 et

2138 5375 2384 5428 vestiarii
2434 5375 2705 5442 dignitate
2742 5375 3071 5446 insigniens.
3105 5373 3213 5429 Sed
3261 5372 3483 5432 Venetis
3517 5389 3723 5435 exosus

2138 5471 2227 5524 hic
2259 5470 2506 5524 Andreas
2555 5479 2682 5523 erat
2740 5471 2809 5524 ob
2871 5471 3060 5540 gravia
3103 5486 3227 5540 quae
3259 5473 3327 5526 ab
3359 5473 3483 5541 ipso
3521 5472 3725 5530 damna

2142 5564 2504 5632 pertulerant.
2560 5563 2751 5632 Itaque
2788 5564 2844 5618 in
2881 5565 3109 5620 ultionis
3166 5565 3234 5619 de
3289 5566 3382 5621 illo
3442 5567 3728 5623 sumendae

2139 5656 2486 5709 occasionem
2549 5655 2780 5720 intenti,
2840 5665 3006 5710 noctu
3047 5658 3100 5710 in
3138 5673 3263 5711 eum
3312 5657 3614 5726 improviso
3646 5659 3718 5712 ir-

2141 5757 2406 5805 ruentes.
2467 5747 2625 5800 alteri
2668 5746 2793 5817 ejus
2853 5749 3081 5802 navium
3144 5750 3327 5820 ignem
3389 5751 3722 5819 iniecerunt,

2140 5857 2304 5910 quam
2362 5839 2580 5894 ﬂamma
2629 5839 2814 5895 statim
2863 5848 3032 5896 totam
3091 5843 3360 5911 corripuit
3407 5852 3460 5898 et
3496 5843 3720 5897 absum~
