4046 6448
349 313 459 402 eis

1297 340 1395 402 DE
1431 339 1884 405 ANDRONICO
1910 340 2385 408 PALAZOLOGO
2432 346 2585 416 LIB.
2623 355 2728 418 Vl.

3527 367 3635 433 546

348 451 587 552 encas}
619 452 1061 552 2113?).éyoust,.
1092 455 1203 509 τῶν
1238 454 1284 508 δ’
1326 458 1386 508 ἐν
1446 457 1586 528 αὐτῇ
1648 454 1742 520 οὓς
1790 456 1928 510 ἑλεῖν
1961 458 2003 515 Α
2035 460 2201 552 τιμῆς
2266 465 2677 539 προσηκούσης,
2744 472 3107 542 πεμφθέντων
3158 478 3255 532 καὶ
3307 479 3628 552 ὀχημάτων,

346 540 527 613 ἔσχον,
554 542 781 610 ἀπηνῶς
812 545 1281 615 κατασφάττουσι.

346 655 438 710 ια’.
493 655 885 725 Mantuam;-
942 659 1102 784 παρὲ
1158 662 1475 792 gaudeat;-
1524 664 1932 731 Muquspt'ov

1096 748 1165 784 ντ
1201 749 1260 785 α.

1096 748 1260 785 ντςα.

413 818 680 882 Βασιλεὺς
709 819 766 873 δὲ
801 821 920 883 ὅλος
946 823 1079 891 πρὸς
1113 825 1173 876 τὸ
1198 824 1287 877 τὸν
1311 826 1689 898 Μπυριγέριον
1724 829 1933 890 Τέντζα

342 909 706 975 ὐποδέξασθαι
756 915 1035 982 γεγονὼς,
1094 919 1322 986 συχνοὺς
1383 919 1733 979 ἀποστέλλων
1797 922 1933 992 πρὸς

341 1001 745 1059 Καλλιούπολιν
804 1007 939 1061 ὅπου
990 1026 1054 1077 γε
1107 1011 1354 1081 κατάρας
1393 1012 1646 1082 ἠκούετο,
1679 1014 1933 1086 λιπαρῶς

341 1093 438 1148 καὶ
474 1096 595 1163 μετ’
655 1097 935 1162 ἀξιώσεως
990 1102 1397 1170 μετεστέλλετο.
1432 1106 1550 1159 Ἵνα
1571 1105 1627 1161 δὲ
1664 1106 1758 1160 καὶ
1798 1107 1931 1179 θαρ-

343 1190 456 1257 ρεῖν
511 1193 558 1244 οἱ
618 1192 869 1262 παρέχοι,
925 1185 1401 1263 χρυσοὸουλλείους
1452 1195 1670 1263 ἔπεμπε
1719 1198 1928 1268 λόγους,

342 1281 435 1332 καὶ
497 1282 711 1346 πίστεις
764 1283 834 1337 δι’
868 1284 1049 1355 ὅρκων
1077 1286 1186 1339 τῶν
1229 1288 1721 1358 παλαμναιοτάτων
1759 1292 1931 1345 ἐδίδου

340 1367 374 1442 ἦ
418 1373 525 1444 μὴν
581 1376 856 1445 παρεόντα
887 1378 988 1445 μὲν
1039 1379 1216 1447 φιλεῖν
1262 1380 1340 1450 τῷ
1389 1383 1634 1450 εὐμενῶς
1668 1383 1930 1454 ὑποδέχε-

343 1466 469 1520 σθαι
503 1471 596 1522 καὶ
624 1471 1012 1540 προσηκόντως
1058 1474 1249 1544 τιμᾷν,
1283 1477 1357 1546 μὴ
1407 1475 1629 1530 θέλοντα
1669 1476 1715 1533 δ’
1772 1473 1927 1541 αὖθις

339 1560 584 1630 εὐμενῶς
616 1563 707 1615 καὶ
735 1563 875 1631 μετά
893 1567 1261 1635 χρηστότητο;
1283 1568 1658 1638 ἀποπέμπειν.
1722 1571 1930 1640 Συχνὰ-

340 1668 428 1714 κις
464 1652 559 1705 οὖν
584 1655 710 1716 τοὺς
732 1655 970 1720 οίκείους
1004 1658 1354 1712 ἀποστέλλων
1400 1662 1778 1728 μετεκαλεῖτο,
1832 1663 1927 1716 καὶ

338 1743 495 1812 δῆλος
522 1740 591 1815 ἦν
617 1746 685 1800 τὰ
726 1748 939 1815 μεγάλα
969 1750 1246 1818 πραξείων
1296 1753 1503 1804 ἐκεῖνον
1545 1755 1595 1805 εί
1641 1754 1920 1826 ἐπισταίη.

349 1836 410 1892 ’0
442 1838 499 1890 δὲ
523 1841 621 1899 τὰς
654 1839 872 1902 πίστεις
902 1842 1006 1894 ἀνὰ
1029 1845 1215 1911 χεῖρες
1244 1843 1408 1914 ἔχων,
1432 1845 1603 1914 μηδὲν
1621 1842 1918 1916 μελλήσας,

336 1931 453 1999 ἅμα
477 1931 630 1985 δυσὶν
665 1932 822 1996 ἰδίαις
852 1936 1010 1987 ναυσὶ
1047 1936 1147 2004 τὴν
1179 1937 1591 1991 Κωνσταντίνου
1634 1937 1921 2008 καταλαμ-

335 2023 509 2077 ϐάνει.
541 2025 684 2094 Πλὴν
716 2026 817 2079 οὐκ
848 2025 1012 2088 εὐθὺς
1042 2026 1212 2080 ἐλθὼν
1259 2027 1361 2097 τῆς
1416 2027 1552 2091 νεὼς
1609 2030 1919 2094 ἀποόαίνει,

339 2119 424 2189 τι).
449 2116 574 2189 346]
601 2117 737 2170 ἀλλὰ
762 2118 899 2186 πρὸς
927 2117 1158 2188 βασιλέα
1194 2118 1295 2187 μὲν
1320 2119 1642 2174 ἀποστέλλει
1687 2122 1783 2175 καὶ
1821 2124 1924 2192 τὴν

341 2209 523 2277 ἄφιξιν
555 2207 728 2279 δήλην
782 2208 1098 2280 καθίστησι,
1150 2210 1631 2281 μετακαλούμενος
1680 2213 1737 2267 δὲ
1782 2213 1924 2285 μετὰ

235 2463 242 2468 .
339 2415 479 2481 psit;
519 2424 884 2486 repertosque
916 2415 972 2470 in
1005 2410 1069 2470 ea
1120 2430 1261 2485 quos
1292 2415 1345 2469 in
1390 2423 1725 2486 potestatem
1768 2418 1922 2472 redi~

339 2523 460 2577 gere
494 2518 741 2579 potuere,
774 2509 1085 2564 crudeliter
1123 2509 1500 2566 trucidarunt.
1537 2512 1723 2566 Altera
1758 2514 1919 2570 navis

339 2599 564 2657 Andreae
594 2602 723 2672 iuga
764 2611 978 2675 matura
1009 2604 1307 2658 incolumis
1358 2603 1560 2659 evasit.

438 2739 464 2793 1
482 2740 496 2791 Ι
512 2779 526 2793 .
549 2737 855 2810 Imperator
877 2739 1263 2812 Mpyrigerium
1285 2739 1536 2795 Tenizam
1559 2744 1807 2799 accersit.

401 2874 536 2931 Inde
586 2877 884 2946 imperator
935 2884 1081 2931 totus
1127 2877 1458 2933 incumbens
1487 2879 1542 2932 itt
1576 2880 1915 2949 propositum

332 2960 654 3039 Mpyrigerii
706 2965 930 3022 Tentzae
960 2969 1293 3038 excipiendi,
1326 2971 1515 3039 plures
1543 2970 1694 3026 misit
1718 2972 1920 3026 Callio-

331 3062 541 3130 polim,
595 3076 707 3131 quo
743 3060 790 3114 is
826 3059 1059 3115 classem
1112 3062 1392 3132 appulisse
1446 3062 1763 3128 ferebatur,
1822 3065 1915 3132 qui

2039 550 2143 645 oux—
2174 551 2423 645 ὑπήκουε
2451 557 2514 613 τὸ
2562 565 2850 631 παράπαν,
2898 566 3013 620 ἀλλ’
3072 569 3244 641 ἀπρὶξ
3300 550 3478 645 εἴχετο
3518 577 3629 631 τῶν

2039 641 2207 710 νηῶν,
2241 644 2317 708 ὡς
2358 640 2519 702 αὗται
2554 651 2664 705 τῶν
2694 655 2954 726 ἀγκυρῶν
2979 660 3038 711 ὲν
3067 663 3189 724 ταῖς
3222 661 3434 727 ζάλαις.
3458 666 3628 730 Τέλος

2035 734 2395 806 ἐνεχυρασίαν
2421 741 2521 812 τὴν
2553 744 2972 818 ἀσφαλεστάτην
3026 754 3407 823 εἰσέπραττεν,
3434 757 3553 811 οἵαν
3577 749 3628 810 τ⁹

2036 829 2305 900 ἐσομένην
2333 835 2599 904 παρέχειν
2624 838 2692 890 τὰ
2727 841 2898 895 πιστά
2926 844 2974 894 oi
3008 845 3382 916 κατεχομένην
3406 849 3463 900 ὲν
3501 851 3626 912 ταῖς

2034 923 2212 986 ναυσὶ,
2263 925 2358 979 καὶ
2413 926 2506 981 τὸν
2558 929 2652 983 τοῦ
2720 931 2988 1001 βασιλέως
3045 937 3180 1002 υίὸν,
3210 938 3303 990 τὸν
3353 938 3625 1010 δεσπότην

2047 1013 2322 1087 Ἰωάννην,
2360 1019 2571 1090 ὅμηρον
2597 1020 2782 1093 ἐζήτει
2803 1023 2989 1078 λαϐεῖν
3012 1026 3152 1098 ὑπὲρ
3184 1029 3383 1085 ἑαυτοῦ
3412 1031 3623 1095 καὶτῆς

2035 1102 2201 1157 αὐτοῦ
2253 1107 2409 1179 παρὰ
2475 1110 2703 1180 βασιλέα
2752 1113 3012 1183 ἀφίξεως.
3063 1116 3330 1181 Βασιλεὺς
3380 1120 3436 1173 δὲ
3486 1121 3624 1190 πρὸς

2032 1196 2188 1248 ταῦθ’
2225 1197 2596 1268 ὑϐριιπαθῶν,
2638 1205 2685 1256 εί
2723 1205 2894 1276 τόσην
2948 1208 3341 1280 ἀναμετρήσεις
3383 1215 3449 1265 ὲκ
3493 1214 3624 1266 πολι

2033 1285 2125 1339 λοῦ
2166 1288 2444 1343 θάλασσαν
2474 1291 2780 1364 αὐτόματος
2812 1299 2910 1366 τῆς
2942 1300 3023 1362 εἰς
3053 1301 3219 1354 αὐτὸν
3269 1298 3431 1374 χάριν
3491 1304 3621 1374 ἀφί-

2034 1380 2170 1446 ξεως
2198 1383 2388 1447 πιστὸς
2429 1388 2549 1448 ταῖς
2582 1388 2674 1439 τοῦ
2704 1387 2974 1455 βασιλέως
3025 1393 3305 1465 εὐθύτησι,
3356 1397 3476 1450 τότε
3525 1400 3622 1453 καὶ⁴

2032 1474 2226 1543 ὅρκους
2254 1474 2433 1528 λαϐὼν
2467 1478 2568 1530 οὐκ
2597 1479 2844 1549 ἐθάρρει,
2896 1483 3011 1536 ἀλλ’
3043 1486 3127 1554 ἐφ’
3157 1488 3385 1559 ὁμήροις
3427 1489 3627 1560 ἢθελεν

2033 1564 2532 1634 ὲμφανίζεσθαι,ὲν
2568 1568 2814 1638 διωρίαις
2842 1572 3009 1625 ἐτίθει
3067 1574 3133 1629 τὰ
3194 1578 3317 1630 κατ’
3383 1581 3625 1646 ἐκεῖνονς

2021 1653 2125 1705 οιαὶ
2150 1652 2497 1726 ἐφ’ήμὲραις
2542 1657 2693 1728 ἠφίει
2735 1659 3049 1724 αὐλίζεσθαι
3103 1667 3243 1719 κατὰ
3305 1667 3622 1728 θάλασσαν.

2030 1746 2216 1813 Τέλος,
2276 1749 2401 1801 ἐπεὶ
2449 1750 2559 1803 τῶν
2616 1751 2710 1805 τοῦ
2766 1754 3005 1824 Χριστοῦ
3060 1759 3411 1831 γενεθλίωνή
3449 1764 3620 1834 ἑορτὴ

2028 1841 2374 1910 προσήλαυνε
2423 1842 2593 1913 (περὶ
2645 1843 2716 1897 τὰ
2790 1846 2933 1915 μέσα
2995 1849 3104 1919 γὰρ
3176 1851 3614 1925 Σκιροφοριῶνος

2025 1934 2270 2005 ἀφῖκτο),
2301 1936 2512 2007 πέμπει
2539 1954 2601 2005 γε
2644 1940 2738 1991 καὶ
2767 1939 2929 2005 αὖθις
2961 1944 3054 1995 καὶ
3085 1943 3248 2009 ἀξιοῖ,
3274 1946 3335 1998 τὸ
3380 1948 3488 2001 τῶν
3516 1950 3581 2016 ὄρ
3600 1980 3613 1990 -

2025 2042 2139 2079 κων
2169 2027 2411 2095 ὕπόγυον
2433 2028 2508 2093 ὡς
2533 2030 2697 2094 εἰκὸς
2711 2031 3012 2098 προτείνων
3041 2034 3134 2088 καὶ
3166 2035 3389 2108 θαρρεῖν
3402 2040 3478 2108 ,τὰ
3515 2040 3616 2108 μέ-

2023 2134 2186 2187 γιστα
2228 2121 2691 2191 προτρεπόμενος.
2720 2122 2828 2174 Καὶ
2862 2121 2922 2183 ὃς
2948 2124 3039 2176 ἐπὶ
3077 2125 3210 2181 πολὺ
3240 2106 3613 2199 ἠγνωσιμαχή-

2025 2228 2123 2275 σας
2155 2211 2348 2266 ἔπειτα
2389 2213 2660 2279 πείθεται,
2693 2214 2886 2285 καὶτῷ
2917 2213 3130 2284 βασιλεῖ
3162 2220 3609 2290 παραγενόμενος

2016 2413 2130 2484 jam
2179 2416 2339 2473 datas
2390 2416 2576 2479 vellet,
2629 2418 2914 2485 respondit
2967 2429 3082 2475 tum
3133 2436 3193 2476 se
3231 2421 3337 2477 sibi
3382 2432 3607 2479 cautum

2022 2506 2220 2566 idonee
2267 2507 2633 2573 crediturum,
2688 2508 2736 2564 si
2790 2508 2936 2565 ﬁlius
2984 2511 3335 2578 imperatoris
3362 2511 3615 2573 Joannes

2023 2599 2250 2668 despota
2300 2599 2355 2652 in
2411 2614 2567 2654 suam
2617 2602 2767 2666 prior
2813 2608 3139 2670 potestatem
3198 2604 3428 2658 veniens
3488 2606 3612 2661 suis

2025 2692 2259 2747 navibus
2300 2692 2663 2755 detineretur,
2703 2692 2832 2746 dum
2871 2692 2988 2762 ipse
3021 2694 3090 2747 iis
3126 2693 3334 2748 relictis
3368 2696 3612 2764 impera-

2025 2784 2131 2838 tori
2174 2797 2235 2837 se
2269 2782 2492 2838 sisteret
2526 2801 2541 2837 :
2577 2783 2738 2836 aliter
2770 2798 2932 2851 quam
2971 2784 3064 2837 tali
3110 2784 3308 2839 obside
3336 2800 3606 2855 praesunt-

2023 2885 2140 2945 pto,
2177 2890 2235 2929 se
2269 2874 2352 2930 sui
2387 2877 2602 2944 capiare
2628 2874 2881 2942 Augusto
2911 2875 3097 2931 facere
3129 2893 3238 2932 non
3272 2893 3453 2947 posse.
3502 2879 3545 2934 il
3575 2896 3609 2936 s

2022 2967 2230 3023 auditis
2278 2967 2524 3023 oﬁ‘ensus
2579 2968 2899 3037 imperator,
2950 2977 3004 3024 et
3044 2970 3111 3024 ad
3164 2970 3465 3027 ludibrium
3513 2973 3608 3028 sui

2024 3063 2298 3133 pertinere
2347 3064 2702 3133 indignanter
2746 3072 3013 3133 reputans
3061 3067 3207 3134 quod
3255 3065 3454 3130 homo,
3506 3066 3601 3136 qui

330 3169 456 3209 eum
494 3168 606 3207 non
644 3153 945 3207 invitarent
989 3151 1191 3219 solum,
1218 3154 1312 3209 sed
1369 3138 1698 3224 suppliciter
1747 3158 1912 3211 etiam
1945 3152 1988 3213 (Ξ
2023 3163 2133 3208 tam
2168 3164 2320 3209 vasta
2354 3155 2524 3209 maris
2558 3156 2736 3223 spatia
2762 3156 2984 3211 nemine
3013 3165 3247 3211 vocante
3277 3157 3423 3213 ultro
3452 3165 3605 3214 esset

330 3255 498 3314 atque
523 3246 796 3301 instanter
823 3253 1070 3308 orarent,
1096 3246 1161 3300 ad
1186 3262 1246 3300 se
1269 3250 1456 3303 venire
1480 3264 1548 3302 ne
1574 3259 1916 3318 gravaretur.

331 3338 503 3407 ldque
552 3345 613 3392 ut
662 3337 815 3391 omni
869 3346 1014 3392 metu
1065 3336 1317 3406 deposito
1362 3339 1621 3395 ﬁdentius
1675 3339 1919 3403 faceret,

331 3431 673 3502 amplissima
699 3431 969 3499 promissa
993 3429 1386 3499 diplomatibus
1410 3430 1724 3501 conscripta
1748 3431 1921 3502 impe-

330 3525 561 3579 rialibus
637 3530 692 3577 et
745 3522 910 3577 bullis
960 3523 1146 3575 aureis
1201 3521 1409 3575 munita
1460 3522 1787 3591 perferenda
1840 3525 1916 3577 illi

325 3616 512 3679 dedit,
547 3614 778 3684 adjectis
824 3614 957 3684 quin
994 3614 1159 3667 etiam
1191 3613 1525 3684 juramentis
1550 3624 1607 3668 et
1644 3614 1918 3682 impreca-

326 3710 571 3764 tionibus
620 3707 932 3774 horrendis,
977 3709 1136 3777 queis
1178 3715 1345 3776 caput
1389 3704 1699 3762 devovebat
1733 3723 1915 3776 suum,

326 3806 381 3857 ni
435 3818 560 3857 eum
620 3810 947 3871 prmsentem
1010 3801 1159 3854 omni
1216 3797 1447 3854 aﬁ'eetus
1507 3800 1914 3869 signiﬁcatione

324 3896 778 3965 amplecteretur,
831 3901 885 3947 et
936 3900 1100 3962 prout
1157 3892 1274 3961 ejus
1320 3891 1585 3961 poscebat
1631 3893 1739 3947 sibi
1786 3902 1911 3947 nota

323 3989 586 4059 dignitas,
618 3986 936 4041 honoraret.
984 3984 1066 4038 Ac
1095 3985 1141 4040 si
1174 3984 1393 4053 quidem
1420 3984 1561 4054 apud
1598 3999 1658 4039 se
1690 4000 1911 4041 manere

323 4077 510 4139 vellet,
561 4076 1018 4129 continuaturum
1066 4074 1114 4125 ei
1159 4072 1410 4127 benevoli
1453 4073 1626 4127 oﬁicia
1665 4074 1911 4143 hospitii,

324 4168 410 4221 sin
460 4167 616 4221 abire
667 4165 876 4228 mallet,
919 4165 998 4217 uti
1034 4163 1265 4218 arbitrio
1291 4179 1391 4218 suo
1419 4180 1737 4234 passurum,
1770 4150 1824 4221 et
1852 4175 1911 4220 ιιι

323 4259 675 4315 discedentes
733 4258 944 4311 amicos
1001 4255 1087 4310 fas
1142 4262 1248 4321 est,
1297 4257 1460 4311 donis
1517 4259 1910 4328 propempticis

324 4352 666 4406 cumulatum
739 4348 1126 4404 dimissurum.
1185 4346 1311 4402 Haec
1365 4363 1463 4417 per
1510 4348 1737 4404 intimos
1802 4350 1907 4405 sibi

324 4444 492 4498 alium
547 4458 715 4513 super
766 4442 935 4495 alium
985 4440 1187 4497 missos
1242 4444 1524 4510 Augustus
1579 4438 1908 4512 Mpyrigerio

324 4535 629 4601 inculcatis,
663 4533 906 4604 denique
950 4532 1026 4586 illi
1070 4532 1240 4587 ﬁdem
1276 4531 1404 4586 fecit
1428 4531 1581 4586 haud
1611 4533 1715 4588 sibi
1749 4532 1908 4588 defu-

324 4641 528 4691 turam,
571 4627 617 4681 si
667 4642 775 4696 quo
813 4626 1121 4680 vocabatur
1169 4635 1509 4690 occurreret,
1561 4625 1903 4693 splendidam

322 4728 489 4790 atque
532 4720 802 4773 illustrem
856 4717 1274 4771 admissionem.
1318 4716 1509 4785 Itaque
1553 4717 1752 4787 pignus
1786 4717 1909 4772 ido-

322 4824 485 4863 neum
519 4816 686 4877 tanta:
728 4809 842 4878 spei
888 4808 1187 4877 diplomata
1221 4821 1344 4876 qua:
1384 4806 1496 4861 dixi
1529 4823 1667 4861 auro
1699 4808 1908 4862 bullata

323 4908 516 4954 tenens
556 4901 838 4965 manibus,
868 4899 1008 4952 nihil
1037 4907 1333 4953 cunctatus
1375 4897 1751 4963 cumiduabus
1790 4901 1910 4955 suis

321 4993 1059 5061 navibusConstantinopoli
1094 5007 1155 5048 se
1186 4993 1461 5047 admovet.
1488 4991 1763 5047 Caeterum
1792 5008 1904 5047 non

320 5089 505 5144 statim
541 5103 605 5142 ac
640 5085 850 5157 appulit
892 5086 1019 5140 navi
1060 5086 1373 5149 cxscendit,
1411 5086 1503 5140 sed
1537 5086 1769 5153 primum
1810 5102 1906 5154 per

321 5183 528 5250 aliquot
544 5197 573 5235 e
590 5182 706 5235 suis
729 5180 1115 5249 imperatorem
1140 5179 1206 5232 de
1228 5192 1331 5232 suo
1349 5178 1587 5232 adventu
1609 5182 1901 5231 certiorem

320 5271 471 5326 facit.
528 5272 606 5326 Ac
653 5286 778 5325 cum
836 5285 961 5324 eum
1007 5266 1171 5341 49³1
1209 5269 1393 5324 subito
1439 5267 1723 5339 Augustus
1776 5285 1903 5323 cum

318 5364 682 5417 conveniente
714 5361 1139 5415 honoriﬁcentia
1175 5360 1457 5425 invitaret,
1492 5361 1679 5416 missis
1707 5364 1898 5426 etiam,

319 5453 520 5524 quibus
554 5453 758 5507 ad‘hoc
802 5460 1076 5512 uteretur,
1107 5451 1295 5506 rhedis
1323 5466 1389 5506 ac
1421 5452 1700 5520 curribus,
1725 5468 1903 5507 recu-

320 5546 459 5601 savit
504 5548 595 5599 ille
643 5544 926 5600 inﬂexibili
977 5546 1312 5609 constantia,
1365 5545 1504 5600 nihil
1541 5545 1725 5601 minus
1757 5548 1901 5604 ﬁxus

320 5639 374 5692 in
407 5640 695 5708 proposito
732 5639 874 5691 intra
907 5653 1038 5693 suas
1072 5638 1349 5706 perstandi
1382 5654 1554 5694 naves
1595 5655 1760 5710 quam
1795 5640 1900 5696 illae

314 5733 495 5785 tenaci
547 5732 709 5786 dente
758 5744 1086 5785 ancorarum
1122 5729 1294 5784 fundo
1324 5732 1588 5787 devinctae
1618 5732 1900 5787 mordicus

320 5826 610 5881 haererent.
639 5823 878 5879 Tandem
913 5833 1142 5895 rogatus
1171 5839 1335 5896 quam
1370 5827 1726 5882 securitatem
1756 5826 1898 5883 ultra

1934 4498 1987 4558 Β

2023 3259 2288 3300 emensus
2329 3246 2445 3299 sola
2480 3244 2680 3311 fretus,
2717 3255 2774 3299 ut
2802 3246 3003 3307 aiebat,
3038 3247 3229 3318 procul
3272 3263 3370 3317 per
3400 3248 3600 3303 fatuam

2021 3339 2238 3408 cognita
2291 3338 2642 3407 imperatoris
2695 3351 2842 3392 recta
2886 3341 3140 3409 comique
3187 3348 3392 3400 mente.
3448 3355 3598 3396 nunc

2019 3437 2135 3483 tam
2161 3429 2366 3483 dudum
2404 3429 2459 3482 in
2502 3429 2751 3484 intimam
2789 3439 3083 3496 provectus
3128 3430 3387 3485 viciniam
3434 3440 3601 3498 atque

2020 3522 2157 3577 adeo
2201 3533 2419 3592 portum
2468 3530 2661 3575 tenens
2719 3522 2873 3576 urbis
2922 3522 3108 3589 regiae,
3155 3537 3267 3579 non
3307 3530 3602 3580 contentus

2019 3614 2415 3684 diplomatibus
2467 3611 2833 3683 jurejurando
2862 3614 3227 3679 conﬁrmatis,
3254 3614 3422 3669 etiam
3449 3613 3602 3670 obsi-

2018 3709 2117 3765 des
2177 3718 2233 3763 et
2279 3708 2418 3763 tales
2475 3708 2697 3762 obsides
2753 3706 2955 3777 pacisci
3001 3721 3220 3776 aequum
3269 3706 3499 3762 duceret
3532 3723 3600 3763 ac

2019 3802 2181 3856 nobis
2235 3807 2394 3853 tanto
2439 3798 2725 3854 emendant
2757 3798 2843 3851 sui
2875 3798 3230 3866 praesentiam
3262 3797 3598 3864 licitaretur,

2016 3893 2243 3964 superbi
2259 3893 2624 3962 arrogantiam
2647 3892 2882 3961 hospitis
2902 3898 3117 3946 contem
3126 3898 3220 3960 plu
3244 3893 3598 3960 premendam

2011 3987 2292 4058 judicans,
2328 3986 2447 4040 sine
2480 3998 2766 4052 responso,
2801 3997 2867 4038 ac
2891 3983 3050 4052 quasi
3089 3997 3148 4038 re
3187 3984 3431 4040 indecisa
3459 3985 3600 4038 deli-

2012 4076 2412 4140 berabundus,
2467 4075 2657 4129 multis
2701 4089 2829 4128 cum
2881 4074 3079 4130 diebus
3129 4074 3186 4129 in
3234 4074 3352 4129 salo
3394 4074 3598 4145 jactari

2012 4171 2162 4235 sivit,
2194 4169 2376 4238 quoad
2422 4166 2645 4220 tandem
2698 4166 2943 4221 instante
2987 4166 3338 4221 solemnitate
3384 4166 3599 4225 Natalis

2007 4260 2222 4317 Christi
2249 4261 2399 4330 (nam
2428 4259 2699 4313 adventus
2722 4256 3032 4327 Mpyrigerii
3054 4258 3597 4327 Constantinopolim

2006 4353 2069 4407 vin
2100 4350 2347 4405 medium
2397 4348 2570 4403 ferme
2622 4348 2971 4401 Decembrem
3012 4346 3305 4411 inciderat.)
3338 4352 3597 4402 conveult

2014 4445 2195 4500 denuo
2263 4457 2358 4514 per
2422 4441 2623 4495 missos
2678 4439 2993 4502 hominem,
3058 4454 3261 4508 rogans
3321 4449 3381 4494 ut
3428 4456 3593 4494 suum

2008 4534 2405 4607 jusjurandum
2458 4532 2595 4587 satis
2653 4530 2913 4595 haberet,
2962 4529 3085 4583 aliis
3128 4529 3355 4599 insuper
3407 4533 3598 4587 multis

2006 4627 2350 4699 argumentis
2383 4639 2584 4695 urgens
2636 4633 2694 4678 ut
2736 4638 2805 4677 ne
2845 4622 3126 4678 dubitaret
3160 4622 3264 4678 sibi
3306 4622 3493 4679 ﬁdere.
3533 4625 3595 4680 ιιι

2009 4721 2125 4776 haec
2158 4720 2332 4774 tnulta
2363 4718 2452 4773 ille
2484 4727 2679 4773 contra
2712 4725 2974 4772 causatus
3005 4717 3092 4771 vix
3129 4716 3366 4786 denique
3395 4733 3597 4774 manus

2007 4814 2158 4868 dedit
2194 4811 2535 4873 'assentiens,
2590 4825 3031 4880 progressusque
3077 4810 3130 4861 in
3173 4810 3405 4878 Augusti
3459 4825 3597 4864 con-

2011 4913 2260 4974 spectum
2282 4900 2636 4971 magniﬁcam
2657 4900 3049 4954 admissioneiu
3076 4909 3166 4953 est
3192 4907 3414 4962 nactus,
3429 4898 3595 4967 idque

2000 4996 2289 5050 continuis
2344 4995 2556 5062 aliquot
2602 4990 2800 5045 diebus
2851 5000 3002 5046 certa
3050 4989 3184 5044 hora
3233 4990 3593 5059 frequentans

2008 5090 2215 5151 aulam,
2244 5101 2480 5155 moxque
2513 5088 2566 5138 in
2611 5084 2717 5139 sibi
2750 5081 3062 5138 adamatum
3108 5083 3329 5138 navium
3362 5098 3589 5139 suarum

2007 5181 2303 5253 ligatarum
2335 5178 2552 5232 ancoris
2589 5174 2955 5230 diversorium
2986 5190 3048 5230 se
3079 5176 3378 5244 recipiens.
3413 5175 3491 5231 Eo
3522 5179 3588 5231 ad

1998 5275 2165 5327 illum
2213 5271 2522 5340 imper-ator
2551 5268 2802 5338 quotidie
2843 5268 3154 5324 missitabat
3184 5271 3462 5338 ingentem
3494 5286 3592 5324 co-

2004 5364 2150 5434 piam
2183 5360 2352 5433 498
2379 5360 2641 5421 edulium.
2675 5375 2801 5430 qua:
2828 5359 2932 5429 ipsi
2961 5360 3242 5430 sociisque
3268 5358 3591 5429 saginandis

2002 5457 2306 5513 suﬁiceret.
2336 5455 2514 5520 Quam
2553 5454 2608 5508 iu
2648 5470 2760 5508 rem
2796 5454 2940 5508 haud
2979 5453 3209 5511 modica:
3239 5465 3590 5507 nummorum

2003 5565 2234 5606 summa:
2265 5548 2755 5619 impendebantur.
2778 5546 2994 5615 Quibus
3024 5549 3139 5608 illo,
3173 5555 3232 5601 ut
3265 5545 3587 5615 apparebat,

1996 5646 2110 5717 jam
2165 5645 2505 5715 aliquantum
2551 5642 2787 5697 deliuito
2805 5652 2866 5697 et
2893 5643 2963 5696 de
2992 5642 3242 5711 pristinis
3274 5640 3591 5699 remittente

1998 5738 2272 5802 ‘l'aslidi'rs,
2326 5738 2474 5808 quod
2529 5736 2815 5792 liberiores
2864 5735 2990 5806 ejus
3035 5735 3435 5803 hilarioresque
3485 5730 3589 5786 fre-

2008 5838 2285 5903 quentatae
2348 5829 2709 5901 imperatoris
2772 5842 2965 5887 .coram
3028 5828 3165 5882 aditi
3232 5826 3592 5885 salutationes
