  <div class='ocr_page' id='page_1' title='image "/cluster/home/n/w/nwhite01/storage/ocr_20150623/144:no.2/coo.31924054870492/281.png"; bbox 0 0 4046 6416; ppageno 0'>
   <div class='ocr_carea' id='block_1_1' title="bbox 428 326 532 392">
    <p class='ocr_par' dir='ltr' id='par_1_1' title="bbox 428 326 532 392">
     <span class='ocr_line' id='line_1_1' title="bbox 428 326 532 392; baseline -0.029 -1"><span class='ocrx_word' id='word_1_1' title='bbox 428 326 532 392; x_wconf 72' lang='grc' dir='ltr'>ειγ</span> 
     </span>
    </p>
   </div>
   <div class='ocr_carea' id='block_1_2' title="bbox 1620 319 2476 398">
    <p class='ocr_par' dir='ltr' id='par_1_2' title="bbox 1620 319 2476 398">
     <span class='ocr_line' id='line_1_2' title="bbox 1620 319 2476 398; baseline -0.007 -13"><span class='ocrx_word' id='word_1_2' title='bbox 1620 322 1950 385; x_wconf 77' lang='lat' dir='ltr'><strong>GEORGII</strong></span> <span class='ocrx_word' id='word_1_3' title='bbox 1987 319 2476 398; x_wconf 69' lang='lat' dir='ltr'><strong>PACHYMERA!</strong></span> 
     </span>
    </p>
   </div>
   <div class='ocr_carea' id='block_1_3' title="bbox 3584 322 3691 387">
    <p class='ocr_par' dir='ltr' id='par_1_3' title="bbox 3584 322 3691 387">
     <span class='ocr_line' id='line_1_3' title="bbox 3584 322 3691 387; baseline -0.019 0"><span class='ocrx_word' id='word_1_4' title='bbox 3584 322 3691 387; x_wconf 70' lang='grc'><strong>548</strong></span> 
     </span>
    </p>
   </div>
   <div class='ocr_carea' id='block_1_4' title="bbox 427 440 3689 515">
    <p class='ocr_par' dir='ltr' id='par_1_4' title="bbox 427 440 3689 515">
     <span class='ocr_line' id='line_1_4' title="bbox 427 440 3689 515; baseline 0.001 -21"><span class='ocrx_word' id='word_1_5' title='bbox 427 443 821 513; x_wconf 85' lang='grc' dir='ltr'>μεγαλοπρεπῆ</span> <span class='ocrx_word' id='word_1_6' title='bbox 855 441 951 511; x_wconf 81' lang='grc' dir='ltr'><strong>τὴν</strong></span> <span class='ocrx_word' id='word_1_7' title='bbox 988 441 1256 511; x_wconf 80' lang='grc' dir='ltr'>ὑποδοχὴν</span> <span class='ocrx_word' id='word_1_8' title='bbox 1303 440 1568 513; x_wconf 79' lang='grc' dir='ltr'>εὑρίσκει,</span> <span class='ocrx_word' id='word_1_9' title='bbox 1602 443 1698 495; x_wconf 73' lang='grc' dir='ltr'>καὶ</span> <span class='ocrx_word' id='word_1_10' title='bbox 1731 441 2005 511; x_wconf 77' lang='grc' dir='ltr'><strong>ὁσημέραι</strong></span> <span class='ocrx_word' id='word_1_11' title='bbox 2038 448 2081 502; x_wconf 73' lang='grc' dir='ltr'>Α</span> <span class='ocrx_word' id='word_1_12' title='bbox 2111 441 2262 510; x_wconf 70' lang='grc' dir='ltr'>παρὰ</span> <span class='ocrx_word' id='word_1_13' title='bbox 2297 441 2563 510; x_wconf 87' lang='grc' dir='ltr'>βασιλέως</span> <span class='ocrx_word' id='word_1_14' title='bbox 2599 441 2690 495; x_wconf 77' lang='grc' dir='ltr'><strong>καὶ</strong></span> <span class='ocrx_word' id='word_1_15' title='bbox 2749 442 3184 510; x_wconf 74' lang='grc' dir='ltr'><strong>μεγαλοπρεπῶς</strong></span> <span class='ocrx_word' id='word_1_16' title='bbox 3243 443 3689 515; x_wconf 80' lang='grc' dir='ltr'>πεφιλοτίμηντο.</span> 
     </span>
    </p>
   </div>
   <div class='ocr_carea' id='block_1_5' title="bbox 424 533 2008 605">
    <p class='ocr_par' dir='ltr' id='par_1_5' title="bbox 424 533 2008 605">
     <span class='ocr_line' id='line_1_5' title="bbox 424 533 2008 605; baseline -0.003 -17"><span class='ocrx_word' id='word_1_17' title='bbox 424 539 621 605; x_wconf 81' lang='grc' dir='ltr'>πεῖραν</span> <span class='ocrx_word' id='word_1_18' title='bbox 676 535 849 598; x_wconf 79' lang='grc' dir='ltr'>διδοὺς</span> <span class='ocrx_word' id='word_1_19' title='bbox 908 535 1002 586; x_wconf 75' lang='grc' dir='ltr'>καὶ</span> <span class='ocrx_word' id='word_1_20' title='bbox 1044 534 1359 603; x_wconf 77' lang='grc' dir='ltr'>λαμϐάνων,</span> <span class='ocrx_word' id='word_1_21' title='bbox 1405 533 1511 587; x_wconf 84' lang='grc' dir='ltr'><strong>τῶν</strong></span> <span class='ocrx_word' id='word_1_22' title='bbox 1561 535 1660 603; x_wconf 84' lang='grc' dir='ltr'><strong>μὲν</strong></span> <span class='ocrx_word' id='word_1_23' title='bbox 1703 533 1848 603; x_wconf 82' lang='grc' dir='ltr'>νηῶν</span> <span class='ocrx_word' id='word_1_24' title='bbox 1906 534 2008 584; x_wconf 79' lang='grc' dir='ltr'><strong>οὐκ</strong></span> 
     </span>
    </p>
   </div>
   <div class='ocr_carea' id='block_1_6' title="bbox 423 627 2004 698">
    <p class='ocr_par' dir='ltr' id='par_1_6' title="bbox 423 627 2004 698">
     <span class='ocr_line' id='line_1_6' title="bbox 423 627 2004 698; baseline -0.004 -15"><span class='ocrx_word' id='word_1_25' title='bbox 423 631 718 698; x_wconf 81' lang='grc' dir='ltr'><strong>ἀπέσχετο,</strong></span> <span class='ocrx_word' id='word_1_26' title='bbox 778 629 892 680; x_wconf 80' lang='grc' dir='ltr'>ἀλλ’</span> <span class='ocrx_word' id='word_1_27' title='bbox 947 628 1023 691; x_wconf 87' lang='grc' dir='ltr'>ὡς</span> <span class='ocrx_word' id='word_1_28' title='bbox 1085 627 1433 697; x_wconf 82' lang='grc' dir='ltr'>καταλύματι</span> <span class='ocrx_word' id='word_1_29' title='bbox 1485 627 1711 690; x_wconf 87' lang='grc' dir='ltr'>ταύταις</span> <span class='ocrx_word' id='word_1_30' title='bbox 1785 627 2004 695; x_wconf 76' lang='grc' dir='ltr'>ἐχρῆτο,</span> 
     </span>
    </p>
   </div>
   <div class='ocr_carea' id='block_1_7' title="bbox 425 715 2007 791">
    <p class='ocr_par' dir='ltr' id='par_1_7' title="bbox 425 715 2007 791">
     <span class='ocr_line' id='line_1_7' title="bbox 425 715 2007 791; baseline -0.002 -16"><span class='ocrx_word' id='word_1_31' title='bbox 425 723 658 775; x_wconf 77' lang='grc' dir='ltr'><strong>ἐδεστῶν</strong></span> <span class='ocrx_word' id='word_1_32' title='bbox 689 723 808 775; x_wconf 79' lang='grc' dir='ltr'>καθ’</span> <span class='ocrx_word' id='word_1_33' title='bbox 838 722 1073 790; x_wconf 82' lang='grc' dir='ltr'>ἑκάστην</span> <span class='ocrx_word' id='word_1_34' title='bbox 1099 722 1508 791; x_wconf 77' lang='grc' dir='ltr'><strong>ἐμφορούμενος</strong></span> <span class='ocrx_word' id='word_1_35' title='bbox 1536 721 1630 790; x_wconf 75' lang='grc' dir='ltr'>τὴν</span> <span class='ocrx_word' id='word_1_36' title='bbox 1659 715 1893 790; x_wconf 77' lang='grc' dir='ltr'>ἡμέραν’</span> <span class='ocrx_word' id='word_1_37' title='bbox 1923 715 2007 782; x_wconf 74' lang='grc' dir='ltr'>οἷς</span> 
     </span>
    </p>
   </div>
   <div class='ocr_carea' id='block_1_8' title="bbox 421 810 2006 880">
    <p class='ocr_par' dir='ltr' id='par_1_8' title="bbox 421 810 2006 880">
     <span class='ocr_line' id='line_1_8' title="bbox 421 810 2006 880; baseline -0.002 -16"><span class='ocrx_word' id='word_1_38' title='bbox 421 811 601 864; x_wconf 78' lang='grc' dir='ltr'>εἱστία</span> <span class='ocrx_word' id='word_1_39' title='bbox 626 811 812 864; x_wconf 75' lang='grc' dir='ltr'>τοῦτον</span> <span class='ocrx_word' id='word_1_40' title='bbox 846 814 873 864; x_wconf 89' lang='grc' dir='ltr'><strong>ὁ</strong></span> <span class='ocrx_word' id='word_1_41' title='bbox 904 813 1178 880; x_wconf 73' lang='grc' dir='ltr'>βασιλεὺς,</span> <span class='ocrx_word' id='word_1_42' title='bbox 1219 813 1313 864; x_wconf 67' lang='grc' dir='ltr'><strong>καὶ</strong></span> <span class='ocrx_word' id='word_1_43' title='bbox 1349 813 1460 874; x_wconf 82' lang='grc' dir='ltr'>τοῖς</span> <span class='ocrx_word' id='word_1_44' title='bbox 1503 812 1628 880; x_wconf 78' lang='grc' dir='ltr'>περὶ</span> <span class='ocrx_word' id='word_1_45' title='bbox 1685 811 1848 863; x_wconf 78' lang='grc' dir='ltr'>αὑτὸν</span> <span class='ocrx_word' id='word_1_46' title='bbox 1905 810 2006 880; x_wconf 78' lang='grc' dir='ltr'>τὴν</span> 
     </span>
    </p>
   </div>
   <div class='ocr_carea' id='block_1_9' title="bbox 425 900 2005 971">
    <p class='ocr_par' dir='ltr' id='par_1_9' title="bbox 425 900 2005 971">
     <span class='ocr_line' id='line_1_9' title="bbox 425 900 2005 971; baseline -0.001 -18"><span class='ocrx_word' id='word_1_47' title='bbox 425 901 662 970; x_wconf 75' lang='grc' dir='ltr'>εὐωχίαν</span> <span class='ocrx_word' id='word_1_48' title='bbox 691 904 903 970; x_wconf 85' lang='grc' dir='ltr'>συχνοῖς</span> <span class='ocrx_word' id='word_1_49' title='bbox 926 900 1258 970; x_wconf 78' lang='grc' dir='ltr'>νομίσμασιν</span> <span class='ocrx_word' id='word_1_50' title='bbox 1302 901 1679 970; x_wconf 85' lang='grc' dir='ltr'>ίκανούμενος,</span> <span class='ocrx_word' id='word_1_51' title='bbox 1734 903 1924 971; x_wconf 79' lang='grc' dir='ltr'>ἀνέδην</span> <span class='ocrx_word' id='word_1_52' title='bbox 1959 901 2005 952; x_wconf 82' lang='grc' dir='ltr'>δ’</span> 
     </span>
    </p>
   </div>
   <div class='ocr_carea' id='block_1_10' title="bbox 422 993 2005 1064">
    <p class='ocr_par' dir='ltr' id='par_1_10' title="bbox 422 993 2005 1064">
     <span class='ocr_line' id='line_1_10' title="bbox 422 993 2005 1064; baseline -0.002 -16"><span class='ocrx_word' id='word_1_53' title='bbox 422 996 572 1063; x_wconf 84' lang='grc' dir='ltr'>ὅμως</span> <span class='ocrx_word' id='word_1_54' title='bbox 620 995 721 1057; x_wconf 75' lang='grc' dir='ltr'><strong>τὰς</strong></span> <span class='ocrx_word' id='word_1_55' title='bbox 762 995 899 1062; x_wconf 75' lang='grc' dir='ltr'>πρὸς</span> <span class='ocrx_word' id='word_1_56' title='bbox 948 993 1172 1064; x_wconf 85' lang='grc' dir='ltr'>βασιλέα</span> <span class='ocrx_word' id='word_1_57' title='bbox 1229 996 1464 1047; x_wconf 76' lang='grc' dir='ltr'>ἐποιεῖτο</span> <span class='ocrx_word' id='word_1_58' title='bbox 1518 995 1835 1064; x_wconf 78' lang='grc' dir='ltr'>προσόδους,</span> <span class='ocrx_word' id='word_1_59' title='bbox 1909 993 2005 1046; x_wconf 78' lang='grc' dir='ltr'>καὶ</span> 
     </span>
    </p>
   </div>
   <div class='ocr_carea' id='block_1_11' title="bbox 423 1080 2004 1155">
    <p class='ocr_par' dir='ltr' id='par_1_11' title="bbox 423 1080 2004 1155">
     <span class='ocr_line' id='line_1_11' title="bbox 423 1080 2004 1155; baseline -0.001 -17"><span class='ocrx_word' id='word_1_60' title='bbox 423 1085 712 1139; x_wconf 83' lang='grc' dir='ltr'>ὲκυδνοῦτο</span> <span class='ocrx_word' id='word_1_61' title='bbox 766 1089 884 1147; x_wconf 88' lang='grc' dir='ltr'>ταῖς</span> <span class='ocrx_word' id='word_1_62' title='bbox 949 1087 1172 1155; x_wconf 79' lang='grc' dir='ltr'>συχναῖς</span> <span class='ocrx_word' id='word_1_63' title='bbox 1223 1085 1508 1154; x_wconf 85' lang='grc' dir='ltr'>ἀλλαγαῖς,</span> <span class='ocrx_word' id='word_1_64' title='bbox 1575 1087 1667 1139; x_wconf 78' lang='grc' dir='ltr'><strong>καὶ</strong></span> <span class='ocrx_word' id='word_1_65' title='bbox 1719 1085 1878 1151; x_wconf 72' lang='grc' dir='ltr'>δῆλος</span> <span class='ocrx_word' id='word_1_66' title='bbox 1936 1080 2004 1154; x_wconf 80' lang='grc' dir='ltr'>ἦν</span> 
     </span>
    </p>
   </div>
   <div class='ocr_carea' id='block_1_12' title="bbox 423 1178 2000 1248">
    <p class='ocr_par' dir='ltr' id='par_1_12' title="bbox 423 1178 2000 1248">
     <span class='ocr_line' id='line_1_12' title="bbox 423 1178 2000 1248; baseline -0.001 -17"><span class='ocrx_word' id='word_1_67' title='bbox 423 1179 952 1248; x_wconf 76' lang='grc' dir='ltr'>ὑποταχθησόμενος.</span> <span class='ocrx_word' id='word_1_68' title='bbox 987 1179 1172 1242; x_wconf 78' lang='grc' dir='ltr'>Τέλος,</span> <span class='ocrx_word' id='word_1_69' title='bbox 1225 1179 1412 1247; x_wconf 75' lang='grc' dir='ltr'>ἐπε,ὶὴ</span> <span class='ocrx_word' id='word_1_70' title='bbox 1455 1178 1617 1248; x_wconf 82' lang='grc' dir='ltr'>ἑορτὴ</span> <span class='ocrx_word' id='word_1_71' title='bbox 1666 1179 2000 1248; x_wconf 64' lang='grc' dir='ltr'>ἐφειστήκει,</span> 
     </span>
    </p>
   </div>
   <div class='ocr_carea' id='block_1_13' title="bbox 421 1269 2002 1339">
    <p class='ocr_par' dir='ltr' id='par_1_13' title="bbox 421 1269 2002 1339">
     <span class='ocr_line' id='line_1_13' title="bbox 421 1269 2002 1339; baseline -0.001 -18"><span class='ocrx_word' id='word_1_72' title='bbox 421 1271 528 1322; x_wconf 78' lang='grc' dir='ltr'>ἔδει</span> <span class='ocrx_word' id='word_1_73' title='bbox 581 1270 637 1322; x_wconf 85' lang='grc' dir='ltr'>δὲ</span> <span class='ocrx_word' id='word_1_74' title='bbox 687 1270 778 1321; x_wconf 79' lang='grc' dir='ltr'><strong>καὶ</strong></span> <span class='ocrx_word' id='word_1_75' title='bbox 805 1270 966 1322; x_wconf 73' lang='grc' dir='ltr'>αὐτὸν</span> <span class='ocrx_word' id='word_1_76' title='bbox 988 1270 1086 1324; x_wconf 71' lang='grc' dir='ltr'><strong>ἕνα</strong></span> <span class='ocrx_word' id='word_1_77' title='bbox 1133 1269 1234 1339; x_wconf 71' lang='grc' dir='ltr'>ἤδη</span> <span class='ocrx_word' id='word_1_78' title='bbox 1281 1271 1516 1339; x_wconf 78' lang='grc' dir='ltr'>φανέντα</span> <span class='ocrx_word' id='word_1_79' title='bbox 1557 1269 1655 1337; x_wconf 78' lang='grc' dir='ltr'>τῆς</span> <span class='ocrx_word' id='word_1_80' title='bbox 1707 1269 2002 1338; x_wconf 76' lang='grc' dir='ltr'>γερουσίας</span> 
     </span>
    </p>
   </div>
   <div class='ocr_carea' id='block_1_14' title="bbox 422 1363 2002 1432">
    <p class='ocr_par' dir='ltr' id='par_1_14' title="bbox 422 1363 2002 1432">
     <span class='ocr_line' id='line_1_14' title="bbox 422 1363 2002 1432; baseline 0.001 -19"><span class='ocrx_word' id='word_1_81' title='bbox 422 1363 664 1432; x_wconf 81' lang='grc' dir='ltr'>ὀφφικίῳ</span> <span class='ocrx_word' id='word_1_82' title='bbox 689 1364 780 1415; x_wconf 74' lang='grc' dir='ltr'><strong>καὶ</strong></span> <span class='ocrx_word' id='word_1_83' title='bbox 818 1366 1169 1432; x_wconf 80' lang='grc' dir='ltr'>παρασήμοις</span> <span class='ocrx_word' id='word_1_84' title='bbox 1201 1363 1487 1432; x_wconf 82' lang='grc' dir='ltr'>τιμᾶσθαι,</span> <span class='ocrx_word' id='word_1_85' title='bbox 1513 1364 1709 1432; x_wconf 83' lang='grc' dir='ltr'>ὅρκους</span> <span class='ocrx_word' id='word_1_86' title='bbox 1737 1366 1838 1431; x_wconf 83' lang='grc' dir='ltr'>τῆς</span> <span class='ocrx_word' id='word_1_87' title='bbox 1869 1363 2002 1414; x_wconf 81' lang='grc' dir='ltr'>ὐπο-</span> 
     </span>
    </p>
   </div>
   <div class='ocr_carea' id='block_1_15' title="bbox 421 1454 2000 1524">
    <p class='ocr_par' dir='ltr' id='par_1_15' title="bbox 421 1454 2000 1524">
     <span class='ocr_line' id='line_1_15' title="bbox 421 1454 2000 1524; baseline 0 -18"><span class='ocrx_word' id='word_1_88' title='bbox 421 1457 593 1522; x_wconf 79' lang='grc' dir='ltr'>ταγῆς</span> <span class='ocrx_word' id='word_1_89' title='bbox 629 1454 1002 1524; x_wconf 78' lang='grc' dir='ltr'>παρασχόντα,</span> <span class='ocrx_word' id='word_1_90' title='bbox 1039 1457 1245 1518; x_wconf 81' lang='grc' dir='ltr'>γίνεται</span> <span class='ocrx_word' id='word_1_91' title='bbox 1295 1454 1474 1515; x_wconf 82' lang='grc' dir='ltr'>τοῦτο,</span> <span class='ocrx_word' id='word_1_92' title='bbox 1529 1455 1620 1506; x_wconf 74' lang='grc' dir='ltr'><strong>καὶ</strong></span> <span class='ocrx_word' id='word_1_93' title='bbox 1679 1455 1852 1522; x_wconf 87' lang='grc' dir='ltr'>μέγας</span> <span class='ocrx_word' id='word_1_94' title='bbox 1901 1455 2000 1522; x_wconf 82' lang='grc' dir='ltr'>μὲν</span> 
     </span>
    </p>
   </div>
   <div class='ocr_carea' id='block_1_16' title="bbox 424 1545 2002 1616">
    <p class='ocr_par' dir='ltr' id='par_1_16' title="bbox 424 1545 2002 1616">
     <span class='ocr_line' id='line_1_16' title="bbox 424 1545 2002 1616; baseline -0.001 -18"><span class='ocrx_word' id='word_1_95' title='bbox 424 1547 699 1615; x_wconf 81' lang='grc' dir='ltr'>παρευοὺς</span> <span class='ocrx_word' id='word_1_96' title='bbox 733 1546 1000 1609; x_wconf 77' lang='grc' dir='ltr'>κλεΐζεται</span> <span class='ocrx_word' id='word_1_97' title='bbox 1044 1545 1170 1610; x_wconf 73' lang='grc' dir='ltr'>δουξ</span> <span class='ocrx_word' id='word_1_98' title='bbox 1206 1547 1509 1615; x_wconf 75' lang='grc' dir='ltr'>συγκλήτου</span> <span class='ocrx_word' id='word_1_99' title='bbox 1541 1548 1720 1616; x_wconf 81' lang='grc' dir='ltr'>πάσης</span> <span class='ocrx_word' id='word_1_100' title='bbox 1777 1549 1869 1598; x_wconf 74' lang='grc' dir='ltr'>καὶ</span> <span class='ocrx_word' id='word_1_101' title='bbox 1902 1563 2002 1597; x_wconf 75' lang='grc' dir='ltr'>πο-</span> 
     </span>
    </p>
   </div>
   <div class='ocr_carea' id='block_1_17' title="bbox 419 1638 1999 1709">
    <p class='ocr_par' dir='ltr' id='par_1_17' title="bbox 419 1638 1999 1709">
     <span class='ocr_line' id='line_1_17' title="bbox 419 1638 1999 1709; baseline -0.001 -17"><span class='ocrx_word' id='word_1_102' title='bbox 419 1639 625 1700; x_wconf 85' lang='grc' dir='ltr'>λιτείας</span> <span class='ocrx_word' id='word_1_103' title='bbox 682 1641 1114 1709; x_wconf 76' lang='grc' dir='ltr'>παρισταμένης,</span> <span class='ocrx_word' id='word_1_104' title='bbox 1163 1641 1257 1691; x_wconf 77' lang='grc' dir='ltr'><strong>καὶ</strong></span> <span class='ocrx_word' id='word_1_105' title='bbox 1305 1641 1403 1706; x_wconf 78' lang='grc' dir='ltr'><strong>τὴν</strong></span> <span class='ocrx_word' id='word_1_106' title='bbox 1459 1639 1764 1708; x_wconf 85' lang='grc' dir='ltr'>βακτηρίαν</span> <span class='ocrx_word' id='word_1_107' title='bbox 1811 1639 1871 1690; x_wconf 74' lang='grc' dir='ltr'><strong>τὸ</strong></span> <span class='ocrx_word' id='word_1_108' title='bbox 1901 1638 1999 1706; x_wconf 73' lang='grc' dir='ltr'><strong>τῆς</strong></span> 
     </span>
    </p>
   </div>
   <div class='ocr_carea' id='block_1_18' title="bbox 420 1726 2000 1798">
    <p class='ocr_par' dir='ltr' id='par_1_18' title="bbox 420 1726 2000 1798">
     <span class='ocr_line' id='line_1_18' title="bbox 420 1726 2000 1798; baseline -0.003 -16"><span class='ocrx_word' id='word_1_109' title='bbox 420 1729 576 1795; x_wconf 79' lang='grc' dir='ltr'>ἀξίας</span> <span class='ocrx_word' id='word_1_110' title='bbox 607 1727 1154 1797; x_wconf 74' lang='grc' dir='ltr'>λαμὸάνειξύμεολον</span> <span class='ocrx_word' id='word_1_111' title='bbox 1181 1729 1297 1792; x_wconf 73' lang='grc' dir='ltr'>(καὶ</span> <span class='ocrx_word' id='word_1_112' title='bbox 1325 1727 1482 1780; x_wconf 65' lang='grc' dir='ltr'>τοῦτο</span> <span class='ocrx_word' id='word_1_113' title='bbox 1523 1729 1628 1798; x_wconf 81' lang='grc' dir='ltr'>γὰρ</span> <span class='ocrx_word' id='word_1_114' title='bbox 1664 1727 1741 1796; x_wconf 83' lang='grc' dir='ltr'><strong>τῷ</strong></span> <span class='ocrx_word' id='word_1_115' title='bbox 1793 1726 2000 1795; x_wconf 84' lang='grc' dir='ltr'>βασιλεῖ</span> 
     </span>
    </p>
   </div>
   <div class='ocr_carea' id='block_1_19' title="bbox 419 1816 1998 1888">
    <p class='ocr_par' dir='ltr' id='par_1_19' title="bbox 419 1816 1998 1888">
     <span class='ocr_line' id='line_1_19' title="bbox 419 1816 1998 1888; baseline -0.004 -16"><span class='ocrx_word' id='word_1_116' title='bbox 419 1817 874 1887; x_wconf 87' lang='grc' dir='ltr'>κεκαινούργητο,</span> <span class='ocrx_word' id='word_1_117' title='bbox 907 1816 1346 1888; x_wconf 87' lang='grc' dir='ltr'>ἁργυροχρύσοις</span> <span class='ocrx_word' id='word_1_118' title='bbox 1386 1817 1714 1885; x_wconf 76' lang='grc' dir='ltr'>βακτηρίαις</span> <span class='ocrx_word' id='word_1_119' title='bbox 1743 1817 1869 1874; x_wconf 66' lang='grc' dir='ltr'>τοὺς</span> <span class='ocrx_word' id='word_1_120' title='bbox 1901 1816 1998 1880; x_wconf 81' lang='grc' dir='ltr'>τῆς</span> 
     </span>
    </p>
   </div>
   <div class='ocr_carea' id='block_1_20' title="bbox 419 1907 2002 1980">
    <p class='ocr_par' dir='ltr' id='par_1_20' title="bbox 419 1907 2002 1980">
     <span class='ocr_line' id='line_1_20' title="bbox 419 1907 2002 1980; baseline -0.005 -18"><span class='ocrx_word' id='word_1_121' title='bbox 419 1911 708 1980; x_wconf 85' lang='grc' dir='ltr'>γερουσίας</span> <span class='ocrx_word' id='word_1_122' title='bbox 736 1910 1076 1978; x_wconf 84' lang='grc' dir='ltr'>πρωτίστους</span> <span class='ocrx_word' id='word_1_123' title='bbox 1104 1907 1430 1976; x_wconf 83' lang='grc' dir='ltr'>ἀξιωμάτων</span> <span class='ocrx_word' id='word_1_124' title='bbox 1461 1907 1841 1968; x_wconf 81' lang='grc' dir='ltr'>ἐπιϐαίνοντας</span> <span class='ocrx_word' id='word_1_125' title='bbox 1871 1921 2002 1972; x_wconf 86' lang='grc' dir='ltr'>σεμ-</span> 
     </span>
    </p>
   </div>
   <div class='ocr_carea' id='block_1_21' title="bbox 418 1996 2000 2070">
    <p class='ocr_par' dir='ltr' id='par_1_21' title="bbox 418 1996 2000 2070">
     <span class='ocr_line' id='line_1_21' title="bbox 418 1996 2000 2070; baseline -0.004 -14"><span class='ocrx_word' id='word_1_126' title='bbox 418 2001 717 2067; x_wconf 81' lang='grc' dir='ltr'>νύνεσθαι),</span> <span class='ocrx_word' id='word_1_127' title='bbox 750 2002 848 2070; x_wconf 84' lang='grc' dir='ltr'>τὴν</span> <span class='ocrx_word' id='word_1_128' title='bbox 881 1999 992 2052; x_wconf 85' lang='grc' dir='ltr'>ἄνω</span> <span class='ocrx_word' id='word_1_129' title='bbox 1016 1999 1072 2052; x_wconf 78' lang='grc' dir='ltr'>δὲ</span> <span class='ocrx_word' id='word_1_130' title='bbox 1096 1998 1282 2068; x_wconf 85' lang='grc' dir='ltr'>χώραν</span> <span class='ocrx_word' id='word_1_131' title='bbox 1307 1999 1600 2069; x_wconf 73' lang='grc' dir='ltr'>λαμϐάνει,</span> <span class='ocrx_word' id='word_1_132' title='bbox 1637 2001 1728 2051; x_wconf 59' lang='grc' dir='ltr'>καὶ.</span> <span class='ocrx_word' id='word_1_133' title='bbox 1767 1996 2000 2066; x_wconf 86' lang='grc' dir='ltr'>έορτίοις</span> 
     </span>
    </p>
   </div>
   <div class='ocr_carea' id='block_1_22' title="bbox 418 2089 2002 2162">
    <p class='ocr_par' dir='ltr' id='par_1_22' title="bbox 418 2089 2002 2162">
     <span class='ocr_line' id='line_1_22' title="bbox 418 2089 2002 2162; baseline -0.004 -15"><span class='ocrx_word' id='word_1_134' title='bbox 418 2095 592 2159; x_wconf 81' lang='grc' dir='ltr'>ἀξίοις</span> <span class='ocrx_word' id='word_1_135' title='bbox 626 2092 976 2162; x_wconf 83' lang='grc' dir='ltr'>παρασήμοις</span> <span class='ocrx_word' id='word_1_136' title='bbox 1005 2093 1144 2143; x_wconf 80' lang='grc' dir='ltr'><strong>κατᾶ</strong></span> <span class='ocrx_word' id='word_1_137' title='bbox 1179 2089 1479 2158; x_wconf 83' lang='grc' dir='ltr'>Ῥωμαίους</span> <span class='ocrx_word' id='word_1_138' title='bbox 1531 2091 1854 2154; x_wconf 79' lang='grc' dir='ltr'>στολίζεται,</span> <span class='ocrx_word' id='word_1_139' title='bbox 1909 2089 2002 2144; x_wconf 71' lang='grc' dir='ltr'><strong>καὶ</strong></span> 
     </span>
    </p>
   </div>
   <div class='ocr_carea' id='block_1_23' title="bbox 417 2183 2002 2254">
    <p class='ocr_par' dir='ltr' id='par_1_23' title="bbox 417 2183 2002 2254">
     <span class='ocr_line' id='line_1_23' title="bbox 417 2183 2002 2254; baseline -0.003 -14"><span class='ocrx_word' id='word_1_140' title='bbox 417 2187 478 2240; x_wconf 70' lang='grc' dir='ltr'>τὸ</span> <span class='ocrx_word' id='word_1_141' title='bbox 510 2185 927 2254; x_wconf 82' lang='grc' dir='ltr'>σκαραμὰγκιον</span> <span class='ocrx_word' id='word_1_142' title='bbox 967 2183 1306 2252; x_wconf 74' lang='grc' dir='ltr'>ἐπιθέμενος.</span> <span class='ocrx_word' id='word_1_143' title='bbox 1361 2183 1668 2238; x_wconf 64' lang='grc' dir='ltr'>Κάειτεῦθεν</span> <span class='ocrx_word' id='word_1_144' title='bbox 1718 2184 2002 2254; x_wconf 73' lang='grc' dir='ltr'>θαρρήσας</span> 
     </span>
    </p>
   </div>
   <div class='ocr_carea' id='block_1_24' title="bbox 417 2274 2004 2346">
    <p class='ocr_par' dir='ltr' id='par_1_24' title="bbox 417 2274 2004 2346">
     <span class='ocr_line' id='line_1_24' title="bbox 417 2274 2004 2346; baseline -0.001 -17"><span class='ocrx_word' id='word_1_145' title='bbox 417 2276 587 2341; x_wconf 76' lang='grc' dir='ltr'>ἔξεισι</span> <span class='ocrx_word' id='word_1_146' title='bbox 613 2277 709 2344; x_wconf 83' lang='grc' dir='ltr'>τῆς</span> <span class='ocrx_word' id='word_1_147' title='bbox 736 2279 893 2338; x_wconf 87' lang='grc' dir='ltr'>νεὼς,</span> <span class='ocrx_word' id='word_1_148' title='bbox 922 2275 1016 2326; x_wconf 75' lang='grc' dir='ltr'>καὶ</span> <span class='ocrx_word' id='word_1_149' title='bbox 1041 2274 1126 2342; x_wconf 75' lang='grc' dir='ltr'><strong>ἐφ’</strong></span> <span class='ocrx_word' id='word_1_150' title='bbox 1163 2275 1401 2342; x_wconf 66' lang='grc' dir='ltr'>ἡμέραις</span> <span class='ocrx_word' id='word_1_151' title='bbox 1432 2276 1488 2326; x_wconf 80' lang='grc' dir='ltr'><strong>ἐν</strong></span> <span class='ocrx_word' id='word_1_152' title='bbox 1513 2277 1578 2344; x_wconf 72' lang='grc' dir='ltr'>τῇ</span> <span class='ocrx_word' id='word_1_153' title='bbox 1609 2279 1745 2346; x_wconf 73' lang='grc' dir='ltr'>μονῇ</span> <span class='ocrx_word' id='word_1_154' title='bbox 1772 2274 1863 2327; x_wconf 82' lang='grc' dir='ltr'>τοῦ</span> <span class='ocrx_word' id='word_1_155' title='bbox 1897 2276 2004 2327; x_wconf 87' lang='grc' dir='ltr'><strong>Κο-</strong></span> 
     </span>
    </p>
   </div>
   <div class='ocr_carea' id='block_1_25' title="bbox 421 2363 2005 2436">
    <p class='ocr_par' dir='ltr' id='par_1_25' title="bbox 421 2363 2005 2436">
     <span class='ocr_line' id='line_1_25' title="bbox 421 2363 2005 2436; baseline -0.001 -16"><span class='ocrx_word' id='word_1_156' title='bbox 421 2367 636 2436; x_wconf 82' lang='grc' dir='ltr'>σμιδίου</span> <span class='ocrx_word' id='word_1_157' title='bbox 665 2365 806 2436; x_wconf 88' lang='grc' dir='ltr'><strong>μετά</strong></span> <span class='ocrx_word' id='word_1_158' title='bbox 839 2365 948 2416; x_wconf 82' lang='grc' dir='ltr'>τῶν</span> <span class='ocrx_word' id='word_1_159' title='bbox 981 2364 1128 2416; x_wconf 82' lang='grc' dir='ltr'>ἰδίων</span> <span class='ocrx_word' id='word_1_160' title='bbox 1162 2363 1442 2428; x_wconf 73' lang='grc' dir='ltr'>αὐλίζεται</span> <span class='ocrx_word' id='word_1_161' title='bbox 1471 2380 1484 2394; x_wconf 73' lang='grc' dir='ltr'><strong>ο</strong></span> <span class='ocrx_word' id='word_1_162' title='bbox 1527 2367 1746 2434; x_wconf 75' lang='grc' dir='ltr'>καὶγὰρ</span> <span class='ocrx_word' id='word_1_163' title='bbox 1797 2365 1890 2417; x_wconf 88' lang='grc' dir='ltr'><strong>καί</strong></span> <span class='ocrx_word' id='word_1_164' title='bbox 1919 2382 2005 2418; x_wconf 86' lang='grc' dir='ltr'>τι·</span> 
     </span>
    </p>
   </div>
   <div class='ocr_carea' id='block_1_26' title="bbox 419 2455 2001 2527">
    <p class='ocr_par' dir='ltr' id='par_1_26' title="bbox 419 2455 2001 2527">
     <span class='ocr_line' id='line_1_26' title="bbox 419 2455 2001 2527; baseline -0.001 -16"><span class='ocrx_word' id='word_1_165' title='bbox 419 2475 509 2523; x_wconf 86' lang='grc' dir='ltr'><strong>νες</strong></span> <span class='ocrx_word' id='word_1_166' title='bbox 568 2458 628 2524; x_wconf 69' lang='grc' dir='ltr'><strong>ἐξ</strong></span> <span class='ocrx_word' id='word_1_167' title='bbox 673 2457 898 2512; x_wconf 75' lang='grc' dir='ltr'>ἐκείνων</span> <span class='ocrx_word' id='word_1_168' title='bbox 956 2455 1387 2527; x_wconf 75' lang='grc' dir='ltr'>κασαλλαρικαῖς</span> <span class='ocrx_word' id='word_1_169' title='bbox 1441 2457 1628 2523; x_wconf 84' lang='grc' dir='ltr'>τιμαῖς</span> <span class='ocrx_word' id='word_1_170' title='bbox 1679 2457 2001 2527; x_wconf 79' lang='grc' dir='ltr'>ὲτετίμηντο</span> 
     </span>
    </p>
   </div>
   <div class='ocr_carea' id='block_1_27' title="bbox 418 2642 2002 2716">
    <p class='ocr_par' dir='ltr' id='par_1_27' title="bbox 418 2642 2002 2716">
     <span class='ocr_line' id='line_1_27' title="bbox 418 2642 2002 2716; baseline 0.002 -16"><span class='ocrx_word' id='word_1_171' title='bbox 418 2644 791 2710; x_wconf 85' lang='lat' dir='ltr'><strong>declarabant,</strong></span> <span class='ocrx_word' id='word_1_172' title='bbox 839 2643 1141 2698; x_wconf 84' lang='lat' dir='ltr'><strong>delectatus</strong></span> <span class='ocrx_word' id='word_1_173' title='bbox 1179 2642 1457 2714; x_wconf 84' lang='lat' dir='ltr'><strong>Augustus</strong></span> <span class='ocrx_word' id='word_1_174' title='bbox 1505 2645 1718 2701; x_wconf 86' lang='lat' dir='ltr'><strong>crebris</strong></span> <span class='ocrx_word' id='word_1_175' title='bbox 1773 2647 2002 2716; x_wconf 83' lang='lat' dir='ltr'><strong>insuper</strong></span> 
     </span>
    </p>
   </div>
   <div class='ocr_carea' id='block_1_28' title="bbox 416 2735 1996 2806">
    <p class='ocr_par' dir='ltr' id='par_1_28' title="bbox 416 2735 1996 2806">
     <span class='ocr_line' id='line_1_28' title="bbox 416 2735 1996 2806; baseline 0 -14"><span class='ocrx_word' id='word_1_176' title='bbox 416 2752 541 2793; x_wconf 84' lang='lat' dir='ltr'><strong>cum</strong></span> <span class='ocrx_word' id='word_1_177' title='bbox 603 2739 968 2806; x_wconf 89' lang='lat' dir='ltr'><strong>pretiosarum</strong></span> <span class='ocrx_word' id='word_1_178' title='bbox 1023 2737 1256 2789; x_wconf 90' lang='lat' dir='ltr'><strong>vestium</strong></span> <span class='ocrx_word' id='word_1_179' title='bbox 1311 2735 1618 2791; x_wconf 77' lang='lat' dir='ltr'><strong>honorabat</strong></span> <span class='ocrx_word' id='word_1_180' title='bbox 1672 2737 1854 2793; x_wconf 88' lang='lat' dir='ltr'><strong>donis.</strong></span> <span class='ocrx_word' id='word_1_181' title='bbox 1916 2740 1996 2792; x_wconf 78' lang='grc' dir='ltr'><strong>ΛιΙ</strong></span> 
     </span>
    </p>
   </div>
   <div class='ocr_carea' id='block_1_29' title="bbox 417 2828 2000 2900">
    <p class='ocr_par' dir='ltr' id='par_1_29' title="bbox 417 2828 2000 2900">
     <span class='ocr_line' id='line_1_29' title="bbox 417 2828 2000 2900; baseline 0.003 -19"><span class='ocrx_word' id='word_1_182' title='bbox 417 2829 565 2899; x_wconf 88' lang='lat' dir='ltr'><strong>quod</strong></span> <span class='ocrx_word' id='word_1_183' title='bbox 619 2828 971 2882; x_wconf 88' lang='lat' dir='ltr'><strong>liberalitatis</strong></span> <span class='ocrx_word' id='word_1_184' title='bbox 1039 2828 1306 2894; x_wconf 78' lang='lat' dir='ltr'><strong>principis</strong></span> <span class='ocrx_word' id='word_1_185' title='bbox 1360 2836 1714 2898; x_wconf 88' lang='lat' dir='ltr'><strong>augmentum</strong></span> <span class='ocrx_word' id='word_1_186' title='bbox 1765 2830 2000 2900; x_wconf 83' lang='lat' dir='ltr'><strong>hospitis</strong></span> 
     </span>
    </p>
   </div>
   <div class='ocr_carea' id='block_1_30' title="bbox 416 2919 1995 2992">
    <p class='ocr_par' dir='ltr' id='par_1_30' title="bbox 416 2919 1995 2992">
     <span class='ocr_line' id='line_1_30' title="bbox 416 2919 1995 2992; baseline 0.001 -18"><span class='ocrx_word' id='word_1_187' title='bbox 416 2936 639 2992; x_wconf 86' lang='lat' dir='ltr'><strong>quoque</strong></span> <span class='ocrx_word' id='word_1_188' title='bbox 695 2920 920 2987; x_wconf 89' lang='lat' dir='ltr'><strong>antiqua</strong></span> <span class='ocrx_word' id='word_1_189' title='bbox 970 2921 1317 2972; x_wconf 80' lang='lat' dir='ltr'><strong>contumacia</strong></span> <span class='ocrx_word' id='word_1_190' title='bbox 1372 2919 1425 2972; x_wconf 88' lang='lat' dir='ltr'><strong>itt</strong></span> <span class='ocrx_word' id='word_1_191' title='bbox 1476 2920 1652 2989; x_wconf 75' lang='lat' dir='ltr'><strong>magis</strong></span> <span class='ocrx_word' id='word_1_192' title='bbox 1701 2923 1995 2976; x_wconf 85' lang='lat' dir='ltr'><strong>obnoxiam</strong></span> 
     </span>
    </p>
   </div>
   <div class='ocr_carea' id='block_1_31' title="bbox 417 3012 1995 3076">
    <p class='ocr_par' dir='ltr' id='par_1_31' title="bbox 417 3012 1995 3076">
     <span class='ocr_line' id='line_1_31' title="bbox 417 3012 1995 3076; baseline 0 -6"><span class='ocrx_word' id='word_1_193' title='bbox 417 3014 626 3070; x_wconf 87' lang='lat' dir='ltr'><strong>sensim</strong></span> <span class='ocrx_word' id='word_1_194' title='bbox 650 3028 710 3067; x_wconf 89' lang='lat' dir='ltr'><strong>se</strong></span> <span class='ocrx_word' id='word_1_195' title='bbox 735 3012 1125 3066; x_wconf 79' lang='lat' dir='ltr'><strong>verecundiam</strong></span> <span class='ocrx_word' id='word_1_196' title='bbox 1162 3026 1224 3064; x_wconf 89' lang='lat' dir='ltr'><strong>ac</strong></span> <span class='ocrx_word' id='word_1_197' title='bbox 1253 3015 1663 3066; x_wconf 73' lang='lat' dir='ltr'><strong>venerationem</strong></span> <span class='ocrx_word' id='word_1_198' title='bbox 1695 3015 1995 3076; x_wconf 78' lang='lat' dir='ltr'><strong>molliente,</strong></span> 
     </span>
    </p>
   </div>
   <div class='ocr_carea' id='block_1_32' title="bbox 417 3101 2064 3180">
    <p class='ocr_par' dir='ltr' id='par_1_32' title="bbox 417 3101 2064 3180">
     <span class='ocr_line' id='line_1_32' title="bbox 417 3101 2064 3180; baseline -0.001 -19"><span class='ocrx_word' id='word_1_199' title='bbox 417 3122 484 3161; x_wconf 89' lang='lat' dir='ltr'><strong>eo</strong></span> <span class='ocrx_word' id='word_1_200' title='bbox 531 3107 769 3174; x_wconf 89' lang='lat' dir='ltr'><strong>denique</strong></span> <span class='ocrx_word' id='word_1_201' title='bbox 827 3111 1049 3157; x_wconf 84' lang='lat' dir='ltr'><strong>ventum</strong></span> <span class='ocrx_word' id='word_1_202' title='bbox 1109 3111 1194 3157; x_wconf 91' lang='lat' dir='ltr'><strong>est</strong></span> <span class='ocrx_word' id='word_1_203' title='bbox 1249 3113 1308 3156; x_wconf 90' lang='lat' dir='ltr'><strong>ut</strong></span> <span class='ocrx_word' id='word_1_204' title='bbox 1357 3101 1716 3174; x_wconf 80' lang='lat' dir='ltr'><strong>Mpyrigerius</strong></span> <span class='ocrx_word' id='word_1_205' title='bbox 1764 3123 1825 3162; x_wconf 89' lang='lat' dir='ltr'><strong>se</strong></span> <span class='ocrx_word' id='word_1_206' title='bbox 1885 3119 2064 3180; x_wconf 73' lang='lat' dir='ltr'><strong>nunc</strong></span> 
     </span>
    </p>
   </div>
   <div class='ocr_carea' id='block_1_33' title="bbox 415 3194 1993 3267">
    <p class='ocr_par' dir='ltr' id='par_1_33' title="bbox 415 3194 1993 3267">
     <span class='ocr_line' id='line_1_33' title="bbox 415 3194 1993 3267; baseline -0.001 -15"><span class='ocrx_word' id='word_1_207' title='bbox 415 3200 718 3253; x_wconf 80' lang='lat' dir='ltr'><strong>abhorrere</strong></span> <span class='ocrx_word' id='word_1_208' title='bbox 767 3194 1077 3249; x_wconf 83' lang='lat' dir='ltr'><strong>declararet</strong></span> <span class='ocrx_word' id='word_1_209' title='bbox 1122 3210 1151 3247; x_wconf 91' lang='lat' dir='ltr'><strong>a</strong></span> <span class='ocrx_word' id='word_1_210' title='bbox 1202 3195 1303 3250; x_wconf 88' lang='lat' dir='ltr'><strong>rite</strong></span> <span class='ocrx_word' id='word_1_211' title='bbox 1340 3197 1641 3264; x_wconf 80' lang='lat' dir='ltr'><strong>profitenda</strong></span> <span class='ocrx_word' id='word_1_212' title='bbox 1673 3198 1993 3267; x_wconf 82' lang='lat' dir='ltr'><strong>imperatori</strong></span> 
     </span>
    </p>
   </div>
   <div class='ocr_carea' id='block_1_34' title="bbox 415 3289 1993 3360">
    <p class='ocr_par' dir='ltr' id='par_1_34' title="bbox 415 3289 1993 3360">
     <span class='ocr_line' id='line_1_34' title="bbox 415 3289 1993 3360; baseline -0.001 -14"><span class='ocrx_word' id='word_1_213' title='bbox 415 3291 781 3360; x_wconf 87' lang='lat' dir='ltr'><strong>subjectionis</strong></span> <span class='ocrx_word' id='word_1_214' title='bbox 828 3290 970 3352; x_wconf 85' lang='lat' dir='ltr'><strong>fide,</strong></span> <span class='ocrx_word' id='word_1_215' title='bbox 1026 3304 1193 3358; x_wconf 90' lang='lat' dir='ltr'><strong>quam</strong></span> <span class='ocrx_word' id='word_1_216' title='bbox 1245 3289 1486 3358; x_wconf 89' lang='lat' dir='ltr'><strong>printum</strong></span> <span class='ocrx_word' id='word_1_217' title='bbox 1543 3291 1590 3345; x_wconf 88' lang='lat' dir='ltr'><strong>is</strong></span> <span class='ocrx_word' id='word_1_218' title='bbox 1635 3290 1877 3360; x_wconf 74' lang='lat' dir='ltr'><strong>juberet.</strong></span> <span class='ocrx_word' id='word_1_219' title='bbox 1935 3291 1993 3345; x_wconf 87' lang='lat' dir='ltr'><strong>1d</strong></span> 
     </span>
    </p>
   </div>
   <div class='ocr_carea' id='block_1_35' title="bbox 419 3381 1993 3454">
    <p class='ocr_par' dir='ltr' id='par_1_35' title="bbox 419 3381 1993 3454">
     <span class='ocr_line' id='line_1_35' title="bbox 419 3381 1993 3454; baseline 0 -19"><span class='ocrx_word' id='word_1_220' title='bbox 419 3399 550 3438; x_wconf 87' lang='lat' dir='ltr'><strong>vero</strong></span> <span class='ocrx_word' id='word_1_221' title='bbox 580 3391 640 3436; x_wconf 92' lang='lat' dir='ltr'><strong>ut</strong></span> <span class='ocrx_word' id='word_1_222' title='bbox 666 3384 850 3436; x_wconf 77' lang='lat' dir='ltr'><strong>statim</strong></span> <span class='ocrx_word' id='word_1_223' title='bbox 891 3382 1067 3444; x_wconf 90' lang='lat' dir='ltr'><strong>fieret,</strong></span> <span class='ocrx_word' id='word_1_224' title='bbox 1105 3381 1332 3451; x_wconf 89' lang='lat' dir='ltr'><strong>ttrgebat</strong></span> <span class='ocrx_word' id='word_1_225' title='bbox 1359 3382 1480 3436; x_wconf 90' lang='lat' dir='ltr'><strong>festi</strong></span> <span class='ocrx_word' id='word_1_226' title='bbox 1513 3391 1724 3436; x_wconf 89' lang='lat' dir='ltr'><strong>tantum</strong></span> <span class='ocrx_word' id='word_1_227' title='bbox 1753 3398 1861 3437; x_wconf 89' lang='lat' dir='ltr'><strong>non</strong></span> <span class='ocrx_word' id='word_1_228' title='bbox 1883 3383 1993 3454; x_wconf 91' lang='lat' dir='ltr'><strong>jam</strong></span> 
     </span>
    </p>
   </div>
   <div class='ocr_carea' id='block_1_36' title="bbox 415 3473 1997 3545">
    <p class='ocr_par' dir='ltr' id='par_1_36' title="bbox 415 3473 1997 3545">
     <span class='ocr_line' id='line_1_36' title="bbox 415 3473 1997 3545; baseline -0.001 -15"><span class='ocrx_word' id='word_1_229' title='bbox 415 3474 700 3545; x_wconf 58' lang='lat' dir='ltr'><strong>praesentis</strong></span> <span class='ocrx_word' id='word_1_230' title='bbox 753 3473 993 3537; x_wconf 85' lang='lat' dir='ltr'><strong>vicinia;</strong></span> <span class='ocrx_word' id='word_1_231' title='bbox 1055 3487 1166 3542; x_wconf 90' lang='lat' dir='ltr'><strong>quo</strong></span> <span class='ocrx_word' id='word_1_232' title='bbox 1216 3487 1339 3526; x_wconf 91' lang='lat' dir='ltr'><strong>cum</strong></span> <span class='ocrx_word' id='word_1_233' title='bbox 1395 3473 1464 3528; x_wconf 88' lang='lat' dir='ltr'><strong>de</strong></span> <span class='ocrx_word' id='word_1_234' title='bbox 1515 3489 1667 3529; x_wconf 89' lang='lat' dir='ltr'><strong>more</strong></span> <span class='ocrx_word' id='word_1_235' title='bbox 1715 3482 1997 3544; x_wconf 86' lang='lat' dir='ltr'><strong>Oporteret</strong></span> 
     </span>
    </p>
   </div>
   <div class='ocr_carea' id='block_1_37' title="bbox 415 3563 1993 3635">
    <p class='ocr_par' dir='ltr' id='par_1_37' title="bbox 415 3563 1993 3635">
     <span class='ocr_line' id='line_1_37' title="bbox 415 3563 1993 3635; baseline -0.001 -16"><span class='ocrx_word' id='word_1_236' title='bbox 415 3581 682 3635; x_wconf 86' lang='lat' dir='ltr'><strong>apparere</strong></span> <span class='ocrx_word' id='word_1_237' title='bbox 733 3565 950 3634; x_wconf 89' lang='lat' dir='ltr'><strong>publice</strong></span> <span class='ocrx_word' id='word_1_238' title='bbox 1009 3563 1317 3618; x_wconf 86' lang='lat' dir='ltr'><strong>adstantem</strong></span> <span class='ocrx_word' id='word_1_239' title='bbox 1366 3566 1688 3634; x_wconf 84' lang='lat' dir='ltr'><strong>imperatori</strong></span> <span class='ocrx_word' id='word_1_240' title='bbox 1741 3576 1993 3620; x_wconf 86' lang='lat' dir='ltr'><strong>senatum</strong></span> 
     </span>
    </p>
   </div>
   <div class='ocr_carea' id='block_1_38' title="bbox 417 3658 1995 3729">
    <p class='ocr_par' dir='ltr' id='par_1_38' title="bbox 417 3658 1995 3729">
     <span class='ocr_line' id='line_1_38' title="bbox 417 3658 1995 3729; baseline 0.001 -18"><span class='ocrx_word' id='word_1_241' title='bbox 417 3658 734 3711; x_wconf 88' lang='lat' dir='ltr'><strong>universum</strong></span> <span class='ocrx_word' id='word_1_242' title='bbox 765 3667 1110 3724; x_wconf 85' lang='lat' dir='ltr'><strong>cunctosque</strong></span> <span class='ocrx_word' id='word_1_243' title='bbox 1143 3659 1496 3726; x_wconf 71' lang='lat' dir='ltr'><strong>magistratus</strong></span> <span class='ocrx_word' id='word_1_244' title='bbox 1525 3675 1650 3712; x_wconf 87' lang='lat' dir='ltr'><strong>cum</strong></span> <span class='ocrx_word' id='word_1_245' title='bbox 1687 3660 1995 3729; x_wconf 74' lang='lat' dir='ltr'><strong>insignibus</strong></span> 
     </span>
    </p>
   </div>
   <div class='ocr_carea' id='block_1_39' title="bbox 415 3748 1998 3818">
    <p class='ocr_par' dir='ltr' id='par_1_39' title="bbox 415 3748 1998 3818">
     <span class='ocr_line' id='line_1_39' title="bbox 415 3748 1998 3818; baseline 0.001 -15"><span class='ocrx_word' id='word_1_246' title='bbox 415 3763 691 3818; x_wconf 84' lang='lat' dir='ltr'><strong>quemque</strong></span> <span class='ocrx_word' id='word_1_247' title='bbox 723 3748 1015 3816; x_wconf 84' lang='lat' dir='ltr'><strong>potestatis</strong></span> <span class='ocrx_word' id='word_1_248' title='bbox 1045 3764 1177 3809; x_wconf 74' lang='lat' dir='ltr'><strong>suae,</strong></span> <span class='ocrx_word' id='word_1_249' title='bbox 1211 3763 1279 3802; x_wconf 91' lang='lat' dir='ltr'><strong>ne</strong></span> <span class='ocrx_word' id='word_1_250' title='bbox 1314 3749 1441 3802; x_wconf 85' lang='lat' dir='ltr'><strong>huic</strong></span> <span class='ocrx_word' id='word_1_251' title='bbox 1470 3754 1812 3804; x_wconf 71' lang='lat' dir='ltr'><strong>eazrentonia:</strong></span> <span class='ocrx_word' id='word_1_252' title='bbox 1844 3752 1998 3805; x_wconf 88' lang='lat' dir='ltr'><strong>dees-</strong></span> 
     </span>
    </p>
   </div>
   <div class='ocr_carea' id='block_1_40' title="bbox 417 3841 1997 3911">
    <p class='ocr_par' dir='ltr' id='par_1_40' title="bbox 417 3841 1997 3911">
     <span class='ocr_line' id='line_1_40' title="bbox 417 3841 1997 3911; baseline 0.001 -15"><span class='ocrx_word' id='word_1_253' title='bbox 417 3852 498 3897; x_wconf 89' lang='lat' dir='ltr'><strong>set</strong></span> <span class='ocrx_word' id='word_1_254' title='bbox 555 3855 728 3894; x_wconf 86' lang='lat' dir='ltr'><strong>novus</strong></span> <span class='ocrx_word' id='word_1_255' title='bbox 778 3842 864 3893; x_wconf 88' lang='lat' dir='ltr'><strong>hic</strong></span> <span class='ocrx_word' id='word_1_256' title='bbox 899 3850 1122 3895; x_wconf 84' lang='lat' dir='ltr'><strong>senator</strong></span> <span class='ocrx_word' id='word_1_257' title='bbox 1170 3851 1224 3892; x_wconf 87' lang='lat' dir='ltr'><strong>et</strong></span> <span class='ocrx_word' id='word_1_258' title='bbox 1268 3841 1620 3908; x_wconf 76' lang='lat' dir='ltr'><strong>magistratus</strong></span> <span class='ocrx_word' id='word_1_259' title='bbox 1654 3841 1997 3911; x_wconf 87' lang='lat' dir='ltr'><strong>designatus,</strong></span> 
     </span>
    </p>
   </div>
   <div class='ocr_carea' id='block_1_41' title="bbox 417 3929 1997 4001">
    <p class='ocr_par' dir='ltr' id='par_1_41' title="bbox 417 3929 1997 4001">
     <span class='ocr_line' id='line_1_41' title="bbox 417 3929 1997 4001; baseline 0 -15"><span class='ocrx_word' id='word_1_260' title='bbox 417 3931 512 3986; x_wconf 86' lang='lat' dir='ltr'><strong>sed</strong></span> <span class='ocrx_word' id='word_1_261' title='bbox 548 3933 598 3982; x_wconf 92' lang='lat' dir='ltr'><strong>in</strong></span> <span class='ocrx_word' id='word_1_262' title='bbox 633 3945 696 3983; x_wconf 89' lang='lat' dir='ltr'><strong>ea</strong></span> <span class='ocrx_word' id='word_1_263' title='bbox 731 3930 990 3984; x_wconf 84' lang='lat' dir='ltr'><strong>destinati</strong></span> <span class='ocrx_word' id='word_1_264' title='bbox 1021 3930 1069 3982; x_wconf 81' lang='lat' dir='ltr'><strong>ei</strong></span> <span class='ocrx_word' id='word_1_265' title='bbox 1100 3929 1258 3984; x_wconf 80' lang='lat' dir='ltr'><strong>ofﬁcii</strong></span> <span class='ocrx_word' id='word_1_266' title='bbox 1289 3945 1560 3998; x_wconf 87' lang='lat' dir='ltr'><strong>occupare</strong></span> <span class='ocrx_word' id='word_1_267' title='bbox 1592 3933 1774 3984; x_wconf 86' lang='lat' dir='ltr'><strong>locum</strong></span> <span class='ocrx_word' id='word_1_268' title='bbox 1801 3941 1852 3984; x_wconf 92' lang='lat' dir='ltr'><strong>et</strong></span> <span class='ocrx_word' id='word_1_269' title='bbox 1879 3933 1997 4001; x_wconf 86' lang='lat' dir='ltr'><strong>ejus</strong></span> 
     </span>
    </p>
   </div>
   <div class='ocr_carea' id='block_1_42' title="bbox 417 4021 1996 4093">
    <p class='ocr_par' dir='ltr' id='par_1_42' title="bbox 417 4021 1996 4093">
     <span class='ocr_line' id='line_1_42' title="bbox 417 4021 1996 4093; baseline -0.002 -15"><span class='ocrx_word' id='word_1_270' title='bbox 417 4024 727 4093; x_wconf 80' lang='lat' dir='ltr'><strong>insignibus</strong></span> <span class='ocrx_word' id='word_1_271' title='bbox 774 4037 1009 4077; x_wconf 57' lang='lat' dir='ltr'><strong>ornatus</strong></span> <span class='ocrx_word' id='word_1_272' title='bbox 1046 4033 1229 4089; x_wconf 80' lang='lat' dir='ltr'><strong>posset</strong></span> <span class='ocrx_word' id='word_1_273' title='bbox 1259 4022 1529 4091; x_wconf 75' lang='lat' dir='ltr'><strong>conspici,</strong></span> <span class='ocrx_word' id='word_1_274' title='bbox 1567 4021 1996 4091; x_wconf 69' lang='lat' dir='ltr'><strong>prmfestinanda</strong></span> 
     </span>
    </p>
   </div>
   <div class='ocr_carea' id='block_1_43' title="bbox 416 4115 1996 4184">
    <p class='ocr_par' dir='ltr' id='par_1_43' title="bbox 416 4115 1996 4184">
     <span class='ocr_line' id='line_1_43' title="bbox 416 4115 1996 4184; baseline -0.001 -16"><span class='ocrx_word' id='word_1_275' title='bbox 416 4117 532 4170; x_wconf 86' lang='lat' dir='ltr'><strong>visa</strong></span> <span class='ocrx_word' id='word_1_276' title='bbox 555 4126 635 4171; x_wconf 74' lang='grc' dir='ltr'><strong>εει</strong></span> <span class='ocrx_word' id='word_1_277' title='bbox 663 4115 936 4184; x_wconf 81' lang='lat' dir='ltr'><strong>professio</strong></span> <span class='ocrx_word' id='word_1_278' title='bbox 969 4115 1332 4184; x_wconf 86' lang='lat' dir='ltr'><strong>subjectionis</strong></span> <span class='ocrx_word' id='word_1_279' title='bbox 1361 4115 1480 4183; x_wconf 85' lang='lat' dir='ltr'><strong>ejus</strong></span> <span class='ocrx_word' id='word_1_280' title='bbox 1509 4116 1575 4169; x_wconf 89' lang='lat' dir='ltr'><strong>ad</strong></span> <span class='ocrx_word' id='word_1_281' title='bbox 1607 4116 1996 4184; x_wconf 80' lang='lat' dir='ltr'><strong>imperatorem</strong></span> 
     </span>
    </p>
   </div>
   <div class='ocr_carea' id='block_1_44' title="bbox 411 4205 1998 4277">
    <p class='ocr_par' dir='ltr' id='par_1_44' title="bbox 411 4205 1998 4277">
     <span class='ocr_line' id='line_1_44' title="bbox 411 4205 1998 4277; baseline -0.002 -17"><span class='ocrx_word' id='word_1_282' title='bbox 411 4206 775 4277; x_wconf 87' lang='lat' dir='ltr'><strong>jurejurando</strong></span> <span class='ocrx_word' id='word_1_283' title='bbox 808 4205 1046 4271; x_wconf 84' lang='lat' dir='ltr'><strong>firmata,</strong></span> <span class='ocrx_word' id='word_1_284' title='bbox 1077 4207 1281 4275; x_wconf 82' lang='lat' dir='ltr'><strong>quippe</strong></span> <span class='ocrx_word' id='word_1_285' title='bbox 1315 4222 1439 4275; x_wconf 73' lang='lat' dir='ltr'><strong>qua:</strong></span> <span class='ocrx_word' id='word_1_286' title='bbox 1464 4207 1530 4259; x_wconf 89' lang='lat' dir='ltr'><strong>ad</strong></span> <span class='ocrx_word' id='word_1_287' title='bbox 1564 4205 1653 4258; x_wconf 88' lang='lat' dir='ltr'><strong>illa</strong></span> <span class='ocrx_word' id='word_1_288' title='bbox 1695 4222 1818 4274; x_wconf 62' lang='lat' dir='ltr'><strong>qua;</strong></span> <span class='ocrx_word' id='word_1_289' title='bbox 1850 4207 1998 4259; x_wconf 88' lang='lat' dir='ltr'><strong>dicta</strong></span> 
     </span>
    </p>
   </div>
   <div class='ocr_carea' id='block_1_45' title="bbox 412 4298 1996 4369">
    <p class='ocr_par' dir='ltr' id='par_1_45' title="bbox 412 4298 1996 4369">
     <span class='ocr_line' id='line_1_45' title="bbox 412 4298 1996 4369; baseline -0.002 -14"><span class='ocrx_word' id='word_1_290' title='bbox 412 4309 544 4355; x_wconf 88' lang='lat' dir='ltr'><strong>sunt</strong></span> <span class='ocrx_word' id='word_1_291' title='bbox 582 4309 730 4355; x_wconf 88' lang='lat' dir='ltr'><strong>esset</strong></span> <span class='ocrx_word' id='word_1_292' title='bbox 782 4299 1098 4353; x_wconf 84' lang='lat' dir='ltr'><strong>necessaria</strong></span> <span class='ocrx_word' id='word_1_293' title='bbox 1149 4300 1497 4368; x_wconf 62' lang='lat' dir='ltr'><strong>praeparatio.</strong></span> <span class='ocrx_word' id='word_1_294' title='bbox 1543 4298 1653 4353; x_wconf 87' lang='lat' dir='ltr'><strong>Isto</strong></span> <span class='ocrx_word' id='word_1_295' title='bbox 1683 4299 1848 4369; x_wconf 79' lang='lat' dir='ltr'><strong>igitur</strong></span> <span class='ocrx_word' id='word_1_296' title='bbox 1888 4299 1996 4352; x_wconf 88' lang='lat' dir='ltr'><strong>ritu</strong></span> 
     </span>
    </p>
   </div>
   <div class='ocr_carea' id='block_1_46' title="bbox 415 4389 1997 4462">
    <p class='ocr_par' dir='ltr' id='par_1_46' title="bbox 415 4389 1997 4462">
     <span class='ocr_line' id='line_1_46' title="bbox 415 4389 1997 4462; baseline -0.001 -17"><span class='ocrx_word' id='word_1_297' title='bbox 415 4392 617 4462; x_wconf 61' lang='lat' dir='ltr'><strong>praevio</strong></span> <span class='ocrx_word' id='word_1_298' title='bbox 650 4389 994 4460; x_wconf 88' lang='lat' dir='ltr'><strong>perfunctus,</strong></span> <span class='ocrx_word' id='word_1_299' title='bbox 1034 4393 1215 4444; x_wconf 84' lang='lat' dir='ltr'><strong>statim</strong></span> <span class='ocrx_word' id='word_1_300' title='bbox 1240 4390 1600 4460; x_wconf 82' lang='lat' dir='ltr'><strong>Mpyrigerius</strong></span> <span class='ocrx_word' id='word_1_301' title='bbox 1646 4393 1997 4446; x_wconf 89' lang='lat' dir='ltr'><strong>renuntiatur</strong></span> 
     </span>
    </p>
   </div>
   <div class='ocr_carea' id='block_1_47' title="bbox 2113 534 3693 608">
    <p class='ocr_par' dir='ltr' id='par_1_47' title="bbox 2113 534 3693 608">
     <span class='ocr_line' id='line_1_47' title="bbox 2113 534 3693 608; baseline 0.005 -24"><span class='ocrx_word' id='word_1_302' title='bbox 2113 534 2274 594; x_wconf 71' lang='grc' dir='ltr'>ὐλος</span> <span class='ocrx_word' id='word_1_303' title='bbox 2309 535 2489 588; x_wconf 86' lang='grc' dir='ltr'>τοίνυν</span> <span class='ocrx_word' id='word_1_304' title='bbox 2522 535 2839 588; x_wconf 81' lang='grc' dir='ltr'>τούντεῦθεν</span> <span class='ocrx_word' id='word_1_305' title='bbox 2886 536 3284 605; x_wconf 84' lang='grc' dir='ltr'>προσκείμενος</span> <span class='ocrx_word' id='word_1_306' title='bbox 3345 538 3422 607; x_wconf 83' lang='grc' dir='ltr'>τῷ</span> <span class='ocrx_word' id='word_1_307' title='bbox 3478 537 3693 608; x_wconf 69' lang='grc' dir='ltr'>βασιλεῖ</span> 
     </span>
    </p>
   </div>
   <div class='ocr_carea' id='block_1_48' title="bbox 2111 625 3574 700">
    <p class='ocr_par' dir='ltr' id='par_1_48' title="bbox 2111 625 3574 700">
     <span class='ocr_line' id='line_1_48' title="bbox 2111 625 3574 700; baseline 0.002 -23"><span class='ocrx_word' id='word_1_308' title='bbox 2111 627 2203 678; x_wconf 71' lang='grc' dir='ltr'><strong>καὶ</strong></span> <span class='ocrx_word' id='word_1_309' title='bbox 2227 625 2294 678; x_wconf 77' lang='grc' dir='ltr'>τὰ</span> <span class='ocrx_word' id='word_1_310' title='bbox 2320 627 2511 696; x_wconf 82' lang='grc' dir='ltr'>πρῶτα</span> <span class='ocrx_word' id='word_1_311' title='bbox 2542 628 2649 680; x_wconf 81' lang='grc' dir='ltr'><strong>τῶν</strong></span> <span class='ocrx_word' id='word_1_312' title='bbox 2684 628 3034 698; x_wconf 76' lang='grc' dir='ltr'>βουληφόρων</span> <span class='ocrx_word' id='word_1_313' title='bbox 3061 631 3152 682; x_wconf 80' lang='grc' dir='ltr'>καὶ</span> <span class='ocrx_word' id='word_1_314' title='bbox 3185 629 3478 699; x_wconf 76' lang='grc' dir='ltr'>κράτιστον</span> <span class='ocrx_word' id='word_1_315' title='bbox 3504 626 3574 700; x_wconf 78' lang='grc' dir='ltr'>ἦν</span> 
     </span>
    </p>
   </div>
   <div class='ocr_carea' id='block_1_49' title="bbox 2111 739 3692 811">
    <p class='ocr_par' dir='ltr' id='par_1_49' title="bbox 2111 739 3692 811">
     <span class='ocr_line' id='line_1_49' title="bbox 2111 739 3692 811; baseline 0.003 -19"><span class='ocrx_word' id='word_1_316' title='bbox 2111 739 2199 811; x_wconf 84' lang='grc' dir='ltr'>ιβ’.</span> <span class='ocrx_word' id='word_1_317' title='bbox 2245 741 2451 808; x_wconf 84' lang='grc' dir='ltr'>’Ὄρκοι</span> <span class='ocrx_word' id='word_1_318' title='bbox 2499 741 2603 795; x_wconf 75' lang='grc' dir='ltr'>τοῦ</span> <span class='ocrx_word' id='word_1_319' title='bbox 2651 743 3056 810; x_wconf 63' lang='grc' dir='ltr'>Μπυριγείπιόυ</span> <span class='ocrx_word' id='word_1_320' title='bbox 3117 742 3327 804; x_wconf 78' lang='grc' dir='ltr'>Τέντζὶι</span> <span class='ocrx_word' id='word_1_321' title='bbox 3367 746 3468 798; x_wconf 82' lang='grc' dir='ltr'>καὶ</span> <span class='ocrx_word' id='word_1_322' title='bbox 3514 745 3692 810; x_wconf 78' lang='grc' dir='ltr'>ἀξιώ-</span> 
     </span>
    </p>
   </div>
   <div class='ocr_carea' id='block_1_50' title="bbox 2798 829 2979 880">
    <p class='ocr_par' dir='ltr' id='par_1_50' title="bbox 2798 829 2979 880">
     <span class='ocr_line' id='line_1_50' title="bbox 2798 829 2979 880; baseline 0.022 -18"><span class='ocrx_word' id='word_1_323' title='bbox 2798 829 2979 880; x_wconf 77' lang='grc' dir='ltr'>ματα.</span> 
     </span>
    </p>
   </div>
   <div class='ocr_carea' id='block_1_51' title="bbox 2181 901 3690 976">
    <p class='ocr_par' dir='ltr' id='par_1_51' title="bbox 2181 901 3690 976">
     <span class='ocr_line' id='line_1_51' title="bbox 2181 901 3690 976; baseline 0.005 -22"><span class='ocrx_word' id='word_1_324' title='bbox 2181 901 2266 973; x_wconf 80' lang='grc' dir='ltr'><strong>[Ρ.</strong></span> <span class='ocrx_word' id='word_1_325' title='bbox 2301 901 2430 973; x_wconf 67' lang='grc' dir='ltr'><strong>54η</strong></span> <span class='ocrx_word' id='word_1_326' title='bbox 2469 903 2613 968; x_wconf 84' lang='grc' dir='ltr'><strong>Πλὴν</strong></span> <span class='ocrx_word' id='word_1_327' title='bbox 2644 903 2767 956; x_wconf 80' lang='grc' dir='ltr'>ὅσον</span> <span class='ocrx_word' id='word_1_328' title='bbox 2797 903 2907 956; x_wconf 84' lang='grc' dir='ltr'><strong>τῶν</strong></span> <span class='ocrx_word' id='word_1_329' title='bbox 2931 905 3040 957; x_wconf 82' lang='grc' dir='ltr'><strong>ἀπὸ</strong></span> <span class='ocrx_word' id='word_1_330' title='bbox 3063 904 3253 958; x_wconf 89' lang='grc' dir='ltr'>τούτου</span> <span class='ocrx_word' id='word_1_331' title='bbox 3296 905 3429 975; x_wconf 78' lang='grc' dir='ltr'>πρὸς</span> <span class='ocrx_word' id='word_1_332' title='bbox 3462 906 3690 976; x_wconf 85' lang='grc' dir='ltr'>βασιλέα</span> 
     </span>
    </p>
   </div>
   <div class='ocr_carea' id='block_1_52' title="bbox 2107 992 3687 1067">
    <p class='ocr_par' dir='ltr' id='par_1_52' title="bbox 2107 992 3687 1067">
     <span class='ocr_line' id='line_1_52' title="bbox 2107 992 3687 1067; baseline 0.003 -21"><span class='ocrx_word' id='word_1_333' title='bbox 2107 992 2378 1047; x_wconf 81' lang='grc' dir='ltr'>τελεῖσθαι</span> <span class='ocrx_word' id='word_1_334' title='bbox 2407 993 2716 1063; x_wconf 80' lang='grc' dir='ltr'>μελλουσῶν</span> <span class='ocrx_word' id='word_1_335' title='bbox 2745 995 3102 1064; x_wconf 75' lang='grc' dir='ltr'>ὁρκωμοσιῶν</span> <span class='ocrx_word' id='word_1_336' title='bbox 3155 997 3277 1048; x_wconf 76' lang='grc' dir='ltr'>ἐπεί</span> <span class='ocrx_word' id='word_1_337' title='bbox 3313 998 3360 1048; x_wconf 87' lang='grc' dir='ltr'>οἱ</span> <span class='ocrx_word' id='word_1_338' title='bbox 3396 998 3550 1063; x_wconf 84' lang='grc' dir='ltr'>φίλον</span> <span class='ocrx_word' id='word_1_339' title='bbox 3585 998 3687 1067; x_wconf 83' lang='grc' dir='ltr'><strong>μὲν</strong></span> 
     </span>
    </p>
   </div>
   <div class='ocr_carea' id='block_1_53' title="bbox 2109 1084 3690 1154">
    <p class='ocr_par' dir='ltr' id='par_1_53' title="bbox 2109 1084 3690 1154">
     <span class='ocr_line' id='line_1_53' title="bbox 2109 1084 3690 1154; baseline 0.003 -18"><span class='ocrx_word' id='word_1_340' title='bbox 2109 1085 2206 1136; x_wconf 76' lang='grc' dir='ltr'>τοῦ</span> <span class='ocrx_word' id='word_1_341' title='bbox 2233 1084 2498 1154; x_wconf 82' lang='grc' dir='ltr'>βασιλέως</span> <span class='ocrx_word' id='word_1_342' title='bbox 2525 1087 2696 1152; x_wconf 80' lang='grc' dir='ltr'>φίλων</span> <span class='ocrx_word' id='word_1_343' title='bbox 2724 1087 3015 1138; x_wconf 82' lang='grc' dir='ltr'>ἀντίπαλον</span> <span class='ocrx_word' id='word_1_344' title='bbox 3039 1087 3094 1139; x_wconf 84' lang='grc' dir='ltr'><strong>δὲ</strong></span> <span class='ocrx_word' id='word_1_345' title='bbox 3115 1087 3222 1138; x_wconf 84' lang='grc' dir='ltr'><strong>τῶν</strong></span> <span class='ocrx_word' id='word_1_346' title='bbox 3245 1089 3576 1153; x_wconf 75' lang='grc' dir='ltr'>ἀντιπάλων,</span> <span class='ocrx_word' id='word_1_347' title='bbox 3612 1091 3690 1153; x_wconf 84' lang='grc' dir='ltr'>ὠς</span> 
     </span>
    </p>
   </div>
   <div class='ocr_carea' id='block_1_54' title="bbox 2105 1177 3690 1246">
    <p class='ocr_par' dir='ltr' id='par_1_54' title="bbox 2105 1177 3690 1246">
     <span class='ocr_line' id='line_1_54' title="bbox 2105 1177 3690 1246; baseline 0.002 -17"><span class='ocrx_word' id='word_1_348' title='bbox 2105 1177 2329 1240; x_wconf 75' lang='grc' dir='ltr'>εἴθιστο,</span> <span class='ocrx_word' id='word_1_349' title='bbox 2345 1179 2435 1230; x_wconf 73' lang='grc' dir='ltr'><strong>καὶ</strong></span> <span class='ocrx_word' id='word_1_350' title='bbox 2457 1177 2616 1229; x_wconf 68' lang='grc' dir='ltr'>αὑτὸν</span> <span class='ocrx_word' id='word_1_351' title='bbox 2636 1178 2864 1246; x_wconf 81' lang='grc' dir='ltr'>ὀμνύναι</span> <span class='ocrx_word' id='word_1_352' title='bbox 2897 1179 3282 1238; x_wconf 82' lang='grc' dir='ltr'>καθίστασθαι.</span> <span class='ocrx_word' id='word_1_353' title='bbox 3304 1183 3331 1232; x_wconf 87' lang='grc' dir='ltr'><strong>ὁ</strong></span> <span class='ocrx_word' id='word_1_354' title='bbox 3369 1181 3427 1232; x_wconf 80' lang='grc' dir='ltr'>δὲ</span> <span class='ocrx_word' id='word_1_355' title='bbox 3449 1188 3510 1232; x_wconf 78' lang='grc' dir='ltr'>τὸ</span> <span class='ocrx_word' id='word_1_356' title='bbox 3533 1182 3690 1240; x_wconf 77' lang='grc' dir='ltr'>εὑθὲς</span> 
     </span>
    </p>
   </div>
   <div class='ocr_carea' id='block_1_55' title="bbox 2103 1271 3688 1344">
    <p class='ocr_par' dir='ltr' id='par_1_55' title="bbox 2103 1271 3688 1344">
     <span class='ocr_line' id='line_1_55' title="bbox 2103 1271 3688 1344; baseline 0.001 -23"><span class='ocrx_word' id='word_1_357' title='bbox 2103 1273 2204 1337; x_wconf 71' lang='grc' dir='ltr'>τῆς</span> <span class='ocrx_word' id='word_1_358' title='bbox 2233 1271 2458 1338; x_wconf 72' lang='grc' dir='ltr'>γνώμης</span> <span class='ocrx_word' id='word_1_359' title='bbox 2488 1271 2543 1336; x_wconf 78' lang='grc' dir='ltr'>ἐξ</span> <span class='ocrx_word' id='word_1_360' title='bbox 2575 1271 2750 1340; x_wconf 84' lang='grc' dir='ltr'>ἀρχῆς</span> <span class='ocrx_word' id='word_1_361' title='bbox 2779 1272 2937 1340; x_wconf 80' lang='grc' dir='ltr'>δῆθεν</span> <span class='ocrx_word' id='word_1_362' title='bbox 2969 1273 3588 1343; x_wconf 72' lang='grc' dir='ltr'>ὑποκρινόμενος,δῆλος</span> <span class='ocrx_word' id='word_1_363' title='bbox 3617 1272 3688 1344; x_wconf 76' lang='grc' dir='ltr'>ἦν</span> 
     </span>
    </p>
   </div>
   <div class='ocr_carea' id='block_1_56' title="bbox 2103 1361 3688 1434">
    <p class='ocr_par' dir='ltr' id='par_1_56' title="bbox 2103 1361 3688 1434">
     <span class='ocr_line' id='line_1_56' title="bbox 2103 1361 3688 1434; baseline 0.003 -22"><span class='ocrx_word' id='word_1_364' title='bbox 2103 1361 2336 1428; x_wconf 70' lang='grc' dir='ltr'>ἐξαιρῶν</span> <span class='ocrx_word' id='word_1_365' title='bbox 2353 1363 2443 1411; x_wconf 69' lang='grc' dir='ltr'>τὸν</span> <span class='ocrx_word' id='word_1_366' title='bbox 2468 1362 2787 1431; x_wconf 84' lang='grc' dir='ltr'>Θευδερίχον</span> <span class='ocrx_word' id='word_1_367' title='bbox 2809 1364 2914 1416; x_wconf 84' lang='grc' dir='ltr'><strong>τῶν</strong></span> <span class='ocrx_word' id='word_1_368' title='bbox 2943 1363 3144 1416; x_wconf 79' lang='grc' dir='ltr'>λοιπῶν</span> <span class='ocrx_word' id='word_1_369' title='bbox 3163 1365 3461 1434; x_wconf 70' lang='grc' dir='ltr'>πολεμίων·</span> <span class='ocrx_word' id='word_1_370' title='bbox 3484 1367 3688 1432; x_wconf 75' lang='grc' dir='ltr'>φθάσαι</span> 
     </span>
    </p>
   </div>
   <div class='ocr_carea' id='block_1_57' title="bbox 2104 1451 3693 1522">
    <p class='ocr_par' dir='ltr' id='par_1_57' title="bbox 2104 1451 3693 1522">
     <span class='ocr_line' id='line_1_57' title="bbox 2104 1451 3693 1522; baseline 0.003 -20"><span class='ocrx_word' id='word_1_371' title='bbox 2104 1453 2215 1522; x_wconf 69' lang='grc' dir='ltr'><strong>γὰρ</strong></span> <span class='ocrx_word' id='word_1_372' title='bbox 2236 1454 2328 1504; x_wconf 69' lang='grc' dir='ltr'>καὶ</span> <span class='ocrx_word' id='word_1_373' title='bbox 2349 1451 2482 1520; x_wconf 73' lang='grc' dir='ltr'>πρὸς</span> <span class='ocrx_word' id='word_1_374' title='bbox 2509 1455 2714 1505; x_wconf 76' lang='grc' dir='ltr'>ἐκεῖνον</span> <span class='ocrx_word' id='word_1_375' title='bbox 2743 1453 3008 1522; x_wconf 73' lang='grc' dir='ltr'>ὁρκώσεις</span> <span class='ocrx_word' id='word_1_376' title='bbox 3033 1455 3236 1521; x_wconf 81' lang='grc' dir='ltr'>πρᾶξαι</span> <span class='ocrx_word' id='word_1_377' title='bbox 3263 1455 3358 1507; x_wconf 82' lang='grc' dir='ltr'><strong>καί</strong></span> <span class='ocrx_word' id='word_1_378' title='bbox 3389 1456 3437 1506; x_wconf 71' lang='lat' dir='ltr'><strong>oi</strong></span> <span class='ocrx_word' id='word_1_379' title='bbox 3472 1454 3693 1506; x_wconf 67' lang='grc' dir='ltr'>δουλεῦε-</span> 
     </span>
    </p>
   </div>
   <div class='ocr_carea' id='block_1_58' title="bbox 2105 1542 3693 1614">
    <p class='ocr_par' dir='ltr' id='par_1_58' title="bbox 2105 1542 3693 1614">
     <span class='ocr_line' id='line_1_58' title="bbox 2105 1542 3693 1614; baseline 0.003 -21"><span class='ocrx_word' id='word_1_380' title='bbox 2105 1559 2216 1605; x_wconf 84' lang='grc' dir='ltr'>σαι,</span> <span class='ocrx_word' id='word_1_381' title='bbox 2271 1542 2329 1594; x_wconf 81' lang='grc' dir='ltr'>ὃν</span> <span class='ocrx_word' id='word_1_382' title='bbox 2367 1542 2427 1593; x_wconf 74' lang='grc' dir='ltr'><strong>οὐ</strong></span> <span class='ocrx_word' id='word_1_383' title='bbox 2481 1542 2689 1594; x_wconf 88' lang='grc' dir='ltr'>δίκα.ον</span> <span class='ocrx_word' id='word_1_384' title='bbox 2727 1544 2896 1613; x_wconf 82' lang='grc' dir='ltr'>μηδὲν</span> <span class='ocrx_word' id='word_1_385' title='bbox 2939 1543 3046 1595; x_wconf 85' lang='grc' dir='ltr'><strong>τῶν</strong></span> <span class='ocrx_word' id='word_1_386' title='bbox 3095 1547 3475 1614; x_wconf 83' lang='grc' dir='ltr'>συγκειμένων</span> <span class='ocrx_word' id='word_1_387' title='bbox 3507 1546 3693 1608; x_wconf 79' lang='grc' dir='ltr'>αὐτοῖς</span> 
     </span>
    </p>
   </div>
   <div class='ocr_carea' id='block_1_59' title="bbox 2103 1633 3692 1704">
    <p class='ocr_par' dir='ltr' id='par_1_59' title="bbox 2103 1633 3692 1704">
     <span class='ocr_line' id='line_1_59' title="bbox 2103 1633 3692 1704; baseline 0.013 -20"><span class='ocrx_word' id='word_1_388' title='bbox 2103 1633 2442 1702; x_wconf 46' lang='lat' dir='ltr'><strong>domum</strong></span> <span class='ocrx_word' id='word_1_389' title='bbox 2474 1633 2633 1695; x_wconf 70' lang='grc' dir='ltr'>εὐθὺς</span> <span class='ocrx_word' id='word_1_390' title='bbox 2664 1635 2938 1704; x_wconf 79' lang='grc' dir='ltr'>ἀπαρτᾷν,</span> <span class='ocrx_word' id='word_1_391' title='bbox 2968 1635 3224 1698; x_wconf 77' lang='grc' dir='ltr'>καθάπαξ</span> <span class='ocrx_word' id='word_1_392' title='bbox 3246 1635 3352 1687; x_wconf 74' lang='grc' dir='ltr'><strong>τῶν</strong></span> <span class='ocrx_word' id='word_1_393' title='bbox 3386 1635 3557 1703; x_wconf 73' lang='grc' dir='ltr'>φίλων</span> <span class='ocrx_word' id='word_1_394' title='bbox 3588 1653 3692 1703; x_wconf 53' lang='lat' dir='ltr'><strong>‘Pl’</strong></span> 
     </span>
    </p>
   </div>
   <div class='ocr_carea' id='block_1_60' title="bbox 2101 1721 3690 1797">
    <p class='ocr_par' dir='ltr' id='par_1_60' title="bbox 2101 1721 3690 1797">
     <span class='ocr_line' id='line_1_60' title="bbox 2101 1721 3690 1797; baseline 0.004 -23"><span class='ocrx_word' id='word_1_395' title='bbox 2101 1721 2259 1774; x_wconf 85' lang='grc' dir='ltr'>νέντα</span> <span class='ocrx_word' id='word_1_396' title='bbox 2294 1730 2386 1774; x_wconf 77' lang='grc' dir='ltr'><strong>καὶ</strong></span> <span class='ocrx_word' id='word_1_397' title='bbox 2417 1724 2714 1777; x_wconf 77' lang='grc' dir='ltr'>δεσποτῶν.</span> <span class='ocrx_word' id='word_1_398' title='bbox 2753 1727 2861 1778; x_wconf 81' lang='grc' dir='ltr'>Καὶ</span> <span class='ocrx_word' id='word_1_399' title='bbox 2892 1727 2980 1780; x_wconf 74' lang='grc' dir='ltr'>διὰ</span> <span class='ocrx_word' id='word_1_400' title='bbox 3011 1727 3167 1780; x_wconf 77' lang='grc' dir='ltr'>ταῦτ’</span> <span class='ocrx_word' id='word_1_401' title='bbox 3200 1728 3374 1797; x_wconf 77' lang='grc' dir='ltr'>ἠξίου,</span> <span class='ocrx_word' id='word_1_402' title='bbox 3415 1728 3583 1780; x_wconf 81' lang='grc' dir='ltr'>αὑτοῦ</span> <span class='ocrx_word' id='word_1_403' title='bbox 3636 1730 3690 1796; x_wconf 77' lang='grc' dir='ltr'>γ’</span> 
     </span>
    </p>
   </div>
   <div class='ocr_carea' id='block_1_61' title="bbox 2103 1816 3691 1891">
    <p class='ocr_par' dir='ltr' id='par_1_61' title="bbox 2103 1816 3691 1891">
     <span class='ocr_line' id='line_1_61' title="bbox 2103 1816 3691 1891; baseline 0.005 -25"><span class='ocrx_word' id='word_1_404' title='bbox 2103 1816 2478 1885; x_wconf 72' lang='grc' dir='ltr'>ἐξαιρεθέντος</span> <span class='ocrx_word' id='word_1_405' title='bbox 2508 1819 2599 1868; x_wconf 67' lang='grc' dir='ltr'>καὶ</span> <span class='ocrx_word' id='word_1_406' title='bbox 2635 1818 2817 1885; x_wconf 69' lang='grc' dir='ltr'>μόνου,</span> <span class='ocrx_word' id='word_1_407' title='bbox 2845 1821 2936 1872; x_wconf 78' lang='grc' dir='ltr'>ἐπὶ</span> <span class='ocrx_word' id='word_1_408' title='bbox 2969 1823 3078 1882; x_wconf 83' lang='grc' dir='ltr'>τοῖς</span> <span class='ocrx_word' id='word_1_409' title='bbox 3112 1822 3449 1888; x_wconf 79' lang='grc' dir='ltr'>ὁπουδήποτε</span> <span class='ocrx_word' id='word_1_410' title='bbox 3475 1822 3691 1891; x_wconf 74' lang='grc' dir='ltr'>ἐχθροῖς</span> 
     </span>
    </p>
   </div>
   <div class='ocr_carea' id='block_1_62' title="bbox 2101 1910 3692 1985">
    <p class='ocr_par' dir='ltr' id='par_1_62' title="bbox 2101 1910 3692 1985">
     <span class='ocr_line' id='line_1_62' title="bbox 2101 1910 3692 1985; baseline 0.004 -23"><span class='ocrx_word' id='word_1_411' title='bbox 2101 1926 2160 1962; x_wconf 89' lang='grc' dir='ltr'><strong>τε</strong></span> <span class='ocrx_word' id='word_1_412' title='bbox 2181 1915 2272 1962; x_wconf 67' lang='grc' dir='ltr'><strong>καὶ</strong></span> <span class='ocrx_word' id='word_1_413' title='bbox 2296 1910 2470 1977; x_wconf 80' lang='grc' dir='ltr'>φίλοις</span> <span class='ocrx_word' id='word_1_414' title='bbox 2499 1914 2624 1973; x_wconf 75' lang='grc' dir='ltr'>τοὺς</span> <span class='ocrx_word' id='word_1_415' title='bbox 2651 1912 2846 1980; x_wconf 86' lang='grc' dir='ltr'>ὅρκους</span> <span class='ocrx_word' id='word_1_416' title='bbox 2882 1914 3217 1980; x_wconf 80' lang='grc' dir='ltr'>προϐαίνειν.</span> <span class='ocrx_word' id='word_1_417' title='bbox 3237 1915 3396 1968; x_wconf 85' lang='grc' dir='ltr'>Τοῦτ’</span> <span class='ocrx_word' id='word_1_418' title='bbox 3419 1915 3566 1980; x_wconf 74' lang='grc' dir='ltr'>ἔδοξε</span> <span class='ocrx_word' id='word_1_419' title='bbox 3591 1917 3692 1985; x_wconf 86' lang='grc' dir='ltr'>μὲν</span> 
     </span>
    </p>
   </div>
   <div class='ocr_carea' id='block_1_63' title="bbox 2103 2001 3691 2076">
    <p class='ocr_par' dir='ltr' id='par_1_63' title="bbox 2103 2001 3691 2076">
     <span class='ocr_line' id='line_1_63' title="bbox 2103 2001 3691 2076; baseline 0.004 -23"><span class='ocrx_word' id='word_1_420' title='bbox 2103 2001 2248 2070; x_wconf 85' lang='grc' dir='ltr'>ἔχειν</span> <span class='ocrx_word' id='word_1_421' title='bbox 2285 2003 2374 2054; x_wconf 88' lang='grc' dir='ltr'><strong>καί</strong></span> <span class='ocrx_word' id='word_1_422' title='bbox 2405 2019 2456 2055; x_wconf 90' lang='grc' dir='ltr'><strong>τι</strong></span> <span class='ocrx_word' id='word_1_423' title='bbox 2491 2003 2811 2074; x_wconf 76' lang='grc' dir='ltr'>βαθύτερον,</span> <span class='ocrx_word' id='word_1_424' title='bbox 2845 2005 2920 2068; x_wconf 83' lang='grc' dir='ltr'><strong>ὡς</strong></span> <span class='ocrx_word' id='word_1_425' title='bbox 2948 2007 3141 2076; x_wconf 78' lang='grc' dir='ltr'>ἐκείνῳ</span> <span class='ocrx_word' id='word_1_426' title='bbox 3165 2010 3566 2076; x_wconf 76' lang='grc' dir='ltr'>προσκειμένου</span> <span class='ocrx_word' id='word_1_427' title='bbox 3594 2006 3691 2060; x_wconf 79' lang='grc' dir='ltr'><strong>τοῦ</strong></span> 
     </span>
    </p>
   </div>
   <div class='ocr_carea' id='block_1_64' title="bbox 2103 2094 3687 2165">
    <p class='ocr_par' dir='ltr' id='par_1_64' title="bbox 2103 2094 3687 2165">
     <span class='ocr_line' id='line_1_64' title="bbox 2103 2094 3687 2165; baseline 0.005 -22"><span class='ocrx_word' id='word_1_428' title='bbox 2103 2094 2226 2156; x_wconf 77' lang='grc' dir='ltr'>τοὺς</span> <span class='ocrx_word' id='word_1_429' title='bbox 2251 2094 2450 2156; x_wconf 76' lang='grc' dir='ltr'>ὅρκους</span> <span class='ocrx_word' id='word_1_430' title='bbox 2480 2097 2901 2165; x_wconf 70' lang='grc' dir='ltr'>ἀπαιτουμένου,</span> <span class='ocrx_word' id='word_1_431' title='bbox 2943 2097 3088 2162; x_wconf 70' lang='grc' dir='ltr'>ἔδοξε</span> <span class='ocrx_word' id='word_1_432' title='bbox 3136 2099 3190 2151; x_wconf 81' lang='grc' dir='ltr'>δὲ</span> <span class='ocrx_word' id='word_1_433' title='bbox 3238 2100 3330 2150; x_wconf 76' lang='grc' dir='ltr'><strong>καὶ</strong></span> <span class='ocrx_word' id='word_1_434' title='bbox 3393 2099 3534 2151; x_wconf 86' lang='grc' dir='ltr'><strong>κατά</strong></span> <span class='ocrx_word' id='word_1_435' title='bbox 3565 2116 3687 2151; x_wconf 88' lang='grc' dir='ltr'>τινα</span> 
     </span>
    </p>
   </div>
   <div class='ocr_carea' id='block_1_65' title="bbox 2104 2185 3692 2262">
    <p class='ocr_par' dir='ltr' id='par_1_65' title="bbox 2104 2185 3692 2262">
     <span class='ocr_line' id='line_1_65' title="bbox 2104 2185 3692 2262; baseline 0.004 -25"><span class='ocrx_word' id='word_1_436' title='bbox 2104 2185 2276 2254; x_wconf 75' lang='grc' dir='ltr'>θήραν</span> <span class='ocrx_word' id='word_1_437' title='bbox 2297 2187 2540 2250; x_wconf 61' lang='grc' dir='ltr'>εὶδοξίας</span> <span class='ocrx_word' id='word_1_438' title='bbox 2568 2188 2837 2255; x_wconf 87' lang='grc' dir='ltr'>γίνεσθαι,</span> <span class='ocrx_word' id='word_1_439' title='bbox 2875 2192 2968 2241; x_wconf 77' lang='grc' dir='ltr'><strong>καὶ</strong></span> <span class='ocrx_word' id='word_1_440' title='bbox 3005 2191 3239 2260; x_wconf 85' lang='grc' dir='ltr'>μάλιστα</span> <span class='ocrx_word' id='word_1_441' title='bbox 3266 2192 3365 2262; x_wconf 75' lang='grc' dir='ltr'>τὴν</span> <span class='ocrx_word' id='word_1_442' title='bbox 3418 2193 3554 2261; x_wconf 77' lang='grc' dir='ltr'>πρὸς</span> <span class='ocrx_word' id='word_1_443' title='bbox 3591 2192 3692 2260; x_wconf 80' lang='grc' dir='ltr'><strong>βα-</strong></span> 
     </span>
    </p>
   </div>
   <div class='ocr_carea' id='block_1_66' title="bbox 2105 2278 3691 2352">
    <p class='ocr_par' dir='ltr' id='par_1_66' title="bbox 2105 2278 3691 2352">
     <span class='ocr_line' id='line_1_66' title="bbox 2105 2278 3691 2352; baseline 0.004 -24"><span class='ocrx_word' id='word_1_444' title='bbox 2105 2278 2317 2343; x_wconf 81' lang='grc' dir='ltr'>σιλέως,</span> <span class='ocrx_word' id='word_1_445' title='bbox 2345 2278 2420 2341; x_wconf 84' lang='grc' dir='ltr'>ὡς</span> <span class='ocrx_word' id='word_1_446' title='bbox 2448 2281 2658 2332; x_wconf 79' lang='grc' dir='ltr'>ἐκείνου</span> <span class='ocrx_word' id='word_1_447' title='bbox 2689 2283 2782 2332; x_wconf 76' lang='grc' dir='ltr'><strong>καὶ</strong></span> <span class='ocrx_word' id='word_1_448' title='bbox 2817 2281 2962 2350; x_wconf 70' lang='grc' dir='ltr'>μάλα</span> <span class='ocrx_word' id='word_1_449' title='bbox 2985 2281 3044 2336; x_wconf 80' lang='grc' dir='ltr'><strong>τὸ</strong></span> <span class='ocrx_word' id='word_1_450' title='bbox 3099 2283 3353 2336; x_wconf 77' lang='grc' dir='ltr'>πλεῖστον</span> <span class='ocrx_word' id='word_1_451' title='bbox 3419 2284 3691 2352; x_wconf 77' lang='grc' dir='ltr'>φυλαττο-</span> 
     </span>
    </p>
   </div>
   <div class='ocr_carea' id='block_1_67' title="bbox 2106 2368 3684 2440">
    <p class='ocr_par' dir='ltr' id='par_1_67' title="bbox 2106 2368 3684 2440">
     <span class='ocr_line' id='line_1_67' title="bbox 2106 2368 3684 2440; baseline 0.002 -20"><span class='ocrx_word' id='word_1_452' title='bbox 2106 2368 2266 2436; x_wconf 82' lang='grc' dir='ltr'>μένου</span> <span class='ocrx_word' id='word_1_453' title='bbox 2312 2369 2371 2420; x_wconf 77' lang='grc' dir='ltr'>τὸ</span> <span class='ocrx_word' id='word_1_454' title='bbox 2393 2369 2529 2437; x_wconf 74' lang='grc' dir='ltr'>πρὸς</span> <span class='ocrx_word' id='word_1_455' title='bbox 2559 2370 2688 2432; x_wconf 81' lang='grc' dir='ltr'>τοὺς</span> <span class='ocrx_word' id='word_1_456' title='bbox 2715 2371 2910 2440; x_wconf 83' lang='grc' dir='ltr'>ὅρκους</span> <span class='ocrx_word' id='word_1_457' title='bbox 2937 2371 3174 2440; x_wconf 78' lang='grc' dir='ltr'>ἕτοιμον,</span> <span class='ocrx_word' id='word_1_458' title='bbox 3210 2371 3350 2424; x_wconf 84' lang='grc' dir='ltr'>ὥστε</span> <span class='ocrx_word' id='word_1_459' title='bbox 3377 2373 3471 2426; x_wconf 75' lang='grc' dir='ltr'><strong>καὶ</strong></span> <span class='ocrx_word' id='word_1_460' title='bbox 3501 2373 3684 2438; x_wconf 78' lang='grc' dir='ltr'>ἀσφα-</span> 
     </span>
    </p>
   </div>
   <div class='ocr_carea' id='block_1_68' title="bbox 2104 2461 3687 2534">
    <p class='ocr_par' dir='ltr' id='par_1_68' title="bbox 2104 2461 3687 2534">
     <span class='ocr_line' id='line_1_68' title="bbox 2104 2461 3687 2534; baseline 0.002 -23"><span class='ocrx_word' id='word_1_461' title='bbox 2104 2461 2214 2522; x_wconf 87' lang='grc' dir='ltr'>λεῖς</span> <span class='ocrx_word' id='word_1_462' title='bbox 2241 2461 2638 2530; x_wconf 83' lang='grc' dir='ltr'>προσίστασθαι</span> <span class='ocrx_word' id='word_1_463' title='bbox 2667 2464 2790 2525; x_wconf 53' lang='grc' dir='ltr'>τοὺς</span> <span class='ocrx_word' id='word_1_464' title='bbox 2819 2461 3104 2532; x_wconf 86' lang='grc' dir='ltr'>δευτέρους</span> <span class='ocrx_word' id='word_1_465' title='bbox 3125 2463 3303 2515; x_wconf 86' lang='grc' dir='ltr'>δοκεῖν</span> <span class='ocrx_word' id='word_1_466' title='bbox 3323 2462 3413 2515; x_wconf 81' lang='grc' dir='ltr'>διὰ</span> <span class='ocrx_word' id='word_1_467' title='bbox 3435 2464 3495 2515; x_wconf 79' lang='grc' dir='ltr'><strong>τὸ</strong></span> <span class='ocrx_word' id='word_1_468' title='bbox 3522 2469 3687 2534; x_wconf 79' lang='grc' dir='ltr'>στεῤ-</span> 
     </span>
    </p>
   </div>
   <div class='ocr_carea' id='block_1_69' title="bbox 2103 2641 3682 2715">
    <p class='ocr_par' dir='ltr' id='par_1_69' title="bbox 2103 2641 3682 2715">
     <span class='ocr_line' id='line_1_69' title="bbox 2103 2641 3682 2715; baseline 0.004 -19"><span class='ocrx_word' id='word_1_469' title='bbox 2103 2641 2423 2711; x_wconf 80' lang='lat' dir='ltr'><strong>dignitaiem</strong></span> <span class='ocrx_word' id='word_1_470' title='bbox 2454 2657 2484 2696; x_wconf 88' lang='lat' dir='ltr'><strong>e</strong></span> <span class='ocrx_word' id='word_1_471' title='bbox 2514 2658 2677 2697; x_wconf 91' lang='lat' dir='ltr'><strong>manu</strong></span> <span class='ocrx_word' id='word_1_472' title='bbox 2706 2644 3064 2712; x_wconf 84' lang='lat' dir='ltr'><strong>imperatoris</strong></span> <span class='ocrx_word' id='word_1_473' title='bbox 3099 2654 3453 2715; x_wconf 87' lang='lat' dir='ltr'><strong>acceperunt,</strong></span> <span class='ocrx_word' id='word_1_474' title='bbox 3485 2661 3682 2702; x_wconf 88' lang='lat' dir='ltr'><strong>omnes</strong></span> 
     </span>
    </p>
   </div>
   <div class='ocr_carea' id='block_1_70' title="bbox 2102 2735 3682 2808">
    <p class='ocr_par' dir='ltr' id='par_1_70' title="bbox 2102 2735 3682 2808">
     <span class='ocr_line' id='line_1_70' title="bbox 2102 2735 3682 2808; baseline 0.004 -20"><span class='ocrx_word' id='word_1_475' title='bbox 2102 2737 2172 2788; x_wconf 90' lang='lat' dir='ltr'><strong>ab</strong></span> <span class='ocrx_word' id='word_1_476' title='bbox 2197 2749 2264 2788; x_wconf 86' lang='lat' dir='ltr'><strong>eo</strong></span> <span class='ocrx_word' id='word_1_477' title='bbox 2293 2735 2584 2804; x_wconf 88' lang='lat' dir='ltr'><strong>magnifice</strong></span> <span class='ocrx_word' id='word_1_478' title='bbox 2611 2737 2906 2793; x_wconf 87' lang='lat' dir='ltr'><strong>munerati.</strong></span> <span class='ocrx_word' id='word_1_479' title='bbox 2933 2736 3100 2808; x_wconf 59' lang='lat'><strong>5.99</strong></span> <span class='ocrx_word' id='word_1_480' title='bbox 3121 2737 3253 2792; x_wconf 89' lang='lat' dir='ltr'><strong>lude</strong></span> <span class='ocrx_word' id='word_1_481' title='bbox 3279 2747 3424 2793; x_wconf 90' lang='lat' dir='ltr'><strong>totus</strong></span> <span class='ocrx_word' id='word_1_482' title='bbox 3451 2739 3682 2794; x_wconf 90' lang='lat' dir='ltr'><strong>intimus</strong></span> 
     </span>
    </p>
   </div>
   <div class='ocr_carea' id='block_1_71' title="bbox 2103 2827 3681 2901">
    <p class='ocr_par' dir='ltr' id='par_1_71' title="bbox 2103 2827 3681 2901">
     <span class='ocr_line' id='line_1_71' title="bbox 2103 2827 3681 2901; baseline 0.001 -21"><span class='ocrx_word' id='word_1_483' title='bbox 2103 2827 2492 2896; x_wconf 88' lang='lat' dir='ltr'><strong>indivulseque</strong></span> <span class='ocrx_word' id='word_1_484' title='bbox 2514 2827 2772 2884; x_wconf 88' lang='lat' dir='ltr'><strong>assiduus</strong></span> <span class='ocrx_word' id='word_1_485' title='bbox 2792 2830 3110 2898; x_wconf 85' lang='lat' dir='ltr'><strong>imperatori</strong></span> <span class='ocrx_word' id='word_1_486' title='bbox 3139 2845 3312 2884; x_wconf 86' lang='lat' dir='ltr'><strong>novus</strong></span> <span class='ocrx_word' id='word_1_487' title='bbox 3337 2831 3426 2884; x_wconf 92' lang='lat' dir='ltr'><strong>hie</strong></span> <span class='ocrx_word' id='word_1_488' title='bbox 3451 2847 3681 2901; x_wconf 75' lang='lat' dir='ltr'><strong>tntagnus</strong></span> 
     </span>
    </p>
   </div>
   <div class='ocr_carea' id='block_1_72' title="bbox 2102 2922 3682 2993">
    <p class='ocr_par' dir='ltr' id='par_1_72' title="bbox 2102 2922 3682 2993">
     <span class='ocr_line' id='line_1_72' title="bbox 2102 2922 3682 2993; baseline 0.003 -19"><span class='ocrx_word' id='word_1_489' title='bbox 2102 2922 2214 2974; x_wconf 87' lang='lat' dir='ltr'><strong>dux</strong></span> <span class='ocrx_word' id='word_1_490' title='bbox 2241 2923 2476 2989; x_wconf 88' lang='lat' dir='ltr'><strong>primam</strong></span> <span class='ocrx_word' id='word_1_491' title='bbox 2509 2923 2954 2993; x_wconf 63' lang='lat' dir='ltr'><strong>praecipuamque</strong></span> <span class='ocrx_word' id='word_1_492' title='bbox 3003 2927 3384 2980; x_wconf 78' lang='lat' dir='ltr'><strong>auCtoritatem</strong></span> <span class='ocrx_word' id='word_1_493' title='bbox 3415 2924 3467 2979; x_wconf 90' lang='lat' dir='ltr'><strong>in</strong></span> <span class='ocrx_word' id='word_1_494' title='bbox 3499 2927 3682 2980; x_wconf 81' lang='lat' dir='ltr'><strong>consi-</strong></span> 
     </span>
    </p>
   </div>
   <div class='ocr_carea' id='block_1_73' title="bbox 2102 3011 2484 3068">
    <p class='ocr_par' dir='ltr' id='par_1_73' title="bbox 2102 3011 2484 3068">
     <span class='ocr_line' id='line_1_73' title="bbox 2102 3011 2484 3068; baseline 0.01 -4"><span class='ocrx_word' id='word_1_495' title='bbox 2102 3011 2192 3066; x_wconf 89' lang='lat' dir='ltr'><strong>liis</strong></span> <span class='ocrx_word' id='word_1_496' title='bbox 2225 3013 2484 3068; x_wconf 79' lang='lat' dir='ltr'><strong>habebat.</strong></span> 
     </span>
    </p>
   </div>
   <div class='ocr_carea' id='block_1_74' title="bbox 2170 3111 3605 3220">
    <p class='ocr_par' dir='ltr' id='par_1_74' title="bbox 2170 3111 3605 3220">
     <span class='ocr_line' id='line_1_74' title="bbox 2170 3111 3605 3220; baseline 0.007 -24"><span class='ocrx_word' id='word_1_497' title='bbox 2170 3144 2256 3196; x_wconf 74' lang='grc'><strong>12.</strong></span> <span class='ocrx_word' id='word_1_498' title='bbox 2289 3111 2605 3198; x_wconf 78' lang='lat' dir='ltr'><strong>Juramenta</strong></span> <span class='ocrx_word' id='word_1_499' title='bbox 2641 3145 2952 3216; x_wconf 80' lang='lat' dir='ltr'><strong>Mpyrigerii</strong></span> <span class='ocrx_word' id='word_1_500' title='bbox 2993 3147 3202 3204; x_wconf 73' lang='lat' dir='ltr'><strong>Tentzw</strong></span> <span class='ocrx_word' id='word_1_501' title='bbox 3227 3160 3273 3203; x_wconf 87' lang='lat' dir='ltr'><strong>et</strong></span> <span class='ocrx_word' id='word_1_502' title='bbox 3303 3143 3605 3220; x_wconf 62' lang='lat' dir='ltr'><strong>dignitates.</strong></span> 
     </span>
    </p>
   </div>
   <div class='ocr_carea' id='block_1_75' title="bbox 2167 3285 3680 3357">
    <p class='ocr_par' dir='ltr' id='par_1_75' title="bbox 2167 3285 3680 3357">
     <span class='ocr_line' id='line_1_75' title="bbox 2167 3285 3680 3357; baseline 0.004 -17"><span class='ocrx_word' id='word_1_503' title='bbox 2167 3285 2436 3340; x_wconf 71' lang='lat' dir='ltr'><strong>Cteterum</strong></span> <span class='ocrx_word' id='word_1_504' title='bbox 2483 3300 2606 3340; x_wconf 92' lang='lat' dir='ltr'><strong>cum</strong></span> <span class='ocrx_word' id='word_1_505' title='bbox 2647 3298 2774 3356; x_wconf 86' lang='lat' dir='ltr'><strong>post</strong></span> <span class='ocrx_word' id='word_1_506' title='bbox 2803 3287 2954 3342; x_wconf 82' lang='lat' dir='ltr'><strong>illam</strong></span> <span class='ocrx_word' id='word_1_507' title='bbox 2985 3303 3147 3357; x_wconf 87' lang='lat' dir='ltr'><strong>quam</strong></span> <span class='ocrx_word' id='word_1_508' title='bbox 3190 3289 3302 3344; x_wconf 89' lang='lat' dir='ltr'><strong>dixi</strong></span> <span class='ocrx_word' id='word_1_509' title='bbox 3339 3291 3521 3345; x_wconf 87' lang='lat' dir='ltr'><strong>obiter</strong></span> <span class='ocrx_word' id='word_1_510' title='bbox 3553 3291 3680 3347; x_wconf 78' lang='lat' dir='ltr'><strong>festi</strong></span> 
     </span>
    </p>
   </div>
   <div class='ocr_carea' id='block_1_76' title="bbox 2097 3377 3681 3448">
    <p class='ocr_par' dir='ltr' id='par_1_76' title="bbox 2097 3377 3681 3448">
     <span class='ocr_line' id='line_1_76' title="bbox 2097 3377 3681 3448; baseline 0.001 -14"><span class='ocrx_word' id='word_1_511' title='bbox 2097 3393 2265 3434; x_wconf 87' lang='lat' dir='ltr'><strong>causa</strong></span> <span class='ocrx_word' id='word_1_512' title='bbox 2318 3377 2575 3432; x_wconf 86' lang='lat' dir='ltr'><strong>instantis</strong></span> <span class='ocrx_word' id='word_1_513' title='bbox 2610 3378 3028 3447; x_wconf 85' lang='lat' dir='ltr'><strong>deproperatam</strong></span> <span class='ocrx_word' id='word_1_514' title='bbox 3068 3379 3467 3448; x_wconf 77' lang='lat' dir='ltr'><strong>professionem</strong></span> <span class='ocrx_word' id='word_1_515' title='bbox 3507 3382 3681 3436; x_wconf 79' lang='lat' dir='ltr'><strong>fideli-</strong></span> 
     </span>
    </p>
   </div>
   <div class='ocr_carea' id='block_1_77' title="bbox 2099 3470 3683 3540">
    <p class='ocr_par' dir='ltr' id='par_1_77' title="bbox 2099 3470 3683 3540">
     <span class='ocr_line' id='line_1_77' title="bbox 2099 3470 3683 3540; baseline 0.004 -20"><span class='ocrx_word' id='word_1_516' title='bbox 2099 3470 2251 3530; x_wconf 86' lang='lat' dir='ltr'><strong>tatis,</strong></span> <span class='ocrx_word' id='word_1_517' title='bbox 2280 3476 2558 3536; x_wconf 88' lang='lat' dir='ltr'><strong>oporteret</strong></span> <span class='ocrx_word' id='word_1_518' title='bbox 2593 3484 2655 3520; x_wconf 76' lang='lat' dir='ltr'><strong>ex</strong></span> <span class='ocrx_word' id='word_1_519' title='bbox 2691 3485 2843 3523; x_wconf 87' lang='lat' dir='ltr'><strong>more</strong></span> <span class='ocrx_word' id='word_1_520' title='bbox 2869 3471 3116 3538; x_wconf 74' lang='lat' dir='ltr'><strong>qttzedam</strong></span> <span class='ocrx_word' id='word_1_521' title='bbox 3150 3475 3330 3540; x_wconf 87' lang='lat' dir='ltr'><strong>capita</strong></span> <span class='ocrx_word' id='word_1_522' title='bbox 3360 3474 3683 3526; x_wconf 84' lang='lat' dir='ltr'><strong>distinctius</strong></span> 
     </span>
    </p>
   </div>
   <div class='ocr_carea' id='block_1_78' title="bbox 2097 3560 3684 3634">
    <p class='ocr_par' dir='ltr' id='par_1_78' title="bbox 2097 3560 3684 3634">
     <span class='ocr_line' id='line_1_78' title="bbox 2097 3560 3684 3634; baseline 0 -20"><span class='ocrx_word' id='word_1_523' title='bbox 2097 3560 2407 3628; x_wconf 79' lang='lat' dir='ltr'><strong>exprimere</strong></span> <span class='ocrx_word' id='word_1_524' title='bbox 2449 3561 2714 3628; x_wconf 88' lang='lat' dir='ltr'><strong>jurando,</strong></span> <span class='ocrx_word' id='word_1_525' title='bbox 2765 3561 2856 3615; x_wconf 91' lang='lat' dir='ltr'><strong>ubi</strong></span> <span class='ocrx_word' id='word_1_526' title='bbox 2909 3573 3132 3615; x_wconf 88' lang='lat' dir='ltr'><strong>ventum</strong></span> <span class='ocrx_word' id='word_1_527' title='bbox 3178 3564 3247 3616; x_wconf 92' lang='lat' dir='ltr'><strong>ad</strong></span> <span class='ocrx_word' id='word_1_528' title='bbox 3283 3565 3416 3617; x_wconf 85' lang='lat' dir='ltr'><strong>illud</strong></span> <span class='ocrx_word' id='word_1_529' title='bbox 3455 3573 3538 3618; x_wconf 87' lang='lat' dir='ltr'><strong>est</strong></span> <span class='ocrx_word' id='word_1_530' title='bbox 3570 3582 3684 3634; x_wconf 76' lang='lat' dir='ltr'><strong>quo</strong></span> 
     </span>
    </p>
   </div>
   <div class='ocr_carea' id='block_1_79' title="bbox 2099 3649 3684 3722">
    <p class='ocr_par' dir='ltr' id='par_1_79' title="bbox 2099 3649 3684 3722">
     <span class='ocr_line' id='line_1_79' title="bbox 2099 3649 3684 3722; baseline 0.006 -19"><span class='ocrx_word' id='word_1_531' title='bbox 2099 3649 2424 3718; x_wconf 82' lang='lat' dir='ltr'><strong>exigebatur</strong></span> <span class='ocrx_word' id='word_1_532' title='bbox 2453 3663 2482 3702; x_wconf 91' lang='lat' dir='ltr'><strong>a</strong></span> <span class='ocrx_word' id='word_1_533' title='bbox 2516 3649 2844 3720; x_wconf 78' lang='lat' dir='ltr'><strong>Mpyrigerio</strong></span> <span class='ocrx_word' id='word_1_534' title='bbox 2885 3662 2944 3704; x_wconf 88' lang='lat' dir='ltr'><strong>ut</strong></span> <span class='ocrx_word' id='word_1_535' title='bbox 2981 3653 3204 3722; x_wconf 84' lang='lat' dir='ltr'><strong>juratus</strong></span> <span class='ocrx_word' id='word_1_536' title='bbox 3237 3655 3532 3722; x_wconf 90' lang='lat' dir='ltr'><strong>sponderet</strong></span> <span class='ocrx_word' id='word_1_537' title='bbox 3557 3672 3684 3712; x_wconf 85' lang='lat' dir='ltr'><strong>ens-</strong></span> 
     </span>
    </p>
   </div>
   <div class='ocr_carea' id='block_1_80' title="bbox 2098 3739 3678 3809">
    <p class='ocr_par' dir='ltr' id='par_1_80' title="bbox 2098 3739 3678 3809">
     <span class='ocr_line' id='line_1_80' title="bbox 2098 3739 3678 3809; baseline 0.003 -15"><span class='ocrx_word' id='word_1_538' title='bbox 2098 3739 2220 3794; x_wconf 92' lang='lat' dir='ltr'><strong>dem</strong></span> <span class='ocrx_word' id='word_1_539' title='bbox 2254 3755 2312 3793; x_wconf 90' lang='lat' dir='ltr'><strong>se</strong></span> <span class='ocrx_word' id='word_1_540' title='bbox 2335 3755 2458 3792; x_wconf 87' lang='lat' dir='ltr'><strong>cum</strong></span> <span class='ocrx_word' id='word_1_541' title='bbox 2489 3740 2826 3809; x_wconf 86' lang='lat' dir='ltr'><strong>imperatore</strong></span> <span class='ocrx_word' id='word_1_542' title='bbox 2856 3745 3065 3798; x_wconf 88' lang='lat' dir='ltr'><strong>amicos</strong></span> <span class='ocrx_word' id='word_1_543' title='bbox 3095 3744 3437 3808; x_wconf 89' lang='lat' dir='ltr'><strong>habiturum,</strong></span> <span class='ocrx_word' id='word_1_544' title='bbox 3463 3748 3678 3800; x_wconf 63' lang='lat' dir='ltr'><strong>eosdem</strong></span> 
     </span>
    </p>
   </div>
   <div class='ocr_carea' id='block_1_81' title="bbox 2101 3829 3679 3905">
    <p class='ocr_par' dir='ltr' id='par_1_81' title="bbox 2101 3829 3679 3905">
     <span class='ocr_line' id='line_1_81' title="bbox 2101 3829 3679 3905; baseline 0.004 -22"><span class='ocrx_word' id='word_1_545' title='bbox 2101 3829 2310 3896; x_wconf 81' lang='lat' dir='ltr'><strong>hostes,</strong></span> <span class='ocrx_word' id='word_1_546' title='bbox 2372 3831 2530 3884; x_wconf 72' lang='lat' dir='ltr'><strong>haesit</strong></span> <span class='ocrx_word' id='word_1_547' title='bbox 2581 3832 2692 3898; x_wconf 86' lang='lat' dir='ltr'><strong>ille,</strong></span> <span class='ocrx_word' id='word_1_548' title='bbox 2743 3832 3024 3902; x_wconf 81' lang='lat' dir='ltr'><strong>libereque</strong></span> <span class='ocrx_word' id='word_1_549' title='bbox 3060 3836 3367 3904; x_wconf 84' lang='lat' dir='ltr'><strong>respondit,</strong></span> <span class='ocrx_word' id='word_1_550' title='bbox 3412 3838 3568 3905; x_wconf 89' lang='lat' dir='ltr'><strong>quasi</strong></span> <span class='ocrx_word' id='word_1_551' title='bbox 3611 3837 3679 3890; x_wconf 88' lang='lat' dir='ltr'><strong>ad</strong></span> 
     </span>
    </p>
   </div>
   <div class='ocr_carea' id='block_1_82' title="bbox 2100 3925 3678 3999">
    <p class='ocr_par' dir='ltr' id='par_1_82' title="bbox 2100 3925 3678 3999">
     <span class='ocr_line' id='line_1_82' title="bbox 2100 3925 3678 3999; baseline 0.006 -24"><span class='ocrx_word' id='word_1_552' title='bbox 2100 3931 2313 3978; x_wconf 86' lang='lat' dir='ltr'><strong>mature</strong></span> <span class='ocrx_word' id='word_1_553' title='bbox 2349 3925 2589 3978; x_wconf 89' lang='lat' dir='ltr'><strong>dandum</strong></span> <span class='ocrx_word' id='word_1_554' title='bbox 2629 3927 2786 3982; x_wconf 90' lang='lat' dir='ltr'><strong>initio</strong></span> <span class='ocrx_word' id='word_1_555' title='bbox 2837 3929 2960 3997; x_wconf 86' lang='lat' dir='ltr'><strong>ipso</strong></span> <span class='ocrx_word' id='word_1_556' title='bbox 3005 3931 3282 3996; x_wconf 86' lang='lat' dir='ltr'><strong>specimen</strong></span> <span class='ocrx_word' id='word_1_557' title='bbox 3337 3930 3557 3999; x_wconf 78' lang='lat' dir='ltr'><strong>ingenui</strong></span> <span class='ocrx_word' id='word_1_558' title='bbox 3589 3934 3678 3985; x_wconf 87' lang='lat' dir='ltr'><strong>sui</strong></span> 
     </span>
    </p>
   </div>
   <div class='ocr_carea' id='block_1_83' title="bbox 2099 4007 3680 4092">
    <p class='ocr_par' dir='ltr' id='par_1_83' title="bbox 2099 4007 3680 4092">
     <span class='ocr_line' id='line_1_83' title="bbox 2099 4007 3680 4092; baseline 0.003 -23"><span class='ocrx_word' id='word_1_559' title='bbox 2099 4007 2386 4084; x_wconf 78' lang='lat' dir='ltr'><strong>cujusdam</strong></span> <span class='ocrx_word' id='word_1_560' title='bbox 2411 4015 2783 4085; x_wconf 81' lang='lat' dir='ltr'><strong>simplicisqtte</strong></span> <span class='ocrx_word' id='word_1_561' title='bbox 2806 4018 3082 4084; x_wconf 84' lang='lat' dir='ltr'><strong>candoris;</strong></span> <span class='ocrx_word' id='word_1_562' title='bbox 3109 4022 3408 4088; x_wconf 82' lang='lat' dir='ltr'><strong>respondit,</strong></span> <span class='ocrx_word' id='word_1_563' title='bbox 3432 4023 3680 4092; x_wconf 79' lang='lat' dir='ltr'><strong>inquam,</strong></span> 
     </span>
    </p>
   </div>
   <div class='ocr_carea' id='block_1_84' title="bbox 2100 4108 3681 4180">
    <p class='ocr_par' dir='ltr' id='par_1_84' title="bbox 2100 4108 3681 4180">
     <span class='ocr_line' id='line_1_84' title="bbox 2100 4108 3681 4180; baseline 0.005 -18"><span class='ocrx_word' id='word_1_564' title='bbox 2100 4108 2156 4162; x_wconf 93' lang='lat' dir='ltr'><strong>in</strong></span> <span class='ocrx_word' id='word_1_565' title='bbox 2189 4123 2252 4162; x_wconf 88' lang='lat' dir='ltr'><strong>eo</strong></span> <span class='ocrx_word' id='word_1_566' title='bbox 2275 4109 2416 4178; x_wconf 90' lang='lat' dir='ltr'><strong>quod</strong></span> <span class='ocrx_word' id='word_1_567' title='bbox 2449 4124 2479 4162; x_wconf 89' lang='lat' dir='ltr'><strong>a</strong></span> <span class='ocrx_word' id='word_1_568' title='bbox 2503 4123 2561 4162; x_wconf 89' lang='lat' dir='ltr'><strong>se</strong></span> <span class='ocrx_word' id='word_1_569' title='bbox 2583 4109 2825 4180; x_wconf 84' lang='lat' dir='ltr'><strong>exigeret</strong></span> <span class='ocrx_word' id='word_1_570' title='bbox 2848 4121 2906 4165; x_wconf 90' lang='lat' dir='ltr'><strong>ut</strong></span> <span class='ocrx_word' id='word_1_571' title='bbox 2935 4128 3161 4166; x_wconf 90' lang='lat' dir='ltr'><strong>numero</strong></span> <span class='ocrx_word' id='word_1_572' title='bbox 3188 4115 3422 4168; x_wconf 84' lang='lat' dir='ltr'><strong>hostium</strong></span> <span class='ocrx_word' id='word_1_573' title='bbox 3452 4118 3681 4171; x_wconf 88' lang='lat' dir='ltr'><strong>haberet</strong></span> 
     </span>
    </p>
   </div>
   <div class='ocr_carea' id='block_1_85' title="bbox 2099 4201 3680 4271">
    <p class='ocr_par' dir='ltr' id='par_1_85' title="bbox 2099 4201 3680 4271">
     <span class='ocr_line' id='line_1_85' title="bbox 2099 4201 3680 4271; baseline 0.005 -16"><span class='ocrx_word' id='word_1_574' title='bbox 2099 4216 2288 4256; x_wconf 90' lang='lat' dir='ltr'><strong>omnes</strong></span> <span class='ocrx_word' id='word_1_575' title='bbox 2325 4201 2671 4271; x_wconf 86' lang='lat' dir='ltr'><strong>imperatoris</strong></span> <span class='ocrx_word' id='word_1_576' title='bbox 2719 4203 2925 4268; x_wconf 87' lang='lat' dir='ltr'><strong>hostes,</strong></span> <span class='ocrx_word' id='word_1_577' title='bbox 2986 4207 3352 4259; x_wconf 73' lang='lat' dir='ltr'><strong>necessarium</strong></span> <span class='ocrx_word' id='word_1_578' title='bbox 3413 4207 3519 4261; x_wconf 84' lang='lat' dir='ltr'><strong>sibi</strong></span> <span class='ocrx_word' id='word_1_579' title='bbox 3557 4225 3680 4263; x_wconf 89' lang='lat' dir='ltr'><strong>esse</strong></span> 
     </span>
    </p>
   </div>
   <div class='ocr_carea' id='block_1_86' title="bbox 2100 4294 3678 4363">
    <p class='ocr_par' dir='ltr' id='par_1_86' title="bbox 2100 4294 3678 4363">
     <span class='ocr_line' id='line_1_86' title="bbox 2100 4294 3678 4363; baseline 0.006 -18"><span class='ocrx_word' id='word_1_580' title='bbox 2100 4294 2476 4361; x_wconf 85' lang='lat' dir='ltr'><strong>exceptionem</strong></span> <span class='ocrx_word' id='word_1_581' title='bbox 2544 4309 2706 4346; x_wconf 90' lang='lat' dir='ltr'><strong>ttnam</strong></span> <span class='ocrx_word' id='word_1_582' title='bbox 2763 4304 3014 4363; x_wconf 88' lang='lat' dir='ltr'><strong>respectu</strong></span> <span class='ocrx_word' id='word_1_583' title='bbox 3067 4294 3460 4363; x_wconf 80' lang='lat' dir='ltr'><strong>Theuderiehi,</strong></span> <span class='ocrx_word' id='word_1_584' title='bbox 3525 4301 3572 4356; x_wconf 92' lang='lat' dir='ltr'><strong>si</strong></span> <span class='ocrx_word' id='word_1_585' title='bbox 3623 4312 3678 4354; x_wconf 85' lang='lat' dir='ltr'><strong>et</strong></span> 
     </span>
    </p>
   </div>
   <div class='ocr_carea' id='block_1_87' title="bbox 2103 4385 3674 4464">
    <p class='ocr_par' dir='ltr' id='par_1_87' title="bbox 2103 4385 3674 4464">
     <span class='ocr_line' id='line_1_87' title="bbox 2103 4385 3674 4464; baseline 0.007 -27"><span class='ocrx_word' id='word_1_586' title='bbox 2103 4385 2248 4440; x_wconf 89' lang='lat' dir='ltr'><strong>hunc</strong></span> <span class='ocrx_word' id='word_1_587' title='bbox 2287 4401 2513 4439; x_wconf 88' lang='lat' dir='ltr'><strong>exosum</strong></span> <span class='ocrx_word' id='word_1_588' title='bbox 2548 4385 2663 4438; x_wconf 86' lang='lat' dir='ltr'><strong>fieri</strong></span> <span class='ocrx_word' id='word_1_589' title='bbox 2693 4387 2940 4455; x_wconf 84' lang='lat' dir='ltr'><strong>Augusto</strong></span> <span class='ocrx_word' id='word_1_590' title='bbox 2975 4390 3352 4459; x_wconf 83' lang='lat' dir='ltr'><strong>contingeret:</strong></span> <span class='ocrx_word' id='word_1_591' title='bbox 3387 4394 3590 4464; x_wconf 87' lang='lat' dir='ltr'><strong>quippe</strong></span> <span class='ocrx_word' id='word_1_592' title='bbox 3614 4410 3674 4448; x_wconf 87' lang='lat' dir='ltr'><strong>se</strong></span> 
     </span>
    </p>
   </div>
   <div class='ocr_carea' id='block_1_88' title="bbox 417 4466 3678 4552">
    <p class='ocr_par' dir='ltr' id='par_1_88' title="bbox 417 4466 3678 4552">
     <span class='ocr_line' id='line_1_88' title="bbox 417 4466 3678 4552; baseline 0.002 -19"><span class='ocrx_word' id='word_1_593' title='bbox 417 4498 652 4550; x_wconf 80' lang='lat' dir='ltr'><strong>magnus</strong></span> <span class='ocrx_word' id='word_1_594' title='bbox 692 4483 828 4544; x_wconf 87' lang='lat' dir='ltr'><strong>dux,</strong></span> <span class='ocrx_word' id='word_1_595' title='bbox 881 4484 1138 4536; x_wconf 88' lang='lat' dir='ltr'><strong>universo</strong></span> <span class='ocrx_word' id='word_1_596' title='bbox 1190 4493 1382 4536; x_wconf 86' lang='lat' dir='ltr'><strong>senatu</strong></span> <span class='ocrx_word' id='word_1_597' title='bbox 1420 4493 1472 4536; x_wconf 86' lang='lat' dir='ltr'><strong>et</strong></span> <span class='ocrx_word' id='word_1_598' title='bbox 1504 4499 1734 4552; x_wconf 87' lang='lat' dir='ltr'><strong>corpore</strong></span> <span class='ocrx_word' id='word_1_599' title='bbox 1785 4485 1986 4538; x_wconf 86' lang='lat' dir='ltr'><strong>etvium</strong></span> <span class='ocrx_word' id='word_1_600' title='bbox 2023 4466 2068 4520; x_wconf 84' lang='grc' dir='ltr'><strong>Ῑ)</strong></span> <span class='ocrx_word' id='word_1_601' title='bbox 2098 4477 2174 4532; x_wconf 90' lang='lat' dir='ltr'><strong>illi</strong></span> <span class='ocrx_word' id='word_1_602' title='bbox 2206 4477 2503 4546; x_wconf 88' lang='lat' dir='ltr'><strong>atttiquiori</strong></span> <span class='ocrx_word' id='word_1_603' title='bbox 2531 4477 2648 4547; x_wconf 88' lang='lat' dir='ltr'><strong>jam</strong></span> <span class='ocrx_word' id='word_1_604' title='bbox 2673 4493 2796 4533; x_wconf 88' lang='lat' dir='ltr'><strong>esse</strong></span> <span class='ocrx_word' id='word_1_605' title='bbox 2821 4479 3077 4534; x_wconf 73' lang='lat' dir='ltr'><strong>amicitia:</strong></span> <span class='ocrx_word' id='word_1_606' title='bbox 3131 4497 3195 4536; x_wconf 90' lang='lat' dir='ltr'><strong>ac</strong></span> <span class='ocrx_word' id='word_1_607' title='bbox 3226 4483 3508 4550; x_wconf 80' lang='lat' dir='ltr'><strong>cujusdam</strong></span> <span class='ocrx_word' id='word_1_608' title='bbox 3549 4488 3678 4540; x_wconf 84' lang='lat' dir='ltr'><strong>sub-</strong></span> 
     </span>
    </p>
   </div>
   <div class='ocr_carea' id='block_1_89' title="bbox 415 4573 1995 4644">
    <p class='ocr_par' dir='ltr' id='par_1_89' title="bbox 415 4573 1995 4644">
     <span class='ocr_line' id='line_1_89' title="bbox 415 4573 1995 4644; baseline -0.001 -15"><span class='ocrx_word' id='word_1_609' title='bbox 415 4582 651 4636; x_wconf 83' lang='lat' dir='ltr'><strong>astante,</strong></span> <span class='ocrx_word' id='word_1_610' title='bbox 689 4573 1104 4643; x_wconf 88' lang='lat' dir='ltr'><strong>scipionemque</strong></span> <span class='ocrx_word' id='word_1_611' title='bbox 1143 4574 1426 4642; x_wconf 84' lang='lat' dir='ltr'><strong>dignitatis</strong></span> <span class='ocrx_word' id='word_1_612' title='bbox 1465 4577 1584 4643; x_wconf 85' lang='lat' dir='ltr'><strong>ejus</strong></span> <span class='ocrx_word' id='word_1_613' title='bbox 1619 4577 1820 4644; x_wconf 90' lang='lat' dir='ltr'><strong>accipit</strong></span> <span class='ocrx_word' id='word_1_614' title='bbox 1846 4591 1995 4643; x_wconf 84' lang='lat' dir='ltr'><strong>sym-</strong></span> 
     </span>
    </p>
   </div>
   <div class='ocr_carea' id='block_1_90' title="bbox 416 4663 1998 4734">
    <p class='ocr_par' dir='ltr' id='par_1_90' title="bbox 416 4663 1998 4734">
     <span class='ocr_line' id='line_1_90' title="bbox 416 4663 1998 4734; baseline -0.001 -14"><span class='ocrx_word' id='word_1_615' title='bbox 416 4667 624 4720; x_wconf 85' lang='lat' dir='ltr'><strong>bolum.</strong></span> <span class='ocrx_word' id='word_1_616' title='bbox 661 4663 794 4718; x_wconf 85' lang='lat' dir='ltr'><strong>Nam</strong></span> <span class='ocrx_word' id='word_1_617' title='bbox 839 4675 890 4718; x_wconf 92' lang='lat' dir='ltr'><strong>et</strong></span> <span class='ocrx_word' id='word_1_618' title='bbox 933 4665 1035 4718; x_wconf 89' lang='lat' dir='ltr'><strong>hoc</strong></span> <span class='ocrx_word' id='word_1_619' title='bbox 1062 4681 1260 4718; x_wconf 88' lang='lat' dir='ltr'><strong>novum</strong></span> <span class='ocrx_word' id='word_1_620' title='bbox 1296 4665 1603 4719; x_wconf 78' lang='lat' dir='ltr'><strong>inStitutum</strong></span> <span class='ocrx_word' id='word_1_621' title='bbox 1645 4667 1998 4734; x_wconf 85' lang='lat' dir='ltr'><strong>imperatoris</strong></span> 
     </span>
    </p>
   </div>
   <div class='ocr_carea' id='block_1_91' title="bbox 415 4753 1995 4822">
    <p class='ocr_par' dir='ltr' id='par_1_91' title="bbox 415 4753 1995 4822">
     <span class='ocr_line' id='line_1_91' title="bbox 415 4753 1995 4822; baseline 0.001 -14"><span class='ocrx_word' id='word_1_622' title='bbox 415 4757 714 4810; x_wconf 85' lang='lat' dir='ltr'><strong>Andronici</strong></span> <span class='ocrx_word' id='word_1_623' title='bbox 759 4763 866 4819; x_wconf 86' lang='lat' dir='ltr'><strong>est,</strong></span> <span class='ocrx_word' id='word_1_624' title='bbox 912 4755 1126 4808; x_wconf 88' lang='lat' dir='ltr'><strong>bacillis</strong></span> <span class='ocrx_word' id='word_1_625' title='bbox 1156 4770 1220 4808; x_wconf 88' lang='lat' dir='ltr'><strong>ex</strong></span> <span class='ocrx_word' id='word_1_626' title='bbox 1259 4770 1395 4807; x_wconf 90' lang='lat' dir='ltr'><strong>auro</strong></span> <span class='ocrx_word' id='word_1_627' title='bbox 1426 4765 1762 4822; x_wconf 80' lang='lat' dir='ltr'><strong>:trgeanue</strong></span> <span class='ocrx_word' id='word_1_628' title='bbox 1790 4753 1995 4809; x_wconf 83' lang='lat' dir='ltr'><strong>aﬂ&#39;abre</strong></span> 
     </span>
    </p>
   </div>
   <div class='ocr_carea' id='block_1_92' title="bbox 416 4847 1994 4917">
    <p class='ocr_par' dir='ltr' id='par_1_92' title="bbox 416 4847 1994 4917">
     <span class='ocr_line' id='line_1_92' title="bbox 416 4847 1994 4917; baseline -0.002 -13"><span class='ocrx_word' id='word_1_629' title='bbox 416 4851 578 4904; x_wconf 78' lang='lat' dir='ltr'><strong>fat-tis</strong></span> <span class='ocrx_word' id='word_1_630' title='bbox 609 4851 878 4902; x_wconf 88' lang='lat' dir='ltr'><strong>honorare</strong></span> <span class='ocrx_word' id='word_1_631' title='bbox 905 4847 1200 4917; x_wconf 77' lang='lat' dir='ltr'><strong>primarius</strong></span> <span class='ocrx_word' id='word_1_632' title='bbox 1231 4854 1571 4910; x_wconf 87' lang='lat' dir='ltr'><strong>senatorum,</strong></span> <span class='ocrx_word' id='word_1_633' title='bbox 1607 4860 1714 4914; x_wconf 91' lang='lat' dir='ltr'><strong>quo</strong></span> <span class='ocrx_word' id='word_1_634' title='bbox 1747 4847 1834 4899; x_wconf 88' lang='lat' dir='ltr'><strong>die</strong></span> <span class='ocrx_word' id='word_1_635' title='bbox 1861 4862 1994 4916; x_wconf 85' lang='lat' dir='ltr'><strong>pos-</strong></span> 
     </span>
    </p>
   </div>
   <div class='ocr_carea' id='block_1_93' title="bbox 413 4937 1992 5008">
    <p class='ocr_par' dir='ltr' id='par_1_93' title="bbox 413 4937 1992 5008">
     <span class='ocr_line' id='line_1_93' title="bbox 413 4937 1992 5008; baseline -0.003 -12"><span class='ocrx_word' id='word_1_636' title='bbox 413 4943 714 4996; x_wconf 85' lang='lat' dir='ltr'><strong>sessionem</strong></span> <span class='ocrx_word' id='word_1_637' title='bbox 770 4941 961 4993; x_wconf 90' lang='lat' dir='ltr'><strong>ineunt</strong></span> <span class='ocrx_word' id='word_1_638' title='bbox 1011 4937 1342 5008; x_wconf 88' lang='lat' dir='ltr'><strong>dignitatum</strong></span> <span class='ocrx_word' id='word_1_639' title='bbox 1400 4937 1531 5005; x_wconf 88' lang='lat' dir='ltr'><strong>ipsis</strong></span> <span class='ocrx_word' id='word_1_640' title='bbox 1574 4939 1992 4992; x_wconf 84' lang='lat' dir='ltr'><strong>attributarum.</strong></span> 
     </span>
    </p>
   </div>
   <div class='ocr_carea' id='block_1_94' title="bbox 411 5028 1996 5103">
    <p class='ocr_par' dir='ltr' id='par_1_94' title="bbox 411 5028 1996 5103">
     <span class='ocr_line' id='line_1_94' title="bbox 411 5028 1996 5103; baseline -0.002 -16"><span class='ocrx_word' id='word_1_641' title='bbox 411 5035 550 5087; x_wconf 75' lang='lat' dir='ltr'><strong>Cum</strong></span> <span class='ocrx_word' id='word_1_642' title='bbox 586 5034 687 5087; x_wconf 88' lang='lat' dir='ltr'><strong>hoe</strong></span> <span class='ocrx_word' id='word_1_643' title='bbox 722 5033 810 5086; x_wconf 84' lang='lat' dir='ltr'><strong>ille</strong></span> <span class='ocrx_word' id='word_1_644' title='bbox 845 5033 1050 5103; x_wconf 89' lang='lat' dir='ltr'><strong>insigni</strong></span> <span class='ocrx_word' id='word_1_645' title='bbox 1080 5030 1462 5101; x_wconf 65' lang='lat' dir='ltr'><strong>praecessionis</strong></span> <span class='ocrx_word' id='word_1_646' title='bbox 1493 5039 1547 5084; x_wconf 92' lang='lat' dir='ltr'><strong>et</strong></span> <span class='ocrx_word' id='word_1_647' title='bbox 1575 5028 1737 5098; x_wconf 74' lang='lat' dir='ltr'><strong>primi</strong></span> <span class='ocrx_word' id='word_1_648' title='bbox 1769 5045 1996 5084; x_wconf 83' lang='lat' dir='ltr'><strong>conses-</strong></span> 
     </span>
    </p>
   </div>
   <div class='ocr_carea' id='block_1_95' title="bbox 413 5121 1995 5192">
    <p class='ocr_par' dir='ltr' id='par_1_95' title="bbox 413 5121 1995 5192">
     <span class='ocr_line' id='line_1_95' title="bbox 413 5121 1995 5192; baseline -0.002 -13"><span class='ocrx_word' id='word_1_649' title='bbox 413 5141 509 5179; x_wconf 86' lang='lat' dir='ltr'><strong>sus</strong></span> <span class='ocrx_word' id='word_1_650' title='bbox 543 5124 858 5192; x_wconf 83' lang='lat' dir='ltr'><strong>impertitus</strong></span> <span class='ocrx_word' id='word_1_651' title='bbox 894 5125 1104 5178; x_wconf 87' lang='lat' dir='ltr'><strong>honore</strong></span> <span class='ocrx_word' id='word_1_652' title='bbox 1145 5134 1252 5188; x_wconf 90' lang='lat' dir='ltr'><strong>est,</strong></span> <span class='ocrx_word' id='word_1_653' title='bbox 1283 5131 1337 5176; x_wconf 88' lang='lat' dir='ltr'><strong>et</strong></span> <span class='ocrx_word' id='word_1_654' title='bbox 1368 5123 1524 5192; x_wconf 88' lang='lat' dir='ltr'><strong>juxta</strong></span> <span class='ocrx_word' id='word_1_655' title='bbox 1555 5137 1762 5175; x_wconf 87' lang='lat' dir='ltr'><strong>moreut</strong></span> <span class='ocrx_word' id='word_1_656' title='bbox 1793 5121 1995 5176; x_wconf 79' lang='lat' dir='ltr'><strong>Roma-</strong></span> 
     </span>
    </p>
   </div>
   <div class='ocr_carea' id='block_1_96' title="bbox 413 5212 1993 5282">
    <p class='ocr_par' dir='ltr' id='par_1_96' title="bbox 413 5212 1993 5282">
     <span class='ocr_line' id='line_1_96' title="bbox 413 5212 1993 5282; baseline -0.001 -15"><span class='ocrx_word' id='word_1_657' title='bbox 413 5230 604 5268; x_wconf 74' lang='lat' dir='ltr'><strong>norun</strong></span> <span class='ocrx_word' id='word_1_658' title='bbox 633 5215 867 5281; x_wconf 78' lang='lat' dir='ltr'><strong>prttprils</strong></span> <span class='ocrx_word' id='word_1_659' title='bbox 896 5212 1055 5266; x_wconf 88' lang='lat' dir='ltr'><strong>ducis</strong></span> <span class='ocrx_word' id='word_1_660' title='bbox 1089 5214 1267 5282; x_wconf 82' lang='lat' dir='ltr'><strong>magni</strong></span> <span class='ocrx_word' id='word_1_661' title='bbox 1299 5213 1390 5266; x_wconf 87' lang='lat' dir='ltr'><strong>tali</strong></span> <span class='ocrx_word' id='word_1_662' title='bbox 1420 5212 1716 5268; x_wconf 71' lang='lat' dir='ltr'><strong>festivitate</strong></span> <span class='ocrx_word' id='word_1_663' title='bbox 1748 5214 1993 5266; x_wconf 83' lang='lat' dir='ltr'><strong>vestibus</strong></span> 
     </span>
    </p>
   </div>
   <div class='ocr_carea' id='block_1_97' title="bbox 411 5301 1986 5373">
    <p class='ocr_par' dir='ltr' id='par_1_97' title="bbox 411 5301 1986 5373">
     <span class='ocr_line' id='line_1_97' title="bbox 411 5301 1986 5373; baseline -0.001 -15"><span class='ocrx_word' id='word_1_664' title='bbox 411 5317 642 5358; x_wconf 82' lang='lat' dir='ltr'><strong>ornatus</strong></span> <span class='ocrx_word' id='word_1_665' title='bbox 685 5301 908 5371; x_wconf 82' lang='lat' dir='ltr'><strong>prodiit,</strong></span> <span class='ocrx_word' id='word_1_666' title='bbox 950 5306 1329 5369; x_wconf 75' lang='lat' dir='ltr'><strong>scaramangio</strong></span> <span class='ocrx_word' id='word_1_667' title='bbox 1371 5319 1590 5373; x_wconf 89' lang='lat' dir='ltr'><strong>quoque</strong></span> <span class='ocrx_word' id='word_1_668' title='bbox 1629 5304 1865 5373; x_wconf 89' lang='lat' dir='ltr'><strong>desuper</strong></span> <span class='ocrx_word' id='word_1_669' title='bbox 1899 5305 1986 5356; x_wconf 82' lang='lat' dir='ltr'><strong>in-</strong></span> 
     </span>
    </p>
   </div>
   <div class='ocr_carea' id='block_1_98' title="bbox 411 5397 1986 5454">
    <p class='ocr_par' dir='ltr' id='par_1_98' title="bbox 411 5397 1986 5454">
     <span class='ocr_line' id='line_1_98' title="bbox 411 5397 1986 5454; baseline -0.002 -1"><span class='ocrx_word' id='word_1_670' title='bbox 411 5401 602 5454; x_wconf 83' lang='lat' dir='ltr'><strong>ducto.</strong></span> <span class='ocrx_word' id='word_1_671' title='bbox 645 5397 769 5450; x_wconf 77' lang='lat' dir='ltr'><strong>Ilzec</strong></span> <span class='ocrx_word' id='word_1_672' title='bbox 799 5397 1018 5451; x_wconf 84' lang='lat' dir='ltr'><strong>tandem</strong></span> <span class='ocrx_word' id='word_1_673' title='bbox 1053 5397 1126 5449; x_wconf 87' lang='lat' dir='ltr'><strong>illi</strong></span> <span class='ocrx_word' id='word_1_674' title='bbox 1160 5397 1413 5450; x_wconf 80' lang='lat' dir='ltr'><strong>fiduciam</strong></span> <span class='ocrx_word' id='word_1_675' title='bbox 1446 5397 1720 5451; x_wconf 88' lang='lat' dir='ltr'><strong>dederunt</strong></span> <span class='ocrx_word' id='word_1_676' title='bbox 1753 5397 1806 5449; x_wconf 90' lang='lat' dir='ltr'><strong>in</strong></span> <span class='ocrx_word' id='word_1_677' title='bbox 1849 5399 1986 5450; x_wconf 90' lang='lat' dir='ltr'><strong>urbe</strong></span> 
     </span>
    </p>
   </div>
   <div class='ocr_carea' id='block_1_99' title="bbox 407 5489 1983 5556">
    <p class='ocr_par' dir='ltr' id='par_1_99' title="bbox 407 5489 1983 5556">
     <span class='ocr_line' id='line_1_99' title="bbox 407 5489 1983 5556; baseline -0.001 -12"><span class='ocrx_word' id='word_1_678' title='bbox 407 5491 747 5545; x_wconf 79' lang='lat' dir='ltr'><strong>demieilium</strong></span> <span class='ocrx_word' id='word_1_679' title='bbox 775 5489 1050 5554; x_wconf 85' lang='lat' dir='ltr'><strong>sumendi,</strong></span> <span class='ocrx_word' id='word_1_680' title='bbox 1084 5489 1308 5554; x_wconf 88' lang='lat' dir='ltr'><strong>omisso,</strong></span> <span class='ocrx_word' id='word_1_681' title='bbox 1349 5489 1494 5556; x_wconf 89' lang='lat' dir='ltr'><strong>quod</strong></span> <span class='ocrx_word' id='word_1_682' title='bbox 1525 5489 1793 5543; x_wconf 81' lang='lat' dir='ltr'><strong>hactenus</strong></span> <span class='ocrx_word' id='word_1_683' title='bbox 1834 5491 1983 5543; x_wconf 91' lang='lat' dir='ltr'><strong>omni</strong></span> 
     </span>
    </p>
   </div>
   <div class='ocr_carea' id='block_1_100' title="bbox 407 5580 1990 5652">
    <p class='ocr_par' dir='ltr' id='par_1_100' title="bbox 407 5580 1990 5652">
     <span class='ocr_line' id='line_1_100' title="bbox 407 5580 1990 5652; baseline -0.001 -16"><span class='ocrx_word' id='word_1_684' title='bbox 407 5597 635 5652; x_wconf 88' lang='lat' dir='ltr'><strong>vespera</strong></span> <span class='ocrx_word' id='word_1_685' title='bbox 666 5584 981 5652; x_wconf 84' lang='lat' dir='ltr'><strong>repetierat,</strong></span> <span class='ocrx_word' id='word_1_686' title='bbox 1023 5582 1178 5634; x_wconf 84' lang='lat' dir='ltr'><strong>navis</strong></span> <span class='ocrx_word' id='word_1_687' title='bbox 1208 5595 1320 5634; x_wconf 69' lang='lat' dir='ltr'><strong>suae</strong></span> <span class='ocrx_word' id='word_1_688' title='bbox 1350 5580 1676 5636; x_wconf 85' lang='lat' dir='ltr'><strong>diversorio.</strong></span> <span class='ocrx_word' id='word_1_689' title='bbox 1713 5581 1990 5636; x_wconf 80' lang='lat' dir='ltr'><strong>Habitavit</strong></span> 
     </span>
    </p>
   </div>
   <div class='ocr_carea' id='block_1_101' title="bbox 408 5675 1987 5747">
    <p class='ocr_par' dir='ltr' id='par_1_101' title="bbox 408 5675 1987 5747">
     <span class='ocr_line' id='line_1_101' title="bbox 408 5675 1987 5747; baseline 0 -17"><span class='ocrx_word' id='word_1_690' title='bbox 408 5680 551 5730; x_wconf 91' lang='lat' dir='ltr'><strong>enim</strong></span> <span class='ocrx_word' id='word_1_691' title='bbox 600 5677 794 5731; x_wconf 88' lang='lat' dir='ltr'><strong>diebus</strong></span> <span class='ocrx_word' id='word_1_692' title='bbox 842 5677 1051 5747; x_wconf 88' lang='lat' dir='ltr'><strong>aliquot</strong></span> <span class='ocrx_word' id='word_1_693' title='bbox 1104 5677 1157 5728; x_wconf 91' lang='lat' dir='ltr'><strong>in</strong></span> <span class='ocrx_word' id='word_1_694' title='bbox 1215 5675 1546 5729; x_wconf 88' lang='lat' dir='ltr'><strong>monasterio</strong></span> <span class='ocrx_word' id='word_1_695' title='bbox 1579 5675 1840 5730; x_wconf 87' lang='lat' dir='ltr'><strong>Cusmidii</strong></span> <span class='ocrx_word' id='word_1_696' title='bbox 1879 5693 1987 5730; x_wconf 88' lang='lat' dir='ltr'><strong>una</strong></span> 
     </span>
    </p>
   </div>
   <div class='ocr_carea' id='block_1_102' title="bbox 411 5767 1984 5838">
    <p class='ocr_par' dir='ltr' id='par_1_102' title="bbox 411 5767 1984 5838">
     <span class='ocr_line' id='line_1_102' title="bbox 411 5767 1984 5838; baseline 0.001 -17"><span class='ocrx_word' id='word_1_697' title='bbox 411 5783 532 5821; x_wconf 91' lang='lat' dir='ltr'><strong>cum</strong></span> <span class='ocrx_word' id='word_1_698' title='bbox 569 5769 685 5824; x_wconf 87' lang='lat' dir='ltr'><strong>suis</strong></span> <span class='ocrx_word' id='word_1_699' title='bbox 727 5767 1127 5834; x_wconf 81' lang='lat' dir='ltr'><strong>familiaribus;</strong></span> <span class='ocrx_word' id='word_1_700' title='bbox 1173 5780 1408 5837; x_wconf 87' lang='lat' dir='ltr'><strong>quorum</strong></span> <span class='ocrx_word' id='word_1_701' title='bbox 1460 5767 1632 5837; x_wconf 88' lang='lat' dir='ltr'><strong>aliqui</strong></span> <span class='ocrx_word' id='word_1_702' title='bbox 1678 5779 1984 5838; x_wconf 85' lang='lat' dir='ltr'><strong>equestrem</strong></span> 
     </span>
    </p>
   </div>
   <div class='ocr_carea' id='block_1_103' title="bbox 2092 4567 3673 4638">
    <p class='ocr_par' dir='ltr' id='par_1_103' title="bbox 2092 4567 3673 4638">
     <span class='ocr_line' id='line_1_103' title="bbox 2092 4567 3673 4638; baseline 0.003 -17"><span class='ocrx_word' id='word_1_703' title='bbox 2092 4568 2693 4638; x_wconf 87' lang='lat' dir='ltr'><strong>jectionisjuramento</strong></span> <span class='ocrx_word' id='word_1_704' title='bbox 2716 4567 3069 4635; x_wconf 86' lang='lat' dir='ltr'><strong>devinctum;</strong></span> <span class='ocrx_word' id='word_1_705' title='bbox 3121 4569 3280 4638; x_wconf 85' lang='lat' dir='ltr'><strong>cujus</strong></span> <span class='ocrx_word' id='word_1_706' title='bbox 3337 4570 3559 4626; x_wconf 73' lang='lat' dir='ltr'><strong>fmderis</strong></span> <span class='ocrx_word' id='word_1_707' title='bbox 3615 4572 3673 4625; x_wconf 88' lang='lat' dir='ltr'><strong>in</strong></span> 
     </span>
    </p>
   </div>
   <div class='ocr_carea' id='block_1_104' title="bbox 2096 4657 3678 4732">
    <p class='ocr_par' dir='ltr' id='par_1_104' title="bbox 2096 4657 3678 4732">
     <span class='ocr_line' id='line_1_104' title="bbox 2096 4657 3678 4732; baseline 0.004 -20"><span class='ocrx_word' id='word_1_708' title='bbox 2096 4657 2501 4712; x_wconf 86' lang='lat' dir='ltr'><strong>conditionibus</strong></span> <span class='ocrx_word' id='word_1_709' title='bbox 2522 4673 2644 4712; x_wconf 93' lang='lat' dir='ltr'><strong>cum</strong></span> <span class='ocrx_word' id='word_1_710' title='bbox 2669 4659 2804 4711; x_wconf 91' lang='lat' dir='ltr'><strong>nihil</strong></span> <span class='ocrx_word' id='word_1_711' title='bbox 2831 4659 2873 4714; x_wconf 91' lang='lat' dir='ltr'><strong>is</strong></span> <span class='ocrx_word' id='word_1_712' title='bbox 2899 4661 3212 4728; x_wconf 88' lang='lat' dir='ltr'><strong>mutaverit,</strong></span> <span class='ocrx_word' id='word_1_713' title='bbox 3241 4662 3380 4716; x_wconf 87' lang='lat' dir='ltr'><strong>haud</strong></span> <span class='ocrx_word' id='word_1_714' title='bbox 3408 4679 3466 4717; x_wconf 88' lang='lat' dir='ltr'><strong>se</strong></span> <span class='ocrx_word' id='word_1_715' title='bbox 3494 4679 3678 4732; x_wconf 87' lang='lat' dir='ltr'><strong>posse,</strong></span> 
     </span>
    </p>
   </div>
   <div class='ocr_carea' id='block_1_105' title="bbox 2097 4750 3682 4821">
    <p class='ocr_par' dir='ltr' id='par_1_105' title="bbox 2097 4750 3682 4821">
     <span class='ocr_line' id='line_1_105' title="bbox 2097 4750 3682 4821; baseline 0.003 -16"><span class='ocrx_word' id='word_1_716' title='bbox 2097 4751 2203 4805; x_wconf 76' lang='lat' dir='ltr'><strong>title</strong></span> <span class='ocrx_word' id='word_1_717' title='bbox 2231 4767 2298 4805; x_wconf 85' lang='lat' dir='ltr'><strong>ac</strong></span> <span class='ocrx_word' id='word_1_718' title='bbox 2347 4751 2609 4820; x_wconf 86' lang='lat' dir='ltr'><strong>religione</strong></span> <span class='ocrx_word' id='word_1_719' title='bbox 2666 4750 2918 4821; x_wconf 85' lang='lat' dir='ltr'><strong>integris,</strong></span> <span class='ocrx_word' id='word_1_720' title='bbox 2969 4753 3035 4806; x_wconf 87' lang='lat' dir='ltr'><strong>ab</strong></span> <span class='ocrx_word' id='word_1_721' title='bbox 3065 4768 3130 4808; x_wconf 87' lang='lat' dir='ltr'><strong>eo</strong></span> <span class='ocrx_word' id='word_1_722' title='bbox 3185 4754 3516 4810; x_wconf 84' lang='lat' dir='ltr'><strong>desciscere.</strong></span> <span class='ocrx_word' id='word_1_723' title='bbox 3564 4755 3682 4809; x_wconf 88' lang='lat' dir='ltr'><strong>lloc</strong></span> 
     </span>
    </p>
   </div>
   <div class='ocr_carea' id='block_1_106' title="bbox 2100 4845 3678 4917">
    <p class='ocr_par' dir='ltr' id='par_1_106' title="bbox 2100 4845 3678 4917">
     <span class='ocr_line' id='line_1_106' title="bbox 2100 4845 3678 4917; baseline 0.003 -20"><span class='ocrx_word' id='word_1_724' title='bbox 2100 4845 2262 4898; x_wconf 89' lang='lat' dir='ltr'><strong>ttnico</strong></span> <span class='ocrx_word' id='word_1_725' title='bbox 2287 4854 2592 4913; x_wconf 81' lang='lat' dir='ltr'><strong>segregate,</strong></span> <span class='ocrx_word' id='word_1_726' title='bbox 2628 4845 2888 4899; x_wconf 88' lang='lat' dir='ltr'><strong>adversus</strong></span> <span class='ocrx_word' id='word_1_727' title='bbox 2916 4846 3179 4915; x_wconf 87' lang='lat' dir='ltr'><strong>reliquos,</strong></span> <span class='ocrx_word' id='word_1_728' title='bbox 3247 4848 3560 4917; x_wconf 79' lang='lat' dir='ltr'><strong>ubicunque</strong></span> <span class='ocrx_word' id='word_1_729' title='bbox 3612 4863 3678 4903; x_wconf 90' lang='lat' dir='ltr'><strong>ac</strong></span> 
     </span>
    </p>
   </div>
   <div class='ocr_carea' id='block_1_107' title="bbox 2094 4937 3678 5009">
    <p class='ocr_par' dir='ltr' id='par_1_107' title="bbox 2094 4937 3678 5009">
     <span class='ocr_line' id='line_1_107' title="bbox 2094 4937 3678 5009; baseline 0.004 -20"><span class='ocrx_word' id='word_1_730' title='bbox 2094 4937 2410 5006; x_wconf 87' lang='lat' dir='ltr'><strong>quicunque</strong></span> <span class='ocrx_word' id='word_1_731' title='bbox 2461 4938 2594 5001; x_wconf 91' lang='lat' dir='ltr'><strong>sint,</strong></span> <span class='ocrx_word' id='word_1_732' title='bbox 2636 4953 2828 4993; x_wconf 87' lang='lat' dir='ltr'><strong>omnes</strong></span> <span class='ocrx_word' id='word_1_733' title='bbox 2859 4954 3016 4993; x_wconf 86' lang='lat' dir='ltr'><strong>suam</strong></span> <span class='ocrx_word' id='word_1_734' title='bbox 3051 4942 3286 5007; x_wconf 82' lang='lat' dir='ltr'><strong>partium</strong></span> <span class='ocrx_word' id='word_1_735' title='bbox 3331 4942 3678 5009; x_wconf 87' lang='lat' dir='ltr'><strong>imperatoris</strong></span> 
     </span>
    </p>
   </div>
   <div class='ocr_carea' id='block_1_108' title="bbox 2096 5024 3718 5100">
    <p class='ocr_par' dir='ltr' id='par_1_108' title="bbox 2096 5024 3718 5100">
     <span class='ocr_line' id='line_1_108' title="bbox 2096 5024 3718 5100; baseline 0.005 -17"><span class='ocrx_word' id='word_1_736' title='bbox 2096 5031 2613 5100; x_wconf 86' lang='lat' dir='ltr'><strong>propugnandarum</strong></span> <span class='ocrx_word' id='word_1_737' title='bbox 2655 5035 2894 5087; x_wconf 84' lang='lat' dir='ltr'><strong>alacrem</strong></span> <span class='ocrx_word' id='word_1_738' title='bbox 2929 5034 3277 5088; x_wconf 73' lang='lat' dir='ltr'><strong>demtionem</strong></span> <span class='ocrx_word' id='word_1_739' title='bbox 3333 5038 3672 5091; x_wconf 85' lang='lat' dir='ltr'><strong>sacramenti</strong></span> <span class='ocrx_word' id='word_1_740' title='bbox 3703 5024 3718 5030; x_wconf 60' lang='grc'><strong>’</strong></span> 
     </span>
    </p>
   </div>
   <div class='ocr_carea' id='block_1_109' title="bbox 2095 5119 3674 5182">
    <p class='ocr_par' dir='ltr' id='par_1_109' title="bbox 2095 5119 3674 5182">
     <span class='ocr_line' id='line_1_109' title="bbox 2095 5119 3674 5182; baseline 0.004 -6"><span class='ocrx_word' id='word_1_741' title='bbox 2095 5123 2496 5176; x_wconf 76' lang='lat' dir='ltr'><strong>contestatione</strong></span> <span class='ocrx_word' id='word_1_742' title='bbox 2526 5121 2888 5176; x_wconf 87' lang='lat' dir='ltr'><strong>sanciturmn.</strong></span> <span class='ocrx_word' id='word_1_743' title='bbox 2927 5124 3044 5178; x_wconf 88' lang='lat' dir='ltr'><strong>Non</strong></span> <span class='ocrx_word' id='word_1_744' title='bbox 3093 5119 3278 5179; x_wconf 77' lang='lat' dir='ltr'><strong>aberat</strong></span> <span class='ocrx_word' id='word_1_745' title='bbox 3311 5128 3379 5179; x_wconf 89' lang='lat' dir='ltr'><strong>ab</strong></span> <span class='ocrx_word' id='word_1_746' title='bbox 3433 5129 3517 5181; x_wconf 88' lang='lat' dir='ltr'><strong>his</strong></span> <span class='ocrx_word' id='word_1_747' title='bbox 3578 5147 3674 5182; x_wconf 89' lang='lat' dir='ltr'><strong>su-</strong></span> 
     </span>
    </p>
   </div>
   <div class='ocr_carea' id='block_1_110' title="bbox 2095 5215 3668 5291">
    <p class='ocr_par' dir='ltr' id='par_1_110' title="bbox 2095 5215 3668 5291">
     <span class='ocr_line' id='line_1_110' title="bbox 2095 5215 3668 5291; baseline 0.006 -23"><span class='ocrx_word' id='word_1_748' title='bbox 2095 5216 2268 5282; x_wconf 82' lang='lat' dir='ltr'><strong>spicio</strong></span> <span class='ocrx_word' id='word_1_749' title='bbox 2307 5215 2553 5270; x_wconf 81' lang='lat' dir='ltr'><strong>tectioris</strong></span> <span class='ocrx_word' id='word_1_750' title='bbox 2589 5231 2690 5270; x_wconf 86' lang='lat' dir='ltr'><strong>nec</strong></span> <span class='ocrx_word' id='word_1_751' title='bbox 2723 5216 2865 5270; x_wconf 84' lang='lat' dir='ltr'><strong>forte</strong></span> <span class='ocrx_word' id='word_1_752' title='bbox 2912 5215 3172 5273; x_wconf 75' lang='lat' dir='ltr'><strong>Romanis</strong></span> <span class='ocrx_word' id='word_1_753' title='bbox 3217 5220 3454 5274; x_wconf 76' lang='lat' dir='ltr'><strong>inuoxire</strong></span> <span class='ocrx_word' id='word_1_754' title='bbox 3501 5224 3668 5291; x_wconf 74' lang='lat' dir='ltr'><strong>hujus&quot;</strong></span> 
     </span>
    </p>
   </div>
   <div class='ocr_carea' id='block_1_111' title="bbox 2095 5307 3666 5378">
    <p class='ocr_par' dir='ltr' id='par_1_111' title="bbox 2095 5307 3666 5378">
     <span class='ocr_line' id='line_1_111' title="bbox 2095 5307 3666 5378; baseline 0.006 -18"><span class='ocrx_word' id='word_1_755' title='bbox 2095 5321 2218 5360; x_wconf 92' lang='lat' dir='ltr'><strong>cum</strong></span> <span class='ocrx_word' id='word_1_756' title='bbox 2250 5307 2343 5361; x_wconf 77' lang='lat' dir='ltr'><strong>iilo</strong></span> <span class='ocrx_word' id='word_1_757' title='bbox 2369 5318 2596 5362; x_wconf 81' lang='lat' dir='ltr'><strong>externo</strong></span> <span class='ocrx_word' id='word_1_758' title='bbox 2643 5310 2888 5378; x_wconf 90' lang='lat' dir='ltr'><strong>principe</strong></span> <span class='ocrx_word' id='word_1_759' title='bbox 2916 5310 3067 5364; x_wconf 71' lang='lat' dir='ltr'><strong>initae</strong></span> <span class='ocrx_word' id='word_1_760' title='bbox 3115 5318 3419 5367; x_wconf 83' lang='lat' dir='ltr'><strong>societatis.</strong></span> <span class='ocrx_word' id='word_1_761' title='bbox 3461 5313 3666 5369; x_wconf 75' lang='lat' dir='ltr'><strong>Tamen</strong></span> 
     </span>
    </p>
   </div>
   <div class='ocr_carea' id='block_1_112' title="bbox 2097 5400 3671 5476">
    <p class='ocr_par' dir='ltr' id='par_1_112' title="bbox 2097 5400 3671 5476">
     <span class='ocr_line' id='line_1_112' title="bbox 2097 5400 3671 5476; baseline 0.005 -23"><span class='ocrx_word' id='word_1_762' title='bbox 2097 5400 2396 5467; x_wconf 83' lang='lat' dir='ltr'><strong>imperator</strong></span> <span class='ocrx_word' id='word_1_763' title='bbox 2426 5400 2555 5453; x_wconf 86' lang='lat' dir='ltr'><strong>idin</strong></span> <span class='ocrx_word' id='word_1_764' title='bbox 2589 5418 2706 5455; x_wconf 86' lang='lat' dir='ltr'><strong>eam</strong></span> <span class='ocrx_word' id='word_1_765' title='bbox 2739 5409 2921 5472; x_wconf 85' lang='lat' dir='ltr'><strong>potius</strong></span> <span class='ocrx_word' id='word_1_766' title='bbox 2951 5414 3159 5472; x_wconf 88' lang='lat' dir='ltr'><strong>partem</strong></span> <span class='ocrx_word' id='word_1_767' title='bbox 3194 5408 3396 5476; x_wconf 86' lang='lat' dir='ltr'><strong>rapuit,</strong></span> <span class='ocrx_word' id='word_1_768' title='bbox 3423 5417 3479 5460; x_wconf 90' lang='lat' dir='ltr'><strong>ut</strong></span> <span class='ocrx_word' id='word_1_769' title='bbox 3507 5420 3671 5461; x_wconf 87' lang='lat' dir='ltr'><strong>autu-</strong></span> 
     </span>
    </p>
   </div>
   <div class='ocr_carea' id='block_1_113' title="bbox 2100 5494 3678 5567">
    <p class='ocr_par' dir='ltr' id='par_1_113' title="bbox 2100 5494 3678 5567">
     <span class='ocr_line' id='line_1_113' title="bbox 2100 5494 3678 5567; baseline 0.008 -24"><span class='ocrx_word' id='word_1_770' title='bbox 2100 5501 2276 5545; x_wconf 83' lang='lat' dir='ltr'><strong>maret</strong></span> <span class='ocrx_word' id='word_1_771' title='bbox 2307 5494 2697 5562; x_wconf 78' lang='lat' dir='ltr'><strong>Mpyriget&#39;ium</strong></span> <span class='ocrx_word' id='word_1_772' title='bbox 2753 5497 3013 5564; x_wconf 81' lang='lat' dir='ltr'><strong>Cttpidum</strong></span> <span class='ocrx_word' id='word_1_773' title='bbox 3071 5500 3280 5567; x_wconf 67' lang='lat' dir='ltr'><strong>gloriw,</strong></span> <span class='ocrx_word' id='word_1_774' title='bbox 3333 5503 3678 5556; x_wconf 78' lang='lat' dir='ltr'><strong>ostentanda:</strong></span> 
     </span>
    </p>
   </div>
   <div class='ocr_carea' id='block_1_114' title="bbox 2101 5584 3679 5662">
    <p class='ocr_par' dir='ltr' id='par_1_114' title="bbox 2101 5584 3679 5662">
     <span class='ocr_line' id='line_1_114' title="bbox 2101 5584 3679 5662; baseline 0.007 -24"><span class='ocrx_word' id='word_1_775' title='bbox 2101 5584 2434 5638; x_wconf 87' lang='lat' dir='ltr'><strong>sineetitatis</strong></span> <span class='ocrx_word' id='word_1_776' title='bbox 2475 5587 2658 5640; x_wconf 78' lang='lat' dir='ltr'><strong>Studio</strong></span> <span class='ocrx_word' id='word_1_777' title='bbox 2696 5597 2748 5642; x_wconf 89' lang='lat' dir='ltr'><strong>et</strong></span> <span class='ocrx_word' id='word_1_778' title='bbox 2785 5588 2943 5643; x_wconf 72' lang='lat' dir='ltr'><strong>fatua:</strong></span> <span class='ocrx_word' id='word_1_779' title='bbox 2997 5592 3122 5646; x_wconf 79' lang='lat' dir='ltr'><strong>inde</strong></span> <span class='ocrx_word' id='word_1_780' title='bbox 3176 5596 3518 5662; x_wconf 72' lang='lat' dir='ltr'><strong>aucupandae</strong></span> <span class='ocrx_word' id='word_1_781' title='bbox 3551 5607 3679 5650; x_wconf 87' lang='lat' dir='ltr'><strong>voto</strong></span> 
     </span>
    </p>
   </div>
   <div class='ocr_carea' id='block_1_115' title="bbox 2099 5676 3674 5754">
    <p class='ocr_par' dir='ltr' id='par_1_115' title="bbox 2099 5676 3674 5754">
     <span class='ocr_line' id='line_1_115' title="bbox 2099 5676 3674 5754; baseline 0.007 -26"><span class='ocrx_word' id='word_1_782' title='bbox 2099 5676 2180 5729; x_wconf 84' lang='lat' dir='ltr'><strong>sic</strong></span> <span class='ocrx_word' id='word_1_783' title='bbox 2210 5691 2388 5744; x_wconf 65' lang='lat' dir='ltr'><strong>agere.</strong></span> <span class='ocrx_word' id='word_1_784' title='bbox 2425 5677 2563 5730; x_wconf 74' lang='lat' dir='ltr'><strong>[line</strong></span> <span class='ocrx_word' id='word_1_785' title='bbox 2602 5689 2812 5743; x_wconf 86' lang='lat' dir='ltr'><strong>autem,</strong></span> <span class='ocrx_word' id='word_1_786' title='bbox 2855 5683 2999 5750; x_wconf 87' lang='lat' dir='ltr'><strong>quod</strong></span> <span class='ocrx_word' id='word_1_787' title='bbox 3033 5699 3145 5736; x_wconf 88' lang='lat' dir='ltr'><strong>rem</strong></span> <span class='ocrx_word' id='word_1_788' title='bbox 3179 5685 3434 5739; x_wconf 79' lang='lat' dir='ltr'><strong>attineret</strong></span> <span class='ocrx_word' id='word_1_789' title='bbox 3477 5687 3674 5754; x_wconf 61' lang='lat' dir='ltr'><strong>ipsum,</strong></span> 
     </span>
    </p>
   </div>
   <div class='ocr_carea' id='block_1_116' title="bbox 2103 5768 3676 5840">
    <p class='ocr_par' dir='ltr' id='par_1_116' title="bbox 2103 5768 3676 5840">
     <span class='ocr_line' id='line_1_116' title="bbox 2103 5768 3676 5840; baseline 0.011 -21"><span class='ocrx_word' id='word_1_790' title='bbox 2103 5768 2272 5835; x_wconf 74' lang='lat' dir='ltr'><strong>ntagis</strong></span> <span class='ocrx_word' id='word_1_791' title='bbox 2330 5779 2540 5822; x_wconf 81' lang='lat' dir='ltr'><strong>certum</strong></span> <span class='ocrx_word' id='word_1_792' title='bbox 2591 5773 2883 5840; x_wconf 63' lang='lat' dir='ltr'><strong>augurium</strong></span> <span class='ocrx_word' id='word_1_793' title='bbox 2939 5774 3065 5828; x_wconf 86' lang='lat' dir='ltr'><strong>duci</strong></span> <span class='ocrx_word' id='word_1_794' title='bbox 3120 5776 3318 5831; x_wconf 82' lang='lat' dir='ltr'><strong>debere</strong></span> <span class='ocrx_word' id='word_1_795' title='bbox 3365 5790 3676 5836; x_wconf 50' lang='lat' dir='ltr'><strong>constantss</strong></span> 
     </span>
    </p>
   </div>
  </div>
