4046 6400
343 353 460 415 54)

1282 347 1377 406 DE
1422 343 1864 404 ANDliO-XICO
1918 337 2383 400 l‘AL/EOLOGO
2420 338 2572 396 LIB.
2616 339 2715 398 VI.

3515 331 3624 393 550

343 467 453 538 ρὦ
496 465 604 518 τῶν
628 462 951 534 φθασάντων
981 461 1325 530 ἀντέχεσθαι,
1374 453 1765 524 ὁμολογοῦντος
1823 451 1912 504 καὶ
1946 454 1995 511 Α
2022 449 2274 519 καθάπερ
2301 466 2352 501 τι
2383 436 2585 518 πλῆθος
2619 446 2862 518 χαλάζης
2890 444 3154 516 τετρυγὸς
3207 443 3454 513 ὀλέθριον
3513 447 3625 497 εἰς-

309 559 515 620 ηταῦτα
537 558 634 629 τὴν
666 558 802 628 πρὶς
833 556 924 609 τὸν
959 553 1283 623 Θευδερίχον
1332 551 1542 618 φιλίαν.
1596 549 1657 600 Εἰ
1696 547 1804 615 γὰρ
1832 542 1930 614 τὴν

341 654 480 722 πρὸς
502 653 614 704 τῶν
637 651 850 704 πολλῶν
869 647 1108 713 εὐδοξίαν
1149 644 1228 713 τῷ
1257 644 1384 698 νοῦν
1429 643 1606 712 ἔχοντι
1633 639 1930 710 προτιμᾷν,

343 747 432 820 [‘P.
466 744 596 818 548]
633 741 912 813 προῦργου
943 741 1039 792 καὶ
1069 737 1180 790 τῶν
1215 737 1456 803 εὐλὸγων
1476 750 1490 764 ⁶
1519 731 1626 803 χρὴ
1655 731 1764 800 γὰρ
1796 731 1933 820 παν-

342 818 474 902 τως,
509 835 584 899 ὡς
627 834 852 888 Πλάτων
885 831 1054 898 λέγει,
1088 829 1149 881 οὐ
1201 827 1331 896 περὶ
1362 822 1598 895 σμικροῦ
1660 818 1930 874 ποιεῖσθαι

343 932 403 984 τδ
433 930 610 982 δοκεῖν
634 925 870 993 ἀγαθοὺς
903 919 1041 976 εἶναι
1076 923 1190 983 τοῖς
1230 919 1410 980 ἄλλοις
1439 916 1470 986 ἢ
1505 917 1580 983 μὴ
1626 915 1826 968 δοκεῖν.
1855 912 1928 964 Οὐ

345 1024 452 1094 γὰρ
480 1024 604 1074 ὅσον
627 1018 815 1080 οὐσίας
864 1016 1067 1086 ἀρετῆς
1096 1009 1507 1080 ἀπεσφαλμένοι
1570 1006 1930 1076 τυγχάνουσιν

342 1118 394 1170 oi
443 1113 656 1174 πολλοὶ,
701 1107 958 1164 τοσοῦτον
1018 1106 1113 1158 καὶ¹
1173 1104 1266 1155 τοῦ
1310 1101 1519 1171 κρίνειν
1552 1101 1677 1160 τοὺς
1712 1097 1929 1160 ἄλλους,

345 1209 485 1261 ὥστε
546 1204 636 1258 καὶ
667 1204 794 1265 τούς
853 1198 1060 1269 σφόδρα
1098 1194 1302 1256 κακοὺς
1350 1191 1409 1246 εὖ
1447 1194 1559 1254 τοῖς
1609 1190 1788 1257 λόγοις
1837 1188 1930 1238 καὶ

345 1301 463 1360 ταῖς
500 1295 681 1359 δόξαις
719 1292 957 1359 διαιρεῖν
987 1289 1112 1348 τοὺς
1143 1283 1401 1352 ἀμείνους
1439 1281 1548 1333 τῶν
1589 1277 1801 1348 ἀνδρῶν
1834 1275 1930 1328 καὶ

343 1392 468 1452 τοὺς
503 1389 769 1458 χείρονας.
809 1385 871 1436 El
910 1381 1042 1450 γοῦν
1076 1382 1173 1450 τὴν
1211 1377 1364 1448 παρὰ
1393 1375 1502 1428 τῶν
1539 1373 1750 1426 πολλῶν
1775 1371 1930 1436 δόξαν

345 1487 435 1537 ἐπὶ
471 1486 580 1545 τοῖς
617 1477 914 1551 πρακτέοις
955 1475 1101 1528 οὕτω
1161 1475 1242 1528 δεῖ
1295 1472 1587 1540 θηρᾶσθαι,
1656 1467 1728 1529 ὡς
1781 1467 1933 1518 δοκεῖ

347 1576 618 1638 Πλάτωνι,
655 1571 836 1636 πολλῷ
870 1587 933 1639 γε
975 1569 1177 1638 μᾶλλον
1205 1567 1300 1636 τὴν
1325 1565 1460 1635 πρὸς
1495 1561 1782 1632 βασιλέως,
1835 1559 1930 1611 καὶ

344 1667 496 1722 ταῦτ’
539 1667 630 1718 ἐπὶ
657 1664 897 1718 πίστεων
951 1659 1320 1727 ὲμπεδώσεσι.
1353 1657 1453 1710 Διὰ
1496 1654 1650 1708 τοῦτο
1702 1651 1795 1704 καὶ
1841 1651 1928 1704 δέ-

344 1777 500 1829 χεται
539 1758 633 1826 μὲν
671 1759 698 1810 ὁ
725 1755 947 1824 κρατῶν
998 1753 1095 1821 τὴν
1124 1750 1370 1816 ἀξίωσιν,
1407 1748 1635 1817 ἄρχεται
1701 1745 1756 1796 δὲ
1798 1761 1930 1814 μαρ-

345 1851 534 1918 τυρεῖν
564 1847 757 1916 ἐκείνῳ
784 1845 880 1897 καὶ⁹
902 1845 1000 1913 τὴν
1036 1843 1168 1911 περὶ
1214 1841 1312 1909 τὴν
1340 1838 1568 1907 γνώμην
1628 1836 1924 1904 εὐθύτητα.
1962 1847 2005 1900 Β

346 1941 786 2011 καταλαμϐάνων
838 1938 1079 1998 ἐκεῖνον,
1125 1934 1201 1996 ὡς
1263 1933 1439 2000 ἔλεγε.
1488 1930 1658 1983 Τοῦτο
1716 1930 1771 1981 δὲ
1831 1926 1928 1980 καὶ

347 2032 662 2102 ἀναγκαίως
695 2029 1046 2102 προῦϐαινεν,
1069 2024 1246 2095 οἶμαι,
1273 2024 1362 2078 διὰ
1392 2023 1491 2094 τὴν
1524 2022 1660 2091 πρὸς
1677 2021 1767 2074 τὸν
1793 2037 1927 2090 προ-

349 2125 700 2195 ηγησάμενον
737 2121 1049 2190 σύγκρισιν.

420 2215 508 2284 ιγ’.
553 2212 920 2268 Ἀτασθαλία
943 2209 1092 2264 κατὰ
1125 2208 1306 2261 δύσιν
1333 2205 1452 2260 τῶν
1478 2201 1859 2258 Κατελάνων.

419 2309 481 2360 Oi
535 2307 720 2376 μέντοι
770 2319 832 2372 γε
898 2299 1273 2370 Ἀμογὰϐαροί
1340 2314 1399 2351 τε
1463 2299 1553 2348 καὶ
1607 2293 1927 2355 Κατελάνοι,

353 2575 548 2628 futurae
570 2581 732 2641 atque
758 2569 1034 2624 inviolatae
1068 2568 1123 2621 in
1163 2565 1421 2620 omnibus
1471 2577 1592 2634 quae
1640 2563 1934 2632 sponderet

352 2665 738 2738 promissionis
795 2663 935 2731 ejus.
993 2661 1102 2716 Cur
1159 2660 1307 2714 enim
1372 2671 1483 2712 non
1533 2655 1936 2710 inﬂexibilitate

352 2759 468 2828 pari
496 2774 528 2826 p
554 2757 788 2810 :stcriori
822 2758 1053 2808 luererct
1081 2752 1294 2815 foederi,
1333 2751 1456 2820 ejus
1487 2765 1649 2817 quam
1691 2748 1744 2802 iu
1781 2747 1930 2816 prio-

354 2865 478 2904 rum
501 2849 930 2902 ιοηγθιιιῐθηυηι
967 2845 1350 2899 observatione
1393 2841 1765 2897 monstraret?
1813 2840 1935 2893 Non

356 2943 539 2996 minus
567 2957 698 3010 ergo
749 2940 902 2993 illum
957 2937 1122 2990 fidum
1174 2937 1276 2990 sibi
1326 2949 1487 3002 quam
1544 2931 1935 2986 'l'heudericbo

358 3035 624 3086 futurum.
694 3029 869 3098 Atque
897 3027 1060 3096 500
1105 3026 1156 3079 in
1187 3041 1304 3080 eam
1365 3023 1688 3078 sententiam
1749 3022 1934 3075 indul-

356 3141 489 3195 gens
519 3124 621 3179 sibi
651 3122 962 3177 disserebat
1019 3119 1246 3187 largius,
1291 3117 1666 3186 pra'stantium
1697 3121 1752 3168 et
1777 3128 1934 3182 egre-

354 3220 440 3290 gie
463 3217 787 3287 prudentum
811 3217 1054 3268 virorum
1073 3227 1194 3266 esse
1217 3211 1347 3264 nihil
1373 3208 1645 3265 commodi
1680 3215 1773 3260 aut
1793 3222 1944 3260 emo—
1969 3187 2011 3242 ο

358 3311 586 3366 iumenti
635 3309 951 3379 praehabere
999 3306 1186 3375 gloria:
1209 3302 1409 3358 illustri
1441 3301 1942 3371 cxistimationique

360 3404 662 3460 inoffensae.
717 3402 989 3471 Oportere
1021 3398 1224 3468 quippe
1257 3396 1504 3458 omnino,
1558 3403 1618 3448 ut
1648 3393 1802 3461 Plato
1840 3391 1937 3453 ait,

359 3495 619 3550 arbitrari
667 3494 809 3547 haud
876 3505 1053 3560 parvo
1087 3492 1377 3552 interesse,
1433 3487 1635 3540 bonine
1675 3501 1742 3539 an
1781 3498 1942 3538 secus

359 3588 648 3641 videamur
681 3585 827 3638 aliis.
855 3582 972 3636 Non
1009 3583 1156 3637 enim
1190 3589 1250 3635 ut
1275 3579 1496 3634 virtutis
1523 3593 1647 3633 vera
1681 3577 1938 3632 substan-

360 3679 437 3732 tia
471 3688 523 3732 et
555 3676 906 3744 possessione
956 3674 1200 3744 plerique
1254 3673 1541 3727 hominum
1601 3676 1817 3728 carent.
1864 3669 1944 3721 sic

361 3769 560 3822 horum
586 3768 651 3821 de
683 3767 805 3820 aliis
833 3764 1198 3834 judicantium
1234 3761 1521 3817 sententia:
1574 3758 1816 3827 pondere
1847 3758 1944 3811 de-

362 3865 671 3920 stituuntur
705 3860 1048 3918 auctoritatis
1076 3857 1402 3924 omni.Quin
1437 3871 1677 3926 persa'pe
1703 3870 1814 3908 rem
1843 3868 1944 3908 acu

363 3960 541 4028 ipsam
576 3965 828 4026 tangunt,
858 3965 910 4007 et
940 3951 1216 4008 subtiliter
1265 3951 1667 4020 distiuguentes
1707 3950 1945 4016 speciem

365 4070 396 4105 a
436 4064 688 4117 corpore,
715 4063 841 4101 vere
881 4062 1003 4100 cum
1029 4045 1282 4099 sensibus
1311 4056 1423 4097 tum
1448 4043 1794 4097 sermonibus
1836 4041 1951 4096 dis-

365 4142 664 4197 criminant
723 4139 1030 4193 meliorcsa
1076 4135 1362 4205 pejoribus
1409 4133 1693 4188 virorum?
1721 4133 1948 4199 Quodsi,

381 4242 605 4289 auctore
639 4231 886 4292 Platone,
916 4230 970 4283 in
1031 4229 1196 4283 rebus
1219 4228 1435 4296 publice
1471 4226 1720 4296 gerendis
1759 4223 1952 4282 venari

368 4342 560 4380 auram
591 4325 866 4396 opinionis
895 4323 1058 4379 etiam
1109 4321 1386 4392 papularis
1441 4321 1718 4385 convenit,
1745 4331 1952 4388 quanto

370 4417 546 4487 magis
569 4432 676 4470 non
705 4415 1095 4486 ignoscendum
1113 4413 1311 4478 solum,
1339 4413 1432 4467 sed
1469 4413 1755 4466 favendum
1785 4412 1952 4464 etiam

2041 541 2318 604 πεσόντες.
2364 543 2547 594 πᾶσαν
2578 542 2818 593 ἐκάκουν
2849 539 2917 610 ἣν
2953 537 3185 606 ἐπέσχον
3217 539 3310 590 καὶ
3335 532 3401 607 ἦς
3429 539 3626 591 ὲπελᾰι-

2037 634 2219 694 ϐοντο,
2259 633 2468 693 οὐδενὸς
2501 632 2815 700 φειδόμενοι
2844 631 2952 683 τῶν
2977 631 3077 682 ὅσα
3117 628 3356 681 δείκνυσι
3389 633 3480 680 τὸν
3511 631 3626 697 εἰρ-

2035 724 2308 792 γασμένον
2334 723 2647 792 κακοῦργον
2682 724 2778 776 καὶ
2805 723 3000 792 βίαιον,
3033 722 3106 782 ὡς
3139 721 3306 788 ἄλλην
3337 722 3459 774 τινὰ
3493 720 3628 789 βιρ-

2037 816 2270 884 6αρικὴν
2300 815 2654 886 καταδρομὴν
2682 816 2912 884 πάσχειν
2933 813 3031 883 τὴν
3071 812 3244 875 δύσιν,
3295 811 3627 864 ἀνύποιστον

2035 922 2154 958 τινα
2189 906 2343 976 παρὰ
2373 906 2472 974 τὴν
2504 907 2778 976 προτέραν
2823 903 3008 974 οἱοτὴν
3058 902 3224 956 οὖσαν
3275 901 3369 954 καί
3403 917 3466 967 γε
3499 918 3629 970 φερ-

2034 996 2154 1067 τὴν,
2187 996 2284 1066 τὴν
2313 996 2396 1048 ἐπ’
2425 995 2713 1064 ἀνατολῆς,
2734 996 2876 1046 κατά
2908 993 3218 1062 σύγκρισιν,
3251 992 3376 1045 ὅσον
3407 993 3626 1053 ὲκείνψ

2039 1089 2136 1159 μὲν
2167 1089 2241 1145 ὡς
2299 1087 2428 1158 παρ’
2463 1088 2674 1157 ἐχθρῶν
2718 1089 2766 1140 οί
2806 1085 3140 1156 πειρώμενοι
3190 1085 3528 1154 λογιζόμενοι
3576 1083 3630 1134 ἔ-

2039 1181 2254 1248 φθασαν
2287 1181 2380 1234 καί
2403 1197 2552 1242 τινες
2578 1179 2638 1232 τὸ
2667 1179 2841 1232 δεινὸν
2867 1179 3264 1250 προςυγὸντες,
3292 1177 3370 1244 τῷ
3395 1176 3504 1228 τῶν
3532 1175 3625 1229 ἆλ-

2035 1271 2141 1323 λων
2169 1273 2318 1341 φόίῳ
2345 1271 2827 1342 σωφρονισθέντες,
2849 1271 3052 1339 ταύτην
3083 1271 3138 1323 δὲ
3174 1270 3273 1322 οὐκ
3304 1264 3446 1338 εἶχον
3477 1267 3626 1328 ὅπως

2036 1363 2102 1416 ἂν
2153 1364 2246 1415 καὶ
2287 1362 2576 1426 διάθοιντο,
2631 1363 2914 1432 δεχόμενοι
2965 1363 3063 1432 μὲν
3126 1362 3201 1425 ὡς
3259 1360 3448 1428 φίλους
3497 1359 3627 1418 τούς

2036 1456 2308 1517 ἐπιόντας,
2337 1455 2679 1526 πειρώμενοι
2707 1456 2763 1508 δὲ
2789 1458 2863 1516 ὡς
2889 1454 3388 1521 παλαμναιοτὰτων
3417 1452 3626 1504 τούτων

2035 1548 2266 1618 ἐχθρῶν.
2315 1549 2430 1600 Ἐπ’
2460 1549 2580 1616 ἴσης
2615 1548 2668 1600 δὲ
2719 1547 2814 1600 καὶ
2863 1547 3076 1609 τούτοις
3129 1547 3406 1604 κάκείνοις
3445 1543 3512 1613 ἦν
3543 1559 3624 1604 τις

2033 1638 2354 1700 ἀντιϐαίνοι,
2386 1637 2445 1690 τὸ
2472 1638 2623 1705 ξίφος
2656 1639 2734 1698 εἰς
2768 1635 2982 1706 ἄμυναν
3010 1631 3099 1705 ἦν.
3152 1633 3234 1705 [Ρ.
3270 1631 3401 1702 ὅῑθ]
3454 1631 3625 1690 Μόλις

2035 1731 2186 1782 πόλλ’
2228 1731 2363 1783 ἄττα
2389 1730 2842 1799 διαπραξάμενοι,
2880 1728 2974 1778 καὶ
3008 1726 3174 1795 μηδὲν
3209 1724 3371 1776 πλέον
3404 1722 3625 1791 ἔχοντες

2033 1825 2295 1893 πράττειν
2326 1823 2444 1890 (τῆς
2479 1821 2584 1890 γὰρ
2617 1823 2671 1883 ἐς
2696 1822 2766 1873 τὰ
2794 1821 2984 1889 πρόσω
3008 1820 3102 1871 καὶ
3136 1818 3216 1870 ἔτι
3269 1817 3450 1886 ὁρμῆς
3503 1818 3627 1868 ἀνε-

2033 1918 2329 1968 κόπτοντω
2367 1914 2457 1966 τὸν
2489 1915 2598 1983 γὰρ
2636 1913 2861 1983 βασιλέα
2913 1911 3131 1982 Μιχαὴλ
3163 1910 3258 1962 καὶ
3320 1908 3420 1971 τὰς
3487 1908 3620 1975 περὶ

2030 2009 2220 2060 τοῦτον
2264 2007 2520 2076 δυνάμεις
2545 2001 2622 2069 ὡς
2653 2005 2849 2058 αὐτίκα
2880 2004 3227 2072 καταδραμςυ
3239 2001 3401 2070 μένας
3443 2001 3626 2051 αὐτῶν

2031 2100 2096 2150 ἐκ
2117 2097 2210 2150 τοῦ
2245 2099 2472 2157 εἰκότος,
2507 2097 2539 2166 ἢ
2577 2097 2666 2148 καὶ
2698 2095 2756 2162 ἐξ
2800 2089 2877 2146 ὧν
2939 2094 3139 2163 ἢκουον
3199 2092 3420 2161 μᾶλλον.
3475 2089 3626 2142 ὐπὼ-

2032 2190 2252 2259 πτευον)
2293 2189 2538 2258 ἱγνωσαν
2583 2187 2760 2250 ἄλλως
2789 2184 3070 2256 μετελθεῖν
3108 2183 3174 2237 τὰ
3223 2183 3549 2253 πράγματα,

2163 2539 2248 2594 15.
2289 2536 2524 2609 Flagitia
2557 2536 2935 2590 Catelanorum
2963 2535 3016 2587 in
3049 2533 3284 2588 Occiduo
3323 2545 3518 2588 tractu.

2105 2673 2174 2725 At
2205 2672 2526 2742 Antogahari
2560 2680 2613 2724 et
2653 2670 2896 2723 (latelani
2941 2669 3091 2722 velut
3123 2669 3329 2722 eluvies
3368 2669 3622 2738 quzedatn

2036 2764 2320 2836 grandinis
2395 2765 2615 2818 exitiale
2697 2773 2952 2830 strepens
3002 2761 3304 2824 irruentes,
3375 2775 3627 2822 omnem,

2037 2871 2430 2928 quamcunque
2479 2853 2841 2918 insederant,
2917 2867 3252 2921 quocunque
3302 2853 3627 2921 attigeram,

2039 2950 2318 3017 regionem
2375 2955 2470 3000 aut
2527 2947 2742 3009 locum,
2804 2945 2940 2998 nulli
3005 2959 3236 3013 prorsus
3310 2951 3628 3013 parcentes.

2039 3039 2253 3094 cunctis
2287 3039 2354 3094 tis
2379 3037 2600 3108 injuriis
2633 3045 2686 3090 et
2730 3036 3086 3090 contumeliis
3118 3034 3455 3098 adiciebant,
3508 3049 3629 3103 quae

2045 3142 2302 3185 auctores
2333 3144 2462 3185 suos
2507 3128 3040 3184 maleficentissimos
3068 3139 3119 3180 et
3148 3126 3631 3194 impudentissime

2047 3222 2319 3276 violentos
2350 3220 2729 3282 ostenderent,
2771 3219 2911 3272 adeo
2957 3225 3018 3270 ut
3069 3217 3232 3270 aliam
3285 3216 3628 3270 barbaricam

2051 3313 2423 3366 incursionem
2450 3309 2607 3378 501
2635 3312 2805 3362 multo
2831 3309 3112 3361 tetrioretn
3140 3305 3360 3360 Persica
3383 3305 3626 3360 Occidua

2048 3402 2341 3458 continens
2383 3401 2563 3455 abhis
2611 3409 2912 3469 pateretur,
2970 3398 3139 3467 priori
3187 3399 3302 3468 jam
3361 3396 3630 3452 Orientali

2047 3497 2166 3560 illa,
2200 3495 2290 3549 ubi
2313 3508 2437 3548 cum
2486 3493 2587 3545 hac
2614 3497 3049 3561 compararetur,
3093 3489 3238 3544 haud
3294 3499 3404 3542 tam
3457 3491 3631 3543 atroci

2050 3596 2368 3658 apparente,
2407 3585 2538 3654 quin
2570 3584 2681 3638 imo
2712 3585 2825 3638 visa
2867 3581 3166 3647 tolerabili,
3207 3597 3275 3636 eo
3301 3583 3497 3635 saltem
3531 3597 3634 3635 no-

2051 3682 2196 3734 mine
2245 3678 2391 3748 quod
2454 3677 2524 3731 ab
2566 3677 2816 3731 hostibus
2870 3675 3186 3736 inferretur,
3250 3675 3343 3745 qui
3403 3683 3457 3730 et
3505 3675 3632 3744 quid

2049 3771 2178 3825 alibi
2215 3771 2476 3825 iecissent
2499 3779 2553 3823 et
2576 3784 2740 3838 quam
2769 3783 2940 3838 prope
3001 3769 3283 3832 abessent,
3320 3767 3464 3820 fama
3491 3783 3636 3820 nun-

2049 3864 2198 3917 tians
2233 3862 2537 3917 incutiebat
2565 3873 2768 3914 metum
2799 3860 3011 3924 utilem,
3052 3874 3164 3928 quo
3209 3858 3464 3914 instincti
3513 3858 3634 3928 qui-

2050 3953 2175 4006 dam
2233 3953 2357 4021 fuga
2388 3961 2603 4006 mature
2636 3959 2963 4022 praesumpta
2995 3951 3200 4004 malum
3258 3966 3506 4006 evasere.
3539 3950 3636 4006 llic

2053 4047 2202 4100 nulla
2240 4045 2473 4100 facultas
2512 4044 2656 4098 talis.
2692 4043 2866 4096 Amici
2899 4043 3042 4096 enim
3080 4042 3340 4096 advenire
3373 4043 3636 4098 diceban-

2058 4147 2164 4201 tur,
2193 4145 2246 4188 et
2276 4134 2496 4199 excepti
2524 4143 2584 4188 ut
2639 4133 2799 4195 tales,
2842 4149 2901 4188 se
2938 4135 3184 4186 omnitnn
3239 4134 3402 4203 longe
3441 4134 3637 4188 imma-

2052 4228 2316 4284 nissimos
2342 4227 2584 4282 hostium
2614 4243 2714 4281 usu
2748 4227 2869 4294 ipso
2893 4227 3295 4280 monstrabant.
3320 4227 3429 4280 Nec
3455 4227 3637 4282 minus

2057 4323 2109 4375 hi
2137 4334 2301 4390 quam
2343 4317 2526 4374 Persae
2557 4318 2621 4372 ad
2656 4318 3038 4386 stringendum
3073 4319 3129 4371 in
3160 4318 3339 4372 etedes
3369 4316 3636 4386 gladium,

2059 4413 2103 4470 si
2131 4413 2254 4481 quis
2280 4421 2472 4465 contra
2537 4420 2730 4464 nutum
2784 4411 3027 4480 ipsorum
3093 4411 3306 4465 hiscere
3358 4411 3635 4480 quidpiam

371 4506 501 4560 huic
533 4507 624 4568 sit,
669 4507 761 4574 qui
796 4520 902 4558 non
943 4505 1138 4572 plebis,
1157 4503 1250 4557 sed
1277 4503 1538 4572 principis
1570 4511 1621 4555 et
1650 4501 1950 4569 imperato-
1978 4532 2028 4585 υ
2059 4503 2307 4565 auderet,
2342 4503 2577 4571 prompti
2603 4517 2668 4556 ac
2709 4501 2896 4556 faciles
2955 4510 3136 4557 erant.
3176 4499 3250 4555 Ea
3287 4501 3506 4556 licentia
3545 4502 3636 4555 ubi

371 4597 451 4652 ris
485 4597 756 4652 demereri
793 4597 897 4650 sibi
947 4595 1164 4650 laudem
1206 4597 1308 4648 hoc
1336 4593 1480 4648 facto
1511 4594 1762 4647 voluerit.
1791 4591 1948 4656 Quod

371 4705 498 4744 cum
531 4700 649 4744 erat
681 4690 736 4742 in
772 4689 968 4758 quavis
1005 4689 1229 4742 actione
1261 4687 1565 4753 probabile,
1603 4692 1810 4753 quanto
1860 4691 1949 4736 est

369 4781 864 4833 eomtuendamtum
897 4779 1070 4848 magis
1103 4778 1158 4831 in
1205 4777 1438 4832 solemni
1473 4776 1806 4843 obligatione
1837 4787 1952 4826 suae

372 4869 497 4924 fidei
519 4871 542 4922 ?
563 4869 781 4923 Prolixe
812 4869 978 4940 igitur
1009 4868 1282 4922 concessit
1312 4868 1591 4936 Augustus
1623 4863 1950 4935 Mpyrigerio

371 4971 432 5015 ut
456 4963 618 5016 unius
653 4962 774 5031 ejus
800 4976 966 5030 quam
1021 4961 1321 5014 indit-asset
1382 4957 1721 5026 exceptionis
1762 4954 1948 5009 condio

376 5055 526 5108 tione
574 5052 754 5108 fcedus
784 5062 1120 5122 temperaret
1142 5067 1322 5106 suum.
1357 5053 1432 5104 Ac
1460 5050 1724 5118 deinceps
1773 5046 1952 5100 homi-

375 5146 687 5216 nem‘large
714 5145 895 5200 affecit
931 5145 1094 5200 laude
1125 5143 1391 5212 simplicis
1414 5150 1467 5196 et
1517 5142 1740 5196 minime
1787 5139 1954 5194 fucati

376 5237 568 5303 animi,
595 5238 896 5307 prmdicans
928 5253 1054 5292 cum
1089 5238 1232 5306 apud
1271 5235 1465 5292 obvios
1503 5251 1572 5290 eo
1626 5235 1868 5298 nomine,
1897 5241 1957 5286 ut

375 5332 537 5387 facile
558 5348 720 5400 quam
745 5331 797 5384 id
827 5331 928 5384 sibi
956 5330 1062 5384 alte
1086 5343 1413 5399 persuasum
1441 5337 1606 5393 esset,
1645 5335 1751 5379 tam
1783 5340 1956 5395 prena

375 5426 768 5479 testificatione
804 5423 1081 5492 proderet.
1119 5425 1295 5492 Atque
1328 5423 1474 5475 hunc
1528 5419 1956 5475 existimationis

375 5518 557 5571 locum
617 5533 721 5572 non
779 5515 912 5576 alia,
968 5516 1184 5582 opinor,
1237 5513 1597 5584 Mpyrigerius
1662 5511 1805 5580 apud
1848 5512 1959 5563 Au-

374 5622 597 5678 gustum
657 5618 776 5663 arte
813 5623 876 5661 at:
922 5605 1066 5661 facto
1118 5607 1445 5674 prmneruit,
1489 5621 1651 5672 quam
1713 5604 1840 5664 ista,
1900 5611 1960 5654 ut

375 5699 534 5754 dixi.
590 5699 875 5755 conventis
956 5699 1245 5754 inserenda
1317 5697 1638 5768 exceptione
1712 5693 1960 5749 'l‘hcudc-

377 5804 502 5844 ιἰει.

2049 4594 2162 4664 jam
2193 4595 2350 4649 obvia
2382 4605 2580 4649 cuncta
2611 4593 2904 4662 prmdando
2933 4593 3348 4658 exhausissent,
3403 4609 3514 4647 non
3550 4595 3638 4647 in-

2052 4685 2337 4738 venientes
2361 4685 2602 4752 amplius
2643 4684 2790 4753 quod
2827 4696 3108 4754 raperent.
3144 4681 3280 4738 Nam
3311 4700 3380 4739 ne
3415 4687 3468 4740 in
3503 4687 3640 4740 ulte-

2055 4778 2234 4831 riores
2263 4778 2728 4848 progrederemur
2762 4777 3039 4845 regiones,
3086 4785 3232 4830 metu
3281 4777 3638 4831 retardabau-

2055 4876 2145 4922 tur
2189 4869 2572 4938 superventuri
2627 4867 2681 4920 in
2747 4868 2898 4936 ipsos
2954 4867 3307 4935 imperatoris
3361 4866 3641 4922 Michaelis

2056 4975 2178 5013 cum
2216 4959 2417 5013 infesto
2449 4957 2694 5012 exercitu
2728 4957 2964 5011 militum
2997 4955 3399 5021 Romanorum,
3450 4973 3641 5025 poenas

2058 5054 2360 5121 repetituro
2423 5051 2692 5105 seelerum
2758 5050 2959 5120 quibus
3009 5059 3152 5103 tecta
3225 5049 3514 5118 hospitalia
3565 5051 3642 5103 la-

2056 5162 2256 5214 resque
2306 5145 2550 5212 ipsorum
2607 5159 2670 5198 ac
2719 5143 2954 5198 fau-ilias
2991 5145 3240 5212 precario
3273 5145 3485 5214 excepti
3543 5145 3641 5198 ad-

2059 5252 2213 5292 vena!
2276 5235 2662 5288 crudelissime
2722 5252 2785 5289 ac
2839 5236 3262 5304 ﬂagitiosissimo
3326 5247 3640 5291 vexassent.

2059 5331 2199 5391 Hoc,
2226 5336 2282 5380 ut
2306 5326 2525 5380 deesset
2557 5327 2694 5380 alius
2725 5329 2849 5381 talis
2885 5329 3042 5382 index
3077 5329 3330 5398 periculi,
3359 5344 3456 5383 sua
3493 5331 3642 5398 ipsos

2060 5421 2280 5477 abunde
2337 5423 2675 5475 conscientia
2730 5423 3024 5485 monebat,
3078 5431 3131 5476 et
3167 5438 3366 5486 rerum,
3410 5431 3468 5474 ut
3529 5433 3640 5475 tutn

2060 5522 2268 5577 erant,
2319 5527 2382 5565 ex
2444 5512 2729 5566 verisimili
2789 5513 3153 5565 confirmabat
3202 5521 3395 5565 status.
3453 5510 3643 5580 Itaque

2060 5605 2334 5658 diversam
2367 5605 2436 5658 de
2471 5605 2683 5674 reliquo
2709 5605 3006 5658 iucundam
3039 5605 3139 5659 sibi
3185 5619 3366 5656 rerum
3415 5618 3643 5659 suarum

2062 5695 2623 5752 administrandarum
2651 5699 2920 5752 rationem
2957 5696 3340 5751 decreverunt.
