4046 6438
385 341 486 408 551

1574 332 1902 397 GEORGII
1938 332 2424 394 PACHYMEIL‘E

3557 320 3663 382 552

381 456 463 509 ιδ’.
499 454 796 524 Πρεσσεία
834 452 954 506 τῶν
982 448 1343 524 Κατελᾴνῳν
1372 445 1524 524 πρός
1546 443 1841 511 βασιλέα,
1864 442 1965 497 καί
1995 450 2042 507 Α
2075 440 2149 511 μὴ
2176 420 2269 493 τοῦ
2288 439 2410 494 τότε
2445 438 2686 509 μεγάλου
2707 433 2897 497 δουκδς
2943 430 3191 524 θέλοντός
3248 446 3307 483 τε
3331 428 3447 524 οιαὶ
3509 444 3664 524 μεσι-

778 524 1079 591 ἀπολοτία
1110 520 1217 574 τοῦ
1236 516 1572 583 βασιλέως.

453 645 565 697 Καὶ
618 641 740 695 καθ’
792 638 1019 697 ἑαυτοὺς
1076 633 1382 702 γεγονότες,
1417 630 1494 694 ὡς
1555 629 1716 698 δῆθεν
1743 630 1837 683 καὶ
1873 626 1967 681 τοῦ

380 734 606 801 ἄγοντος
633 729 1158 798 κατολιγωροῦντες,
1192 723 1528 785 ἀποστόλους
1559 722 1694 792 πρὸς
1743 720 1971 790 βασιλέα

384 825 665 894 πέμπουσι
690 823 757 875 τὰ
782 821 925 888 ὑπὲρ
948 820 1130 870 αὐτῶν
1176 814 1634 881 πρεσϐεύσοντας,
1671 811 1841 866 πολλὰ
1871 811 1970 879 μὲν

385 918 478 968 καὶ
516 915 664 968 δεινὰ
694 914 900 983 πρᾶξαι
935 908 1325 980 ὁμολογοῦντες
1364 909 1464 973 τὴν
1486 905 1692 977 χώραν,
1724 906 1863 975 πλὴν
1905 906 1971 957 ὲκ

387 1006 527 1077 βίας,
563 1006 636 1075 μὴ
664 1005 761 1067 τὰς
818 1001 1179 1072 μισθοφορίας
1228 999 1466 1068 ἔχοντες,
1522 997 1582 1062 ἐξ
1627 990 1701 1051 ὧν
1731 992 1876 1066 εἶχον
1905 996 1973 1049 ἂν

383 1094 722 1165 τρέφεσθαι·
753 1091 1072 1147 τούντεῦθεν
1106 1091 1162 1143 δὲ
1202 1089 1404 1151 ταύτας
1430 1088 1719 1154 λαϐόντας,
1774 1088 1822 1140 εἰ
1880 1085 1976 1156 βα-

387 1188 567 1249 σιλεὺς
607 1186 770 1248 θέλοι,
804 1186 1014 1254 ἀπηνὲς
1049 1183 1212 1253 μηδὲν
1262 1182 1389 1252 μηδ’
1437 1180 1744 1234 ἀτάσθαλον
1800 1179 1975 1250 πράτ-

383 1296 518 1341 τειν,
546 1278 663 1330 ἀλλ’
702 1276 1050 1344 ὠνουμένους
1082 1273 1294 1329 δικαίου
1324 1274 1558 1343 Mutato;
1603 1272 1796 1342 διαζῇν
1847 1272 1974 1325 ὑπι-

387 1370 666 1441 σχνοῦντο,
702 1370 932 1430 ἑαυτοὺς
966 1368 1023 1421 δὲ
1059 1368 1321 1437 παρέχειν
1363 1364 1637 1434 ἑτοίμους,
1673 1365 1807 1417 ὅπου
1866 1362 1974 1432 ἄρα

386 1465 480 1516 καὶ
508 1463 905 1532 προσταχθείεν
934 1461 1090 1524 ἱέναι,
1126 1460 1333 1522 πιστῶς
1363 1460 1457 1510 καὶ
1506 1457 1581 1520 ὡς
1614 1456 1783 1527 ἐχρῆν
1836 1457 1975 1521 ἀγα-

387 1555 502 1617 θοῖς
538 1555 805 1623 ὑπηκόοις
837 1551 1246 1613 δουῖτεύσοντας.
1284 1550 1472 1605 Ταῦτα
1520 1548 1776 1618 βασιλεὺς
1822 1547 1977 1612 δεξα-

389 1663 550 1715 μενος
580 1647 649 1711 τὰ
676 1646 970 1714 μηνύματα
1002 1646 1063 1696 τὸ
1125 1645 1222 1714 μὲν
1275 1645 1487 1711 ὅσαπερ
1539 1640 1701 1711 ᾔτουν
1751 1639 1973 1701 διδόναι,

385 1738 495 1791 οὐδ’
529 1739 692 1803 ίκταρ
722 1738 955 1807 βάλλων,
981 1735 1246 1806 οΰμενουν
1284 1734 1597 1802 ἐδοκίμαζε.
1620 1732 1880 1802 δυσχερὲς
1914 1729 1975 1783 ὂν

2073 532 2343 594 τεύοντος,
2409 530 2482 593 ὡς
2536 529 2624 582 ἐπ’
2682 526 2830 596 αὐτῷ
2879 525 3099 578 πίπτειν
3141 523 3239 594 τὴν
3280 522 3462 593 χάριν.
3526 520 3663 572 Τίτε

2076 622 2256 676 τοίνυν
2279 625 2394 684 τοῖς
2426 624 2555 693 περὶ
2586 623 2795 675 ἐκεῖνον
2823 619 3065 688 ἐφίησιν,
3102 615 3240 669 ἀλλὰ
3310 612 3403 667 καὶ
3456 613 3663 674 λοιποῖς

2062 713 2239 783 ,οἷπερ
2292 713 2513 784 ᾔδεσαν,
2571 712 2666 767 καὶ
2713 709 2973 780 σφάκελοι
3038 707 3269 776 πλήρεις
3316 703 3664 773 γραμμάτων

2073 806 2184 860 τῶν
2214 804 2557 859 ἀτασθαλιῶν
2588 805 2816 857 ἐκείνων
2843 802 3104 855 δίδονται.
3127 796 3527 851 Συνεποσοῢντο
3584 793 3662 858 δὲ,

2079 897 2199 968 μεθ’
2221 893 2297 951 ὧν
2331 898 2428 951 καὶ
2461 896 2624 959 αὐτὸς
2671 895 2813 949 κατὰ
2851 894 3163 963 φιλοτιμίαν
3219 891 3412 954 ἐδίδου,
3470 889 3551 950 είς
3583 905 3667 958 χι·-

2077 988 2196 1051 λίας
2231 985 2544 1057 χιλιοστύας
2579 986 2938 1055 νομισμάτων
2970 982 3163 1050 ἐγγύς.
3211 980 3280 1033 Ἀ
3318 978 3385 1047 δὴ
3412 975 3508 1030 καὶ
3534 993 3669 1041 πρι-

2076 1079 2269 1133 τείνων
2302 1081 2415 1142 τοῖς
2444 1078 2875 1147 ἀπεσταλμένοις
2909 1075 2987 1146 τῷ
3028 1071 3393 1145 Μπυριγερίῳ
3439 1066 3665 1140 μεγάλῳ

2036 1176 2037 1181 “
2077 1170 2251 1238 δουκὶ,
2277 1172 2377 1241 ἢδη
2404 1171 2497 1223 καὶ
2525 1170 2815 1240 συμϐούλῳ
2846 1170 2899 1240 γ’
2931 1169 3007 1232 ὡς
3063 1166 3126 1221 τὸ
3164 1165 3315 1227 εἰκὸς
3355 1167 3663 1234 χρώμενος,

2076 1260 2456 1329 προσανετίθει
2520 1260 2590 1314 τὰ
2664 1263 2764 1332 τῆς
2836 1261 3073 1331 κρίσεως
3148 1254 3662 1325 δικαιολογούμενα.

2079 1352 2167 1426 [Ρ.
2219 1352 2348 1425 550]
2397 1354 2602 1407 Τούτου
2647 1353 3189 1425 ξὺπερθαυμὰσαντος
3243 1349 3342 1421 τὴν
3392 1349 3663 1417 δαπάνην,

2079 1444 2323 1507 ἐκείνους
2352 1446 2450 1514 μὲν
2505 1444 2680 1508 οὕτως
2730 1445 3049 1517 ἀπράκτους
3094 1445 3438 1510 ἀποπέμπει.
3497 1442 3669 1509 ὀλίγι-

2080 1541 2203 1592 στόν
2239 1557 2291 1592 τι
2323 1540 2508 1606 δοῦναι
2539 1540 2678 1610 πρὸς
2718 1542 2858 1611 ὅπερ
2892 1539 3144 1611 ἐζήτουν,
3200 1538 3334 1592 πολὺ
3380 1536 3501 1590 κατ’
3530 1536 3666 1590 αὐτὸ

2078 1628 2159 1692 ὃν,
2197 1630 2430 1700 ἑτοίμως
2465 1631 3023 1702 καθυπισχνούμενος,
3062 1632 3129 1684 ἂν
3150 1631 3288 1694 τέως
3321 1627 3534 1700 περῷεν
3569 1628 3667 1681 καὶ

2081 1721 2447 1777 ὲκδουλεύοιεν
2485 1738 2499 1751 ·
2525 1721 2660 1793 μηδὲ
2684 1722 2792 1793 γὰρ
2824 1722 3042 1775 πάντων
3087 1720 3334 1792 χρῄζειν,
3377 1720 3516 1773 ἀλλὰ
3568 1720 3666 1772 καὶ

389 1830 485 1881 καὶ
524 1829 701 1889 ἄλλως
761 1830 857 1882 καὶ
917 1828 1027 1881 τῶν
1085 1828 1365 1881 ἀδυνάτων
1398 1825 1626 1892 ἔγγιστα
1662 1840 1677 1855 ο
1719 1825 1898 1877 δοκεῖν
1928 1809 2050 1875 δνΒ
2080 1812 2252 1866 ταῦτα
2277 1815 2450 1866 ποιεῖν
2479 1813 2579 1884 τῆς
2602 1814 2741 1884 πρὸς
2766 1814 2860 1868 τὸν
2894 1814 3147 1886 γαμϐρὸν
3172 1813 3340 1884 μόνης
3373 1812 3538 1866 ἕνεκα
3567 1811 3668 1881 χᾶ-

385 1922 742 1989 ἀττοπέμπειν
792 1919 1130 1982 δεσποτικῶς
1195 1918 1421 1978 δικαίως
1466 1916 1759 1976 δοκοῦντας
1797 1915 1978 1983 λέγειν

387 2007 572 2075 ἠδόξει
607 2007 668 2058 τὸ
695 2008 941 2076 σύμπαν,
991 2001 1102 2068 οἷός
1132 2008 1180 2059 τ’
1216 2005 1292 2058 ὢν
1323 2004 1525 2074 μᾶλλον
1582 2003 1851 2074 ἐλέγχειν.
1889 2001 1979 2068 Τῷ

386 2113 471 2149 τοι
504 2099 598 2150 καὶ
630 2101 739 2159 τοῖς
770 2101 898 2167 περὶ
934 2098 1024 2151 τὸν
1067 2098 1242 2168 μέγαν
1289 2095 1678 2167 ἑταιρειάρχην
1731 2094 1821 2147 τὸν
1853 2092 1982 2147 Δού-

387 2204 494 2243 καν
527 2218 596 2229 -
621 2190 721 2260 ἥδη
752 2193 864 2260 γὲρ
913 2190 1076 2243 αὐτὸν
1112 2190 1209 2242 καὶ
1259 2188 1350 2242 τὸν
1401 2187 1767 2258 εἰρκτοσυνῶν
1831 2187 1981 2249 ἀνεὶς

390 2281 484 2334 ἐπὶ
509 2282 608 2351 τῆς
643 2281 800 2345 ἀξίας
823 2282 920 2335 καὶ
962 2278 1116 2345 αὖθις
1145 2276 1313 2352 εἶχεν,
1340 2281 1441 2336 οὐκ
1496 2279 1669 2343 ἄλλως
1719 2280 1870 2342 ἀνεὶς
1931 2279 1979 2330 εί

393 2459 482 2513 14.
515 2458 735 2526 Legatio
776 2458 1156 2515 Catelanorum
1203 2460 1271 2512 ad
1304 2461 1700 2527 imperatorem,
1733 2468 1783 2512 et
1821 2457 1980 2526 hujus

888 2531 958 2585 ad
986 2530 1106 2584 illos
1138 2546 1469 2599 responsum.

465 2641 606 2714 Ergo
661 2646 975 2715 congregati
1016 2645 1073 2698 in
1136 2644 1455 2708 consilium,
1493 2654 1546 2698 et
1597 2642 1756 2712 quasi
1813 2641 1980 2697 diﬂisi

388 2736 517 2790 duci
551 2752 672 2799 suo,
702 2752 789 2791 res
812 2751 908 2805 per
935 2751 995 2791 se
1019 2751 1148 2790 suas
1170 2750 1338 2805 agere
1368 2735 1521 2804 ipsos
1549 2720 1811 2804 oportere
1844 2733 1975 2798 rati,

389 2829 603 2897 legatos
632 2827 698 2881 ad
726 2828 1118 2897 imperatorem
1167 2829 1399 2881 mittunt
1447 2841 1670 2882 causam
1731 2827 1980 2896 ipsorum

389 2933 638 2975 acmros.
695 2919 901 2973 Horum
964 2919 1144 2973 oratio
1188 2918 1459 2988 principio
1492 2916 1637 2973 fassa
1686 2927 1772 2971 est
1815 2916 1982 2973 multa

392 3026 530 3065 sane
580 3012 776 3064 damna
816 3010 1002 3079 gravia
1060 3009 1315 3064 intulisse
1368 3009 1661 3063 Catelanos
1715 3007 1982 3063 Romanis

395 3094 740 3170 regionibus,
773 3101 826 3152 in
868 3114 1005 3166 quas
1068 3099 1312 3168 h05pites
1363 3107 1675 3154 venerunt:
1734 3100 1830 3153 sed
1885 3114 1983 3153 ex-

394 3167 584 3247 tremae
616 3192 670 3246 id
704 3190 1053 3246 necessitatis
1086 3167 1322 3259 impulsu
1360 3188 1701 3244 ineluctabili
1759 3187 1979 3251 iecisse.
2009 3167 2053 3226 (δ

392 3283 540 3354 quod
577 3282 901 3354 jamdudum
963 3282 1255 3352 stipendiis
1289 3296 1397 3336 non
1434 3282 1632 3337 solutis
1678 3281 1840 3336 aliam
1900 3280 1982 3335 vi-

394 3378 557 3432 vendi
613 3392 779 3447 quam
840 3390 871 3431 e
929 3387 1083 3446 raptu
1138 3390 1248 3431 non
1310 3374 1579 3429 haberent
1642 3373 1978 3429 facultatem.

390 3469 768 3534 Ostendebant
829 3466 897 3522 ad
957 3468 1073 3523 ba-c
1124 3483 1183 3524 se
1217 3467 1264 3521 si
1321 3467 1584 3536 deinceps
1635 3466 1773 3537 ipsis
1819 3467 1981 3534 jussu

395 3563 628 3633 Augusti
655 3562 799 3617 bona
829 3560 932 3615 (ide
964 3560 1238 3630 stipendia
1278 3562 1672 3631 penderentur,
1699 3561 1980 3617 neminem

396 3655 452 3709 in
495 3666 778 3723 posterum
812 3667 1204 3717 concussuros,
1263 3651 1511 3722 nihilque
1568 3651 1675 3706 nisi
1731 3661 1980 3721 emptum

396 3745 585 3799 debito
634 3743 813 3813 pretio
850 3751 1175 3813 accepturos
1207 3759 1235 3796 a
1273 3758 1569 3813 quoquam,
1602 3753 1982 3813 praetereaque

397 3835 769 3891 obedientiam
803 3833 963 3903 502
999 3834 1213 3887 militia:
1246 3834 1743 3903 Strenuitatemque
1798 3833 1853 3886 in
1884 3848 1982 3887 oc-

395 3927 716 3981 casionibus
775 3940 873 3995 pro
931 3922 1267 3993 imperatore
1338 3925 1618 3995 pugnandi
1663 3933 1982 3979 constanter

395 4017 768 4083 cxbibituros,
796 4026 964 4086 prout
997 4031 1028 4069 a
1073 4015 1413 4071 ﬁdelissimis
1431 4015 1747 4086 exspectari
1776 4014 1858 4070 fas
1892 4031 1981 4070 es-

398 4121 500 4164 set.
537 4107 687 4163 Talia
727 4109 1029 4179 imperator
1068 4107 1286 4179 placide
1335 4107 1527 4162 audire
1569 4108 1745 4163 videri
1786 4110 1980 4172 voluit,

397 4217 503 4256 non
559 4216 691 4255 sane
750 4201 897 4270 quod
936 4200 1019 4254 vel
1081 4201 1260 4269 prima
1319 4207 1480 4254 tenus
1535 4200 1874 4270 cogitatione
1923 4200 1978 4255 in

392 4296 641 4347 animum
699 4293 983 4346 induceret
1037 4305 1333 4345 numerare
1369 4290 1479 4344 illis
1527 4292 1792 4359 pecunias
1838 4306 1980 4362 quas

398 4385 730 4456 poscebant:
763 4398 871 4437 non
899 4383 1047 4437 enim
1091 4379 1144 4435 id
1186 4396 1284 4450 pro
1346 4382 1599 4450 praesenti
1654 4382 1835 4437 aerarii
1879 4398 1979 4437 an-

2083 1922 2251 1976 ριτος.

2084 2022 2165 2073 ιε’.
2207 2017 2558 2087 Ἀπόδρασις
2590 2018 2701 2074 τοῦ
2719 2019 2993 2151 μῖἔάλὲυ
3013 2018 3240 2083 δοισκὸς
3260 2016 3667 2087 Μπυριγεριου

2831 2108 2900 2143 γε
2934 2106 2992 2143 a.
3276 2104 3279 2107 ί

2831 2104 2992 2143 νται.
3276 2104 3279 2107 “

2154 2179 2257 2232 Τὸν
2281 2179 2339 2233 δὲ
2366 2181 2751 2252 Μπυριγέριον
2785 2184 2964 2253 μέγαν
2991 2182 3164 2235 δοῦκα
3193 2182 3286 2235 καὶ
3316 2180 3439 2233 λίαν
3473 2176 3668 2233 ὲντεῦο

2083 2268 2176 2325 θεν
2210 2272 2478 2343 ἐκθηριοτ,
2509 2275 2584 2339 ὡς
2611 2274 2815 2342 ἔδοξεν,
2849 2275 2897 2337 εί
2923 2273 3146 2336 οὐδένας
3165 2273 3265 2345 μὲν
3289 2273 3538 2335 ἐκείνους
3570 2271 3669 2324 καὶ

2082 2461 2137 2507 et
2168 2453 2482 2508 immaniter
2503 2463 2750 2510 actorum
2784 2471 2813 2510 a
2836 2456 3117 2512 Catelanis
3145 2465 3326 2522 erant,
3357 2457 3474 2512 dari
3497 2457 3671 2526 jussit

2082 2560 2275 2601 saccos
2310 2546 2505 2615 plenos
2564 2547 2874 2603 litterarum
2932 2548 3138 2617 ﬂagitia
3198 2553 3325 2614 ista.
3379 2552 3557 2607 caedes
3598 2566 3665 2605 ac

2084 2635 2313 2703 rapinas
2336 2636 2727 2692 indicantium.
2783 2635 2875 2692 llis
2907 2637 3290 2706 praesentibus.
3342 2637 3471 2692 data
3505 2638 3670 2692 Cate~

2089 2727 2230 2785 lanis
2292 2726 2598 2793 audientis,
2651 2740 2837 2781 coram
2897 2728 3105 2782 arbitro
3155 2742 3340 2782 rerum
3394 2726 3507 2795 jam
3543 2742 3666 2781 om-

2084 2821 2237 2875 nium
2275 2829 2328 2874 et
2360 2822 2615 2876 ministro
2666 2820 3025 2877 consiliorum
3084 2821 3404 2875 intimorum
3462 2819 3666 2891 Mpyri-

2085 2916 2253 2986 gerio.
2293 2930 2433 2970 novo
2465 2929 2664 2987 magno
2691 2916 2851 2980 duce,
2876 2914 3136 2984 exposuit
3170 2915 3452 2985 Augustus
3493 2929 3667 2982 quan-

2087 3014 2202 3060 tum
2240 3008 2293 3060 in
2328 3005 2622 3062 Catelanos
2659 3008 2741 3061 vel
2801 3006 3064 3077 stipendii
3098 3009 3180 3062 vel
3237 3007 3665 3064 extraordinarii

2086 3098 2329 3153 donativi
2366 3098 2591 3154 nomine
2620 3100 2871 3169 pecuniae
2916 3100 3186 3155 hactenus
3229 3107 3545 3168 erogasset;
3588 3098 3669 3153 fa-

2087 3189 2303 3258 cileque
2331 3189 2734 3244 demonstravit
2773 3197 2972 3244 cuncta
3026 3190 3079 3244 in
3113 3206 3282 3246 unum
3318 3190 3521 3246 collata
3552 3190 3668 3246 fere

2085 3281 2382 3337 ascendere
2418 3280 2473 3335 in
2498 3294 2766 3335 summam
2800 3281 3001 3336 millies
3028 3282 3260 3335 millium
3287 3298 3663 3337 nummorum.

2088 3373 2183 3429 llis
2211 3373 2371 3429 dictis
2405 3373 2552 3427 circa
2619 3388 2759 3428 nova
2810 3373 3080 3442 postulata
3123 3374 3506 3434 Catelanorum
3567 3376 3669 3429 sti-

2064 3475 2271 3529 ,turum
2313 3465 2622 3535 sejndiciis
2649 3466 3005 3536 prwsentium
3055 3465 3319 3521 ostendit.
3362 3450 3669 3531 Censerent

2084 3558 2512 3628 proferrentquc
2558 3558 2724 3612 libere
2761 3557 2894 3627 qttid
2947 3572 3164 3624 aequum
3204 3557 3349 3614 factu
3382 3576 3551 3630 super
3604 3576 3664 3616 re

2086 3652 2178 3705 tali
2237 3652 2524 3710 ducet-ent.
2582 3649 2948 3721 Mpyrigerius
3015 3654 3287 3706 maxime:
3324 3668 3453 3707 nam
3518 3654 3665 3707 hunc

2085 3744 2350 3799 demereri
2400 3745 2723 3798 honorando
2764 3759 2889 3814 prae
2918 3745 3175 3800 omnibus
3212 3746 3491 3801 studebat.
3552 3744 3660 3803 Sed

2084 3834 2178 3889 illo
2235 3834 2371 3889 nihil
2422 3833 2566 3887 aliud
2623 3849 2784 3901 quam
2840 3834 3146 3904 impensam
3220 3842 3432 3890 tantam
3469 3836 3524 3890 in
3557 3835 3667 3891 Ca-

2086 3926 2294 3982 telanos
2344 3925 2542 3981 factam
2601 3926 2953 3979 vehementer
3012 3926 3342 3987 admirante.
3400 3942 3501 3981 nec
3536 3926 3663 3982 aliis

2084 4019 2258 4088 magis
2283 4018 2355 4073 iis
2405 4016 2737 4081 faventibus,
2782 4016 3108 4086 imperator.
3148 4018 3308 4087 quasi
3339 4034 3405 4074 ex
3437 4018 3662 4073 concilii

2084 4111 2361 4169 sententia
2390 4125 2486 4165 cos
2516 4123 2724 4165 vacuos
2757 4110 2991 4177 dimisit,
3052 4110 3261 4166 addens
3312 4121 3565 4181 paratum
3601 4127 3664 4167 se

2083 4217 2378 4258 numerare
2428 4201 2541 4255 illis
2574 4201 2784 4271 aliquid
2816 4202 3085 4270 pecuniae,
3134 4203 3307 4256 multo
3332 4202 3492 4273 503
3542 4203 3667 4272 qui-

2082 4296 2206 4352 dem
2239 4294 2471 4350 inferius
2500 4293 2771 4349 innnenso
2801 4293 2896 4350 illo
2922 4310 3085 4363 quem
3127 4295 3391 4365 petissent
3415 4298 3661 4361 cumulo,

2084 4400 2291 4454 tamen,
2324 4391 2368 4442 si
2394 4402 2499 4457 per
2530 4402 2590 4442 se
2625 4395 2973 4457 spectaretur
3003 4397 3058 4442 et
3084 4389 3151 4442 ad
3189 4399 3489 4457 praesentes
3506 4404 3665 4444 com-

396 4476 577 4546 gnstia
609 4476 784 4528 solum
816 4472 1056 4568 dimcile,
1119 4473 1211 4526 sed
1258 4487 1427 4568 prope
1459 4489 1625 4543 supra
1661 4474 1977 4529 facultatem
2010 4510 2055 4568 θ
2082 4490 2375 4552 pararetur
2420 4479 2497 4533 tei
2558 4478 2821 4533 Romanae
2877 4479 3107 4549 publicae
3142 4482 3447 4551 angustias,
3513 4483 3661 4551 quod

395 4568 479 4619 vel
512 4579 726 4619 summe
748 4563 1000 4618 conantis
1027 4561 1188 4618 foret.
1214 4562 1501 4619 Dimittere
1527 4574 1710 4621 autem
1739 4568 1979 4635 superbo

396 4664 453 4709 et
484 4653 805 4708 dominante
834 4654 1164 4723 perstriCIos
1199 4668 1466 4722 responso
1515 4669 1610 4709 eos
1641 4656 1734 4723 qui
1795 4655 1982 4724 specie

398 4763 463 4802 ae
502 4748 688 4802 verbis
737 4748 1046 4816 supplicum
1080 4747 1152 4799 ad
1212 4763 1271 4802 se
1314 4747 1550 4801 humiles
1589 4747 1978 4813 accessissent,

396 4838 540 4894 haud
583 4839 871 4892 honestum
899 4838 1002 4892 sibi
1040 4836 1158 4892 fore
1209 4853 1276 4892 ac
1305 4847 1518 4891 caetera:
1569 4839 1816 4893 comitati
1847 4855 1980 4895 con-

393 4943 717 4989 sentaneum
756 4929 931 4985 duxit.
969 4928 1127 4985 Viam
1183 4943 1316 5001 ergo
1371 4928 1537 4982 inivit
1571 4930 1805 4984 mediam
1858 4931 1981 4986 illus

398 5024 714 5079 rationibus
744 5022 1018 5093 placandi,
1058 5036 1500 5091 consessumque
1539 5021 1845 5077 amicorum
1883 5023 1980 5079 ad-

398 5116 707 5172 iuturorum
759 5116 866 5170 sibi
903 5115 1030 5170 dum
1088 5116 1193 5170 hoc
1224 5126 1431 5186 ageret,
1488 5114 1652 5170 talem
1685 5119 1977 5185 quemdam

396 5209 628 5279 paravit.
677 5204 736 5259 Ei
772 5205 1023 5261 adhibuit
1058 5207 1201 5261 inter
1233 5207 1373 5260 alios
1400 5220 1656 5276 magnum
1689 5207 1978 5261 hetzeriar-

385 5296 557 5355 'cltan
592 5297 794 5352 Ducam
824 5315 852 5353 e
879 5299 1040 5370 longo
1083 5308 1196 5353 tum
1258 5299 1495 5369 primum
1554 5298 1816 5353 eductum
1858 5314 1979 5353 car-

395 5407 523 5446 cere
591 5406 656 5445 ac
720 5392 963 5461 pristinae
1019 5391 1333 5444 restitutum
1408 5389 1661 5460 dignitati
1722 5390 1978 5459 precibus

395 5484 554 5538 ducis
587 5484 764 5552 magni
797 5485 889 5552 qui
922 5491 1055 5535 tunc
1081 5490 1239 5536 erat:
1297 5480 1463 5547 hujus
1493 5480 1640 5535 enim
1692 5481 1744 5534 id
1796 5480 1849 5533 in
1887 5496 1978 5536 so-

397 5575 568 5629 lidum
593 5575 847 5645 imputari
872 5574 1059 5644 gratiae
1098 5573 1293 5635 voluit,
1325 5574 1473 5626 clare
1515 5572 1799 5641 professus
1833 5575 1975 5630 haud

397 5682 481 5730 se,
515 5671 568 5719 ni
627 5675 880 5739 rogasset
941 5664 1050 5729 ille,
1105 5663 1311 5717 Ducam
1362 5663 1534 5720 fuisse
1588 5664 1972 5721 liberaturum;

396 5758 534 5814 Huic
558 5769 619 5814 et
649 5760 772 5813 alits
810 5757 1162 5828 quibusdam,
1190 5757 1282 5827 qui
1313 5759 1446 5811 satis
1472 5757 1623 5828 gnari
1660 5760 1971 5827 petulanter

2083 4587 2194 4627 non
2241 4570 2701 4628 contemnendum
2738 4571 2911 4625 videri
2950 4580 3157 4641 posset.
3194 4572 3311 4626 Non
3368 4572 3525 4641 prius
3566 4589 3668 4631 atto

2083 4674 2190 4720 tem
2214 4663 2374 4717 latam
2410 4662 2701 4731 pecuniam
2734 4677 2795 4716 se
2828 4677 3122 4731 passurum
3167 4662 3311 4728 dari,
3357 4681 3523 4734 quam
3556 4667 3667 4720 Ca-

2084 4754 2249 4815 telani
2301 4754 2776 4822 obtemperassent
2813 4752 2870 4808 in
2924 4753 3079 4823 prius
3138 4754 3242 4808 sibi
3292 4756 3662 4825 pra'scriptis.

2081 4845 2253 4899 Erant
2278 4860 2345 4899 ea
2371 4851 2430 4898 ut
2463 4851 2661 4911 praeter
2692 4842 2918 4898 circiter
2951 4842 3099 4896 nsille
3146 4842 3347 4912 reliqui
3374 4859 3567 4899 eorum
3591 4860 3664 4899 ex

2082 4936 2324 4992 Occidua
2380 4951 2491 5005 quo
2548 4935 2907 5004 traiecissent
2981 4935 3298 4991 centinente
3351 4937 3546 4991 iterum
3602 4937 3664 4992 in

2081 5028 2267 5084 Asiam
2300 5026 2735 5084 transfretarent.
2764 5025 2885 5081 Non
2933 5027 3079 5084 enim
3107 5036 3252 5080 tanta
3309 5027 3664 5083 multitudine

2083 5120 2138 5173 in
2170 5118 2416 5172 liceiduo
2456 5126 2633 5173 tractu
2656 5132 2796 5187 opus
2832 5132 2897 5172 se
2939 5116 3164 5171 habete.
3199 5114 3371 5181 Quin,
3402 5126 3460 5170 ut
3510 5117 3662 5186 quod

2083 5225 2175 5265 res
2204 5218 2324 5264 erat
2370 5208 2657 5272 fateretur,
2725 5210 2828 5264 hoc
2882 5209 3064 5278 ipsum
3112 5207 3293 5263 facere
3326 5207 3383 5263 in
3420 5208 3660 5276 gratiam

2083 5301 2189 5357 sibi
2216 5300 2530 5356 citatissimi
2557 5299 2717 5354 ducis
2750 5315 2940 5354 eorum
2997 5299 3305 5364 Ilontzerii,
3336 5314 3498 5367 quem
3557 5314 3660 5352 ne-

2080 5395 2192 5465 ptis
2222 5408 2338 5449 suae
2374 5393 2545 5447 tirum
2577 5393 2757 5447 soceri
2787 5390 2982 5447 aﬂ‘ectu
3017 5401 3463 5462 prosequeretur.

2082 5510 2174 5565 15.
2203 5508 2382 5579 Magni
2409 5508 2560 5562 ducis
2594 5506 2910 5579 Mpyrigerii
2947 5505 3159 5561 Tenlza!
3178 5521 3422 5560 recessus
3448 5520 3513 5560 ex
3533 5502 3661 5557 urbe

2577 5578 2870 5632 insatutato
2897 5580 3158 5647 Augusto.

2152 5672 2523 5728 Ostenderunt
2571 5678 2787 5735 eventa,
2822 5670 2972 5740 quod
3001 5668 3264 5723 nimirum
3292 5663 3661 5735 insuspicabi-

2082 5766 2206 5821 liter
2235 5764 2393 5817 latuit
2418 5764 2725 5832 Angustum
2760 5761 2874 5816 haec
2911 5769 3158 5831 agentem
3189 5800 3205 5825 ,
3270 5758 3656 5829 Mpyrigerium
