4046 6430
301 401 399 467 £33

1219 400 1319 460 DE
1346 394 1794 460 ANDRONICO
1836 394 2299 456 PALAZOLOGO
2334 397 2484 457 [ΑΒ.
2525 398 2627 460 VI.

3456 396 3568 456 554

301 514 436 583 ὑπὲρ
473 512 678 583 μηδινα
710 512 771 567 τὸ
818 512 974 580 γένος
1007 512 1305 580 γεγονότας
1339 510 1635 578 δεξάμενος
1668 508 1867 561 τοσού-
1898 510 1941 572 Λ
1972 525 2178 574 πεμπε.
2204 508 2315 561 Καὶ
2347 509 2466 562 τότε
2486 509 2645 579 δῆλος
2676 501 2745 578 ἦν
2770 507 2840 561 τὰ
2865 505 2960 559 τοῦ
2993 505 3256 576 βασιλεως
3277 505 3563 575 ἀποστραε-

300 622 410 669 τοις
438 604 670 675 ἧγαλλε,
694 604 857 656 τοῦτο
890 604 991 673 μὲν
1024 603 1190 667 ἑκὼν,
1239 602 1399 655 τοῦτο
1432 602 1477 654 δ’
1499 603 1670 665 ἄκων,
1705 600 1870 662 αὐτὸς

301 694 356 749 δὲ
379 693 622 759 τοιοῦτος
650 692 728 746 ὣν
765 694 862 747 καὶ
904 693 1180 757 τοιούτους
1212 692 1366 761 ἄγων
1400 693 1478 763 μὴ
1510 693 1595 745 ὅτι
1650 708 1716 760 γε
1749 691 1873 761 μηδ’

304 787 466 854 ἔγγὺς
513 789 740 849 τούτων,
788 772 923 856 μηδὲ
951 785 1014 838 τὸ
1039 784 1339 838 πολλοστὸν
1374 787 1525 855 σχεῖν
1554 783 1780 854 ἠλπίκει
1801 783 1876 848 ,ἐξ

302 873 374 933 ὧν
403 879 624 951 ἧκουεν.
659 878 826 933 Ὅθεν
849 880 943 933 καὶ
963 876 1296 933 ἀπεντεῦθεν
1326 874 1753 948 ὲρῤᾳστωνεὺθη
1778 877 1875 929 καὶ

304 970 436 1040 πρὸς
468 970 567 1031 τὰς
600 970 733 1033 ναῦς
768 968 989 1036 ἔϐλεψε.
1023 970 1135 1022 Καὶ
1184 966 1262 1031 ὣς
1290 968 1341 1021 οἱ
1369 969 1439 1022 τὰ
1460 967 1563 1038 μὲν
1591 965 1689 1020 τοῦ
1716 965 1876 1037 βασι-

304 1064 435 1127 λέως
458 1063 666 1134 ὕστερα
695 1063 853 1117 πάντ’
880 1058 1020 1133 ἦσαν
1048 1062 1158 1115 τῶν
1192 1060 1581 1132 βουλευμάτων
1610 1053 1688 1115 ὧν
1711 1061 1878 1126 αὑτὸς

306 1153 440 1227 εἶχε,
486 1155 829 1225 κρούσασθαι
858 1155 945 1226 δὴ,
976 1155 1039 1208 τὸ
1092 1153 1191 1208 τοῦ
1241 1155 1441 1222 λόγου,
1489 1154 1751 1224 πρύμναν
1781 1155 1880 1208 καὶ

307 1247 667 1318 ὑποστρέφειν
698 1247 959 1315 ἔγνωστο.
1015 1248 1287 1308 Κάκεῖνος
1324 1246 1428 1315 μὲν
1488 1246 1711 1319 ἀπάρας
1766 1244 1880 1299 τῶν

306 1339 445 1392 κατᾶ
474 1338 576 1401 τὰς
604 1324 914 1408 Βλαχέρνας
949 1338 1139 1405 ὅρμων
1167 1338 1263 1390 ἐπὶ
1290 1339 1391 1407 τῆς
1417 1336 1597 1408 πύλης
1632 1334 1738 1406 τῆς
1783 1336 1883 1407 βα·

309 1428 524 1498 σιλικῆς
571 1427 928 1490 ὲπεπλεύκει,
970 1427 1163 1480 ἀλύων
1207 1423 1320 1480 οἷον
1374 1426 1576 1496 καὶτῷ
1599 1443 1887 1495 γνωσιμα-

307 1521 487 1591 χοῦντι
512 1521 848 1590 παρεοικὼς,
882 1518 1283 1590 παρακατὲχων
1306 1518 1410 1587 μὲν
1427 1518 1494 1571 τὰ
1520 1519 1614 1571 τοῦ
1637 1516 1885 1589 ἀξιώμα-

1978 601 2100 669 φεὶς
2134 600 2230 653 καί
2267 618 2332 668 γε
2370 600 2751 672 μεμνημένος,
2782 600 2832 653 εί
2878 600 2974 653 καὶ
3009 597 3085 669 μὴ
3106 598 3215 652 τῶν
3245 599 3408 661 οἴκοι,
3445 599 3562 652 ἀλλ’

1978 687 2075 745 οὖν
2109 691 2208 759 τῆς
2236 692 2374 763 πρὸς
2414 693 2507 745 τὸν
2542 691 2698 762 φίλον
2729 691 3105 760 ὑποστροφῆς.
3154 689 3426 753 Κάκεῖνος
3462 690 3568 759 μὲν

1978 783 2153 838 ταῦτα
2198 787 2437 854 ἡμέραις
2469 786 2625 849 ὅλαις
2651 784 2801 855 τρισὶ
2847 783 2941 838 καὶ
2997 782 3148 850 νυξὶν
3182 783 3351 846 ίσαις,
3384 800 3571 855 παρυ-

1978 873 2308 929 ποκλέπτων
2357 876 2459 946 τὴν
2513 874 2837 941 ἐκπλευσιν,
2894 875 3338 939 ἀνταποστείλας
3371 874 3574 928 καὶτὰ

1979 966 2290 1039 ἐκπώματα
2307 985 2321 998 ·
2349 970 2463 1022 τῶν
2493 969 2642 1034 τινες
2666 970 2724 1023 δὲ
2745 968 3239 1041 Μονεμϐασιωτῶν
3268 967 3568 1037 βασιλικῶν

1980 1060 2126 1113 κατά
2173 1061 2446 1115 θάλατταν
2473 1061 2805 1130 δουλευτῶν,
2860 1063 2989 1116 ἐπεὶ
3041 1063 3141 1116 καὶ
3173 1061 3330 1130 σφῶν
3360 1060 3567 1131 τριήρη

1983 1154 2391 1223 παρακατεῖχεν
2417 1153 2626 1217 ἐκεῖνος
2651 1151 2962 1224 μισθώσας,
2990 1152 3197 1225 ὥρμων
3217 1154 3574 1207 ὲπεισπεσεῖν

1982 1242 2246 1314 ἐξαίφνης
2304 1245 2400 1301 καὶ
2450 1244 2613 1300 τοῦτο
2666 1247 2766 1329 μὲν
2797 1246 3010 1302 ἐκεῖνον
3037 1247 3138 1317 τῆς
3167 1244 3308 1315 πρὸς
3341 1244 3576 1314 βασιλέα

1985 1334 2182 1404 χλεύης
2213 1334 2555 1406 ἀμύνασθαι,
2585 1336 2749 1392 τοῦτο
2769 1337 2829 1393 δὲ
2856 1340 2955 1392 καὶ
2992 1338 3211 1401 ἑαυτοῖς
3266 1336 3423 1406 σφίσι
3470 1336 3573 1405 τὴν

1986 1425 2121 1480 ναῦν
2162 1427 2572 1484 ἀνασώσασθαι.
2625 1429 2893 1494 Βασιλεὺς
2940 1430 3022 1493 δὲ,
3056 1431 3167 1484 εῐτε
3203 1430 3294 1485 διὰ
3325 1429 3455 1492 τοὺς
3484 1429 3580 1499 ὄρ-

1986 1535 2137 1585 κους,
2173 1520 2269 1573 καὶ
2297 1520 2378 1574 ἔτι
2411 1520 2653 1585 ἐλπίζων
2692 1522 2792 1594 τὴν
2823 1523 3042 1577 ἐκείνου
3093 1521 3425 1593 μεταϐολὴν,
3464 1523 3579 1576 sire

307 1628 397 1675 τος
449 1610 722 1680 σύμϐολα,
759 1608 1166 1679 παρακατέχων
1196 1608 1253 1662 δὲ
1285 1613 1379 1662 καὶ
1413 1607 1672 1678 βασιλικά
1703 1610 1885 1678 χρυσᾶ
1989 1611 2084 1663 καί
2113 1627 2166 1663 τι
2205 1613 2315 1665 τῶν
2345 1614 2664 1684 ἀνηκέστων
2708 1614 2957 1668 ὑπονοῶν
2993 1613 3409 1685 συμϐήσεσθαι,
3461 1615 3578 1669 εἴτε

308 1721 366 1758 τε
399 1705 493 1758 καὶ
538 1704 763 1774 ἀργυρᾶ
793 1701 1106 1772 ἐκπώματα
1148 1702 1281 1772 περί
1316 1719 1420 1755 που
1443 1703 1768 1772 τριάκοντα,
1803 1696 1886 1767 οἷς
1993 1700 2102 1772 μὴν
2122 1703 2218 1755 καὶ
2246 1705 2367 1756 κατ’
2399 1706 2732 1770 ἐπιείκειαν,
2764 1708 2867 1760 οὑκ
2896 1705 3062 1773 ἐφίει.
3105 1705 3317 1759 Ἐδόκει
3349 1706 3395 1758 δ’
3422 1707 3578 1774 ὅμως

307 1794 370 1866 δὴ
394 1797 461 1864 τῇ
493 1793 802 1864 προτεραίᾳ
828 1792 1089 1863 βασιλεὺς
1112 1792 1387 1863 ἐδέσματα
1412 1796 1653 1863 πέμπων
1665 1794 1886 1864 ὲγέραιυ
1991 1792 2054 1844 τὸ
2082 1792 2336 1847 πλεῖστον
2364 1795 2442 1865 μὴ
2469 1797 2683 1865 ἐφιέναι
2713 1799 2859 1851 κατὰ
2879 1798 2941 1851 τὸ
2971 1798 3217 1862 ἐπιεικές
3243 1815 3302 1851 τε
3321 1799 3418 1851 καὶ
3448 1797 3581 1863 σύγ-

314 1904 393 1957 ρι.
416 1887 684 1950 Βασιλεὺς
712 1887 771 1939 δὲ
795 1888 895 1940 οὑκ
927 1887 1092 1946 εὐθὺς
1116 1885 1446 1949 πιστεύσας,
1469 1886 1622 1956 ὅμως
1652 1886 1886 1956 συχνοὺς
1913 1871 1961 1930 Β
1990 1900 2212 1953 γνωμον
2230 1887 2326 1940 τοῦ
2356 1888 2404 1939 τ’
2434 1887 2586 1942 ἐλέου
2617 1890 2711 1941 καὶ
2739 1889 3008 1960 ἀκριϐοῦς
3032 1906 3087 1943 τι
3119 1888 3275 1959 παρά
3302 1888 3460 1957 δίκην
3476 1890 3579 1958 τὴν

307 1978 661 2033 ἀποστέλλων
683 1981 776 2032 ἰπὶ
802 1978 904 2050 τὴν
937 1976 1131 2049 ἑορτὴν
1158 1978 1482 2031 τῶνΦώτων
1510 1978 1724 2043 ἐκάλει,
1744 1979 1887 2049 μετά
1995 1975 2164 2048 ὀρθὴν
2208 1978 2583 2051 παραθραύων
2607 1996 2620 2011 ·
2655 1982 2685 2035 ὃ
2738 1981 2806 2052 δὴ
2842 1984 2958 2045 τοῖς
3011 1981 3271 2055 καθαρῶς
3307 1983 3579 2053 ὑπηκόοις

200 2063 207 2067 ’
308 2071 418 2125 τῶν
448 2072 698 2139 συνήθων
724 2071 1077 2142 παρασήμων
1099 2073 1163 2141 τῇ
1194 2068 1458 2141 γερουσίᾳ
1488 2070 1888 2141 συνεορτάσονο

309 2178 396 2217 τα.
425 2162 540 2216 Καὶ
558 2163 611 2216 οἱ
635 2162 736 2233 μὲν
765 2161 1018 2224 ἐκάλουν,
1042 2163 1070 2214 ὁ
1093 2161 1150 2214 δὲ
1180 2162 1378 2230 συχνὸν
1409 2159 1669 2232 μυκτῆρα
1704 2162 1890 2229 σφίσιν

308 2253 614 2323 ἐμφαίνων,
664 2253 749 2326 [Ρ.
783 2252 913 2325 551]
960 2254 1039 2316 ὡς
1065 2254 1162 2306 καὶ
1208 2246 1326 2306 οἷον
1357 2253 1538 2325 κάδδῳ
1567 2254 1647 2325 τῷ
1677 2270 1889 2325 σκαριι-

312 2345 531 2414 μαγκίῳ
562 2346 708 2399 κατὰ
736 2345 1015 2412 θαλάσσης
1047 2344 1142 2397 ἐπὶ
1180 2343 1379 2411 γέλωτι
1427 2341 1693 2413 χρῆσθαι,
1747 2344 1887 2397 ἁπέο

308 2538 570 2595 magnum
600 2521 798 2577 ducem
831 2519 1039 2577 auditis
1070 2520 1126 2575 in
1160 2518 1279 2582 illo,
1315 2533 1385 2574 ue
1433 2533 1544 2589 quo
1577 2516 1714 2584 dixi,
1755 2532 1891 2573 cou-

315 2616 445 2670 cilio
475 2614 653 2670 fuisse
692 2612 1089 2669 incredibiliter
1120 2609 1426 2667 eﬂeratum.
1460 2607 1667 2681 Nempe
1699 2611 1893 2666 intime

313 2707 539 2778 ringens
570 2706 907 2763 mussitabat
955 2706 1100 2776 apud
1137 2721 1219 2772 se,
1241 2713 1296 2761 et
1325 2705 1381 2760 in
1417 2704 1555 2761 ﬁdas
1589 2719 1892 2761 oecurreno

314 2803 455 2857 tium
498 2802 614 2857 haec
657 2816 822 2857 aures
862 2800 1176 2856 effundebat
1208 2818 1222 2856 :
1259 2799 1338 2855 En
1363 2800 1667 2870 imperator
1699 2802 1753 2854 in
1790 2799 1893 2859 bos

315 2893 568 2949 homines
597 2893 781 2957 nihili,
811 2892 940 2948 vilis
977 2901 1033 2949 et
1062 2892 1289 2963 plebeia
1328 2891 1542 2963 stirpis,
1577 2892 1645 2948 ad
1679 2907 1739 2947 se
1767 2906 1894 2963 pro-

313 2985 490 3041 iectos
534 2995 617 3039 tot
660 2984 981 3041 centenaria
1038 2984 1271 3039 millium
1307 2999 1657 3039 nummorum
1696 2987 1892 3055 partim

313 3079 510 3145 volens
549 3078 748 3149 partim
797 3085 943 3132 metu
1006 3077 1235 3132 adactus
1278 3075 1488 3130 ell’udit.
1545 3074 1657 3147 Ego
1710 3087 1891 3131 autem

314 3176 503 3224 tantus
530 3182 731 3239 genere
757 3182 821 3221 ac
846 3167 1132 3243 dignitate,
1167 3174 1247 3220 tot
1273 3180 1340 3220 ac
1359 3166 1494 3220 tales
1522 3165 1751 3228 ducens,
1784 3182 1891 3221 non

1999 2070 2094 2121 καὶ
2136 2070 2340 2140 μᾶλλον
2390 2071 2591 2142 χρεὼν,
2635 2074 2741 2127 ὀδὲ
2791 2073 2889 2128 καὶ
2926 2077 3041 2138 τοῖς
3067 2074 3316 2144 ἀκριϐῶς
3346 2074 3582 2129 ἀντιπάρ·
3680 2140 3686 2147 υ

1996 2156 2110 2221 λοις
2134 2158 2434 2230 ἀπονέμειν
2462 2159 2726 2232 οῦμενουν
2754 2163 2817 2216 οὑ
2856 2161 3152 2229 κατώκνει,
3196 2163 3273 2227 ὡς
3310 2162 3378 2218 ἂν
3403 2159 3498 2217 οῦν
3522 2164 3583 2229 ἐξ

1997 2248 2195 2303 ἑαυτοῦ
2227 2251 2665 2324 ἀποτριϐόμενος
2693 2255 2754 2308 τὸ
2788 2255 3083 2326 ἑπίμωμον
3120 2256 3216 2310 ἐπὶ
3248 2260 3365 2322 τοῖς
3397 2258 3580 2311 τοιού.

1997 2356 2130 2406 τοις.
2186 2341 2248 2399 ’0
2276 2343 2338 2398 δὲ
2369 2346 2555 2410 πάσας
2609 2347 2826 2419 ἡμέρας
2881 2351 3102 2417 ὲκείνας
3158 2349 3587 2419 θαλασσαυλῶν,

2001 2538 2190 2578 secum
2226 2525 2618 2584 celebrandum
2642 2532 2951 2599 exspectari
2983 2546 3013 2585 a
3045 2546 3248 2588 secum
3277 2531 3589 2602 insignibus

2001 2630 2116 2671 sua:
2142 2616 2451 2686 dignitatis,
2474 2630 2742 2677 consueto
2771 2622 2913 2677 inter
2942 2632 3228 2679 senatores
3254 2623 3377 2680 loco
3407 2639 3590 2681 sessu-

2004 2724 2064 2761 ru
2077 2723 2152 2771 in,
2184 2706 2427 2765 ofﬁciose
2460 2710 2791 2767 indicarent.
2819 2712 3024 2770 Verum
3058 2715 3159 2771 bos
3187 2718 3267 2772 sic
3291 2716 3359 2771 ad
3389 2715 3590 2772 festum

2002 2798 2302 2855 invitantes
2332 2799 2424 2857 ille
2459 2800 2696 2859 irridens
2741 2804 3020 2871 eludebat,
3043 2822 3209 2877 quam
3237 2807 3392 2862 nihili
3422 2808 3592 2864 duce-

2003 2899 2087 2945 ret
2114 2889 2354 2962 insignia
2379 2909 2503 2964 quae
2533 2907 2900 2952 memorarent
2922 2897 3210 2970 dignitatis
3239 2901 3310 2957 ab
3339 2900 3592 2972 Augusto

2007 2980 2161 3046 data,
2195 2990 2458 3051 proterve
2482 2993 2791 3055 ostentans,
2820 2990 3096 3045 abutendo
3117 3006 3301 3047 coram
3327 2991 3463 3063 ipsis
3493 3008 3591 3064 per

2003 3072 2242 3128 derisum
2297 3077 2681 3148 scaramangio
2743 3089 2801 3134 ut
2831 3081 2968 3136 cado
3020 3081 3087 3138 ad
3128 3098 3328 3155 aquam
3365 3100 3397 3141 e
3446 3087 3585 3139 mari

2006 3164 2388 3222 hauriendam.
2421 3166 2543 3235 Quo
2571 3169 2658 3224 sui
2692 3181 3044 3242 contemptus
3090 3173 3145 3229 in
3176 3190 3264 3231 res
3291 3178 3589 3246 imperato-

314 3260 482 3317 modo
507 3260 644 3316 nibil
677 3261 857 3316 adhuc
890 3260 1078 3330 accepi
1110 3259 1258 3329 quod
1312 3258 1396 3314 vel
1453 3258 1615 3328 longe
1666 3261 1897 3315 accedat
1924 3256 1967 3285 υ
2003 3256 2080 3313 ris
2116 3258 2296 3329 palam
2323 3261 2572 3317 exhibito
2603 3264 2929 3332 specimine,
2963 3267 3161 3324 missos
3192 3268 3311 3337 ejus
3334 3269 3454 3325 sine
3475 3267 3588 3323 alio

307 3355 384 3410 ad
417 3354 784 3425 mqualitatem
823 3353 943 3423 ejus
994 3364 1247 3413 summa,
1297 3351 1392 3406 sed
1417 3357 1473 3406 et
1501 3350 1595 3405 tibi
1620 3345 1893 3406 sinumam

312 3449 431 3518 spei
466 3446 598 3502 mibi
652 3449 950 3516 propositae
1005 3460 1071 3499 ex
1118 3443 1577 3515 promissionibus
1612 3459 1676 3499 ac
1721 3444 1896 3514 signis

311 3540 530 3595 caeteris
561 3541 667 3593 rite
705 3537 968 3605 subduxi,
1017 3544 1171 3592 certo
1225 3537 1469 3605 intelligo
1507 3551 1628 3591 eam
1673 3537 1894 3593 demum

286 3646 536 3688 omnem
564 3631 622 3686 in
655 3642 866 3702 partem
903 3630 991 3685 vix
1026 3629 1394 3683 multesimam
1429 3628 1772 3685 merccdisin
1794 3627 1897 3684 Ca-

313 3729 535 3784 telanos
563 3727 828 3799 impensae
860 3725 1052 3799 redigi.
1096 3724 1217 3779 Tali
1256 3723 1476 3795 penitus
1515 3722 1898 3793 indignatione

311 3828 564 3875 :cstnans
589 3820 759 3889 erepit
790 3818 1027 3888 primum
1062 3816 1321 3871 omittere
1343 3814 1521 3870 ollicia
1542 3815 1717 3870 aulica
1757 3831 1899 3886 quo-

313 3913 651 3968 tidianarum
678 3911 1071 3965 salutationum
1095 3908 1347 3979 Augusti,
1369 3906 1516 3963 domi
1541 3909 1898 3980 contemptim

312 4005 606 4072 desiliens,
641 4019 746 4059 nec
772 4002 1012 4058 obscure
1040 4002 1226 4058 ferens
1262 4011 1578 4072 respectare
1616 4016 1898 4058 secessum

311 4100 374 4154 in
406 4113 575 4154 naves
614 4111 784 4163 suas,
839 4095 983 4164 quod
1035 4095 1148 4164 jam
1204 4095 1393 4164 utique
1450 4093 1662 4164 liquido
1695 4093 1903 4150 videret

311 4205 485 4261 quam
518 4188 686 4259 longe
711 4187 856 4242 inl'ra
899 4185 1306 4242 destinationes
1351 4184 1715 4241 consiliorum
1771 4200 1901 4239 suo-

309 4252 531 4337 rbm‘et
561 4252 1028 4349 exspectationes,
1060 4292 1182 4346 quae
1206 4275 1359 4330 illum
1393 4275 1461 4330 ad
1508 4274 1900 4343 imperatorem

312 4381 632 4436 traxerant,
668 4384 967 4426 successus
995 4366 1214 4424 demum
1241 4368 1357 4437 ipse
1381 4380 1446 4422 ac
1469 4381 1709 4437 praesens
1738 4382 1904 4438 expe-

306 4466 515 4522 rientia
561 4462 858 4518 recideret.
917 4460 1090 4531 Ergo,
1121 4462 1269 4528 quod
1312 4461 1490 4524 aiunt,
1524 4459 1775 4514 inhibere
1820 4476 1905 4514 ie-

2002 3363 2272 3420 rcsponso
2296 3367 2326 3406 a
2348 3367 2408 3409 se
2436 3354 2667 3411 dimisit.
2694 3355 2851 3413 Tunc
2882 3358 2985 3414 fuit
3017 3361 3367 3417 manifestum
3384 3376 3591 3417 averso

1999 3454 2124 3526 esse
2148 3441 2300 3497 illum
2328 3444 2397 3500 ab
2427 3446 2675 3519 Augusto
2699 3450 2908 3517 animo,
2936 3451 3293 3523 cogitarcque
3324 3453 3483 3523 plane
3500 3454 3585 3508 vel

2004 3533 2241 3591 reditum
2269 3537 2494 3595 domum
2526 3542 2607 3597 vel
2627 3544 2694 3598 ad
2719 3559 2880 3599 suum
2904 3542 3348 3600 Theudericbum
3376 3586 3392 3612 ,
3430 3544 3592 3615 cujus

2001 3635 2124 3681 erat
2176 3628 2478 3686 amicitiam
2519 3643 2629 3689 tam
2669 3636 2960 3706 splendide
2996 3637 3299 3708 professus,
3331 3637 3435 3693 sibi
3463 3652 3590 3693 cer-

2003 3718 2279 3775 tissimum
2330 3736 2639 3780 accessum.
2689 3726 2962 3783 Caeterum
3024 3726 3170 3783 idetn
3207 3729 3261 3783 in
3324 3740 3589 3805 apparatu

2005 3809 2368 3868 tumultuario
2431 3815 2601 3871 eundi
2657 3824 2770 3873 tres
2838 3817 2958 3874 dies
3005 3827 3060 3874 et
3112 3831 3303 3874 noctes
3363 3819 3589 3875 totidem

2003 3902 2528 3975 consumpsit,quo
2579 3907 2760 3979 spatio
2817 3909 3034 3965 remisit
3088 3909 3156 3964 ad
3206 3910 3593 3980 imperatorem

2003 4008 2203 4050 aureas
2249 4008 2380 4051 suas
2419 4009 2820 4070 argenteasqtte
2866 4001 3076 4057 lances.
3116 4000 3195 4056 Eo
3230 4004 3415 4057 triduo
3474 4001 3592 4057 Mo-

2006 4086 2366 4143 nembasiotze
2396 4090 2621 4157 quidam
2657 4107 2687 4145 e
2713 4092 2985 4147 ministris
3025 4092 3321 4146 maritimis
3355 4093 3595 4162 impera-

2006 4175 2188 4242 toris,
2232 4178 2458 4234 solliciti
2513 4182 2657 4249 quod
2700 4183 2977 4238 triremem
3034 4184 3327 4254 quamdam
3361 4183 3514 4253 prius
3561 4199 3594 4237 a

2008 4266 2341 4340 Mpyrigerio
2380 4273 2633 4328 mercede
2665 4275 2993 4331 conductam
3021 4276 3068 4331 is
3087 4275 3230 4345 apud
3260 4291 3320 4330 se
3344 4277 3593 4342 haberet,

2007 4362 2085 4415 uti
2140 4363 2474 4432 apparebat,
2505 4366 2866 4434 abducturus,
2906 4366 3204 4423 consilium
3235 4380 3500 4436 ceperunt
3532 4367 3591 4421 iu

2005 4464 2133 4506 eum
2171 4455 2477 4524 improviso
2497 4456 2739 4514 irruendi
2763 4477 2778 4528 ;
2801 4475 2913 4530 quo
2940 4460 3107 4514 simul
3148 4460 3460 4515 irrisionetn
3488 4461 3593 4514 im-

308 4558 548 4628 migium
585 4570 650 4609 ac
677 4564 851 4618 retro,
904 4553 1051 4607 unde
1091 4561 1338 4614 venerat,
1368 4567 1593 4610 cursum
1626 4549 1907 4606 reticetere
1938 4565 1985 4623 ο
2014 4547 2287 4616 peratoris
2331 4546 2752 4614 ulcisci-rentur,
2794 4549 2960 4605 simul
2982 4565 3376 4620 recuperarent
3411 4549 3593 4604 navim

308 4648 588 4703 decrevit.
620 4647 860 4715 Moxque
883 4659 1011 4698 cum
1037 4643 1157 4698 suis
1175 4642 1408 4697 navibus
1423 4656 1617 4697 versus
1647 4638 1907 4696 Blaclier-

311 4752 423 4792 nas
456 4735 708 4797 tendens,
741 4735 888 4800 ipsas
916 4731 1151 4802 Augusti
1205 4730 1394 4799 palatii
1426 4730 1906 4801 praeternavigavit

311 4828 495 4891 fores,
520 4824 965 4879 incertitudinem
988 4830 1170 4878 tamen
1195 4824 1363 4877 animi
1398 4821 1697 4892 praierens
1715 4837 1908 4893 quanrs

309 4920 445 4971 dam
465 4915 995 4985 ambiguitatemque
1022 4915 1331 4977 sontentia',
1361 4914 1493 4968 dum
1526 4914 1656 4967 hinc
1681 4913 1901 4982 quidem

304 5008 485 5080 quasi
533 5008 749 5061 haerens
808 5006 988 5060 adhuc
1044 5004 1221 5075 pactis
1270 5006 1553 5060 conventis
1611 5004 1901 5076 dignitatis

309 5100 573 5172 sy‘mbola
603 5100 674 5153 ab
704 5098 1039 5168 imperatore
1056 5106 1283 5169 accepta
1312 5094 1475 5169 50a.
1504 5096 1738 5162 retinet;
1768 5096 1903 5166 quin

304 5204 372 5250 et
402 5194 665 5261 palatinas
702 5191 1068 5262 supellectilis
1106 5204 1235 5247 vasa
1272 5193 1469 5259 partim
1507 5202 1674 5243 aurea
1703 5190 1899 5259 partim

307 5294 579 5355 argentea
611 5283 839 5339 circiter
868 5283 1116 5355 triginta,
1143 5283 1197 5337 in
1238 5282 1444 5352 quibus
1471 5278 1540 5335 ad
1570 5294 1694 5334 eum
1719 5279 1905 5347 Augu-

306 5388 442 5433 stus
476 5376 669 5446 pridie
690 5375 920 5430 honoris
940 5389 1108 5431 causa
1135 5390 1165 5430 e
1190 5388 1378 5428 mensa
1410 5387 1508 5427 sua
1531 5372 1712 5427 edulia
1739 5373 1904 5427 mise—

306 5477 426 5533 rat,
483 5470 728 5523 nondum
781 5467 1014 5522 remissa
1069 5466 1287 5521 tenebat
1322 5465 1466 5535 apud
1540 5477 1683 5520 sese.
1730 5461 1904 5518 Porro

305 5562 624 5631 imperator
673 5559 905 5615 audiens
941 5560 1058 5613 vela
1102 5559 1286 5614 facere
1321 5557 1714 5629 Mpyrigerium
1758 5556 1911 5612 insa-

306 5653 501 5708 lutato
529 5666 588 5705 se
614 5691 630 5716 ,
663 5656 900 5722 primum
951 5659 1011 5705 ut
1051 5652 1127 5707 rei
1181 5652 1343 5721 plane
1406 5650 1710 5705 incredibili
1748 5648 1910 5704 ﬁdem

2017 4637 2318 4707 propriam.
2356 4637 2558 4695 Verum
2593 4655 2692 4695 eos
2724 4640 2778 4695 id
2806 4656 2967 4712 agere
3003 4640 3146 4696 haud
3198 4656 3392 4712 passus
3426 4642 3598 4713 impc-

2015 4738 2167 4782 rator
2214 4735 2329 4792 est,
2396 4731 2477 4783 vel
2522 4730 2705 4785 adhuc
2765 4733 3122 4800 pertinaciter
3173 4748 3406 4804 sperans
3449 4736 3598 4789 illius

2014 4821 2518 4878 reconciliationem
2559 4840 2774 4892 secum,
2820 4827 2905 4881 vel
2930 4827 3142 4882 cladem
3172 4827 3437 4897 majorem
3493 4825 3599 4880 ali-

2012 4927 2178 4981 quant
2209 4922 2483 4981 metuens,
2513 4917 2596 4970 vel
2624 4915 2863 4985 denique
2897 4915 3192 4987 indulgens
3246 4917 3447 4971 innata:
3493 4917 3598 4972 sibi

2013 5003 2325 5072 inolitaeque
2382 5005 2612 5062 lenitati.
2664 5006 2729 5061 Et
2783 5008 2887 5062 bac
2935 5008 3155 5077 quidem
3190 5007 3386 5063 ultima
3430 5006 3598 5065 trium

2011 5107 2302 5150 causarum
2361 5097 2521 5154 unice
2574 5114 2634 5156 se
2688 5108 2900 5154 motum
2948 5098 3110 5171 505
3142 5099 3197 5156 in
3255 5099 3597 5171 prohibenda
3698 5152 3709 5163 .

2011 5186 2370 5256 aggressione
2418 5189 2732 5262 Mpyrigerii
2762 5191 2913 5249 credi
2967 5194 3141 5249 voluit
3175 5192 3480 5265 Augustus,
3515 5194 3600 5248 ai-

2014 5277 2226 5335 iectaus
2276 5296 2493 5350 semper
2546 5281 2748 5339 famam
2804 5285 3245 5342 mansuetudinis
3284 5286 3521 5342 innoxiae
3544 5297 3602 5340 et

2012 5366 2194 5425 facilis
2245 5370 2311 5425 ad
2339 5371 2732 5442 ignoscendum
2764 5376 3109 5446 gravissimis
3138 5375 3304 5432 etiam
3333 5375 3554 5445 injuriis
3578 5411 3596 5437 ο

2012 5472 2069 5517 et
2121 5455 2503 5530 Humanitatis,
2539 5481 2647 5536 qua
2689 5468 2797 5521 vim
2845 5484 3095 5525 ξονι-νοω
3135 5469 3271 5524 recti
3311 5466 3504 5536 judicii
3536 5480 3601 5523 ac

2010 5556 2241 5633 iustitiae
2278 5558 2490 5615 ultricis
2525 5561 3233 5633 laudabiliterinfringeret.
3266 5564 3415 5628 Quas
3439 5561 3601 5631 equi-

2016 5646 2143 5705 deni
2174 5654 2407 5706 virtutes
2437 5653 2615 5709 fateor
2651 5665 2795 5710 recte
2815 5670 2844 5710 a
2879 5657 3125 5727 principe
3157 5654 3395 5726 impendi
3424 5654 3599 5722 culpis

306 5743 631 5813 abnegabat
661 5758 677 5809 ;
715 5758 777 5798 ac
809 5744 900 5798 ubi
934 5744 1192 5810 credidit,
1227 5743 1587 5799 dissimulans
1614 5742 1917 5815 destinavit
2020 5743 2356 5798 excusandis
2380 5758 2507 5800 vere
2527 5747 2869 5817 ﬁdeliterque
2900 5748 3269 5802 subditorum.
3294 5744 3389 5800 llle
3416 5754 3599 5797 autem

306 5837 527 5892 multos
561 5837 656 5906 qui
680 5851 806 5892 eum
835 5837 901 5892 ad
927 5836 1126 5893 festum
1148 5837 1445 5901 luminum,
1472 5836 1614 5907 quod
1645 5834 1915 5901 instabat,

561 5932 832 5995 Panos.
864 5935 981 5995 Gn.
1020 5933 1280 5999 CXLIV.

2026 5834 2126 5890 bas
2152 5834 2416 5892 adbibere
2450 5853 2557 5892 non
2588 5840 2923 5908 gravabatur
2965 5838 3213 5893 fovendis
3241 5835 3604 5908 tegendisquc

3150 5935 3225 5994 18
