4046 6392
519 327 626 389 525

1727 331 1981 392 GEORG
1999 333 2051 392 [ἱ
2090 333 2287 392 PAClI
2303 332 2571 393 t‘MERE

3681 337 3793 401 556

518 440 643 494 ἐπεὶ
677 439 772 505 νὺξ
805 434 890 507 ἦν,
925 441 1104 512 τυχὼν
1152 442 1418 515 ἐπιλρὸρου
1452 445 1546 496 τοῦ
1594 446 1937 513 πνεύματος,
1977 447 2098 508 ὅλος
2131 459 2170 513 Α
2195 446 2546 514 ἀὺταδέλφην
2577 448 2952 516 μετεκαλεῖτο,
2984 447 3086 518 τὴν
3106 447 3351 502 κατὰτὰ
3378 447 3538 503 Φῶτα
3570 454 3788 519 προτείο-

519 532 648 603 βοῦς
684 531 770 585 ἀν’
812 530 951 588 ’ὕλαν
1003 535 1257 603 ἐφαίνετο
1304 535 1524 606 βαίνων,
1561 538 1655 591 καὶ
1690 538 1801 590 τῶν
1825 537 1967 589 κατὰ
1998 538 2098 607 τὴν
2148 566 2151 569 -

517 626 757 681 Καλλίου
784 627 1121 682 Κατελάνων
1153 629 1283 681 εὑοὺ
1319 630 1450 683 ἵετο.
1479 629 1616 683 Τότε
1643 629 1708 701 δὴ
1735 630 1862 683 τότε
1882 630 1976 683 καὶ
2005 631 2099 699 βα-

517 718 699 781 σιλεὺς
735 717 877 785 ἔγνω
907 720 1206 789 προφανῶς
1237 720 1578 789 χλευασθεὶς,
1616 722 1712 774 καί
1736 721 1805 774 τὰ
1845 722 1987 775 κατὰ
2007 722 2098 776 τὸν

513 810 765 881 γαμϐρὸν
799 811 1061 880 ἀσφαλῶς
1080 811 1180 865 οὐκ
1208 807 1320 881 εἶχε
1361 812 1550 875 πιστὰ,
1580 813 1703 866 ἐπεὶ
1726 812 1862 883 μηδὲ
1892 813 2098 874 ἐκεῖνος

515 904 743 973 ἠρεμῶν
784 900 1036 975 ἢκούετο,
1087 902 1226 956 ἀλλὰ
1286 903 1380 956 νῦν
1419 905 1520 973 μὲν
1578 905 1679 975 τὴν
1730 904 1968 958 Καλλίου
2000 919 2099 955 τα-

515 997 762 1065 φρεύων,
801 997 899 1050 νῦν
942 998 998 1050 δὲ
1043 999 1247 1067 σιδηρᾶ
1300 997 1484 1067 δεσμὰ
1518 998 1761 1063 κόπτων,
1793 995 1891 1050 νῦν
1937 995 1982 1049 δ’
2020 996 2097 1049 ἱε-

519 1089 695 1158 ρεύων
723 1089 840 1152 ζῶα
864 1088 961 1142 καὶ
976 1090 1179 1159 ταρίχη
1201 1090 1381 1160 κρεῶν
1401 1092 1522 1152 ταῖς
1539 1091 1727 1142 ναυσὶν
1742 1087 2096 1159 ἐνσωρεύων,

514 1182 609 1235 νῦν
640 1182 870 1254 ἄπειρον
903 1182 1109 1254 πλῆθος
1163 1183 1315 1246 σίτου
1367 1184 1642 1251 συλλέγων
1667 1182 1765 1236 καὶ
1800 1180 1979 1248 μάζας
2008 1183 2098 1234 ὲν-

516 1274 919 1346 σκευαζόμενος
949 1314 964 1339 ,
1018 1276 1159 1328 κάπὶ
1213 1274 1427 1338 τούτοις
1492 1273 1918 1344 μεγαλειότερον
1984 1272 2095 1325 τῶν

516 1370 863 1439 πραγμάτων
918 1368 1181 1439 ᾶχόμενος
1210 1370 1306 1422 καί
1336 1368 1496 1439 δῆλος
1529 1366 1603 1421 ὢν
1634 1369 1700 1421 ὲκ
1753 1365 1970 1421 πολλῶν
2024 1364 2094 1417 τὰ

516 1465 625 1516 τῶν
647 1459 971 1516 ἀποστατῶν
1000 1459 1545 1532 μεταχειριζόμενος,
1575 1459 1680 1514 κᾶν
1707 1459 1807 1512 οὐκ
1830 1456 2094 1527 ὴὸούλετο

516 1553 854 1608 δείκνυσθαι.

519 1669 616 1735 ις’.
646 1669 717 1745 fit
729 1665 1004 1745 προ-το.ιῇ
1037 1664 1144 1719 τοῦ
1172 1663 1500 1745 βασιλέως,
1522 1660 1809 1745 πρὸςχργ
1847 1659 1968 1717 ἀπὸ
1991 1677 2095 1741 μοί

585 1738 789 1807 γάλων
809 1735 1065 1802 δουκῶν,
1092 1735 1188 1789 καί
1209 1736 1562 1803 ἐπαγγελίαι
1590 1735 1696 1786 τοῦ
1728 1735 2091 1800 Καισαρικοῦ

584 1808 939 1876 ἀξιώματος.

513 1920 600 1986 ιζ’.
641 1920 850 1989 "Opimi
892 1918 997 1972 τοῦ
1025 1915 1357 1989 ,βασιλέως
1376 1915 1527 1981 πρὸς
1571 1914 1680 1989 ζὼς
1722 1911 1796 1966 ὃν
1823 1912 2094 1979 Καίσαρα

887 1989 1167 2053 καθίστα,
1196 1985 1295 2039 καὶ
1327 1985 1690 2039 ἀποστολαί.

584 2104 669 2176 [Ρ.
695 2100 821 2175 352]
843 2100 953 2155 Kal.
978 2101 1088 2170 γὰρ
1116 2099 1234 2169 ἆσμα
1259 2098 1358 2166 μὲν
1393 2096 1647 2168 βασιλεὺς
1665 2096 1980 2166 δοκιμάζων
2002 2097 2098 2149 ἑκ-

513 2198 675 2257 εῖνον,
692 2192 808 2263 ἅμα
832 2191 888 2244 δὲ
915 2190 1010 2244 καὶ
1035 2186 1498 2256 ὑποποιούμενος,
1525 2184 1618 2239 τὸν
1652 2183 1830 2253 μέγαν
1859 2185 2099 2250 ἄρχοντα

514 2287 846 2358 πέμπων,ὃς
865 2278 934 2356 ἦν
952 2287 978 2338 ὁ
1002 2281 1320 2354 Μαρούλης,
1337 2281 1411 2343 ὡς
1438 2281 1535 2350 μὲν
1560 2278 1787 2342 ἐκεῖνον,
1817 2277 1891 2337 ὡς
1915 2275 1972 2328 δὲ
2002 2273 2100 2342 τὴν

519 2467 824 2524 manifestis
874 2460 1214 2517 adversariis
1254 2468 1308 2514 et
1334 2456 1844 2513 rentumacissimis
1884 2454 2104 2509 rebelli-

515 2565 642 2618 bus.
673 2559 942 2613 Nimirum
981 2556 1087 2611 hoc
1118 2553 1423 2624 spectabat.
1457 2558 1517 2605 ιιι
1564 2550 1725 2605 istius
1776 2547 2103 2603 defectionis

516 2652 828 2725 Mpyrigerii
869 2664 1088 2704 omnem
1111 2663 1143 2703 a
1174 2662 1235 2702 se
1273 2646 1327 2700 in
1360 2646 1514 2699 illum
1546 2642 1810 2698 invidiam
1859 2650 1970 2694 tam
2004 2654 2102 2709 pa-

517 2747 670 2803 tienti
731 2741 1107 2799 moderatione
1146 2744 1442 2801 averteret,
1500 2749 1731 2805 sperans
1757 2731 2105 2802 iudicaturos

515 2844 752 2893 cunctos
798 2834 1002 2889 nullam
1040 2846 1068 2884 a
1099 2846 1160 2887 se
1219 2830 1318 2900 illi.
1340 2828 1693 2883 occasionem
1752 2825 1941 2878 datam
1992 2829 2102 2875 tam

522 2932 737 2998 ingrate
770 2942 832 2981 ae
856 2923 1151 2995 perfidiose
1180 2936 1240 2976 se
1264 2920 1510 2991 gerendi.
1530 2915 1776 2971 Tandem
1826 2923 1941 2969 tres
1982 2912 2107 2967 illos

516 3038 656 3091 quos
687 3019 798 3074 dixi
826 3019 944 3071 dies
982 3022 1232 3069 moratus
1266 3013 1320 3066 in
1352 3011 1469 3066 salo
1491 3006 1883 3091 Mpyrigerius,
1912 3013 2106 3059 exorto

519 3088 687 3166 noctu
714 3120 879 3164 vento
927 3107 1006 3161 illi
1047 3105 1288 3175 propitio
1318 3103 1437 3157 vela
1464 3088 1668 3156 faciens
1705 3101 1772 3153 ad
1809 3098 2106 3153 Catelanos

2202 554 2310 589 νων
2344 538 2690 605 προέλευσιν.
2737 538 2874 591 Ἀλλ’
2908 541 2942 608 ἠ
2999 540 3099 607 μὲν
3148 541 3460 610 ἐσκήπτετο
3496 541 3655 594 νόσον
3695 544 3795 595 καὶ

2201 628 2263 680 τὸ
2302 628 2376 697 μὴ
2403 629 2689 693 δύνασθαι,
2722 630 2753 682 ὁ
2780 631 2837 684 δὲ
2870 632 3171 701 προφανῶς
3199 633 3446 701 enim;
3475 635 3573 686 καὶ
3590 635 3793 703 ὴφρον-

2200 719 2377 772 sistat
2415 720 2553 788 πρὸς
2584 720 2683 790 τὴν
2717 722 3080 792 μετάκλησιν,
3108 725 3176 777 τὰ
3210 724 3320 779 τῶν
3373 724 3712 777 Κατελάνων
3733 726 3794 779 δὲ

2203 808 2491 878 προῦτεινε
2537 810 2634 862 κα)⁸
2692 811 2792 873 τὰς
2838 813 3214 883 μισθοφορίας
3272 813 3506 885 ἀπῄτει,
3562 817 3637 886 μή
3670 831 3792 878 πως

2201 898 2434 970 ὲπαύροι
2484 900 2580 953 καὶ
2604 901 2790 964 αὐτὸς,
2815 902 3013 969 λέγων,
3043 904 3156 957 τῶν
3183 904 3281 957 ἀπ’
3327 905 3557 961 ἐκείνων
3582 908 3792 961 κακῶν.

2200 984 2370 1045 Ταῦτ’
2398 992 2583 1062 ’ἠκουε
2621 992 2897 1063 βασιλεὺς,
2930 997 3027 1049 καὶ
3049 992 3205 1060 αὖθις
3239 998 3596 1067 ἀντέπεμπεν
3625 997 3796 1063 ἀξιῶν

2199 1082 2438 1137 λαϐόντα
2471 1085 2571 1155 οὐχ
2594 1086 2719 1139 ὅσον
2769 1086 2975 1156 ἐζήτει,
3027 1088 3167 1143 ἀλλὰ.
3214 1089 3511 1153 τὸίκανὸν,
3550 1093 3796 1162 ἐκπερᾷ-θ

2199 1177 2322 1230 κατ’
2350 1177 2638 1248 ἀνατολήν.
2686 1177 2774 1241 Ὠς
2799 1178 2858 1231 δὲ
2898 1178 2994 1231 καὶ
3033 1181 3342 1249 προφάσεις
3371 1181 3562 1252 κύκλῳ
3597 1200 3796 1252 περιε-

2199 1265 2447 1333 ϐάλλετο,
2479 1271 2578 1323 καὶ
2617 1268 2694 1332 ὡς
2745 1269 2808 1322 οὐ
2841 1268 3255 1341 διαχειμεριοῦν
3291 1272 3433 1326 κατὰ
3480 1272 3636 1326 δύσιν
3664 1272 3796 1344 βού-

2198 1359 2367 1425 λοιτο,
2401 1359 2632 1429 ἀπορῶν
2679 1359 2849 1414 αὐτοῦ
2879 1361 2988 1414 τῶν
3018 1362 3377 1433 ἐπιτηδείων,
3405 1363 3657 1417 ἐντεῦθεν
3690 1365 3794 1435 βα-
3870 1422 3871 1425 η

2200 1454 2382 1517 et).ng
2419 1454 2518 1523 τὴν
2571 1453 2800 1508 ἐκείνων
2832 1455 3195 1509 ὲπισύστασιν
3230 1456 3301 1527 ἢν
3332 1456 3665 1511 ὑπώπτευεν
3690 1461 3788 1512 ὲκ-

2196 1545 2562 1615 τρεπόμενος,
2619 1544 2717 1597 τοῦ
2777 1545 2877 1616 μὲν
2924 1546 3112 1600 καλεῖν
3162 1548 3259 1600 καὶ
3303 1545 3465 1611 αὖθις
3512 1550 3793 1619 ἀπέσχετί

2199 1634 2340 1737 (ᾔδει
2361 1634 2476 1737 γὰρ
2500 1634 2561 1687 οὑ
2590 1636 2843 1702 πείσων),
2878 1636 3046 1690 αὑτὸν
3071 1637 3117 1689 δ’
3142 1638 3207 1690 ὲκ
3233 1637 3345 1691 τῶν
3367 1639 3599 1693 eiusme
3620 1641 3791 1708 ἐγω-

2200 1726 2398 1796 σμένον
2424 1727 2526 1797 τὴν
2559 1727 2667 1780 τῶν
2701 1728 2852 1781 ἰδίων
2881 1729 3190 1801 θεραπείαν
3227 1730 3335 1783 τῶν
3364 1731 3669 1802 βασιλικῶν
3704 1734 3792 1785 ὲν-

2124 1830 2163 1882 B
2197 1821 2366 1874 τολῶν
2395 1824 2529 1891 περὶ
2557 1821 2810 1876 πλείστου
2853 1822 3210 1894 ποιούμενον,
3264 1826 3496 1895 συχνοὺς
3527 1825 3789 1897 πέμπων,

2203 1916 2528 1984 προσποιεῖν
2558 1914 2744 1986 ἐαυτῷ
2778 1917 3062 1987 ἐπειρᾶτο,
3100 1917 3523 1988 προτεινόμενος
3558 1921 3658 1988 μὲν
3688 1918 3790 1988 βσ-

2202 2002 2409 2056 σιλιςκον
2459 2003 2680 2074 ἀξίωμα
2718 2005 2779 2058 τὸ
2835 2006 2933 2059 τοῦ
2981 2008 3305 2078 Καίσαρος,
3367 2010 3705 2080 παραδιδοὺς
3732 2012 3794 2064 δὲ

2201 2095 2297 2147 καὶ
2331 2095 2514 2148 πᾶσαν
2566 2094 2755 2164 χώραν
2807 2097 3080 2168 ἀνατολῆς
3127 2100 3270 2171 πλὴν
3321 2101 3430 2154 τῶν
3462 2102 3796 2172 περιφανῶν

2202 2186 2575 2256 πολισμάτων,
2607 2189 2703 2241 καὶ
2741 2188 3125 2260 αὐτοκράτορα
3172 2191 3482 2262 στρατηγὸν
3515 2192 3792 2263 καθιστᾷν

2204 2275 2657 2345 ὑπισχνούμενος.
2706 2276 2871 2332 Ἀλλὰ
2915 2280 3010 2333 καὶ
3036 2278 3116 2350 τῷ
3146 2281 3238 2334 ὑπ’
3287 2281 3452 2336 αὐτὸν
3480 2281 3599 2351 λαῷ
3619 2283 3703 2337 τὰ
3722 2284 3800 2336 εἰ·

2206 2451 2327 2519 ejus
2360 2449 2523 2522 506
2568 2466 2814 2519 socrum,
2868 2455 2937 2509 ad
2975 2455 3166 2513 urbem
3206 2459 3491 2526 invitaret,
3523 2469 3799 2531 praetextu

2206 2543 2505 2609 apparendi
2528 2557 2716 2596 secum
2745 2544 2800 2597 in
2824 2559 3027 2614 pompa
3048 2548 3443 2615 solemnitatis,
3466 2565 3588 2621 quae
3612 2551 3801 2607 insta-

2207 2631 2319 2696 bat,
2352 2631 2706 2703 Epiphaniae.
2768 2635 2892 2691 llaec
2925 2636 3126 2692 festum
3179 2639 3447 2694 luminum
3481 2642 3729 2695 vocitari
3769 2658 3797 2695 a

2206 2721 2413 2778 Graecis
2431 2726 2596 2781 solet.
2620 2726 2701 2781 Ad
2725 2743 2851 2798 qua:
2882 2728 2976 2782 illa
2999 2729 3221 2799 quidem
3249 2746 3522 2785 excusans
3536 2734 3794 2786 morbum

2208 2830 2369 2886 posse
2399 2832 2459 2872 se
2497 2818 2816 2876 iter-facere
2857 2825 3104 2892 negavit,
3137 2822 3232 2877 ille
3264 2834 3446 2879 autem
3486 2825 3672 2892 palam
3709 2839 3793 2880 re-

2211 2909 2357 2975 nuit,
2399 2924 2590 2979 parum
2624 2926 2687 2966 se.
2713 2927 2917 2968 curare
2966 2913 3354 2969 invitationem
3400 2914 3556 2969 istam
3603 2926 3795 2969 osten-

2208 3001 2381 3068 dens;
2475 3004 2579 3057 sub
2660 3020 2785 3075 qua:
2860 3006 3194 3061 memoravit
3255 3007 3391 3060 iram
3489 3005 3793 3062 Catelano-

2211 3108 2333 3147 rum
2379 3093 2451 3149 ob
2481 3096 2760 3165 repulsam
2812 3112 3103 3167 nuperum,
3153 3098 3421 3168 petiitque
3479 3099 3622 3155 solvi
3693 3103 3793 3155 sti-

448 3253 456 3262 .
511 3203 764 3274 Gallipoli
806 3165 1251 3256 considentes-ea
1281 3194 1635 3250 festinatione
1669 3190 1953 3246 contendit
1988 3165 2171 3258 quaC
2203 3186 2403 3254 pendia
2458 3187 2600 3256 ipsis
2653 3165 2908 3258 debita
2966 3192 3022 3244 ni
3080 3165 3229 3246 enim
3293 3165 3346 3246 id
3412 3190 3586 3257 fleret,
3646 3193 3793 3248 ltand

518 3298 615 3349 hos
668 3293 953 3348 famelicus
993 3291 1059 3343 ad
1116 3288 1308 3343 silvam
1346 3300 1609 3357 pascnam
1663 3283 1896 3352 rapitur.
1941 3278 2098 3335 Tune

515 3390 750 3459 denique
779 3387 1081 3456 imperator
1130 3383 1306 3437 sensit
1357 3379 1654 3435 manifesto
1693 3394 1754 3434 se
1795 3378 2048 3432 delusum
2080 3396 2095 3443 ;

518 3495 824 3550 magnaque
862 3479 954 3530 illa
980 3516 993 3537 ,
1029 3476 1121 3545 qui
1159 3489 1358 3530 secure
1393 3475 1657 3528 hactenus
1714 3472 2096 3535 indormierat,

518 3573 585 3626 de
630 3569 936 3625 Rontzerio
979 3576 1088 3621 tam
1131 3576 1254 3619 arta
1286 3566 1390 3621 sibi
1429 3564 1842 3620 necessitudine
1872 3564 2098 3617 admoto

523 3661 719 3716 ﬁducia
750 3659 1071 3713 labefactari
1120 3673 1183 3711 ac
1228 3658 1449 3711 concuti
1481 3664 1660 3727 empta
1683 3663 1788 3710 est.
1832 3653 1968 3707 Nam
2006 3668 2101 3708 ne-

519 3769 628 3824 que
678 3751 771 3806 ille
818 3751 1111 3820 quiescere
1173 3750 1558 3811 nuntiabatur,
1603 3760 1752 3801 nunc
1788 3746 2096 3814 Callipolim

512 3846 666 3899 'fossa
708 3842 926 3897 munire
983 3842 1248 3903 auditus,
1299 3856 1447 3895 nunc
1505 3838 1681 3893 ferrea
1731 3847 1928 3908 portus
1951 3837 2100 3892 illius

512 3935 779 4005 repagula
809 3931 1094 4005 frangere,
1130 3947 1278 3986 nunc
1309 3931 1551 3999 denique
1597 3944 1853 4000 magnam
1888 3929 2102 3982 anima-

518 4029 652 4083 lium
687 4027 888 4081 caedem
923 4027 1126 4087 facere,
1165 4041 1400 4097 quorum
1427 4023 1607 4079 sitlitis
1635 4023 1899 4077 carnibus
1932 4035 2100 4075 naves

517 4121 838 4189 compleret,
881 4132 1029 4171 nunc
1080 4118 1410 4171 immensam
1450 4114 1713 4169 frumenti
1743 4114 1960 4182 copiam
2002 4125 2099 4164 co-

517 4229 646 4284 gere
676 4220 730 4265 et
758 4226 928 4281 panes
958 4225 1021 4264 ex
1059 4211 1161 4263 hoc
1186 4208 1438 4263 nauticos
1466 4206 1674 4277 ingenti
1697 4207 1855 4274 copia
1884 4217 2097 4273 parare.

519 4304 698 4374 Super
725 4302 808 4356 his
831 4310 886 4357 et
910 4300 1045 4355 illud
1066 4299 1369 4363 ferebatur,
1391 4299 1628 4368 majores
1665 4295 1899 4351 eundem
1937 4292 2101 4348 solito

517 4394 691 4450 videri
747 4393 974 4462 spiritus
1025 4393 1369 4459 sumpsisse;
1435 4404 1633 4458 resque
1697 4388 1832 4458 jam,
1888 4400 1999 4440 non
2042 4392 2101 4437 ut

2201 3276 2393 3345 procul
2452 3291 2513 3332 se
2558 3278 2753 3335 abesse
2783 3280 3104 3350 aqpericnlo
3145 3282 3331 3352 magni
3365 3282 3435 3337 ab
3475 3283 3608 3351 ipsis
3665 3285 3791 3338 mali

2187 3370 2461 3437 .patiendi.
2500 3370 2594 3424 His
2622 3371 2908 3443 Augustus
2938 3373 3143 3428 auditis
3169 3389 3368 3430 rursus
3406 3375 3558 3431 misit
3582 3390 3792 3447 rogans

2200 3459 2562 3516 Rontzerinm
2591 3474 2649 3516 ut
2677 3464 2813 3520 satis
2840 3466 3119 3535 acciperet
3138 3481 3249 3521 non
3270 3482 3538 3522 summam
3566 3470 3794 3537 quidem

2203 3552 2475 3622 integram
2500 3555 2726 3623 petitam
2765 3570 2796 3608 a
2822 3555 3124 3621 Catelanis,
3160 3556 3517 3612 excedentem
3552 3557 3792 3612 faculta-

2206 3654 2308 3707 tes,
2339 3645 2435 3698 sed
2467 3653 2737 3714 quantum
2767 3646 3132 3717 suppeditare
3169 3663 3389 3703 suntme
3432 3660 3638 3703 conatu
3668 3666 3793 3719 pos-

2203 3744 2309 3800 set,
2346 3736 2478 3789 dum
2504 3751 2569 3790 eo
2603 3748 2831 3807 accepto
2859 3738 3053 3793 statim
3088 3740 3376 3809 navigaret
3404 3723 3792 3795 inOrientales

2204 3835 2434 3883 tractus.
2508 3825 2687 3899 Super
2726 3845 2794 3885 ea
2846 3832 3236 3901 prepositione
3282 3832 3611 3887 Rontzerius
3673 3846 3793 3885 sese

2202 3922 2607 3991 con‘lorquens,
2630 3933 2687 3977 et
2728 3923 2879 3977 circa
2921 3927 3138 3986 orbem,
3166 3926 3315 3994 quod
3337 3923 3516 3988 aiunt,
3547 3938 3791 3994 evagatis

2202 4015 2524 4070 ohtcntibus
2549 4017 2888 4084 quaerendis,
2921 4019 3211 4086 praecisum
3250 4032 3572 4087 responsum
3589 4016 3793 4070 obum-

2205 4106 2349 4170 brat,
2385 4121 2495 4160 non
2531 4107 2896 4162 dissimulans
2925 4107 3218 4162 hibernare
3246 4122 3304 4162 se
3323 4109 3376 4161 in
3394 4104 3636 4162 Occidna
3658 4121 3793 4161 con-

2205 4196 2401 4253 tinenti
2424 4197 2583 4261 velle,
2628 4197 2721 4253 ubi
2750 4197 3091 4253 frumentum
3123 4198 3194 4252 ad
3248 4198 3454 4252 victum
3482 4211 3590 4250 non
3612 4180 3791 4253 heca-

2205 4302 2312 4356 set,
2342 4291 2569 4346 minime
2592 4299 2778 4347 autem
2813 4289 3181 4346 transfretare
3220 4290 3273 4344 in
3306 4289 3518 4354 Asiam,
3547 4287 3664 4355 ubi,
3685 4303 3792 4358 quo

2203 4392 2347 4439 statu
2411 4399 2501 4439 res
2534 4393 2747 4448 essent,
2783 4382 2889 4438 sibi
2931 4382 3078 4437 foret
3114 4396 3181 4437 ae
3211 4381 3328 4436 suis
3374 4379 3519 4433 fame
3550 4394 3789 4451 pereun-

518 4489 693 4542 alieno
719 4485 1031 4554 subjectum
1077 4482 1332 4552 imperio,
1359 4482 1454 4536 sed
1500 4491 1558 4535 ιιι
1587 4495 1909 4551 supremum
1951 4478 2101 4533 arbi-
2132 4502 2175 4555 υ
2202 4478 2356 4533 dum.
2390 4474 2486 4530 llis
2508 4475 2731 4530 demum
2765 4474 3169 4546 experimentis
3197 4473 3457 4528 inductus
3490 4471 3792 4540 imperator

519 4590 663 4633 trum
706 4592 917 4647 gerere.
943 4575 1157 4641 Quibus
1185 4590 1253 4629 ex
1290 4574 1511 4628 indiciis
1545 4586 1717 4643 prona
1753 4578 1874 4627 erat
1911 4571 2096 4637 suspi-

516 4676 604 4727 cio
639 4670 948 4726 machinari
1005 4667 1156 4720 illum
1200 4667 1587 4729 rebellionem,
1640 4667 1996 4734 quantumvis
2044 4663 2095 4716 id

519 4767 771 4820 studiose
813 4760 1210 4816 dissimularet.

520 4882 607 4937 16.
641 4876 861 4949 Legatis
900 4874 1236 4949 imperatoris
1267 4874 1349 4949 ad,
1371 4872 1712 4949 Routzeritttn
1753 4874 2097 4949 quimnguus

695 4944 803 5003 dux
829 4944 1026 5014 fuerat,
1053 4957 1099 4998 et
1119 4946 1316 4998 oblatio
1335 4948 1593 4996 btrsarea:
1616 4944 1916 5012 dignitatis.
1947 4987 1962 5005 ,

519 5041 606 5095 17.
655 5039 971 5092 Jurnmenta
995 5037 1334 5106 imperatoris
1377 5035 1580 5106 quibus
1612 5051 1666 5089 se
1717 5034 2001 5106 obstrinxit
2051 5033 2099 5085 ei

588 5126 739 5179 quem
768 5100 1030 5161 Caesarem
1055 5100 1349 5169 constituit,
1374 5100 1421 5157 et
1445 5105 1641 5174 legatio
1665 5104 1734 5157 aa'
1759 5104 2025 5157 eumdem.

588 5222 825 5276 Credere
882 5219 987 5272 hoe
1056 5226 1323 5272 cunetans
1386 5218 1725 5285 imperator,
1796 5217 2098 5284 persuasus

519 5327 572 5368 et
615 5313 733 5383 ipse
781 5310 1001 5364 tandem
1038 5320 1120 5364 est
1169 5326 1233 5362 ex
1297 5309 1364 5362 iis
1413 5325 1534 5378 quae
1590 5317 1674 5361 est
1722 5309 1838 5378 ipse
1896 5323 1992 5376 per
2040 5322 2100 5361 se

519 5417 800 5476 expertus.
865 5401 1001 5456 Nam
1076 5402 1274 5473 partim
1345 5412 1401 5456 nt
1464 5403 1779 5471 exploraret
1851 5400 2098 5454 animum

520 5498 833 5560 Boutzerii,
880 5497 1073 5566 partim
1126 5504 1185 5547 ut
1245 5510 1407 5556 eunt,
1465 5497 1549 5548 vel
1605 5495 1651 5548 si
1735 5496 1878 5548 forte
1940 5509 2101 5546 aver-

521 5610 679 5657 sum,
760 5588 922 5645 novis
982 5588 1372 5642 blandimentis
1449 5589 1748 5649 deliniret,
1803 5589 1955 5641 misit
2029 5586 2098 5640 ad

526 5689 672 5739 illum
724 5698 989 5765 .magnum
1041 5691 1327 5752 przeterem
1388 5678 1650 5734 Marnlem
1677 5718 1692 5739 ,
1729 5680 1820 5748 qui
1863 5694 1964 5734 suo
1996 5696 2098 5732 nec

524 5792 669 5831 nunc
696 5786 749 5831 et
797 5773 1147 5829 liontzerium
1204 5773 1380 5841 ipsum
1420 5782 1473 5825 et
1525 5775 1755 5839 Augusti
1792 5786 2099 5847 sororem,

2200 4569 2267 4622 ad
2300 4567 2707 4637 suspicandum
2754 4574 2839 4622 est
2884 4565 3141 4621 meditari
3183 4563 3548 4620 dcfectioncm
3576 4560 3793 4617 Catela-

2198 4676 2325 4724 nos,
2353 4659 2514 4727 cujus
2543 4659 2859 4714 avertendae
2878 4673 3041 4726 spem
3089 4656 3234 4712 haud
3261 4664 3418 4710 ratus
3441 4655 3792 4709 constituen-

2201 4754 2325 4805 dam
2389 4752 2443 4805 in
2476 4750 2831 4807 accersendis
2875 4749 2947 4804 ad
3000 4763 3064 4805 se
3093 4747 3331 4803 ducibus
3361 4761 3593 4809 eorum,
3646 4759 3790 4815 quos

2199 4845 2339 4898 satis
2363 4850 2528 4897 norat
2552 4843 2782 4896 minime
2809 4850 3092 4904 venturos,
3118 4838 3246 4893 aliis
3275 4838 3381 4892 sibi
3417 4838 3628 4906 putavit
3661 4838 3791 4890 ado-

2207 4934 2461 4988 riendum
2502 4932 2872 4988 Rontzerium
2907 4929 3201 4993 machinis,
3236 4929 3382 4982 haud
3430 4930 3592 4996 plane
3637 4929 3792 4980 inex-

2204 5025 2558 5095 pugnabilem
2585 5024 2749 5079 donis
2781 5022 3194 5093 honoribusque
3221 5021 3354 5076 alias
3376 5031 3659 5089 expertus.
3689 5018 3791 5072 Per

2214 5118 2410 5173 multos
2429 5131 2561 5188 ergo
2582 5116 2651 5172 ad
2678 5131 2804 5171 eum
2837 5115 3100 5186 allegatos
3128 5113 3416 5184 proposuit
3442 5128 3505 5169 se
3534 5120 3785 5182 paratum

2210 5212 2287 5264 illi
2320 5209 2574 5265 conferre
2625 5207 2950 5279 dignitatem
2974 5206 3306 5268 Cazsaream.
3337 5206 3643 5274 cedereque
3670 5204 3784 5273 jam

2211 5320 2358 5358 nunc
2420 5318 2485 5357 ac
2509 5303 2686 5372 plena
2741 5301 2918 5370 ipsius
2977 5299 3237 5369 potestati
3295 5298 3611 5352 condonare
3660 5295 3788 5347 uni-

2209 5409 2425 5449 vcrsum
2460 5386 2697 5449 tractum
2729 5390 3097 5454 Orientalem,
3121 5390 3366 5459 exceptis
3393 5386 3787 5443 celebriorihus

2212 5492 2462 5552 tn-hihus,
2496 5497 2555 5543 ιιι
2579 5504 2681 5544 suo
2707 5488 2818 5541 illic
2842 5486 3073 5541 arbitrio
3091 5495 3352 5554 tanquam
3371 5494 3664 5552 supremus
3683 5477 3783 5531 ουρ

2212 5584 2394 5635 minus
2418 5597 2483 5633 ac
2528 5581 2834 5648 imperator
2862 5588 3063 5631 cuneta
3106 5575 3520 5632 administraret
3549 5588 3566 5626 :
3593 5570 3684 5626 sed
3731 5577 3786 5622 et

2209 5672 2478 5727 mititibus
2529 5672 2703 5742 ipsius
2758 5685 2818 5724 se
2869 5668 3223 5737 provisurum
3282 5666 3556 5736 stipendia
3604 5660 3785 5717 etali-

2216 5776 2437 5833 menta,
2513 5762 2675 5817 modo
2723 5762 2890 5816 certis
2941 5770 3129 5830 posset
3200 5760 3266 5814 de
3350 5759 3453 5813 fide
3514 5772 3575 5811 ac
3642 5753 3784 5806 bono
