4046 6414
393 409 498 474 557

1335 412 1433 477 DE
1471 409 1913 475 ANDRONICO
1950 410 2413 478 PALEOLOGO
2438 417 2586 478 LIB.
2628 419 2730 483 VI.

3565 417 3672 485 558

392 527 528 580 κᾶτα
558 525 712 594 ἔλεγε
742 526 1047 599 πολυωρετν
1071 528 1167 582 καὶ
1202 529 1453 600 χρήμασι
1482 533 1577 582 καὶ
1597 531 1892 591 δαπάναις,
1924 530 1972 581 εἰ
2005 537 2048 590 Α
2078 528 2209 596 γοῦν
2234 532 2423 599 συχνοὶ
2450 532 2541 584 ἐπὶ
2572 527 2786 595 τούτοις
2819 530 3155 600 ἐπέμποντο,
3184 528 3294 584 ἔδει
3321 529 3378 583 δὲ
3407 529 3673 584 κάκεῖθεν

397 619 557 687 μόνον
593 622 662 672 τά
689 620 858 694 πιστά
890 622 1047 689 σχοίη
1083 618 1158 684 ὡς
1173 621 1412 674 εὐνοοῖεν
1432 625 1545 683 τοῖς
1574 622 1673 690 τῆς
1695 618 1975 690 βασιλείας

391 710 736 781 πράγμασιν.
774 713 984 764 Αὐτίκα
1016 712 1077 765 δὲ
1102 712 1636 784 διαπεραιουμένους
1668 713 1756 765 ἐπ’
1779 713 1977 765 ἀνατο-

389 802 489 870 λῆς
516 803 691 855 εἴκοσι
724 802 930 872 χιλιάσι
963 805 1191 872 χρυσίου
1227 806 1323 857 καὶ
1350 806 1692 875 τριακοσίοις
1719 805 1975 873 χιλιάδων

397 893 601 965 μοδίοις
636 898 884 959 τοπικοῖς
907 897 1058 949 σίτου
1080 897 1377 967 δωρεῖσθαι
1405 897 1855 966 καθυπισχνεῖτο.
1882 896 1977 949 καὶ

389 987 486 1041 τοῦ
513 988 704 1041 λοιποῦ
758 990 925 1060 μηδὲν
969 991 1176 1043 ἀνεῖναι
1206 990 1302 1043 καὶ
1341 987 1499 1051 αὖῦις
1544 989 1613 1042 τὰ
1647 987 1846 1042 εἰκόταί
1878 1007 1976 1041 πο-

391 1080 642 1152 λυωρεῖν.
670 1082 859 1136 Ταῦτα
883 1086 1067 1153 συχνοὶ
1098 1083 1450 1152 πεμπόμενοι
1480 1081 1853 1152 παρεδήλουν,
1878 1085 1976 1135 καὶ

392 1172 603 1227 τούτων
631 1175 1061 1245 προσανετίθουν
1090 1175 1159 1230 τὰ
1186 1175 1419 1229 πλεῖστα
1452 1178 1518 1246 τῇ
1569 1175 1664 1228 τοῦ
1701 1175 1969 1245 βασιλέως

393 1264 601 1337 ἀδελφῇ
634 1266 719 1339 [Ρ.
746 1267 874 1340 555]
898 1270 1077 1323 ἐκεῖσε
1111 1269 1206 1322 καὶ
1228 1269 1314 1322 Eri.
1340 1268 1616 1339 παρούσῃ,
1651 1268 1746 1321 καὶ
1773 1266 1976 1337 μᾶλλον

395 1356 479 1411 ὅτι
509 1362 604 1414 καὶ
633 1362 688 1414 αἱ
718 1360 849 1431 περὶ
873 1360 1263 1429 Φιλαδελφείας
1294 1360 1525 1423 πύστεις
1555 1360 1719 1431 μέχρι
1747 1360 1842 1412 καὶ
1867 1359 1977 1410 τῶν

398 1450 609 1523 νεκρῶν
633 1452 693 1518 ἐξ
739 1452 948 1516 ἐνδείας
995 1454 1094 1507 καὶ
1145 1453 1242 1506 τοῦ
1276 1453 1693 1523 πολιορκεῖσθαι
1729 1451 1976 1522 ἅψασθαι

400 1546 858 1615 κατηγγέλλοντο.
890 1544 1061 1600 Οὐδὲν
1086 1547 1132 1600 δ’
1157 1548 1371 1601 ὲκεῐθεν
1405 1547 1538 1602 ἄλλο
1566 1547 1803 1617 ἠκούετο
1834 1546 1868 1617 ἢ
1919 1547 1974 1599 αἱ

403 1638 774 1710 μισθοφορίαι,
806 1640 902 1692 καὶ
933 1639 1009 1702 ὡς
1047 1641 1109 1692 τὸ
1142 1641 1353 1710 πλῆθος
1382 1640 1692 1694 ἀκάθεκτον
1722 1636 1783 1691 ὃν
1809 1639 1976 1701 αὐτὸς

397 1730 652 1800 κατέχειν
676 1732 770 1784 καὶ
794 1730 987 1800 ἄγχειν
1007 1731 1070 1785 οὐ
1099 1730 1344 1798 δύναται,
1368 1732 1466 1786 καὶ
1501 1730 1577 1794 ὡς
1603 1733 1650 1784 εἰ
1683 1731 1760 1802 μὴ
1791 1720 1974 1801 δοθείη

396 1822 460 1875 τὸ
497 1822 927 1893 ἀπαιτούμενον,
958 1823 1072 1877 οὐδ’
1099 1824 1264 1888 αὐτὸς
1294 1824 1354 1878 ἐν
1387 1824 1625 1894 ἀσφαλεῖ
1651 1823 1831 1887 ἔσται,
1882 1826 1979 1877 καὶ

2081 623 2212 685 τοὺς
2241 622 2555 693 μηνύτορας
2588 620 2933 691 πέμπεσθαι,
2981 620 3162 684 οὐδεὶς
3206 617 3276 692 ἦν
3322 621 3461 687 πρὸς
3513 620 3671 673 ταῦθ’

2082 711 2276 784 ἔτερος
2324 714 2373 765 εί
2423 714 2498 782 μὴ
2544 715 2572 765 ὁ
2623 714 2843 776 οίκείως
2872 712 3230 784 ἐξυπηρετῶν
3264 715 3333 783 τῇ
3364 713 3458 765 τοῦ
3505 713 3672 767 Ἀσάν

2083 802 2516 875 Κανναὸούριος,
2575 803 2652 867 ὃς·
2683 806 2780 859 καὶ
2839 805 2966 858 ἐπεὶ
3014 804 3277 866 πολλάκις
3323 805 3540 857 ἐκεῖθεν
3569 798 3672 857 ὦδε

2083 893 2389 947 κάντεῦθεν
2415 897 2532 948 ἐκεῖ
2555 896 2942 965 παραγένοιτο,
2978 896 3134 959 τέλος
3173 895 3440 963 ἀσφαλεῖς
3472 895 3559 964 ἐφ’
3589 892 3672 960 οἷς

2085 988 2422 1058 προσέταττε
2457 987 2714 1057 βασιλεὺς
2756 989 2860 1051 τὰς
2891 987 3107 1051 πίστεις
3139 987 3326 1057 ζητεῖν
3380 988 3673 1058 ἐφειμένον

2083 1078 2272 1146 ἔλεγεν
2304 1079 2472 1150 ἔχειν,
2496 1080 2666 1133 αὐτὸν
2696 1079 2744 1132 δ’
2772 1080 2983 1134 ἐκεῖνον
3010 1080 3111 1152 τὴν
3133 1079 3487 1149 ἀντωμοσίαν
3523 1098 3673 1149 παρ-

2084 1167 2232 1238 έχειν
2260 1170 2354 1221 ἐπὶ
2395 1170 2692 1238 προσώπου
2727 1170 2821 1224 τοῦ
2849 1171 3296 1234 ἀποστείλαντος,
3331 1171 3588 1240 γενέσθαι
3614 1173 3674 1225 δὲ

2083 1264 2181 1312 καὶ
2209 1260 2310 1324 τὰς
2335 1263 2688 1331 ὁρκωμοσίας
2729 1262 2825 1316 ἐπὶ
2860 1263 3141 1335 παρουσίᾳ
3181 1267 3283 1334 τῆς
3308 1264 3499 1334 τιμίας
3527 1266 3672 1319 siad-

2084 1367 2174 1413 vo;
2197 1351 2299 1421 τῆς
2329 1351 2698 1424 Θεομήτορος,
2742 1355 2859 1424 Ἐφ’
2893 1352 2975 1418 οἷς
3006 1355 3207 1410 αὐτίκα
3255 1356 3352 1409 τοῦ
3399 1356 3673 1427 βασιλέως

2085 1445 2544 1512 κατανεύσαντος,
2563 1450 2660 1502 καὶ
2695 1449 2900 1518 μᾶλλον
2928 1449 3011 1503 ὅτι
3044 1452 3139 1504 καὶ
3165 1451 3193 1503 ὁ
3217 1449 3309 1502 τοῦ
3339 1449 3669 1522 Θευδερίχου

2084 1536 2313 1604 ἀδελφὸς
2346 1541 2412 1591 ἐκ
2436 1538 2647 1602 νοθείας
2669 1541 2727 1592 ἐν
2749 1540 2913 1593 ναυσὶ
2932 1541 3326 1611 τρεισκαίδεκα
3345 1542 3669 1614 περιπλέειν

2084 1629 2384 1697 ἠγγέλλετο
2403 1631 2496 1683 καί
2521 1645 2675 1694 τινας
2694 1632 3059 1704 κατατρέχειν
3093 1635 3205 1687 τῶν
3226 1634 3410 1703 νήσων
3439 1635 3536 1688 καὶ
3565 1638 3671 1690 ἀνὰ

2086 1722 2286 1794 κράτος
2311 1722 2538 1785 κακοῦν,
2569 1723 2812 1794 πέμπειν
2848 1740 2907 1777 τε
2957 1725 3052 1779 καὶ
3100 1726 3243 1796 πρὸς
3293 1727 3543 1791 ἐκείνους
3573 1733 3671 1782 καὶ

2034 1818 2039 1819 “
2088 1811 2244 1875 αὖθις
2273 1818 2407 1885 παρ’
2441 1815 2671 1868 ἐκείνων
2688 1812 2993 1884 λαμϐάνειν
3026 1817 3351 1886 μηνύματα,
3382 1818 3670 1875 τελοῦνται

401 1914 605 1984 μᾶλλον
633 1888 753 1985 ὅσῳ.
780 1916 893 1977 τοῖς
915 1888 1242 1984 ’ἀξιώμασιν
1275 1888 1770 1989 ὑπερηφανεύοιτο.
1791 1915 1978 1968 Ταῦτα
2012 1888 2055 1942 Β
2090 1905 2188 1971 μὲν
2219 1905 2395 1978 ὅρκοι,
2437 1905 2551 1977 (ιζ’)
2580 1907 2866 1975 πέμπεται
2886 1904 2944 1958 δὲ
2968 1906 3066 1959 καὶ
3091 1905 3178 1978 [Ρ.
3206 1907 3336 1980 354]
3366 1912 3394 1963 ὁ
3419 1909 3672 1981 Χοῦμνο;

397 2005 574 2072 λέγων
601 2004 761 2075 δῆλος
808 2001 878 2077 ἦν
906 2006 1141 2070 ἐκείνοις
1175 2007 1601 2078 προσκείμενος,
1636 2013 1735 2059 καὶ
1781 2005 1976 2076 θηρίου

399 2095 1049 2169 δυσμεταχειριστότερον
1070 2099 1230 2174 ξχων,
1262 2100 1331 2170 ἦν
1357 2118 1442 2163 τις
1481 2100 1838 2171 μεταπείθειν
1858 2102 1978 2152 ὲπι-

395 2192 633 2259 χειροίη,
666 2190 756 2244 διὰ
784 2190 884 2260 τὴν
930 2191 1114 2264 πηγὴν
1142 2191 1239 2246 τοῦ
1267 2194 1490 2266 φρονεῖν
1535 2192 1757 2255 πάντως
1813 2191 1981 2261 μήπω

395 2288 821 2360 κατηρτυμένην
848 2288 932 2352 είς
984 2287 1253 2359 ὑπηκόοις
1301 2288 1623 2360 πρέπουσαν
1670 2284 1844 2350 τάξιν.
1891 2285 1979 2346 Ὣς

398 2464 583 2518 animo
657 2462 876 2518 illorum
947 2479 1079 2535 erga
1148 2480 1308 2519 suum
1393 2465 1684 2535 imperium
1766 2466 1981 2520 Roma-

399 2571 640 2626 namque
716 2572 832 2611 rem
895 2557 1115 2612 indiciis
1191 2557 1536 2626 persuaderi.
1593 2556 1690 2613 liis
1750 2566 1977 2620 autem,

400 2649 559 2719 507
583 2650 768 2704 statim
795 2664 859 2704 ac
879 2650 1230 2716 traiecissent
1249 2650 1301 2703 in
1323 2646 1664 2705 Orientaiem
1689 2651 1981 2705 continen-

401 2748 532 2801 tem,
558 2741 749 2808 viginti
774 2756 835 2795 se
867 2743 1034 2794 millia
1065 2756 1415 2795 nummorum
1452 2756 1748 2796 aureorum
1781 2756 1979 2797 nume-

402 2828 508 2882 rari
531 2829 840 2896 iussurum,
872 2831 1148 2900 simulque
1176 2830 1507 2890 donaturum
1538 2838 1782 2886 trecenta
1811 2831 1979 2885 millia

400 2923 709 2977 modiorum
750 2923 917 2977 tritici
951 2938 1223 2978 mensurae
1254 2925 1500 2979 iocorum
1551 2924 1796 2986 illorum,
1828 2923 1982 2978 dein-

352 3054 357 3059 .
399 3029 641 3085 ccpsque
684 3017 740 3070 in
791 3014 1010 3071 c'unctis
1047 3018 1261 3071 caeteris
1296 3017 1489 3071 sedulo
1533 3026 1880 3078 curaturum,
1914 3030 1981 3069 ne

398 3106 699 3176 quidquam
753 3108 887 3177 ipsis
942 3110 1323 3163 necessarium
1373 3109 1607 3164 deesset.
1663 3107 1788 3164 llaec
1817 3108 1977 3170 varii,

397 3199 613 3261 utdixi.
642 3199 712 3254 ab
737 3201 1068 3270 imperatore
1084 3202 1153 3256 ad
1188 3201 1546 3256 Rontzerium
1566 3201 1800 3256 subinde
1827 3201 1980 3255 missi

399 3288 754 3351 nuntiabant.
811 3292 1078 3361 pleraque
1124 3295 1465 3361 deponentes
1525 3293 1668 3361 apud
1724 3307 1977 3346 sororem

400 3378 752 3448 imperatoris
802 3397 1023 3437 socrum
1074 3380 1377 3446 Bontzerii.
1422 3399 1489 3439 eo
1539 3384 1793 3439 videlicet
1847 3399 1984 3437 con-

399 3470 526 3526 silio
560 3485 626 3525 ac
655 3487 754 3541 spe
783 3482 844 3527 ut
886 3473 979 3528 illa
1012 3487 1256 3543 prmsens
1291 3489 1389 3544 pro
1421 3475 1835 3529 necessitudine
1866 3473 1978 3527 alii-

353 3594 359 3601 ο
398 3565 594 3619 uitatis
642 3573 697 3618 et
745 3564 924 3633 gratia
975 3579 1045 3618 ex
1091 3578 1153 3618 ea
1205 3564 1458 3631 privatim
1509 3580 1635 3620 eum
1675 3566 1985 3633 impelleret

356 3704 363 3709 .
399 3672 516 3727 quo
550 3656 831 3727 Angustus
863 3657 1110 3726 optabat.
1158 3655 1284 3712 Hinc
1315 3666 1466 3712 tanta
1501 3657 1707 3713 oﬂ'erre
1737 3658 1885 3713 nitro
1917 3673 1983 3713 ac

371 3750 555 3805 -veiut
587 3763 849 3819 oggerere
879 3758 1071 3803 extero
1099 3763 1204 3804 nec
1232 3749 1281 3804 ei
1312 3748 1421 3804 fido
1449 3749 1658 3803 homini
1687 3751 1984 3821 cogebatur

401 3839 705 3908 imperator
735 3840 921 3895 multis
947 3840 1361 3910 urgentissimis
1390 3842 1598 3895 causis.
1635 3839 1772 3894 Nam
1805 3842 1983 3910 primo

401 3931 474 3985 de
531 3930 904 4001 Philadelphia
959 3932 1323 3986 nuntiabatur
1375 3945 1403 3984 a
1462 3932 1655 3987 Persis
1703 3933 1983 3989 artissime

402 4024 654 4088 obsessa,
697 4027 858 4091 cujus
910 4025 1210 4078 liberandae
1240 4025 1390 4078 nulla
1425 4025 1641 4094 uspiam
1688 4027 1818 4080 alibi
1853 4041 1982 4095 spes

400 4123 552 4170 esset
594 4130 761 4183 quam
799 4116 857 4170 in
885 4117 1059 4186 copiis
1092 4113 1400 4178 Runtzerii,
1433 4124 1641 4170 tantam
1676 4117 1825 4171 intus
1871 4118 1983 4171 illic

359 4240 365 4245 ι
399 4204 642 4274 grassari
677 4205 874 4260 famem
900 4214 961 4258 ut
1001 4221 1032 4258 a
1062 4206 1422 4260 cadaveribus
1445 4213 1786 4259 mortuorum
1809 4207 1987 4261 ltomi-

403 4313 540 4350 num
604 4311 705 4366 pro
773 4298 900 4352 cibo
955 4297 1313 4353 absumendis
1376 4312 1485 4352 non
1554 4308 1977 4368 temperaretur.

398 4391 636 4444 Aliunde
687 4390 757 4444 ab
785 4390 1030 4445 exercitu
1065 4388 1345 4445 Routzerii
1377 4391 1513 4445 nihil
1545 4391 1691 4445 aliud
1724 4393 1829 4446 nisi
1862 4393 1981 4446 sine

403 4480 512 4534 fine
551 4482 760 4536 iteratae
801 4481 1204 4550 stipendiorum
1260 4482 1629 4553 “agitationes
1678 4485 1982 4539 audieban-

2087 1995 2388 2065 Θεόδωρος,
2410 1996 2552 2050 αὐτά
2580 2012 2638 2049 τε
2677 1996 2752 2050 τὰ
2771 1995 2867 2050 τοῦ
2898 1996 3177 2065 Καίσαρος
3208 1997 3456 2070 σύμϐολα
3486 2002 3671 2073 φέρων

2088 2087 2297 2150 καὶτὰς
2315 2086 2801 2156 χρυσοϐουλλείους
2826 2086 3045 2166 πίστεις
3069 2088 3169 2141 καὶ
3193 2088 3513 2160 νομίσματα
3536 2108 3670 2161 χρυ-

2090 2176 2253 2230 σίνων
2286 2178 2536 2247 χιλιάδας
2563 2178 2883 2247 τριάκοντα.
2926 2177 3008 2232 Τά
3061 2178 3119 2231 δὲ
3145 2178 3240 2233 τοῦ
3282 2182 3434 2233 σίτου
3461 2197 3671 2251 προην-

2085 2269 2429 2341 τρεπισμένα
2482 2265 2572 2339 ἦν,
2607 2269 2684 2332 ὡς
2710 2267 2996 2339 ἠλπίζετο,
3043 2271 3108 2322 ἐκ
3141 2271 3487 2341 συναγωγῆς.
3526 2270 3587 2323 Ei
3623 2268 3671 2324 δ’

2089 2452 2196 2507 bus
2243 2463 2494 2511 suorum,
2545 2446 2915 2517 privatimque
2968 2446 3073 2514 ipsi
3130 2447 3509 2503 satisfaciendi
3563 2448 3672 2505 alia
3721 2456 3727 2461 ’

2086 2546 2303 2600 ratione
2345 2556 2509 2609 quant
2547 2540 2713 2594 simul
2762 2539 3032 2608 cxplendo
3063 2538 3340 2595 desideria
3372 2541 3673 2596 Catelaun-

2089 2652 2234 2705 rum,
2305 2635 2613 2704 prmsertim
2651 2649 2772 2688 cum
2833 2639 3124 2702 appareret
3181 2633 3452 2703 iudicium
3520 2635 3674 2690 arbi-

2090 2731 2370 2799 triumque
2408 2727 2666 2783 intimum
2710 2725 2994 2780 Rontzerii
3041 2725 3284 2780 nondum
3320 2726 3672 2782 irrevocabili

2087 2822 2370 2892 proposito
2401 2819 2617 2875 addicta
2652 2818 2934 2888 obsequiis
2969 2819 3347 2888 imperatoris,
3380 2819 3477 2875 sed
3513 2835 3667 2889 qua-.-

2089 2931 2211 2971 rere
2240 2914 2420 2969 adhuc
2449 2923 2505 2968 et
2537 2912 2868 2976 deliberare,
2905 2911 3203 2981 ancipitem
3236 2925 3347 2981 quo
3395 2926 3454 2966 se
3496 2914 3675 2982 appli-

2088 3015 2264 3064 caret.
2345 3008 2474 3062 Hzec
2558 3006 2858 3060 durissima
2924 3005 3230 3060 necessitas
3309 3007 3668 3075 quantumvis

2088 3102 2320 3157 invitum
2366 3100 2550 3169 adegit
2593 3099 2968 3153 Andronicum
2996 3098 3062 3152 ad
3093 3097 3259 3153 unius
3284 3097 3524 3152 hominis
3550 3112 3675 3165 gra-

2090 3195 2222 3249 tiam
2274 3202 2382 3247 tant
2434 3206 2564 3248 caro
2622 3191 2963 3247 licitandztm.
3010 3191 3150 3247 Cum
3198 3191 3365 3261 igitur
3414 3191 3507 3246 ditt
3563 3206 3673 3246 non

2087 3294 2372 3341 cessarent
2402 3283 2718 3356 quotidiani
2749 3283 2922 3339 l'erme
2951 3284 3019 3337 ab
3048 3283 3173 3337 aula
3201 3283 3500 3339 convenire
3525 3281 3676 3338 Ron-

2084 3378 2322 3433 tzerium
2356 3392 2526 3446 super
2558 3378 2646 3434 bis
2673 3378 2914 3432 ministri
2947 3377 3176 3447 publici,
3210 3384 3267 3430 et
3295 3377 3346 3431 ei
3388 3378 3674 3446 proposita

2085 3472 2387 3540 placerent,
2431 3469 2678 3537 oportuit
2707 3478 2760 3523 et
2801 3468 2869 3523 ab
2905 3469 3028 3538 ipso
3059 3466 3228 3538 508
3256 3467 3555 3537 aliquando
3590 3484 3678 3523 re-

2087 3562 2283 3635 sponsi
2333 3562 2619 3633 quidpiam
2669 3560 2847 3618 reddi.
2898 3561 3175 3628 Quaesitus
3223 3569 3308 3616 est
3343 3561 3578 3617 idoneus
3620 3565 3673 3618 ei

2087 3656 2453 3726 perferendo;
2516 3670 2621 3710 nec
2685 3655 2827 3708 alius
2890 3653 3362 3708 accommodatior
3419 3662 3674 3724 repertus

2083 3747 2462 3808 Cannaburio.
2504 3746 2775 3802 fidissimo
2803 3744 3013 3799 famulo
3058 3744 3185 3800 filiae
3228 3745 3454 3811 Asanis,
3484 3746 3675 3801 uxoris

2089 3841 2398 3896 Rontzerii.
2448 3838 2551 3895 llic
2583 3841 2674 3895 ubi
2723 3839 2929 3908 saepius
2971 3838 3099 3893 talia
3136 3846 3381 3894 tractans
3409 3841 3554 3907 uitro
3591 3841 3675 3897 ci-

2064 3941 2289 4002 'troqtte
2328 3939 2720 3997 commcasset,
2769 3932 2993 3987 tandem
3026 3932 3141 3987 haec
3166 3934 3551 3988 conventionis
3582 3948 3676 3988 ca-

2088 4025 2199 4096 pita
2232 4033 2365 4080 sunt
2394 4039 2423 4077 a
2453 4022 2755 4079 Bontzerio
2785 4024 3095 4094 proposita,
3124 4032 3185 4077 ιιι
3214 4023 3518 4095 imperator
3543 4041 3677 4096 pro-

2088 4117 2384 4171 missorum
2464 4130 2691 4171 sttorum
2761 4124 3025 4184 quantam
3098 4116 3263 4170 vellet
3336 4117 3673 4175 iiontzerius

2086 4203 2561 4258 confirmationem
2617 4218 2682 4258 ac
2722 4203 3079 4258 securitatem
3127 4205 3306 4267 daret,
3337 4206 3458 4276 ipse
3486 4218 3672 4264 autem

2086 4295 2421 4351 Rontzeritts
2453 4295 2701 4350 vicissim
2749 4297 2913 4352 fidem
2959 4297 3208 4368 Augusto
3238 4301 3456 4368 iuraret
3484 4316 3671 4357 coram

2088 4389 2157 4442 ab
2191 4388 2284 4442 illo
2330 4388 2504 4442 misso
2534 4387 2600 4442 ad
2632 4388 2685 4443 id
2727 4397 3138 4444 sacramentum
3183 4392 3551 4461 exigendum;
3582 4395 3672 4464 iu-

2088 4489 2306 4535 raretur
2345 4489 2531 4536 autem
2586 4482 2656 4533 ab
2705 4482 2958 4551 utrisque
3010 4482 3243 4538 seorsint
3291 4485 3344 4538 in
3375 4500 3670 4557 conspectu

400 4581 516 4625 tur.
554 4572 675 4641 ipse
704 4574 957 4643 quotidie
986 4574 1267 4628 scribebat
1300 4575 1447 4629 haud
1479 4591 1562 4638 se,
1596 4577 1680 4631 vel
1713 4577 1759 4630 si
1791 4577 1980 4639 vellet.
2015 4616 2061 4670 ῃ
2089 4573 2417 4630 venerandae
2448 4575 2705 4644 imaginis
2748 4574 2843 4630 Dei
2875 4575 3085 4630 Matris.
3131 4576 3255 4632 Haec
3299 4593 3368 4633 eo
3396 4581 3671 4650 cupidius.

401 4679 567 4733 posse
615 4665 925 4719 famelicam
953 4675 1006 4720 et
1033 4665 1380 4736 desperatam
1417 4668 1827 4724 multitudinem
1858 4682 1982 4738 pru-

362 4793 369 4797 α
403 4756 595 4811 bibere
620 4771 691 4810 ne
732 4757 964 4821 fureret,
990 4771 1054 4813 ac
1082 4759 1233 4811 velut
1264 4758 1521 4815 faucibus
1543 4758 1979 4815 vociferantium

400 4849 726 4904 constrictis
772 4850 1032 4919 querelas
1083 4850 1203 4917 ejus
1254 4850 1547 4918 minasque
1588 4852 1978 4920 comprimere.

401 4942 547 5009 Quin
583 4952 639 4997 et
668 4942 1021 5006 denuntiare,
1053 4942 1161 4998 nisi
1191 4946 1415 4998 daretur
1442 4943 1577 5012 ipsis
1603 4944 1754 5013 quod
1786 4958 1983 5011 posce-

400 5034 556 5098 bant,
586 5033 733 5087 haud
768 5048 826 5088 se
862 5040 1042 5087 tutum
1072 5044 1127 5088 et
1152 5047 1408 5088 securum
1438 5034 1507 5089 ab
1537 5034 1729 5088 borum
1756 5034 1808 5087 vi
1842 5035 1976 5090 fore.

398 5126 514 5181 Nec
562 5126 666 5182 sibi
718 5125 985 5181 adversus
1033 5126 1264 5182 istorum
1304 5125 1547 5180 insttlttts
1588 5126 1846 5195 praesidio
1898 5127 1982 5181 fu-

401 5227 586 5273 turam
634 5233 907 5274 summam
939 5233 1048 5288 qua
1079 5227 1228 5274 esset
1275 5224 1508 5272 ornatus
1542 5219 1614 5272 ab
1643 5218 1984 5289 imperatore

402 5310 752 5380 dignitatem.
782 5310 924 5377 Quin
957 5325 1020 5365 ea
1061 5310 1175 5379 ipsa
1208 5310 1384 5378 magis
1429 5309 1636 5363 irritari
1686 5309 1982 5365 seditiosos

403 5417 596 5468 ausus,
643 5403 730 5456 vel
777 5403 983 5455 invidia
1025 5402 1266 5472 quadam
1312 5408 1367 5456 et
1409 5404 1819 5468 comparatione
1863 5417 1981 5458 suae

399 5508 528 5547 cum
564 5495 745 5549 aliena
778 5496 971 5559 sortis,
1004 5495 1090 5549 vel
1121 5495 1409 5563 opinione,
1440 5507 1604 5564 posse
1641 5494 1747 5548 sibi
1781 5509 1983 5563 procu-

402 5601 526 5641 rare
555 5600 679 5655 qum
702 5585 891 5641 velint
918 5585 986 5639 ab
1015 5588 1286 5655 Augusto,
1317 5600 1446 5640 eum
1475 5600 1639 5655 quem
1679 5594 1830 5639 tanta
1861 5587 1980 5654 pol-

402 5678 515 5732 lere
574 5678 719 5746 apud
776 5678 954 5747 ipsum
1007 5688 1270 5748 appareat
1322 5678 1523 5748 gratia.
1579 5679 1655 5732 Ex
1714 5681 1981 5749 quibnsa

405 5767 705 5824 Bontzerio
771 5771 975 5839 passim
1043 5769 1290 5846 allegatis
1347 5781 1502 5824 certo
1562 5770 1983 5840 intelligebatur

403 5878 604 5919 vanam
649 5879 870 5919 omnem
903 5878 1057 5934 spem
1087 5879 1211 5919 esse
1244 5864 1551 5919 abducendi
1584 5878 1709 5918 eum
1742 5879 1772 5918 a
1805 5867 1979 5935 parti-

2087 4667 2343 4736 abruptis
2387 4667 2737 4722 tractationis
2783 4668 3068 4723 ulterioris
3111 4669 3309 4732 moris,
3356 4674 3544 4725 statim
3584 4688 3675 4726 ar-

2085 4757 2256 4826 ripuit
2287 4758 2594 4823 Augustus.
2621 4758 2767 4828 quod
2796 4760 3017 4814 interim
3046 4768 3226 4816 metus
3252 4762 3449 4833 ingens
3477 4765 3673 4817 admo-

2084 4851 2321 4906 vebatur
2348 4867 2418 4907 ne
2448 4852 2740 4907 formidata
2772 4851 3089 4921 coniuratio
3115 4853 3509 4910 Catelanorum
3542 4870 3671 4911 cum

2087 4942 2293 4999 Siculis
2348 4944 2404 4999 itt
2467 4952 2710 5014 apertam
2772 4942 3152 5001 Romanorum
3188 4947 3670 5018 impugnationem

2085 5045 2420 5107 erumperet.
2473 5035 2608 5092 Nam
2655 5037 3025 5092 Tltettderichi
3083 5038 3255 5095 frater
3292 5041 3497 5097 nothus
3542 5057 3668 5097 cum

2087 5131 2321 5186 navibus
2356 5132 2619 5189 tredecim
2669 5132 3148 5204 circumnavigare
3204 5140 3390 5189 terras
3449 5135 3669 5206 imperii

2085 5224 2461 5288 nuntiabatur,
2514 5225 2940 5294 incursasseque
2985 5224 3098 5292 iam
3144 5226 3411 5295 quasdam
3460 5228 3671 5282 insulas

2086 5321 2253 5383 atque
2282 5314 2558 5369 hostiliter
2595 5326 2866 5381 vastasse,
2902 5331 3003 5372 nec
3038 5332 3262 5373 cessare
3293 5306 3518 5374 nuntios
3550 5337 3673 5372 mu-

2085 5415 2213 5462 tuos
2240 5406 2360 5476 ejus
2386 5406 2467 5461 ‘ad
2515 5408 2809 5465 Cateianos
2837 5423 2893 5466 et
2937 5412 3188 5468 vicissim
3228 5413 3295 5467 ad
3327 5413 3477 5469 illum
3510 5416 3671 5468 Cate-

2085 5497 2361 5553 lanornm.
2392 5499 2599 5554 Ultima
2649 5502 2763 5557 haec
2802 5518 2972 5559 causa
3024 5504 3126 5560 fuit
3166 5507 3396 5561 tollendi
3435 5519 3669 5562 cuncta-

2087 5592 2267 5646 tiones
2316 5606 2533 5657 nmnes,
2590 5602 2644 5647 et
2684 5596 2870 5649 statim
2928 5597 2996 5650 ad
3048 5598 3228 5652 ftrdns
3281 5601 3669 5667 norumjuro-

2083 5682 2317 5752 iurando
2333 5683 2461 5738 hinc
2482 5695 2535 5741 et
2553 5687 2675 5740 inde
2692 5689 3049 5744 sanciendum
3073 5690 3349 5745 veniendi.
3372 5690 3485 5760 (l7)
3504 5694 3578 5744 Ac
3600 5708 3669 5747 ex

2087 5786 2243 5846 parte
2283 5777 2647 5845 quidemwua
2695 5780 2820 5845 rite,
2876 5781 2929 5835 in
2983 5798 3106 5851 qua:
3150 5792 3486 5838 conventum
3545 5784 3667 5839 fue-

2088 5877 2194 5933 rat,
2250 5868 2455 5938 iuravit
2510 5871 2834 5942 imperator;
2884 5885 3257 5947 praetereaque
3308 5875 3666 5935 Theodorum
