4046 6420
364 413 465 478 561

1284 423 1380 483 DE
1422 422 1863 484 ANDRONICO
1902 425 2364 488 PALEOLOGO
2403 413 2550 493 LlB.
2597 426 2693 490 VI.

3519 429 3632 495 552

363 527 488 591 θοῦς
519 529 850 600 ἐδημηγόρει
889 532 985 585 τοῦ
1012 535 1308 602 σχήματος,
1345 538 1520 606 ἀρχῆς
1547 537 1642 590 ἀπ’
1675 536 1850 607 ἄκρης
1874 537 1940 590 τὰ
1972 544 2017 597 Α
2058 538 2420 613 Ἀτταλὲιὼτῃ
2462 542 2789 614 μαχόμενος,
2825 541 2920 595 καὶ
2950 542 3175 605 πολλοὺς
3208 543 3471 597 ἀποϐάλοι
3502 563 3630 599 γεν-

362 621 484 674 καθ⁹
516 622 677 675 αὑτὸν
727 624 992 678 συνιστῶν
1023 626 1118 678 καὶ
1145 628 1241 690 τάς
1288 630 1470 692 αἰτίας
1499 630 1608 681 τῶν
1660 629 1938 697 δυσχερῶν

365 713 549 780 σφίσιν
578 714 797 781 ἐπάγων
821 715 897 784 τῷ
930 717 1161 784 βασιλεῖ,
1207 719 1354 782 ὅπως
1386 737 1442 771 τε
1473 721 1686 788 γένοιτο
1709 722 1808 787 τὴν
1836 720 1938 788 ἁρ-

362 806 463 875 χὴν
495 807 591 858 καὶ
621 808 770 870 ὅπως
824 812 1058 880 τραφείη
1089 812 1516 882 διεξερχόμενος,
1577 815 1671 865 καὶ
1699 813 1773 876 ὼς
1815 812 1941 865 πολ-

363 899 473 961 λοῖς
503 899 786 967 διαγέγονε
813 905 926 965 τοῖς
958 903 1059 970 μὲν
1089 905 1420 975 συμμαχῶν,
1455 908 1569 967 τοῖς
1599 905 1646 958 δ’
1681 902 1746 958 αὖ
1775 904 1938 957 πολε-

365 989 507 1056 μῶν,
538 990 632 1042 καὶ
658 991 805 1053 ὅπως
828 991 997 1061 τύχης
1029 995 1167 1064 ῥοπῇ
1209 998 1302 1047 καὶ
1339 996 1578 1064 διηνεκεῖ
1608 997 1835 1067 ἀσχολίᾳ
1857 993 1942 1060 οἷς

365 1081 468 1148 μὲν
498 1086 875 1151 συμμαχήσων
906 1087 1184 1155 ἐπισταίη,
1211 1089 1272 1140 οὐ
1301 1087 1486 1154 σφίσιν
1513 1090 1695 1150 αὐτοῖς
1711 1091 1939 1158 παρεῖχε

360 1174 463 1240 τῆς
495 1173 880 1244 μετακλήσεως
912 1174 1252 1244 μέμψασθαι,
1289 1171 1366 1229 ὧν
1389 1175 1433 1227 δ’
1482 1177 1778 1245 ἀποσταίη,
1825 1178 1943 1244 μοῖ-

362 1282 464 1333 ραν
490 1266 550 1316 οὐ
580 1267 678 1333 τὴν
720 1267 990 1335 τυχοῦσαν
1033 1269 1288 1338 βοηθείας
1333 1271 1504 1322 ἐδόκει
1534 1273 1941 1340 προσαφαιρεῖ-

363 1357 509 1432 σθαι.
541 1357 754 1428 Διεξῄει
781 1360 837 1412 δὲ
874 1360 968 1412 καὶ
997 1363 1060 1416 τὰ
1104 1363 1246 1414 κατὰ
1274 1363 1373 1434 τὴν
1405 1365 1676 1426 Σικελίαν,
1711 1367 1807 1417 καὶ
1858 1366 1941 1417 ὅτι

364 1449 500 1518 μετὰ
529 1452 744 1521 χρόνιον
790 1453 1025 1522 πόλεμον
1071 1455 1299 1526 εἰρήνης
1341 1459 1454 1518 τοῖς
1482 1458 1600 1508 ἐκεῖ
1652 1457 1939 1526 ξυμϐάσης

357 1545 523 1606 αὐτὸς
563 1545 870 1615 εἰθισμένον
913 1549 1056 1616 ἔχων
1110 1548 1364 1618 μελέταις
1395 1551 1742 1619 ἀσχολεῖσθαι
1782 1550 1941 1603 πολε-

361 1639 548 1707 μικαῖς
582 1637 800 1706 πέμψαι
825 1655 886 1690 τε
917 1640 1053 1709 πρὸς
1082 1639 1326 1710 βασιλέα,
1359 1641 1453 1694 καὶ
1479 1640 1832 1709 προσαμῦναι
1874 1641 1939 1711 τῇ

357 1728 514 1800 χώρᾳ
563 1730 754 1784 τούτου
787 1732 1202 1804 κινδυνευούσῃ,
1258 1735 1312 1786 ιεί
1346 1735 1440 1786 καὶ
1472 1734 1636 1796 αὐτὸς
1676 1733 1938 1802 βούλοιτο,

355 1823 562 1891 ἀξιοίη,
593 1826 687 1876 καὶ
717 1823 900 1893 μέντοι
926 1841 990 1892 γε
1029 1827 1122 1878 καὶ
1142 1825 1356 1895 δεχθείη
1392 1827 1611 1888 αὐτίκα,
1637 1825 1731 1879 καὶ
1758 1842 1940 1896 γραμ-

361 1912 550 1982 μάτων
580 1910 787 1976 ἀξιοῖτο
818 1912 1116 1982 βασιλικῶν
1146 1916 1312 1986 κῆδος
1341 1916 1720 1987 βραϐευόντων
1747 1918 1812 1968 ἐκ
1833 1915 1942 1967 τῶν

359 2007 498 2077 πρὸς
551 2007 786 2078 αἵματος
835 2009 929 2060 καὶ
969 2007 1145 2061 τὸτοῦ
1189 2010 1430 2078 μεγάλου
1473 2010 1666 2072 δουκὶς
1703 2008 1944 2078 ἀξίωμα.

358 2100 657 2153 κάντεῦθεν
685 2100 802 2166 ἄξοι
828 2102 1042 2168 ὀλίγους
1075 2101 1109 2171 ἧ
1139 2103 1298 2163 ὅσους
1333 2103 1686 2171 μετεκαλεϊτο
1715 2101 1946 2168 γράφων

357 2193 389 2246 ὁ
429 2191 702 2261 βασιλεὺς,
733 2194 826 2245 καὶ
881 2192 1051 2246 πολλὰ
1094 2193 1192 2262 μὲν
1219 2192 1383 2246 πάθοι
1415 2195 1536 2246 κατ’
1564 2190 1853 2260 ἀνατολὴν,
1897 2191 1947 2242 εί

359 2289 458 2338 καὶ
485 2285 562 2356 μὴ
593 2286 831 2356 Πέρσαις
860 2285 1207 2340 συσταλεῖσιν
1235 2286 1300 2339 ἐκ
1351 2287 1505 2350 δέους
1525 2329 1540 2352 ,
1575 2286 1690 2339 ἀλλ’
1738 2281 1834 2338 οὖν
1869 2283 1948 2355 τῷ

363 2480 528 2520 suum
560 2465 628 2520 ad
679 2473 860 2545 terras
892 2467 1110 2536 imperii
1154 2471 1446 2538 appulsum
1494 2469 1722 2524 sinistre
1763 2469 1946 2525 conti-

361 2555 594 2624 gissent,
633 2555 686 2608 in
723 2555 1110 2624 imperatorem
1161 2560 1461 2615 conferret.
1495 2559 1739 2615 Exorsus
1781 2563 1948 2615 nimi-

363 2661 489 2699 rum
519 2647 586 2701 ab
625 2647 817 2701 ultima
845 2651 1097 2718 pueritiae
1128 2653 1416 2716 memoria,
1452 2668 1616 2721 quam
1659 2654 1824 2709 claris
1850 2669 1950 2707 na—

363 2737 594 2802 talibus,
629 2755 797 2809 quam
829 2742 1118 2810 splendide
1162 2744 1360 2800 fuisset
1409 2748 1677 2801 educatus
1711 2747 1948 2814 gloriose

359 2831 614 2900 iactavit.
665 2830 805 2887 Tum
843 2835 927 2890 his
978 2851 1088 2890 non
1134 2839 1318 2891 minus
1350 2847 1677 2907 arroganter
1714 2839 1951 2892 attexuit

367 2934 430 2979 ut
470 2936 888 2994 perseveranter
940 2929 1084 3000 apud
1123 2930 1330 2985 multos
1377 2929 1702 3000 fortiterque
1749 2931 1950 2999 persri-

365 3019 518 3082 terit,
559 3017 658 3074 hos
683 3019 829 3075 bello
856 3021 1155 3091 adjuvans,
1204 3023 1330 3078 illos
1366 3038 1724 3094 oppugnans;
1760 3033 1820 3078 ut
1852 3040 1951 3095 per

365 3125 563 3166 onlnes
619 3113 854 3169 fortuna:
885 3116 1203 3181 varietates,
1247 3118 1611 3188 occupatione
1662 3118 1946 3183 continua,

2043 632 2227 694 ναίους
2253 633 2472 702 ἄνδρας,
2512 627 2558 701 ᾧ
2595 635 2687 686 καὶ
2725 634 2800 696 ὠς
2833 635 3115 705 ἀντιπάλῳ
3151 634 3366 704 ἐπέχειν
3410 635 3624 705 ὁρμῴη,

2043 726 2139 778 καὶ
2171 726 2259 798 [Ρ.
2284 725 2578 797 5561ὠςὲν
2606 727 2870 794 ὑπηκόοις
2901 727 3165 797 βασιλέως
3191 727 3544 796 λογιζομένου
3567 729 3630 779 τὸ

2044 819 2212 871 πάλαι
2240 821 2333 871 καὶ
2383 819 2789 889 ἀφηνιάσαντος
2823 820 2944 892 ἤδη,
2981 821 3090 873 τῶν
3122 821 3258 890 πρὸς
3285 822 3492 873 ἐκεῖνον
3554 820 3631 890 μὴ

2041 910 2558 979 ἀφειδοιηάγώνων.
2589 911 2697 964 Καὶ
2717 911 2868 975 τέλος
2899 911 3069 964 ἐλθὼν
3094 911 3153 964 τὸ
3177 912 3417 980 πόλισμα
3446 929 3629 980 παρα-

2045 1002 2368 1070 στήσασθαι,
2423 1002 2708 1072 βασιλικὰς
2738 1004 3052 1074 ἐξεπίτηδες
3101 1003 3492 1068 διακωλύοντος
3530 1003 3632 1071 τὴν

2044 1095 2390 1162 παράστασιν
2424 1093 2636 1158 δέξαιτο
2683 1094 2954 1157 συλλαϐὰς
2979 1135 2994 1158 ,
3056 1093 3492 1157 ὲπισπευδούσας
3532 1095 3634 1160 τὴν

2041 1183 2137 1236 τοῦ
2186 1183 2587 1253 Ἑλλησπόντου
2623 1185 3038 1255 διαπεραίωσιν,
3071 1187 3145 1250 ὡς
3169 1187 3370 1239 αὐτίκα
3392 1187 3630 1255 ἑτοίμων

2042 1274 2214 1327 ὅντων
2247 1277 2341 1327 καὶ
2364 1276 2550 1328 ἵππων
2577 1277 2670 1330 καὶ
2721 1277 2904 1346 πάσης
2928 1277 3177 1347 δαπάνης
3207 1281 3300 1331 καὶ
3332 1278 3628 1347 μισθωμά-

2041 1383 2174 1432 των,
2202 1366 2287 1434 ἐφ’
2310 1358 2356 1434 ᾧ
2384 1368 2477 1419 ἐπὶ
2505 1368 2718 1431 Μυσίας
2753 1371 2893 1439 πρὸς
2938 1369 3162 1440 βασιλέα
3194 1370 3415 1440 Μιχαὴλ
3451 1387 3632 1440 παρα-

2042 1457 2287 1524 γένοιντο
2316 1459 2482 1528 μηδὲν
2521 1463 3029 1530 προσαργήσαντες.
3078 1464 3144 1515 Οί
3165 1463 3221 1514 δὲ
3257 1465 3353 1515 καὶ
3383 1477 3631 1532 περαιω-

2043 1549 2188 1604 θεῖεν
2225 1550 2568 1614 ἐπιστάντες,
2602 1553 2697 1604 καὶ
2722 1552 2832 1605 τῶν
2865 1553 3238 1623 μισθωμάτων
3273 1554 3634 1624 ὑπερτιθεμέ-

2043 1659 2152 1694 νων
2204 1643 2273 1695 τά
2336 1644 2430 1696 καὶ
2477 1646 2546 1697 τὰ
2603 1644 2894 1716 πράξειαν.
2956 1646 3069 1699 Καὶ
3129 1644 3307 1700 ταῦτα
3365 1647 3541 1714 λέγων
3603 1647 3632 1698 ὁ

2050 1733 2324 1804 βάρϐαρος
2347 1737 2631 1805 προσῆπτε
2665 1736 2763 1799 τὰς
2785 1737 2966 1800 αἰτίας
2991 1738 3067 1807 τῷ
3092 1737 3304 1808 βασιλεῖ
3322 1737 3399 1802 ὡς
3419 1739 3630 1790 ἐκεῖθεν

2045 1824 2106 1877 τὺ
2138 1826 2248 1876 πᾶν
2279 1825 2561 1878 παθόντων
2610 1826 2857 1890 ἐκείνων,
2899 1826 3331 1897 σοόαρευόμενος
3375 1827 3468 1879 ἐπὶ
3503 1826 3625 1879 τού-

2045 1930 2161 1976 τοις
2187 1915 2281 1967 καὶ
2317 1933 2375 1966 σε
2386 1916 2828 1985 μνοποιοὺμενος,
2863 1917 2918 1970 εἰ
2943 1918 2998 1970 τί
3017 1934 3122 1970 που
3150 1917 3245 1971 καὶ
3271 1919 3461 1987 γέγονε
3504 1919 3633 1970 δυσ-

2047 2007 2228 2075 χερὲς,
2278 2008 2356 2070 είς
2413 2008 2593 2060 αἰτίαν
2625 2008 2846 2077 ἀνάγων
2894 2011 3231 2080 εὐσχήμονα,
3269 2013 3364 2064 καὶ
3427 2003 3502 2064 ὧν
3531 2011 3630 2079 τὴν

2047 2096 2232 2149 αἰτίαν
2281 2097 2577 2167 εἰλήφεσαν
2617 2099 2812 2153 Ἰταλοὶ
2855 2100 2912 2166 ἐξ
2956 2099 3291 2170 ἀλαστορίας
3341 2099 3630 2170 συνήθους,

2023 2187 2128 2249 ¹είς
2163 2186 2261 2255 τὴν
2295 2188 2404 2241 ἀπὸ
2438 2187 2703 2258 βασιλέως
2743 2191 3018 2260 πρόφασιν
3059 2191 3404 2262 μεταφέρων,
3432 2190 3528 2243 καὶ
3557 2191 3637 2243 δι-

2049 2279 2212 2342 καίας
2240 2278 2367 2343 τοὺς
2409 2281 2809 2352 εἰργασμένους
2859 2281 3113 2336 ἀπολύων
3149 2282 3434 2354 μέμψεως.
3471 2282 3636 2344 Τέλος

2051 2471 2265 2518 teneret
2309 2462 2554 2517 cinctura
2593 2464 2717 2519 sine
2757 2479 2855 2533 spe
2913 2479 2978 2519 ac
3017 2465 3283 2522 facultate
3343 2465 3660 2527 evadendi,

2045 2557 2266 2625 iussum
2317 2569 2376 2607 se
2407 2555 2750 2609 instantibus
2797 2565 2962 2624 atque
2991 2556 3410 2624 increpantibus
3453 2569 3667 2611 moras.

2052 2646 2428 2715 imperatoriis
2489 2646 2724 2710 litteris,
2778 2644 3019 2700 factione
3081 2644 3382 2701 faventium
3445 2645 3638 2701 rebelli

2052 2740 2356 2807 expressis,
2401 2740 2621 2795 cunctis
2671 2741 2856 2794 statim
2901 2741 3013 2796 illic
3057 2742 3281 2796 omissis
3315 2741 3641 2810 llellespon.

2053 2845 2169 2888 tum
2206 2833 2484 2901 trajicere.
2523 2830 2699 2903 Cujus
2747 2833 2980 2889 adversa
3024 2834 3078 2888 in
3128 2849 3225 2890 ora
3263 2835 3439 2905 parati
3489 2841 3674 2890 stare

2054 2926 2377 2980 ferebantur
2405 2924 2472 2978 ad
2514 2941 2675 2980 usum
2717 2935 2991 2992 nostrum,
3033 2927 3198 2979 simul
3231 2927 3361 2980 illuc
3393 2927 3640 2996 appulis—

2055 3034 2264 3084 semus,
2290 3019 2439 3086 equi,
2471 3028 2815 3074 commeatus
2850 3027 2905 3074 et
2950 3021 3195 3088 pecuniae.
3237 3019 3668 3088 stipendiorum

2056 3113 2284 3168 nomine
2312 3114 2530 3179 debitae,
2565 3123 2624 3167 ut
2662 3115 2730 3169 iis
2755 3113 3013 3168 instructi
3045 3114 3314 3168 continuo
3345 3115 3644 3184 progrede-

364 3204 437 3258 iis
477 3205 696 3273 quidem
739 3207 832 3276 qui
867 3224 925 3262 se
955 3208 1010 3262 iu
1040 3209 1308 3262 auxilium
1345 3211 1718 3279 periclitantes
1762 3225 1950 3266 accer-

2057 3216 2246 3257 remur
2277 3201 2345 3256 ad
2384 3202 2705 3257 Michaelem
2736 3203 3013 3270 juniorem
3058 3203 3366 3273 Augustum
3419 3206 3468 3258 el
3504 3220 3668 3273 ope-7.

362 3302 593 3363 sissent,
623 3302 922 3369 paenitendi
948 3317 1172 3359 causam
1211 3305 1283 3359 ob
1315 3319 1375 3358 se
1408 3314 1665 3361 vocatum
1713 3319 1820 3360 non
1854 3309 1948 3359 de-

363 3395 552 3461 derit;
606 3404 801 3451 contra
855 3412 987 3451 vero
1041 3396 1111 3452 iis
1169 3412 1199 3451 a
1261 3399 1465 3467 quibus
1521 3399 1594 3454 sit
1642 3398 1962 3468 digressus,

360 3504 530 3557 quam
558 3489 752 3558 ingens
782 3488 867 3543 sui
905 3489 1189 3557 reliquerit
1231 3490 1595 3556 desiderium,
1632 3499 1952 3561 quantoque

363 3582 443 3634 illi
476 3580 728 3650 praesidio
775 3594 835 3635 se
865 3581 1102 3634 nudatos
1135 3581 1257 3644 ejus
1307 3580 1572 3636 abscessu
1609 3581 1950 3652 experiendo

364 3672 850 3743 comparandoque
894 3682 1082 3741 postea
1136 3674 1437 3728 senserint.
1489 3672 1772 3729 Processit
1821 3672 1953 3727 hinc

365 3773 434 3821 ad
473 3781 571 3822 sua
625 3767 677 3819 in
732 3766 923 3820 Sicilia
975 3775 1150 3834 gesta,
1187 3761 1502 3822 memorans
1537 3766 1702 3835 longo
1741 3766 1954 3821 seillle

366 3857 723 3928 perfunctum
755 3857 922 3918 bello,
966 3857 1057 3910 ubi
1091 3855 1291 3910 deinde
1321 3856 1464 3910 inter
1495 3856 1676 3925 capita
1707 3856 1951 3924 partium

365 3953 436 4004 de
465 3964 597 4018 pace
621 3929 957 4004 conventum
991 3949 1208 4012 fuisset,
1245 3948 1423 4018 ipsum
1454 3947 1829 4017 impatientem
1855 3948 1954 4001 otii

363 4043 527 4113 511
560 4043 930 4110 laborumque
963 4039 1288 4094 militarium
1327 4048 1606 4094 amantem
1638 4039 1858 4092 misisse
1884 4038 1953 4091 ad

364 4138 759 4205 imperatorem
793 4141 1163 4204 oppugnatum
1207 4146 1238 4186 a
1278 4130 1560 4198 Barbaris,
1603 4131 1952 4186 ostendisse-

362 4245 476 4300 que
505 4244 563 4281 se
600 4237 849 4296 paratum
884 4227 950 4280 ad
985 4225 1314 4280 veniendum
1344 4225 1393 4280 ei
1427 4239 1550 4277 cum
1583 4224 1761 4277 valida
1787 4238 1954 4276 manu

363 4321 670 4387 suppetias.
721 4319 1025 4372 Admisisse
1060 4316 1241 4372 oblata
1295 4315 1493 4384 cupide
1529 4316 1864 4383 Augustum.
1900 4322 1956 4369 et

361 4411 570 4466 litteris
605 4420 972 4479 properanter
1017 4408 1270 4462 remissis
1299 4408 1565 4462 invitasse
1597 4407 1664 4460 ad
1705 4421 1788 4468 se,
1821 4420 1953 4476 pro-

362 4502 560 4558 missis
588 4500 898 4556 honoribus
941 4501 1135 4570 quales
1185 4498 1387 4554 deferri
1423 4499 1663 4569 propriis
1714 4513 1956 4553 consan-

364 4596 593 4664 guineis
625 4597 868 4649 solerent
901 4601 955 4648 et
989 4592 1260 4661 dignitate
1287 4592 1450 4646 ducis
1480 4591 1686 4661 magni.
1726 4589 1853 4646 Haec
1895 4608 1954 4647 se

362 4689 749 4750 acceptantem
777 4681 1137 4751 rescripsisse
1171 4680 1468 4736 ducturum
1499 4696 1560 4736 se
1589 4696 1822 4751 parvum
1857 4692 1956 4736 aut

366 4776 604 4829 multum
638 4789 924 4830 numerum
971 4774 1234 4839 militum,
1271 4782 1435 4842 prout
1483 4776 1766 4843 Augustus
1816 4791 1957 4844 prae-

365 4871 693 4940 scripsisset
724 4886 738 4924 :
775 4886 841 4924 ex
876 4886 987 4938 quo
1027 4877 1208 4923 autem
1237 4871 1393 4938 juxta
1426 4871 1748 4924 condictum
1778 4886 1953 4940 appu-

365 4963 554 5025 lisset,
579 4975 905 5030 aggressum
943 4975 1002 5013 se
1028 4959 1289 5028 opitulari
1326 4959 1600 5014 laboranti
1654 4959 1821 5022 Asiae,
1860 4977 1958 5016 ex-

361 5069 549 5112 trema
604 5056 748 5110 bello
800 5053 1130 5109 difficillimo
1186 5068 1543 5122 perpessum.
1593 5063 1706 5108 tum
1767 5054 1957 5109 Persis

366 5151 720 5216 coercendis,
745 5165 886 5219 quos
925 5155 1074 5203 metu
1120 5163 1402 5202 armorum
1456 5163 1682 5200 suorum
1727 5155 1956 5201 contra.

365 5247 506 5301 here
539 5260 661 5299 sese
690 5259 755 5297 ac
786 5243 1066 5297 licentiam
1103 5242 1374 5312 evagandi
1425 5241 1659 5295 irrcnare
1689 5240 1961 5307 coegerit,

366 5349 491 5395 tum
541 5339 840 5404 Attaleola,
903 5337 1224 5406 imperatori
1281 5335 1535 5405 subjecto
1600 5333 1680 5387 illi
1732 5332 1956 5403 quidem

369 5431 528 5495 olim,
564 5431 659 5486 sed
718 5440 850 5484 tunc
903 5430 1214 5496 rebellanti,
1259 5429 1594 5484 edomando.
1627 5428 1748 5493 Quo
1781 5427 1835 5481 in
1867 5443 1964 5481 nc-

371 5528 523 5597 gotio
567 5540 730 5596 quam
785 5524 920 5580 nulli
959 5538 1138 5592 Operae
1185 5534 1282 5577 aut
1325 5522 1574 5591 periculo
1624 5521 1960 5592 pepercerit,

372 5621 826 5690 quotqualesque
848 5619 996 5672 viros
1028 5616 1365 5671 fortissimos
1398 5616 1670 5681 amiserit,
1705 5615 1887 5669 adhuc
1907 5631 1968 5669 se

371 5723 696 5768 maerentem
722 5711 1060 5776 meminisse,
1081 5711 1378 5765 novissime
1396 5709 1628 5776 palmam
1681 5709 1805 5764 belli
1857 5705 1974 5770 ejus

368 5808 482 5875 jam
525 5820 691 5875 prope
738 5804 972 5859 conferti
1027 5804 1130 5858 sihi
1184 5803 1253 5856 ab
1308 5804 1638 5872 imperatore
1683 5801 1751 5856 de
1787 5803 1967 5854 mani-

375 5900 481 5955 bus
501 5906 773 5954 extortam
814 5916 825 5950 :
861 5914 984 5952 cum
1011 5897 1153 5952 enim
1175 5895 1507 5967 perduellem
1535 5905 1651 5950 arta
1680 5893 1967 5951 obsidione

2055 3309 2173 3348 ram
2217 3295 2422 3357 daturi,
2458 3297 2600 3349 bello
2636 3295 2711 3350 ad
2744 3298 2891 3364 quod
2927 3305 3075 3349 stare
3130 3297 3453 3366 procinctus
3490 3296 3644 3352 dice-

2053 3388 2218 3444 batur
2245 3398 2441 3444 contra
2469 3389 2694 3460 Mysiam
2724 3389 2987 3458 gerendo.
3021 3391 3274 3442 Addebat
3297 3403 3357 3444 se
3393 3404 3458 3445 ac
3484 3405 3641 3458 suos,
3666 3446 3670 3450 _

2056 3483 2146 3536 ubi
2177 3482 2310 3537 nihil
2334 3482 2573 3537 cunctati
2603 3481 2975 3550 traiecissent,
3004 3481 3140 3535 nihil
3164 3489 3640 3553 eorumparatum

2055 3574 2334 3629 invenisse
2364 3589 2486 3643 qua:
2513 3571 3056 3640 pronrissa-fuerant.
3095 3572 3288 3642 Itaque
3340 3585 3467 3627 cum
3520 3574 3667 3628 sine-

2056 3665 2164 3720 ﬂne
2216 3665 2649 3734 stipendiorum,
2693 3677 2928 3732 quorum
2980 3662 3115 3717 dies.
3152 3662 3363 3732 pridem
3406 3663 3639 3724 exierat,

2055 3758 2262 3813 solutio
2291 3757 2640 3812 elusionibns
2678 3754 3019 3821 dill'erretur,
3052 3754 3387 3810 necessitate
3417 3759 3643 3811 adactos

2054 3853 2252 3906 ultima
2287 3866 2424 3905 suos
2453 3850 2654 3904 milites
2687 3849 2777 3902 illa
2809 3856 2863 3901 et
2891 3847 2980 3902 illa
3007 3848 3209 3918 egisse,
3251 3865 3374 3919 quae
3407 3850 3645 3918 impera-

2056 3945 2182 3996 torii
2243 3941 2489 3994 solerent
2554 3938 3006 3994 invidiosissimis
3035 3938 3179 4006 apud
3235 3953 3369 3992 suos
3399 3939 3649 4008 querelis

2057 4035 2371 4088 traducere.
2409 4032 2562 4098 Quos
2609 4047 2673 4084 ex
2721 4045 2878 4099 atquo
2924 4039 3206 4084 aestimare
3238 4033 3527 4099 oportebat
3555 4031 3666 4086 cui.

2056 4126 2219 4196 culpa
2251 4126 2450 4179 horum
2500 4123 2826 4192 imputanda
2874 4122 2969 4178 sit.
3009 4123 3066 4176 Si
3103 4123 3246 4177 enim
3293 4124 3443 4191 juste
3492 4123 3648 4177 arbi-

2059 4230 2295 4283 trentur,
2333 4218 2608 4286 reperient
2634 4223 2808 4269 totum
2859 4214 3068 4269 crimen
3122 4215 3189 4267 ad
3222 4227 3319 4269 eos
3373 4215 3672 4282 pertinere.

2057 4313 2154 4384 qui
2205 4309 2412 4365 milites
2463 4310 2630 4362 toties
2684 4307 2982 4377 promissa,
3051 4313 3162 4360 tam
3200 4306 3412 4373 pridem
3459 4305 3644 4360 debita

2059 4401 2313 4459 mercede
2369 4401 2688 4454 l‘raudantes
2739 4400 2792 4453 in
2841 4413 2962 4452 eam
3016 4407 3314 4467 egestatem
3365 4396 3652 4466 compule-

2061 4506 2212 4558 runt,
2254 4510 2379 4565 quae
2431 4492 2591 4568 512
2635 4491 2923 4546 famelicos
2975 4498 3199 4561 cogeret
3245 4490 3428 4546 obviis
3472 4489 3649 4560 copiis

1989 4565 2344 4656 l“rapiendis
2403 4565 2511 4640 non
2560 4587 2863 4639 abstinere.
2931 4583 3026 4639 Sic
3089 4584 3320 4654 loquens
3372 4582 3652 4640 Barbarus

2057 4697 2213 4736 reum
2257 4695 2520 4750 peragere
2569 4679 2958 4747 imperatorem
3011 4676 3320 4732 conabatur
3379 4677 3651 4733 scelerum

2057 4777 2309 4831 omnium
2346 4789 2470 4845 qua:
2501 4773 2587 4828 sui
2625 4773 2870 4827 latrones
2909 4778 3366 4841 perpetrassent,
3404 4769 3651 4824 omnium

2060 4871 2391 4924 damnorum
2423 4881 2546 4936 qua:
2577 4865 2728 4918 illata
2761 4864 3094 4918 miserrimis
3125 4872 3397 4916 tractuum
3433 4862 3676 4916 illorum.

2063 4962 2302 5018 fuissent
2335 4959 2555 5014 incolis.
2585 4957 2730 5023 Quin
2765 4966 2819 5011 et
2842 4955 3035 5011 eadem
3064 4953 3407 5023 impudentia
3438 4952 3654 5022 jactan-

2070 5058 2160 5111 tiae
2192 5055 2438 5126 perrexit
2467 5051 2569 5108 sibi
2615 5050 2838 5120 quidem
2872 5064 2938 5102 ac
2970 5047 3382 5118 suisarrogare
3430 5045 3651 5100 laudem

2069 5163 2287 5204 omnem
2316 5160 2579 5217 prospere
2616 5152 2939 5214 gestorunr,_
2958 5141 3304 5212 longe-vero.
3329 5140 3504 5208 plura-
3533 5156 3686 5210 quae-

2071 5243 2214 5297 male
2244 5249 2630 5296 successerant
2653 5275 2668 5298 ,
2698 5243 2758 5291 et
2803 5234 2940 5289 illas.
2974 5232 3321 5289 oll‘ensiones
3364 5232 3492 5288 belli
3525 5247 3674 5286 suc-

2068 5351 2375 5404 cessusque
2405 5331 2791 5396 barbarorum,
2845 5327 3008 5383 unice
3055 5327 3410 5398 imperatoris
3442 5326 3656 5394 impru-

2069 5430 2269 5484 dentiae
2315 5436 2416 5482 aut:
2461 5423 2818 5494 parcimonizc
2865 5423 3131 5485 tribuere,
3163 5435 3271 5474 non
3311 5417 3679 5488 argumentis.

2073 5523 2125 5576 id
2167 5521 2256 5575 ille
2289 5521 2510 5588 quidem
2547 5517 2764 5572 idoneis
2793 5517 3082 5577 evincens,
3123 5513 3219 5568 sed
3250 5519 3517 5566 consueto
3545 5508 3654 5564 La-

2075 5615 2176 5669 tini
2217 5613 2434 5682 generis
2475 5621 2529 5666 et
2567 5610 2710 5664 fastu
2752 5619 2804 5664 et
2852 5607 3144 5676 iniquitate
3187 5604 3241 5658 in
3278 5603 3524 5657 Graecam
3561 5614 3658 5654 na-

2080 5707 2287 5762 tionem
2321 5719 2441 5756 cam
2487 5717 2724 5757 oncrans
2753 5699 2958 5755 invidia
2995 5711 3186 5749 eorum
3221 5708 3341 5762 quae.
3375 5701 3653 5759 peccasset

2081 5797 2199 5866 ipse
2230 5810 2354 5850 eum
2380 5794 2518 5856 suis,
2544 5801 2596 5846 et
2621 5805 2717 5845 eos
2744 5786 3101 5848 absolvendo,
3127 5799 3226 5839 nos
3256 5783 3655 5838 condemuans.

2078 5891 2160 5947 Ad
2208 5898 2517 5946 extremum
2575 5884 2760 5941 intulit
2811 5899 2839 5937 a
2875 5896 2934 5937 se
2983 5878 3121 5935 nihil
3161 5879 3345 5937 suisve
3389 5877 3657 5949 injuriose
