4046 6408
424 373 530 435 563

1581 393 1586 398 '
1648 391 1974 451 GEORGII
2018 394 2445 482 I’ACHYMER.
2461 394 2498 453 E

3595 403 3700 466 5¹ὶ4

425 487 736 550 προσετίθει
769 492 861 542 καὶ
910 491 984 553 ὡς
1028 493 1180 546 οὐδὲν
1234 495 1332 563 μὲν
1373 497 1526 555 αὐτοὶ
1575 499 1835 565 ἀδικοῖεν,
1873 505 2008 556 ἀπο·
2040 511 2081 562 Λ
2117 505 2380 571 βασιλέως
2405 508 2623 579 Μιχαὴλ
2655 508 2840 570 δεδιὼς
2868 508 3217 576 ἐπεξίλευσιν
3245 513 3564 582 (ξγγέλλετο
3591 521 3701 585 γὰρ

427 576 774 647 στερούμενοι
792 579 848 632 δὲ
865 581 973 633 τῶν
997 583 1206 650 μισθῶν
1222 587 1599 656 ἀφαρπάζοιεν
1620 595 1735 646 κατ’
1759 596 2004 664 ἀνάγκην

423 666 523 737 τὴν
554 667 742 739 χώραν
773 671 1089 735 κακοῦντες.
1142 677 1245 728 Τὸν
1279 663 1461 746 μέντοι
1510 699 1573 748 γε
1636 683 1866 752 βασιλέα
1900 689 2005 740 Μι-

424 759 568 830 χαὴλ
592 761 851 832 δυνάμεις
876 765 1006 836 περί
1037 766 1200 819 αὐτὸν
1227 767 1416 838 ἔχοντα
1452 773 1766 844 Ῥωμαϊκὰς
1787 779 2004 831 ἀκούειν

425 854 550 905 κατ’
580 853 759 907 αὐτῶν
797 857 933 910 ἰέναι
975 859 1051 920 ὡς
1107 861 1439 918 ἀδικούντων
1484 866 1792 934 βούλεσθαι.
1828 863 1899 940 τί)
1941 871 2004 940 δὴ

425 945 517 997 καὶ¹
545 947 633 1000 διὰ
654 949 777 1009 τοὺς
809 949 1006 1018 ὅρκους
1053 947 1134 1016 οἷς
1157 957 1295 1025 πρὸς
1333 960 1432 1028 τὴν
1470 959 1750 1027 βασιλείαν
1781 963 2003 1031 ἐπώμο-

423 1053 516 1099 τος
547 1033 635 1108 ἦν,
678 1039 770 1090 ἐπὶ
815 1041 951 1093 πόδα
981 1044 1075 1094 καὶ
1110 1046 1240 1111 γόνυ
1288 1051 1560 1119 χωρήσειν
1628 1053 1792 1122 μέχρι
1824 1056 1919 1106 καὶ
1949 1057 2005 1116 ἐς

421 1129 832 1200 τεσσαράκοντα
890 1131 1009 1203 ἴχνη
1052 1135 1393 1204 διεϐεϐαίου,
1453 1142 1772 1200 τούντεῦθεν
1817 1145 1874 1197 δὲ
1909 1145 2004 1198 καὶ

420 1219 571 1290 αὐτῷ
595 1219 857 1291 μελήσειν
873 1223 972 1293 τῆς
998 1228 1274 1296 σωτηρίας
1305 1231 1471 1285 αὑτοῦ
1491 1249 1548 1285 τε
1576 1233 1669 1286 καὶ
1696 1234 1805 1286 τῶν
1833 1236 2000 1289 ἰδίων·

419 1315 526 1366 κᾶν
560 1316 722 1378 αὐτὸς
753 1317 964 1382 πίπτοι,
1004 1322 1274 1385 πεσεῖται,
1328 1324 1432 1376 κᾶν
1461 1325 1687 1390 ἐκεῖνος,
1721 1328 1782 1380 τὸ
1813 1330 2005 1400 μόρσι-

423 1421 544 1473 μον.
571 1407 681 1460 Καὶ
705 1408 799 1464 τοῦ
825 1407 1012 1464 λοιποῦ
1039 1413 1113 1482 μὴ
1146 1413 1342 1482 χρῆναι
1378 1417 1520 1485 σφᾶς
1545 1419 1854 1486 φροντίζειν
1875 1423 2003 1491 περὶ

422 1495 635 1565 κυρίου,
670 1498 745 1560 ὡς
779 1500 1079 1568 ἀναγκαῖον
1112 1503 1172 1556 ὃν
1205 1505 1513 1575 ἀμύνεσθαι
1561 1510 1688 1573 τοὺς
1722 1510 2001 1581 ὑπάρξαν-

419 1608 542 1656 τας,
587 1597 680 1649 καὶ
721 1597 795 1666 μὴ
833 1597 1201 1666 καθυφεικότα
1247 1601 1349 1668 τῆς
1407 1603 1547 1673 ὑπὲρ
1594 1604 1696 1672 τῆς
1732 1606 2004 1673 σωτηρίας

423 1686 657 1755 σπουδῆς
683 1691 945 1754 ναυαγεῖν
969 1692 1025 1742 ὲν
1049 1691 1247 1758 λιμένι.
1278 1688 1464 1744 Ταῦτα
1494 1694 1592 1746 καὶ
1605 1692 1812 1746 τοιαῦθ’
1839 1693 2002 1758 ἔτερα

419 1775 659 1846 κορύζης
701 1778 966 1848 Ἰταλικῆς
992 1780 1128 1834 πλέα
1153 1781 1644 1852 σοϐαρευσάμενος,
1675 1783 1746 1837 τὰ
1777 1785 2004 1852 μὲντῶν

431 1867 648 1923 Ἰταλῶν
673 1871 818 1924 κακὰ
851 1872 1212 1942 παρατρέχων
1239 1873 1334 1926 καὶ
1356 1874 1436 1938 εἰς
1467 1875 1648 1938 αἰτίας
1677 1877 2004 1946 μεταφέρων

419 1959 695 2028 εὐλόγους,
727 1962 802 2025 ὡς
828 1963 1210 2032 ὑπελάμϐανε,
1262 1967 1330 2018 τὰ
1363 1966 1420 2018 δὲ
1442 1966 1551 2019 τῶν
1585 1967 1851 2036 βασιλέων
1879 1969 2010 2022 ὐπο-

418 2052 773 2119 κοριζόμενος
801 2055 1201 2126 ἀναισχύντως,
1230 2056 1432 2125 μᾶλλον
1463 2056 1644 2126 ἐαυτῷ
1677 2074 1737 2111 τε
1771 2060 1864 2111 καί
1895 2061 2010 2122 τοῖς

422 2143 576 2208 ἰδίοις
603 2144 828 2209 πιθανὸς
884 2147 916 2216 ἢ
956 2150 1069 2209 τοῖς
1122 2148 1413 2201 ἀκούουσιν
1445 2147 1647 2212 ἔδοξεν.
1685 2149 1758 2200 Οὐ
1790 2149 2010 2211 πλείους

418 2235 479 2300 ἐξ
508 2237 716 2294 ἐκείνου
749 2238 857 2292 τῶν
885 2239 1016 2292 δέκα
1048 2239 1330 2308 παρῆλθον
1361 2239 1590 2308 ἡμέραι,
1616 2240 1712 2292 καὶ
1741 2239 1899 2306 γνοὺς
1928 2233 2010 2301 οἷς

417 2328 520 2382 οὐκ
558 2329 724 2400 ἐχρῆν
770 2330 949 2398 λόγοις
983 2330 1329 2402 ἐξαμαρτὼν,
1363 2332 1394 2402 ἢ
1433 2334 1527 2385 καὶ
1560 2333 1658 2402 τὴν
1726 2333 1877 2400 παρὰ
1913 2332 2005 2383 τοῦ

421 2609 632 2663 actum,
691 2605 836 2672 quod
878 2604 1083 2673 injuste
1136 2604 1380 2659 fraudati
1444 2607 1743 2674 stipendiis
1782 2607 2006 2670 debitis,

419 2695 745 2765 redactique
779 2697 845 2750 ad
884 2698 1108 2762 incitus,
1149 2699 1290 2752 unde
1330 2699 1578 2753 viverem
1607 2715 1768 2754 manu
1804 2701 2008 2770 quaesi-

419 2789 634 2844 vissent
668 2829 680 2847 .
717 2789 1026 2858 diripienda
1075 2792 1128 2844 in
1177 2805 1344 2859 quam
1394 2793 1569 2846 vocati
1632 2791 1872 2848 fuissent
1923 2810 2011 2848 re-

419 2881 603 2948 gione.
635 2881 843 2935 Audire
877 2898 936 2935 se
973 2890 1154 2938 tamen
1188 2884 1511 2938 Michaelem
1545 2886 1855 2954 Augustum
1894 2885 2008 2939 Ro-

421 2989 618 3030 manas
640 2976 785 3029 circa
818 2991 876 3029 se
910 2976 1202 3030 habentem
1235 2977 1444 3044 copias,
1476 2979 1676 3031 minari
1702 2980 2006 3034 exercitum

420 3065 686 3122 infestum
735 3067 788 3119 in
829 3067 979 3134 ipsos
1013 3067 1334 3120 immittere.
1373 3067 1512 3120 Huic
1547 3084 1700 3132 vero,
1747 3078 1804 3122 ut
1837 3069 2009 3137 impe—

2114 598 2205 647 καί
2237 597 2430 662 ταῦτα,
2459 599 2531 655 ὡέ
2571 601 2955 670 στρατολογοίη
2991 605 3018 654 ὁ
3051 603 3330 671 βασιλεὺς,
3390 607 3493 658 κᾶν
3549 611 3700 675 παρα

2111 687 2204 738 τοῦ
2266 691 2475 757 πατρὸς
2529 692 2623 742 καὶ
2693 692 2960 760 βασιλέως
3021 695 3274 764 ἐπείχετο
3347 701 3697 766 γράφοντος),

2112 779 2368 847 πρύμναν
2405 782 2776 849 κρουσάμενος
2825 783 2982 847 αὖθις
3015 786 3323 854 γράμματα
3351 787 3534 859 πλήρη
3574 790 3700 841 δου-

2108 867 2257 930 λείας
2293 870 2574 938 πεπόμφει
2627 873 2764 940 πρὸς
2815 873 3061 942 βασιλέα,
3115 877 3557 944 ἀπολογούμενος
3602 881 3702 946 μὲν

2107 959 2279 1028 αὐτῷ,
2307 960 2361 1012 εί
2387 960 2438 1012 τί
2467 979 2567 1012 που
2593 961 2701 1028 ἄρα
2732 966 2826 1016 καὶ
2863 965 3237 1036 παρεξελέχθη
3266 969 3465 1036 πικρὸν
3489 972 3582 1020 καὶ
3605 970 3700 1022 ἆλ-

2109 1051 2215 1114 λως
2245 1054 2491 1121 ἀπρεπὲς
2524 1054 2606 1124 [Ρ.
2639 1055 2767 1127 557]
2798 1059 2895 1125 τὴν
2919 1060 3024 1110 ἀπο
3050 1060 3157 1111 τῶν
3195 1060 3414 1112 Ἰταλῶν
3443 1061 3695 1129 ἀνάγκην

2109 1146 2205 1196 καὶ
2236 1145 2327 1196 τὸν
2363 1147 2575 1198 ἐκεῖθεν
2607 1148 2853 1200 κίνδυνον
2876 1151 3281 1220 ὑπονοουμένῳ,
3311 1151 3477 1216 ἀξιῶν
3521 1153 3578 1205 δὲ
3610 1154 3701 1208 λοο-

2107 1234 2365 1298 γίσασθαι
2390 1239 2487 1305 μὲν
2519 1239 2610 1290 καὶ
2630 1240 2727 1308 τὴν
2758 1241 3107 1310 καινοτομίαν
3142 1242 3240 1311 τῆς
3299 1241 3481 1311 χώρας
3515 1243 3688 1311 ὁπόση

2109 1331 2558 1397 παρακατασχεῖν
2588 1331 2632 1384 δ’
2665 1331 2806 1398 ὑπὲρ
2839 1329 3042 1398 ταύτης
3079 1332 3274 1385 ὁπόσον
3310 1331 3407 1384 καί⁸
3437 1331 3698 1400 βούλοιτο,

2108 1417 2241 1486 παρ’
2265 1417 2292 1469 ὂ
2321 1419 2416 1470 καὶ
2463 1419 2624 1488 μόνον
2649 1421 2711 1472 τὸ
2739 1421 2925 1474 λοιπὸν
2957 1422 3018 1486 ἐξ
3061 1415 3137 1475 ὧν
3167 1422 3424 1491 χιλιάδων
3453 1420 3699 1490 ἀπῄτουν

2113 1509 2339 1573 διδόναι,
2369 1510 2474 1564 κᾶν
2505 1512 2564 1564 οὐ
2589 1510 2684 1564 νῦν
2715 1512 2812 1574 τὰς
2850 1513 3055 1576 πάσας,
3097 1513 3212 1566 ἀλλ’
3246 1511 3338 1564 οὖν
3357 1511 3458 1572 τὰς
3481 1511 3702 1574 πλείους

2106 1599 2215 1651 τῶν
2239 1601 2374 1654 ὅλων
2397 1603 2665 1665 τέως,ὲπί
2692 1605 2750 1656 δὲ
2778 1604 2856 1673 τῷ
2875 1604 3119 1657 λείποντι
3153 1605 3233 1667 εἰς
3261 1605 3492 1672 διωρίαν
3521 1620 3700 1673 προσ-

2108 1695 2367 1763 αναρτᾷν.
2401 1695 2462 1746 Εἰ
2489 1694 2533 1747 δ’
2563 1694 2678 1760 οὖν,
2703 1696 2822 1748 ἀλλ’
2857 1696 3020 1758 αὐτὸς
3059 1696 3160 1765 μὲν
3220 1695 3376 1762 ἔλεγε
3408 1694 3596 1757 δοῦλος
3627 1690 3706 1747 εἷ·-

2109 1800 2196 1835 ναι
2222 1785 2316 1836 καὶ
2331 1785 2494 1844 πάλιν
2524 1786 2620 1838 καὶ
2642 1788 2754 1848 τοῖς
2787 1788 2866 1847 εἰς
2893 1788 2994 1854 τὴν
3013 1786 3295 1854 βασιλείαν
3320 1788 3504 1854 ὅρκοις
3531 1784 3706 1837 ὑπεύ-

2115 1873 2293 1936 θυνος,
2322 1874 2464 1943 ἔχειν
2492 1875 2546 1927 δὲ
2576 1879 2670 1928 καὶ
2701 1879 2799 1930 σὺν
2826 1876 2975 1946 αὐτῷ
3007 1878 3212 1946 χιλίους
3237 1878 3366 1936 τοὺς
3404 1876 3703 1940 εὐπειθεῖς,

2114 1967 2225 2026 τοῖς
2251 1965 2296 2017 δ’
2325 1966 2505 2029 ἄλλοις
2537 1966 2601 2019 ἂν
2631 1967 2780 2036 αὐτῷ
2899 1967 3211 2038 βουλομένῳ
3238 1968 3537 2036 μάχεσθαι,
3577 1968 3704 2017 ἐπεὶ

2117 2057 2390 2120 κάκείνοις
2421 2061 2626 2120 σκοπὸς
2657 2059 2690 2129 ἢ
2724 2058 2982 2111 λαϐοῦσιν
3009 2060 3242 2128 ἠρεμεῖν
3289 2060 3322 2127 ἢ
3367 2058 3442 2127 μὴ
3469 2056 3704 2110 λαϐοῆσι

2114 2153 2212 2220 τὴν
2241 2151 2424 2223 χώραν
2446 2154 2838 2222 καταδραμεῖν,
2883 2155 2974 2206 καί
3003 2154 3168 2217 αὐτὸς
3205 2153 3426 2224 σύναμα
3447 2156 3567 2218 ταῖς
3601 2152 3702 2224 βα-

2117 2245 2352 2308 σιλικαῖς
2374 2246 2669 2317 δυνάμεσιν
2697 2247 3064 2308 ἐπιτίθεσθαι,

2111 2618 2198 2663 sto
2229 2608 2513 2674 Michaeie,
2543 2609 2828 2678 impetum,
2859 2618 2919 2662 ιιι
2943 2607 3251 2670 dicebatur,
3277 2619 3400 2660 mox
3434 2603 3489 2657 in
3517 2602 3700 2672 ipsum

2111 2702 2330 2757 facturo
2365 2711 2421 2757 et
2457 2702 2524 2757 ad
2573 2702 2675 2756 hoc
2718 2702 3027 2757 exercitum
3071 2712 3306 2769 augente
3338 2698 3496 2753 novis
3545 2698 3701 2752 dele-

2111 2796 2298 2850 ctibus
2331 2809 2652 2863 quanquam
2696 2795 2895 2848 litteris
2929 2794 3103 2863 patris
3145 2792 3213 2847 ab
3242 2807 3308 2846 eo
3343 2790 3576 2846 consilio
3608 2807 3698 2844 re-

2112 2888 2456 2942 trahebatur.
2507 2887 2642 2942 Utut
2686 2887 2782 2950 sit,
2841 2902 3027 2949 eursu,
3067 2884 3212 2954 quod
3267 2884 3440 2949 aiunt,
3495 2881 3703 2936 reﬂexo

2110 2979 2446 3036 Bontzerius
2473 2982 2686 3034 litteras
2719 2981 2910 3049 plenas
2943 2979 3274 3032 humilitatis
3304 2994 3423 3032 cum
3459 2978 3699 3040 obnoxia

2112 3072 2465 3139 professione
2505 3072 2792 3127 servitutis
2838 3072 2906 3126 ad
2937 3071 3248 3139 Augustum
3300 3070 3580 3124 seniorem
3611 3069 3702 3122 de-

420 3156 628 3212 ratoris
659 3157 853 3211 filioet
879 3157 1096 3224 imperii
1123 3159 1391 3223 consorti,
1429 3160 1576 3212 scire
1612 3176 1732 3215 sese
1764 3176 1865 3215 nec
1889 3161 2006 3216 dis-
2036 3199 2078 3254 ϐ
2113 3163 2218 3228 dit,
2255 3179 2534 3218 excusans
2563 3163 2803 3218 sollicite
2837 3164 2879 3217 si
2911 3162 3044 3230 quid
3082 3163 3182 3230 ipsi
3211 3178 3341 3230 erga
3373 3159 3492 3229 ejus
3525 3160 3698 3228 maje—

420 3251 693 3308 simulare
717 3249 844 3315 quid
881 3249 1127 3303 deberet.
1161 3251 1422 3319 Adeoque
1452 3261 1788 3320 perstantem
1818 3255 1869 3306 in
1904 3255 2008 3308 lide

421 3344 829 3412 debitajuratae
857 3343 931 3395 illi
956 3343 1342 3412 subjectionis,
1381 3351 1630 3408 paratum
1667 3361 1791 3400 esse
1826 3348 2004 3415 ipsum

421 3437 677 3492 venerari
713 3436 1046 3505 procidendo
1077 3435 1144 3490 ad
1183 3436 1344 3504 pedes
1374 3435 1514 3490 ﬂexo
1551 3447 1606 3491 et
1641 3438 1788 3492 humi
1829 3439 2008 3508 posito

422 3546 590 3601 genu,
618 3530 703 3584 vel
740 3545 920 3598 usque
947 3529 1022 3583 ab
1044 3529 1476 3598 quadragesimo
1514 3531 1767 3599 vestigio.
1806 3532 1878 3585 De
1902 3549 2007 3586 ra:-

423 3633 567 3686 tero,
602 3622 646 3676 si
684 3622 790 3674 vim
826 3620 1076 3684 inferret,
1112 3637 1175 3676 se
1210 3621 1354 3676 haud
1387 3631 1715 3678 cunctanter
1749 3624 2005 3693 repulsu-

421 3728 570 3776 rum,
626 3711 876 3783 nihilque
945 3715 1284 3768 omissurum
1320 3715 1464 3782 quod
1511 3731 1624 3770 sure
1680 3732 1744 3770 ac
1777 3731 2002 3769 suorum

423 3805 785 3876 expediendae
812 3807 978 3861 saluti
1018 3807 1337 3861 necessario
1369 3807 1740 3862 adhibendum
1788 3810 2006 3864 videre-

423 3909 538 3956 tur.
589 3900 771 3954 Praelii
822 3914 1146 3954 successum
1178 3901 1232 3952 in
1284 3899 1454 3954 sortis
1478 3900 1712 3955 arbitrio
1745 3900 1862 3955 fore
1896 3918 1911 3954 :
1948 3918 2006 3955 se

421 3994 574 4050 enim
605 4002 666 4049 et
693 3994 894 4048 cadere
921 3993 1014 4047 tali
1047 3993 1354 4048 certamine
1388 4003 1667 4062 paratum,
1699 4004 1753 4048 et
1773 3994 2008 4061 quemli-

422 4087 518 4142 bet
562 4101 624 4141 se
666 4094 861 4140 contra
896 4085 1222 4142 inferentem
1253 4085 1526 4140 occidere.
1561 4084 1675 4139 Nec
1709 4087 1846 4140 velle
1874 4101 2007 4143 suos

423 4179 764 4249 angurandis
810 4178 1102 4234 eventibus
1160 4178 1430 4233 sollicitos
1472 4193 1596 4233 esse
1648 4178 1716 4232 de
1757 4178 2004 4234 domino.

421 4268 564 4323 Nam
594 4267 786 4322 talium
823 4283 958 4322 cura
987 4268 1121 4322 viris
1172 4266 1406 4322 fortibus
1440 4268 1492 4321 in
1538 4268 1868 4323 discrimine
1913 4284 2008 4325 ne-

425 4359 680 4431 gligenda
738 4369 844 4422 est,
889 4375 1001 4414 uno
1050 4361 1334 4427 proposito
1377 4360 1688 4429 vigentibus
1735 4361 2009 4431 intrepide

427 4453 715 4524 pugnandi
764 4451 1180 4520 uleisceudique
1210 4466 1270 4506 se
1301 4467 1365 4504 ac
1401 4451 1685 4521 frangendi
1741 4452 2004 4507 intentam

427 4560 496 4599 ex
525 4545 756 4598 adverso
810 4544 938 4596 vim.
976 4542 1171 4611 Itaque
1216 4557 1325 4595 non
1373 4543 1808 4617 committemus,
1841 4545 2010 4599 stulta

426 4639 629 4694 salutis
659 4637 992 4706 objiciendae
1030 4636 1277 4706 periculo
1322 4635 1641 4703 formidine,
1687 4649 1748 4693 ut
1791 4638 2011 4707 injuria:

425 4733 862 4788 succumbentes
895 4730 1266 4800 servitutique
1314 4729 1504 4798 inique
1546 4731 1827 4799 nancipati
1875 4748 2013 4788 nau-

425 4825 665 4894 fragium
721 4822 881 4892 513
927 4823 980 4876 in
1027 4831 1188 4891 portu
1237 4821 1529 4876 faciamus.
1580 4821 1706 4876 llaec
1751 4833 1805 4878 et
1844 4825 2012 4894 hujus

426 4917 645 4986 generis
689 4917 846 4984 plura
889 4914 1037 4968 Itala:
1070 4915 1231 4982 plana
1288 4913 1600 4969 insolentia:
1644 4915 2012 4970 licentissime

426 5008 737 5064 blaterabat
788 5006 1086 5072 barbarus,
1125 5006 1264 5060 fmda
1299 5022 1527 5061 suorum
1577 5006 1898 5062 Latinorum
1929 5007 2006 5062 fa-

427 5099 620 5155 cinora
645 5100 936 5168 speciosis,
970 5108 1030 5152 ut
1075 5101 1322 5167 putabat,
1366 5102 1615 5167 integens
1665 5099 2008 5162 obtentibus,

431 5207 524 5247 res
557 5193 955 5261 imperatorum
1007 5200 1318 5248 extenuans
1354 5192 1782 5261 deprimensque
1832 5193 2012 5262 impu-

431 5283 652 5346 denter,
688 5285 781 5337 sed
811 5299 877 5336 eo
920 5282 1140 5337 dicendi
1175 5298 1464 5348 success",
1501 5291 1560 5336 ut
1601 5282 1702 5339 sibi
1739 5281 1915 5337 solum
1950 5299 2014 5338 ac

429 5377 570 5438 suis,
606 5377 741 5429 nulli
779 5386 962 5431 autem
1000 5377 1234 5433 aliorum
1263 5377 1356 5444 qui
1385 5376 1665 5441 audirent,
1699 5375 2009 5445 probabilia

429 5468 580 5538 loqui
624 5469 698 5522 sit
749 5469 920 5524 visus.
955 5466 1075 5522 Non
1122 5469 1310 5538 plures
1354 5470 1542 5522 decem
1589 5482 1656 5522 ex
1695 5468 1796 5522 hac
1825 5468 2007 5524 habita

429 5561 698 5617 concione
730 5561 850 5615 dies
879 5560 1226 5622 eliluxerant,
1259 5575 1384 5614 cum
1417 5559 1566 5614 visus
1591 5566 1678 5614 est
1708 5559 2015 5628 intelligere

431 5652 767 5706 Routzerius
802 5669 925 5706 sese
959 5651 1101 5704 ultra
1131 5665 1296 5718 quam
1332 5651 1411 5704 fas
1446 5649 1590 5704 foret
1627 5651 1865 5707 dicendo
1892 5667 2018 5721 pro-

431 5759 672 5809 vectum,
703 5746 821 5798 sive
861 5744 914 5798 id
949 5743 1026 5796 illi
1055 5758 1155 5799 sua
1184 5741 1360 5811 ipsius
1394 5742 1684 5812 prudentia
1713 5746 2009 5814 suggessit,

433 5840 550 5898 sive
585 5839 744 5895 istam
771 5839 1062 5911 inSpiravit
1092 5838 1473 5907 pu-nitentiam
1507 5847 1685 5896 metus
1727 5839 1798 5895 ab
1819 5838 2012 5910 Augu.

2114 3263 2312 3308 statcm
2373 3257 2632 3309 acerbius
2690 3267 2784 3308 aut
2842 3255 3050 3322 alioqui
3086 3255 3266 3308 minus
3308 3255 3458 3307 dictu
3495 3268 3701 3307 conve-

2112 3346 2274 3400 niens
2320 3361 2532 3413 nupera
2589 3346 2859 3399 concione
2914 3347 3238 3402 excidisset.
3289 3343 3346 3398 Si
3401 3344 3533 3412 quid
3590 3344 3702 3397 tale

2111 3436 2275 3501 foret,
2317 3437 2425 3490 sibi
2461 3453 2679 3491 summa
2729 3436 2782 3490 vi
2810 3452 3164 3506 expressum,
3198 3436 3534 3491 necessitate
3560 3435 3704 3493 deli-

2113 3524 2300 3580 niendi
2342 3527 2651 3580 concitatos
2695 3527 2750 3580 in
2814 3527 3149 3581 seditionem
3211 3527 3266 3582 in
3329 3542 3500 3596 seque
3561 3528 3700 3580 adeo

2113 3621 2292 3686 ὶνμιιιιι
2350 3618 2566 3672 irruere
2623 3619 2904 3673 hostiliter
2956 3631 3178 3689 paratos
3238 3619 3385 3674 feros
3438 3620 3699 3674 Italorum

2111 3694 2347 3764 animus.
2383 3711 2458 3764 De
2491 3710 2714 3779 negotio
2761 3711 2881 3780 ipso
2914 3711 3285 3781 ﬂagitatorum
3322 3714 3391 3765 ab
3421 3704 3508 3766 liis
3544 3722 3701 3766 tanto

2113 3806 2298 3858 furore
2355 3803 2781 3870 stipendiorum,
2841 3804 2922 3859 sic
2983 3819 3128 3857 nunc
3179 3805 3287 3858 sibi
3355 3804 3527 3858 videri
3581 3821 3697 3858 rem

2111 3912 2276 3965 posse
2349 3894 2569 3949 conﬁci.
2624 3894 2911 3950 {Estimari
2980 3894 3177 3965 jubeat
3247 3897 3507 3962 majeslas
3575 3897 3698 3965 ejus

2111 3991 2315 4044 ι1ειιιιιιιι
2376 4004 2554 4058 nuper
2613 3989 2764 4041 illata
2837 3988 3047 4057 regioni
3113 3987 3314 4058 [ιι-καῖε
3379 3988 3700 4057 rapinisque

2111 4081 2521 4137 Catelanorum.
2555 4079 2688 4135 Eam
2731 4094 3008 4134 summam
3054 4079 3110 4131 in
3147 4077 3547 4148 stipendiorum
3605 4094 3698 4132 re-

2113 4187 2198 4229 tro
2259 4175 2572 4229 debitorum
2628 4181 2844 4242 partem
2904 4173 3178 4241 imputet,
3241 4186 3416 4240 eoque
3478 4171 3701 4226 nomine

2119 4265 2351 4322 retineat
2395 4280 2461 4318 ex
2508 4264 2618 4318 illis
2665 4279 2788 4335 quae
2832 4273 3068 4333 poscunt
3121 4278 3475 4317 nummorum
3531 4263 3698 4317 milli-

2113 4359 2240 4421 bus,
2290 4369 2560 4427 quantum
2607 4372 2676 4412 ex
2721 4371 2880 4426 aequo
2911 4356 3210 4411 censuerit.
3259 4355 3553 4425 Reliquum
3605 4356 3704 4428 de-

2115 4451 2289 4505 bitum
2345 4458 2703 4521 repraesentet
2759 4450 2944 4515 modo,
2988 4450 3036 4504 si
3084 4463 3192 4503 non
3242 4457 3441 4513 totum,
3503 4449 3700 4504 saltem

2043 4529 2088 4584 ί)
2119 4560 2183 4597 ex
2235 4555 2386 4612 parte
2421 4543 2632 4613 majore
2663 4559 2678 4596 :
2709 4551 2964 4596 cameram
2999 4541 3332 4596 solutionem
3376 4541 3698 4609 suspendat,

2117 4635 2430 4707 pollicendo
2476 4651 2535 4690 se
2585 4636 2640 4689 iu
2675 4643 2924 4704 tempore
2955 4634 3332 4704 provisurum.
3368 4633 3504 4689 Sese
3551 4636 3704 4701 quod

2116 4732 2399 4791 attineret,
2432 4731 2631 4784 iterum
2666 4743 2732 4785 ex
2766 4728 2938 4782 animi
2973 4727 3060 4782 sui
3102 4728 3377 4782 sententia
3411 4727 3704 4783 verissimo
3765 4802 3771 4806 ν

2121 4822 2319 4878 affectu
2360 4821 2605 4890 proliteri
2638 4821 2950 4891 subjectum
2983 4835 3044 4876 se
3075 4820 3352 4888 majestati
3387 4820 3506 4890 ejus
3539 4835 3693 4885 esse,
3752 4824 3772 4901 ἐ

2117 4928 2182 4968 ac
2209 4928 2308 4982 pro
2332 4911 2708 4982 jurisjurandi
2741 4910 3009 4979 religione
3059 4907 3559 4978 obsequentissima
3605 4924 3706 4963 vo-
3751 4905 3755 4917 ’

2091 5005 2329 5070 _luntate
2383 5014 2752 5074 praeparatum
2811 5001 2879 5055 ad
2943 5001 2991 5056 ei
3043 5001 3422 5055 serviendum.
3489 4999 3706 5055 Habere

2117 5099 2279 5154 etiam
2308 5098 2410 5151 sibi
2437 5097 2572 5152 satis
2606 5095 2911 5166 morigeros
2945 5110 2974 5148 e
3005 5095 3124 5150 suis
3162 5093 3345 5159 mille;
3376 5109 3516 5162 quos
3549 5093 3598 5146 si
3632 5093 3708 5148 sit

2117 5205 2254 5258 opus
2282 5199 2337 5243 et
2362 5190 2661 5256 imperator
2688 5187 2900 5256 jubeat,
2933 5185 3098 5256 514.
3131 5186 3336 5240 ducere
3359 5201 3462 5238 non
3488 5184 3708 5240 dubitet

2122 5284 2386 5338 adversus
2425 5282 2566 5336 alios
2613 5281 2669 5335 in
2714 5280 3061 5334 contumacia
3102 5286 3412 5347 perstantes
3441 5287 3495 5332 et
3521 5278 3706 5330 adhuc

2121 5374 2489 5430 vociferantes
2547 5388 2626 5438 se,
2679 5373 2726 5426 si
2779 5371 3070 5440 pecuniam
3102 5385 3266 5440 quam
3314 5379 3504 5440 petunt
3559 5369 3711 5422 acci-

2124 5468 2298 5537 piant,
2333 5468 2645 5536 quieturos,
2675 5467 2761 5520 sin
2801 5464 3010 5530 minus,
3047 5464 3328 5533 regionem
3376 5463 3707 5517 incursuros

2125 5561 2422 5618 hostiliter.
2469 5562 2679 5614 Horum
2717 5559 2911 5615 ulcisci
2966 5557 3303 5629 proterviam
3355 5557 3708 5612 conserendo
3783 5623 3790 5630 _

2121 5669 2246 5708 cum
2292 5653 2377 5707 his
2437 5653 2624 5722 prwlio
2684 5652 2737 5706 in
2775 5653 2960 5705 animo
2986 5651 3093 5705 sibi
3127 5665 3272 5716 esse,
3325 5650 3417 5703 ubi
3469 5663 3704 5703 suarum

2120 5759 2446 5803 czeterarum
2501 5746 2786 5816 copiarum
2835 5746 3093 5800 idoneum
3147 5743 3213 5797 ad
3259 5757 3410 5812 Spem
3456 5740 3705 5798 victoria:

2120 5839 2429 5897 subsidium
2467 5839 2691 5910 adjungi
2721 5837 2825 5895 sibi
2862 5840 3144 5908 Augustus
3177 5833 3433 5906 jusserit.
