4046 6390
294 381 413 442 565Δ

1191 384 1287 442 DE
1332 385 1775 446 ANDRONICO
1809 385 2269 447 PAL'ASOLUGO
2295 385 2441 447 Lm.
2466 370 2564 447 γι.

3472 381 3586 442 εϋεῑ

296 488 384 546 ιϐ’.
433 493 726 569 Πρεσϐείςι
781 492 879 569 καὶ
932 488 1106 569 αὗθις
1155 494 1286 569 τῶν,
1308 495 1691 569 ῌΚατελᾴνων
1729 500 1879 567 πρὸς
1912 504 1954 556 Α
1988 517 2122 566 γουν
2154 499 2299 554 κατά
2338 499 2446 554 τῶν
2468 498 2770 569 πολεμίων,
2807 497 2943 551 em
2989 494 3084 549 καὶ
3112 495 3261 547 πόλλ’
3310 497 3447 549 ἄττα
3477 496 3580 564 τὴν

465 562 740 627 βασιλέα
761 563 863 616 καὶ
903 563 1009 617 τοῦ
1037 564 1238 617 αὐτῶν
1263 564 1697 636 ἐξηγουμένου.

220 747 227 754 .
364 671 448 725 Τὰ
470 672 516 726 δ’
550 673 687 726 αὐτά
719 672 896 726 ταῦτα
926 673 1022 727 καὶ
1073 676 1381 731 Κατελάνοι
1436 679 1695 747 πρέσϐεις
1740 683 1877 750 πρὸς

295 762 522 833 βασιλέα
551 766 699 831 τρεῖς
747 763 1088 832 πέμψαντες,
1125 769 1220 821 ἐπὶ
1249 768 1445 841 διωρίᾳ
1476 772 1876 826 πεντεκαίδεκα

295 854 541 923 ἡμερῶν,
578 854 699 921 μετ’
734 853 818 924 [Ρ.
849 855 980 926 358]
1030 858 1373 928 εὐσχήμονος
1418 862 1515 916 καὶ
1546 863 1750 933 τρόπου
1796 865 1883 935 τῷ

291 945 469 999 δοκεῖν
495 948 589 999 καὶ
627 947 927 1016 προσώπου
968 949 1450 1019 διεπρεσϐεύοντο·
1496 951 1576 1019 οἷς
1605 956 1670 1027 δὴ
1703 955 1876 1010 θέλων

293 1038 387 1089 καὶ
416 1039 580 1100 αὐτὸς
614 1037 871 1106 βασιλεὺς
926 1039 1019 1092 ὑπ’
1064 1041 1186 1111 ὄψιν
1245 1045 1418 1097 θεῖναι
1451 1046 1707 1115 τάοσφίσι
1733 1066 1878 1121 πρα-

296 1127 513 1197 χθέντα,
546 1130 641 1182 καὶ
662 1129 833 1196 δείξαι
857 1131 931 1194 ὡς
954 1131 1127 1185 πολλά
1158 1132 1261 1203 μὲν
1306 1133 1471 1205 ἔσχον
1514 1139 1609 1192 καὶ
1632 1140 1879 1205 θέλοντος

293 1219 585 1274 αὐτοῦκαὶ
618 1221 693 1293 μὴ
716 1222 982 1290 θέλοντος,
1002 1225 1158 1278 οῦδὲν
1186 1224 1232 1279 δ’
1257 1225 1502 1299 ἔπραξαν
1529 1230 1630 1283 ὅσα
1650 1232 1878 1300 μισθοὺς

293 1313 633 1381 ἐφέλκεσθαι·
674 1314 952 1380 δύνανται,
1011 1317 1177 1388 ἐνάτῃ
1234 1320 1470 1390 Κρονίου
1527 1324 1654 1385 τοὺς
1710 1314 1878 1387 ἰδίους

292 1406 788 1476 συνεκκλησιάσας,
835 1408 1127 1478 παρόντων
1175 1411 1274 1464 καὶ
1320 1412 1432 1465 τῶν
1471 1415 1572 1483 τῆς
1605 1415 1879 1479 πολιτείας

290 1496 581 1566 χρησίμων
612 1499 669 1550 ἐν
709 1499 897 1570 κοινῷ,
930 1501 1025 1554 καὶ
1049 1502 1211 1565 αὐτὸς
1243 1503 1422 1572 ἀρχῆς
1453 1503 1549 1556 ἀπ’
1586 1504 1766 1575 ἄκρης
1808 1504 1878 1558 τά

290 1589 412 1643 κατ’
449 1590 645 1652 αὐτοὺς
675 1590 902 1663 διεξῄει,
935 1593 1062 1662 ἐμοὶ
1088 1594 1275 1660 δοκεῖ,
1327 1596 1594 1666 ἀντίτομα
1629 1597 1726 1666 τῆς
1762 1598 1879 1651 ἐκεῖ

288 1680 630 1752 δημηγορίας
665 1686 1136 1757 συνεργαζόμενος
1179 1691 1464 1759 ἄντικρυς.
1511 1691 1725 1762 Διεξῄει
1767 1690 1878 1760 γὰρ

290 1773 385 1825 καὶ
434 1767 591 1835 οὗτος
623 1774 761 1844 πρὸς
796 1776 926 1839 τοὺς
982 1776 1247 1845 πρέσϐεις
1279 1778 1459 1846 λέγων
1504 1780 1742 1850 ἀρχῆθεν
1779 1782 1877 1850 τὴν

287 1864 398 1916 ἀπὸ
424 1864 525 1934 τῆς
558 1866 809 1930 Σικελίας
840 1868 931 1921 τοῦ
956 1869 1183 1937 ἄγοντος
1209 1871 1352 1938 σφᾶς
1387 1871 1636 1937 ἀξίωσιν,
1661 1873 1882 1940 καὶιτὴν
1916 1853 1956 1909 Β

290 1955 460 2010 αὑτοῦ
490 1958 584 2011 ἐπὶ
607 1956 822 2022 τούτοις
853 1960 1039 2014 νεῦσιν
1063 1963 1158 2015 καὶ
1183 1962 1548 2032 πρόσκλησιν,
1590 1966 1685 2018 καὶ
1712 1965 1794 2017 ὅτι
1819 1967 1881 2018 οὐ

280 2049 484 2126 ’τόσους
518 2050 880 2119 μετεκαλεῖτο
929 2052 1088 2115 ὅσους
1117 2049 1187 2124 ἦν
1243 2054 1468 2121 ἀγαγὼν
1504 2058 1731 2120 ἐκεῖνος,
1789 2056 1885 2109 καὶ

289 2143 518 2209 ἀγαγὼν
549 2143 706 2212 ἠξίου
741 2144 880 2215 πρὸς
914 2147 1108 2215 καιρὸν
1165 2146 1439 2215 δέχεσθαι,
1473 2149 1561 2201 δτι
1588 2166 1648 2200 τε
1679 2149 1883 2218 διαχει-

297 2235 618 2306 μερίζοντες
644 2238 789 2292 κατὰ
823 2234 1063 2301 Κύζικον
1082 2237 1179 2291 κοέι
1207 2239 1264 2302 ἐς
1299 2239 1402 2310 ἔαρ
1428 2240 1529 2311 οὐχ
1551 2240 1701 2297 ὅπως
1718 2241 1883 2311 ἐνήρ-

295 2418 387 2490 Ιῧ.
422 2432 638 2505 Legatio
662 2434 833 2489 altera
871 2433 1257 2517 (Zatelanorum
1283 2446 1332 2490 et
1362 2438 1516 2492 ducis
1546 2438 1785 2508 ipsorum
1816 2441 1886 2494 ad

896 2515 1292 2574 imperatorem.

365 2621 571 2678 Eadem
598 2635 762 2691 porro
799 2620 882 2676 vel
922 2622 1008 2675 his
1039 2620 1244 2676 similia
1283 2621 1541 2678 Catelani
1575 2632 1702 2695 post
1733 2640 1887 2679 sum-

300 2726 457 2786 ptum
494 2715 655 2785 quasi
684 2714 763 2775 ad
798 2713 1218 2769 deliberandum
1267 2715 1615 2771 intervallum
1650 2716 1888 2788 quinde-

298 2809 407 2861 uim
432 2808 677 2871 dierum,
710 2808 876 2862 trium
919 2823 949 2864 e
983 2807 1098 2863 suis
1145 2807 1422 2878 legatione
1468 2807 1538 2862 ad
1590 2808 1885 2878 imperato-

299 2917 416 2956 rem
458 2901 648 2964 missa,
685 2915 799 2955 non
846 2900 970 2956 sine
1015 2900 1215 2954 decora
1251 2899 1442 2970 specie
1490 2899 1888 2956 submissionis

296 2973 700 3051 venerabunda:
730 3008 795 3047 ac
840 2993 1162 3060 compositae
1199 2993 1314 3062 jam
1365 2993 1565 3049 mentis
1616 3009 1890 3064 exposue-

294 3100 450 3143 runt.
482 3087 698 3154 Quibus
738 3087 929 3140 volens
962 3085 1279 3163 imperator
1334 3085 1407 3139 ob
1439 3086 1630 3141 oculos
1683 3102 1889 3156 ponere

1986 593 2172 664 χώραν
2204 595 2538 662 εἰργάσαντο
2572 591 2836 662 δυσχερῆ.
2875 586 2987 644 Εἶτ’
3021 588 3359 657 ὲπισυνῆπτε
3386 586 3483 640 καὶ
3507 586 3578 639 τά

1986 689 2112 741 κατ’
2143 686 2429 757 ἀνατολὴν.
2456 685 2552 737 καὶ
2581 684 2657 748 ὡς
2686 682 2837 736 πόλλ’
2868 682 3004 736 ἄττα
3032 681 3127 734 καὶ
3174 679 3327 732 δεινά
3356 678 3422 731 οὐ
3447 677 3577 739 τοὺς

1987 778 2238 847 ἐχθροὺς,
2289 775 2426 830 ἀλλά
2478 775 2609 838 τοὺς
2656 773 2966 842 Ῥωμαίους
3017 770 3411 825 διατεθείκασι.
3463 766 3579 820 Καὶ

1986 870 2085 923 νῦν
2121 870 2179 923 δὲ
2204 865 2723 937 διαπεραιωθέντες,
2760 865 2936 932 ἔλεγε,
2963 864 3116 917 πόλλ’
3145 863 3285 918 ἄττα
3322 861 3418 915 καὶ
3439 861 3579 915 ἀτά-

1988 961 2162 1017 σθαλα
2203 961 2345 1015 κατά
2364 960 2520 1014 δύσιν
2545 956 2835 1029 πράξειαν,
2866 948 2941 1012 ῶν
2962 956 3116 1011 οὐδὲν
3148 958 3213 1009 ὲκ
3237 954 3334 1008 τοῦ
3360 953 3571 1015 εἰκότος

1986 1054 2137 1124 αὑτῷ
2184 1054 2236 1107 οἱ
2275 1054 2514 1108 ἄπυστον
2549 1046 2711 1106 εἶναι.
2756 1049 2861 1116 Ἐξ·
2898 1045 2975 1104 ῶν
3033 1048 3238 1110 ἱκανῶς
3289 1047 3437 1117 ἔχειν
3465 1044 3578 1097 τῶν

1988 1146 2383 1218 μισοωμάτων.
2422 1144 2488 1216 ἦν
2517 1161 2602 1209 τις
2625 1141 2920 1212 λογίζοιτο,
2951 1143 3114 1210 σφᾶς.
3148 1141 3330 1211 Ἀπερ
3351 1138 3502 1203 ἀξιον
3520 1137 3580 1191 ὂν

1985 1239 2175 1302 δεινῶς
2199 1237 2480 1307 μετελθεῖν
2510 1236 2568 1289 οὐ
2604 1234 2871 1306 μετῆλθεν
2900 1235 3073 1304 ὅμως,
3118 1233 3256 1286 ἀ).λά
3304 1233 3402 1286 καὶ
3440 1230 3576 1284 ἄλλα

1987 1333 2518 1403 προσφιλοτιμεῖται,
2544 1330 2638 1382 καὶ
2668 1327 2804 1397 πρὸς
2828 1327 3098 1397 ἀνατολὴν
3124 1327 3359 1397 πέμπει,
3387 1324 3578 1394 χώραν

1988 1422 2190 1486 ἱκανῶς
2221 1422 2455 1493 ἔχουσαν
2502 1421 2646 1488 σφᾶς
2677 1420 2926 1488 τρέφειν.
2971 1419 3203 1473 Ἐκεῖνοι
3232 1417 3289 1470 δὲ
3320 1415 3459 1472 ἀλλά
3487 1432 3581 1468 σο·-

1988 1514 2351 1584 ϐαρευόμενοι
2380 1511 2694 1575 ἀπειθοῦσι,
2741 1510 3086 1581 καὶπροσέτι
3122 1508 3577 1579 προσαπειλοῦσι,

1989 1607 2155 1677 μηδὲν
2178 1605 2424 1677 ἀκριϐῶς
2450 1606 2653 1669 είδότες
2677 1607 2778 1676 τὴν
2806 1602 3089 1676 βασιλείαν
3133 1596 3427 1670 Ῥωμαίων
3450 1597 3580 1651 ὁπό-

1989 1715 2081 1751 σον
2117 1697 2292 1768 ίσχύει
2323 1698 2417 1751 καὶ
2437 1698 2514 1761 ὡς
2546 1698 2796 1761 εὐπετῶς
2823 1697 2938 1767 ἔχει
2963 1696 3059 1748 καὶ
3086 1694 3342 1767 τριήρεις
3364 1709 3578 1761 ναυπη-

1986 1789 2264 1860 γήσασθαι
2291 1791 2386 1844 καὶ
2408 1791 2679 1863 μαχηταῖς
2712 1789 3139 1860 ἐξαρτύσασοαι,
3162 1786 3330 1857 μηδὲν
3342 1782 3574 1856 δεομένη

1989 1886 2298 1957 συμμάχων
2333 1886 2580 1951 ἐκείνων,
2634 1885 2750 1941 ἀλλ’
2780 1885 2872 1937 ἐπὶ
2901 1884 3157 1939 τοσοῦτον
3186 1885 3285 1946 τὰς
3311 1882 3579 1950 δυνάμεις

1988 1978 2318 2050 ἁποχρώσας
2367 1977 2567 2048 ἔχουσα
2614 1977 2745 2030 ὥστ’
2787 1977 3048 2047 εὐμαρῶς
3099 1975 3245 2045 ἔχειν
3287 1973 3454 2044 φόϐον
3481 1974 3579 2028 καὶ

1987 2073 2102 2132 τοῖς
2134 2069 2354 2139 μακράν
2384 2067 2667 2139 ἐμϐαλεῖν,
2706 2070 2812 2123 κᾶν
2854 2068 2931 2138 τῷ
2956 2069 3103 2131 τέως.
3121 2067 3313 2121 αἰτιῶν
3361 2064 3601 2118 πολλῶν.

1986 2161 2386 2230 προσίστανται
2419 2162 2705 2231 ἁμαρτίαι.
2757 2159 2820 2214 Εἰ
2847 2159 3029 2214 τοίνυν
3067 2158 3327 2229 ἀγαπῷεν
3356 2156 3576 2227 λαμϐά-

1989 2270 2172 2318 νοντες
2206 2252 2275 2307 τὰ
2317 2252 2590 2323 διδόμενα.
2619 2253 2680 2306 El
2703 2251 2748 2304 δ’
2776 2247 2894 2317 οὖν,
2942 2252 3036 2305 καὶ
3066 2250 3229 2305 αὐτὸν
3255 2248 3403 2323 ἔχειν
3435 2249 3580 2318 ἀμυιιλ

1990 2433 2382 2505 opinarentur,
2418 2432 2776 2487 vehementer
2810 2420 3077 2487 errarent.
3112 2434 3295 2501 Atque
3340 2430 3460 2486 lucc
3496 2438 3581 2485 tot

1990 2528 2129 2583 locis
2152 2528 2222 2582 ab
2257 2527 2344 2582 bis
2380 2541 2611 2581 corrasa
2651 2526 2695 2581 si
2730 2526 2854 2594 quis
2885 2524 3256 2580 aestimatione
3280 2524 3407 2578 -rite
3441 2524 3589 2579 inita-

1989 2619 2044 2671 in
2078 2632 2352 2673 summam
2388 2617 2636 2687 colligat,
2675 2615 3099 2686 reperiethaud
3129 2614 3454 2686 dub‘ie'plus
3490 2633 3582 2672 sa-

1995 2711 2068 2766 tis
2094 2710 2208 2779 jam
2239 2724 2337 2765 eos
2367 2711 2771 2780 stipendiorum
2803 2725 2868 2764 ac
2906 2710 3232 2765 mercedum
3265 2710 3576 2778 accepisse.

1989 2803 2094 2860 Ubi
2123 2819 2246 2858 eum
2280 2803 2607 2873 indignandi
2631 2803 2786 2858 locus
2814 2814 2962 2859 esset
2985 2804 3129 2872 quod
3164 2817 3286 2873 quae
3311 2804 3608 2867 violenter.

1990 2897 2364 2952 extorsissent
2399 2896 2602 2950 iterum
2653 2896 2917 2951 seditiose
2952 2876 3356 2967 minacitcrque
3416 2911 3580 2965 repo-

1991 2997 2236 3055 scerent,
2259 2989 2346 3045 bis
2372 2989 2428 3043 in
2454 2990 2646 3044 eodem
2675 2988 2841 3056 idque
2868 2986 3302 3051 intolerabiliter
3342 3003 3583 3059 peccan-

1991 3093 2097 3148 tes,
2130 3091 2313 3137 tamen
2343 3091 2605 3137 consueta
2631 3096 2692 3136 se
2720 3090 2967 3136 utentem
3003 3081 3250 3145 lenitate,
3277 3095 3387 3134 non
3418 3080 3581 3136 mod‘o
3607 3117 3612 3121 η

291 3199 419 3253 qua:
451 3181 738 3246 fecissent,
778 3178 839 3236 et
887 3164 1183 3234 ostendere
1235 3179 1470 3234 istorum
1522 3196 1644 3250 quae
1694 3197 1887 3252 posce-

1994 3186 2145 3244 rapta
2178 3190 2288 3230 non
2334 3185 2607 3244 repetere,
2653 3175 2748 3230 sed
2793 3189 2961 3244 super
2990 3175 3103 3228 haec
3140 3174 3342 3230 oﬂ‘erre
3368 3174 3607 3229 donum.

293 3282 424 3329 rent
453 3275 718 3345 pleraque
745 3272 857 3343 jam
899 3272 1052 3341 ipsos
1084 3271 1525 3340 praesumpsisse,
1565 3275 1767 3342 partim
1798 3290 1890 3329 vo.

291 3362 446 3416 lente
475 3363 674 3432 partim
710 3361 934 3414 nolente
965 3375 1046 3422 se,
1082 3358 1218 3413 nihil
1269 3374 1397 3415 vero
1432 3362 1486 3415 in
1526 3377 1683 3416 suum
1732 3364 1890 3418 obsc-

290 3453 490 3524 quium
519 3454 697 3525 egisse
728 3453 977 3507 omnium
1012 3470 1135 3523 qua:
1169 3456 1449 3509 attrahere
1481 3456 1790 3511 mercrdem
1832 3458 1887 3512 in

291 3546 522 3601 sedulos
568 3546 857 3601 ministros
893 3555 963 3600 ut
994 3559 1274 3603 merentes
1311 3556 1572 3618 possunt,
1624 3563 1768 3602 nona
1800 3549 1890 3603 die

292 3636 509 3692 mensis
540 3637 748 3697 Martii,
787 3638 1136 3708 congregatis
1173 3638 1229 3694 in
1259 3649 1593 3694 conventum
1628 3639 1890 3710 palatinis

297 3730 690 3796 familiaribus,
721 3730 983 3786 adhibitis
1022 3731 1187 3786 etiam
1227 3732 1419 3787 eodem
1456 3747 1487 3787 e
1534 3733 1738 3788 civium
1769 3749 1891 3789 cor-

294 3839 433 3892 pore
484 3838 719 3894 quorum
753 3823 848 3877 tali
906 3825 1126 3891 negotio
1155 3825 1448 3892 praesentia
1480 3825 1633 3879 utilis
1674 3825 1894 3881 videre-

305 3927 423 3979 tur,
457 3915 575 3985 ipse
608 3914 738 3970 inde
771 3930 946 3985 usque
979 3916 1048 3969 ab
1076 3915 1266 3971 ultimo
1289 3930 1380 3971 res
1413 3916 1572 3971 initio
1605 3928 1886 3985 repetens,

298 4024 468 4079 super
498 4017 555 4064 et
582 4006 724 4063 actis
757 4014 812 4062 et
844 4007 1143 4077 postulatis
1176 4017 1230 4063 et
1262 4008 1476 4064 meritis
1500 4007 1890 4064 Catelanorum

291 4115 537 4158 exorsus
559 4111 642 4156 est
674 4100 877 4155 dicere.
930 4099 1061 4154 Mihi
1097 4100 1331 4156 videtur
1355 4110 1731 4172 opportunum
1772 4101 1893 4172 ejus

294 4195 570 4251 orationis
623 4207 895 4249 summam
929 4192 1021 4247 hic
1072 4193 1128 4247 in
1183 4208 1361 4263 pauca
1424 4202 1762 4250 contractam
1793 4209 1895 4264 po-

295 4304 456 4343 nere.
516 4284 800 4355 Principio
849 4301 983 4355 ergo
1030 4285 1451 4354 quid‘seribcns
1493 4302 1525 4341 e
1553 4285 1743 4341 Sicilia
1779 4286 1890 4340 dux

294 4397 490 4438 eorum
537 4379 780 4449 petierit,
829 4388 1002 4448 utque
1033 4381 1151 4448 ipse
1194 4393 1259 4435 ac
1305 4389 1582 4450 quatenus
1629 4379 1893 4434 annnerit

294 4482 599 4544 ipsumque
627 4473 929 4533 vocaverit,
955 4472 1307 4538 menmravit,
1340 4487 1676 4544 magnopere
1703 4473 1895 4527 obser-

1996 3266 2296 3336 gratuitum
2350 3267 2622 3335 pecuniae,
2672 3267 2716 3321 si
2772 3282 2832 3321 sc
2886 3265 2953 3319 ad
2986 3268 3310 3321 modestiam
3351 3283 3579 3338 compo-

1994 3367 2152 3424 nant,
2195 3358 2332 3429 ipsis
2371 3358 2747 3419 numerandw,
2779 3359 3179 3429 assignareque
3213 3363 3488 3430 regionem
3527 3362 3578 3415 in

1993 3466 2101 3521 qua
2145 3451 2439 3506 commode
2479 3451 2687 3514 vivant,
2737 3451 2979 3520 provisis
3022 3452 3133 3521 iam
3172 3466 3201 3505 a
3239 3468 3298 3508 se
3337 3455 3611 3521 copiosis.

1994 3544 2298 3609 alimentis,
2347 3543 2402 3597 iu
2448 3542 2721 3598 Orientali
2757 3543 3102 3609 continente,
3151 3560 3261 3615 quo
3310 3546 3580 3601 transfre-

1992 3644 2114 3691 tare
2143 3635 2293 3707 ipsos
2319 3635 2532 3707 jubeat.
2567 3633 2711 3700 Quid
2746 3634 2812 3689 ad
2858 3635 2975 3690 haec
3013 3646 3197 3691 autem
3231 3637 3351 3691 illi?
3380 3636 3584 3708 Nempe

1993 3734 2261 3783 consueta
2296 3724 2533 3782 fremunt
2570 3725 2831 3790 audacia,
2865 3737 2920 3781 et
2963 3735 3330 3799 praeterquam
3386 3741 3581 3785 contu—

1994 3821 2230 3876 maciter
2289 3806 2614 3888 obsequium
2661 3820 2995 3886 detrectant,
3046 3821 3214 3876 etiam
3278 3801 3585 3878 insolenter

1996 3913 2194 3969 minari
2244 3928 2356 3969 non
2405 3920 2704 3979 verentur,
2759 3927 2872 3968 non
2924 3923 3245 3984 reputantes
3297 3917 3460 3985 quale
3518 3931 3584 3972 ae

1994 4019 2159 4073 quam
2197 4014 2397 4075 potens
2441 4006 2516 4060 sit
2561 4003 2874 4058 Bonnanum
2908 4005 3227 4075 imperium,
3258 4023 3421 4077 quam
3474 4010 3614 4077 ipsi-

1997 4097 2159 4153 l‘acile
2206 4107 2262 4152 et
2307 4096 2560 4151 triremes
2616 4093 2894 4150 fabricare
2951 4095 3293 4154 et~fortibus
3352 4100 3611 4157 easdem.

1995 4188 2277 4259 complere
2306 4188 2506 4259 copiis,
2540 4190 2732 4257 sicque
2761 4190 3057 4245 ostendere
3083 4205 3246 4260 quam
3282 4207 3390 4246 non
3422 4204 3591 4265 egeat

1996 4283 2220 4339 auxiliis
2244 4283 2529 4352 ipsorum;
2565 4282 2768 4352 quippe
2795 4283 2944 4352 quod
2977 4287 3186 4353 optimo
3217 4285 3455 4341 militum
3486 4302 3581 4359 ge-

1997 4388 2132 4430 nere
2173 4376 2271 4441 ita,
2322 4388 2446 4427 cum
2502 4376 2641 4436 vult,
2679 4374 2949 4439 abundat,
2990 4384 3050 4431 ut
3083 4386 3348 4432 terrorem
3388 4382 3474 4434 sui
3527 4381 3581 4434 in

1997 4469 2226 4524 dissitas
2267 4468 2461 4539 procul
2511 4477 2705 4537 gentes
2753 4467 3004 4537 proferre
3051 4470 3250 4533 soleat,
3303 4456 3584 4542 utcunque

291 4567 418 4621 vari
467 4565 667 4633 iubens
727 4579 847 4619 sese
899 4562 1326 4633 haudquaquam
1384 4573 1466 4619 tot
1536 4564 1895 4619 accersivisse
1933 4547 1975 4602 Ῑ)
2011 4576 2158 4616 nunc
2194 4571 2487 4631 provocata
2534 4561 2779 4631 peccatis
2831 4562 3131 4617 multorum
3168 4561 3265 4619 Dei
3316 4565 3581 4633 vindicta,

292 4668 438 4729 quot
465 4659 556 4712 ille
584 4657 874 4721 duxisset;
908 4672 1049 4725 quos
1093 4666 1277 4710 tamen
1301 4655 1415 4725 jam
1442 4655 1715 4713 adductos
1753 4659 1883 4727 quia

292 4756 503 4807 durum
541 4759 691 4806 esset
742 4750 1008 4804 continuo
1059 4748 1365 4813 dimittere,
1418 4752 1680 4820 precibus
1728 4750 1889 4806 ducis

291 4843 575 4900 indultum
609 4856 638 4897 a
671 4857 733 4899 se
784 4848 847 4896 ut
896 4843 963 4897 ad
998 4843 1163 4898 breve
1206 4840 1479 4899 duntaxat
1506 4855 1724 4914 tempus
1758 4842 1890 4898 reti-

293 4950 589 4996 nerentur.
635 4936 950 4992 Exsecutus
985 4936 1116 4990 hinc
1156 4944 1241 4991 est
1291 4934 1482 4991 ut-illi
1530 4937 1887 4992 hlhernantes

294 5032 447 5102 apud
481 5031 736 5101 Cyzicum
773 5028 962 5099 ibique
998 5029 1064 5083 ad
1093 5043 1189 5084 ver
1215 5044 1394 5098 usque
1423 5029 1669 5084 adultum
1707 5030 1890 5084 diver-

293 5139 488 5181 sanies
532 5140 638 5178 non
678 5125 843 5177 modo
875 5123 1013 5177 nihil
1057 5130 1252 5178 contra
1285 5122 1476 5179 hostes
1523 5122 1756 5192 egerint,
1792 5124 1884 5177 sed

295 5218 475 5272 multa
524 5216 745 5271 interim
802 5214 1242 5287 gravissimaque
1285 5215 1485 5268 damna
1525 5214 1725 5269 incolis
1765 5215 1887 5281 ejus

294 5308 549 5377 regionis
579 5305 888 5361 intulerint.
926 5304 1193 5373 Adjunxit
1225 5304 1312 5360 his
1343 5303 1504 5376 515
1553 5320 1678 5376 quae
1721 5305 1886 5360 iidem

298 5403 506 5457 deinde
540 5400 595 5454 in
644 5406 828 5453 tractu
876 5396 1147 5452 Orientali
1192 5397 1477 5465 fecissent,
1518 5408 1578 5454 ut
1626 5400 1888 5455 nimirum

297 5495 526 5566 injuriis
584 5501 640 5547 ct
693 5492 1055 5547 contumeliis
1104 5490 1362 5561 plurimis
1415 5510 1525 5547 nun
1564 5494 1752 5549 hostes
1792 5495 1887 5549 sed

300 5587 587 5641 Romanos
612 5582 919 5638 aﬂ‘eccrint.
954 5581 1018 5636 Et
1051 5596 1197 5636 nunc
1240 5600 1461 5651 quoque
1495 5581 1726 5652 traiecto
1765 5582 1892 5639 Πρι-

301 5681 560 5753 lesponto
597 5690 762 5745 quam
799 5689 945 5729 saeve
967 5690 1031 5730 ac
1067 5673 1337 5744 ﬂagitiose
1369 5676 1691 5731 vexaverint
1725 5675 1891 5731 Occi-

300 5773 403 5829 dui
442 5778 659 5826 tractus
698 5767 982 5826 Romanos
1033 5767 1376 5824 habitatores
1426 5769 1694 5831 attexuit;
1752 5786 1888 5838 quo-

304 5881 428 5921 rum
465 5861 767 5935 quidquam
805 5859 1053 5931 ignotum
1087 5861 1509 5932 inauditamque
1545 5858 1650 5917 sibi
1687 5873 1811 5914 esse
1836 5860 1884 5915 si

1997 4653 2249 4710 cladibus
2313 4653 2556 4708 attritum
2609 4654 2911 4724 inepinatis
2962 4656 3219 4726 langueat
3256 4657 3579 4727 paululum,

1997 4763 2105 4802 non
2137 4748 2258 4804 sine
2280 4763 2377 4816 Spe
2407 4756 2587 4801 tamen
2616 4747 2833 4816 pristini
2864 4748 3068 4818 rigoris
3097 4749 3209 4804 cito
3234 4752 3580 4809 resumendi.

1994 4840 2302 4895 Consulant
2330 4840 2421 4893 isti
2458 4854 2590 4908 ergo
2616 4840 2785 4895 rebus
2816 4838 2957 4905 suis,
2987 4848 3042 4894 et
3081 4843 3352 4909 contenti,
3395 4845 3445 4899 si
3490 4860 3583 4900 sa-

1996 4935 2178 5004 piunt,
2224 4932 2500 4989 donativis
2526 4948 2590 4988 ex
2627 4928 2791 5008 ~mera
2839 4947 2940 4988 sua
2994 4932 3341 4993 liberalitate
3379 4938 3615 4998 oblatis'

1996 5034 2194 5097 pacate
2223 5024 2594 5083 seconferant
2628 5039 2738 5096 quo
2764 5024 3056 5094 iubentur.
3089 5025 3197 5081 Sin
3236 5027 3420 5086 furere
3460 5048 3585 5102 per-

1998 5126 2155 5188 gunt,
2201 5132 2335 5171 sane
2375 5116 2558 5171 sciant
2592 5130 2651 5170 se
2698 5115 2842 5170 haud
2889 5123 3284 5173 cunetalurum
3317 5123 3579 5192 amplius,

1998 5212 2144 5282 quod
2192 5209 2355 5264 facile
2391 5215 2578 5275 queat,
2629 5208 2862 5262 rebelles
2893 5209 3196 5267 sceleratos
3243 5214 3423 5283 ptenis
3465 5231 3583 5270 me-

1999 5305 2122 5360 ritis
2168 5302 2507 5371 subjicere;
2544 5315 2646 5354 nec
2685 5316 2979 5369 passurum
3017 5313 3100 5367 ut,
3133 5307 3276 5376 quod
3316 5309 3583 5366 bactentts

1999 5393 2283 5473 fecerunt,
2321 5391 2511 5445 hostes
2570 5405 2628 5444 se
2679 5390 2947 5449 Romanis
2999 5397 3444 5461 crudelissimos,
3478 5416 3580 5453 no-

1999 5487 2148 5541 mine
2168 5485 2446 5541 sociorum
2476 5483 2728 5547 admissi,
2760 5485 3054 5555 perﬁdiose
3085 5490 3388 5558 praebeant.
3419 5490 3585 5565 516

1999 5580 2131 5635 Sese
2158 5592 2324 5647 porro
2359 5576 2758 5648 facultatesque
2790 5579 3241 5647 circumspiciunt
3287 5595 3440 5653 suas,
3481 5599 3581 5637 nec

2003 5672 2403 5727 obliviscantur
2436 5670 2578 5739 quod
2610 5670 2787 5739 palatii
2825 5681 2929 5731 est,
2963 5674 3137 5740 ipsos,
3188 5671 3454 5741 quidquid
3486 5676 3585 5728 ha-

2001 5764 2153 5830 bent,
2195 5776 2305 5830 quo
2334 5761 2532 5815 vivunt
2561 5767 2616 5814 et
2644 5762 2878 5830 spirant,
2912 5776 2939 5814 a
2965 5760 3226 5817 Romanis
3258 5767 3538 5832 accepisse
3562 5781 3577 5830 ;

2000 5871 2140 5930 quos
2173 5853 2379 5911 dudum
2416 5851 2562 5908 fame
2601 5859 2654 5908 et
2679 5862 2922 5924 egestate
2953 5855 3163 5926 perisse
3191 5868 3416 5911 necesse
3465 5856 3585 5919 fnes-
