4046 6394
491 352 596 416 567

489 463 700 519 νεῖσθαι
749 465 901 531 ἀλιτη
915 464 1123 534 ριώδεις

488 561 543 612 s.’
587 573 688 610 που
734 559 846 620 τοῖς
906 556 1210 610 καθεστῶσι
1267 560 1709 629 παρεγχειροῖεν.
1769 559 1920 627 Μηδὲ
1960 560 2069 626 γὰρ

485 652 703 718 ἀγνοεῖν
750 651 889 714 ὅλως
918 652 1139 714 ὁπόσοις
1169 654 1234 703 ὲκ
1262 652 1373 705 τῶν
1416 651 1706 722 Ῥωμαίων
1732 650 1917 718 ὀλίγου
1962 652 2070 702 ἐνι-

486 741 813 807 κανώθησαν
839 744 1058 812 χρόνου,
1094 744 1190 796 καί.)⁵
1214 742 1368 796 ταῦτ’
1392 745 1478 812 ἐφ’
1507 742 1694 797 ἱκανὸν
1734 744 1793 804 ὲς
1813 741 2068 810 Θευδερί-

485 850 585 903 χον
621 833 881 903 πολέμοις
912 835 1159 905 συνεχέσι
1197 835 1726 906 ταλαιπωρούμεναι,
1757 836 1851 887 καί
1902 833 2069 904 μηδὲν

486 923 820 993 ἀπονάμενοι
855 924 964 976 τῶν
995 924 1096 977 ὃσα
1135 923 1410 977 δεικνῦσιν
1440 923 1692 994 εὔπορον.
1749 925 1983 994 Σημεῖον
2023 922 2068 976 δ’

485 1012 628 1069 εἶναι
661 1016 723 1069 τὸ
746 1017 956 1070 ἐκεῖθεν
993 1015 1441 1078 ἀπαλλάττοντας
1479 1018 1644 1086 μηδὲν
1669 1019 1729 1080 ἐς
1755 1017 1930 1070 νέωτα
1957 1017 2073 1068 ἐπι-

488 1105 775 1176 φέρεσθαι,
807 1106 924 1159 ἀλλ’
951 1105 1142 1175 ὥσπερ
1178 1107 1236 1158 ὲν
1270 1106 1504 1176 ἐρήμοις
1537 1105 1846 1171 διάγοντας,
1896 1101 2072 1156 οὕτως

488 1197 698 1251 ἐκεῖθεν
725 1197 961 1268 φανῆναι
985 1197 1228 1266 γυμνούς
1259 1213 1412 1259 τινας
1429 1197 1523 1249 καὶ
1551 1193 1816 1256 ἀνόπλους
1843 1192 2072 1265 [Ρ.559]

488 1286 584 1337 καὶ
612 1285 748 1353 μηδὲ
791 1285 899 1337 τῶν
935 1286 1054 1339 καθ’
1090 1286 1306 1356 ἡμέραν
1337 1287 1396 1348 ἐς
1440 1285 1645 1355 τροφὴν
1676 1283 2068 1354 εὐποροῦντας.

490 1375 608 1428 Νῦν
656 1376 705 1428 δ’
737 1377 854 1430 ἀλλ’
886 1378 1051 1448 ἀργοὶ⁸
1083 1377 1353 1446 κάθηνται
1409 1376 1504 1430 καὶ
1542 1375 1929 1444 ὑπερηφάνους
1973 1379 2075 1437 τὰς

493 1468 853 1536 μισθοφορίας
906 1467 1219 1531 ἀπαιτοῦσι,
1279 1467 1335 1519 τε
1383 1468 1481 1520 καὶ
1530 1465 1837 1536 πράξαντες
1864 1466 2074 1535 ἀγαθὸν

489 1563 587 1615 καὶ
643 1563 907 1633 μαχητῶν
954 1563 1115 1634 ἔργον
1169 1563 1470 1632 γενναίων,
1517 1563 1646 1626 τοὺς
1693 1561 1924 1634 ἐχθροὺς
1978 1562 2076 1615 καὶ

489 1653 660 1707 ταῦτα
710 1656 878 1724 ἐγγὺς
925 1655 1180 1726 δρῶντες.
1232 1655 1492 1726 πολέμοις
1536 1654 1936 1725 συντραφέντες
1983 1651 2078 1708 καὶ

491 1747 717 1816 μάχαις,
745 1747 823 1811 ὡς
849 1746 1121 1815 λέγουσιν.
1140 1740 1240 1800 Ὧν
1267 1746 1430 1818 χάριν
1453 1745 1900 1816 ὲγκαλύπτεσθαι
1931 1743 2072 1809 δέον,

487 1841 537 1892 οἱ
576 1839 632 1892 δὲ
663 1840 759 1893 καὶ
805 1839 1096 1893 ἀπειλοῦσι
1126 1839 1492 1909 κατατρέχειν
1522 1839 1620 1909 τὴν
1651 1839 1860 1910 χώραν,
1890 1837 2080 1907 ὥσπερ

489 1932 557 1984 ἂν
579 1930 791 2002 ἔρημος
821 1931 1124 2002 προῦκειτο
1150 1930 1250 1984 τοῦ
1279 1929 1718 2001 πολυωροῦντος,
1755 1929 1850 1982 καὶ
1875 1929 1951 1990 ὡς
1981 1927 2084 1982 οὒκ

487 2025 696 2078 οἴδασιν
735 2025 812 2086 ὡς
855 2025 1002 2078 κατὰ
1049 2023 1225 2077 νώτου
1278 2021 1492 2084 τούτοις
1544 2022 1573 2074 δ
1603 2020 1858 2090 βασιλεὺς
1898 2021 1992 2072 καὶ¹
2021 2020 2079 2071 αἱ

451 2101 622 2184 ’περὶ
660 2113 825 2168 αὐτὸν
876 2115 1172 2184 δυνάμεις,
1214 2107 1291 2166 ὧν
1338 2112 1414 2183 μὴ
1459 2114 1544 2167 ὅτι
1593 2129 1657 2180 γε
1690 2112 1790 2182 τὴν
1841 2111 2082 2182 προσδο-

488 2203 587 2273 λὴν
614 2243 630 2266 ,
693 2203 811 2259 ἀλλ’
848 2204 970 2258 οὐδὲ
1010 2204 1111 2260 τὴν
1160 2203 1354 2274 φήμην
1382 2201 1878 2274 προσπελαζόντων
1926 2201 2081 2270 ἐνέγ-

491 2311 677 2350 καιεν.

488 2395 561 2440 κθ.
595 2387 977 2450 Κατὰστασις
1005 2386 1113 2441 τοῦ
1144 2386 1798 2455 πανυπερσεϐαστικοῦ
1823 2386 2081 2454 ἀξιώμα-

653 2475 758 2522 τος
783 2459 883 2511 ἐπὶ
913 2456 995 2523 τῷ
1026 2457 1136 2522 υἱῷ
1174 2458 1281 2511 τοῦ
1320 2457 1915 2527 πορφυρογεννήτου.

565 2571 753 2628 Ταῦτα
799 2578 895 2628 καὶ
945 2573 1167 2627 πλείονα
1201 2571 1410 2626 τούτων
1447 2573 1781 2644 διαλαλήσας
1843 2574 2080 2635 ἐκείνοις

487 2762 603 2822 rat,
664 2751 776 2808 nisi
829 2753 1077 2809 omnium
1135 2755 1331 2824 inopes
1366 2769 1397 2810 e
1452 2753 1822 2810 Theuderiehi
1879 2753 2080 2812 castris

489 2843 800 2899 Romanum
850 2845 1142 2916 imperium
1188 2843 1450 2901 fomentis
1483 2855 1764 2902 recreatos
1810 2856 2082 2918 opportu-

489 2937 603 2999 nis,
632 2936 942 2993 incolumes
983 2938 1050 2992 ad
1086 2935 1192 2992 hoc
1229 2947 1451 3010 tempus
1495 2939 1871 3009 perduxisset.
1908 2938 2079 2995 Palli-

491 3028 618 3093 dos,
643 3044 976 3101 exsangues,
1016 3031 1253 3086 miseras
1299 3032 1567 3101 reliquias
1598 3032 1726 3086 belli
1751 3033 1943 3095 Siculi,
1979 3050 2080 3088 nu-

1705 354 2029 414 GEORGII
2061 353 2472 414 PACHYMER
2487 356 2548 414 ,Ε

1179 465 1538 534 φαινομένους
1585 464 1703 516 ἀντὶ
1739 465 2064 534 συμμάχων,
2093 462 2141 522 Α
2174 465 2273 532 μὲν
2311 466 2374 517 τὸ
2404 469 2558 534 σφίσι
2606 469 2853 520 συνοῖσον
2875 466 3057 536 ἀφῆκε
3096 461 3468 535 βουλεύεσθαι,
3503 460 3662 521 αὐτὸς
3695 459 3751 511 δὲ

3641 348 3713 411 56
3728 353 3750 403 ’ὶ

2177 560 2270 610 τὸν
2308 560 2404 611 τοῦ
2453 559 2655 612 οἰκείου
2713 557 3052 624 αὑταδέλφου
3106 554 3200 607 τοῦ
3236 551 3753 622 πορφυρογεννήτου

2181 652 2600 706 Κωνσταντίνου
2651 651 2766 704 υἱὸν
2801 649 3066 718 ἀναδοχῆς
3123 646 3365 710 ἀξιώσας
3427 644 3674 712 μείζονος
3719 641 3754 710 ἦ

2181 746 2303 798 κατ’
2340 744 2735 810 ἀδελφόπαιδα.
2782 741 2900 810 ἅμα
2928 739 3105 808 δηλῶν
3139 739 3212 800 ὡς
3246 739 3387 806 τάχα
3433 736 3499 788 ἂν
3535 734 3628 787 καὶ
3679 733 3757 800 τῷ

2181 839 2352 905 πατρὶ
2382 836 2574 889 τούτου
2608 834 2791 897 καλῶς
2832 836 2889 897 ἐς
2923 835 3072 888 ἅπαν
3097 831 3297 902 ἐχρῆτο
3325 831 3421 880 καὶ
3450 828 3540 881 διὰ
3573 827 3757 888 τέλους

2181 927 2440 997 ἧγαλλεν,
2489 929 2540 980 εἰ
2590 928 2665 996 μή
2697 928 2747 995 γ’
2777 927 2984 986 ἐκεῖνος
3015 922 3085 974 τὰ
3113 923 3251 990 προς
3296 919 3461 972 αὑτὸν
3497 915 3758 986 ἐφωράθη

2179 1021 2444 1086 δύσνους,
2500 1021 2635 1090 τιμᾷ
2686 1018 2842 1072 οὔπω
2894 1016 3094 1077 τελέως
3145 1013 3240 1066 τοῦ
3289 1011 3761 1066 ἑπτακαιδεκάτου

2183 1114 2450 1170 ἐπιϐάντα
2473 1113 2628 1176 ἔτους
2662 1111 2742 1181 τῷ
2772 1109 2868 1164 τοῦ
2902 1106 3431 1176 πανυπερσεόάστου
3463 1101 3763 1170 ἀξιώματι,

2184 1207 2325 1276 πλὴν
2358 1208 2419 1260 οὐ
2453 1208 2596 1260 κατὰ
2625 1207 2689 1259 τὸ
2719 1203 2963 1275 ἀρχῆθεν
2985 1201 3083 1271 τῆς
3108 1199 3266 1266 ἀξίας
3292 1197 3527 1265 ταυτησὶ
3552 1195 3762 1266 σχῆμα,

2182 1298 2324 1352 ἀλλὰ
2349 1299 2444 1351 καὶ
2470 1300 2583 1360 τοῖς
2609 1299 2675 1350 ἐκ
2696 1296 2806 1350 τῶν
2835 1296 3046 1366 κιρρῶν
3079 1291 3437 1360 παρασήμοις
3480 1287 3766 1358 σεμνύνει,

2181 1388 2218 1442 ἃ
2237 1389 2301 1458 δὴ
2332 1390 2432 1457 τῆς
2462 1388 2730 1457 ἐπαρχίας
2759 1387 3026 1455 πρότερον
3049 1384 3136 1458 [Ρ.
3167 1381 3296 1454 360]
3324 1380 3573 1451 σύμϐολα
3599 1374 3768 1450 ἦσαν,

2183 1481 2490 1550 ἀξύμϐολον
2524 1481 2650 1534 ὅσον
2675 1481 2767 1532 ἐπὶ
2801 1477 3014 1540 τούτοις
3045 1475 3371 1530 τούντεῦθεν
3396 1475 3492 1527 τὸν
3521 1472 3768 1540 ἔπαρχον

2185 1573 2560 1640 καταστήσας.
2583 1573 2738 1625 Οῦτω
2755 1572 2865 1642 γὰρ
2889 1571 3156 1640 πρότερον
3179 1569 3282 1621 κάν
3297 1567 3452 1622 δυσὶν
3477 1565 3771 1634 ἐπάρχοις,

2185 1666 2264 1736 τῷ
2287 1684 2348 1718 τε
2393 1664 2716 1734 ’Υπερτίμῳ
2747 1667 2845 1716 καὶ
2876 1663 2954 1732 τῷ
2978 1657 3403 1729 Χαλκεοπούλῳ,
3439 1658 3772 1728 πεποίηκεν,

2185 1757 2530 1828 ἁξυμόόλους
2581 1759 2937 1827 καταστήσας
2972 1757 3135 1822 σφᾶς,
3176 1754 3251 1817 ὡς
3287 1752 3437 1817 ἄξιον
3460 1751 3521 1804 δν
3548 1753 3640 1804 τὸν
3673 1753 3776 1817 ἐγ-

2185 1851 2288 1920 γὺς
2321 1849 2590 1920 βασιλέως
2618 1850 2754 1902 ὄντα
2804 1849 2900 1903 και
2948 1865 3012 1916 γε
3068 1849 3206 1917 πρὸς
3257 1846 3521 1912 αἳματος,
3552 1844 3730 1911 λέγων
3755 1881 3774 1907 ,

2183 1943 2540 2013 παρασήμοις
2565 1940 2830 2005 τοιούτοις
2859 1939 3242 2007 σεμνύνεσθαι.
3270 1938 3406 2000 Ταῖς
3435 1939 3490 1989 δὲ
3524 1940 3654 2005 περὶ
3676 1936 3777 1988 τὸν

2182 2035 2296 2090 υἱὸν
2323 2034 2419 2087 καὶ
2451 2032 2680 2102 βασιλέα
2708 2032 2975 2102 δυνάμεσι
3004 2032 3224 2099 πέμψας
3258 2031 3612 2098 προστάττει,
3644 2029 3778 2081 ἐπεὶ

2183 2125 2429 2187 ἐκείνους
2481 2123 2655 2186 οὕτως
2695 2124 3018 2190 ἀπέπεμπε,
3073 2119 3439 2189 συναχθεισας
3493 2121 3624 2187 περι
3663 2136 3775 2171 που

2181 2215 2282 2286 τὴν
2316 2217 2514 2286 ’Δπρω
2537 2214 3095 2284 στρατοπεδεύεσθαι,
3119 2215 3224 2266 κᾶν
3249 2230 3353 2265 που
3382 2211 3779 2280 συνεξορμῷεν

2187 2312 2286 2360 σὺν
2311 2308 2723 2378 Ἀμογαῦάροις
2757 2309 3083 2369 Κατελάνοι,
3116 2307 3312 2376 πειρᾷν
3359 2307 3581 2374 ἐπέχειν
3609 2304 3781 2357 πολέ-

2185 2419 2293 2471 μῳ.
2351 2403 2462 2456 Καὶ
2519 2402 2692 2454 ταῦτα
2730 2401 2831 2470 μὲν
2880 2401 3119 2470 ἔπραττε
3179 2400 3470 2468 βασιλεὺς,
3511 2398 3634 2451 οὐδὲ
3678 2399 3780 2451 τὸν

2181 2495 2434 2564 γαμϐρὸν
2466 2495 2652 2564 ἀφιεὶς
2679 2493 2818 2556 ὅλως
2845 2493 2944 2562 τῆς
2975 2491 3352 2560 προσπαθείας
3381 2492 3476 2544 καὶ
3502 2488 3781 2558 ἁπαρτῶν

2181 2587 2281 2653 τῆς
2313 2583 2668 2655 κηδεμονίας,
2701 2583 2840 2638 ἀλλὰ
2869 2582 3144 2646 παντοίως
3176 2581 3650 2653 προσποιούμενος
3673 2582 3781 2634 καὶ

2177 2763 2269 2818 20.
2299 2761 2480 2817 Filius
2501 2761 2944 2834 Porphyrogeniti
3022 2759 3494 2884 ganhypersebasti
3512 2759 3784 2829 dignitate

2800 2846 2969 2884 conm
2998 2848 3034 2884 ιι
3062 2849 3144 2884 us.

2800 2846 3144 2887 εοηεηηιιιισ.

2252 2945 2380 3002 Haec
2468 2955 2523 3000 et
2609 2946 2767 3015 plura
2855 2926 3051 3000 horum
3122 2945 3448 3016 prolocutus
3528 2944 3783 3015 impera-

2181 3046 2273 3090 tor
2318 3037 2636 3100 Catelanos,
2684 3047 2743 3090 ut
2779 3037 2849 3090 de
2897 3036 3063 3092 rebus
3111 3036 3228 3090 suis
3277 3051 3464 3091 secum
3504 3036 3786 3092 delibera—

494 3117 600 3173 dos
642 3134 740 3174 vos
771 3129 935 3188 atque
973 3121 1214 3177 inermes
1259 3124 1601 3192 excepimus,
1640 3123 1900 3179 omnibus
1934 3125 2077 3178 indi-
2105 3149 2150 3209 ο
2189 3137 2330 3195 rent,
2373 3129 2602 3183 dimisit.
2665 3128 2784 3198 ipse
2826 3139 3010 3183 autem
3063 3127 3277 3197 proprii
3330 3128 3575 3198 germani
3617 3129 3778 3184 Con-

494 3211 599 3267 ciis
633 3222 1010 3270 monstrantes
1038 3231 1201 3286 quam
1232 3217 1476 3271 sterilem
1501 3232 1565 3271 ac
1594 3217 1918 3272 damnosam
1950 3220 2081 3275 alibi

492 3307 749 3360 militiam
790 3308 1202 3364 militaveritis:
1238 3325 1303 3364 ex
1341 3325 1448 3380 qua
1483 3312 1675 3378 utique
1704 3312 1886 3375 vobis,
1914 3327 2083 3382 quan-

493 3408 610 3452 tum
643 3401 967 3470 apparebat,
1004 3417 1075 3457 ne
1100 3402 1246 3457 unde
1269 3403 1492 3472 quidem
1529 3404 1584 3457 in
1613 3403 1758 3458 diem
1795 3414 2080 3473 posterum

492 3492 584 3546 vel
625 3493 829 3549 misere
861 3495 1230 3550 vesceremini
1281 3506 1595 3563 supererat.
1638 3495 1776 3549 Nam
1826 3498 1905 3551 ita
1943 3496 2084 3552 facie

491 3583 686 3650 luridi,
720 3584 796 3638 ita
840 3586 1096 3641 vestibus
1136 3586 1333 3650 laceri,
1385 3588 1459 3640 ita
1512 3588 1884 3658 professionis
1914 3590 2081 3644 etiam

492 3671 884 3730 instrumentis
931 3683 1157 3740 vestrae,
1210 3677 1406 3742 armis,
1441 3676 1692 3747 inquam,
1729 3677 1978 3734 destituti
2026 3678 2080 3732 in

494 3764 652 3819 littus
680 3766 818 3820 estis
845 3777 1096 3822 nostrum
1130 3769 1390 3838 expositi,
1434 3770 1595 3838 quasi
1629 3786 1661 3827 e
1693 3772 1914 3828 deserto
1945 3787 2083 3844 quo-

494 3856 622 3910 dam
677 3865 732 3912 et
766 3868 922 3912 vasta
963 3859 1266 3916 solitudine
1313 3861 1370 3916 in
1407 3870 1584 3917 terras
1637 3863 1860 3919 demum
1902 3866 2081 3919 cultas

497 3951 835 4006 transiretis.
892 3950 1052 4006 Nunc
1096 3968 1230 4007 vero
1284 3953 1610 4024 impinguati
1665 3958 1872 4010 nostris
1903 3955 2081 4024 cepiis

495 4044 660 4099 otiosi
698 4045 951 4100 videlicet
999 4045 1255 4100 desident
1292 4064 1305 4100 :
1340 4047 1472 4117 quin
1507 4054 1562 4100 et
1601 4046 1814 4104 feroces
1862 4050 2081 4102 tumidi-

492 4154 602 4211 que
641 4139 915 4204 laborum,
946 4154 1087 4209 quos
1133 4139 1328 4209 ignave
1357 4140 1622 4202 vitarunt,
1657 4144 1942 4196 mercedes
1980 4141 2081 4194 lla-

493 4234 691 4303 gitant.
738 4231 990 4298 Quanam
1035 4249 1167 4288 vero
1207 4248 1302 4288 eas
1340 4233 1594 4288 navanda
1643 4249 1812 4304 opera
1855 4250 2078 4305 prome-

493 4329 627 4384 riti?
661 4330 842 4398 Agite,
876 4330 1010 4400 quid
1059 4328 1421 4384 memorabile
1465 4331 1763 4400 gessistis?
1791 4347 1901 4400 quo
1950 4329 2080 4386 forti

493 4437 592 4477 vos
646 4421 894 4476 facinore
931 4436 1095 4474 manu
1146 4436 1262 4475 rem
1314 4423 1558 4491 gerendo
1605 4422 2079 4478 commendastis?

2195 3221 2422 3275 stantini
2457 3221 2618 3292 517
2653 3219 3114 3292 Porphyrogeniti
3170 3220 3340 3274 filium
3400 3220 3456 3275 in
3504 3221 3784 3291 majorem

2195 3314 2459 3369 honorem
2486 3314 2800 3384 provehens
2844 3329 3008 3382 quam
3041 3327 3266 3384 sperare
3295 3327 3325 3365 a
3355 3323 3550 3382 patruo
3576 3314 3788 3368 verisi-

2192 3410 2399 3462 militer
2431 3417 2690 3478 potuerat
2727 3409 2916 3463 fratris
2953 3409 3098 3464 filius
3127 3408 3467 3481 (significare
3489 3408 3784 3476 videlicet,

2191 3502 2416 3568 opinor,
2448 3498 2678 3565 volens,
2723 3515 2784 3554 se
2820 3500 2960 3570 patri
3014 3498 3179 3568 hujus
3217 3500 3589 3558 adolescentis
3622 3516 3786 3555 mor-

2194 3605 2288 3648 tuo
2340 3602 2607 3649 constans
2671 3593 3052 3648 exhibiturqu
3110 3592 3307 3658 fuisse,
3355 3593 3485 3648 dum
3538 3594 3780 3660 viveret,

2190 3687 2436 3743 officium
2493 3686 2899 3741 benevolentia
2952 3687 3229 3750 fraternae,
3277 3687 3383 3742 nisi
3421 3685 3514 3742 ille
3553 3703 3614 3744 se
3661 3690 3776 3744 sibi

2191 3781 2470 3837 infensum
2497 3780 2806 3836 manifestis
2839 3779 3064 3834 indiciis
3105 3784 3515 3847 monstrasset),
3548 3788 3776 3839 ornavit

2189 3888 2341 3939 eum,
2377 3871 2624 3928 nondum
2656 3886 2805 3925 anno
2849 3872 3027 3927 aetatis
3070 3874 3308 3942 septimo
3337 3873 3556 3928 decimo
3585 3889 3781 3944 egres-

2190 3982 2350 4027 sum,
2423 3965 2918 4036 panhyperse'nasti
2975 3964 3266 4034 dignitate,
3335 3981 3649 4036 quanquam
3726 3969 3778 4023 ci

2190 4074 2299 4113 non
2330 4060 2614 4114 concessit
2649 4073 2678 4110 a
2712 4057 2984 4127 principio
3017 4057 3262 4112 habitum
3300 4060 3426 4127 ejus
3476 4061 3611 4113 tituli
3646 4077 3780 4130 pro-

2190 4133 2394 4222 prium,
2429 4153 2525 4207 sed
2565 4152 2726 4222 gilvis
2758 4167 2886 4205 eum
2920 4151 3234 4222 insignibus
3284 4151 3616 4217 honoravit;
3651 4170 3781 4222 quae

2188 4246 2464 4315 praetoriae
2511 4245 2666 4310 prius
2723 4251 2884 4298 erant
2936 4243 3187 4314 symbola
3243 4243 3553 4313 potestatis,
3595 4244 3670 4296 ita
3719 4254 3778 4298 ut

2189 4341 2454 4411 deinceps
2504 4348 2708 4409 praator
2765 4349 3024 4392 ornatum
3092 4353 3200 4390 non
3263 4339 3490 4393 haberet
3533 4341 3627 4406 qui
3680 4339 3777 4392 uni

2189 4433 2292 4500 ipsi
2320 4432 2644 4487 conveniret
2695 4431 2937 4500 proprie.
2970 4429 3062 4485 Sic
3103 4431 3250 4484 enim
3285 4439 3339 4486 et
3374 4432 3527 4500 prius
3557 4431 3778 4485 duobus

492 4516 650 4582 atqui
683 4515 876 4568 hostes
921 4529 1031 4566 non
1063 4513 1314 4575 deerant,
1341 4528 1482 4583 quos
1517 4524 1644 4569 ante
1676 4515 1872 4569 oculos
1920 4516 2085 4570 habe-
2117 4507 2157 4560 Ι)
2189 4526 2521 4596 praetoribus
2595 4522 2920 4594 "yperlimo
2973 4533 3030 4578 et
3086 4523 3464 4593 chalceopulo
3543 4524 3778 4590 rect-rat,

493 4607 660 4671 batis,
687 4621 902 4661 summo
929 4605 1100 4660 veStri
1127 4612 1449 4674 contemptu
1481 4605 1720 4661 ferentes
1745 4616 2083 4677 agentesque

494 4698 609 4754 late
643 4709 864 4754 cuncta.
913 4695 1169 4751 Haeceine
1219 4696 1422 4750 decora
1470 4707 1652 4753 vestra
1701 4710 1852 4763 sunt,
1903 4699 2087 4753 homi-

496 4808 650 4856 num,
691 4791 739 4847 si
780 4791 914 4862 ipsis
941 4791 1008 4845 de
1053 4806 1113 4843 se
1158 4789 1590 4857 pra‘dicantibtts
1621 4792 1891 4856 creditur,
1923 4792 2084 4849 bellis

496 4887 893 4942 innutritorum
949 4899 1014 4940 ae
1045 4866 1284 4952 przcliis?
1316 4885 1410 4953 qui
1462 4883 1509 4939 si
1557 4899 1685 4938 vera
1738 4894 2078 4954 memorant.

496 4980 701 5046 pudere
728 4977 900 5047 ipsos,
933 4975 1079 5045 quod
1110 4990 1139 5028 a
1174 4971 1408 5045 pristina
1436 4976 1640 5030 virtute
1672 4987 1780 5030 tam
1817 4979 2082 5047 probrose

495 5068 973 5138 degeneraveriut,
1005 5067 1224 5133 deceat,
1263 5075 1318 5121 et
1351 5067 1594 5123 latebras
1627 5069 1942 5138 ignominiae
1970 5087 2083 5124 sua:

496 5174 764 5229 quaerere.
815 5163 994 5230 Atque
1028 5159 1083 5213 hi
1123 5170 1304 5214 tamen
1341 5169 1638 5229 suntquos
1671 5161 1839 5216 audio
1881 5163 2078 5216 minari

497 5253 774 5308 hostiliter
806 5253 1131 5308 incursuros
1175 5260 1355 5307 terras
1407 5265 1613 5308 nostrae
1663 5253 1910 5316 ditionis,
1955 5265 2080 5308 tan-

496 5363 663 5418 quam
713 5345 966 5417 regiones
996 5355 1190 5402 nostro
1228 5343 1494 5412 subjectae
1541 5344 1770 5414 imperio
1804 5347 2080 5417 praesidiis

498 5441 681 5496 tutelae
711 5426 1406 5510 ipsarum'iuvigilantihus
1456 5449 1705 5493 careant.
1745 5437 1936 5510 Neque
1979 5456 2078 5496 co-

494 5532 674 5600 gitant
717 5531 1006 5586 imminere
1050 5530 1186 5599 ipsis
1215 5545 1245 5583 a
1301 5538 1455 5599 tergo
1485 5532 1791 5600 Augustum
1835 5533 2076 5590 Michae-

494 5626 624 5685 lcm,
668 5631 752 5678 tot
788 5638 852 5677 ac
900 5621 1104 5676 talibus
1141 5620 1477 5676 instructum
1505 5624 1701 5693 copiis,
1737 5641 1970 5694 quarum
2013 5643 2080 5682 nc

495 5718 698 5772 famam
726 5717 949 5787 quidem
994 5713 1434 5778 adventantium,
1478 5718 1679 5772 nedum
1714 5717 1978 5788 impetum
2014 5735 2078 5776 ac

473 5811 605 5886 _vim
627 5811 958 5866 irruentiqu
988 5817 1194 5879 queant
1229 5807 1528 5863 sustinere.

2192 4617 2432 4688 propriis
2467 4632 2565 4672 eos
2594 4618 2817 4686 privans
2847 4617 3184 4685 insignibus,
3211 4617 3341 4670 dum
3377 4619 3574 4670 horum
3607 4633 3775 4671 usum

2186 4712 2564 4773 communicat
2604 4710 2748 4764 aliis.
2777 4710 2977 4764 Aiebat
3003 4719 3187 4763 autem
3230 4710 3499 4762 rationem
3532 4709 3778 4766 reddens

2191 4805 2316 4858 facti
2351 4805 2514 4872 hujus
2543 4805 2845 4873 imperator
2865 4802 3039 4857 videri
3067 4802 3172 4857 sibi
3201 4802 3558 4872 peculiariter
3582 4813 3775 4872 aptum
3809 4853 3830 4884 τ.

2186 4899 2428 4952 colorem
2459 4897 2665 4967 gilvum
2699 4895 3070 4967 insigniendis
3094 4896 3187 4964 qui
3228 4894 3402 4965 gradu
3438 4909 3502 4949 ac
3531 4910 3781 4949 consau-

2186 4989 2462 5058 guiuitate
2509 4988 2762 5056 proxime
2821 4986 3115 5056 imperanti
3174 4994 3303 5039 sunt
3358 4984 3589 5039 admoti.
3649 4983 3776 5038 Jam

2185 5084 2449 5152 quoniam
2496 5079 2824 5149 providebat
2871 5093 2900 5132 a
2933 5077 3236 5141 Catelanis,
3271 5093 3438 5146 super
3485 5078 3774 5145 repulsam

2185 5175 2353 5230 etiam
2385 5173 2770 5242 objurgatione
2799 5185 2830 5222 a
2867 5185 2926 5225 se
2963 5167 3194 5222 irritatis
3250 5183 3470 5236 aspera,
3499 5166 3773 5220 insultum

2179 5264 2306 5334 jure
2343 5264 2585 5332 aliquem
2641 5259 2819 5315 timeri
2873 5273 3058 5329 posse,
3096 5257 3420 5311 Michaelem
3457 5259 3775 5325 Augustum

2179 5357 2383 5427 jussit,
2453 5353 2701 5410 collectis
2763 5353 2984 5408 cunctis
3044 5352 3098 5406 in
3166 5365 3335 5402 unum
3390 5348 3568 5418 cepiis
3617 5348 3772 5403 circa

2184 5464 2370 5502 arcem
2406 5448 2554 5516 Apro
2584 5446 2786 5501 dictam
2818 5454 3001 5500 castra
3035 5442 3255 5502 metari,
3281 5457 3343 5495 ac
3368 5443 3410 5495 si
3443 5455 3550 5510 qua
3577 5457 3773 5496 erum~

2185 5558 2315 5614 pere
2356 5557 2479 5597 cum
2513 5539 2878 5610 Amogabaris
2909 5535 3154 5590 Catelani
3201 5543 3558 5600 conarentur,
3588 5535 3638 5585 vi
3671 5547 3773 5589 eos

2185 5648 2482 5703 pugnaque
2529 5631 2813 5686 cohibere.
2842 5628 3024 5696 Atque
3069 5627 3184 5679 lucc
3217 5625 3298 5678 sic
3331 5640 3498 5695 agens
3528 5625 3773 5694 impera-

2186 5736 2273 5780 tor
2305 5723 2736 5794 haudquaquam
2767 5721 2988 5775 affinem
3018 5733 3178 5772 suum
3227 5717 3481 5771 intimum
3523 5725 3578 5770 et
3605 5717 3768 5786 quasi

2186 5834 2448 5884 generum
2484 5816 2843 5874 liontzerium
2882 5813 3042 5883 plane
3096 5809 3411 5875 abdicabat,
3461 5818 3550 5863 aut
3603 5808 3768 5862 benc-
