  <div class='ocr_page' id='page_1' title='image "/cluster/home/n/w/nwhite01/storage/ocr_20150623/144:no.2/coo.31924054870492/292.png"; bbox 0 0 4046 6390; ppageno 0'>
   <div class='ocr_carea' id='block_1_1' title="bbox 1073 247 1142 257">
    <p class='ocr_par' dir='ltr' id='par_1_1' title="bbox 1073 247 1142 257">
     <span class='ocr_line' id='line_1_1' title="bbox 1073 247 1142 257; baseline -0.014 0"><span class='ocrx_word' id='word_1_1' title='bbox 1073 247 1142 257; x_wconf 65' lang='grc'><strong>..-</strong></span> 
     </span>
    </p>
   </div>
   <div class='ocr_carea' id='block_1_2' title="bbox 424 320 528 384">
    <p class='ocr_par' dir='ltr' id='par_1_2' title="bbox 424 320 528 384">
     <span class='ocr_line' id='line_1_2' title="bbox 424 320 528 384; baseline -0.01 -1"><span class='ocrx_word' id='word_1_2' title='bbox 424 320 528 384; x_wconf 76' lang='grc'><strong>569</strong></span> 
     </span>
    </p>
   </div>
   <div class='ocr_carea' id='block_1_3' title="bbox 1381 324 2764 395">
    <p class='ocr_par' dir='ltr' id='par_1_3' title="bbox 1381 324 2764 395">
     <span class='ocr_line' id='line_1_3' title="bbox 1381 324 2764 395; baseline 0.007 -11"><span class='ocrx_word' id='word_1_3' title='bbox 1381 325 1480 384; x_wconf 88' lang='lat' dir='ltr'><strong>DE</strong></span> <span class='ocrx_word' id='word_1_4' title='bbox 1510 324 1610 387; x_wconf 86' lang='lat' dir='ltr'><strong>AN</strong></span> <span class='ocrx_word' id='word_1_5' title='bbox 1623 324 1956 385; x_wconf 67' lang='lat' dir='ltr'><strong>DRONICO</strong></span> <span class='ocrx_word' id='word_1_6' title='bbox 1997 324 2464 387; x_wconf 66' lang='lat' dir='ltr'><strong>PAL/EOLOGO</strong></span> <span class='ocrx_word' id='word_1_7' title='bbox 2493 326 2639 391; x_wconf 77' lang='lat' dir='ltr'><strong>LIB.</strong></span> <span class='ocrx_word' id='word_1_8' title='bbox 2667 329 2764 395; x_wconf 81' lang='lat' dir='ltr'><strong>VI.</strong></span> 
     </span>
    </p>
   </div>
   <div class='ocr_carea' id='block_1_4' title="bbox 3571 329 3683 394">
    <p class='ocr_par' dir='ltr' id='par_1_4' title="bbox 3571 329 3683 394">
     <span class='ocr_line' id='line_1_4' title="bbox 3571 329 3683 394; baseline 0.018 -2"><span class='ocrx_word' id='word_1_9' title='bbox 3571 329 3683 394; x_wconf 81' lang='lat'><strong>570</strong></span> 
     </span>
    </p>
   </div>
   <div class='ocr_carea' id='block_1_5' title="bbox 410 436 3683 516">
    <p class='ocr_par' dir='ltr' id='par_1_5' title="bbox 410 436 3683 516">
     <span class='ocr_line' id='line_1_5' title="bbox 410 436 3683 516; baseline -0.001 -15"><span class='ocrx_word' id='word_1_10' title='bbox 410 441 671 508; x_wconf 78' lang='grc' dir='ltr'>Καίσαρα</span> <span class='ocrx_word' id='word_1_11' title='bbox 720 436 824 506; x_wconf 80' lang='grc' dir='ltr'><strong>ἤδη</strong></span> <span class='ocrx_word' id='word_1_12' title='bbox 862 436 1238 506; x_wconf 72' lang='grc' dir='ltr'>φημιζόμενον</span> <span class='ocrx_word' id='word_1_13' title='bbox 1265 475 1281 500; x_wconf 71' lang='grc' dir='ltr'><strong>ν</strong></span> <span class='ocrx_word' id='word_1_14' title='bbox 1339 437 1462 490; x_wconf 68' lang='grc' dir='ltr'><strong>ἐπεὶ</strong></span> <span class='ocrx_word' id='word_1_15' title='bbox 1518 441 1615 492; x_wconf 78' lang='grc' dir='ltr'><strong>καὶ</strong></span> <span class='ocrx_word' id='word_1_16' title='bbox 1672 439 1704 508; x_wconf 74' lang='grc' dir='ltr'>ἦ</span> <span class='ocrx_word' id='word_1_17' title='bbox 1766 438 2000 503; x_wconf 76' lang='grc' dir='ltr'>σύζυγος</span> <span class='ocrx_word' id='word_1_18' title='bbox 2029 444 2072 498; x_wconf 76' lang='grc' dir='ltr'>Α</span> <span class='ocrx_word' id='word_1_19' title='bbox 2105 444 2268 510; x_wconf 73' lang='grc' dir='ltr'>δῆθεν</span> <span class='ocrx_word' id='word_1_20' title='bbox 2308 447 2388 508; x_wconf 78' lang='grc' dir='ltr'><strong>εἰς</strong></span> <span class='ocrx_word' id='word_1_21' title='bbox 2420 445 2519 509; x_wconf 72' lang='grc' dir='ltr'>τᾶς</span> <span class='ocrx_word' id='word_1_22' title='bbox 2565 445 2860 516; x_wconf 71' lang='grc' dir='ltr'>λαχούσας,</span> <span class='ocrx_word' id='word_1_23' title='bbox 2899 448 3027 511; x_wconf 76' lang='grc' dir='ltr'>τοὺς</span> <span class='ocrx_word' id='word_1_24' title='bbox 3060 448 3116 499; x_wconf 81' lang='grc' dir='ltr'>δὲ</span> <span class='ocrx_word' id='word_1_25' title='bbox 3151 448 3243 500; x_wconf 73' lang='grc' dir='ltr'>καὶ</span> <span class='ocrx_word' id='word_1_26' title='bbox 3290 445 3438 516; x_wconf 67' lang='grc' dir='ltr'>παρὰ</span> <span class='ocrx_word' id='word_1_27' title='bbox 3478 444 3683 513; x_wconf 80' lang='grc' dir='ltr'>φαῦλον</span> 
     </span>
    </p>
   </div>
   <div class='ocr_carea' id='block_1_6' title="bbox 411 530 1992 602">
    <p class='ocr_par' dir='ltr' id='par_1_6' title="bbox 411 530 1992 602">
     <span class='ocr_line' id='line_1_6' title="bbox 411 530 1992 602; baseline 0.001 -18"><span class='ocrx_word' id='word_1_28' title='bbox 411 531 627 584; x_wconf 74' lang='grc' dir='ltr'>ἐκείνου</span> <span class='ocrx_word' id='word_1_29' title='bbox 661 530 733 584; x_wconf 75' lang='grc' dir='ltr'><strong>τὰ</strong></span> <span class='ocrx_word' id='word_1_30' title='bbox 769 531 1086 602; x_wconf 83' lang='grc' dir='ltr'>Καισαρικά</span> <span class='ocrx_word' id='word_1_31' title='bbox 1118 531 1236 600; x_wconf 73' lang='grc' dir='ltr'>ἅμα</span> <span class='ocrx_word' id='word_1_32' title='bbox 1265 531 1538 602; x_wconf 78' lang='grc' dir='ltr'><strong>δεξαμένη</strong></span> <span class='ocrx_word' id='word_1_33' title='bbox 1571 532 1992 602; x_wconf 78' lang='grc' dir='ltr'>περιεδέδλητο.</span> 
     </span>
    </p>
   </div>
   <div class='ocr_carea' id='block_1_7' title="bbox 411 623 1994 697">
    <p class='ocr_par' dir='ltr' id='par_1_7' title="bbox 411 623 1994 697">
     <span class='ocr_line' id='line_1_7' title="bbox 411 623 1994 697; baseline -0.001 -17"><span class='ocrx_word' id='word_1_34' title='bbox 411 627 526 680; x_wconf 72' lang='grc' dir='ltr'><strong>Καὶ</strong></span> <span class='ocrx_word' id='word_1_35' title='bbox 544 623 697 676; x_wconf 79' lang='grc' dir='ltr'>ταῦτ’</span> <span class='ocrx_word' id='word_1_36' title='bbox 728 623 965 692; x_wconf 76' lang='grc' dir='ltr'><strong>ἔπραττε</strong></span> <span class='ocrx_word' id='word_1_37' title='bbox 995 624 1105 677; x_wconf 89' lang='grc' dir='ltr'><strong>τῶν</strong></span> <span class='ocrx_word' id='word_1_38' title='bbox 1133 623 1343 678; x_wconf 80' lang='grc' dir='ltr'>πολλῶν</span> <span class='ocrx_word' id='word_1_39' title='bbox 1372 625 1584 697; x_wconf 81' lang='grc' dir='ltr'>διιστᾷν</span> <span class='ocrx_word' id='word_1_40' title='bbox 1611 628 1823 679; x_wconf 77' lang='grc' dir='ltr'>ἐκεῖνον</span> <span class='ocrx_word' id='word_1_41' title='bbox 1867 643 1994 678; x_wconf 84' lang='grc' dir='ltr'>πει-</span> 
     </span>
    </p>
   </div>
   <div class='ocr_carea' id='block_1_8' title="bbox 413 714 1996 788">
    <p class='ocr_par' dir='ltr' id='par_1_8' title="bbox 413 714 1996 788">
     <span class='ocr_line' id='line_1_8' title="bbox 413 714 1996 788; baseline 0.003 -22"><span class='ocrx_word' id='word_1_42' title='bbox 413 715 681 786; x_wconf 85' lang='grc' dir='ltr'>ρώμενος,</span> <span class='ocrx_word' id='word_1_43' title='bbox 719 714 843 766; x_wconf 70' lang='grc' dir='ltr'>ἐπεὶ</span> <span class='ocrx_word' id='word_1_44' title='bbox 878 715 972 767; x_wconf 73' lang='grc' dir='ltr'>καὶ</span> <span class='ocrx_word' id='word_1_45' title='bbox 1011 715 1178 780; x_wconf 75' lang='grc' dir='ltr'>αὐτὸς</span> <span class='ocrx_word' id='word_1_46' title='bbox 1213 715 1443 770; x_wconf 81' lang='grc' dir='ltr'>τοιαῦτα</span> <span class='ocrx_word' id='word_1_47' title='bbox 1469 719 1703 784; x_wconf 80' lang='grc' dir='ltr'>πέμπων</span> <span class='ocrx_word' id='word_1_48' title='bbox 1730 716 1866 788; x_wconf 77' lang='grc' dir='ltr'>πρὸς</span> <span class='ocrx_word' id='word_1_49' title='bbox 1899 717 1996 788; x_wconf 79' lang='grc' dir='ltr'><strong>βα·</strong></span> 
     </span>
    </p>
   </div>
   <div class='ocr_carea' id='block_1_9' title="bbox 412 806 936 877">
    <p class='ocr_par' dir='ltr' id='par_1_9' title="bbox 412 806 936 877">
     <span class='ocr_line' id='line_1_9' title="bbox 412 806 936 877; baseline 0.002 -17"><span class='ocrx_word' id='word_1_50' title='bbox 412 807 566 860; x_wconf 88' lang='grc' dir='ltr'>σιλέα</span> <span class='ocrx_word' id='word_1_51' title='bbox 593 806 936 877; x_wconf 73' lang='grc' dir='ltr'>διεμηνύετο.</span> 
     </span>
    </p>
   </div>
   <div class='ocr_carea' id='block_1_10' title="bbox 408 921 1993 990">
    <p class='ocr_par' dir='ltr' id='par_1_10' title="bbox 408 921 1993 990">
     <span class='ocr_line' id='line_1_10' title="bbox 408 921 1993 990; baseline 0.001 -15"><span class='ocrx_word' id='word_1_52' title='bbox 408 929 519 975; x_wconf 85' lang='grc' dir='ltr'>κα’.</span> <span class='ocrx_word' id='word_1_53' title='bbox 549 921 691 984; x_wconf 73' lang='grc' dir='ltr'>Περὶ</span> <span class='ocrx_word' id='word_1_54' title='bbox 725 921 834 974; x_wconf 75' lang='grc' dir='ltr'>τοῦ</span> <span class='ocrx_word' id='word_1_55' title='bbox 858 922 1198 990; x_wconf 70' lang='grc' dir='ltr'>φαμούσου,</span> <span class='ocrx_word' id='word_1_56' title='bbox 1233 923 1331 976; x_wconf 74' lang='grc' dir='ltr'>καὶ</span> <span class='ocrx_word' id='word_1_57' title='bbox 1353 923 1460 977; x_wconf 84' lang='grc' dir='ltr'>τοῦ</span> <span class='ocrx_word' id='word_1_58' title='bbox 1486 924 1882 988; x_wconf 75' lang='grc' dir='ltr'><strong>τελεσθέντος</strong></span> <span class='ocrx_word' id='word_1_59' title='bbox 1904 925 1993 988; x_wconf 81' lang='grc' dir='ltr'><strong>εις</strong></span> 
     </span>
    </p>
   </div>
   <div class='ocr_carea' id='block_1_11' title="bbox 457 989 1951 1062">
    <p class='ocr_par' dir='ltr' id='par_1_11' title="bbox 457 989 1951 1062">
     <span class='ocr_line' id='line_1_11' title="bbox 457 989 1951 1062; baseline 0.002 -18"><span class='ocrx_word' id='word_1_60' title='bbox 457 993 566 1045; x_wconf 81' lang='grc' dir='ltr'><strong>τὸν</strong></span> <span class='ocrx_word' id='word_1_61' title='bbox 604 989 914 1060; x_wconf 70' lang='grc' dir='ltr'>Ἀρμένιον</span> <span class='ocrx_word' id='word_1_62' title='bbox 939 989 953 1024; x_wconf 58' lang='grc' dir='ltr'><strong>έ</strong></span> <span class='ocrx_word' id='word_1_63' title='bbox 981 993 1080 1045; x_wconf 83' lang='grc' dir='ltr'>καὶ</span> <span class='ocrx_word' id='word_1_64' title='bbox 1113 993 1452 1062; x_wconf 70' lang='grc' dir='ltr'>δημηγορὶα</span> <span class='ocrx_word' id='word_1_65' title='bbox 1479 993 1589 1048; x_wconf 85' lang='grc' dir='ltr'>τοῦ</span> <span class='ocrx_word' id='word_1_66' title='bbox 1620 994 1951 1060; x_wconf 73' lang='grc' dir='ltr'>βασιλέως.</span> 
     </span>
    </p>
   </div>
   <div class='ocr_carea' id='block_1_12' title="bbox 491 1082 1996 1154">
    <p class='ocr_par' dir='ltr' id='par_1_12' title="bbox 491 1082 1996 1154">
     <span class='ocr_line' id='line_1_12' title="bbox 491 1082 1996 1154; baseline 0.002 -19"><span class='ocrx_word' id='word_1_67' title='bbox 491 1083 549 1135; x_wconf 83' lang='grc' dir='ltr'>Ὀ</span> <span class='ocrx_word' id='word_1_68' title='bbox 571 1082 626 1135; x_wconf 83' lang='grc' dir='ltr'><em>δέ</em></span> <span class='ocrx_word' id='word_1_69' title='bbox 647 1100 711 1150; x_wconf 88' lang='grc' dir='ltr'><strong>γε</strong></span> <span class='ocrx_word' id='word_1_70' title='bbox 745 1084 1170 1153; x_wconf 73' lang='grc' dir='ltr'>πατριαρχεὺων</span> <span class='ocrx_word' id='word_1_71' title='bbox 1209 1086 1530 1149; x_wconf 79' lang='grc' dir='ltr'>’Δθανάσιος</span> <span class='ocrx_word' id='word_1_72' title='bbox 1556 1087 1623 1140; x_wconf 81' lang='grc' dir='ltr'>τὰ</span> <span class='ocrx_word' id='word_1_73' title='bbox 1645 1085 1819 1138; x_wconf 85' lang='grc' dir='ltr'>πολλά</span> <span class='ocrx_word' id='word_1_74' title='bbox 1843 1085 1996 1154; x_wconf 81' lang='grc' dir='ltr'><strong>παρά</strong></span> 
     </span>
    </p>
   </div>
   <div class='ocr_carea' id='block_1_13' title="bbox 409 1174 1993 1246">
    <p class='ocr_par' dir='ltr' id='par_1_13' title="bbox 409 1174 1993 1246">
     <span class='ocr_line' id='line_1_13' title="bbox 409 1174 1993 1246; baseline 0.001 -17"><span class='ocrx_word' id='word_1_75' title='bbox 409 1176 502 1229; x_wconf 77' lang='grc' dir='ltr'>τοῦ</span> <span class='ocrx_word' id='word_1_76' title='bbox 527 1174 791 1246; x_wconf 80' lang='grc' dir='ltr'>βασιλέως</span> <span class='ocrx_word' id='word_1_77' title='bbox 813 1175 1119 1245; x_wconf 77' lang='grc' dir='ltr'>συγκροτού</span> <span class='ocrx_word' id='word_1_78' title='bbox 1130 1193 1311 1246; x_wconf 85' lang='grc' dir='ltr'>μενος,</span> <span class='ocrx_word' id='word_1_79' title='bbox 1334 1178 1455 1232; x_wconf 72' lang='grc' dir='ltr'>οὐδὲ</span> <span class='ocrx_word' id='word_1_80' title='bbox 1482 1179 1668 1245; x_wconf 78' lang='grc' dir='ltr'>αὐτὸς,</span> <span class='ocrx_word' id='word_1_81' title='bbox 1687 1178 1764 1241; x_wconf 87' lang='grc' dir='ltr'>ὠς</span> <span class='ocrx_word' id='word_1_82' title='bbox 1793 1177 1993 1241; x_wconf 76' lang='grc' dir='ltr'>ἐδόκει,</span> 
     </span>
    </p>
   </div>
   <div class='ocr_carea' id='block_1_14' title="bbox 407 1267 1993 1340">
    <p class='ocr_par' dir='ltr' id='par_1_14' title="bbox 407 1267 1993 1340">
     <span class='ocr_line' id='line_1_14' title="bbox 407 1267 1993 1340; baseline -0.001 -18"><span class='ocrx_word' id='word_1_83' title='bbox 407 1267 663 1338; x_wconf 76' lang='grc' dir='ltr'>καθυφίει</span> <span class='ocrx_word' id='word_1_84' title='bbox 692 1268 791 1337; x_wconf 83' lang='grc' dir='ltr'>τῆς</span> <span class='ocrx_word' id='word_1_85' title='bbox 842 1267 980 1336; x_wconf 77' lang='grc' dir='ltr'>πρὸς</span> <span class='ocrx_word' id='word_1_86' title='bbox 1035 1269 1243 1323; x_wconf 80' lang='grc' dir='ltr'>ἐκεῖνον</span> <span class='ocrx_word' id='word_1_87' title='bbox 1287 1270 1610 1340; x_wconf 70' lang='grc' dir='ltr'>Θεραπείας,</span> <span class='ocrx_word' id='word_1_88' title='bbox 1657 1269 1993 1338; x_wconf 66' lang='grc' dir='ltr'>καὶμᾶλλον</span> 
     </span>
    </p>
   </div>
   <div class='ocr_carea' id='block_1_15' title="bbox 405 1360 1994 1433">
    <p class='ocr_par' dir='ltr' id='par_1_15' title="bbox 405 1360 1994 1433">
     <span class='ocr_line' id='line_1_15' title="bbox 405 1360 1994 1433; baseline 0.001 -19"><span class='ocrx_word' id='word_1_89' title='bbox 405 1362 490 1415; x_wconf 80' lang='grc' dir='ltr'>ὅτι</span> <span class='ocrx_word' id='word_1_90' title='bbox 522 1378 586 1429; x_wconf 80' lang='grc' dir='ltr'><strong>γε</strong></span> <span class='ocrx_word' id='word_1_91' title='bbox 625 1361 724 1414; x_wconf 76' lang='grc' dir='ltr'>καὶ</span> <span class='ocrx_word' id='word_1_92' title='bbox 755 1360 970 1414; x_wconf 82' lang='grc' dir='ltr'>πολλῶν</span> <span class='ocrx_word' id='word_1_93' title='bbox 995 1361 1108 1414; x_wconf 90' lang='grc' dir='ltr'><strong>τῶν</strong></span> <span class='ocrx_word' id='word_1_94' title='bbox 1149 1363 1468 1432; x_wconf 84' lang='grc' dir='ltr'>δυναμένων</span> <span class='ocrx_word' id='word_1_95' title='bbox 1499 1362 1714 1433; x_wconf 74' lang='grc' dir='ltr'>βασιλεῖ</span> <span class='ocrx_word' id='word_1_96' title='bbox 1753 1364 1994 1416; x_wconf 82' lang='grc' dir='ltr'>συνεῖναι</span> 
     </span>
    </p>
   </div>
   <div class='ocr_carea' id='block_1_16' title="bbox 405 1453 1995 1527">
    <p class='ocr_par' dir='ltr' id='par_1_16' title="bbox 405 1453 1995 1527">
     <span class='ocr_line' id='line_1_16' title="bbox 405 1453 1995 1527; baseline 0 -18"><span class='ocrx_word' id='word_1_97' title='bbox 405 1457 502 1510; x_wconf 76' lang='grc' dir='ltr'>καὶ</span> <span class='ocrx_word' id='word_1_98' title='bbox 551 1453 835 1524; x_wconf 80' lang='grc' dir='ltr'>ξυνεργεῖν</span> <span class='ocrx_word' id='word_1_99' title='bbox 895 1457 975 1518; x_wconf 80' lang='grc' dir='ltr'>εἰς</span> <span class='ocrx_word' id='word_1_100' title='bbox 1023 1455 1264 1523; x_wconf 78' lang='grc' dir='ltr'>τάγαθὸν</span> <span class='ocrx_word' id='word_1_101' title='bbox 1315 1455 1527 1527; x_wconf 76' lang='grc' dir='ltr'>ἔρημον</span> <span class='ocrx_word' id='word_1_102' title='bbox 1565 1456 1758 1510; x_wconf 77' lang='grc' dir='ltr'>τοῦτον</span> <span class='ocrx_word' id='word_1_103' title='bbox 1818 1459 1995 1510; x_wconf 82' lang='grc' dir='ltr'>ποιεῖν</span> 
     </span>
    </p>
   </div>
   <div class='ocr_carea' id='block_1_17' title="bbox 409 1546 1996 1616">
    <p class='ocr_par' dir='ltr' id='par_1_17' title="bbox 409 1546 1996 1616">
     <span class='ocr_line' id='line_1_17' title="bbox 409 1546 1996 1616; baseline 0.001 -18"><span class='ocrx_word' id='word_1_104' title='bbox 409 1546 708 1610; x_wconf 73' lang='grc' dir='ltr'>συνέϐαινε,</span> <span class='ocrx_word' id='word_1_105' title='bbox 739 1546 899 1599; x_wconf 80' lang='grc' dir='ltr'>τοῦτο</span> <span class='ocrx_word' id='word_1_106' title='bbox 931 1546 1033 1616; x_wconf 80' lang='grc' dir='ltr'>μὲν</span> <span class='ocrx_word' id='word_1_107' title='bbox 1071 1548 1472 1616; x_wconf 72' lang='grc' dir='ltr'>ἀποφυγόντων</span> <span class='ocrx_word' id='word_1_108' title='bbox 1523 1548 1788 1610; x_wconf 70' lang='grc' dir='ltr'>ἑκουσίως</span> <span class='ocrx_word' id='word_1_109' title='bbox 1815 1549 1873 1611; x_wconf 82' lang='grc' dir='ltr'>ἐς</span> <span class='ocrx_word' id='word_1_110' title='bbox 1900 1548 1996 1600; x_wconf 87' lang='grc' dir='ltr'><strong>πό-</strong></span> 
     </span>
    </p>
   </div>
   <div class='ocr_carea' id='block_1_18' title="bbox 403 1638 1994 1711">
    <p class='ocr_par' dir='ltr' id='par_1_18' title="bbox 403 1638 1994 1711">
     <span class='ocr_line' id='line_1_18' title="bbox 403 1638 1994 1711; baseline 0.001 -21"><span class='ocrx_word' id='word_1_111' title='bbox 403 1640 518 1701; x_wconf 76' lang='grc' dir='ltr'>λεις</span> <span class='ocrx_word' id='word_1_112' title='bbox 545 1639 760 1708; x_wconf 75' lang='grc' dir='ltr'>ἑτέρας,</span> <span class='ocrx_word' id='word_1_113' title='bbox 789 1639 951 1692; x_wconf 74' lang='grc' dir='ltr'>τοῦτο</span> <span class='ocrx_word' id='word_1_114' title='bbox 974 1638 1032 1692; x_wconf 80' lang='grc' dir='ltr'>δὲ</span> <span class='ocrx_word' id='word_1_115' title='bbox 1063 1641 1158 1692; x_wconf 81' lang='grc' dir='ltr'>καὶ</span> <span class='ocrx_word' id='word_1_116' title='bbox 1189 1640 1374 1694; x_wconf 74' lang='grc' dir='ltr'>αὐτῶν</span> <span class='ocrx_word' id='word_1_117' title='bbox 1400 1640 1606 1702; x_wconf 79' lang='grc' dir='ltr'><strong>αἰτίαις</strong></span> <span class='ocrx_word' id='word_1_118' title='bbox 1634 1638 1994 1711; x_wconf 77' lang='grc' dir='ltr'>περισαλλὸν-</span> 
     </span>
    </p>
   </div>
   <div class='ocr_carea' id='block_1_19' title="bbox 401 1724 1988 1802">
    <p class='ocr_par' dir='ltr' id='par_1_19' title="bbox 401 1724 1988 1802">
     <span class='ocr_line' id='line_1_19' title="bbox 401 1724 1988 1802; baseline -0.001 -17"><span class='ocrx_word' id='word_1_119' title='bbox 401 1734 513 1786; x_wconf 73' lang='grc' dir='ltr'><strong>των</strong></span> <span class='ocrx_word' id='word_1_120' title='bbox 542 1732 787 1794; x_wconf 76' lang='grc' dir='ltr'><strong>ἐκείνους</strong></span> <span class='ocrx_word' id='word_1_121' title='bbox 829 1724 904 1784; x_wconf 82' lang='grc' dir='ltr'>ὧν</span> <span class='ocrx_word' id='word_1_122' title='bbox 950 1731 1114 1784; x_wconf 79' lang='grc' dir='ltr'>ἓνεκα</span> <span class='ocrx_word' id='word_1_123' title='bbox 1159 1731 1257 1785; x_wconf 79' lang='grc' dir='ltr'>καὶ</span> <span class='ocrx_word' id='word_1_124' title='bbox 1283 1731 1671 1802; x_wconf 74' lang='grc' dir='ltr'><strong>ἀπηρτημένοι</strong></span> <span class='ocrx_word' id='word_1_125' title='bbox 1715 1731 1988 1798; x_wconf 79' lang='grc' dir='ltr'>βασιλέως</span> 
     </span>
    </p>
   </div>
   <div class='ocr_carea' id='block_1_20' title="bbox 401 1815 1989 1895">
    <p class='ocr_par' dir='ltr' id='par_1_20' title="bbox 401 1815 1989 1895">
     <span class='ocr_line' id='line_1_20' title="bbox 401 1815 1989 1895; baseline -0.001 -18"><span class='ocrx_word' id='word_1_126' title='bbox 401 1820 568 1895; x_wconf 80' lang='grc' dir='ltr'>ἦσαν.</span> <span class='ocrx_word' id='word_1_127' title='bbox 602 1825 712 1878; x_wconf 79' lang='grc' dir='ltr'><strong>Καὶ</strong></span> <span class='ocrx_word' id='word_1_128' title='bbox 737 1823 827 1878; x_wconf 83' lang='grc' dir='ltr'><strong>διὰ</strong></span> <span class='ocrx_word' id='word_1_129' title='bbox 865 1823 1038 1876; x_wconf 83' lang='grc' dir='ltr'>ταῦτα</span> <span class='ocrx_word' id='word_1_130' title='bbox 1071 1822 1509 1892; x_wconf 83' lang='grc' dir='ltr'>ὑποποιούμενος</span> <span class='ocrx_word' id='word_1_131' title='bbox 1540 1823 1635 1876; x_wconf 71' lang='grc' dir='ltr'>τὸν</span> <span class='ocrx_word' id='word_1_132' title='bbox 1670 1822 1864 1893; x_wconf 81' lang='grc' dir='ltr'>καιρὸν</span> <span class='ocrx_word' id='word_1_133' title='bbox 1895 1815 1989 1876; x_wconf 77' lang='grc' dir='ltr'>οὗ·</span> 
     </span>
    </p>
   </div>
   <div class='ocr_carea' id='block_1_21' title="bbox 399 1913 1986 1986">
    <p class='ocr_par' dir='ltr' id='par_1_21' title="bbox 399 1913 1986 1986">
     <span class='ocr_line' id='line_1_21' title="bbox 399 1913 1986 1986; baseline -0.003 -16"><span class='ocrx_word' id='word_1_134' title='bbox 399 1933 494 1979; x_wconf 84' lang='grc' dir='ltr'><strong>τος</strong></span> <span class='ocrx_word' id='word_1_135' title='bbox 523 1917 802 1986; x_wconf 76' lang='grc' dir='ltr'>συνεχέσιν</span> <span class='ocrx_word' id='word_1_136' title='bbox 820 1916 1156 1986; x_wconf 80' lang='grc' dir='ltr'>ἀγρυπνίαις</span> <span class='ocrx_word' id='word_1_137' title='bbox 1179 1915 1276 1970; x_wconf 62' lang='grc' dir='ltr'><strong>καῖ¹</strong></span> <span class='ocrx_word' id='word_1_138' title='bbox 1297 1914 1598 1978; x_wconf 69' lang='grc' dir='ltr'>λιτανείαις</span> <span class='ocrx_word' id='word_1_139' title='bbox 1621 1913 1986 1984; x_wconf 82' lang='grc' dir='ltr'>περιεσπᾶτο,</span> 
     </span>
    </p>
   </div>
   <div class='ocr_carea' id='block_1_22' title="bbox 403 2005 1987 2076">
    <p class='ocr_par' dir='ltr' id='par_1_22' title="bbox 403 2005 1987 2076">
     <span class='ocr_line' id='line_1_22' title="bbox 403 2005 1987 2076; baseline -0.002 -18"><span class='ocrx_word' id='word_1_140' title='bbox 403 2009 590 2074; x_wconf 84' lang='grc' dir='ltr'>στῖφος</span> <span class='ocrx_word' id='word_1_141' title='bbox 621 2006 870 2076; x_wconf 81' lang='grc' dir='ltr'>μοναχῶν</span> <span class='ocrx_word' id='word_1_142' title='bbox 910 2005 1197 2073; x_wconf 77' lang='grc' dir='ltr'>συγκαλῶν</span> <span class='ocrx_word' id='word_1_143' title='bbox 1222 2005 1319 2059; x_wconf 79' lang='grc' dir='ltr'><strong>καὶ</strong></span> <span class='ocrx_word' id='word_1_144' title='bbox 1353 2005 1685 2075; x_wconf 79' lang='grc' dir='ltr'>ἱερωμένους</span> <span class='ocrx_word' id='word_1_145' title='bbox 1711 2006 1807 2059; x_wconf 76' lang='grc' dir='ltr'>καὶ</span> <span class='ocrx_word' id='word_1_146' title='bbox 1846 2005 1987 2074; x_wconf 84' lang='grc' dir='ltr'><strong>πλῆ-</strong></span> 
     </span>
    </p>
   </div>
   <div class='ocr_carea' id='block_1_23' title="bbox 401 2096 1988 2167">
    <p class='ocr_par' dir='ltr' id='par_1_23' title="bbox 401 2096 1988 2167">
     <span class='ocr_line' id='line_1_23' title="bbox 401 2096 1988 2167; baseline -0.001 -18"><span class='ocrx_word' id='word_1_147' title='bbox 401 2097 493 2158; x_wconf 82' lang='grc' dir='ltr'>θος</span> <span class='ocrx_word' id='word_1_148' title='bbox 523 2096 673 2160; x_wconf 67' lang='grc' dir='ltr'>ἄλλο,</span> <span class='ocrx_word' id='word_1_149' title='bbox 708 2098 803 2150; x_wconf 78' lang='grc' dir='ltr'>καὶ</span> <span class='ocrx_word' id='word_1_150' title='bbox 833 2097 1007 2150; x_wconf 80' lang='grc' dir='ltr'>πο).λά</span> <span class='ocrx_word' id='word_1_151' title='bbox 1035 2097 1377 2166; x_wconf 79' lang='grc' dir='ltr'>ὑπερπαθῶν</span> <span class='ocrx_word' id='word_1_152' title='bbox 1406 2097 1485 2167; x_wconf 83' lang='grc' dir='ltr'><strong>τῷ</strong></span> <span class='ocrx_word' id='word_1_153' title='bbox 1528 2096 1710 2150; x_wconf 74' lang='grc' dir='ltr'>δοκεῖν</span> <span class='ocrx_word' id='word_1_154' title='bbox 1743 2097 1988 2158; x_wconf 78' lang='grc' dir='ltr'>συνόδοις</span> 
     </span>
    </p>
   </div>
   <div class='ocr_carea' id='block_1_24' title="bbox 399 2187 1988 2259">
    <p class='ocr_par' dir='ltr' id='par_1_24' title="bbox 399 2187 1988 2259">
     <span class='ocr_line' id='line_1_24' title="bbox 399 2187 1988 2259; baseline 0.001 -20"><span class='ocrx_word' id='word_1_155' title='bbox 399 2187 725 2258; x_wconf 79' lang='grc' dir='ltr'>ὀλοημέροις</span> <span class='ocrx_word' id='word_1_156' title='bbox 762 2189 924 2256; x_wconf 83' lang='grc' dir='ltr'>μόνος</span> <span class='ocrx_word' id='word_1_157' title='bbox 949 2188 1269 2259; x_wconf 84' lang='grc' dir='ltr'>ἀρχιερέων,</span> <span class='ocrx_word' id='word_1_158' title='bbox 1311 2189 1473 2256; x_wconf 84' lang='grc' dir='ltr'>μόνος</span> <span class='ocrx_word' id='word_1_159' title='bbox 1498 2188 1608 2240; x_wconf 87' lang='grc' dir='ltr'><strong>τῶν</strong></span> <span class='ocrx_word' id='word_1_160' title='bbox 1636 2187 1988 2259; x_wconf 78' lang='grc' dir='ltr'>προύχόντων</span> 
     </span>
    </p>
   </div>
   <div class='ocr_carea' id='block_1_25' title="bbox 400 2276 1988 2351">
    <p class='ocr_par' dir='ltr' id='par_1_25' title="bbox 400 2276 1988 2351">
     <span class='ocr_line' id='line_1_25' title="bbox 400 2276 1988 2351; baseline -0.002 -19"><span class='ocrx_word' id='word_1_161' title='bbox 400 2278 501 2348; x_wconf 80' lang='grc' dir='ltr'>τῆς</span> <span class='ocrx_word' id='word_1_162' title='bbox 547 2278 905 2346; x_wconf 79' lang='grc' dir='ltr'>Ἐκκλησίας,</span> <span class='ocrx_word' id='word_1_163' title='bbox 939 2278 1066 2342; x_wconf 80' lang='grc' dir='ltr'>τοὺς</span> <span class='ocrx_word' id='word_1_164' title='bbox 1097 2277 1186 2350; x_wconf 78' lang='grc' dir='ltr'><strong>[Ρ.</strong></span> <span class='ocrx_word' id='word_1_165' title='bbox 1211 2276 1340 2351; x_wconf 78' lang='grc'><strong>561]</strong></span> <span class='ocrx_word' id='word_1_166' title='bbox 1374 2277 1474 2348; x_wconf 80' lang='grc' dir='ltr'>μὲν</span> <span class='ocrx_word' id='word_1_167' title='bbox 1506 2277 1897 2348; x_wconf 81' lang='grc' dir='ltr'>παραπέμπων</span> <span class='ocrx_word' id='word_1_168' title='bbox 1914 2277 1988 2340; x_wconf 85' lang='grc' dir='ltr'><strong>ὡς</strong></span> 
     </span>
    </p>
   </div>
   <div class='ocr_carea' id='block_1_26' title="bbox 401 2455 1988 2528">
    <p class='ocr_par' dir='ltr' id='par_1_26' title="bbox 401 2455 1988 2528">
     <span class='ocr_line' id='line_1_26' title="bbox 401 2455 1988 2528; baseline 0.003 -17"><span class='ocrx_word' id='word_1_169' title='bbox 401 2455 660 2512; x_wconf 63' lang='lat' dir='ltr'><strong>volentia:</strong></span> <span class='ocrx_word' id='word_1_170' title='bbox 715 2471 996 2526; x_wconf 66' lang='lat' dir='ltr'><strong>curaeque,</strong></span> <span class='ocrx_word' id='word_1_171' title='bbox 1051 2471 1194 2528; x_wconf 86' lang='lat' dir='ltr'><strong>quas</strong></span> <span class='ocrx_word' id='word_1_172' title='bbox 1227 2458 1354 2514; x_wconf 88' lang='lat' dir='ltr'><strong>talis</strong></span> <span class='ocrx_word' id='word_1_173' title='bbox 1394 2459 1748 2516; x_wconf 70' lang='lat' dir='ltr'><strong>necessitudo</strong></span> <span class='ocrx_word' id='word_1_174' title='bbox 1793 2474 1988 2528; x_wconf 89' lang='lat' dir='ltr'><strong>posce-</strong></span> 
     </span>
    </p>
   </div>
   <div class='ocr_carea' id='block_1_27' title="bbox 402 2546 1986 2619">
    <p class='ocr_par' dir='ltr' id='par_1_27' title="bbox 402 2546 1986 2619">
     <span class='ocr_line' id='line_1_27' title="bbox 402 2546 1986 2619; baseline 0.003 -18"><span class='ocrx_word' id='word_1_175' title='bbox 402 2554 515 2610; x_wconf 90' lang='lat' dir='ltr'><strong>ret,</strong></span> <span class='ocrx_word' id='word_1_176' title='bbox 569 2546 798 2601; x_wconf 87' lang='lat' dir='ltr'><strong>omnino</strong></span> <span class='ocrx_word' id='word_1_177' title='bbox 831 2557 1116 2617; x_wconf 78' lang='lat' dir='ltr'><strong>expertem</strong></span> <span class='ocrx_word' id='word_1_178' title='bbox 1169 2548 1540 2619; x_wconf 91' lang='lat' dir='ltr'><strong>relinquebat,</strong></span> <span class='ocrx_word' id='word_1_179' title='bbox 1576 2550 1672 2607; x_wconf 90' lang='lat' dir='ltr'><strong>sed</strong></span> <span class='ocrx_word' id='word_1_180' title='bbox 1710 2566 1740 2606; x_wconf 90' lang='lat' dir='ltr'><strong>e</strong></span> <span class='ocrx_word' id='word_1_181' title='bbox 1765 2562 1986 2606; x_wconf 79' lang='lat' dir='ltr'><strong>contra-</strong></span> 
     </span>
    </p>
   </div>
   <div class='ocr_carea' id='block_1_28' title="bbox 401 2639 1986 2713">
    <p class='ocr_par' dir='ltr' id='par_1_28' title="bbox 401 2639 1986 2713">
     <span class='ocr_line' id='line_1_28' title="bbox 401 2639 1986 2713; baseline 0.003 -20"><span class='ocrx_word' id='word_1_182' title='bbox 401 2640 488 2695; x_wconf 88' lang='lat' dir='ltr'><strong>rio</strong></span> <span class='ocrx_word' id='word_1_183' title='bbox 539 2654 743 2710; x_wconf 82' lang='lat' dir='ltr'><strong>genere</strong></span> <span class='ocrx_word' id='word_1_184' title='bbox 780 2641 934 2694; x_wconf 90' lang='lat' dir='ltr'><strong>omni</strong></span> <span class='ocrx_word' id='word_1_185' title='bbox 998 2639 1397 2696; x_wconf 77' lang='lat' dir='ltr'><strong>blanditiarum</strong></span> <span class='ocrx_word' id='word_1_186' title='bbox 1449 2641 1820 2706; x_wconf 86' lang='lat' dir='ltr'><strong>demulcebat,</strong></span> <span class='ocrx_word' id='word_1_187' title='bbox 1869 2644 1986 2713; x_wconf 84' lang='lat' dir='ltr'><strong>jam</strong></span> 
     </span>
    </p>
   </div>
   <div class='ocr_carea' id='block_1_29' title="bbox 403 2731 1987 2806">
    <p class='ocr_par' dir='ltr' id='par_1_29' title="bbox 403 2731 1987 2806">
     <span class='ocr_line' id='line_1_29' title="bbox 403 2731 1987 2806; baseline 0.004 -20"><span class='ocrx_word' id='word_1_188' title='bbox 403 2733 592 2802; x_wconf 90' lang='lat' dir='ltr'><strong>utique</strong></span> <span class='ocrx_word' id='word_1_189' title='bbox 619 2747 758 2803; x_wconf 89' lang='lat' dir='ltr'><strong>pene</strong></span> <span class='ocrx_word' id='word_1_190' title='bbox 796 2731 1138 2788; x_wconf 80' lang='lat' dir='ltr'><strong>declaratum</strong></span> <span class='ocrx_word' id='word_1_191' title='bbox 1168 2732 1440 2789; x_wconf 79' lang='lat' dir='ltr'><strong>Caesarem</strong></span> <span class='ocrx_word' id='word_1_192' title='bbox 1465 2751 1480 2787; x_wconf 90' lang='lat'><strong>:</strong></span> <span class='ocrx_word' id='word_1_193' title='bbox 1503 2733 1749 2790; x_wconf 68' lang='lat' dir='ltr'><strong>Caesarea</strong></span> <span class='ocrx_word' id='word_1_194' title='bbox 1781 2736 1987 2806; x_wconf 88' lang='lat' dir='ltr'><strong>quippe</strong></span> 
     </span>
    </p>
   </div>
   <div class='ocr_carea' id='block_1_30' title="bbox 402 2821 1984 2894">
    <p class='ocr_par' dir='ltr' id='par_1_30' title="bbox 402 2821 1984 2894">
     <span class='ocr_line' id='line_1_30' title="bbox 402 2821 1984 2894; baseline 0.001 -15"><span class='ocrx_word' id='word_1_195' title='bbox 402 2822 641 2892; x_wconf 85' lang='lat' dir='ltr'><strong>insignia</strong></span> <span class='ocrx_word' id='word_1_196' title='bbox 689 2837 830 2876; x_wconf 83' lang='lat' dir='ltr'><strong>uxor</strong></span> <span class='ocrx_word' id='word_1_197' title='bbox 877 2821 1001 2890; x_wconf 87' lang='lat' dir='ltr'><strong>ejus</strong></span> <span class='ocrx_word' id='word_1_198' title='bbox 1027 2823 1095 2877; x_wconf 88' lang='lat' dir='ltr'><strong>ab</strong></span> <span class='ocrx_word' id='word_1_199' title='bbox 1128 2825 1378 2894; x_wconf 87' lang='lat' dir='ltr'><strong>Augusto</strong></span> <span class='ocrx_word' id='word_1_200' title='bbox 1415 2834 1642 2893; x_wconf 88' lang='lat' dir='ltr'><strong>accepta</strong></span> <span class='ocrx_word' id='word_1_201' title='bbox 1697 2825 1984 2880; x_wconf 90' lang='lat' dir='ltr'><strong>induerat.</strong></span> 
     </span>
    </p>
   </div>
   <div class='ocr_carea' id='block_1_31' title="bbox 404 2909 1986 2981">
    <p class='ocr_par' dir='ltr' id='par_1_31' title="bbox 404 2909 1986 2981">
     <span class='ocr_line' id='line_1_31' title="bbox 404 2909 1986 2981; baseline 0.002 -15"><span class='ocrx_word' id='word_1_202' title='bbox 404 2912 706 2980; x_wconf 84' lang='lat' dir='ltr'><strong>Satagebat</strong></span> <span class='ocrx_word' id='word_1_203' title='bbox 741 2910 908 2981; x_wconf 73' lang='lat'><strong>518</strong></span> <span class='ocrx_word' id='word_1_204' title='bbox 949 2909 1206 2966; x_wconf 86' lang='lat' dir='ltr'><strong>videlicet</strong></span> <span class='ocrx_word' id='word_1_205' title='bbox 1246 2911 1349 2966; x_wconf 88' lang='lat' dir='ltr'><strong>hac</strong></span> <span class='ocrx_word' id='word_1_206' title='bbox 1381 2922 1499 2967; x_wconf 87' lang='lat' dir='ltr'><strong>arte</strong></span> <span class='ocrx_word' id='word_1_207' title='bbox 1531 2927 1558 2964; x_wconf 91' lang='lat' dir='ltr'><strong>a</strong></span> <span class='ocrx_word' id='word_1_208' title='bbox 1600 2913 1986 2969; x_wconf 87' lang='lat' dir='ltr'><strong>communibus</strong></span> 
     </span>
    </p>
   </div>
   <div class='ocr_carea' id='block_1_32' title="bbox 407 3001 1983 3075">
    <p class='ocr_par' dir='ltr' id='par_1_32' title="bbox 407 3001 1983 3075">
     <span class='ocr_line' id='line_1_32' title="bbox 407 3001 1983 3075; baseline 0.001 -15"><span class='ocrx_word' id='word_1_209' title='bbox 407 3006 587 3075; x_wconf 78' lang='lat' dir='ltr'><strong>gentis</strong></span> <span class='ocrx_word' id='word_1_210' title='bbox 631 3019 744 3060; x_wconf 66' lang='lat' dir='ltr'><strong>sua:</strong></span> <span class='ocrx_word' id='word_1_211' title='bbox 776 3003 1040 3060; x_wconf 90' lang='lat' dir='ltr'><strong>consiliis</strong></span> <span class='ocrx_word' id='word_1_212' title='bbox 1071 3001 1432 3060; x_wconf 81' lang='lat' dir='ltr'><strong>Rontzerium</strong></span> <span class='ocrx_word' id='word_1_213' title='bbox 1481 3004 1779 3069; x_wconf 77' lang='lat' dir='ltr'><strong>abducere,</strong></span> <span class='ocrx_word' id='word_1_214' title='bbox 1822 3020 1983 3060; x_wconf 86' lang='lat' dir='ltr'><strong>occa-</strong></span> 
     </span>
    </p>
   </div>
   <div class='ocr_carea' id='block_1_33' title="bbox 2102 536 3684 605">
    <p class='ocr_par' dir='ltr' id='par_1_33' title="bbox 2102 536 3684 605">
     <span class='ocr_line' id='line_1_33' title="bbox 2102 536 3684 605; baseline 0 -17"><span class='ocrx_word' id='word_1_215' title='bbox 2102 536 2408 605; x_wconf 77' lang='grc' dir='ltr'>τιθέμενος,</span> <span class='ocrx_word' id='word_1_216' title='bbox 2445 539 2542 596; x_wconf 81' lang='grc' dir='ltr'>τὰς</span> <span class='ocrx_word' id='word_1_217' title='bbox 2573 537 3020 604; x_wconf 74' lang='grc' dir='ltr'>ἀμφισϐητήσεις</span> <span class='ocrx_word' id='word_1_218' title='bbox 3048 537 3141 590; x_wconf 77' lang='grc' dir='ltr'>τοῦ</span> <span class='ocrx_word' id='word_1_219' title='bbox 3175 537 3413 605; x_wconf 76' lang='grc' dir='ltr'>πλήθους</span> <span class='ocrx_word' id='word_1_220' title='bbox 3443 537 3684 589; x_wconf 81' lang='grc' dir='ltr'>διαλύειν</span> 
     </span>
    </p>
   </div>
   <div class='ocr_carea' id='block_1_34' title="bbox 2098 624 3682 700">
    <p class='ocr_par' dir='ltr' id='par_1_34' title="bbox 2098 624 3682 700">
     <span class='ocr_line' id='line_1_34' title="bbox 2098 624 3682 700; baseline 0 -20"><span class='ocrx_word' id='word_1_221' title='bbox 2098 629 2465 698; x_wconf 83' lang='grc' dir='ltr'>πειρώμενος,</span> <span class='ocrx_word' id='word_1_222' title='bbox 2491 629 2594 683; x_wconf 70' lang='grc' dir='ltr'>κᾶν</span> <span class='ocrx_word' id='word_1_223' title='bbox 2623 630 2800 693; x_wconf 77' lang='grc' dir='ltr'>ἄλλως</span> <span class='ocrx_word' id='word_1_224' title='bbox 2827 631 3013 694; x_wconf 86' lang='grc' dir='ltr'>κακῶς</span> <span class='ocrx_word' id='word_1_225' title='bbox 3045 624 3160 700; x_wconf 82' lang='grc' dir='ltr'>εἶχε</span> <span class='ocrx_word' id='word_1_226' title='bbox 3199 631 3260 682; x_wconf 75' lang='grc' dir='ltr'><strong>τδ</strong></span> <span class='ocrx_word' id='word_1_227' title='bbox 3309 630 3410 698; x_wconf 83' lang='grc' dir='ltr'>τῆς</span> <span class='ocrx_word' id='word_1_228' title='bbox 3451 627 3682 698; x_wconf 82' lang='grc' dir='ltr'>Ἐκκλη-</span> 
     </span>
    </p>
   </div>
   <div class='ocr_carea' id='block_1_35' title="bbox 2101 721 3682 793">
    <p class='ocr_par' dir='ltr' id='par_1_35' title="bbox 2101 721 3682 793">
     <span class='ocr_line' id='line_1_35' title="bbox 2101 721 3682 793; baseline 0.001 -20"><span class='ocrx_word' id='word_1_229' title='bbox 2101 721 2222 778; x_wconf 75' lang='grc' dir='ltr'>σεας</span> <span class='ocrx_word' id='word_1_230' title='bbox 2251 721 2546 790; x_wconf 77' lang='grc' dir='ltr'>πλήρωμα,</span> <span class='ocrx_word' id='word_1_231' title='bbox 2577 721 2686 774; x_wconf 83' lang='grc' dir='ltr'><strong>τῶν</strong></span> <span class='ocrx_word' id='word_1_232' title='bbox 2710 723 3030 793; x_wconf 79' lang='grc' dir='ltr'>περιφανῶν</span> <span class='ocrx_word' id='word_1_233' title='bbox 3061 724 3118 774; x_wconf 83' lang='grc' dir='ltr'>ἐν</span> <span class='ocrx_word' id='word_1_234' title='bbox 3151 721 3328 792; x_wconf 72' lang='grc' dir='ltr'>ἐνδείᾳ</span> <span class='ocrx_word' id='word_1_235' title='bbox 3361 721 3456 772; x_wconf 74' lang='grc' dir='ltr'>καὶ</span> <span class='ocrx_word' id='word_1_236' title='bbox 3486 722 3682 789; x_wconf 69' lang='grc' dir='ltr'>ἀτιμίᾳ</span> 
     </span>
    </p>
   </div>
   <div class='ocr_carea' id='block_1_36' title="bbox 2096 812 3680 885">
    <p class='ocr_par' dir='ltr' id='par_1_36' title="bbox 2096 812 3680 885">
     <span class='ocr_line' id='line_1_36' title="bbox 2096 812 3680 885; baseline -0.001 -20"><span class='ocrx_word' id='word_1_237' title='bbox 2096 813 2477 868; x_wconf 68' lang='grc' dir='ltr'>διαϐιοῦντων.</span> <span class='ocrx_word' id='word_1_238' title='bbox 2518 815 2593 866; x_wconf 84' lang='grc' dir='ltr'>Οὐ</span> <span class='ocrx_word' id='word_1_239' title='bbox 2643 815 2750 885; x_wconf 70' lang='grc' dir='ltr'><strong>γὰρ</strong></span> <span class='ocrx_word' id='word_1_240' title='bbox 2807 815 3108 884; x_wconf 75' lang='grc' dir='ltr'>ἐξήλλακτο</span> <span class='ocrx_word' id='word_1_241' title='bbox 3151 813 3228 882; x_wconf 82' lang='grc' dir='ltr'><strong>τῷ</strong></span> <span class='ocrx_word' id='word_1_242' title='bbox 3282 814 3438 880; x_wconf 74' lang='grc' dir='ltr'>ἀνδρὶ</span> <span class='ocrx_word' id='word_1_243' title='bbox 3483 813 3551 866; x_wconf 77' lang='grc' dir='ltr'>τὰ</span> <span class='ocrx_word' id='word_1_244' title='bbox 3588 812 3680 865; x_wconf 75' lang='grc' dir='ltr'>τοῦ</span> 
     </span>
    </p>
   </div>
   <div class='ocr_carea' id='block_1_37' title="bbox 2096 903 3685 976">
    <p class='ocr_par' dir='ltr' id='par_1_37' title="bbox 2096 903 3685 976">
     <span class='ocr_line' id='line_1_37' title="bbox 2096 903 3685 976; baseline -0.001 -20"><span class='ocrx_word' id='word_1_245' title='bbox 2096 904 2264 973; x_wconf 68' lang='grc' dir='ltr'>ἤθους</span> <span class='ocrx_word' id='word_1_246' title='bbox 2293 905 2403 956; x_wconf 72' lang='grc' dir='ltr'>οὐδ’</span> <span class='ocrx_word' id='word_1_247' title='bbox 2433 907 2490 960; x_wconf 80' lang='grc' dir='ltr'>ἐς</span> <span class='ocrx_word' id='word_1_248' title='bbox 2515 905 2688 976; x_wconf 78' lang='grc' dir='ltr'>βραχῦ</span> <span class='ocrx_word' id='word_1_249' title='bbox 2721 908 3116 963; x_wconf 78' lang='grc' dir='ltr'>καταστάσεως</span> <span class='ocrx_word' id='word_1_250' title='bbox 3140 906 3240 973; x_wconf 81' lang='grc' dir='ltr'>τῆς</span> <span class='ocrx_word' id='word_1_251' title='bbox 3269 903 3533 971; x_wconf 78' lang='grc' dir='ltr'>ἀρχῆθεν,</span> <span class='ocrx_word' id='word_1_252' title='bbox 3559 903 3685 956; x_wconf 68' lang='grc' dir='ltr'><strong>καί-</strong></span> 
     </span>
    </p>
   </div>
   <div class='ocr_carea' id='block_1_38' title="bbox 2095 992 3684 1065">
    <p class='ocr_par' dir='ltr' id='par_1_38' title="bbox 2095 992 3684 1065">
     <span class='ocr_line' id='line_1_38' title="bbox 2095 992 3684 1065; baseline -0.001 -20"><span class='ocrx_word' id='word_1_253' title='bbox 2095 1010 2178 1046; x_wconf 83' lang='grc' dir='ltr'><strong>τοι</strong></span> <span class='ocrx_word' id='word_1_254' title='bbox 2217 1012 2281 1062; x_wconf 86' lang='grc' dir='ltr'><strong>γε</strong></span> <span class='ocrx_word' id='word_1_255' title='bbox 2311 992 2406 1046; x_wconf 80' lang='grc' dir='ltr'><strong>τοῦ</strong></span> <span class='ocrx_word' id='word_1_256' title='bbox 2439 995 2705 1063; x_wconf 78' lang='grc' dir='ltr'>βατιλέως</span> <span class='ocrx_word' id='word_1_257' title='bbox 2742 996 3240 1065; x_wconf 78' lang='grc' dir='ltr'>π).ηροφοροῦντοε,</span> <span class='ocrx_word' id='word_1_258' title='bbox 3277 997 3357 1049; x_wconf 77' lang='grc' dir='ltr'><strong>ὅτ’</strong></span> <span class='ocrx_word' id='word_1_259' title='bbox 3389 995 3554 1048; x_wconf 74' lang='grc' dir='ltr'>αὐτὸν</span> <span class='ocrx_word' id='word_1_260' title='bbox 3588 992 3684 1045; x_wconf 58' lang='lat' dir='ltr'><strong>aut</strong></span> 
     </span>
    </p>
   </div>
   <div class='ocr_carea' id='block_1_39' title="bbox 2095 1083 3682 1156">
    <p class='ocr_par' dir='ltr' id='par_1_39' title="bbox 2095 1083 3682 1156">
     <span class='ocr_line' id='line_1_39' title="bbox 2095 1083 3682 1156; baseline -0.004 -15"><span class='ocrx_word' id='word_1_261' title='bbox 2095 1087 2206 1141; x_wconf 85' lang='grc' dir='ltr'><strong>τῶν</strong></span> <span class='ocrx_word' id='word_1_262' title='bbox 2255 1086 2736 1154; x_wconf 77' lang='grc' dir='ltr'>ἐκκλησιαστικῶν</span> <span class='ocrx_word' id='word_1_263' title='bbox 2783 1088 2876 1141; x_wconf 70' lang='grc' dir='ltr'>καὶ</span> <span class='ocrx_word' id='word_1_264' title='bbox 2910 1088 3070 1141; x_wconf 73' lang='grc' dir='ltr'>πάλιν</span> <span class='ocrx_word' id='word_1_265' title='bbox 3107 1088 3452 1156; x_wconf 79' lang='grc' dir='ltr'>πραγμάτων</span> <span class='ocrx_word' id='word_1_266' title='bbox 3482 1083 3682 1147; x_wconf 70' lang='grc' dir='ltr'>ἐποίει,</span> 
     </span>
    </p>
   </div>
   <div class='ocr_carea' id='block_1_40' title="bbox 2095 1173 3682 1249">
    <p class='ocr_par' dir='ltr' id='par_1_40' title="bbox 2095 1173 3682 1249">
     <span class='ocr_line' id='line_1_40' title="bbox 2095 1173 3682 1249; baseline -0.001 -20"><span class='ocrx_word' id='word_1_267' title='bbox 2095 1177 2172 1241; x_wconf 84' lang='grc' dir='ltr'><strong>ῶς</strong></span> <span class='ocrx_word' id='word_1_268' title='bbox 2208 1179 2268 1231; x_wconf 71' lang='grc' dir='ltr'>τὸ</span> <span class='ocrx_word' id='word_1_269' title='bbox 2296 1174 2427 1249; x_wconf 79' lang='grc' dir='ltr'>ἦθος</span> <span class='ocrx_word' id='word_1_270' title='bbox 2459 1179 2808 1248; x_wconf 73' lang='grc' dir='ltr'>ἐνήλλακται.</span> <span class='ocrx_word' id='word_1_271' title='bbox 2843 1179 3024 1245; x_wconf 81' lang='grc' dir='ltr'>Ὀλως</span> <span class='ocrx_word' id='word_1_272' title='bbox 3063 1178 3118 1232; x_wconf 82' lang='grc' dir='ltr'>δὲ</span> <span class='ocrx_word' id='word_1_273' title='bbox 3148 1179 3466 1239; x_wconf 84' lang='grc' dir='ltr'>ἀθὼπευτος</span> <span class='ocrx_word' id='word_1_274' title='bbox 3490 1173 3556 1246; x_wconf 80' lang='grc' dir='ltr'>ἦν</span> <span class='ocrx_word' id='word_1_275' title='bbox 3583 1176 3682 1228; x_wconf 73' lang='grc' dir='ltr'>καὶ</span> 
     </span>
    </p>
   </div>
   <div class='ocr_carea' id='block_1_41' title="bbox 2097 1268 3685 1340">
    <p class='ocr_par' dir='ltr' id='par_1_41' title="bbox 2097 1268 3685 1340">
     <span class='ocr_line' id='line_1_41' title="bbox 2097 1268 3685 1340; baseline -0.006 -14"><span class='ocrx_word' id='word_1_276' title='bbox 2097 1271 2386 1340; x_wconf 79' lang='grc' dir='ltr'>ἄτεγκτος,</span> <span class='ocrx_word' id='word_1_277' title='bbox 2411 1271 2506 1325; x_wconf 71' lang='grc' dir='ltr'>καὶ</span> <span class='ocrx_word' id='word_1_278' title='bbox 2534 1273 2599 1324; x_wconf 80' lang='grc' dir='ltr'><strong>ἵν’</strong></span> <span class='ocrx_word' id='word_1_279' title='bbox 2627 1271 2800 1333; x_wconf 71' lang='grc' dir='ltr'>οὕτως</span> <span class='ocrx_word' id='word_1_280' title='bbox 2822 1271 2982 1335; x_wconf 76' lang='grc' dir='ltr'>εἴπω,</span> <span class='ocrx_word' id='word_1_281' title='bbox 3003 1270 3146 1324; x_wconf 73' lang='grc' dir='ltr'>κατὰ</span> <span class='ocrx_word' id='word_1_282' title='bbox 3167 1272 3293 1332; x_wconf 75' lang='grc' dir='ltr'>τοὺς</span> <span class='ocrx_word' id='word_1_283' title='bbox 3316 1289 3375 1322; x_wconf 89' lang='grc' dir='ltr'><strong>κε</strong></span> <span class='ocrx_word' id='word_1_284' title='bbox 3385 1268 3685 1339; x_wconf 76' lang='grc' dir='ltr'>ρασόόλους</span> 
     </span>
    </p>
   </div>
   <div class='ocr_carea' id='block_1_42' title="bbox 2096 1358 3685 1432">
    <p class='ocr_par' dir='ltr' id='par_1_42' title="bbox 2096 1358 3685 1432">
     <span class='ocr_line' id='line_1_42' title="bbox 2096 1358 3685 1432; baseline -0.005 -16"><span class='ocrx_word' id='word_1_285' title='bbox 2096 1363 2346 1432; x_wconf 84' lang='grc' dir='ltr'>κυάμους</span> <span class='ocrx_word' id='word_1_286' title='bbox 2372 1362 2714 1431; x_wconf 81' lang='grc' dir='ltr'>ἀμάλακτος,</span> <span class='ocrx_word' id='word_1_287' title='bbox 2749 1361 2922 1430; x_wconf 80' lang='grc' dir='ltr'>βαρὺς</span> <span class='ocrx_word' id='word_1_288' title='bbox 2957 1364 3057 1430; x_wconf 80' lang='grc' dir='ltr'>μὲν</span> <span class='ocrx_word' id='word_1_289' title='bbox 3107 1363 3382 1430; x_wconf 77' lang='grc' dir='ltr'>μοναχοῖς,</span> <span class='ocrx_word' id='word_1_290' title='bbox 3426 1358 3685 1424; x_wconf 72' lang='grc' dir='ltr'>ἐξαλλάτ-</span> 
     </span>
    </p>
   </div>
   <div class='ocr_carea' id='block_1_43' title="bbox 2095 1451 3683 1523">
    <p class='ocr_par' dir='ltr' id='par_1_43' title="bbox 2095 1451 3683 1523">
     <span class='ocr_line' id='line_1_43' title="bbox 2095 1451 3683 1523; baseline -0.004 -15"><span class='ocrx_word' id='word_1_291' title='bbox 2095 1473 2202 1508; x_wconf 88' lang='grc' dir='ltr'><strong>των</strong></span> <span class='ocrx_word' id='word_1_292' title='bbox 2232 1455 2328 1508; x_wconf 68' lang='lat' dir='ltr'><strong>ita“.</strong></span> <span class='ocrx_word' id='word_1_293' title='bbox 2363 1454 2504 1508; x_wconf 79' lang='grc' dir='ltr'><strong>αὐτᾶ</strong></span> <span class='ocrx_word' id='word_1_294' title='bbox 2523 1459 2590 1506; x_wconf 68' lang='grc' dir='ltr'>τὰ</span> <span class='ocrx_word' id='word_1_295' title='bbox 2621 1454 2731 1506; x_wconf 80' lang='grc' dir='ltr'><strong>τῶν</strong></span> <span class='ocrx_word' id='word_1_296' title='bbox 2761 1453 2941 1523; x_wconf 86' lang='grc' dir='ltr'>μονῶν</span> <span class='ocrx_word' id='word_1_297' title='bbox 2975 1453 3181 1506; x_wconf 73' lang='grc' dir='ltr'>τυπικέι</span> <span class='ocrx_word' id='word_1_298' title='bbox 3210 1453 3306 1506; x_wconf 70' lang='grc' dir='ltr'>καὶ</span> <span class='ocrx_word' id='word_1_299' title='bbox 3338 1451 3683 1522; x_wconf 70' lang='grc' dir='ltr'>μονοφαγὶαν</span> 
     </span>
    </p>
   </div>
   <div class='ocr_carea' id='block_1_44' title="bbox 2095 1543 3682 1616">
    <p class='ocr_par' dir='ltr' id='par_1_44' title="bbox 2095 1543 3682 1616">
     <span class='ocr_line' id='line_1_44' title="bbox 2095 1543 3682 1616; baseline -0.004 -17"><span class='ocrx_word' id='word_1_300' title='bbox 2095 1545 2162 1599; x_wconf 79' lang='grc' dir='ltr'>δι’</span> <span class='ocrx_word' id='word_1_301' title='bbox 2191 1545 2347 1609; x_wconf 74' lang='grc' dir='ltr'>ἔτους</span> <span class='ocrx_word' id='word_1_302' title='bbox 2379 1545 2868 1616; x_wconf 74' lang='grc' dir='ltr'>ἑξακριϐούμενος,</span> <span class='ocrx_word' id='word_1_303' title='bbox 2887 1546 2962 1609; x_wconf 84' lang='grc' dir='ltr'><strong>ὡς</strong></span> <span class='ocrx_word' id='word_1_304' title='bbox 2988 1546 3082 1598; x_wconf 69' lang='grc' dir='ltr'><strong>καὶ</strong></span> <span class='ocrx_word' id='word_1_305' title='bbox 3111 1543 3410 1607; x_wconf 71' lang='grc' dir='ltr'>ἒννατίζειν</span> <span class='ocrx_word' id='word_1_306' title='bbox 3441 1544 3548 1601; x_wconf 68' lang='grc' dir='ltr'>ἀεὶ.</span> <span class='ocrx_word' id='word_1_307' title='bbox 3577 1543 3682 1594; x_wconf 71' lang='grc' dir='ltr'><strong>κᾶν</strong></span> 
     </span>
    </p>
   </div>
   <div class='ocr_carea' id='block_1_45' title="bbox 2097 1629 3767 1706">
    <p class='ocr_par' dir='ltr' id='par_1_45' title="bbox 2097 1629 3767 1706">
     <span class='ocr_line' id='line_1_45' title="bbox 2097 1629 3767 1706; baseline -0.006 -16"><span class='ocrx_word' id='word_1_308' title='bbox 2097 1636 2368 1705; x_wconf 81' lang='grc' dir='ltr'>ὲφιστῷτο</span> <span class='ocrx_word' id='word_1_309' title='bbox 2415 1636 2746 1698; x_wconf 80' lang='grc' dir='ltr'>δεσπόσυνος</span> <span class='ocrx_word' id='word_1_310' title='bbox 2803 1634 2967 1706; x_wconf 81' lang='grc' dir='ltr'>ἑορτὴ</span> <span class='ocrx_word' id='word_1_311' title='bbox 3020 1635 3115 1686; x_wconf 68' lang='grc' dir='ltr'>καὶ</span> <span class='ocrx_word' id='word_1_312' title='bbox 3170 1635 3279 1685; x_wconf 88' lang='grc' dir='ltr'><strong>τῶν</strong></span> <span class='ocrx_word' id='word_1_313' title='bbox 3314 1629 3679 1701; x_wconf 77' lang='grc' dir='ltr'>πασχαλεων,</span> <span class='ocrx_word' id='word_1_314' title='bbox 3761 1694 3767 1699; x_wconf 32' lang='grc'><strong>1</strong></span> 
     </span>
    </p>
   </div>
   <div class='ocr_carea' id='block_1_46' title="bbox 2100 1727 3680 1799">
    <p class='ocr_par' dir='ltr' id='par_1_46' title="bbox 2100 1727 3680 1799">
     <span class='ocr_line' id='line_1_46' title="bbox 2100 1727 3680 1799; baseline -0.006 -17"><span class='ocrx_word' id='word_1_315' title='bbox 2100 1728 2269 1798; x_wconf 78' lang='grc' dir='ltr'>βαρὺς</span> <span class='ocrx_word' id='word_1_316' title='bbox 2299 1729 2355 1780; x_wconf 82' lang='grc' dir='ltr'>δὲ</span> <span class='ocrx_word' id='word_1_317' title='bbox 2388 1729 2482 1780; x_wconf 77' lang='grc' dir='ltr'><strong>καὶ</strong></span> <span class='ocrx_word' id='word_1_318' title='bbox 2530 1730 2834 1799; x_wconf 82' lang='grc' dir='ltr'>κληρικοῖς,</span> <span class='ocrx_word' id='word_1_319' title='bbox 2877 1728 3049 1798; x_wconf 79' lang='grc' dir='ltr'>βαρὺς</span> <span class='ocrx_word' id='word_1_320' title='bbox 3075 1727 3132 1780; x_wconf 79' lang='grc' dir='ltr'>δὲ</span> <span class='ocrx_word' id='word_1_321' title='bbox 3182 1728 3278 1780; x_wconf 67' lang='grc' dir='ltr'>καὶ</span> <span class='ocrx_word' id='word_1_322' title='bbox 3310 1727 3544 1787; x_wconf 80' lang='grc' dir='ltr'>λαῖκοῖς,</span> <span class='ocrx_word' id='word_1_323' title='bbox 3582 1729 3680 1776; x_wconf 75' lang='grc' dir='ltr'>καὶ</span> 
     </span>
    </p>
   </div>
   <div class='ocr_carea' id='block_1_47' title="bbox 2092 1809 3682 1890">
    <p class='ocr_par' dir='ltr' id='par_1_47' title="bbox 2092 1809 3682 1890">
     <span class='ocr_line' id='line_1_47' title="bbox 2092 1809 3682 1890; baseline -0.003 -18"><span class='ocrx_word' id='word_1_324' title='bbox 2092 1818 2162 1872; x_wconf 79' lang='grc' dir='ltr'><strong>τὰ</strong></span> <span class='ocrx_word' id='word_1_325' title='bbox 2209 1818 2368 1872; x_wconf 81' lang='grc' dir='ltr'>πάντ’</span> <span class='ocrx_word' id='word_1_326' title='bbox 2401 1819 2550 1885; x_wconf 78' lang='grc' dir='ltr'>ἄγων</span> <span class='ocrx_word' id='word_1_327' title='bbox 2580 1821 2673 1872; x_wconf 76' lang='grc' dir='ltr'>καὶ</span> <span class='ocrx_word' id='word_1_328' title='bbox 2717 1820 2903 1890; x_wconf 76' lang='grc' dir='ltr'>φέρων</span> <span class='ocrx_word' id='word_1_329' title='bbox 2931 1821 3011 1883; x_wconf 85' lang='grc' dir='ltr'><strong>εἰς</strong></span> <span class='ocrx_word' id='word_1_330' title='bbox 3039 1819 3161 1872; x_wconf 59' lang='lat' dir='ltr'><strong>(ista</strong></span> <span class='ocrx_word' id='word_1_331' title='bbox 3193 1817 3565 1884; x_wconf 75' lang='grc' dir='ltr'>δικαιώματα,</span> <span class='ocrx_word' id='word_1_332' title='bbox 3598 1809 3682 1878; x_wconf 68' lang='grc' dir='ltr'>οτς</span> 
     </span>
    </p>
   </div>
   <div class='ocr_carea' id='block_1_48' title="bbox 2091 1908 3677 1981">
    <p class='ocr_par' dir='ltr' id='par_1_48' title="bbox 2091 1908 3677 1981">
     <span class='ocr_line' id='line_1_48' title="bbox 2091 1908 3677 1981; baseline -0.006 -15"><span class='ocrx_word' id='word_1_333' title='bbox 2091 1911 2201 1966; x_wconf 75' lang='grc' dir='ltr'>οὐδ’</span> <span class='ocrx_word' id='word_1_334' title='bbox 2227 1911 2366 1976; x_wconf 85' lang='grc' dir='ltr'>ὅλως</span> <span class='ocrx_word' id='word_1_335' title='bbox 2387 1911 2498 1963; x_wconf 79' lang='grc' dir='ltr'>οὐδ’</span> <span class='ocrx_word' id='word_1_336' title='bbox 2530 1911 2578 1963; x_wconf 70' lang='grc' dir='ltr'>οἱ</span> <span class='ocrx_word' id='word_1_337' title='bbox 2608 1911 3059 1981; x_wconf 77' lang='grc' dir='ltr'>ὁμολογουμένως</span> <span class='ocrx_word' id='word_1_338' title='bbox 3091 1910 3223 1979; x_wconf 71' lang='grc' dir='ltr'>περὶ</span> <span class='ocrx_word' id='word_1_339' title='bbox 3257 1909 3325 1962; x_wconf 74' lang='grc' dir='ltr'>τὰ</span> <span class='ocrx_word' id='word_1_340' title='bbox 3360 1908 3481 1962; x_wconf 83' lang='grc' dir='ltr'>θεῖα</span> <span class='ocrx_word' id='word_1_341' title='bbox 3512 1909 3677 1976; x_wconf 72' lang='grc' dir='ltr'>ἠκρι-</span> 
     </span>
    </p>
   </div>
   <div class='ocr_carea' id='block_1_49' title="bbox 2093 2002 3676 2076">
    <p class='ocr_par' dir='ltr' id='par_1_49' title="bbox 2093 2002 3676 2076">
     <span class='ocr_line' id='line_1_49' title="bbox 2093 2002 3676 2076; baseline -0.004 -20"><span class='ocrx_word' id='word_1_342' title='bbox 2093 2003 2329 2070; x_wconf 77' lang='grc' dir='ltr'>ϐωμένοι</span> <span class='ocrx_word' id='word_1_343' title='bbox 2378 2005 2820 2076; x_wconf 77' lang='grc' dir='ltr'>κατεχρήσαντο.</span> <span class='ocrx_word' id='word_1_344' title='bbox 2871 2005 2984 2057; x_wconf 74' lang='grc' dir='ltr'><strong>Καὶ</strong></span> <span class='ocrx_word' id='word_1_345' title='bbox 3025 2003 3326 2072; x_wconf 79' lang='grc' dir='ltr'>ἐπορεύετο</span> <span class='ocrx_word' id='word_1_346' title='bbox 3374 2002 3676 2071; x_wconf 78' lang='grc' dir='ltr'>κραταιού-</span> 
     </span>
    </p>
   </div>
   <div class='ocr_carea' id='block_1_50' title="bbox 2095 2094 3676 2166">
    <p class='ocr_par' dir='ltr' id='par_1_50' title="bbox 2095 2094 3676 2166">
     <span class='ocr_line' id='line_1_50' title="bbox 2095 2094 3676 2166; baseline -0.001 -20"><span class='ocrx_word' id='word_1_347' title='bbox 2095 2111 2256 2164; x_wconf 89' lang='grc' dir='ltr'>μενος</span> <span class='ocrx_word' id='word_1_348' title='bbox 2305 2096 2399 2148; x_wconf 74' lang='grc' dir='ltr'><strong>ἐπὶ</strong></span> <span class='ocrx_word' id='word_1_349' title='bbox 2437 2094 2646 2158; x_wconf 76' lang='grc' dir='ltr'>τούτοις</span> <span class='ocrx_word' id='word_1_350' title='bbox 2709 2095 2979 2163; x_wconf 79' lang='grc' dir='ltr'>βασιλέως</span> <span class='ocrx_word' id='word_1_351' title='bbox 3031 2097 3517 2166; x_wconf 85' lang='grc' dir='ltr'>συγκροτησμοῖς,</span> <span class='ocrx_word' id='word_1_352' title='bbox 3570 2094 3676 2147; x_wconf 72' lang='grc' dir='ltr'>κᾶν</span> 
     </span>
    </p>
   </div>
   <div class='ocr_carea' id='block_1_51' title="bbox 2092 2183 3676 2258">
    <p class='ocr_par' dir='ltr' id='par_1_51' title="bbox 2092 2183 3676 2258">
     <span class='ocr_line' id='line_1_51' title="bbox 2092 2183 3676 2258; baseline -0.001 -19"><span class='ocrx_word' id='word_1_353' title='bbox 2092 2187 2316 2250; x_wconf 81' lang='grc' dir='ltr'>πάντες,</span> <span class='ocrx_word' id='word_1_354' title='bbox 2351 2187 2444 2240; x_wconf 71' lang='grc' dir='ltr'>καὶ</span> <span class='ocrx_word' id='word_1_355' title='bbox 2484 2187 2689 2256; x_wconf 84' lang='grc' dir='ltr'>μᾶλλον</span> <span class='ocrx_word' id='word_1_356' title='bbox 2723 2189 2832 2240; x_wconf 89' lang='grc' dir='ltr'><strong>τῶν</strong></span> <span class='ocrx_word' id='word_1_357' title='bbox 2865 2187 3161 2258; x_wconf 81' lang='grc' dir='ltr'>ὲπιδήλων,</span> <span class='ocrx_word' id='word_1_358' title='bbox 3215 2185 3500 2256; x_wconf 88' lang='grc' dir='ltr'>δυσχερῶς</span> <span class='ocrx_word' id='word_1_359' title='bbox 3531 2183 3676 2256; x_wconf 72' lang='grc' dir='ltr'>εἶχον</span> 
     </span>
    </p>
   </div>
   <div class='ocr_carea' id='block_1_52' title="bbox 2090 2277 3676 2350">
    <p class='ocr_par' dir='ltr' id='par_1_52' title="bbox 2090 2277 3676 2350">
     <span class='ocr_line' id='line_1_52' title="bbox 2090 2277 3676 2350; baseline 0.001 -19"><span class='ocrx_word' id='word_1_360' title='bbox 2090 2279 2205 2340; x_wconf 85' lang='grc' dir='ltr'>τοῖς</span> <span class='ocrx_word' id='word_1_361' title='bbox 2256 2277 2389 2346; x_wconf 77' lang='grc' dir='ltr'>παρ’</span> <span class='ocrx_word' id='word_1_362' title='bbox 2441 2280 2655 2332; x_wconf 76' lang='grc' dir='ltr'>ἐκείνου</span> <span class='ocrx_word' id='word_1_363' title='bbox 2705 2279 3128 2350; x_wconf 81' lang='grc' dir='ltr'>πραττομένοις.</span> <span class='ocrx_word' id='word_1_364' title='bbox 3185 2279 3269 2332; x_wconf 87' lang='grc' dir='ltr'><strong>Τά</strong></span> <span class='ocrx_word' id='word_1_365' title='bbox 3317 2278 3426 2349; x_wconf 86' lang='grc' dir='ltr'><strong>γάρ</strong></span> <span class='ocrx_word' id='word_1_366' title='bbox 3461 2278 3676 2332; x_wconf 79' lang='grc' dir='ltr'>ἐκείνου</span> 
     </span>
    </p>
   </div>
   <div class='ocr_carea' id='block_1_53' title="bbox 2091 2457 3678 2528">
    <p class='ocr_par' dir='ltr' id='par_1_53' title="bbox 2091 2457 3678 2528">
     <span class='ocr_line' id='line_1_53' title="bbox 2091 2457 3678 2528; baseline 0 -16"><span class='ocrx_word' id='word_1_367' title='bbox 2091 2457 2444 2513; x_wconf 84' lang='lat' dir='ltr'><strong>siasticorum</strong></span> <span class='ocrx_word' id='word_1_368' title='bbox 2490 2474 2809 2528; x_wconf 90' lang='lat' dir='ltr'><strong>procerum,</strong></span> <span class='ocrx_word' id='word_1_369' title='bbox 2863 2459 3070 2528; x_wconf 84' lang='lat' dir='ltr'><strong>quippe</strong></span> <span class='ocrx_word' id='word_1_370' title='bbox 3108 2472 3233 2514; x_wconf 90' lang='lat' dir='ltr'><strong>cum</strong></span> <span class='ocrx_word' id='word_1_371' title='bbox 3282 2458 3526 2528; x_wconf 88' lang='lat' dir='ltr'><strong>reliquos</strong></span> <span class='ocrx_word' id='word_1_372' title='bbox 3559 2457 3678 2528; x_wconf 88' lang='lat' dir='ltr'><strong>ipse</strong></span> 
     </span>
    </p>
   </div>
   <div class='ocr_carea' id='block_1_54' title="bbox 2091 2547 3678 2619">
    <p class='ocr_par' dir='ltr' id='par_1_54' title="bbox 2091 2547 3678 2619">
     <span class='ocr_line' id='line_1_54' title="bbox 2091 2547 3678 2619; baseline -0.003 -18"><span class='ocrx_word' id='word_1_373' title='bbox 2091 2547 2160 2602; x_wconf 81' lang='lat' dir='ltr'><strong>ab</strong></span> <span class='ocrx_word' id='word_1_374' title='bbox 2203 2550 2339 2604; x_wconf 85' lang='lat' dir='ltr'><strong>urbe</strong></span> <span class='ocrx_word' id='word_1_375' title='bbox 2365 2547 2717 2604; x_wconf 87' lang='lat' dir='ltr'><strong>amandasset</strong></span> <span class='ocrx_word' id='word_1_376' title='bbox 2755 2564 2967 2614; x_wconf 82' lang='lat' dir='ltr'><strong>etnncs,</strong></span> <span class='ocrx_word' id='word_1_377' title='bbox 3003 2550 3146 2604; x_wconf 89' lang='lat' dir='ltr'><strong>alios</strong></span> <span class='ocrx_word' id='word_1_378' title='bbox 3175 2548 3402 2619; x_wconf 88' lang='lat' dir='ltr'><strong>quidem</strong></span> <span class='ocrx_word' id='word_1_379' title='bbox 3444 2548 3510 2602; x_wconf 88' lang='lat' dir='ltr'><strong>ad</strong></span> <span class='ocrx_word' id='word_1_380' title='bbox 3545 2562 3678 2603; x_wconf 72' lang='lat' dir='ltr'><strong>snas</strong></span> 
     </span>
    </p>
   </div>
   <div class='ocr_carea' id='block_1_55' title="bbox 2091 2639 3679 2711">
    <p class='ocr_par' dir='ltr' id='par_1_55' title="bbox 2091 2639 3679 2711">
     <span class='ocr_line' id='line_1_55' title="bbox 2091 2639 3679 2711; baseline -0.001 -16"><span class='ocrx_word' id='word_1_381' title='bbox 2091 2640 2375 2696; x_wconf 86' lang='lat' dir='ltr'><strong>Ecclesias</strong></span> <span class='ocrx_word' id='word_1_382' title='bbox 2407 2643 2666 2711; x_wconf 68' lang='lat' dir='ltr'><strong>praesenti</strong></span> <span class='ocrx_word' id='word_1_383' title='bbox 2701 2656 2834 2695; x_wconf 92' lang='lat' dir='ltr'><strong>cura</strong></span> <span class='ocrx_word' id='word_1_384' title='bbox 2871 2641 3142 2711; x_wconf 85' lang='lat' dir='ltr'><strong>regendas</strong></span> <span class='ocrx_word' id='word_1_385' title='bbox 3181 2643 3260 2696; x_wconf 92' lang='lat' dir='ltr'><strong>ire</strong></span> <span class='ocrx_word' id='word_1_386' title='bbox 3286 2641 3510 2710; x_wconf 83' lang='lat' dir='ltr'><strong>jubens,</strong></span> <span class='ocrx_word' id='word_1_387' title='bbox 3539 2639 3679 2693; x_wconf 87' lang='lat' dir='ltr'><strong>alios</strong></span> 
     </span>
    </p>
   </div>
   <div class='ocr_carea' id='block_1_56' title="bbox 2090 2733 3680 2804">
    <p class='ocr_par' dir='ltr' id='par_1_56' title="bbox 2090 2733 3680 2804">
     <span class='ocr_line' id='line_1_56' title="bbox 2090 2733 3680 2804; baseline -0.002 -17"><span class='ocrx_word' id='word_1_388' title='bbox 2090 2733 2467 2789; x_wconf 86' lang='lat' dir='ltr'><strong>delationibus</strong></span> <span class='ocrx_word' id='word_1_389' title='bbox 2487 2734 2634 2804; x_wconf 80' lang='lat' dir='ltr'><strong>vulgi</strong></span> <span class='ocrx_word' id='word_1_390' title='bbox 2662 2735 2730 2788; x_wconf 86' lang='lat' dir='ltr'><strong>ad</strong></span> <span class='ocrx_word' id='word_1_391' title='bbox 2757 2750 2916 2789; x_wconf 91' lang='lat' dir='ltr'><strong>suum</strong></span> <span class='ocrx_word' id='word_1_392' title='bbox 2943 2734 3183 2788; x_wconf 82' lang='lat' dir='ltr'><strong>tribunal</strong></span> <span class='ocrx_word' id='word_1_393' title='bbox 3207 2743 3452 2797; x_wconf 88' lang='lat' dir='ltr'><strong>vocatos,</strong></span> <span class='ocrx_word' id='word_1_394' title='bbox 3481 2747 3680 2787; x_wconf 85' lang='lat' dir='ltr'><strong>secun-</strong></span> 
     </span>
    </p>
   </div>
   <div class='ocr_carea' id='block_1_57' title="bbox 2089 2806 3678 2893">
    <p class='ocr_par' dir='ltr' id='par_1_57' title="bbox 2089 2806 3678 2893">
     <span class='ocr_line' id='line_1_57' title="bbox 2089 2806 3678 2893; baseline 0 -16"><span class='ocrx_word' id='word_1_395' title='bbox 2089 2825 2219 2877; x_wconf 90' lang='lat' dir='ltr'><strong>dum</strong></span> <span class='ocrx_word' id='word_1_396' title='bbox 2271 2806 2650 2879; x_wconf 77' lang='lat' dir='ltr'><strong>accusantium</strong></span> <span class='ocrx_word' id='word_1_397' title='bbox 2697 2835 2822 2877; x_wconf 87' lang='lat' dir='ltr'><strong>vota</strong></span> <span class='ocrx_word' id='word_1_398' title='bbox 2875 2823 2988 2878; x_wconf 89' lang='lat' dir='ltr'><strong>fere</strong></span> <span class='ocrx_word' id='word_1_399' title='bbox 3028 2823 3285 2892; x_wconf 76' lang='lat' dir='ltr'><strong>judicans</strong></span> <span class='ocrx_word' id='word_1_400' title='bbox 3313 2862 3328 2886; x_wconf 95' lang='lat'><strong>,</strong></span> <span class='ocrx_word' id='word_1_401' title='bbox 3373 2815 3678 2893; x_wconf 78' lang='lat' dir='ltr'><strong>ignominia</strong></span> 
     </span>
    </p>
   </div>
   <div class='ocr_carea' id='block_1_58' title="bbox 2091 2914 3677 2986">
    <p class='ocr_par' dir='ltr' id='par_1_58' title="bbox 2091 2914 3677 2986">
     <span class='ocr_line' id='line_1_58' title="bbox 2091 2914 3677 2986; baseline -0.001 -17"><span class='ocrx_word' id='word_1_402' title='bbox 2091 2914 2434 2970; x_wconf 83' lang='lat' dir='ltr'><strong>deformatos</strong></span> <span class='ocrx_word' id='word_1_403' title='bbox 2463 2931 2667 2986; x_wconf 86' lang='lat' dir='ltr'><strong>cogens</strong></span> <span class='ocrx_word' id='word_1_404' title='bbox 2704 2917 2984 2971; x_wconf 88' lang='lat' dir='ltr'><strong>declinare</strong></span> <span class='ocrx_word' id='word_1_405' title='bbox 3023 2923 3386 2986; x_wconf 85' lang='lat' dir='ltr'><strong>conspectum</strong></span> <span class='ocrx_word' id='word_1_406' title='bbox 3421 2915 3677 2968; x_wconf 85' lang='lat' dir='ltr'><strong>multitu-</strong></span> 
     </span>
    </p>
   </div>
   <div class='ocr_carea' id='block_1_59' title="bbox 2090 3005 3679 3075">
    <p class='ocr_par' dir='ltr' id='par_1_59' title="bbox 2090 3005 3679 3075">
     <span class='ocr_line' id='line_1_59' title="bbox 2090 3005 3679 3075; baseline -0.002 -15"><span class='ocrx_word' id='word_1_407' title='bbox 2090 3005 2241 3061; x_wconf 87' lang='lat' dir='ltr'><strong>dinis</strong></span> <span class='ocrx_word' id='word_1_408' title='bbox 2301 3012 2358 3060; x_wconf 87' lang='lat' dir='ltr'><strong>et</strong></span> <span class='ocrx_word' id='word_1_409' title='bbox 2418 3019 2530 3074; x_wconf 68' lang='lat' dir='ltr'><strong>prae</strong></span> <span class='ocrx_word' id='word_1_410' title='bbox 2579 3005 2791 3075; x_wconf 90' lang='lat' dir='ltr'><strong>pudore</strong></span> <span class='ocrx_word' id='word_1_411' title='bbox 2858 3006 3147 3060; x_wconf 86' lang='lat' dir='ltr'><strong>dedecoris</strong></span> <span class='ocrx_word' id='word_1_412' title='bbox 3200 3006 3369 3061; x_wconf 89' lang='lat' dir='ltr'><strong>lnusti</strong></span> <span class='ocrx_word' id='word_1_413' title='bbox 3432 3005 3679 3060; x_wconf 82' lang='lat' dir='ltr'><strong>latebras</strong></span> 
     </span>
    </p>
   </div>
   <div class='ocr_carea' id='block_1_60' title="bbox 404 3096 3670 3182">
    <p class='ocr_par' dir='ltr' id='par_1_60' title="bbox 404 3096 3670 3182">
     <span class='ocr_line' id='line_1_60' title="bbox 404 3096 3670 3182; baseline -0 -30"><span class='ocrx_word' id='word_1_414' title='bbox 404 3100 617 3153; x_wconf 82' lang='lat' dir='ltr'><strong>sionem</strong></span> <span class='ocrx_word' id='word_1_415' title='bbox 674 3097 796 3166; x_wconf 82' lang='lat' dir='ltr'><strong>ejus</strong></span> <span class='ocrx_word' id='word_1_416' title='bbox 831 3096 948 3166; x_wconf 88' lang='lat' dir='ltr'><strong>spei</strong></span> <span class='ocrx_word' id='word_1_417' title='bbox 985 3113 1014 3151; x_wconf 92' lang='lat' dir='ltr'><strong>e</strong></span> <span class='ocrx_word' id='word_1_418' title='bbox 1053 3097 1240 3152; x_wconf 87' lang='lat' dir='ltr'><strong>missis</strong></span> <span class='ocrx_word' id='word_1_419' title='bbox 1291 3097 1360 3150; x_wconf 90' lang='lat' dir='ltr'><strong>ab</strong></span> <span class='ocrx_word' id='word_1_420' title='bbox 1409 3098 1511 3151; x_wconf 92' lang='lat' dir='ltr'><strong>hoc</strong></span> <span class='ocrx_word' id='word_1_421' title='bbox 1557 3112 1760 3152; x_wconf 88' lang='lat' dir='ltr'><strong>arcano</strong></span> <span class='ocrx_word' id='word_1_422' title='bbox 1812 3098 1880 3153; x_wconf 89' lang='lat' dir='ltr'><strong>ad</strong></span> <span class='ocrx_word' id='word_1_423' title='bbox 1929 3113 1990 3154; x_wconf 91' lang='lat' dir='ltr'><strong>se</strong></span> <span class='ocrx_word' id='word_1_424' title='bbox 2016 3124 2060 3182; x_wconf 68' lang='grc' dir='ltr'>α</span> <span class='ocrx_word' id='word_1_425' title='bbox 2094 3112 2325 3168; x_wconf 81' lang='lat' dir='ltr'><strong>peregre</strong></span> <span class='ocrx_word' id='word_1_426' title='bbox 2349 3113 2622 3168; x_wconf 62' lang='lat' dir='ltr'><strong>quaerere.</strong></span> <span class='ocrx_word' id='word_1_427' title='bbox 2676 3096 2970 3168; x_wconf 79' lang='lat' dir='ltr'><strong>Reliquum</strong></span> <span class='ocrx_word' id='word_1_428' title='bbox 3007 3113 3140 3152; x_wconf 88' lang='lat' dir='ltr'><strong>vero</strong></span> <span class='ocrx_word' id='word_1_429' title='bbox 3164 3099 3670 3154; x_wconf 77' lang='lat' dir='ltr'><strong>ecclesiasticarum</strong></span> 
     </span>
    </p>
   </div>
   <div class='ocr_carea' id='block_1_61' title="bbox 402 3189 1988 3259">
    <p class='ocr_par' dir='ltr' id='par_1_61' title="bbox 402 3189 1988 3259">
     <span class='ocr_line' id='line_1_61' title="bbox 402 3189 1988 3259; baseline 0 -15"><span class='ocrx_word' id='word_1_430' title='bbox 402 3190 618 3246; x_wconf 90' lang='lat' dir='ltr'><strong>nuntiis</strong></span> <span class='ocrx_word' id='word_1_431' title='bbox 653 3205 903 3254; x_wconf 87' lang='lat' dir='ltr'><strong>sumens,</strong></span> <span class='ocrx_word' id='word_1_432' title='bbox 933 3190 1138 3259; x_wconf 88' lang='lat' dir='ltr'><strong>quibus</strong></span> <span class='ocrx_word' id='word_1_433' title='bbox 1171 3189 1415 3245; x_wconf 89' lang='lat' dir='ltr'><strong>studiose</strong></span> <span class='ocrx_word' id='word_1_434' title='bbox 1445 3189 1783 3259; x_wconf 85' lang='lat' dir='ltr'><strong>persuadere</strong></span> <span class='ocrx_word' id='word_1_435' title='bbox 1815 3206 1988 3246; x_wconf 86' lang='lat' dir='ltr'><strong>cona-</strong></span> 
     </span>
    </p>
   </div>
   <div class='ocr_carea' id='block_1_62' title="bbox 404 3281 1988 3352">
    <p class='ocr_par' dir='ltr' id='par_1_62' title="bbox 404 3281 1988 3352">
     <span class='ocr_line' id='line_1_62' title="bbox 404 3281 1988 3352; baseline 0.001 -16"><span class='ocrx_word' id='word_1_436' title='bbox 404 3281 572 3336; x_wconf 84' lang='lat' dir='ltr'><strong>batur</strong></span> <span class='ocrx_word' id='word_1_437' title='bbox 599 3297 658 3336; x_wconf 90' lang='lat' dir='ltr'><strong>se</strong></span> <span class='ocrx_word' id='word_1_438' title='bbox 694 3282 896 3336; x_wconf 88' lang='lat' dir='ltr'><strong>devoto</strong></span> <span class='ocrx_word' id='word_1_439' title='bbox 928 3290 1176 3348; x_wconf 82' lang='lat' dir='ltr'><strong>perstare</strong></span> <span class='ocrx_word' id='word_1_440' title='bbox 1225 3281 1278 3332; x_wconf 92' lang='lat' dir='ltr'><strong>in</strong></span> <span class='ocrx_word' id='word_1_441' title='bbox 1311 3283 1617 3352; x_wconf 79' lang='lat' dir='ltr'><strong>Augustum</strong></span> <span class='ocrx_word' id='word_1_442' title='bbox 1655 3282 1862 3346; x_wconf 89' lang='lat' dir='ltr'><strong>animo,</strong></span> <span class='ocrx_word' id='word_1_443' title='bbox 1891 3282 1988 3339; x_wconf 86' lang='lat' dir='ltr'><strong>sed</strong></span> 
     </span>
    </p>
   </div>
   <div class='ocr_carea' id='block_1_63' title="bbox 403 3371 1990 3443">
    <p class='ocr_par' dir='ltr' id='par_1_63' title="bbox 403 3371 1990 3443">
     <span class='ocr_line' id='line_1_63' title="bbox 403 3371 1990 3443; baseline 0.001 -16"><span class='ocrx_word' id='word_1_444' title='bbox 403 3375 680 3443; x_wconf 87' lang='lat' dir='ltr'><strong>quandam</strong></span> <span class='ocrx_word' id='word_1_445' title='bbox 737 3373 935 3443; x_wconf 88' lang='lat' dir='ltr'><strong>agendi</strong></span> <span class='ocrx_word' id='word_1_446' title='bbox 983 3371 1352 3440; x_wconf 84' lang='lat' dir='ltr'><strong>loquendique</strong></span> <span class='ocrx_word' id='word_1_447' title='bbox 1387 3374 1651 3426; x_wconf 84' lang='lat' dir='ltr'><strong>adversus</strong></span> <span class='ocrx_word' id='word_1_448' title='bbox 1688 3373 1990 3442; x_wconf 88' lang='lat' dir='ltr'><strong>imperato-</strong></span> 
     </span>
    </p>
   </div>
   <div class='ocr_carea' id='block_1_64' title="bbox 404 3459 1990 3530">
    <p class='ocr_par' dir='ltr' id='par_1_64' title="bbox 404 3459 1990 3530">
     <span class='ocr_line' id='line_1_64' title="bbox 404 3459 1990 3530; baseline -0.001 -12"><span class='ocrx_word' id='word_1_449' title='bbox 404 3479 520 3519; x_wconf 89' lang='lat' dir='ltr'><strong>rem</strong></span> <span class='ocrx_word' id='word_1_450' title='bbox 565 3463 978 3518; x_wconf 88' lang='lat' dir='ltr'><strong>simulationem</strong></span> <span class='ocrx_word' id='word_1_451' title='bbox 1015 3461 1334 3530; x_wconf 76' lang='lat' dir='ltr'><strong>extorqueri</strong></span> <span class='ocrx_word' id='word_1_452' title='bbox 1384 3459 1490 3515; x_wconf 87' lang='lat' dir='ltr'><strong>sibi</strong></span> <span class='ocrx_word' id='word_1_453' title='bbox 1526 3469 1673 3514; x_wconf 91' lang='lat' dir='ltr'><strong>metu</strong></span> <span class='ocrx_word' id='word_1_454' title='bbox 1728 3476 1792 3514; x_wconf 92' lang='lat' dir='ltr'><strong>ac</strong></span> <span class='ocrx_word' id='word_1_455' title='bbox 1822 3461 1990 3516; x_wconf 90' lang='lat' dir='ltr'><strong>minis</strong></span> 
     </span>
    </p>
   </div>
   <div class='ocr_carea' id='block_1_65' title="bbox 405 3549 1991 3620">
    <p class='ocr_par' dir='ltr' id='par_1_65' title="bbox 405 3549 1991 3620">
     <span class='ocr_line' id='line_1_65' title="bbox 405 3549 1991 3620; baseline -0.001 -14"><span class='ocrx_word' id='word_1_456' title='bbox 405 3566 676 3617; x_wconf 84' lang='lat' dir='ltr'><strong>suorum,</strong></span> <span class='ocrx_word' id='word_1_457' title='bbox 723 3566 961 3620; x_wconf 90' lang='lat' dir='ltr'><strong>quorum</strong></span> <span class='ocrx_word' id='word_1_458' title='bbox 1015 3549 1424 3604; x_wconf 86' lang='lat' dir='ltr'><strong>contumaciam</strong></span> <span class='ocrx_word' id='word_1_459' title='bbox 1479 3551 1686 3604; x_wconf 86' lang='lat' dir='ltr'><strong>tacitus</strong></span> <span class='ocrx_word' id='word_1_460' title='bbox 1747 3551 1991 3605; x_wconf 84' lang='lat' dir='ltr'><strong>detesta-</strong></span> 
     </span>
    </p>
   </div>
   <div class='ocr_carea' id='block_1_66' title="bbox 405 3654 574 3700">
    <p class='ocr_par' dir='ltr' id='par_1_66' title="bbox 405 3654 574 3700">
     <span class='ocr_line' id='line_1_66' title="bbox 405 3654 574 3700; baseline 0.006 -3"><span class='ocrx_word' id='word_1_461' title='bbox 405 3654 574 3700; x_wconf 84' lang='lat' dir='ltr'><strong>retur.</strong></span> 
     </span>
    </p>
   </div>
   <div class='ocr_carea' id='block_1_67' title="bbox 403 3759 1985 3827">
    <p class='ocr_par' dir='ltr' id='par_1_67' title="bbox 403 3759 1985 3827">
     <span class='ocr_line' id='line_1_67' title="bbox 403 3759 1985 3827; baseline -0.001 -13"><span class='ocrx_word' id='word_1_462' title='bbox 403 3759 498 3816; x_wconf 73' lang='lat'><strong>2|.</strong></span> <span class='ocrx_word' id='word_1_463' title='bbox 531 3759 607 3813; x_wconf 73' lang='lat' dir='ltr'><strong>De</strong></span> <span class='ocrx_word' id='word_1_464' title='bbox 633 3759 811 3813; x_wconf 75' lang='lat' dir='ltr'><strong>libello</strong></span> <span class='ocrx_word' id='word_1_465' title='bbox 865 3759 1092 3826; x_wconf 76' lang='lat' dir='ltr'><strong>famoso,</strong></span> <span class='ocrx_word' id='word_1_466' title='bbox 1123 3760 1288 3826; x_wconf 84' lang='lat' dir='ltr'><strong>deque</strong></span> <span class='ocrx_word' id='word_1_467' title='bbox 1337 3774 1396 3811; x_wconf 81' lang='lat' dir='ltr'><strong>eo</strong></span> <span class='ocrx_word' id='word_1_468' title='bbox 1438 3762 1577 3827; x_wconf 82' lang='lat' dir='ltr'><strong>quod</strong></span> <span class='ocrx_word' id='word_1_469' title='bbox 1618 3761 1748 3813; x_wconf 85' lang='lat' dir='ltr'><strong>mire</strong></span> <span class='ocrx_word' id='word_1_470' title='bbox 1790 3760 1985 3813; x_wconf 82' lang='lat' dir='ltr'><strong>accidit</strong></span> 
     </span>
    </p>
   </div>
   <div class='ocr_carea' id='block_1_68' title="bbox 548 3829 1849 3898">
    <p class='ocr_par' dir='ltr' id='par_1_68' title="bbox 548 3829 1849 3898">
     <span class='ocr_line' id='line_1_68' title="bbox 548 3829 1849 3898; baseline -0.001 -15"><span class='ocrx_word' id='word_1_471' title='bbox 548 3836 780 3884; x_wconf 84' lang='lat' dir='ltr'><strong>Armeno</strong></span> <span class='ocrx_word' id='word_1_472' title='bbox 800 3845 819 3892; x_wconf 89' lang='lat'><strong><em>;</em></strong></span> <span class='ocrx_word' id='word_1_473' title='bbox 854 3845 1110 3898; x_wconf 75' lang='lat' dir='ltr'><strong>superque</strong></span> <span class='ocrx_word' id='word_1_474' title='bbox 1141 3829 1234 3882; x_wconf 80' lang='lat' dir='ltr'><strong>illo</strong></span> <span class='ocrx_word' id='word_1_475' title='bbox 1267 3830 1448 3882; x_wconf 82' lang='lat' dir='ltr'><strong>concio</strong></span> <span class='ocrx_word' id='word_1_476' title='bbox 1490 3829 1849 3898; x_wconf 76' lang='lat' dir='ltr'><strong>imperatoris.</strong></span> 
     </span>
    </p>
   </div>
   <div class='ocr_carea' id='block_1_69' title="bbox 481 3919 1996 3989">
    <p class='ocr_par' dir='ltr' id='par_1_69' title="bbox 481 3919 1996 3989">
     <span class='ocr_line' id='line_1_69' title="bbox 481 3919 1996 3989; baseline 0 -15"><span class='ocrx_word' id='word_1_477' title='bbox 481 3921 799 3976; x_wconf 86' lang='lat' dir='ltr'><strong>Patriarcha</strong></span> <span class='ocrx_word' id='word_1_478' title='bbox 849 3935 1018 3989; x_wconf 91' lang='lat' dir='ltr'><strong>porro</strong></span> <span class='ocrx_word' id='word_1_479' title='bbox 1052 3921 1394 3973; x_wconf 78' lang='lat' dir='ltr'><strong>Athanasius</strong></span> <span class='ocrx_word' id='word_1_480' title='bbox 1428 3930 1487 3972; x_wconf 91' lang='lat' dir='ltr'><strong>ut</strong></span> <span class='ocrx_word' id='word_1_481' title='bbox 1519 3919 1728 3985; x_wconf 77' lang='lat' dir='ltr'><strong>ingenti</strong></span> <span class='ocrx_word' id='word_1_482' title='bbox 1776 3935 1996 3988; x_wconf 85' lang='lat' dir='ltr'><strong>semper</strong></span> 
     </span>
    </p>
   </div>
   <div class='ocr_carea' id='block_1_70' title="bbox 410 4010 1993 4081">
    <p class='ocr_par' dir='ltr' id='par_1_70' title="bbox 410 4010 1993 4081">
     <span class='ocr_line' id='line_1_70' title="bbox 410 4010 1993 4081; baseline -0.003 -12"><span class='ocrx_word' id='word_1_483' title='bbox 410 4015 600 4069; x_wconf 79' lang='lat' dir='ltr'><strong>favore</strong></span> <span class='ocrx_word' id='word_1_484' title='bbox 649 4021 815 4081; x_wconf 89' lang='lat' dir='ltr'><strong>atque</strong></span> <span class='ocrx_word' id='word_1_485' title='bbox 866 4011 1132 4079; x_wconf 89' lang='lat' dir='ltr'><strong>applausu</strong></span> <span class='ocrx_word' id='word_1_486' title='bbox 1181 4010 1538 4080; x_wconf 86' lang='lat' dir='ltr'><strong>imperatoris</strong></span> <span class='ocrx_word' id='word_1_487' title='bbox 1583 4011 1993 4070; x_wconf 85' lang='lat' dir='ltr'><strong>honorabatur.</strong></span> 
     </span>
    </p>
   </div>
   <div class='ocr_carea' id='block_1_71' title="bbox 408 4103 1994 4174">
    <p class='ocr_par' dir='ltr' id='par_1_71' title="bbox 408 4103 1994 4174">
     <span class='ocr_line' id='line_1_71' title="bbox 408 4103 1994 4174; baseline -0.002 -14"><span class='ocrx_word' id='word_1_488' title='bbox 408 4108 484 4161; x_wconf 83' lang='lat' dir='ltr'><strong>ita</strong></span> <span class='ocrx_word' id='word_1_489' title='bbox 538 4121 642 4160; x_wconf 86' lang='lat' dir='ltr'><strong>nec</strong></span> <span class='ocrx_word' id='word_1_490' title='bbox 696 4104 814 4174; x_wconf 90' lang='lat' dir='ltr'><strong>ipse</strong></span> <span class='ocrx_word' id='word_1_491' title='bbox 853 4103 1024 4158; x_wconf 90' lang='lat' dir='ltr'><strong>videri</strong></span> <span class='ocrx_word' id='word_1_492' title='bbox 1074 4103 1294 4158; x_wconf 88' lang='lat' dir='ltr'><strong>volebat</strong></span> <span class='ocrx_word' id='word_1_493' title='bbox 1350 4103 1459 4156; x_wconf 85' lang='lat' dir='ltr'><strong>ulla</strong></span> <span class='ocrx_word' id='word_1_494' title='bbox 1520 4103 1766 4157; x_wconf 76' lang='lat' dir='ltr'><strong>vicissim</strong></span> <span class='ocrx_word' id='word_1_495' title='bbox 1828 4104 1882 4157; x_wconf 92' lang='lat' dir='ltr'><strong>in</strong></span> <span class='ocrx_word' id='word_1_496' title='bbox 1935 4119 1994 4158; x_wconf 93' lang='lat' dir='ltr'><strong>re</strong></span> 
     </span>
    </p>
   </div>
   <div class='ocr_carea' id='block_1_72' title="bbox 406 4195 1988 4269">
    <p class='ocr_par' dir='ltr' id='par_1_72' title="bbox 406 4195 1988 4269">
     <span class='ocr_line' id='line_1_72' title="bbox 406 4195 1988 4269; baseline -0.003 -15"><span class='ocrx_word' id='word_1_497' title='bbox 406 4215 633 4256; x_wconf 86' lang='lat' dir='ltr'><strong>cessare</strong></span> <span class='ocrx_word' id='word_1_498' title='bbox 663 4213 785 4269; x_wconf 75' lang='lat' dir='ltr'><strong>qua:</strong></span> <span class='ocrx_word' id='word_1_499' title='bbox 826 4196 892 4248; x_wconf 89' lang='lat' dir='ltr'><strong>ad</strong></span> <span class='ocrx_word' id='word_1_500' title='bbox 938 4197 987 4250; x_wconf 88' lang='lat' dir='ltr'><strong>ei</strong></span> <span class='ocrx_word' id='word_1_501' title='bbox 1034 4196 1462 4265; x_wconf 84' lang='lat' dir='ltr'><strong>gratificandum</strong></span> <span class='ocrx_word' id='word_1_502' title='bbox 1499 4195 1988 4266; x_wconf 87' lang='lat' dir='ltr'><strong>obsequendumve</strong></span> 
     </span>
    </p>
   </div>
   <div class='ocr_carea' id='block_1_73' title="bbox 407 4288 1990 4358">
    <p class='ocr_par' dir='ltr' id='par_1_73' title="bbox 407 4288 1990 4358">
     <span class='ocr_line' id='line_1_73' title="bbox 407 4288 1990 4358; baseline -0.003 -14"><span class='ocrx_word' id='word_1_503' title='bbox 407 4291 728 4358; x_wconf 85' lang='lat' dir='ltr'><strong>pertineret.</strong></span> <span class='ocrx_word' id='word_1_504' title='bbox 756 4290 836 4343; x_wconf 80' lang='lat' dir='ltr'><strong>Ad</strong></span> <span class='ocrx_word' id='word_1_505' title='bbox 884 4289 1030 4357; x_wconf 90' lang='lat' dir='ltr'><strong>quod</strong></span> <span class='ocrx_word' id='word_1_506' title='bbox 1079 4288 1232 4341; x_wconf 91' lang='lat' dir='ltr'><strong>illum</strong></span> <span class='ocrx_word' id='word_1_507' title='bbox 1269 4288 1593 4343; x_wconf 86' lang='lat' dir='ltr'><strong>stimulabat.</strong></span> <span class='ocrx_word' id='word_1_508' title='bbox 1627 4288 1867 4342; x_wconf 83' lang='lat' dir='ltr'><strong>maxime</strong></span> <span class='ocrx_word' id='word_1_509' title='bbox 1899 4304 1990 4340; x_wconf 86' lang='lat' dir='ltr'><strong>so-</strong></span> 
     </span>
    </p>
   </div>
   <div class='ocr_carea' id='block_1_74' title="bbox 405 4381 1991 4452">
    <p class='ocr_par' dir='ltr' id='par_1_74' title="bbox 405 4381 1991 4452">
     <span class='ocr_line' id='line_1_74' title="bbox 405 4381 1991 4452; baseline -0.003 -13"><span class='ocrx_word' id='word_1_510' title='bbox 405 4384 586 4439; x_wconf 89' lang='lat' dir='ltr'><strong>litudo</strong></span> <span class='ocrx_word' id='word_1_511' title='bbox 621 4383 973 4452; x_wconf 87' lang='lat' dir='ltr'><strong>imperatoris</strong></span> <span class='ocrx_word' id='word_1_512' title='bbox 1001 4389 1056 4435; x_wconf 91' lang='lat' dir='ltr'><strong>et</strong></span> <span class='ocrx_word' id='word_1_513' title='bbox 1087 4381 1374 4436; x_wconf 84' lang='lat' dir='ltr'><strong>destitutio</strong></span> <span class='ocrx_word' id='word_1_514' title='bbox 1407 4397 1436 4435; x_wconf 91' lang='lat' dir='ltr'><strong>a</strong></span> <span class='ocrx_word' id='word_1_515' title='bbox 1465 4382 1650 4437; x_wconf 90' lang='lat' dir='ltr'><strong>multis</strong></span> <span class='ocrx_word' id='word_1_516' title='bbox 1685 4397 1784 4436; x_wconf 91' lang='lat' dir='ltr'><strong>sua</strong></span> <span class='ocrx_word' id='word_1_517' title='bbox 1821 4395 1991 4436; x_wconf 86' lang='lat' dir='ltr'><strong>causa</strong></span> 
     </span>
    </p>
   </div>
   <div class='ocr_carea' id='block_1_75' title="bbox 2099 3191 3678 3260">
    <p class='ocr_par' dir='ltr' id='par_1_75' title="bbox 2099 3191 3678 3260">
     <span class='ocr_line' id='line_1_75' title="bbox 2099 3191 3678 3260; baseline -0.001 -17"><span class='ocrx_word' id='word_1_518' title='bbox 2099 3203 2298 3260; x_wconf 89' lang='lat' dir='ltr'><strong>corpus</strong></span> <span class='ocrx_word' id='word_1_519' title='bbox 2325 3191 2568 3258; x_wconf 79' lang='lat' dir='ltr'><strong>graviter</strong></span> <span class='ocrx_word' id='word_1_520' title='bbox 2617 3191 2939 3245; x_wconf 84' lang='lat' dir='ltr'><strong>universum</strong></span> <span class='ocrx_word' id='word_1_521' title='bbox 2979 3191 3292 3254; x_wconf 79' lang='lat' dir='ltr'><strong>laborabat,</strong></span> <span class='ocrx_word' id='word_1_522' title='bbox 3346 3191 3678 3245; x_wconf 85' lang='lat' dir='ltr'><strong>illustriori-</strong></span> 
     </span>
    </p>
   </div>
   <div class='ocr_carea' id='block_1_76' title="bbox 2099 3281 3678 3352">
    <p class='ocr_par' dir='ltr' id='par_1_76' title="bbox 2099 3281 3678 3352">
     <span class='ocr_line' id='line_1_76' title="bbox 2099 3281 3678 3352; baseline -0.003 -15"><span class='ocrx_word' id='word_1_523' title='bbox 2099 3283 2202 3338; x_wconf 88' lang='lat' dir='ltr'><strong>bus</strong></span> <span class='ocrx_word' id='word_1_524' title='bbox 2246 3281 2563 3352; x_wconf 86' lang='lat' dir='ltr'><strong>quibusque</strong></span> <span class='ocrx_word' id='word_1_525' title='bbox 2608 3282 2806 3337; x_wconf 90' lang='lat' dir='ltr'><strong>borum</strong></span> <span class='ocrx_word' id='word_1_526' title='bbox 2855 3284 3053 3352; x_wconf 86' lang='lat' dir='ltr'><strong>partim</strong></span> <span class='ocrx_word' id='word_1_527' title='bbox 3093 3283 3277 3350; x_wconf 82' lang='lat' dir='ltr'><strong>inopia</strong></span> <span class='ocrx_word' id='word_1_528' title='bbox 3325 3281 3678 3343; x_wconf 82' lang='lat' dir='ltr'><strong>conﬂictatis,</strong></span> 
     </span>
    </p>
   </div>
   <div class='ocr_carea' id='block_1_77' title="bbox 2099 3371 3677 3444">
    <p class='ocr_par' dir='ltr' id='par_1_77' title="bbox 2099 3371 3677 3444">
     <span class='ocr_line' id='line_1_77' title="bbox 2099 3371 3677 3444; baseline -0.002 -16"><span class='ocrx_word' id='word_1_529' title='bbox 2099 3374 2302 3444; x_wconf 89' lang='lat' dir='ltr'><strong>partim</strong></span> <span class='ocrx_word' id='word_1_530' title='bbox 2359 3374 2572 3428; x_wconf 87' lang='lat' dir='ltr'><strong>honore</strong></span> <span class='ocrx_word' id='word_1_531' title='bbox 2629 3374 2922 3428; x_wconf 90' lang='lat' dir='ltr'><strong>imminuto</strong></span> <span class='ocrx_word' id='word_1_532' title='bbox 2981 3375 3049 3428; x_wconf 87' lang='lat' dir='ltr'><strong>de</strong></span> <span class='ocrx_word' id='word_1_533' title='bbox 3107 3375 3278 3441; x_wconf 78' lang='lat' dir='ltr'><strong>gradu</strong></span> <span class='ocrx_word' id='word_1_534' title='bbox 3364 3371 3677 3441; x_wconf 78' lang='lat' dir='ltr'><strong>splendoris</strong></span> 
     </span>
    </p>
   </div>
   <div class='ocr_carea' id='block_1_78' title="bbox 2101 3463 3679 3535">
    <p class='ocr_par' dir='ltr' id='par_1_78' title="bbox 2101 3463 3679 3535">
     <span class='ocr_line' id='line_1_78' title="bbox 2101 3463 3679 3535; baseline -0.001 -17"><span class='ocrx_word' id='word_1_535' title='bbox 2101 3465 2324 3535; x_wconf 87' lang='lat' dir='ltr'><strong>pristini</strong></span> <span class='ocrx_word' id='word_1_536' title='bbox 2378 3464 2631 3534; x_wconf 70' lang='lat' dir='ltr'><strong>deiectis.</strong></span> <span class='ocrx_word' id='word_1_537' title='bbox 2675 3463 2792 3517; x_wconf 82' lang='lat' dir='ltr'><strong>Non</strong></span> <span class='ocrx_word' id='word_1_538' title='bbox 2850 3465 2994 3519; x_wconf 90' lang='lat' dir='ltr'><strong>enim</strong></span> <span class='ocrx_word' id='word_1_539' title='bbox 3041 3463 3206 3533; x_wconf 79' lang='lat'><strong>519</strong></span> <span class='ocrx_word' id='word_1_540' title='bbox 3254 3464 3337 3518; x_wconf 89' lang='lat' dir='ltr'><strong>vel</strong></span> <span class='ocrx_word' id='word_1_541' title='bbox 3386 3464 3454 3516; x_wconf 88' lang='lat' dir='ltr'><strong>ad</strong></span> <span class='ocrx_word' id='word_1_542' title='bbox 3513 3463 3679 3517; x_wconf 87' lang='lat' dir='ltr'><strong>breve</strong></span> 
     </span>
    </p>
   </div>
   <div class='ocr_carea' id='block_1_79' title="bbox 2097 3555 3678 3626">
    <p class='ocr_par' dir='ltr' id='par_1_79' title="bbox 2097 3555 3678 3626">
     <span class='ocr_line' id='line_1_79' title="bbox 2097 3555 3678 3626; baseline -0.004 -14"><span class='ocrx_word' id='word_1_543' title='bbox 2097 3566 2319 3626; x_wconf 87' lang='lat' dir='ltr'><strong>tempus</strong></span> <span class='ocrx_word' id='word_1_544' title='bbox 2343 3557 2682 3611; x_wconf 80' lang='lat' dir='ltr'><strong>Athanasius</strong></span> <span class='ocrx_word' id='word_1_545' title='bbox 2707 3557 2999 3610; x_wconf 88' lang='lat' dir='ltr'><strong>immutare</strong></span> <span class='ocrx_word' id='word_1_546' title='bbox 3023 3556 3321 3625; x_wconf 85' lang='lat' dir='ltr'><strong>quidquam</strong></span> <span class='ocrx_word' id='word_1_547' title='bbox 3354 3565 3448 3610; x_wconf 89' lang='lat' dir='ltr'><strong>aut</strong></span> <span class='ocrx_word' id='word_1_548' title='bbox 3483 3555 3678 3607; x_wconf 87' lang='lat' dir='ltr'><strong>remit-</strong></span> 
     </span>
    </p>
   </div>
   <div class='ocr_carea' id='block_1_80' title="bbox 2098 3647 3675 3716">
    <p class='ocr_par' dir='ltr' id='par_1_80' title="bbox 2098 3647 3675 3716">
     <span class='ocr_line' id='line_1_80' title="bbox 2098 3647 3675 3716; baseline -0.002 -13"><span class='ocrx_word' id='word_1_549' title='bbox 2098 3659 2215 3703; x_wconf 88' lang='lat' dir='ltr'><strong>tere</strong></span> <span class='ocrx_word' id='word_1_550' title='bbox 2238 3648 2306 3703; x_wconf 89' lang='lat' dir='ltr'><strong>de</strong></span> <span class='ocrx_word' id='word_1_551' title='bbox 2340 3648 2434 3702; x_wconf 89' lang='lat' dir='ltr'><strong>illa</strong></span> <span class='ocrx_word' id='word_1_552' title='bbox 2464 3664 2678 3702; x_wconf 84' lang='lat' dir='ltr'><strong>morum</strong></span> <span class='ocrx_word' id='word_1_553' title='bbox 2735 3647 3035 3703; x_wconf 85' lang='lat' dir='ltr'><strong>acerbitate</strong></span> <span class='ocrx_word' id='word_1_554' title='bbox 3087 3648 3256 3716; x_wconf 89' lang='lat' dir='ltr'><strong>priori</strong></span> <span class='ocrx_word' id='word_1_555' title='bbox 3299 3647 3675 3715; x_wconf 87' lang='lat' dir='ltr'><strong>patriarcbatu</strong></span> 
     </span>
    </p>
   </div>
   <div class='ocr_carea' id='block_1_81' title="bbox 2095 3739 3678 3804">
    <p class='ocr_par' dir='ltr' id='par_1_81' title="bbox 2095 3739 3678 3804">
     <span class='ocr_line' id='line_1_81' title="bbox 2095 3739 3678 3804; baseline -0.002 -10"><span class='ocrx_word' id='word_1_556' title='bbox 2095 3740 2446 3795; x_wconf 89' lang='lat' dir='ltr'><strong>odiosissime</strong></span> <span class='ocrx_word' id='word_1_557' title='bbox 2538 3739 2780 3794; x_wconf 78' lang='lat' dir='ltr'><strong>exercita</strong></span> <span class='ocrx_word' id='word_1_558' title='bbox 2858 3748 3188 3800; x_wconf 81' lang='lat' dir='ltr'><strong>curaverat,</strong></span> <span class='ocrx_word' id='word_1_559' title='bbox 3279 3748 3559 3804; x_wconf 88' lang='lat' dir='ltr'><strong>utcunque</strong></span> <span class='ocrx_word' id='word_1_560' title='bbox 3622 3748 3678 3791; x_wconf 89' lang='lat' dir='ltr'><strong>et</strong></span> 
     </span>
    </p>
   </div>
   <div class='ocr_carea' id='block_1_82' title="bbox 2095 3831 3678 3900">
    <p class='ocr_par' dir='ltr' id='par_1_82' title="bbox 2095 3831 3678 3900">
     <span class='ocr_line' id='line_1_82' title="bbox 2095 3831 3678 3900; baseline -0.003 -13"><span class='ocrx_word' id='word_1_561' title='bbox 2095 3831 2420 3888; x_wconf 82' lang='lat' dir='ltr'><strong>credidisset</strong></span> <span class='ocrx_word' id='word_1_562' title='bbox 2472 3831 2774 3900; x_wconf 84' lang='lat' dir='ltr'><strong>imperator</strong></span> <span class='ocrx_word' id='word_1_563' title='bbox 2821 3840 2876 3884; x_wconf 90' lang='lat' dir='ltr'><strong>et</strong></span> <span class='ocrx_word' id='word_1_564' title='bbox 2927 3833 3266 3899; x_wconf 86' lang='lat' dir='ltr'><strong>persuadere</strong></span> <span class='ocrx_word' id='word_1_565' title='bbox 3315 3832 3439 3886; x_wconf 85' lang='lat' dir='ltr'><strong>aliis</strong></span> <span class='ocrx_word' id='word_1_566' title='bbox 3503 3847 3678 3899; x_wconf 84' lang='lat' dir='ltr'><strong>spon-</strong></span> 
     </span>
    </p>
   </div>
   <div class='ocr_carea' id='block_1_83' title="bbox 2094 3923 3679 3992">
    <p class='ocr_par' dir='ltr' id='par_1_83' title="bbox 2094 3923 3679 3992">
     <span class='ocr_line' id='line_1_83' title="bbox 2094 3923 3679 3992; baseline -0.002 -12"><span class='ocrx_word' id='word_1_567' title='bbox 2094 3923 2276 3980; x_wconf 87' lang='lat' dir='ltr'><strong>dendo</strong></span> <span class='ocrx_word' id='word_1_568' title='bbox 2357 3925 2688 3987; x_wconf 88' lang='lat' dir='ltr'><strong>studuisset,</strong></span> <span class='ocrx_word' id='word_1_569' title='bbox 2761 3924 2987 3992; x_wconf 87' lang='lat' dir='ltr'><strong>quando</strong></span> <span class='ocrx_word' id='word_1_570' title='bbox 3051 3924 3204 3976; x_wconf 90' lang='lat' dir='ltr'><strong>illum</strong></span> <span class='ocrx_word' id='word_1_571' title='bbox 3283 3923 3679 3978; x_wconf 68' lang='lat' dir='ltr'><strong>ecclesiasticis</strong></span> 
     </span>
    </p>
   </div>
   <div class='ocr_carea' id='block_1_84' title="bbox 2094 4013 3672 4083">
    <p class='ocr_par' dir='ltr' id='par_1_84' title="bbox 2094 4013 3672 4083">
     <span class='ocr_line' id='line_1_84' title="bbox 2094 4013 3672 4083; baseline -0.002 -13"><span class='ocrx_word' id='word_1_572' title='bbox 2094 4031 2291 4070; x_wconf 83' lang='lat' dir='ltr'><strong>rursus</strong></span> <span class='ocrx_word' id='word_1_573' title='bbox 2373 4014 2608 4083; x_wconf 83' lang='lat' dir='ltr'><strong>negotiis</strong></span> <span class='ocrx_word' id='word_1_574' title='bbox 2677 4015 3010 4082; x_wconf 71' lang='lat' dir='ltr'><strong>prmposuit,</strong></span> <span class='ocrx_word' id='word_1_575' title='bbox 3082 4015 3248 4068; x_wconf 87' lang='lat' dir='ltr'><strong>alium</strong></span> <span class='ocrx_word' id='word_1_576' title='bbox 3325 4014 3487 4083; x_wconf 88' lang='lat' dir='ltr'><strong>plane</strong></span> <span class='ocrx_word' id='word_1_577' title='bbox 3561 4013 3672 4082; x_wconf 85' lang='lat' dir='ltr'><strong>jam</strong></span> 
     </span>
    </p>
   </div>
   <div class='ocr_carea' id='block_1_85' title="bbox 2094 4106 3676 4196">
    <p class='ocr_par' dir='ltr' id='par_1_85' title="bbox 2094 4106 3676 4196">
     <span class='ocr_line' id='line_1_85' title="bbox 2094 4106 3676 4196; baseline -0.001 -35"><span class='ocrx_word' id='word_1_578' title='bbox 2094 4110 2274 4178; x_wconf 86' lang='lat' dir='ltr'><strong>ipsum</strong></span> <span class='ocrx_word' id='word_1_579' title='bbox 2331 4120 2360 4159; x_wconf 88' lang='lat' dir='ltr'><strong>a</strong></span> <span class='ocrx_word' id='word_1_580' title='bbox 2413 4107 2622 4196; x_wconf 56' lang='lat' dir='ltr'><strong>primo.</strong></span> <span class='ocrx_word' id='word_1_581' title='bbox 2651 4107 2745 4159; x_wconf 92' lang='lat' dir='ltr'><strong>illo</strong></span> <span class='ocrx_word' id='word_1_582' title='bbox 2797 4107 3006 4159; x_wconf 90' lang='lat' dir='ltr'><strong>dudum</strong></span> <span class='ocrx_word' id='word_1_583' title='bbox 3061 4121 3230 4160; x_wconf 78' lang='lat' dir='ltr'><strong>exoso</strong></span> <span class='ocrx_word' id='word_1_584' title='bbox 3281 4123 3343 4159; x_wconf 86' lang='lat' dir='ltr'><strong>ae</strong></span> <span class='ocrx_word' id='word_1_585' title='bbox 3379 4106 3676 4160; x_wconf 89' lang='lat' dir='ltr'><strong>formidato</strong></span> 
     </span>
    </p>
   </div>
   <div class='ocr_carea' id='block_1_86' title="bbox 2099 4197 3677 4258">
    <p class='ocr_par' dir='ltr' id='par_1_86' title="bbox 2099 4197 3677 4258">
     <span class='ocr_line' id='line_1_86' title="bbox 2099 4197 3677 4258; baseline 0.001 -6"><span class='ocrx_word' id='word_1_586' title='bbox 2099 4214 2245 4252; x_wconf 87' lang='lat' dir='ltr'><strong>nunc</strong></span> <span class='ocrx_word' id='word_1_587' title='bbox 2300 4212 2423 4252; x_wconf 89' lang='lat' dir='ltr'><strong>esse</strong></span> <span class='ocrx_word' id='word_1_588' title='bbox 2481 4197 2710 4258; x_wconf 85' lang='lat' dir='ltr'><strong>factum,</strong></span> <span class='ocrx_word' id='word_1_589' title='bbox 2766 4214 2892 4249; x_wconf 86' lang='lat' dir='ltr'><strong>cum</strong></span> <span class='ocrx_word' id='word_1_590' title='bbox 2936 4208 3119 4250; x_wconf 87' lang='lat' dir='ltr'><strong>tamen</strong></span> <span class='ocrx_word' id='word_1_591' title='bbox 3166 4199 3214 4250; x_wconf 89' lang='lat' dir='ltr'><strong>is</strong></span> <span class='ocrx_word' id='word_1_592' title='bbox 3262 4206 3394 4251; x_wconf 90' lang='lat' dir='ltr'><strong>tunc</strong></span> <span class='ocrx_word' id='word_1_593' title='bbox 3437 4199 3677 4253; x_wconf 81' lang='lat' dir='ltr'><strong>maxime</strong></span> 
     </span>
    </p>
   </div>
   <div class='ocr_carea' id='block_1_87' title="bbox 2097 4288 3676 4358">
    <p class='ocr_par' dir='ltr' id='par_1_87' title="bbox 2097 4288 3676 4358">
     <span class='ocr_line' id='line_1_87' title="bbox 2097 4288 3676 4358; baseline -0.002 -14"><span class='ocrx_word' id='word_1_594' title='bbox 2097 4291 2263 4344; x_wconf 89' lang='lat' dir='ltr'><strong>nullis</strong></span> <span class='ocrx_word' id='word_1_595' title='bbox 2320 4304 2381 4343; x_wconf 91' lang='lat' dir='ltr'><strong>se</strong></span> <span class='ocrx_word' id='word_1_596' title='bbox 2433 4289 2728 4343; x_wconf 84' lang='lat' dir='ltr'><strong>verborum</strong></span> <span class='ocrx_word' id='word_1_597' title='bbox 2777 4289 2977 4343; x_wconf 85' lang='lat' dir='ltr'><strong>officiis</strong></span> <span class='ocrx_word' id='word_1_598' title='bbox 3009 4288 3376 4351; x_wconf 88' lang='lat' dir='ltr'><strong>delinibilem,</strong></span> <span class='ocrx_word' id='word_1_599' title='bbox 3428 4289 3676 4358; x_wconf 66' lang='grc' dir='ltr'><strong>[ιι-τιξτίςὶ-</strong></span> 
     </span>
    </p>
   </div>
   <div class='ocr_carea' id='block_1_88' title="bbox 2098 4379 3675 4449">
    <p class='ocr_par' dir='ltr' id='par_1_88' title="bbox 2098 4379 3675 4449">
     <span class='ocr_line' id='line_1_88' title="bbox 2098 4379 3675 4449; baseline 0.001 -16"><span class='ocrx_word' id='word_1_600' title='bbox 2098 4379 2224 4433; x_wconf 89' lang='lat' dir='ltr'><strong>dum</strong></span> <span class='ocrx_word' id='word_1_601' title='bbox 2259 4379 2418 4449; x_wconf 88' lang='lat' dir='ltr'><strong>plane</strong></span> <span class='ocrx_word' id='word_1_602' title='bbox 2449 4379 2767 4447; x_wconf 85' lang='lat' dir='ltr'><strong>quemdam,</strong></span> <span class='ocrx_word' id='word_1_603' title='bbox 2803 4387 2858 4434; x_wconf 90' lang='lat' dir='ltr'><strong>et</strong></span> <span class='ocrx_word' id='word_1_604' title='bbox 2917 4390 2971 4432; x_wconf 89' lang='lat' dir='ltr'><strong>ut</strong></span> <span class='ocrx_word' id='word_1_605' title='bbox 3030 4380 3110 4435; x_wconf 92' lang='lat' dir='ltr'><strong>sic</strong></span> <span class='ocrx_word' id='word_1_606' title='bbox 3161 4380 3376 4448; x_wconf 90' lang='lat' dir='ltr'><strong>loquar,</strong></span> <span class='ocrx_word' id='word_1_607' title='bbox 3415 4389 3575 4448; x_wconf 89' lang='lat' dir='ltr'><strong>prout</strong></span> <span class='ocrx_word' id='word_1_608' title='bbox 3607 4380 3675 4434; x_wconf 87' lang='lat' dir='ltr'><strong>de</strong></span> 
     </span>
    </p>
   </div>
   <div class='ocr_carea' id='block_1_89' title="bbox 405 4443 3674 4543">
    <p class='ocr_par' dir='ltr' id='par_1_89' title="bbox 405 4443 3674 4543">
     <span class='ocr_line' id='line_1_89' title="bbox 405 4443 3674 4543; baseline -0.002 -14"><span class='ocrx_word' id='word_1_609' title='bbox 405 4475 750 4536; x_wconf 88' lang='lat' dir='ltr'><strong>absentibus,</strong></span> <span class='ocrx_word' id='word_1_610' title='bbox 788 4489 1026 4543; x_wconf 89' lang='lat' dir='ltr'><strong>quormn</strong></span> <span class='ocrx_word' id='word_1_611' title='bbox 1072 4472 1362 4540; x_wconf 71' lang='lat' dir='ltr'><strong>praesentia</strong></span> <span class='ocrx_word' id='word_1_612' title='bbox 1403 4480 1458 4524; x_wconf 75' lang='lat' dir='ltr'><strong>et</strong></span> <span class='ocrx_word' id='word_1_613' title='bbox 1489 4487 1654 4542; x_wconf 83' lang='lat' dir='ltr'><strong>opera</strong></span> <span class='ocrx_word' id='word_1_614' title='bbox 1690 4471 1745 4525; x_wconf 89' lang='lat' dir='ltr'><strong>in</strong></span> <span class='ocrx_word' id='word_1_615' title='bbox 1773 4480 1854 4526; x_wconf 89' lang='lat' dir='ltr'><strong>tot</strong></span> <span class='ocrx_word' id='word_1_616' title='bbox 1881 4471 1989 4527; x_wconf 90' lang='lat' dir='ltr'><strong>illis</strong></span> <span class='ocrx_word' id='word_1_617' title='bbox 2023 4443 2067 4497; x_wconf 72' lang='grc' dir='ltr'><strong>ί)</strong></span> <span class='ocrx_word' id='word_1_618' title='bbox 2097 4470 2239 4526; x_wconf 85' lang='lat' dir='ltr'><strong>fabis</strong></span> <span class='ocrx_word' id='word_1_619' title='bbox 2270 4469 2427 4540; x_wconf 78' lang='lat' dir='ltr'><strong>ajunt</strong></span> <span class='ocrx_word' id='word_1_620' title='bbox 2451 4485 2626 4525; x_wconf 89' lang='lat' dir='ltr'><strong>cornu</strong></span> <span class='ocrx_word' id='word_1_621' title='bbox 2657 4473 2840 4535; x_wconf 87' lang='lat' dir='ltr'><strong>tactis,</strong></span> <span class='ocrx_word' id='word_1_622' title='bbox 2875 4473 3027 4525; x_wconf 89' lang='lat' dir='ltr'><strong>nulla</strong></span> <span class='ocrx_word' id='word_1_623' title='bbox 3063 4481 3292 4525; x_wconf 85' lang='lat' dir='ltr'><strong>coctura</strong></span> <span class='ocrx_word' id='word_1_624' title='bbox 3321 4469 3674 4532; x_wconf 82' lang='lat' dir='ltr'><strong>emollibilem</strong></span> 
     </span>
    </p>
   </div>
   <div class='ocr_carea' id='block_1_90' title="bbox 405 4564 1986 4636">
    <p class='ocr_par' dir='ltr' id='par_1_90' title="bbox 405 4564 1986 4636">
     <span class='ocr_line' id='line_1_90' title="bbox 405 4564 1986 4636; baseline -0.005 -13"><span class='ocrx_word' id='word_1_625' title='bbox 405 4568 833 4623; x_wconf 79' lang='lat' dir='ltr'><strong>difﬁcultatibus</strong></span> <span class='ocrx_word' id='word_1_626' title='bbox 856 4566 1172 4636; x_wconf 77' lang='lat' dir='ltr'><strong>gravissimi</strong></span> <span class='ocrx_word' id='word_1_627' title='bbox 1193 4565 1461 4632; x_wconf 87' lang='lat' dir='ltr'><strong>temporis</strong></span> <span class='ocrx_word' id='word_1_628' title='bbox 1478 4564 1661 4634; x_wconf 88' lang='lat' dir='ltr'><strong>juvari</strong></span> <span class='ocrx_word' id='word_1_629' title='bbox 1696 4564 1986 4634; x_wconf 87' lang='lat' dir='ltr'><strong>potuisset,</strong></span> 
     </span>
    </p>
   </div>
   <div class='ocr_carea' id='block_1_91' title="bbox 403 4657 1989 4726">
    <p class='ocr_par' dir='ltr' id='par_1_91' title="bbox 403 4657 1989 4726">
     <span class='ocr_line' id='line_1_91' title="bbox 403 4657 1989 4726; baseline -0.003 -13"><span class='ocrx_word' id='word_1_630' title='bbox 403 4659 737 4725; x_wconf 84' lang='lat' dir='ltr'><strong>quibusdam</strong></span> <span class='ocrx_word' id='word_1_631' title='bbox 764 4673 958 4714; x_wconf 91' lang='lat' dir='ltr'><strong>eorum</strong></span> <span class='ocrx_word' id='word_1_632' title='bbox 988 4657 1247 4712; x_wconf 79' lang='lat' dir='ltr'><strong>exsilium</strong></span> <span class='ocrx_word' id='word_1_633' title='bbox 1276 4657 1381 4713; x_wconf 88' lang='lat' dir='ltr'><strong>sibi</strong></span> <span class='ocrx_word' id='word_1_634' title='bbox 1408 4665 1603 4726; x_wconf 79' lang='lat' dir='ltr'><strong>Sponte</strong></span> <span class='ocrx_word' id='word_1_635' title='bbox 1633 4657 1989 4711; x_wconf 85' lang='lat' dir='ltr'><strong>consciscen-</strong></span> 
     </span>
    </p>
   </div>
   <div class='ocr_carea' id='block_1_92' title="bbox 403 4746 1989 4812">
    <p class='ocr_par' dir='ltr' id='par_1_92' title="bbox 403 4746 1989 4812">
     <span class='ocr_line' id='line_1_92' title="bbox 403 4746 1989 4812; baseline -0.003 -6"><span class='ocrx_word' id='word_1_636' title='bbox 403 4754 552 4806; x_wconf 87' lang='lat' dir='ltr'><strong>tibus</strong></span> <span class='ocrx_word' id='word_1_637' title='bbox 583 4750 893 4805; x_wconf 86' lang='lat' dir='ltr'><strong>recedeodo</strong></span> <span class='ocrx_word' id='word_1_638' title='bbox 929 4750 985 4804; x_wconf 88' lang='lat' dir='ltr'><strong>in</strong></span> <span class='ocrx_word' id='word_1_639' title='bbox 1021 4749 1280 4803; x_wconf 82' lang='lat' dir='ltr'><strong>civitates</strong></span> <span class='ocrx_word' id='word_1_640' title='bbox 1315 4749 1476 4812; x_wconf 87' lang='lat' dir='ltr'><strong>alias,</strong></span> <span class='ocrx_word' id='word_1_641' title='bbox 1513 4756 1568 4803; x_wconf 92' lang='lat' dir='ltr'><strong>et</strong></span> <span class='ocrx_word' id='word_1_642' title='bbox 1600 4746 1794 4803; x_wconf 88' lang='lat' dir='ltr'><strong>iisdem</strong></span> <span class='ocrx_word' id='word_1_643' title='bbox 1827 4756 1989 4802; x_wconf 67' lang='lat' dir='ltr'><strong>caete-</strong></span> 
     </span>
    </p>
   </div>
   <div class='ocr_carea' id='block_1_93' title="bbox 404 4838 1989 4912">
    <p class='ocr_par' dir='ltr' id='par_1_93' title="bbox 404 4838 1989 4912">
     <span class='ocr_line' id='line_1_93' title="bbox 404 4838 1989 4912; baseline -0.003 -15"><span class='ocrx_word' id='word_1_644' title='bbox 404 4857 502 4897; x_wconf 88' lang='lat' dir='ltr'><strong>ros</strong></span> <span class='ocrx_word' id='word_1_645' title='bbox 553 4841 970 4912; x_wconf 88' lang='lat' dir='ltr'><strong>implicantibus</strong></span> <span class='ocrx_word' id='word_1_646' title='bbox 1004 4841 1060 4894; x_wconf 93' lang='lat' dir='ltr'><strong>in</strong></span> <span class='ocrx_word' id='word_1_647' title='bbox 1106 4844 1327 4894; x_wconf 87' lang='lat' dir='ltr'><strong>easdem</strong></span> <span class='ocrx_word' id='word_1_648' title='bbox 1379 4855 1577 4894; x_wconf 87' lang='lat' dir='ltr'><strong>causas</strong></span> <span class='ocrx_word' id='word_1_649' title='bbox 1609 4839 1681 4893; x_wconf 90' lang='lat' dir='ltr'><strong>ob</strong></span> <span class='ocrx_word' id='word_1_650' title='bbox 1715 4853 1852 4908; x_wconf 89' lang='lat' dir='ltr'><strong>quas</strong></span> <span class='ocrx_word' id='word_1_651' title='bbox 1882 4838 1989 4908; x_wconf 90' lang='lat' dir='ltr'><strong>ipsi</strong></span> 
     </span>
    </p>
   </div>
   <div class='ocr_carea' id='block_1_94' title="bbox 405 4931 1988 5002">
    <p class='ocr_par' dir='ltr' id='par_1_94' title="bbox 405 4931 1988 5002">
     <span class='ocr_line' id='line_1_94' title="bbox 405 4931 1988 5002; baseline -0.001 -16"><span class='ocrx_word' id='word_1_652' title='bbox 405 4934 476 4989; x_wconf 88' lang='lat' dir='ltr'><strong>ab</strong></span> <span class='ocrx_word' id='word_1_653' title='bbox 550 4934 884 5002; x_wconf 90' lang='lat' dir='ltr'><strong>imperatore</strong></span> <span class='ocrx_word' id='word_1_654' title='bbox 961 4933 1372 4989; x_wconf 86' lang='lat' dir='ltr'><strong>discessissent.</strong></span> <span class='ocrx_word' id='word_1_655' title='bbox 1425 4932 1610 4999; x_wconf 85' lang='lat' dir='ltr'><strong>Quare</strong></span> <span class='ocrx_word' id='word_1_656' title='bbox 1677 4931 1988 5002; x_wconf 88' lang='lat' dir='ltr'><strong>patriarcha</strong></span> 
     </span>
    </p>
   </div>
   <div class='ocr_carea' id='block_1_95' title="bbox 403 5024 1987 5096">
    <p class='ocr_par' dir='ltr' id='par_1_95' title="bbox 403 5024 1987 5096">
     <span class='ocr_line' id='line_1_95' title="bbox 403 5024 1987 5096; baseline -0.003 -15"><span class='ocrx_word' id='word_1_657' title='bbox 403 5033 804 5095; x_wconf 76' lang='lat' dir='ltr'><strong>congruentem</strong></span> <span class='ocrx_word' id='word_1_658' title='bbox 867 5024 1111 5081; x_wconf 73' lang='lat' dir='ltr'><strong>tristitia:</strong></span> <span class='ocrx_word' id='word_1_659' title='bbox 1187 5034 1497 5096; x_wconf 87' lang='lat' dir='ltr'><strong>temporum</strong></span> <span class='ocrx_word' id='word_1_660' title='bbox 1557 5024 1987 5082; x_wconf 88' lang='lat' dir='ltr'><strong>sollicitudinem</strong></span> 
     </span>
    </p>
   </div>
   <div class='ocr_carea' id='block_1_96' title="bbox 404 5117 1980 5187">
    <p class='ocr_par' dir='ltr' id='par_1_96' title="bbox 404 5117 1980 5187">
     <span class='ocr_line' id='line_1_96' title="bbox 404 5117 1980 5187; baseline -0.001 -13"><span class='ocrx_word' id='word_1_661' title='bbox 404 5127 711 5184; x_wconf 83' lang='lat' dir='ltr'><strong>ostentans,</strong></span> <span class='ocrx_word' id='word_1_662' title='bbox 771 5117 1053 5174; x_wconf 87' lang='lat' dir='ltr'><strong>continuis</strong></span> <span class='ocrx_word' id='word_1_663' title='bbox 1105 5117 1308 5187; x_wconf 82' lang='lat' dir='ltr'><strong>vigiliis</strong></span> <span class='ocrx_word' id='word_1_664' title='bbox 1365 5128 1420 5173; x_wconf 90' lang='lat' dir='ltr'><strong>et</strong></span> <span class='ocrx_word' id='word_1_665' title='bbox 1485 5118 1693 5174; x_wconf 90' lang='lat' dir='ltr'><strong>litaniis</strong></span> <span class='ocrx_word' id='word_1_666' title='bbox 1757 5117 1980 5172; x_wconf 88' lang='lat' dir='ltr'><strong>Numen</strong></span> 
     </span>
    </p>
   </div>
   <div class='ocr_carea' id='block_1_97' title="bbox 405 5211 1990 5282">
    <p class='ocr_par' dir='ltr' id='par_1_97' title="bbox 405 5211 1990 5282">
     <span class='ocr_line' id='line_1_97' title="bbox 405 5211 1990 5282; baseline 0.004 -19"><span class='ocrx_word' id='word_1_667' title='bbox 405 5211 762 5282; x_wconf 88' lang='lat' dir='ltr'><strong>prepitiando</strong></span> <span class='ocrx_word' id='word_1_668' title='bbox 784 5226 968 5266; x_wconf 87' lang='lat' dir='ltr'><strong>rerum</strong></span> <span class='ocrx_word' id='word_1_669' title='bbox 1013 5212 1068 5266; x_wconf 92' lang='lat' dir='ltr'><strong>in</strong></span> <span class='ocrx_word' id='word_1_670' title='bbox 1102 5213 1368 5282; x_wconf 70' lang='lat' dir='ltr'><strong>praecipiti</strong></span> <span class='ocrx_word' id='word_1_671' title='bbox 1402 5213 1764 5281; x_wconf 88' lang='lat' dir='ltr'><strong>pendentium</strong></span> <span class='ocrx_word' id='word_1_672' title='bbox 1797 5217 1990 5270; x_wconf 88' lang='lat' dir='ltr'><strong>ruinas</strong></span> 
     </span>
    </p>
   </div>
   <div class='ocr_carea' id='block_1_98' title="bbox 409 5303 1990 5378">
    <p class='ocr_par' dir='ltr' id='par_1_98' title="bbox 409 5303 1990 5378">
     <span class='ocr_line' id='line_1_98' title="bbox 409 5303 1990 5378; baseline 0.004 -22"><span class='ocrx_word' id='word_1_673' title='bbox 409 5305 610 5357; x_wconf 87' lang='lat' dir='ltr'><strong>fulcire</strong></span> <span class='ocrx_word' id='word_1_674' title='bbox 647 5303 981 5358; x_wconf 87' lang='lat' dir='ltr'><strong>conabatur.</strong></span> <span class='ocrx_word' id='word_1_675' title='bbox 1032 5303 1240 5360; x_wconf 85' lang='lat' dir='ltr'><strong>Multus</strong></span> <span class='ocrx_word' id='word_1_676' title='bbox 1291 5304 1460 5375; x_wconf 83' lang='lat' dir='ltr'><strong>igitur</strong></span> <span class='ocrx_word' id='word_1_677' title='bbox 1492 5315 1614 5361; x_wconf 89' lang='lat' dir='ltr'><strong>erat</strong></span> <span class='ocrx_word' id='word_1_678' title='bbox 1644 5305 1698 5360; x_wconf 92' lang='lat' dir='ltr'><strong>in</strong></span> <span class='ocrx_word' id='word_1_679' title='bbox 1750 5321 1990 5378; x_wconf 86' lang='lat' dir='ltr'><strong>congre-</strong></span> 
     </span>
    </p>
   </div>
   <div class='ocr_carea' id='block_1_99' title="bbox 411 5394 1990 5464">
    <p class='ocr_par' dir='ltr' id='par_1_99' title="bbox 411 5394 1990 5464">
     <span class='ocr_line' id='line_1_99' title="bbox 411 5394 1990 5464; baseline 0.002 -18"><span class='ocrx_word' id='word_1_680' title='bbox 411 5394 606 5464; x_wconf 83' lang='lat' dir='ltr'><strong>gandis</strong></span> <span class='ocrx_word' id='word_1_681' title='bbox 634 5395 700 5447; x_wconf 85' lang='lat' dir='ltr'><strong>ad</strong></span> <span class='ocrx_word' id='word_1_682' title='bbox 735 5396 1044 5449; x_wconf 88' lang='lat' dir='ltr'><strong>orationem</strong></span> <span class='ocrx_word' id='word_1_683' title='bbox 1081 5395 1484 5449; x_wconf 88' lang='lat' dir='ltr'><strong>monachorum</strong></span> <span class='ocrx_word' id='word_1_684' title='bbox 1514 5394 1773 5461; x_wconf 65' lang='lat' dir='ltr'><strong>coetibus,</strong></span> <span class='ocrx_word' id='word_1_685' title='bbox 1802 5411 1990 5450; x_wconf 82' lang='lat' dir='ltr'><strong>sacer-</strong></span> 
     </span>
    </p>
   </div>
   <div class='ocr_carea' id='block_1_100' title="bbox 410 5488 1991 5556">
    <p class='ocr_par' dir='ltr' id='par_1_100' title="bbox 410 5488 1991 5556">
     <span class='ocr_line' id='line_1_100' title="bbox 410 5488 1991 5556; baseline 0.001 -16"><span class='ocrx_word' id='word_1_686' title='bbox 410 5489 602 5540; x_wconf 77' lang='lat' dir='ltr'><strong>uotum</strong></span> <span class='ocrx_word' id='word_1_687' title='bbox 641 5501 862 5556; x_wconf 90' lang='lat' dir='ltr'><strong>quoque</strong></span> <span class='ocrx_word' id='word_1_688' title='bbox 908 5500 974 5539; x_wconf 88' lang='lat' dir='ltr'><strong>ac</strong></span> <span class='ocrx_word' id='word_1_689' title='bbox 1008 5489 1185 5541; x_wconf 70' lang='lat' dir='ltr'><strong>turba:</strong></span> <span class='ocrx_word' id='word_1_690' title='bbox 1220 5496 1454 5550; x_wconf 70' lang='lat' dir='ltr'><strong>caeteras,</strong></span> <span class='ocrx_word' id='word_1_691' title='bbox 1485 5503 1598 5556; x_wconf 62' lang='lat' dir='ltr'><strong>pra;</strong></span> <span class='ocrx_word' id='word_1_692' title='bbox 1630 5503 1688 5544; x_wconf 91' lang='lat' dir='ltr'><strong>se</strong></span> <span class='ocrx_word' id='word_1_693' title='bbox 1722 5488 1904 5544; x_wconf 83' lang='lat' dir='ltr'><strong>ferens</strong></span> <span class='ocrx_word' id='word_1_694' title='bbox 1926 5503 1991 5542; x_wconf 79' lang='lat' dir='ltr'><strong>ex</strong></span> 
     </span>
    </p>
   </div>
   <div class='ocr_carea' id='block_1_101' title="bbox 409 5577 1992 5648">
    <p class='ocr_par' dir='ltr' id='par_1_101' title="bbox 409 5577 1992 5648">
     <span class='ocr_line' id='line_1_101' title="bbox 409 5577 1992 5648; baseline -0.001 -15"><span class='ocrx_word' id='word_1_695' title='bbox 409 5578 600 5633; x_wconf 88' lang='lat' dir='ltr'><strong>animo</strong></span> <span class='ocrx_word' id='word_1_696' title='bbox 640 5593 700 5632; x_wconf 91' lang='lat' dir='ltr'><strong>se</strong></span> <span class='ocrx_word' id='word_1_697' title='bbox 742 5577 985 5646; x_wconf 88' lang='lat' dir='ltr'><strong>compati</strong></span> <span class='ocrx_word' id='word_1_698' title='bbox 1029 5577 1441 5632; x_wconf 87' lang='lat' dir='ltr'><strong>calamitatibus</strong></span> <span class='ocrx_word' id='word_1_699' title='bbox 1490 5578 1748 5648; x_wconf 89' lang='lat' dir='ltr'><strong>publicis.</strong></span> <span class='ocrx_word' id='word_1_700' title='bbox 1799 5578 1992 5645; x_wconf 83' lang='lat' dir='ltr'><strong>Quoti-</strong></span> 
     </span>
    </p>
   </div>
   <div class='ocr_carea' id='block_1_102' title="bbox 409 5665 1982 5739">
    <p class='ocr_par' dir='ltr' id='par_1_102' title="bbox 409 5665 1982 5739">
     <span class='ocr_line' id='line_1_102' title="bbox 409 5665 1982 5739; baseline 0.001 -18"><span class='ocrx_word' id='word_1_701' title='bbox 409 5666 604 5721; x_wconf 88' lang='lat' dir='ltr'><strong>dianas</strong></span> <span class='ocrx_word' id='word_1_702' title='bbox 635 5665 766 5734; x_wconf 91' lang='lat' dir='ltr'><strong>quin</strong></span> <span class='ocrx_word' id='word_1_703' title='bbox 818 5667 981 5720; x_wconf 87' lang='lat' dir='ltr'><strong>etiam</strong></span> <span class='ocrx_word' id='word_1_704' title='bbox 1024 5665 1333 5720; x_wconf 86' lang='lat' dir='ltr'><strong>celebrabat</strong></span> <span class='ocrx_word' id='word_1_705' title='bbox 1375 5670 1640 5738; x_wconf 84' lang='lat' dir='ltr'><strong>synodos,</strong></span> <span class='ocrx_word' id='word_1_706' title='bbox 1668 5685 1982 5739; x_wconf 90' lang='lat' dir='ltr'><strong>quanquam</strong></span> 
     </span>
    </p>
   </div>
   <div class='ocr_carea' id='block_1_103' title="bbox 411 5753 1985 5828">
    <p class='ocr_par' dir='ltr' id='par_1_103' title="bbox 411 5753 1985 5828">
     <span class='ocr_line' id='line_1_103' title="bbox 411 5753 1985 5828; baseline 0.004 -18"><span class='ocrx_word' id='word_1_707' title='bbox 411 5755 566 5810; x_wconf 86' lang='lat' dir='ltr'><strong>solus</strong></span> <span class='ocrx_word' id='word_1_708' title='bbox 605 5756 721 5824; x_wconf 84' lang='lat' dir='ltr'><strong>ipse</strong></span> <span class='ocrx_word' id='word_1_709' title='bbox 753 5753 975 5823; x_wconf 87' lang='lat' dir='ltr'><strong>quidem</strong></span> <span class='ocrx_word' id='word_1_710' title='bbox 1031 5755 1602 5828; x_wconf 78' lang='lat' dir='ltr'><strong>archiepiSCOporum,</strong></span> <span class='ocrx_word' id='word_1_711' title='bbox 1631 5760 1782 5816; x_wconf 88' lang='lat' dir='ltr'><strong>solus</strong></span> <span class='ocrx_word' id='word_1_712' title='bbox 1809 5760 1985 5816; x_wconf 82' lang='lat' dir='ltr'><strong>eccle-</strong></span> 
     </span>
    </p>
   </div>
   <div class='ocr_carea' id='block_1_104' title="bbox 2095 4565 3676 4635">
    <p class='ocr_par' dir='ltr' id='par_1_104' title="bbox 2095 4565 3676 4635">
     <span class='ocr_line' id='line_1_104' title="bbox 2095 4565 3676 4635; baseline 0.002 -19"><span class='ocrx_word' id='word_1_713' title='bbox 2095 4565 2383 4634; x_wconf 73' lang='lat' dir='ltr'><strong>pneberet,</strong></span> <span class='ocrx_word' id='word_1_714' title='bbox 2407 4578 2631 4635; x_wconf 87' lang='lat' dir='ltr'><strong>gravem</strong></span> <span class='ocrx_word' id='word_1_715' title='bbox 2667 4565 2890 4634; x_wconf 86' lang='lat' dir='ltr'><strong>quidem</strong></span> <span class='ocrx_word' id='word_1_716' title='bbox 2922 4565 3210 4620; x_wconf 85' lang='lat' dir='ltr'><strong>monachis</strong></span> <span class='ocrx_word' id='word_1_717' title='bbox 3245 4565 3469 4634; x_wconf 79' lang='lat' dir='ltr'><strong>(quibus</strong></span> <span class='ocrx_word' id='word_1_718' title='bbox 3493 4566 3676 4634; x_wconf 87' lang='lat' dir='ltr'><strong>ipsum</strong></span> 
     </span>
    </p>
   </div>
   <div class='ocr_carea' id='block_1_105' title="bbox 2092 4655 3676 4727">
    <p class='ocr_par' dir='ltr' id='par_1_105' title="bbox 2092 4655 3676 4727">
     <span class='ocr_line' id='line_1_105' title="bbox 2092 4655 3676 4727; baseline -0.001 -17"><span class='ocrx_word' id='word_1_719' title='bbox 2092 4655 2344 4726; x_wconf 86' lang='lat' dir='ltr'><strong>quotidie</strong></span> <span class='ocrx_word' id='word_1_720' title='bbox 2402 4671 2696 4711; x_wconf 87' lang='lat' dir='ltr'><strong>numerum</strong></span> <span class='ocrx_word' id='word_1_721' title='bbox 2755 4657 3093 4727; x_wconf 88' lang='lat' dir='ltr'><strong>psalmorum</strong></span> <span class='ocrx_word' id='word_1_722' title='bbox 3141 4667 3195 4711; x_wconf 87' lang='lat' dir='ltr'><strong>et</strong></span> <span class='ocrx_word' id='word_1_723' title='bbox 3244 4666 3442 4712; x_wconf 87' lang='lat' dir='ltr'><strong>cantus</strong></span> <span class='ocrx_word' id='word_1_724' title='bbox 3493 4655 3676 4709; x_wconf 84' lang='lat' dir='ltr'><strong>eccle-</strong></span> 
     </span>
    </p>
   </div>
   <div class='ocr_carea' id='block_1_106' title="bbox 2096 4746 3677 4819">
    <p class='ocr_par' dir='ltr' id='par_1_106' title="bbox 2096 4746 3677 4819">
     <span class='ocr_line' id='line_1_106' title="bbox 2096 4746 3677 4819; baseline -0.003 -15"><span class='ocrx_word' id='word_1_725' title='bbox 2096 4748 2348 4816; x_wconf 86' lang='lat' dir='ltr'><strong>siastici,</strong></span> <span class='ocrx_word' id='word_1_726' title='bbox 2399 4763 2504 4804; x_wconf 88' lang='lat' dir='ltr'><strong>usu</strong></span> <span class='ocrx_word' id='word_1_727' title='bbox 2562 4749 3027 4804; x_wconf 87' lang='lat' dir='ltr'><strong>monasteriorum</strong></span> <span class='ocrx_word' id='word_1_728' title='bbox 3081 4747 3424 4819; x_wconf 88' lang='lat' dir='ltr'><strong>singulorum</strong></span> <span class='ocrx_word' id='word_1_729' title='bbox 3465 4746 3677 4802; x_wconf 87' lang='lat' dir='ltr'><strong>dudum</strong></span> 
     </span>
    </p>
   </div>
   <div class='ocr_carea' id='block_1_107' title="bbox 2092 4839 3674 4911">
    <p class='ocr_par' dir='ltr' id='par_1_107' title="bbox 2092 4839 3674 4911">
     <span class='ocr_line' id='line_1_107' title="bbox 2092 4839 3674 4911; baseline -0.002 -18"><span class='ocrx_word' id='word_1_730' title='bbox 2092 4839 2326 4904; x_wconf 86' lang='lat' dir='ltr'><strong>deliniti,</strong></span> <span class='ocrx_word' id='word_1_731' title='bbox 2416 4840 2638 4895; x_wconf 91' lang='lat' dir='ltr'><strong>modum</strong></span> <span class='ocrx_word' id='word_1_732' title='bbox 2720 4843 2931 4911; x_wconf 88' lang='lat' dir='ltr'><strong>passim</strong></span> <span class='ocrx_word' id='word_1_733' title='bbox 3003 4855 3348 4910; x_wconf 78' lang='lat' dir='ltr'><strong>exaggerans</strong></span> <span class='ocrx_word' id='word_1_734' title='bbox 3412 4844 3674 4902; x_wconf 76' lang='lat' dir='ltr'><strong>mutaret,</strong></span> 
     </span>
    </p>
   </div>
   <div class='ocr_carea' id='block_1_108' title="bbox 2091 4929 3674 5002">
    <p class='ocr_par' dir='ltr' id='par_1_108' title="bbox 2091 4929 3674 5002">
     <span class='ocr_line' id='line_1_108' title="bbox 2091 4929 3674 5002; baseline -0.001 -17"><span class='ocrx_word' id='word_1_735' title='bbox 2091 4931 2416 4998; x_wconf 88' lang='lat' dir='ltr'><strong>eisdemque</strong></span> <span class='ocrx_word' id='word_1_736' title='bbox 2465 4931 2535 4986; x_wconf 93' lang='lat' dir='ltr'><strong>de</strong></span> <span class='ocrx_word' id='word_1_737' title='bbox 2581 4945 2728 4986; x_wconf 92' lang='lat' dir='ltr'><strong>novo</strong></span> <span class='ocrx_word' id='word_1_738' title='bbox 2765 4932 3170 5002; x_wconf 70' lang='lat' dir='ltr'><strong>prmscriberet,</strong></span> <span class='ocrx_word' id='word_1_739' title='bbox 3211 4940 3476 5001; x_wconf 88' lang='lat' dir='ltr'><strong>tanquam</strong></span> <span class='ocrx_word' id='word_1_740' title='bbox 3507 4929 3674 4985; x_wconf 74' lang='lat' dir='ltr'><strong>insti-</strong></span> 
     </span>
    </p>
   </div>
   <div class='ocr_carea' id='block_1_109' title="bbox 2092 5022 3674 5086">
    <p class='ocr_par' dir='ltr' id='par_1_109' title="bbox 2092 5022 3674 5086">
     <span class='ocr_line' id='line_1_109' title="bbox 2092 5022 3674 5086; baseline -0.001 -10"><span class='ocrx_word' id='word_1_741' title='bbox 2092 5022 2194 5076; x_wconf 91' lang='lat' dir='ltr'><strong>tuti</strong></span> <span class='ocrx_word' id='word_1_742' title='bbox 2242 5022 2618 5078; x_wconf 87' lang='lat' dir='ltr'><strong>observationi</strong></span> <span class='ocrx_word' id='word_1_743' title='bbox 2674 5023 2964 5078; x_wconf 89' lang='lat' dir='ltr'><strong>monastici</strong></span> <span class='ocrx_word' id='word_1_744' title='bbox 3003 5023 3320 5076; x_wconf 88' lang='lat' dir='ltr'><strong>necessario</strong></span> <span class='ocrx_word' id='word_1_745' title='bbox 3376 5036 3674 5086; x_wconf 83' lang='lat' dir='ltr'><strong>annexam,</strong></span> 
     </span>
    </p>
   </div>
   <div class='ocr_carea' id='block_1_110' title="bbox 2092 5111 3674 5183">
    <p class='ocr_par' dir='ltr' id='par_1_110' title="bbox 2092 5111 3674 5183">
     <span class='ocr_line' id='line_1_110' title="bbox 2092 5111 3674 5183; baseline -0.002 -16"><span class='ocrx_word' id='word_1_746' title='bbox 2092 5113 2415 5183; x_wconf 87' lang='lat' dir='ltr'><strong>religionem</strong></span> <span class='ocrx_word' id='word_1_747' title='bbox 2451 5112 2759 5167; x_wconf 88' lang='lat' dir='ltr'><strong>continuati</strong></span> <span class='ocrx_word' id='word_1_748' title='bbox 2807 5114 2946 5167; x_wconf 87' lang='lat' dir='ltr'><strong>citra</strong></span> <span class='ocrx_word' id='word_1_749' title='bbox 2998 5111 3470 5166; x_wconf 88' lang='lat' dir='ltr'><strong>intermissionem</strong></span> <span class='ocrx_word' id='word_1_750' title='bbox 3505 5112 3674 5164; x_wconf 90' lang='lat' dir='ltr'><strong>ullam</strong></span> 
     </span>
    </p>
   </div>
   <div class='ocr_carea' id='block_1_111' title="bbox 2089 5199 3675 5274">
    <p class='ocr_par' dir='ltr' id='par_1_111' title="bbox 2089 5199 3675 5274">
     <span class='ocr_line' id='line_1_111' title="bbox 2089 5199 3675 5274; baseline -0.006 -15"><span class='ocrx_word' id='word_1_751' title='bbox 2089 5219 2188 5274; x_wconf 89' lang='lat' dir='ltr'><strong>per</strong></span> <span class='ocrx_word' id='word_1_752' title='bbox 2219 5210 2394 5257; x_wconf 86' lang='lat' dir='ltr'><strong>totum</strong></span> <span class='ocrx_word' id='word_1_753' title='bbox 2427 5217 2584 5270; x_wconf 74' lang='lat' dir='ltr'><strong>:rque</strong></span> <span class='ocrx_word' id='word_1_754' title='bbox 2636 5217 2842 5256; x_wconf 88' lang='lat' dir='ltr'><strong>annmn</strong></span> <span class='ocrx_word' id='word_1_755' title='bbox 2885 5201 3108 5270; x_wconf 85' lang='lat' dir='ltr'><strong>jejunii,</strong></span> <span class='ocrx_word' id='word_1_756' title='bbox 3147 5203 3310 5256; x_wconf 89' lang='lat' dir='ltr'><strong>unica</strong></span> <span class='ocrx_word' id='word_1_757' title='bbox 3358 5202 3411 5256; x_wconf 89' lang='lat' dir='ltr'><strong>iu</strong></span> <span class='ocrx_word' id='word_1_758' title='bbox 3443 5199 3532 5255; x_wconf 91' lang='lat' dir='ltr'><strong>die</strong></span> <span class='ocrx_word' id='word_1_759' title='bbox 3582 5217 3675 5256; x_wconf 65' lang='lat' dir='ltr'><strong>re.</strong></span> 
     </span>
    </p>
   </div>
   <div class='ocr_carea' id='block_1_112' title="bbox 2093 5294 3674 5365">
    <p class='ocr_par' dir='ltr' id='par_1_112' title="bbox 2093 5294 3674 5365">
     <span class='ocr_line' id='line_1_112' title="bbox 2093 5294 3674 5365; baseline -0.001 -16"><span class='ocrx_word' id='word_1_760' title='bbox 2093 5295 2333 5352; x_wconf 89' lang='lat' dir='ltr'><strong>fectione</strong></span> <span class='ocrx_word' id='word_1_761' title='bbox 2406 5295 2693 5359; x_wconf 90' lang='lat' dir='ltr'><strong>contenti;</strong></span> <span class='ocrx_word' id='word_1_762' title='bbox 2748 5295 2894 5350; x_wconf 88' lang='lat' dir='ltr'><strong>unde</strong></span> <span class='ocrx_word' id='word_1_763' title='bbox 2956 5295 3121 5350; x_wconf 87' lang='lat' dir='ltr'><strong>fiebat</strong></span> <span class='ocrx_word' id='word_1_764' title='bbox 3175 5311 3453 5365; x_wconf 84' lang='lat' dir='ltr'><strong>nunquam</strong></span> <span class='ocrx_word' id='word_1_765' title='bbox 3512 5294 3674 5363; x_wconf 85' lang='lat' dir='ltr'><strong>plane</strong></span> 
     </span>
    </p>
   </div>
   <div class='ocr_carea' id='block_1_113' title="bbox 2094 5386 3674 5457">
    <p class='ocr_par' dir='ltr' id='par_1_113' title="bbox 2094 5386 3674 5457">
     <span class='ocr_line' id='line_1_113' title="bbox 2094 5386 3674 5457; baseline -0.004 -14"><span class='ocrx_word' id='word_1_766' title='bbox 2094 5389 2229 5443; x_wconf 89' lang='lat' dir='ltr'><strong>hora</strong></span> <span class='ocrx_word' id='word_1_767' title='bbox 2269 5386 2421 5456; x_wconf 87' lang='lat' dir='ltr'><strong>prius</strong></span> <span class='ocrx_word' id='word_1_768' title='bbox 2451 5402 2594 5442; x_wconf 89' lang='lat' dir='ltr'><strong>nona</strong></span> <span class='ocrx_word' id='word_1_769' title='bbox 2640 5395 2862 5456; x_wconf 83' lang='lat' dir='ltr'><strong>gustare</strong></span> <span class='ocrx_word' id='word_1_770' title='bbox 2897 5388 3200 5457; x_wconf 86' lang='lat' dir='ltr'><strong>quidquam</strong></span> <span class='ocrx_word' id='word_1_771' title='bbox 3250 5387 3575 5448; x_wconf 86' lang='lat' dir='ltr'><strong>monachos,</strong></span> <span class='ocrx_word' id='word_1_772' title='bbox 3604 5399 3674 5437; x_wconf 90' lang='lat' dir='ltr'><strong>ne</strong></span> 
     </span>
    </p>
   </div>
   <div class='ocr_carea' id='block_1_114' title="bbox 2098 5473 3671 5548">
    <p class='ocr_par' dir='ltr' id='par_1_114' title="bbox 2098 5473 3671 5548">
     <span class='ocr_line' id='line_1_114' title="bbox 2098 5473 3671 5548; baseline -0.003 -14"><span class='ocrx_word' id='word_1_773' title='bbox 2098 5480 2153 5534; x_wconf 90' lang='lat' dir='ltr'><strong>in</strong></span> <span class='ocrx_word' id='word_1_774' title='bbox 2203 5479 2363 5534; x_wconf 86' lang='lat' dir='ltr'><strong>festis</strong></span> <span class='ocrx_word' id='word_1_775' title='bbox 2409 5479 2632 5548; x_wconf 85' lang='lat' dir='ltr'><strong>quidem</strong></span> <span class='ocrx_word' id='word_1_776' title='bbox 2675 5478 2894 5533; x_wconf 89' lang='lat' dir='ltr'><strong>Domini</strong></span> <span class='ocrx_word' id='word_1_777' title='bbox 2940 5490 3038 5534; x_wconf 91' lang='lat' dir='ltr'><strong>aut</strong></span> <span class='ocrx_word' id='word_1_778' title='bbox 3076 5481 3214 5548; x_wconf 87' lang='lat' dir='ltr'><strong>ipsis</strong></span> <span class='ocrx_word' id='word_1_779' title='bbox 3263 5473 3671 5546; x_wconf 81' lang='lat' dir='ltr'><strong>Paschalihus).</strong></span> 
     </span>
    </p>
   </div>
   <div class='ocr_carea' id='block_1_115' title="bbox 2095 5569 3668 5640">
    <p class='ocr_par' dir='ltr' id='par_1_115' title="bbox 2095 5569 3668 5640">
     <span class='ocr_line' id='line_1_115' title="bbox 2095 5569 3668 5640; baseline -0.001 -17"><span class='ocrx_word' id='word_1_780' title='bbox 2095 5586 2314 5638; x_wconf 81' lang='lat' dir='ltr'><strong>gravem</strong></span> <span class='ocrx_word' id='word_1_781' title='bbox 2381 5573 2547 5624; x_wconf 89' lang='lat' dir='ltr'><strong>etiam</strong></span> <span class='ocrx_word' id='word_1_782' title='bbox 2609 5571 2853 5636; x_wconf 84' lang='lat' dir='ltr'><strong>clericis,</strong></span> <span class='ocrx_word' id='word_1_783' title='bbox 2904 5585 3126 5640; x_wconf 84' lang='lat' dir='ltr'><strong>gravem</strong></span> <span class='ocrx_word' id='word_1_784' title='bbox 3193 5578 3250 5623; x_wconf 86' lang='lat' dir='ltr'><strong>et</strong></span> <span class='ocrx_word' id='word_1_785' title='bbox 3309 5569 3487 5633; x_wconf 81' lang='lat' dir='ltr'><strong>laicis,</strong></span> <span class='ocrx_word' id='word_1_786' title='bbox 3538 5571 3668 5622; x_wconf 91' lang='lat' dir='ltr'><strong>dum</strong></span> 
     </span>
    </p>
   </div>
   <div class='ocr_carea' id='block_1_116' title="bbox 2093 5659 3672 5738">
    <p class='ocr_par' dir='ltr' id='par_1_116' title="bbox 2093 5659 3672 5738">
     <span class='ocr_line' id='line_1_116' title="bbox 2093 5659 3672 5738; baseline -0.002 -24"><span class='ocrx_word' id='word_1_787' title='bbox 2093 5662 2279 5714; x_wconf 84' lang='lat' dir='ltr'><strong>omnia</strong></span> <span class='ocrx_word' id='word_1_788' title='bbox 2317 5662 2560 5716; x_wconf 88' lang='lat' dir='ltr'><strong>omnium</strong></span> <span class='ocrx_word' id='word_1_789' title='bbox 2605 5664 2668 5714; x_wconf 89' lang='lat' dir='ltr'><strong>ad</strong></span> <span class='ocrx_word' id='word_1_790' title='bbox 2711 5662 3047 5738; x_wconf 60' lang='lat' dir='ltr'><strong>divinarum,</strong></span> <span class='ocrx_word' id='word_1_791' title='bbox 3075 5673 3134 5716; x_wconf 89' lang='lat' dir='ltr'><strong>ut</strong></span> <span class='ocrx_word' id='word_1_792' title='bbox 3175 5659 3672 5729; x_wconf 82' lang='lat' dir='ltr'><strong>aiebat,justilica-</strong></span> 
     </span>
    </p>
   </div>
   <div class='ocr_carea' id='block_1_117' title="bbox 2095 5755 3668 5825">
    <p class='ocr_par' dir='ltr' id='par_1_117' title="bbox 2095 5755 3668 5825">
     <span class='ocr_line' id='line_1_117' title="bbox 2095 5755 3668 5825; baseline 0.001 -17"><span class='ocrx_word' id='word_1_793' title='bbox 2095 5755 2306 5809; x_wconf 85' lang='lat' dir='ltr'><strong>tionum</strong></span> <span class='ocrx_word' id='word_1_794' title='bbox 2354 5769 2601 5810; x_wconf 89' lang='lat' dir='ltr'><strong>normam</strong></span> <span class='ocrx_word' id='word_1_795' title='bbox 2645 5755 2841 5811; x_wconf 89' lang='lat' dir='ltr'><strong>acerbe</strong></span> <span class='ocrx_word' id='word_1_796' title='bbox 2888 5769 3108 5825; x_wconf 89' lang='lat' dir='ltr'><strong>semper</strong></span> <span class='ocrx_word' id='word_1_797' title='bbox 3147 5755 3452 5809; x_wconf 86' lang='lat' dir='ltr'><strong>cmendans</strong></span> <span class='ocrx_word' id='word_1_798' title='bbox 3507 5767 3668 5810; x_wconf 80' lang='lat' dir='ltr'><strong>revo-</strong></span> 
     </span>
    </p>
   </div>
  </div>
