4046 6400
410 330 511 396 ξμἻῙ

1633 334 1950 394 GEORGII
2001 335 2483 398 PACHYMERE

3559 340 3667 404 579.

398 445 507 516 ἢθη
542 447 678 518 πρὸς
708 446 778 500 τὰ
810 448 919 501 τῶν
946 448 1121 502 ἄλλων
1149 448 1365 512 ἐξαίσια
1397 445 1539 518 ἦσαν
1582 453 1677 502 καὶ
1708 452 1817 504 οὐδ’
1846 454 1982 512 ὅλως
2015 453 2057 507 Λ
2086 444 2175 515 ἦν,
2208 451 2579 521 διαφερόντως
2603 450 2660 505 δέ
2692 469 2753 518 γε
2778 455 2841 520 τῇ
2876 452 3104 520 ἀδελφῇ.
3140 454 3226 514 Ὧς
3245 453 3300 505 δὲ
3327 455 3420 506 καὶ
3451 457 3667 525 πικρῶς

398 538 630 601 ἐκείνοις
686 539 1027 604 συνέσαινον,
1062 542 1177 603 τοῖς
1230 541 1331 609 μὲν
1387 541 1447 606 ἐξ
1501 542 1762 611 ἐναρέτου
1815 545 1977 613 δῆθεν

393 626 695 698 δοκήσεως,
732 632 845 690 τοῖς
883 629 928 681 δ’
970 630 1030 694 ἐξ
1066 632 1313 699 ἐμφύτου
1361 633 1589 703 γνώμης
1617 633 1832 698 δοκοῦν,
1863 638 1977 698 τοῖς

392 718 442 772 δ’
486 721 766 789 eamea-3;
817 724 1111 783 διαθέσεως
1166 724 1310 777 κατὰ
1353 724 1581 796 γνώμην
1627 728 1735 779 τῶν
1779 729 1973 785 πάλαι.

405 810 635 865 Ὀπόθεν
666 814 723 868 δὲ
751 813 1016 886 τοῦτ”ἧ-ι,
1058 817 1230 881 ἔξεστι
1260 818 1508 885 γίνεσθαι
1550 820 1645 872 τοῦ
1692 822 1975 885 πείθοντος

391 905 680 975 λογισμοῦ.
749 909 968 974 Ἀμέλει
1012 925 1093 961 τοι
1139 910 1234 962 καὶ
1273 910 1347 980 μὴ
1394 910 1555 979 μόνον
1584 915 1698 976 τοῖς
1734 915 1976 985 ἀρχῆθεν

392 999 765 1068 σχιζομένοις,
800 1002 935 1053 ἀλλὰ
968 1004 1063 1054 καὶ
1106 1005 1220 1066 τοῖς
1267 1004 1448 1066 ἄλλοις
1480 1006 1753 1077 ἀγλευκὴς
1802 1009 1973 1064 ἐδόκει

395 1090 489 1142 καὶ
519 1092 744 1153 ἀτενοῦς
777 1092 945 1163 ἥοους
973 1094 1064 1148 καὶ
1100 1095 1240 1158 ὅλως
1271 1095 1677 1168 δυσπέμφελος.
1711 1100 1976 1166 Βασιλεὺς

388 1182 447 1235 δὲ
481 1183 544 1235 οὐ
580 1184 782 1253 μᾶλλον
815 1188 1025 1239 ἐκεῖνον
1073 1186 1105 1257 ἦ
1143 1188 1245 1255 τὴν
1279 1189 1487 1242 οἰκείαν
1541 1190 1807 1245 συνιστῶν
1836 1188 1970 1257 οἷον,

389 1274 469 1338 ὠς
502 1275 688 1345 ἐῴκει,
725 1276 978 1350 γνώμην,
1012 1276 1198 1349 ὲφόίς
1226 1280 1325 1334 καὶ
1347 1280 1444 1353 τὴν
1469 1282 1646 1353 ἀρχὴν
1667 1284 1968 1356 ἑκεκρίκει,

389 1368 499 1421 οὐδ’
551 1371 611 1432 ἐς
660 1370 836 1441 βραχὺ
890 1373 985 1441 τῆς
1022 1374 1110 1425 ἐπ’
1144 1374 1296 1445 αὐτῷ
1343 1374 1658 1448 πολυωρίας
1689 1378 1970 1447 καθυφίει.

401 1460 556 1513 Ἐπεὶ
585 1462 641 1515 δὲ
681 1464 778 1516 καὶ
814 1465 1052 1533 φάμουσ⁹
1104 1466 1244 1521 ἄττα
1305 1464 1536 1536 ῥιφέντα
1572 1469 1739 1540 μέχρι
1788 1471 1884 1525 καὶ
1914 1472 1972 1535 ἐς

388 1552 555 1606 αὐτοῦ
586 1558 777 1623 χεῖρας
803 1557 1099 1626 πεφθάκει,
1130 1559 1263 1613 δείν’
1289 1559 1429 1615 ἄττα
1453 1561 1684 1631 λέγοντα
1703 1563 1796 1618 καί
1825 1566 1971 1637 ἀπᾴ-

385 1646 567 1709 δοντα,
612 1649 711 1700 οὐκ
743 1649 936 1719 ὀλίγην
977 1652 1232 1715 κάκεῖνος
1267 1653 1516 1723 εὑρίσκει
1552 1654 1969 1723 σχεδιασοεῖσαν

385 1739 463 1809 τῷ
496 1743 935 1812 πατριαρχοῦντι
965 1745 1224 1799 σύστασιν
1262 1745 1323 1812 ἐξ
1354 1747 1533 1811 αἰτίας
1559 1749 1798 1803 τοιᾶσδε.
1840 1748 1968 1821 Εἶχε

2081 536 2227 608 εἶχον
2258 542 2353 595 καὶ
2382 542 2748 611 ἐλοιδοροῦντο
2770 542 2849 610 τῷ
2877 543 3235 596 ἁποκλίναντι
3255 545 3345 598 διὰ
3373 546 3473 613 τὴν
3496 548 3667 614 μετὰ·

2081 631 2252 698 οεσιν,
2288 634 2703 705 ἔνεπικραίνετό
2733 636 2784 687 οἰ
2836 637 2932 688 καὶ
2965 636 2996 700 ἡ
3043 636 3327 704 ὁμαίμων,
3366 638 3463 688 καὶ
3501 637 3667 705 μέσον

2079 722 2288 779 τούτων
2320 725 2493 797 ἔχθρα
2552 728 2865 781 συνίστατο.
2902 721 3006 780 ’Ὧν
3056 730 3113 781 ἑν
3159 731 3259 799 μιᾷ
3292 728 3666 800 διαλοιδορου-

2082 813 2282 882 μένων,
2302 802 2561 871 κάκείνου
2580 817 3083 887 προσαπειλοῦντος
3103 820 3345 889 ἀναφέρε
3356 838 3404 873 ιν
3426 819 3515 891 [Ρ.
3534 819 3675 892 362}

2076 904 2158 974 τῷ
2194 908 2513 981 πατριάρχη
2539 911 2727 963 καὶτὰ
2760 912 2895 981 παρ’
2930 912 3113 964 αὐτῶν
3130 913 3309 981 ὀνείδη
3330 913 3665 981 διεγκαλεῖν,

2078 990 2159 1058 εἷς
2190 998 2558 1066 παρευρεθεὶς
2604 1000 2840 1063 ἐκείνοις
2888 1001 2984 1054 καὶ
3029 1002 3479 1073 ἀναξιοπαθήσας
3523 1000 3662 1068 οἷον,

2076 1088 2177 1157 τὴν
2202 1087 2468 1159 ἐγκλησιν
2519 1092 2866 1162 ὲδλασφήμει
2918 1094 3011 1145 καὶ
3043 1093 3228 1147 πίστιν
3256 1095 3354 1147 καὶ
3389 1095 3665 1165 πατριάρ-

2081 1195 2206 1249 χην,
2226 1180 2316 1233 τὸν
2332 1184 2752 1253 καταφρονητὴν
2774 1184 3241 1253 ὑπεμφαίνων,ὡς
3265 1185 3468 1254 ἥκιστα
3498 1202 3671 1255 φρονο»

2074 1271 2229 1337 τιῶν,
2277 1274 2326 1326 si
2366 1275 2677 1345 ἐπικαλοίη.
2726 1275 2957 1345 Μικρὸν
2974 1277 3160 1346 διῆλθε
3202 1278 3303 1348 τῆς
3354 1277 3527 1348 ὥρας,
3564 1282 3663 1331 καὶ

2075 1368 2324 1431 ἀποστὰς
2346 1369 2583 1434 ἐκεῖθεν,
2611 1372 2821 1440 μεταξὺ
2841 1371 2940 1440 τὴν
2962 1371 3080 1424 ὁδὸν
3109 1371 3477 1440 διερχόμενος,
3506 1374 3660 1442 παρὰ

2078 1460 2354 1530 μηδεμίαν
2407 1463 2590 1518 αἰτίαν
2645 1464 2865 1533 ἔμφανῆ
2899 1463 3290 1533 ξυμποδίζεται
3325 1466 3422 1518 καὶ
3467 1464 3660 1519 πίπτει

2073 1552 2278 1623 πτῶμα
2306 1554 2505 1621 δεινὸν,
2527 1556 2623 1609 καὶ
2640 1554 2820 1619 ἔδοξεν
2840 1556 3096 1627 ὑποσχὼν
3113 1557 3271 1620 δίκας
3290 1561 3391 1628 τῆς
3412 1559 3509 1627 pla
3519 1577 3628 1628 σφη
3644 1588 3662 1599 ·

2078 1644 2230 1714 μίας,
2278 1645 2470 1709 δεινῶς
2520 1648 2835 1717 συντριϐεὶς
2883 1648 2977 1699 τὸν
3027 1648 3185 1702 πόδα.
3234 1648 3421 1702 Ταῦτα
3470 1651 3660 1719 μαθὼν

2079 1735 2355 1805 βασιλεὺς,
2413 1740 2510 1792 καὶ
2561 1738 2638 1801 ὤς
2689 1739 2838 1802 εἰκὸς
2892 1740 2952 1792 τὸ
3007 1740 3251 1810 πραχθὲν
3305 1743 3659 1812 ἡγησάμενος

389 1798 530 1901 μετὰ
791 1837 966 1891 ἄλλων
986 1842 1019 1908 ἡ
1042 1798 1323 1902 πόλιςκαί
1345 1798 1965 1910 ’λρμευνίουςνὲποίκουὶ
2002 1798 2044 1852 Β
2075 1828 2579 1900 θαυματούργημαν
2597 1831 2660 1885 τδ
2692 1832 2804 1884 πᾶν
2827 1831 2921 1884 τοῦ
2950 1831 3259 1902 παραδόξου
3279 1831 3357 1899 τῷ
3384 1849 3660 1904 πατριαρ⁶

383 1920 509 1976 Τῶν
530 1942 613 1988 τις
634 1928 729 1979 καὶ
760 1928 1179 1998 προεπεφθάκει
1204 1929 1578 2002 προσδραμὼν
1606 1935 1672 2003 τῇ
1705 1933 1966 2004 καθολικῇ

399 2014 699 2086 Ἐκκλησία
750 2022 844 2071 καὶ
902 2020 1061 2091 μύρῳ
1107 2021 1187 2090 τῷ
1220 2023 1363 2093 ἁγίῳ
1403 2023 1675 2094 χρισθείς.
1729 2028 1865 2095 Παρ’
1900 2030 1968 2100 ἣν

382 2106 565 2161 αἰτίαν
598 2110 690 2161 καί
720 2110 905 2175 ἄλλοις
944 2114 1044 2185 μὲν
1094 2117 1211 2181 τοῖς
1258 2119 1579 2188 όμογενέσιν
1627 2122 1967 2195 ἅπόστοργος

383 2294 505 2352 cat;
544 2289 693 2356 quali
748 2291 1044 2348 severitate
1090 2295 1301 2350 nullum
1341 2313 1532 2354 eorum
1573 2303 1667 2369 qui
1714 2306 1961 2360 omnium

381 2379 738 2437 confessione
789 2383 1127 2441 haberentur
1173 2388 1485 2447 divinarum
1533 2394 1712 2464 legum
1767 2398 1962 2454 obser-

383 2480 612 2528 vatores
643 2478 1005 2543 exactissimi,
1038 2496 1199 2537 usum
1247 2484 1426 2540 fuisse
1462 2490 1770 2545 constabat.
1812 2490 1962 2548 Inter

382 2561 486 2618 hos
530 2564 619 2620 ille
659 2567 812 2621 velut
853 2570 1048 2625 inanes
1079 2576 1440 2644 contemptim
1477 2576 1733 2637 fremitus
1769 2593 1958 2640 erecta

381 2651 586 2722 fronte,
637 2673 749 2728 quo
801 2661 1115 2719 intenderat
1185 2644 1558 2736 gradiebatur,
1616 2671 1792 2729 fretus
1854 2676 1958 2731 sibi

378 2747 753 2815 paratissimo,
834 2763 890 2806 et
945 2769 1058 2823 quo
1107 2759 1283 2827 magis
1338 2770 1616 2831 pergeret,
1665 2764 1958 2836 benignius

377 2851 597 2906 semper
630 2842 915 2910 aspirante
964 2846 1155 2902 favore
1185 2850 1564 2919 imperatoris,
1600 2862 1957 2926 quantumvis

2072 1919 2259 1991 χοῠντι
2295 1923 2695 1994 προσανεςίθει,
2726 1923 2846 1976 δέον
2875 1922 2955 1985 ὃν,
2988 1916 3166 1991 οἶμαι,
3188 1925 3284 1977 καὶ
3313 1923 3521 1992 μᾶλλον
3536 1925 3671 1994 Θεῷ.

2071 2013 2166 2066 καὶ
2195 2016 2260 2084 τῇ
2293 2013 2499 2079 πίστει,
2535 2015 2604 2085 ἣν
2639 2017 2849 2078 ἐκεῖνος
2875 2016 3127 2085 ἀφρόνως
3176 2015 3654 2088 βεδλασφημὴκει.

2073 2103 2420 2184 Καὶεαὺτίκα
2473 2106 2692 2193 πρωίας
2739 2105 2963 2171 σύναξιν
3012 2107 3201 2176 κοινὴν
3254 2107 3651 2177 παραγγέλλει,

2068 2287 2473 2359 spargebantur
2508 2287 2675 2344 libelli
2710 2288 2979 2346 adversus
3009 2288 3373 2344 Athanasium
3420 2286 3649 2353 famosi,

2069 2391 2131 2434 ut
2199 2379 2424 2448 quidam
2460 2396 2652 2435 eorum
2685 2382 2872 2449 gravia
2919 2389 2977 2436 et
3014 2382 3173 2436 valde
3225 2381 3433 2438 absona
3469 2383 3652 2436 conti.

2066 2478 2261 2525 nentes
2312 2485 2487 2540 usque
2549 2471 2617 2525 ad
2674 2470 2827 2542 ipsas
2893 2472 3245 2540 imperatoris
3297 2473 3650 2539 pervenirent

2065 2575 2288 2626 manus,
2338 2561 2616 2617 inventam
2674 2565 2720 2619 is
2768 2564 3118 2619 occasionem
3161 2563 3362 2634 cupide
3414 2564 3650 2635 arripuit

2064 2651 2401 2722 patriarcha:
2450 2653 2520 2708 de
2554 2668 2700 2709 novo
2740 2655 2808 2709 ad
2842 2655 3104 2724 populum
3130 2655 3553 2710 commendandi
3579 2669 3644 2711 ex

2061 2761 2229 2801 causa
2266 2763 2430 2819 quam
2491 2763 2617 2804 mox
2671 2763 2969 2819 exponam.
3015 2747 3271 2804 Ilabebat-
3310 2749 3451 2804 urbs
3498 2750 3661 2803 inter

2062 2839 2200 2895 alios
2239 2840 2516 2895 variarum
2563 2842 2810 2912 gentium
2872 2841 3178 2911 inquilinos
3236 2842 3425 2912 plures
3474 2841 3642 2897 etiam

2060 2931 2276 3001 aliquos
2309 2934 2604 2989 Armenos.
2632 2932 2838 2989 llorum
2868 2934 3144 3005 quispiam
3186 2935 3380 2989 relicto
3409 2949 3638 2990 suorum

378 2926 599 2984 interim
645 2946 840 2991 omnes
898 2938 1272 3007 ringerentur,
1332 2948 1571 3002 maxime
1604 2959 1786 3006 autem
1822 2953 1958 3009 iusi-

380 3016 600 3084 gniores
627 3021 836 3089 quique
873 3029 1161 3093 aegerrime
1187 3029 1392 3088 {en-em
1424 3051 1547 3102 quas,
1574 3038 1642 3093 ab
1672 3040 1766 3097 ίιιο
1799 3043 1956 3099 vide-
1977 3073 1998 3093 ,
2059 3023 2172 3079 ritu
2228 3034 2435 3080 nostra:
2485 3041 2546 3081 se
2578 3026 2873 3082 catholicae
2923 3034 3312 3096 aggregaverat
3356 3024 3641 3086 Ecclesiae,

379 3108 509 3164 bant
534 3110 672 3179 fieri,
707 3123 1032 3188 tantumque
1061 3120 1321 3180 abessem
1353 3142 1382 3181 a
1418 3128 1714 3198 dignandis
1748 3150 1945 3191 asse“,
1976 3130 2023 3196 ο
2056 3132 2217 3172 sacro
2253 3116 2321 3171 ad
2360 3117 2462 3172 hoc
2499 3128 2716 3174 unctus
2743 3118 3076 3185 chrismate;
3106 3133 3219 3188 quo
3248 3118 3479 3173 nomine
3518 3132 3641 3171 ma-

376 3217 443 3255 su
475 3205 555 3258 vel
594 3210 991 3275 approbatione
1032 3228 1131 3268 sua
1183 3217 1291 3271 nua
1324 3219 1447 3287 ejus
1478 3225 1635 3288 ams,
1664 3236 1723 3280 ,η
1769 3244 1951 3287 mores
2056 3225 2221 3278 gnum
2252 3210 2305 3263 in
2330 3225 2388 3265 se
2419 3212 2724 3265 concitarat
2775 3209 2959 3265 odium
2995 3210 3346 3281 popularium
3384 3224 3634 3271 suorum.

375 3294 551 3364 ipsius
598 3299 652 3352 in
712 3306 1130 3370 comparatione
1170 3324 1294 3364 cum
1338 3314 1458 3369 aliis
1500 3316 1661 3372 laude
1700 3323 1951 3378 omnium
2056 3302 2358 3369 “mserum
2402 3316 2531 3356 vero
2576 3302 2806 3365 εθτοτίδν
2843 3302 2980 3356 adeo
3015 3309 3076 3357 ut
3118 3302 3325 3369 passm
3350 3316 3475 3357 em“
3510 3317 3637 3357 cm"

373 3388 670 3445 celebratis
712 3394 1040 3462 praesidibus
1084 3398 1456 3459 Ecclesiarum
1506 3408 1664 3476 plane
1722 3412 1827 3467 sibi
1872 3415 1952 3469 vi—

372 3478 490 3533 deri
539 3489 883 3542 monstrosos
926 3498 1093 3559 atque
1138 3493 1432 3551 horribiles
1466 3515 1573 3554 non
1626 3502 1953 3561 dissimula-

372 3578 520 3625 rent.
568 3570 627 3627 ln
675 3589 795 3629 eam
854 3579 994 3635 alios
1050 3586 1377 3640 sententiam
1428 3590 1739 3648 adducebat
1796 3606 1950 3653 recta

369 3662 664 3719 aestimatio
694 3682 839 3722 vera:
870 3670 1094 3751 virtutis
1120 3692 1134 3728 :
1161 3677 1255 3731 alii
1287 3693 1454 3735 sensu
1483 3684 1724 3751 quodam
1754 3687 1949 3744 innato

369 3764 424 3805 et
454 3756 606 3822 quasi
654 3760 798 3827 genii
854 3762 1205 3824 abhorrentis
1254 3768 1630 3827 incitabantur
1683 3777 1944 3846 impulsu.

368 3842 699 3914 Nonnullos,
747 3865 850 3905 nec
890 3853 1028 3909 forte
1083 3872 1312 3925 paucos,
1352 3862 1716 3921 stimulabant
1759 3842 1853 3924 ira:
1891 3872 1944 3926 in

364 3933 724 3992 Athanasium
764 3953 997 4011 veteres,
1051 3934 1255 4015 prioris
1298 3952 1429 4006 olim
1479 3956 1602 4025 ejus
1662 3961 1947 4029 regiminis

365 4021 530 4095 520
586 4027 808 4099 injuriis
858 4050 1127 4103 accensae,
1175 4056 1411 4109 quarum
1449 4049 1771 4103 memoriam
1811 4068 1941 4123 prae-

365 4133 491 4175 sens
552 4125 809 4180 similium
868 4133 1205 4198 experientia
1252 4135 1566 4195 refricabat.
1625 4140 1945 4212 Cujusmodi

362 4212 681 4280 praeiudicia
748 4234 888 4288 quos
941 4223 1243 4280 insederint
1292 4228 1528 4297 animos,
1574 4232 1645 4287 iis
1679 4234 1942 4293 nimirum

361 4305 520 4361 facile
594 4312 930 4376 persuadent
982 4315 1152 4384 justis
1216 4334 1276 4372 se
1356 4337 1459 4376 nec
1524 4326 1944 4395 reprehensioni

359 4398 614 4454 obnoxiis
657 4405 861 4459 moveri
915 4407 1078 4473 odiis,
1130 4409 1258 4464 dum
1306 4428 1400 4468 eos
1447 4427 1774 4476 aversantur
1800 4438 1940 4491 quos

2054 3394 2236 3448 caeteri
2268 3395 2671 3464 consanguinei
2721 3395 2989 3450 conviciis
3020 3394 3463 3464 proscinderent,
3490 3395 3658 3465 quod’

2052 3497 2083 3538 e
2121 3483 2390 3554 religione
2425 3487 2601 3554 patria
2634 3485 2701 3540 ad
2741 3486 2904 3540 aliam
2939 3486 3294 3549 descivisset,
3329 3494 3445 3541 tum
3478 3499 3640 3539 emn-

2053 3575 2178 3630 dem
2235 3578 2586 3634 amarissime
2614 3577 2686 3633 ob
2721 3579 2774 3633 id
2815 3578 2995 3646 ipsmn
3048 3593 3310 3650 germana
3344 3579 3638 3649 increpare

2053 3682 2165 3722 non
2207 3668 2505 3725 desineret.
2559 3669 2799 3739 Eratque
2852 3670 2949 3727 tali
2993 3688 3061 3726 ex
3094 3687 3264 3728 causa
3308 3673 3633 3729 continuum

2051 3760 2196 3815 inter
2246 3776 2345 3817 eos
2402 3765 2766 3819 commissum
2828 3765 3100 3836 jurgium.
3160 3763 3318 3832 Quod
3365 3765 3497 3822 dum
3545 3768 3634 3820 die

2049 3853 2291 3922 quadam
2327 3853 2633 3910 ferventius
2665 3857 2992 3927 agitaretur,
3032 3856 3160 3911 hinc
3194 3856 3262 3911 de
3309 3872 3462 3912 more
3493 3873 3631 3912 con-

2050 3942 2386 3998 viciantibus
2422 3942 2632 3998 homini
2681 3944 3026 4007 domesticis.
3083 3945 3209 4000 inde
3257 3945 3350 4000 illo
3387 3947 3632 4000 minante

2050 4049 2110 4089 se
2157 4033 2227 4088 ad
2271 4034 2645 4105 patriarcbam
2693 4036 2992 4091 relaturum
3023 4052 3147 4106 quae
3186 4036 3297 4094 sibi
3325 4038 3629 4106 exprobra-

2049 4134 2171 4181 rent
2194 4137 2247 4182 et
2272 4142 2367 4182 eos
2395 4127 2539 4196 apud
2568 4127 2749 4196 ipsum
2783 4141 3198 4194 accusaturum,
3234 4140 3486 4198 repertus
3512 4129 3626 4182 illic

2047 4216 2271 4286 quidam
2319 4217 2551 4287 estqui,
2598 4217 2748 4272 velut
2787 4234 2901 4272 rem
2941 4219 3222 4288 indignam
3272 4230 3428 4277 ratus
3465 4220 3623 4292 521

2048 4311 2313 4366 intentari
2373 4312 2510 4382 ipsis
2564 4313 2953 4368 auctoritatem
2998 4312 3161 4368 alieni
3213 4316 3539 4383 patriarchae
3571 4324 3643 4370 et'

2044 4402 2236 4471 judicii
2278 4404 2398 4472 ejus
2435 4405 2737 4474 periculum
2777 4406 3121 4471 denuntiari,
3151 4407 3332 4475 erupit
3363 4407 3418 4461 in
3454 4410 3627 4463 male-

359 4498 495 4561 tam
528 4495 723 4548 merito
793 4500 1010 4553 cunctis
1061 4468 1281 4559 ἐιοεοε
1341 4468 1940 4578 ε,,ι,ιι,έ,,]ζι’ξ’ἶιε;ξξ
1973 4468 2214 4560 Ddicta,
2275 4496 2412 4551 diris
2481 4495 2757 4552 devovcns
2814 4507 2869 4551 et
2921 4498 3080 4551 iidem
3138 4507 3194 4553 et
3252 4499 3623 4569 patriarcham

359 4579 696 4638 Athanasius
727 4585 809 4639 vel
846 4587 1071 4656 ignarus
1100 4593 1183 4647 vel
1231 4593 1313 4648 sic
1361 4603 1622 4667 tanquam
1659 4602 1939 4672 ignoraret

359 4687 592 4729 securus
632 4676 769 4731 adeo
802 4677 1088 4748 ﬂagrantis
1139 4687 1192 4738 in
1228 4687 1406 4756 ipsum
1449 4690 1686 4758 invidiae,
1720 4712 1829 4752 non
1864 4700 1937 4755 iis

358 4761 537 4816 solum
568 4779 708 4833 quos
746 4769 910 4836 priori
945 4770 1227 4828 iunctione
1256 4778 1641 4844 patriarebalis
1688 4795 1931 4853 poteSta-

358 4857 431 4910 tis
459 4857 771 4915 irritaverat
804 4865 1077 4941 vexando,
1107 4868 1472 4941 abscindique
1502 4887 1531 4926 a
1570 4874 1655 4928 sui
1681 4890 1933 4933 commu-

357 4948 525 5002 nione
572 4963 847 5021 coegerat,
872 4938 1084 5009 'durum
1139 4938 1574 5028 indomitumque
1623 4976 1682 5017 se
1723 4965 1933 5033 praebe-

356 5040 468 5105 bat,
502 5044 597 5098 sed
633 5054 688 5100 et
718 5047 839 5101 sine
891 5047 1218 5106 discrimine
1263 5053 1478 5109 cunctis
1508 5054 1633 5113 aliis
1671 5057 1925 5125 acerbus,

353 5146 632 5202 austerus,
687 5153 964 5205 morosus,
1002 5156 1065 5195 ac
1108 5143 1255 5197 velut
1312 5160 1464 5199 mare
1534 5147 1926 5215 procellosum,

355 5226 555 5279 minaci
612 5241 828 5297 semper
890 5246 1157 5300 apparere
1191 5234 1473 5304 pergebat,
1509 5236 1555 5290 si
1601 5252 1709 5291 non
1762 5238 1927 5293 etiam

353 5315 670 5382 allectabat,
717 5321 977 5377 terribilis
1026 5325 1235 5393 specie.
1264 5324 1436 5380 Porro
1490 5326 1786 5399 imperator
1816 5346 1927 5386 non

352 5407 527 5476 magis
562 5406 710 5463 illutn
761 5426 926 5479 quam
980 5413 1190 5483 proprii
1234 5428 1262 5466 a
1295 5415 1566 5483 principio
1612 5417 1679 5471 de
1710 5417 1804 5472 illo
1834 5419 1929 5473 de-

352 5494 544 5549 clarati
579 5500 967 5554 auctoritatem
1023 5500 1218 5569 judicii
1265 5506 1578 5559 constantia
1611 5522 1929 5576 persevera-

352 5583 446 5638 bat
494 5586 843 5644 irrevocabili
882 5594 1061 5659 tueri;
1106 5608 1208 5647 nec
1236 5595 1285 5648 ei
1339 5596 1663 5650 consulendi
1693 5598 1928 5669 ejusque

353 5676 674 5748 invigilandi
762 5684 1050 5738 securitati
1122 5685 1409 5754 providam
1491 5689 1918 5746 sollicitudinem

357 5769 689 5828 remittebat.
741 5770 1011 5838 Quoniam
1042 5790 1170 5831 vero
1202 5782 1311 5832 tam
1358 5775 1592 5833 licenter
1644 5780 1699 5837 in
1730 5781 1924 5853 vulgus

2039 4589 2229 4654 istum,
2269 4603 2430 4657 quem
2467 4599 2834 4644 contemnere
2865 4604 2923 4644 sc
2960 4605 3062 4645 nec
3089 4591 3251 4645 nauci
3286 4590 3487 4657 facere,
3525 4602 3621 4647 aut

2036 4680 2168 4750 quid
2204 4680 2271 4735 de
2305 4695 2366 4734 sc
2393 4681 2729 4746 ecnserct,si
2751 4696 2941 4736 coram
2975 4698 3042 4737 eo
3066 4683 3357 4750 citaretur,
3386 4684 3620 4738 omnino

2037 4786 2235 4826 curare
2304 4770 2742 4827 demonstrabat.
2792 4772 3046 4828 Nondum
3101 4774 3229 4830 huic
3263 4784 3374 4830 tota
3419 4788 3452 4829 a
3491 4790 3624 4844 pro-

2037 4863 2166 4918 latis
2213 4863 2391 4919 verbis
2440 4864 2642 4919 talibus
2697 4865 2836 4918 hora
2887 4864 3205 4926 efﬂuxerat.
3258 4881 3383 4921 cum
3422 4869 3619 4922 absce-

2040 4956 2177 5012 dens
2228 4958 2379 5021 inde,
2421 4959 2550 5013 dum
2601 4973 2700 5028 per
2730 4960 2919 5013 urbem
2979 4960 3320 5025 ambulabat,
3350 4977 3414 5016 ex
3462 4965 3616 5018 nulla

2037 5064 2160 5121 quae
2211 5060 2505 5120 appareret
2552 5065 2720 5105 causa
2782 5051 3175 5119 supplantatur
3231 5053 3616 5124 sterniturquc

2036 5141 2189 5195 lmmi
2213 5140 2332 5195 diro
2364 5155 2518 5208 casu,
2557 5140 2711 5195 visus
2736 5139 3093 5210 hlasphemim
3127 5156 3321 5210 pmnas
3349 5143 3613 5213 pendere,

2036 5232 2184 5303 quod
2233 5246 2299 5287 eo
2348 5231 2504 5301 lapsu
2540 5233 2738 5299 pedum
2797 5233 2876 5285 illi
2909 5233 3186 5289 contritus
3216 5234 3357 5290 alter
3387 5246 3496 5292 est.
3537 5236 3625 5291 Eo

2039 5328 2341 5395 imperator
2376 5323 2619 5393 cognito,
2651 5335 2907 5378 eventum
2952 5338 3017 5379 ex
3053 5325 3232 5393 prima
3272 5328 3457 5381 statim
3489 5342 3613 5394 spe-

2036 5417 2121 5473 cie
2154 5414 2449 5470 manifesto
2477 5416 2744 5470 miraculo
2781 5415 3081 5484 imputans,
3123 5431 3223 5485 pro
3250 5426 3449 5471 caetera
3498 5433 3615 5472 sua~

2036 5508 2398 5562 admiratione
2443 5508 2788 5575 patriarchae,
2824 5507 3135 5577 prodigium
3185 5508 3240 5563 id
3274 5524 3399 5566 esse
3424 5525 3454 5565 a
3494 5510 3609 5566 Deo

2036 5602 2350 5657 declarante
2378 5616 2539 5655 suum
2564 5601 2616 5653 in
2657 5602 2833 5669 ipsum
2862 5614 3108 5653 amorem
3143 5608 3198 5652 et
3232 5600 3353 5669 ejus
3378 5600 3520 5670 apud
3549 5617 3610 5657 se

2038 5692 2232 5747 merita
2268 5691 2590 5746 mirabiliter
2642 5700 2917 5760 patratum
2959 5691 3079 5745 sine
3121 5691 3231 5746 ulla
3267 5690 3609 5749 dubitatione

2037 5782 2290 5851 credidit,
2349 5782 2741 5851 verisimilius,
2795 5783 2847 5839 ni
2905 5781 3091 5851 fallor,
3145 5784 3497 5855 opinaturus,
3558 5788 3607 5843 si
