4046 6392
359 355 467 416 573

1325 359 1420 416 DE
1467 355 1916 416 ANDRONICO
1947 352 2406 413 PALJEOLOGO
2448 353 2596 412 LIB.
2634 354 2736 413 VI.

3516 345 3618 410 574

349 465 632 518 ἐπιτάττει
667 465 712 517 δ’
744 467 1034 536 ἐνεχθῆναι
1089 469 1186 520 καὶ
1239 469 1330 520 τὸν
1389 468 1808 538 καταραχθέντα
1853 467 1928 528 ὼς
1958 469 2007 525 Α
2038 468 2232 536 σχόντα
2263 469 2388 529 τοὺς
2425 466 2619 529 ἄλλους
2651 465 3028 535 ἀποπέμπειν,
3077 463 3172 518 καὶ
3217 463 3414 516 αὐτίκα
3443 464 3621 532 περᾷν

348 551 495 625 εῖχεν
529 557 624 610 ἐπὶ
654 555 750 610 τοῦ
788 558 1110 627 σκίμποδος.
1143 553 1222 612 Οὑ
1247 559 1315 630 δὴ
1344 562 1440 612 καὶ
1470 562 1527 623 ἐς
1562 561 1728 630 μέσον
1747 561 1930 612 τεθέν-

348 666 462 714 τος,
504 650 707 719 πολλὴν
733 652 825 702 καὶ
849 651 1138 719 διωλύγιον
1163 652 1362 723 διεξῄει
1387 653 1734 723 δημηγορίαν
1752 693 1766 718 ,
1801 669 1929 704 συν-

354 742 515 796 ιστῶν
549 742 800 804 ἐντεῦθεν
825 743 884 795 ὃν
910 746 1168 816 συνιστᾷν
1195 745 1378 816 ἤθελε,
1425 745 1534 798 τῶν
1560 745 1606 799 δ’
1637 747 1732 798 ἀπ’
1762 742 1928 796 αὐτοῦ

353 831 709 902 σχιζομένων,
766 836 1092 902 καὶμᾶλλον
1131 837 1242 888 τῶν
1297 837 1447 900 ἰδίως
1496 836 1830 906 ζηλούντων,
1862 834 1931 886 τά

351 923 581 974 πλεῖστα
616 925 955 991 καθήπτετο,
996 925 1099 978 κᾶν
1151 929 1352 980 ἐκεῖνοι
1385 926 1485 998 τὴν
1526 927 1758 997 γνώμην
1787 927 1930 992 άμε·

351 1015 576 1069 τάθετον
626 1013 775 1086 εἶχον
804 1019 890 1087 ἐφ’
924 1014 1008 1083 οἷς
1041 1021 1284 1091 ἀρχῆθεν
1320 1020 1765 1091 ἑπισχυρίζοντο.
1819 1017 1930 1071 Καὶ

351 1109 590 1180 ἔπασχον
622 1111 743 1179 μὲν,
777 1111 1019 1183 ἔπασχον
1046 1113 1093 1166 δ’
1122 1113 1188 1168 ἂν
1224 1114 1319 1166 καὶ
1351 1114 1420 1166 τά
1459 1113 1715 1182 μέγιστα,
1744 1111 1794 1163 εί
1827 1109 1930 1180 βα-

351 1203 531 1265 σιλεὺς
578 1203 726 1272 ὑφίει
754 1205 849 1257 καὶ
875 1205 1196 1276 συνεχώρει.
1243 1205 1386 1258 Ἀλλ’
1410 1206 1626 1274 ἀνεῖχεν
1652 1204 1791 1266 ὅλως
1827 1202 1928 1264 τὰς

346 1295 435 1351 ἐπ’
464 1295 700 1360 ἐκείνοις
725 1296 834 1350 τῶν
861 1297 1041 1352 ἄλλων
1067 1299 1248 1368 ὁρμὰς
1274 1299 1500 1366 τρόποις
1526 1297 1924 1368 χρηστότητος.

505 1432 612 1502 κβ’.
664 1432 1028 1502 Ἀνάρῤησις
1046 1435 1153 1490 τοῦ
1183 1436 1490 1507 Καίσαρος
1524 1433 1779 1488 Ἰταλοῦ.

421 1563 505 1636 [Ρ.
531 1563 663 1636 565]
705 1565 795 1618 Ἐν
844 1567 1021 1637 τούτῳ
1048 1568 1146 1622 καὶ
1201 1569 1230 1620 ὁ
1280 1569 1390 1622 ἀπὸ
1441 1569 1684 1638 μεγάλου
1736 1568 1928 1632 δουκὸς

357 1655 562 1720 Ἰταλὸς
590 1659 690 1726 μὲν
719 1659 781 1711 τδ
801 1659 980 1726 γένος,
1013 1664 1136 1724 ταῖς
1165 1661 1212 1715 δ’
1246 1663 1354 1716 ἀπὸ
1380 1663 1474 1716 τοῦ
1517 1661 1784 1732 βασιλέως
1805 1663 1928 1714 ὀνο-

348 1749 578 1818 μασίαις
607 1748 683 1813 ὡς
712 1751 963 1820 γαμϐρὸς
994 1753 1364 1823 κλεῖζόμενος,
1396 1755 1636 1824 πέμπων
1663 1743 1929 1818 πολλάκις

2034 560 2156 613 κατ’
2187 559 2481 628 ἀνατολήν.
2516 558 2656 612 Ἀλλ’
2685 558 2836 625 ὅμως
2869 561 2933 610 ἐκ
2961 557 3263 625 σκαιωρίας
3310 555 3406 608 καὶ
3460 551 3620 616 αὖθις

2031 653 2129 722 οὑχ
2179 651 2510 704 ὑπελείπετο
2541 652 2850 720 πρόφασις,
2887 648 3024 703 ἀλλὰ
3079 647 3310 708 πολλοὺς
3368 646 3465 714 μὲν
3517 647 3621 698 ἀνά

2033 743 2282 806 Κύζικον
2305 744 2538 812 πέμπει,
2569 742 2803 805 πολλοὺς
2854 741 2898 794 δ’
2927 741 3032 794 ἀνά
3069 741 3263 809 Πηγὰς
3288 779 3301 800 ,
3339 735 3534 804 ἱκανὴν
3563 735 3621 786 δὲ

2035 838 2235 904 μοῖραν
2277 837 2373 888 καὶ
2421 834 2500 903 τῷ
2555 834 2812 904 Λοπαδίῳ
2859 832 3180 901 προσνέμει.
3217 830 3388 891 Αὐτὸς
3422 829 3478 880 δὲ
3527 827 3622 880 καὶ

2029 927 2160 989 τοὺς
2190 927 2324 996 περὶ
2354 925 2446 979 τὸν
2477 927 2859 998 Μπυριγέριον
2903 927 3128 980 Θάλπιον
3160 926 3263 995 ἥδη
3297 921 3618 987 ἀποστατή-

2032 1037 2223 1084 σαντα,
2255 1020 2336 1072 ἔτι
2369 1019 2426 1072 δὲ
2459 1018 2556 1074 καὶ
2581 1020 2708 1082 τοὺς
2739 1020 2885 1089 ἀμφὶ
2917 1020 3010 1071 τὴν
3033 1018 3190 1070 νόθον
3215 1015 3446 1082 ἀδελφὸν
3485 1013 3621 1064 Θευ-

2028 1109 2246 1180 δερίχου
2274 1110 2727 1179 ὑποποιούμενος,
2753 1111 2966 1173 τούτοις
2991 1111 3088 1180 μὲν
3123 1109 3283 1178 μέχρι
3318 1110 3413 1160 καὶ
3444 1106 3620 1158 Μιτυ-

2029 1203 2307 1273 λήνηςτδν
2327 1203 2497 1256 πλοῦν
2522 1203 2877 1273 περιώριζεν,
2899 1203 3138 1263 ἐκείνους
3159 1201 3216 1252 δὲ
3240 1199 3618 1268 παρακατεῖχε

2029 1296 2128 1350 καὶ
2158 1295 2464 1365 προφάσεις
2516 1295 2815 1349 ἐπλάττετο
2850 1295 2946 1348 καλ⁵
2997 1294 3170 1352 ἄλλας
3209 1292 3332 1361 μὲν,
3385 1292 3526 1350 τέως
3563 1289 3622 1339 δέ

2031 1405 2096 1456 γε
2129 1389 2230 1458 τὴν
2261 1387 2511 1458 ἔκδηλον,
2567 1390 2644 1452 ὡς
2678 1387 3024 1450 ἁκαθέκτους
3071 1387 3233 1448 ὄντας
3281 1384 3340 1436 οὑ
3391 1381 3619 1436 δύναται

2028 1481 2374 1550 καθυπάγειν
2407 1483 2489 1543 είς
2518 1482 2580 1534 τὸ
2621 1483 2826 1534 οἰκεῖον
2855 1481 3095 1550 Θέλημα,
3137 1479 3234 1532 καὶ
3265 1475 3442 1530 ταῦτα
3479 1473 3617 1544 μηδὲ

2028 1576 2153 1636 ταῖς
2203 1573 2726 1642 κεχρεωστημέναις
2793 1571 3184 1641 μισθοφορίαις
3228 1567 3618 1627 ἱκανωοέντας.

2042 1665 2390 1718 ’Υπεποιείτο
2424 1664 2482 1716 δὲ
2530 1667 2626 1718 καὶ
2681 1663 2781 1733 τὴν
2812 1664 2923 1716 τῶν
2958 1663 3156 1717 ἑκατὸν
3215 1662 3470 1732 χιλιάδων
3523 1659 3620 1712 τοῦ

2031 1755 2180 1808 σίτου
2229 1756 2580 1825 συναγωγήν.
2617 1758 2731 1808 Καὶ
2766 1755 2869 1808 ἀνὰ
2911 1754 3077 1823 μέρος
3115 1754 3215 1823 μὲν
3241 1754 3290 1804 οἱ
3329 1751 3425 1804 τοῦ
3461 1752 3619 1820 βασι·
3699 1801 3714 1813 ,

345 1843 485 1914 πρὸς
511 1842 740 1911 βασιλέα
773 1847 870 1897 καὶ
907 1849 1236 1916 τεχνιτεύων
1259 1851 1359 1913 τὰς
1404 1850 1728 1921 σκαιωρίας,
1771 1850 1928 1914 τέλος
1958 1815 2005 1875 Β
2031 1843 2170 1908 λέως
2202 1845 2436 1913 συνῆγον
2493 1847 2558 1896 ὲκ
2587 1845 2688 1914 τῆς
2721 1845 2906 1914 χώρας
2941 1846 3137 1914 ἐκείνῳ
3177 1844 3270 1896 τὸν
3316 1845 3486 1906 σῖτον,
3515 1842 3621 1895 ἀνὰ

343 1935 728 1989 ἀποσταλέντα
769 1937 866 1988 καλ⁸
911 1937 1067 2000 αὖθις
1113 1940 1182 1992 τὰ
1229 1939 1326 1994 τοῦ
1365 1943 1646 2010 Καίσαρος
1681 1941 1930 2011 σύμϐολα

347 2031 492 2083 κατὰ
535 2031 634 2102 τὴν
665 2033 884 2102 ἡμέραν
916 2036 1016 2104 τῆς
1047 2036 1141 2088 τοῦ
1175 2036 1331 2103 ἁγίου
1365 2037 1620 2108 Λαζάρου
1655 2037 1931 2108 ἐγέρσεως

344 2121 667 2175 ὑποδέδεται
707 2125 800 2175 καὶ
832 2125 1048 2195 Καῖσαρ
1086 2127 1410 2196 φημίζεται,
1442 2128 1660 2198 δέχεταί
1687 2146 1746 2181 τε
1781 2127 1932 2197 παρὰ

347 2213 617 2282 βασιλέως
657 2217 752 2266 καὶ
802 2217 1033 2285 χρυσίου
1067 2219 1385 2288 νομίσματα
1428 2219 1747 2290 χιλιοστύας
1778 2223 1930 2292 τρεῖς

346 2305 481 2375 πρὸς
514 2306 834 2376 τριάκοντα.
879 2308 1172 2364 Ξυνέκειτο
1209 2310 1266 2364 δὲ
1316 2313 1466 2379 σφίσι
1498 2311 1798 2382 λαμϐάνειν
1835 2313 1929 2366 καὶ

348 2396 498 2450 σίτου
546 2400 815 2461 τοπικοὺς
861 2401 1078 2468 μοδίους
1106 2403 1300 2456 ἑκατὸν
1331 2404 1598 2473 χιλιάδας,
1637 2406 1731 2458 καὶ
1766 2407 1928 2474 μέχρι

345 2489 440 2544 καὶ
483 2491 540 2554 ἐς
570 2493 724 2561 τρεῖς
772 2491 1022 2562 χιλιάδας
1059 2495 1321 2566 μαχίμων
1349 2495 1558 2565 ἀνδρῶν
1601 2514 1928 2566 παρακαταα

345 2670 474 2726 ﬁdei
509 2671 578 2737 ab
624 2671 732 2727 isto
788 2672 1137 2742 blasphemia
1191 2675 1410 2730 violatae
1451 2678 1742 2746 repetitam
1791 2679 1924 2732 sica

343 2763 582 2821 Numine
617 2767 883 2821 ultionem
921 2766 1118 2821 fuisset
1167 2767 1594 2838 interpretatus.
1651 2770 1926 2826 Postridie

345 2861 515 2930 igitur
575 2875 740 2915 mane
814 2859 1114 2915 confestim
1185 2863 1509 2917 concionem
1581 2862 1923 2930 frequentem

345 2956 605 3010 advocat.
633 2953 903 3020 Praecepit
939 2963 1122 3008 autem
1152 2969 1217 3008 eo
1249 2956 1302 3009 in
1335 2955 1538 3010 lectulo
1566 2957 1767 3012 deferri
1800 2973 1923 3011 eum

344 3047 438 3118 qui
474 3047 649 3117 pridie
687 3045 904 3116 pedem,
941 3054 1000 3099 ut
1033 3046 1240 3102 dictum
1284 3057 1388 3112 est,
1420 3048 1659 3118 fregerat
1687 3066 1700 3115 ;
1732 3065 1840 3118 quo
1869 3050 1922 3102 in

2038 1937 2204 2007 μέρος
2255 1937 2300 1989 δ’
2333 1940 2540 1999 ἐκεῖνος
2574 1937 2702 2000 τοὺς
2761 1937 2925 2000 ἰδίους
2983 1939 3220 2008 πέμπων
3273 1937 3524 2006 ἐξεφόρει
3559 1933 3622 1987 τὸ

2032 2031 2461 2102 εὑρισκόμενον,
2520 2033 2794 2100 προφάσει
2851 2033 2952 2100 μὲν
3007 2033 3081 2091 ὡς
3132 2029 3476 2098 ἐπιταχύνων
3521 2029 3621 2096 τὴν

2031 2123 2442 2186 ἀπανάστασιν,
2479 2124 2540 2176 τὸ
2563 2123 2606 2175 δ’
2633 2123 2838 2190 ἀληθὲς
2871 2124 2967 2177 καὶ
2993 2124 3020 2176 ὃ
3060 2122 3262 2193 μᾶλλον
3285 2122 3621 2184 κατενοεῖτο,

2032 2212 2134 2275 τὰς
2189 2213 2485 2280 ἐπιθυμίας
2543 2215 2838 2284 ἐμπιπλῶν
2893 2216 2987 2268 καὶ
3034 2213 3396 2284 καταφρονῶν
3439 2215 3499 2275 ὲς
3538 2214 3622 2266 ὅτι

2033 2305 2293 2376 μάλιστα.
2335 2305 2424 2358 Ἐν
2453 2307 2696 2377 τοσούτῳ
2726 2307 2785 2359 δὲ
2821 2307 2909 2359 ἵνα
2951 2307 3017 2377 δὴ
3061 2307 3157 2360 καὶ
3204 2306 3369 2359 πλέον
3395 2307 3488 2358 τὸν
3520 2305 3622 2376 βα-

2033 2399 2189 2452 σιλέα
2221 2400 2659 2471 ὑποποιήσηται,
2692 2401 2809 2469 ἅμα
2835 2400 2888 2452 δὲ
2919 2401 3011 2453 καὶ
3047 2400 3193 2454 κατά
3239 2415 3394 2462 τινας
3425 2399 3624 2467 ἐτέρας

2032 2494 2361 2564 προφάσεις,
2391 2495 2490 2564 τὴν
2544 2495 2644 2562 μὲν
2677 2493 2948 2562 πενθεράν
2995 2495 3090 2546 καὶ
3135 2493 3236 2563 τὴν
3277 2493 3513 2561 σύζυγον
3540 2489 3622 2562 τῷ

2031 2678 2302 2730 duntaxat
2350 2675 2681 2730 bellatorum
2735 2675 2961 2730 fortium
3015 2675 3187 2729 millia
3237 2691 3266 2729 e
3297 2675 3415 2730 suis
3448 2677 3625 2746 cepiis

2031 2776 2401 2828 retenturum,
2435 2781 2499 2819 ac
2552 2765 2798 2822 dimissis
2846 2765 3080 2835 reliquis
3117 2781 3242 2820 cutn
3283 2765 3397 2820 illis
3453 2766 3625 2834 traje-

2029 2870 2248 2914 cturunt
2297 2858 2349 2911 in
2401 2857 2706 2911 Orientem.
2739 2857 2957 2924 Quibus
3030 2857 3085 2910 in
3130 2857 3340 2912 cunctis
3389 2856 3629 2911 admini-

2028 2947 2273 3004 strandis
2302 2959 2595 3004 consuetas
2639 2948 2934 3003 adhibebat
2962 2949 3215 3013 astutias,
3269 2949 3435 3003 variis
3484 2963 3628 3018 pra:-

2031 3040 2278 3096 textibus
2313 3041 2573 3096 illudens.
2599 3040 2735 3111 Nam
2763 3057 2828 3095 ex
2862 3042 2971 3098 illis
3006 3057 3147 3110 quos
3179 3058 3239 3097 se
3267 3042 3628 3096 dimissurum

346 3142 530 3196 medio
561 3140 742 3210 posito
773 3155 908 3194 sane
938 3140 1158 3210 longam
1183 3151 1238 3194 et
1265 3141 1553 3195 verbosam
1587 3158 1617 3196 e
1643 3142 1925 3212 superiore
1951 3158 1996 3221 ρ
2031 3136 2389 3205 promiserat,
2425 3135 2628 3190 multos
2661 3134 2920 3205 Cyzicum
2957 3136 3130 3200 misit,
3170 3137 3371 3191 multos
3415 3136 3623 3205 Pegas;

346 3236 630 3304 Augustus
664 3233 786 3286 loco
839 3232 1036 3286 effudit
1090 3233 1424 3298 orationem,
1472 3235 1770 3303 exquisitis
1804 3250 1929 3289 eve-

347 3327 486 3380 hens
514 3324 809 3394 praeconiis
839 3339 1005 3393 quem
1029 3325 1250 3378 volebat
1281 3329 1696 3391 commendare,
1721 3328 1928 3382 abscis-

347 3431 441 3472 sos
477 3425 658 3468 autem
694 3414 762 3468 ab
801 3429 889 3477 eo,
930 3422 1024 3466 aut
1076 3418 1258 3483 potius
1284 3416 1333 3470 ei
1383 3416 1641 3485 privatim
1679 3418 1929 3473 inviden-

349 3517 454 3569 tes,
481 3507 624 3561 haud
659 3521 824 3576 parce
853 3507 1005 3560 omni
1037 3508 1332 3563 occasione
1363 3509 1684 3573 incursans,
1725 3509 1926 3564 frustra

349 3600 407 3656 id
463 3601 709 3670 quidem,
753 3607 1020 3669 quantum
1068 3599 1136 3654 ad
1181 3615 1277 3656 eos
1324 3600 1392 3654 de
1432 3603 1707 3656 sententia
1753 3602 1930 3659 dimo-

351 3692 561 3748 vendos
619 3691 909 3763 pertinuit.
945 3691 1096 3747 Adeo
1139 3691 1282 3746 enim
1313 3693 1578 3764 quidquid
1631 3695 1930 3765 imperator

353 3787 585 3850 diceret,
638 3784 848 3838 nullam
908 3782 1018 3836 vim
1086 3798 1279 3837 eormn
1335 3785 1550 3840 animos
1601 3784 1925 3840 immutandi

353 3877 568 3940 habuit,
589 3884 652 3931 ut
682 3884 877 3930 contra
915 3877 971 3930 in
1003 3875 1242 3946 antiquis
1274 3875 1542 3932 adversus
1562 3877 1928 3932 Athanasium

349 3969 576 4037 jndiciis
608 3978 662 4022 et
707 3969 851 4022 odiis
906 3968 1084 4036 magis
1119 3968 1404 4036 magisque
1443 3968 1925 4022 confirmarentur.

356 4061 419 4115 Et
449 4061 799 4130 patiebantur
851 4060 927 4114 illi
969 4059 1194 4128 quidem
1245 4059 1314 4113 ab
1363 4059 1670 4114 Athanasio
1736 4061 1929 4125 multa,

354 4152 528 4206 multo
571 4152 726 4221 plura
767 4159 821 4203 et
856 4150 1184 4220 gravissima
1219 4150 1464 4219 passuri,
1497 4151 1543 4204 si
1587 4151 1932 4219 permitteret

352 4263 477 4300 cum
529 4247 829 4313 imperator
881 4244 946 4296 ad
1007 4253 1314 4297 extremum
1352 4243 1638 4311 indulgere
1689 4243 1930 4313 maligno

353 4353 454 4391 suo
499 4337 681 4405 genio.
724 4335 1008 4389 lnhibebat
1045 4335 1191 4389 enim
1230 4335 1320 4388 ille
1364 4333 1593 4388 omnino
1622 4345 1678 4389 et
1714 4334 1786 4388 ab
1822 4334 1932 4388 illis

354 4429 600 4490 arcebat,
652 4427 854 4478 innatat
908 4422 1350 4478 mansuetudinis
1409 4421 1700 4482 instinctu,
1758 4434 1932 4474 saevos

2038 3247 2139 3286 nec
2185 3229 2459 3284 modicam
2522 3244 2713 3283 eorum
2773 3237 2983 3298 partem
3035 3229 3263 3299 Lopadii
3313 3230 3624 3284 collocavit.

2038 3323 2263 3377 interim
2295 3322 2414 3390 ipse
2447 3322 2846 3392 Mpyrigerium
2884 3323 3062 3390 palam
3097 3323 3417 3387 imperatori
3444 3322 3624 3377 rebel-

2039 3417 2146 3470 lem
2180 3415 2420 3480 fovebat,
2457 3424 2513 3469 et
2546 3429 2668 3468 cum
2691 3414 2861 3468 fratre
2882 3414 3052 3467 notho
3083 3413 3450 3467 'f‘heuderichi
3477 3411 3636 3488 ejus-I

2037 3525 2144 3580 que
2176 3509 2356 3563 classe
2389 3507 2618 3578 piratica
2650 3506 2922 3561 familiare
2947 3506 3336 3560 commercium
3365 3504 3626 3571 habebat,

2038 3602 2253 3658 idoneis
2277 3615 2371 3655 eos
2399 3601 2593 3655 oiIiciis
2616 3600 2908 3653 definiens.
2944 3600 3020 3653 Ac
3044 3599 3242 3653 Siculis
3267 3598 3486 3662 quidem
3514 3598 3626 3651 illis

2039 3699 2284 3768 spatium
2315 3696 2639 3752 incursandi
2667 3695 2838 3750 maris
2860 3710 3034 3764 usque
3058 3697 3123 3748 ad
3146 3693 3462 3764 Mytilenem
3486 3706 3626 3762 pra:-

2039 3788 2250 3844 finivit:
2292 3787 2593 3842 Catelaunos
2626 3795 2810 3840 autem
2842 3801 2984 3855 quos
3020 3784 3382 3838 dimissurum
3413 3796 3472 3835 se
3500 3795 3628 3850 pro-

2039 3883 2267 3936 miserat
2309 3889 2501 3934 contra
2541 3888 2697 3946 pacta
2734 3879 3005 3941 retinens,
3057 3878 3218 3932 fictas
3253 3875 3493 3946 perfidia}
3528 3891 3628 3930 ex-

2038 3973 2358 4046 cusationes
2400 3971 2759 4035 obtendebat,
2811 3987 2932 4024 cum
2972 3971 3128 4034 alias,
3178 3978 3293 4023 tum
3326 3969 3473 4022 illam
3512 3968 3626 4037 jam

2041 4064 2386 4127 tralatitiam,
2428 4063 2571 4116 haud
2603 4077 2763 4130 posse
2797 4077 2856 4116 se
2887 4062 3106 4130 adigere
3133 4076 3244 4129 quo
3279 4071 3502 4129 cuperet
3532 4060 3631 4114 ho-

2041 4158 2219 4211 mines
2257 4157 2536 4218 infrtenes,
2573 4157 2666 4224 qui
2705 4156 3002 4222 praesertim
3047 4154 3234 4207 debita
3269 4154 3478 4207 dudum
3524 4153 3627 4206 sibi

2041 4263 2143 4305 nec
2215 4249 2396 4302 adhuc
2461 4253 2852 4314 repraesentata
2906 4245 3184 4314 stipendia
3252 4253 3625 4311 reposcerent.

2040 4340 2154 4395 Nec
2189 4340 2539 4407 temperabat
2582 4338 2714 4405 quin
2749 4336 3042 4391 fraudandi
3089 4338 3440 4392 occasionem
3484 4336 3629 4389 arri-

2042 4443 2194 4506 peret
2227 4450 2295 4488 ex
2336 4433 2603 4502 imperata
2648 4432 2717 4487 de
2751 4447 2855 4500 qua
2899 4432 3143 4486 diximus
3191 4430 3630 4502 comportatione

355 4520 612 4588 ferosque
637 4515 1044 4570 imminentium
1079 4516 1147 4569 iis
1196 4514 1494 4584 perdendis
1525 4512 1933 4570 Athanasianov-
1965 4515 2007 4569 ι)
2041 4527 2323 4585 frumenti,
2361 4525 2464 4594 ipsi
2513 4524 2667 4593 prius
2706 4539 2872 4593 quam
2920 4525 3306 4578 transfretaret
3349 4525 3405 4577 in
3440 4523 3625 4576 Asiam

357 4625 478 4666 rum
504 4611 766 4680 impetus.

673 4748 767 4806 22.
801 4747 1130 4804 Acclamatio
1176 4746 1406 4802 Ca'sart's
1461 4745 1615 4802 Itali.

428 4884 578 4938 inter
598 4882 716 4937 bmc
739 4882 785 4935 is
803 4881 893 4950 qui
920 4895 1149 4949 magnus
1175 4881 1282 4934 dux
1311 4879 1507 4945 fuerat,
1528 4879 1691 4935 Italus
1723 4881 1939 4949 quidem

357 4990 582 5045 genere,
618 4973 712 5028 sed
743 4973 903 5042 522
935 4973 1028 5042 qui
1057 4971 1242 5040 generi
1274 4973 1638 5041 appellatione
1667 4973 1736 5026 ab
1769 4973 1938 5041 impe-

360 5081 548 5123 ratore
587 5067 984 5130 ltonorahatur,
1017 5067 1239 5121 mittens
1275 5066 1507 5120 subinde
1535 5065 1600 5118 ad
1635 5066 1940 5134 Augustum

359 5175 416 5215 et
443 5159 700 5213 fraudum
739 5158 888 5212 illum
935 5173 1162 5214 suarum
1206 5156 1455 5213 artificiis
1496 5158 1805 5226 implicans,
1847 5158 1942 5211 de-

363 5255 532 5322 nique
565 5267 759 5307 rursus
786 5254 855 5308 ab
887 5267 953 5308 eo
993 5254 1159 5307 missa
1191 5253 1454 5306 Caesarea:
1477 5251 1764 5323 dignitatis
1801 5251 1940 5306 insi-o

362 5345 512 5411 gnia,
541 5342 630 5398 die
657 5359 764 5413 qua
806 5343 997 5398 Lazari
1028 5343 1366 5399 resurreCtio
1395 5344 1728 5406 celebratur,
1760 5343 1942 5397 induit

361 5445 417 5489 et
448 5433 636 5489 Caesar
661 5435 1018 5488 acclamatur.
1047 5434 1272 5503 Accepit
1293 5444 1474 5490 autem
1507 5436 1575 5491 ab
1613 5436 1942 5502 imperatore

367 5527 473 5580 tria
506 5537 562 5580 et
595 5527 833 5596 triginta
856 5541 1208 5580 nummorum
1242 5541 1533 5583 aureorum
1570 5527 1764 5582 millia.
1798 5526 1940 5581 Con-

367 5626 709 5688 veneratque
759 5619 902 5673 inter
946 5619 1070 5674 illos
1104 5621 1366 5674 tradenda
1409 5629 1674 5687 praeterea
1715 5621 1791 5674 illi
1827 5619 1943 5674 fore

367 5711 675 5765 modiorum
724 5713 982 5767 frumenti
1038 5728 1311 5770 mensum
1364 5714 1503 5771 locis
1554 5716 1661 5770 illis
1726 5717 1942 5769 usitatae

369 5810 595 5859 centum
653 5803 842 5860 millia.
896 5805 1018 5874 Ipse
1073 5815 1254 5860 autem
1306 5809 1674 5879 spoponderat
1731 5808 1828 5862 tria
1883 5825 1941 5862 se

2045 4615 2406 4671 admetiendi.
2440 4613 2519 4670 Ne
2546 4617 2694 4670 enim
2741 4631 2980 4685 unquam
3029 4618 3367 4673 constitutus
3417 4616 3630 4671 modio-

2044 4725 2164 4764 rum
2192 4723 2459 4763 numerus
2478 4709 2634 4777 plene
2653 4717 2842 4776 posset
2859 4709 3082 4772 confici,
3107 4720 3165 4762 ut
3187 4724 3461 4779 quamque
3485 4709 3630 4763 illius

2043 4809 2250 4869 partem
2284 4800 2419 4869 regii
2455 4800 2692 4854 ministri
2725 4800 2964 4855 conferri
3001 4802 3180 4853 locum
3221 4801 3275 4853 in
3307 4799 3468 4869 523
3490 4814 3628 4868 pra--

2043 4893 2310 4959 scriptum
2359 4899 2690 4946 curaverant
2745 4906 2777 4944 e
2831 4891 2998 4945 variis
3050 4891 3366 4959 regionibus
3417 4901 3630 4945 tractus

2043 4982 2297 5047 Occidui,
2325 4997 2446 5036 eam
2478 4981 2664 5035 statim
2705 4995 2800 5050 per
2832 4997 2863 5035 a
2904 4997 2964 5035 se
3003 4983 3206 5036 missos
3231 4982 3462 5052 jubebat
3510 4982 3630 5038 tolli

2045 5073 2439 5145 exportarique
2498 5083 2764 5143 praitextu
2834 5075 3212 5129 accelerandze
3277 5075 3630 5143 migrationis

2046 5166 2294 5234 Augusto
2315 5174 2585 5234 exoptata:
2602 5165 3014 5232 Catelanorum,
3035 5182 3227 5222 revera
3245 5179 3453 5233 autem,
3479 5169 3628 5238 quod

2050 5259 2185 5313 satis
2209 5257 2356 5312 clare
2385 5256 2699 5326 pellucebat
2723 5260 2914 5328 peritis
2940 5275 3147 5326 rerum,
3172 5260 3486 5330 inexplebili
3518 5279 3629 5316 suae

2048 5348 2334 5417 indulgens
2359 5348 2648 5416 cupiditati
2681 5361 2736 5404 et
2775 5349 3083 5405 Romanum
3125 5353 3416 5422 imperium
3457 5355 3630 5408 licen-

2049 5438 2262 5493 tissime
2288 5438 2597 5494 ludificans.
2642 5438 2756 5494 Sub
2787 5442 2924 5506 haec,
2962 5451 3021 5496 ut
3056 5445 3443 5512 imperatorem
3475 5454 3628 5500 tanto

2048 5531 2416 5599 adstringeret
2447 5533 2644 5597 artius,
2691 5545 2854 5602 prout
2897 5537 2945 5589 ei
2987 5547 3104 5590 erat
3147 5544 3516 5606 opportunum
3556 5539 3626 5593 ad

2045 5625 2230 5679 varios
2250 5625 2539 5693 quospiam
2564 5628 2944 5694 perplexarqu
2972 5629 3441 5682 machinationum
3467 5629 3626 5698 fines,

2045 5732 2266 5771 socrum
2301 5731 2457 5770 suam
2493 5725 2549 5772 et
2583 5733 2706 5773 cum
2757 5734 2820 5773 ea
2855 5734 3081 5774 uxorem
3118 5719 3399 5790 gravidam
3433 5721 3486 5773 in
3529 5737 3626 5775 ur-

2045 5810 2166 5864 bem
2196 5809 2262 5864 ad
2301 5809 2687 5879 imperatorem
2714 5825 2773 5868 sc
2801 5812 3054 5869 conferre
3087 5812 3263 5883 jubet,
3297 5812 3626 5884 allegaturas
