4046 6436
407 331 516 398 1375

1605 340 1929 403 GEORGII
1969 345 2449 408 PACHYMERAE

3571 353 3674 417 576

403 445 719 520 ἐγγαστρέῳ
749 446 1098 517 βαρουμὲνην
1133 449 1316 517 φορ-τῳ
1370 449 1580 518 πέμπει
1630 453 1774 505 κατά
1836 454 1993 506 πόλιν
2024 466 2066 517 Α
2100 459 2417 526 πρόσταξιν,
2469 459 2564 512 καὶ
2619 457 2806 529 κύκλῳ
2838 458 3195 530 περισχόντες
3251 459 3344 514 τὸν
3396 463 3562 517 τόπον
3591 466 3676 532 ἐφ’

403 539 544 606 πρὸς
571 539 662 590 τὸν
693 540 1020 607 κρατοῦνται,
1076 541 1401 610 περιαργῶν
1447 543 1547 610 τὴν
1597 541 1990 612 διαπεραίωσιν

403 631 467 680 ἐκ
499 628 585 699 ΙΡ.
616 631 742 702 ⁸564]
780 633 1130 701 προφάσεως,
1151 634 1225 696 ὼς
1256 636 1306 686 εί
1339 634 1413 702 μὴ
1444 635 1798 688 ἐπανέλθοιεν
1828 631 1990 689 αὗται

403 719 788 793 ὲξηνυσμένων
849 727 947 778 καὶ
1000 725 1109 778 τῶν
1164 725 1588 796 ἀπαιτουμένων
1614 765 1630 789 ,
1683 728 1794 780 οὐδ’
1848 727 1988 790 ὅλως

403 813 762 884 περαιωθησό
769 833 952 884 μενος.

402 925 510 994 κγ’.
540 929 744 997 Ὅπως
774 929 1012 998 ἀπῆλθε
1045 931 1196 1003 πρὸς
1223 931 1492 996 βασιλέα
1517 935 1760 1003 Μιχαὴλ
1794 936 1828 988 ό
1849 933 1986 988 Kai-

795 1018 936 1070 σαρ,
962 1004 1060 1056 καὶ
1087 1001 1160 1054 τὰ
1193 1004 1322 1055 κατ’
1350 1003 1609 1056 ἐκείνου.

470 1090 644 1154 Λὺτὺς
671 1092 737 1145 δὲ
773 1093 1229 1163 συμπαραλαϐὼν
1255 1088 1335 1155 οἷς
1363 1095 1458 1147 καὶ
1493 1095 1696 1162 μᾶλλον
1725 1097 1948 1166 sospes:
1970 1138 1987 1162 ,

401 1194 571 1235 ποσου
581 1185 774 1253 μένους
797 1185 927 1252 περί
955 1203 1057 1238 που
1091 1189 1218 1248 τοὺς
1251 1186 1448 1240 ἑκατὸν
1475 1190 1568 1241 καὶ
1607 1190 1949 1260 πεντήκοντα
1971 1232 1988 1257 ,

402 1273 547 1342 ἔγνω
579 1277 716 1346 πρὸς
753 1277 979 1346 βασιλέα
1008 1277 1233 1348 Μιχαὴλ
1264 1280 1406 1332 κατὰ
1432 1281 1533 1348 τὴν
1566 1281 1845 1350 Ἀδριανοῦ
1875 1284 1992 1337 διά-

401 1381 572 1432 γοντα
619 1368 900 1433 ἀπελθεῖν,
956 1371 1230 1440 προφάσει
1270 1371 1371 1441 μὲν
1421 1377 1514 1426 καὶ
1559 1373 1639 1441 τῷ
1673 1377 1988 1446 φαινομένῳ

401 1456 479 1518 ὡς
516 1461 912 1528 προσκυνήσων
945 1462 1039 1512 καὶ
1077 1461 1291 1530 βλέψων
1343 1461 1403 1515 ὃν
1450 1465 1508 1526 ἐς
1550 1465 1668 1518 τόδε
1694 1465 1794 1520 οὑκ
1822 1464 1988 1533 εῐδεν,

400 1549 484 1601 ἔτι
514 1548 570 1602 δέ
608 1567 694 1618 γε,
731 1551 824 1604 καὶ
850 1552 925 1613 ὡς
964 1550 1139 1620 ἔλεγε,
1190 1553 1592 1623 συνταξάμενος
1626 1559 1842 1624 μέλλων
1873 1561 1990 1614 διαο

401 1647 600 1715 περᾷν,
622 1645 701 1716 τῷ
726 1646 782 1699 δέ
806 1661 871 1707 γε
907 1647 1222 1718 βαθυτέρῳ,
1255 1651 1352 1703 καὶ
1381 1651 1468 1719 ἐφ’
1492 1647 1576 1714 οἷς
1607 1654 1985 1720 ὑπωπτεύετο,

400 1738 844 1806 κατασκοπήσων
868 1737 932 1789 τὸ
959 1739 1086 1809 περὶ
1114 1739 1206 1792 τὸν
1241 1739 1474 1809 βασιλέα
1509 1741 1851 1812 στράτευμα.
1873 1744 1987 1798 Καὶ

2093 547 2330 614 ἡμέραις
2361 549 2906 619 ἐστρατοπεδεύοντο,
2930 551 3026 603 τοῦ
3053 551 3152 619 μὲν
3177 552 3510 622 προσϐαλεῖν
3541 555 3671 608 Ἰταο

2092 635 2206 696 λοῖς
2233 638 2626 706 ἀποσχόμενοι,
2661 639 2872 693 ἔννοιαν
2914 640 2972 693 δὲ
3002 641 3238 704 διδόντες
3277 644 3353 702 ὼς
3387 644 3699 713 ἐπιθήσονο-

2090 743 2182 782 ται
2231 732 2486 795 φανεροῖς
2546 734 2628 792 είς
2680 732 3024 784 ἀποστασίαν
3063 735 3427 797 καταστᾶσιν,
3482 736 3558 800 ὡς
3611 740 3674 790 ἐκ

2093 818 2306 873 πολλῶν
2331 818 2833 876 ὑπωπτεύετο.Ἦν
2868 823 3050 876 τοίνυν
3093 823 3346 876 ἐντεῦθεν
3371 827 3468 879 καὶ
3501 843 3674 879 κατα-

2094 913 2414 982 σκοπήσεως
2440 914 2669 984 ὑποψία,
2704 914 2780 978 ὡς
2830 916 3071 985 εἴρηται,
3120 915 3354 970 αὐτόθεν
3407 919 3673 984 ἀφικνου-

2093 1002 2265 1072 μένῳ,
2289 1004 2372 1058 ὅτι
2402 1022 2467 1072 γε
2498 1007 2593 1060 καὶ
2633 1007 2852 1075 ἑκάστῳ
2875 1008 2984 1060 τῶν
3010 1009 3154 1062 κατά
3184 1009 3338 1062 δύσιν
3371 1013 3671 1079 φρουρίων,

2091 1086 2172 1155 οἷς
2200 1095 2483 1165 ἐπισταίη,
2509 1095 2671 1158 ἰδίους
2701 1098 2766 1148 ἐκ
2792 1097 3117 1150 Κατελάνων
3136 1097 3414 1167 ἁρμοστὰς
3438 1097 3671 1169 καθίστη

2091 1188 2185 1237 καὶ
2217 1185 2487 1252 φύλακας.
2521 1187 2928 1256 Βοηδρομιῶνος
2964 1187 3257 1257 τοιγαροῦν
3281 1187 3444 1255 ὀγδόη
3476 1189 3672 1260 λήγον-

2091 1293 2182 1339 τος
2224 1272 2314 1348 ἦν,
2348 1280 2444 1331 καὶ
2467 1279 2768 1346 ἠγγέλλετο
2796 1279 2874 1348 τῷ
2926 1279 3222 1347 κρατοῦντι
3253 1281 3476 1350 Μιχαὴλ
3502 1282 3535 1350 ἡ
3573 1283 3672 1334 τοῦ

2093 1362 2369 1434 Καίσαρος
2399 1366 2585 1433 ἄφιξις
2642 1368 2748 1421 ἀνὰ
2800 1368 2898 1438 τὴν
2944 1368 3112 1432 δεῖξιν
3158 1370 3276 1438 ἅμα
3320 1370 3399 1439 τῷ
3453 1371 3674 1440 στρατῷ

2089 1455 2353 1522 διάγοντι.
2396 1459 2687 1527 Ἀγγελθὲν
2723 1459 2780 1512 δὲ
2809 1460 2967 1514 τοῦτο
3002 1462 3153 1531 παρὰ
3172 1461 3268 1514 τοῦ
3300 1464 3667 1529 γυναικαδέλο

2092 1566 2197 1616 cson
2226 1549 2312 1620 [P.
2339 1551 2470 1622 565]
2500 1553 2714 1605 ἐκείνου
2757 1553 2924 1606 ’Δσὰν
2959 1553 3144 1623 θαῦμα
3187 1550 3277 1624 ἦν·
3320 1557 3412 1607 καὶ
3449 1555 3676 1625 πέμψας

2090 1640 2118 1691 ό
2157 1640 2408 1710 βασιλεὺς
2443 1644 2779 1697 ἐπυνθάνετο
2815 1645 2931 1708 πῶς
2962 1645 3026 1698 ἂν
3053 1647 3146 1698 καὶ
3178 1647 3547 1714 παραγένοιτο
3570 1690 3583 1712 ,
3621 1649 3682 1700 si;

2090 1729 2307 1798 ὁρισθὲν
2351 1730 2505 1800 αὑτῷ
2533 1733 2686 1801 παρά
2725 1731 2818 1784 τοῦ
2864 1732 3134 1800 βασιλέως
3167 1750 3226 1784 τε
3258 1735 3349 1786 καὶ
3380 1736 3612 1804 πατρὸς,
3637 1737 3674 1807 ἢ

398 1828 509 1897 γὰρ
535 1827 644 1880 οὐδ’
684 1830 882 1880 ἐκεῖνοι
929 1832 1066 1898 πρὸς
1110 1830 1208 1893 τὰς
1239 1832 1425 1891 αὑτῶν
1473 1833 1812 1898 ἀτασθαλίας
1855 1835 1988 1906 ἦρέ·
2019 1813 2058 1866 Β
2087 1822 2253 1884 αὐτὸς
2300 1821 2398 1875 καὶ
2432 1821 2660 1894 γνώμης
2700 1819 2866 1894 ἦλθεν
2916 1824 3262 1888 “1005705;-
3312 1827 3418 1878 Καὶ
3465 1826 3525 1888 δῖ
3572 1829 3674 1897 τὴν

402 1934 559 1985 μουν,
594 1919 713 1972 ἀλλ’
747 1920 1107 1983 ὑπονοοῦντες
1155 1923 1256 1992 τὴν
1304 1924 1587 1986 ἀπιστίαν,
1627 1925 1726 1978 καὶ
1786 1925 1988 1993 μᾶλλον

398 2006 617 2064 Ἀλανοὶ
652 2013 749 2065 καὶ
785 2012 848 2065 τὺ
882 2015 947 2066 ὲκ
977 2013 1214 2067 παλαιοῦ
1251 2016 1546 2086 Περσικὸν,
1573 2015 1669 2080 οὓς
1693 2019 1788 2071 καὶ
1811 2018 1988 2086 Τουρ-

398 2102 703 2164 κοπούλους
725 2102 1032 2171 ὠνόμαζον,
1064 2106 1115 2157 oi
1156 2105 1257 2173 μὶν
1286 2108 1416 2176 περὶ
1439 2107 1532 2160 τὸν
1557 2109 1622 2161 ὲκ
1651 2108 1987 2178 Βουλγάρων

399 2187 665 2247 Βοσσίλαν
688 2196 939 2258 καὶτοὺς
971 2197 1208 2258 οἰκείους
1247 2200 1624 2270 κοσμήτορας,
1657 2201 1720 2253 τὸ
1748 2200 1806 2254 δὲ
1856 2203 1989 2254 Ῥω-

401 2287 601 2353 μαϊκὸν
636 2289 764 2357 περὶ
789 2288 880 2341 τὸν
915 2289 1094 2358 μέγαν
1131 2294 1496 2361 πριμικήριον
1541 2291 1636 2345 τὸν
1671 2294 1987 2347 Κασσιανὸν

399 2377 612 2430 καὶτὸν
643 2379 856 2432 Δούκαν
887 2381 982 2433 καὶ
1013 2381 1188 2449 μέγαν
1212 2381 1604 2454 ἑταιρειάρχην
1638 2385 1986 2456 ταττόμενοι,

396 2470 466 2521 τὰ
484 2469 585 2539 τῆς
607 2471 954 2537 Μακεδονίας
968 2489 1028 2528 τε
1049 2474 1222 2545 ὀχυρά
1243 2475 1608 2546 διελάμϐανον
1631 2481 1987 2534 ἀπαναστάν-

398 2574 510 2615 των
538 2565 648 2618 τῶν
676 2565 985 2638 οἰκητόρων
1020 2567 1164 2621 κατὰ
1190 2568 1480 2641 βασιλικὴν
1501 2571 1591 2625 διὰ
1616 2573 1708 2624 τὸν
1736 2572 1986 2628 κίνδυνον

395 2749 472 2815 ei,
497 2748 700 2820 quibus
735 2751 948 2807 scilicet
981 2753 1187 2809 invitus
1217 2772 1246 2809 a
1279 2757 1695 2814 transfretando
1728 2761 1989 2829 prohibe-

395 2851 567 2906 retur,
617 2857 820 2900 causas
867 2845 1217 2915 plausibiles,
1262 2865 1290 2902 a
1327 2853 1674 2907 contumacia
1724 2870 1986 2911 recusan-

395 2935 535 2988 tium
591 2936 643 2990 Id
697 2936 879 2993 facere
927 2940 1160 2994 militum
1211 2943 1426 3009 ductas,
1480 2945 1765 3014 professus
1817 2949 1982 3004 etiam

394 3029 812 3083 discedentibus
834 3032 1105 3088 matronis
1138 3033 1284 3087 baud
1311 3050 1371 3090 se
1399 3051 1621 3105 sperare
1643 3040 1795 3108 prius
1823 3057 1984 3112 posse

395 3120 735 3187 persuadere
789 3121 1069 3176 Catelanis
1119 3125 1437 3191 trajectum,
1472 3128 1557 3182 vel
1613 3145 1740 3183 cum
1787 3133 1876 3193 iis.
1925 3142 1985 3187 ut

391 3211 618 3281 iubebat
650 3215 958 3282 Augustus,
1006 3218 1060 3270 in
1104 3219 1288 3273 Asiam
1324 3237 1563 3291 unquam
1614 3227 1977 3283 transmissu-

394 3322 516 3359 rum
546 3323 690 3368 Sese.
720 3309 825 3363 nisi
859 3325 1092 3366 reversae
1126 3312 1408 3368 confectas
1447 3317 1874 3388 impetratasque
1908 3324 1980 3376 ab

394 3399 726 3468 imperatore
748 3401 1024 3457 referrent
1046 3404 1280 3459 militum
1306 3407 1601 3475 petitiones
1617 3421 1671 3463 et
1690 3413 1977 3480 pecuniam

393 3492 550 3560 plene
581 3494 865 3550 solvendis
888 3495 1242 3553 sulfecturam
1276 3501 1567 3571 stipendiis
1595 3506 1809 3560 cunctis
1834 3517 1981 3563 retro

393 3585 612 3639 debitis.

357 3698 485 3753 25.
527 3697 594 3752 Ut
615 3700 807 3754 adierit
831 3700 1476 3786 Michaelentdugustum
1526 3707 1732 3772 Caesar,
1769 3717 1817 3762 et
1851 3709 1980 3779 quid

749 3788 808 3824 eo
829 3787 1108 3840 congressu
1141 3785 1280 3829 inter
1307 3792 1394 3830 eos
1421 3787 1625 3831 (totum.

466 3857 589 3926 Ipse
638 3870 822 3914 autem
857 3877 1084 3915 sumens
1131 3877 1320 3917 secum
1357 3865 1638 3918 cohortem
1675 3865 1976 3921 amicorqu

392 3951 600 4018 quibus
641 3952 880 4007 maxime
918 3953 1143 4018 ﬁdebat,
1171 3969 1406 4010 numero
1437 3956 1661 4011 circiter
1698 3958 1978 4026 quinqua-

391 4041 544 4110 ginta
599 4059 764 4111 supra
833 4053 1076 4108 centum,
1149 4046 1394 4101 decrevit
1452 4046 1518 4099 ad
1588 4048 1976 4116 imperatorem

397 4132 716 4187 Micbaclem
749 4135 1103 4203 AdrianOpoli
1138 4138 1428 4205 degentem
1465 4137 1763 4205 proﬁcisci,
1796 4139 1982 4208 specie

393 4223 556 4290 quasi
589 4234 954 4280 veneraturus
980 4236 1036 4279 et
1071 4225 1288 4279 visurus
1316 4225 1621 4295 principem
1649 4241 1811 4296 quem
1845 4245 1981 4284 non-

393 4317 526 4370 dum
556 4318 790 4381 viderat,
833 4329 1208 4388 praetereaque
1234 4321 1354 4374 vale
1383 4319 1486 4388 ipsi
1519 4320 1793 4386 dicturus,
1826 4331 1980 4380 stans

396 4410 544 4462 velut
573 4411 626 4464 in
666 4414 952 4480 procinctu
980 4410 1417 4465 transmissionis
1443 4411 1498 4464 in
1539 4409 1824 4466 adversam
1849 4428 1982 4467 con-

2090 1912 2227 1983 πρὸς
2287 1915 2453 1968 αὑτὸν
2518 1915 2620 1985 μὲν
2684 1915 2933 1968 δουλείαν
2991 1915 3394 1985 καθωμολόγει,
3449 1918 3544 1970 καὶ
3595 1920 3672 1982 ὡς

2089 2008 2491 2076 προσκυνήσων
2548 2009 2838 2079 πάρεστιν,
2877 2009 2991 2078 ἅμα
3040 2009 3099 2062 δέ
3147 2026 3210 2076 γε
3245 2011 3340 2062 καὶ
3379 2010 3521 2064 κατὰ
3570 2011 3671 2079 τὴν

2088 2101 2463 2170 προκειμένην
2487 2101 2607 2154 ὁδὸν
2648 2102 2748 2172 τὴν
2794 2102 2882 2154 ἐπ’
2911 2101 3177 2169 ἀνατολῆς
3227 2102 3378 2170 αὑτῷ
3411 2103 3674 2165 συνταξό-

2090 2203 2273 2256 μενος.
2307 2189 2369 2242 '0
2415 2189 2460 2242 δ’
2498 2188 2651 2252 αὖθις
2697 2191 3018 2260 ἀντέπεμπε
3067 2191 3158 2243 καὶ
3181 2190 3361 2257 λόγοις
3398 2190 3670 2255 ἐδεξιοῦτο

2089 2277 2457 2346 προσήκουσι.
2509 2278 2720 2344 Τετράς
2770 2274 2838 2349 ἦν
2870 2281 2971 2350 τῆς
3019 2279 3113 2332 τοῦ
3148 2279 3324 2348 Θωμᾶ
3368 2279 3670 2349 λεγομένης

2087 2367 2398 2437 ἑϐδομάδος,
2432 2368 2529 2422 καὶ
2558 2370 2657 2440 τὴν
2697 2371 2939 2440 ἑσπέραν
2978 2370 3198 2434 ἀνέσας,
3234 2370 3449 2439 βασιλεῖ
3482 2367 3670 2439 φανεὶς

2087 2458 2180 2510 καὶ
2204 2459 2626 2530 φιλοφρονηθεὶς
2643 2459 2719 2522 ὡς
2736 2459 2883 2522 εἰκὸς
2899 2461 3066 2524 ἀξίως
3086 2461 3394 2530 βασιλικαῖς
3416 2463 3670 2526 ὁμεστιά-

2089 2571 2229 2623 σεσι,
2259 2555 2358 2627 τὴν
2416 2559 2533 2626 μετ’
2579 2557 2751 2628 αὑτὴν
2793 2556 3013 2627 ἡμέραν
3069 2559 3288 2626 σύναμα
3322 2555 3534 2625 βασιλεῖ
3573 2556 3670 2626 τὴν
3746 2576 3750 2579 ·

2087 2736 2444 2804 sicorumque
2491 2732 2680 2789 itidem
2735 2740 2982 2788 veterum
3038 2732 3141 2786 sub
3181 2732 3358 2802 signis
3409 2733 3668 2789 Romanis

2087 2829 2368 2895 ordinum,
2395 2828 2486 2898 qui
2516 2828 2954 2896 Turcopulorum
2981 2827 3432 2880 nominabantur.
3461 2826 3664 2881 llorum

2087 2921 2418 2994 quibusdam
2468 2933 2701 2992 praeerat
2743 2922 3018 2975 oriundus
3055 2938 3085 2976 e
3118 2921 3367 2992 Bulgaris
3401 2920 3667 2978 Bussilas.

2087 3016 2197 3068 Alii
2238 3015 2514 3084 prazfectis
2547 3029 2576 3069 e
2622 3029 2720 3068 sua
2755 3023 2919 3083 gente
2958 3015 3061 3068 sibi
3111 3014 3348 3082 propriis
3378 3017 3667 3083 parebant.

2090 3110 2352 3165 Romanae
2398 3127 2527 3165 vero
2578 3111 2842 3179 legiones,
2893 3124 3029 3177 quas
3085 3111 3384 3162 ductabant
3438 3121 3670 3177 magnus

2087 3205 2434 3274 primicerius
2453 3203 2752 3258 Cassianus
2768 3210 2822 3254 et
2840 3215 3066 3269 magnus
3086 3199 3439 3254 betwriarcba
3468 3200 3668 3265 Ducas,

2086 3297 2382 3350 munitiora
2411 3296 2518 3348 situ
2549 3293 2880 3348 Macedonia:
2929 3302 3472 3362 pramccupaverant,
3500 3293 3663 3362 jussu

2084 3388 2320 3456 Augusti
2357 3387 2482 3455 fuga
2528 3385 2836 3440 incolarum
2885 3385 2955 3438 ob
2984 3392 3189 3438 metum
3224 3385 3484 3437 instantis
3518 3387 3667 3452 peri-

2086 3481 2194 3534 culi
2239 3479 2479 3542 deserta,
2531 3485 2585 3532 et
2630 3478 2828 3532 castris
2887 3478 3096 3530 circum
3152 3476 3343 3548 positis
3403 3478 3669 3547 amplexae

2088 3573 2262 3628 locum
2303 3573 2478 3636 illum,
2527 3573 2727 3627 stativa
2766 3570 2840 3624 ibi
2880 3585 2910 3623 a
2953 3571 3144 3626 diebus
3177 3572 3289 3640 jam
3328 3569 3535 3640 aliquot
3569 3575 3670 3626 ba-

2088 3665 2312 3731 bebant,
2354 3665 2696 3720 abstinentes
2736 3665 2959 3736 quidem
3010 3681 3039 3719 a
3091 3668 3490 3722 committenda
3539 3685 3665 3724 cum

2088 3756 2238 3810 Italis
2269 3757 2476 3826 pra-lio,
2516 3773 2707 3812 ansam
2758 3769 2943 3811 autem
2979 3758 3091 3812 illis
3131 3757 3330 3814 dantes
3378 3761 3664 3829 opinandi.

2087 3848 2233 3904 haud
2259 3849 2566 3904 omissuros
2587 3866 2646 3905 se
2669 3851 2934 3919 impetum
2969 3852 3023 3905 in
3054 3853 3202 3922 ipsos
3244 3853 3443 3918 facere,
3478 3855 3663 3917 simul,

2087 3957 2250 4010 qnam
2291 3941 2658 3995 moliebantur
2686 3943 2954 4013 cujusque
2985 3945 3222 4010 suspecti
3258 3948 3454 3998 merito
3485 3960 3662 4011 eram,

2086 4033 2322 4088 defectio
2350 4034 2404 4088 in
2441 4033 2692 4088 effectum
2738 4037 3106 4105 prorupisset.
3137 4035 3262 4091 llaec
3289 4040 3666 4105 prudentiores

2089 4137 2403 4182 nostrorum
2438 4137 2749 4197 reputantes
2808 4143 2913 4183 non
2971 4129 3082 4182 fere
3131 4130 3481 4192 dubitabant,
3530 4136 3664 4199 quin

2089 4221 2407 4290 explorandi
2437 4222 2682 4274 animum
2713 4221 2820 4275 alio
2852 4222 3046 4277 fucatis
3079 4224 3406 4280 liettlzerius
3438 4227 3666 4281 obtentu

2087 4313 2254 4367 istum
2295 4312 2361 4366 ad
2389 4311 2704 4368 Michaelem
2742 4315 3047 4382 Angustum
3092 4331 3374 4370 accessum
3413 4317 3666 4372 aﬂ'ectas-

2087 4415 2188 4471 set,
2229 4407 2463 4459 maxime
2493 4422 2615 4460 cum
2648 4408 3075 4463 recordarentur
3114 4410 3279 4464 certis
3321 4427 3495 4480 nuper
3528 4428 3667 4466 nun-

393 4503 664 4557 tinentem
693 4520 707 4557 :
739 4503 920 4557 altiuri
981 4510 1189 4566 tamen,
1217 4502 1366 4569 quod
1417 4516 1642 4572 sagaces
1692 4514 1982 4571 suSpecta-
2012 4515 2058 4570 ι)
2089 4500 2182 4554 tiis
2227 4499 2500 4562 auditum,
2553 4515 2901 4570 quaecunque
2949 4501 3004 4555 in
3053 4501 3337 4557 Rontzerii
3383 4506 3669 4560 venissent

396 4593 550 4656 inant,
603 4595 671 4649 ad
722 4595 774 4648 id
826 4595 1098 4661 impulsus
1151 4593 1423 4658 consilio,
1479 4593 1738 4648 nimirum
1797 4607 1857 4648 ut
1905 4597 1988 4652 sic

397 4699 646 4752 praesens
694 4684 1010 4752 exploraret
1059 4683 1252 4752 quales
1299 4693 1486 4739 essent
1534 4691 1588 4740 et
1647 4700 1718 4739 an
1769 4696 1982 4741 tantum

399 4775 711 4830 metuendae
766 4775 1048 4829 Michaelis
1098 4774 1329 4845 Augusti
1387 4778 1574 4845 copia.
1632 4778 1785 4832 Haud
1836 4781 1982 4834 enim

399 4867 539 4922 adeo
573 4868 738 4923 bcbes
775 4876 896 4922 erat
923 4866 1256 4925 Rontzerius
1284 4879 1343 4924 ut
1378 4886 1606 4943 prorsus
1634 4890 1740 4928 non
1777 4876 1985 4930 intelli-

399 4969 576 5027 geret,
606 4961 751 5031 quod
789 4961 924 5017 satis
950 4963 1251 5028 eminebat,
1286 4964 1564 5021 infensum
1610 4968 1981 5038 infestumque

397 5055 502 5106 sibi
527 5068 591 5108 ac
621 5054 738 5109 suis
761 5053 1044 5111 Catelanis
1075 5055 1242 5111 istum
1279 5072 1403 5114 esse
1422 5061 1751 5122 exercitum,
1779 5061 1982 5132 quippe

398 5146 542 5199 fatua
583 5148 855 5202 irritatum
883 5149 1207 5204 immanium
1242 5150 1571 5221 injuriarum
1607 5169 1704 5224 per
1733 5171 1874 5223 quas
1902 5156 1979 5209 illi

397 5237 704 5303 Romanos,
745 5241 893 5294 cives
927 5241 1197 5309 ipsorum,
1241 5245 1373 5312 quin
1406 5254 1460 5299 et
1493 5246 1790 5316 plerosque
1815 5246 1982 5301 fami-

397 5331 563 5386 liares
581 5339 636 5386 et
663 5335 1120 5402 consanguineos,
1154 5335 1480 5393 avarissime
1524 5352 1589 5391 ac
1617 5340 1979 5394 contumelio-

395 5424 618 5480 sissime
665 5440 982 5483 vexassent.
1017 5429 1097 5483 Ad
1148 5430 1298 5483 hunc
1343 5429 1644 5484 ulciscendi
1700 5433 1976 5501 praeterita

395 5518 606 5572 scelera
662 5519 920 5587 impetum
971 5520 1370 5588 adjungebatur
1428 5536 1558 5574 cura
1614 5525 1978 5588 praevertendi

398 5611 639 5666 futuram
695 5613 1077 5677 rebellionem,
1114 5614 1272 5678 cujus
1310 5629 1432 5668 mox
1476 5623 1756 5684 erupturae
1810 5617 1978 5670 multa

397 5705 693 5760 exstabant
719 5705 922 5760 indicia
954 5720 1092 5774 pene
1114 5706 1428 5762 manifesta.
1469 5707 1634 5779 524
1662 5709 1725 5763 Et
1749 5710 1890 5763 hanc
1925 5711 1978 5764 in

403 5807 614 5864 partem
651 5797 972 5855 eminebant
1003 5798 1304 5854 Alanorum
1337 5801 1576 5856 maxime
1611 5799 1812 5868 studia,
1847 5801 1980 5857 Pcr-

2087 4600 2416 4661 potestatem
2463 4606 2620 4645 arces
2673 4599 2883 4646 tractus
2912 4593 3164 4659 Occidui,
3212 4595 3458 4649 studiose
3501 4597 3570 4650 ab
3599 4613 3668 4650 eo

2087 4683 2364 4737 Catelanis
2396 4683 2666 4751 praefectis
2698 4685 2870 4737 fuisse
2909 4691 3343 4748 connuendatas,
3383 4689 3668 4744 attributis

2086 4778 2287 4845 cuique
2335 4777 2400 4831 ad
2436 4793 2625 4831 earum
2663 4778 2887 4831 tutelam
2934 4779 3131 4834 validis
3167 4795 3232 4832 ex
3273 4781 3462 4834 eadem
3507 4793 3671 4852 gente

2087 4870 2380 4938 praesidiis.
2427 4873 2629 4925 Octava
2683 4870 2851 4940 igitur
2893 4885 3058 4940 supra
3107 4873 3428 4927 vicesimam
3482 4873 3668 4930 Martii

2091 4965 2296 5018 mensis
2347 4963 2468 5018 dies
2522 4961 2812 5027 illuxerat,
2865 4977 2989 5018 cum
3049 4962 3366 5032 imperamri
3414 4965 3668 5021 Michaeli

2086 5059 2380 5114 occasione
2422 5073 2626 5113 census
2673 5057 2928 5112 militaris
2977 5057 3124 5127 apud
3164 5059 3470 5114 exercitum
3523 5059 3670 5115 forte

2088 5162 2204 5206 tum
2253 5151 2494 5206 versanti
2538 5151 2778 5205 Caesaris
2829 5149 3102 5205 adventus
3151 5153 3220 5205 ab
3264 5152 3449 5206 Asanc
3496 5154 3669 5211 fratre

2083 5235 2400 5297 Caesarissre
2427 5241 2572 5296 illius
2601 5239 2853 5308 conjugis
2879 5241 3165 5294 nuntiatus
3201 5250 3310 5296 est.
3345 5244 3446 5297 ilic
3477 5245 3666 5298 statim

2083 5333 2317 5388 Michael
2375 5348 2470 5402 per
2517 5332 2720 5386 missos
2755 5329 3046 5395 _(‘.a:sarem
3101 5332 3484 5402 interrogavit,
3541 5351 3668 5402 cur,

2087 5442 2198 5498 quo
2223 5428 2430 5489 animo,
2474 5425 2635 5493 cujus
2666 5425 2904 5493 impulsu
2950 5424 3188 5486 veniret,
3219 5442 3288 5480 an
3319 5436 3515 5495 sponte
3549 5428 3671 5497 ipse

2089 5523 2154 5576 ad
2213 5520 2265 5574 id
2299 5520 2596 5576 consilium
2634 5519 2940 5587 appulisset
2987 5519 3274 5584 animmn;
3315 5528 3368 5572 et
3413 5521 3505 5588 qui
3560 5521 3669 5577 sibi

2088 5615 2417 5682 obsequium
2461 5614 2573 5682 jam
2624 5611 2731 5665 rite
2761 5609 3049 5679 professus
3094 5621 3262 5674 esset,
3305 5627 3375 5666 an
3421 5613 3668 5668 debitam

2088 5708 2438 5764 cxbibiturus
2490 5703 2896 5760 venerationem
2950 5703 3055 5759 sibi
3128 5719 3189 5759 se
3239 5706 3400 5760 vellet
3445 5708 3668 5769 sistere,

2089 5802 2318 5871 valeque
2353 5801 2602 5858 dicturus
2652 5799 2717 5854 ad
2770 5813 2893 5854 mox
2930 5799 3328 5869 capessendum
3381 5799 3486 5856 sibi
3530 5815 3674 5869 pra:—
