4046 6406
373 363 478 424 δη

1286 368 1384 427 DE
1425 361 1866 426 ANDRONICO
1907 363 2374 427 PAL/EOLOGO
2414 369 2556 429 LIB.
2590 370 2689 429 Vl.

3523 372 3636 434 573

382 483 660 552 Ἀδριανοῦ
702 485 918 540 εἴσεισι.
958 487 1176 557 Ταύτην
1219 485 1275 538 δὲ
1312 486 1402 536 καὶ
1442 483 1543 552 τὴν
1579 482 1696 550 μετ’
1727 481 1948 549 ἐκείνην
1977 491 2022 538 Α
2053 480 2350 548 ἐγείρεται,
2385 484 2472 553 [Ρ.
2503 484 2630 555 566]
2667 486 2760 538 καὶ
2796 484 2844 536 οἱ
2876 485 2970 536 ἀπ’
2995 484 3279 555 ἀνατολῆς,
3313 485 3386 547 ὡς
3432 489 3631 553 εἰπεῖν,

367 574 575 642 άγήλας
608 576 943 647 φιλοτησίαις
981 578 1145 630 αὐτὸν
1191 577 1447 647 βασιλεὺς
1501 573 1737 643 παρῄνει
1769 571 1841 625 τὰ
1864 573 1946 633 εἰς

367 669 700 735 προσήνειαν
743 668 1134 738 διοριζόμενος.
1182 669 1259 730 ὡς
1292 669 1457 738 μηδὲν
1483 667 1622 728 ὅλως
1660 666 1772 716 τῶν
1811 664 1947 716 Ῥω-

366 760 546 828 μαίων
580 761 906 830 χωρούντων
936 762 1163 815 τοιαῦτα
1188 761 1292 831 ἤθη
1321 760 1624 830 τυραννικὰ
1673 759 1770 812 καλ⁸
1809 757 1948 810 ἀπόο

369 867 556 917 κροτα.
603 852 840 914 Ἐκεῖνος
895 853 942 905 δ’
994 854 1074 906 ἔτι
1136 853 1387 906 σπεύδων
1436 853 1533 920 τὴν
1591 850 1948 918 ἀποχώρησιν

368 943 526 994 οἱονεὶ
584 943 958 1008 συνετάττετο,
1016 959 1112 999 και
1168 945 1266 1015 τὴν
1315 943 1643 1011 παραίνεσιν
1690 940 1948 1011 ἀσμένως

361 1032 602 1100 ἐδέχετο.

602 1168 698 1224 κδ’.
732 1173 921 1237 Φόνος
955 1171 1060 1225 τοῦ
1106 1172 1341 1226 Ἰταλοῦ
1376 1170 1703 1241 Καίσαρος.

439 1313 502 1363 Οἱ
536 1311 594 1364 δὲ
639 1310 853 1363 Ἀλανοὶ
885 1311 1180 1381 ὲθύμαινον
1229 1309 1352 1364 κατ’
1386 1311 1572 1375 αὑτοῦ,
1606 1313 1696 1364 τὸν
1749 1313 1944 1384 καιρὸν

365 1403 780 1473 ἐπιτηροῦντες,
817 1403 1035 1472 ἔχοντες
1076 1404 1198 1471 μεθ’
1243 1405 1454 1456 ἑαυτῶν
1488 1405 1584 1457 καὶ
1622 1404 1718 1457 τὸν
1766 1406 1946 1475 Γεωρ-

366 1495 518 1562 γοῦν,
553 1488 614 1549 οὗ
643 1497 672 1547 ὁ
707 1496 818 1557 υἱὸς
850 1495 992 1547 κατὰ
1023 1497 1122 1561 τὴν
1159 1495 1398 1560 Κύζικον
1430 1495 1772 1565 ἀπεκτάνθη,
1803 1497 1945 1548 καθά

320 1584 328 1602 ⁸
367 1586 673 1652 φθάσαντες
707 1588 958 1656 εἴπομεν.
995 1587 1456 1657 Παρηκολούοουν
1486 1586 1580 1639 οῦν
1605 1587 1784 1658 τούτῳ
1819 1593 1944 1660 σιγῇ

366 1677 392 1728 ἓ
410 1679 518 1728 ιθεν
551 1679 827 1732 κάκεῖθεν.
852 1679 1110 1742 Δοθέντος
1138 1679 1230 1732 οὖν
1253 1681 1446 1750 ἐκείνῳ
1486 1681 1684 1750 καιροῦ
1711 1681 1808 1752 τὴν
1839 1684 1946 1734 Αὑ-

367 1773 601 1837 γοῦσταν
634 1772 764 1824 ίδείν
787 1772 968 1841 μόνον,
997 1773 1105 1824 τῶν
1131 1772 1307 1826 ἄλλων
1347 1772 1568 1826 Ἰταλῶν
1597 1774 1814 1827 πάντων
1839 1776 1944 1840 ἔξω

366 1881 471 1917 που
491 1864 762 1927 ἑστώτων,
779 1867 1156 1935 ἀπερχόμενος
1180 1866 1275 1918 καὶ
1289 1866 1393 1936 ἥδη
1414 1868 1512 1935 τῆς
1535 1867 1714 1935 πύλης
1731 1868 1944 1936 ἀνοιγοο

369 1958 536 2025 μένης
562 1957 655 2010 τοῦ
689 1959 993 2026 οἰκήματος
1024 1960 1081 2009 ὲν
1122 1950 1167 2025 ᾧ
1203 1959 1236 2026 ή
1286 1956 1578 2025 Αύγοῦστα
1615 1955 1704 2028 ἦν,
1731 1958 1944 2028 δέχεται

364 2048 587 2116 καιρίαν
631 2048 729 2118 τὴν
759 2049 980 2119 πληγὴν
1007 2048 1231 2101 ὄπισθεν
1259 2048 1349 2100 διὰ
1380 2050 1488 2109 τῶν
1521 2050 1738 2119 νεφρῶν
1795 2049 1946 2116 παρά

362 2141 457 2192 τοῦ
483 2141 735 2208 Γεωργοῦ
769 2140 1060 2208 ζητοῦντος
1087 2143 1148 2194 τὸ
1172 2135 1314 2210 αἷμα
1345 2141 1439 2194 τοῦ
1473 2144 1608 2196 ίόίου
1642 2143 1783 2198 υἱοῦ.
1833 2145 1946 2196 Καὶ

362 2231 505 2285 οὕτω
541 2237 889 2303 παραχρῆμα
935 2234 1149 2299 πίπτει,
1204 2233 1342 2303 ἀνὴρ
1395 2234 1674 2304 βάρϐαρος
1721 2236 1822 2302 μὲν
1854 2237 1948 2288 καὶ

364 2323 547 2386 ἄδικος
573 2325 666 2376 καὶ
695 2325 767 2386 ὼς
797 2325 864 2376 τὰ
891 2324 1065 2378 πολλὰ
1098 2326 1503 2396 φρονηματίας,
1537 2327 1652 2381 ἀλλ’
1691 2327 1785 2381 οῦν
1819 2328 1948 2392 ὀξὺς

361 2420 445 2481 εἰς
499 2419 772 2488 πολέμους
829 2420 922 2472 καὶ
971 2417 1418 2490 διεγηγερμένος.
1467 2419 1644 2490 Θροῦς
1693 2423 1947 2476 ἐντεῦθεν

360 2600 626 2668 scriptum
662 2597 714 2653 in
747 2597 1028 2653 Orientem
1070 2597 1196 2653 iter.
1235 2597 1316 2652 Ad
1348 2613 1410 2653 ea
1446 2599 1535 2654 ille
1563 2611 1762 2654 cuncta
1787 2599 1946 2671 525

362 2691 713 2760 nhSeqniosis
776 2691 1187 2760 humilibusque
1244 2707 1548 2747 occurrens
1621 2696 1943 2763 responsis,

361 2785 525 2837 ﬁdem
575 2785 790 2853 paciﬁci
830 2799 892 2838 ac
928 2785 1187 2839 sublnissi
1229 2799 1486 2840 accessus
1521 2785 1736 2856 plenam
1791 2785 1944 2840 fecit.

356 2878 567 2944 Quarta
596 2888 713 2931 erat
748 2877 883 2931 feria
917 2878 1275 2932 hebdomadas
1305 2892 1468 2946 quam
1511 2877 1736 2931 Thomas
1770 2878 1946 2930 notui-

357 2981 520 3034 nant,
556 2971 775 3040 quando
814 2971 917 3024 sub
953 2985 1240 3038 vesperam
1277 2971 1552 3024 admissus
1587 2971 1656 3023 ab
1695 2971 1946 3038 Augusto

351 3066 541 3119 Caesar
569 3080 690 3118 cum
714 3063 926 3119 caeteris
954 3063 1240 3132 utriusque
1269 3077 1518 3131 persona:
1543 3063 1792 3132 dignitati
1816 3078 1949 3118 con-

2049 571 2258 622 ὲκεῑνον
2303 573 2677 643 διεσπάραξαν
2719 577 2812 627 καὶ
2847 576 3200 646 ἀπερῤὀφουν
3229 576 3324 628 τοῦ
3373 578 3633 644 αἵματος,

2049 663 2160 714 τῶν
2211 665 2356 718 ίδίων
2411 669 2797 737 μεμνημένοι·
2852 669 3026 730 οὕτως
3077 669 3316 732 ὥπλιζεν
3352 671 3551 735 αὐτοὺς
3597 675 3632 743 ἡ

2051 758 2242 811 κακία.
2279 760 2549 826 ’Ἄραντες
2594 757 2689 814 οῦν
2744 762 2839 814 τὸν
2875 762 3067 832 νεκρὸν
3121 763 3331 814 ἐκείνου
3369 763 3476 827 ἔξω
3527 782 3633 817 που

2051 851 2513 922 καταρρίπτουσι.
2547 853 2716 906 Τοῦτο
2749 852 2938 923 μαθὼν
2979 855 3007 905 ὁ
3041 855 3297 922 βασιλεὺς
3337 859 3430 908 καὶ
3475 857 3634 926 μόλις
3703 903 3714 910 ,

2051 943 2248 995 ἑαυτοῦ
2298 945 2538 1012 γεγονὼς
2586 948 2776 1016 ἠρώτα
2821 949 2926 1016 πρὸ
2962 948 3182 1000 πάντων
3227 949 3489 1018 περὶτῆς
3522 951 3632 1003 Αύ-

2052 1035 2290 1104 τούστης
2321 1039 2368 1090 εἰ
2405 1041 2592 1110 περιῇο
2628 1040 2788 1108 φόνος
2816 1042 2944 1109 γὰρ,
2978 1041 3055 1103 ὠς
3082 1042 3302 1110 ἤκουεν,
3331 1045 3633 1112 εἰργασμέ-

2049 1142 2137 1187 νος
2167 1127 2224 1178 ὲν
2256 1127 2334 1197 τῷ
2384 1130 2556 1198 αὐτῆς
2587 1133 2851 1200 οἰκήματι
2890 1133 2964 1200 μή
2997 1149 3049 1184 τι
3079 1133 3306 1202 κάκείνη
3361 1135 3634 1186 πέπονθεν

2050 1220 2351 1286 ἀνήκεστον
2383 1222 2576 1290 φοόεἶν
2621 1222 2851 1291 ἐπῆγεν.
2893 1224 2979 1286 Ὠς
3013 1224 3143 1291 γοῦν
3177 1225 3246 1277 τὰ
3290 1227 3499 1293 χρηστά
3532 1228 3634 1294 μὲν

2049 1312 2180 1379 περὶ
2210 1311 2310 1381 τῆς
2337 1314 2659 1383 Αύγούστης
2696 1315 2883 1383 μαθὼν
2910 1312 2997 1385 ἦν,
3033 1315 3134 1369 κᾶν
3162 1311 3275 1369 οἷον
3307 1318 3634 1388 ὑπερπαθή-

2051 1416 2148 1461 σας
2175 1402 2271 1452 τοῦ
2300 1401 2514 1472 ἀνδρὸς,
2562 1404 2716 1472 ὅμως
2757 1405 3021 1474 φρᾶνιμος
3051 1403 3127 1458 ὢν
3177 1406 3636 1475 προεμηοεύσατο

2052 1493 2192 1544 πάνυ
2219 1494 2418 1562 σοφῶς,
2445 1495 2538 1546 καὶ
2564 1497 2893 1564 προσέταττε
2922 1495 2996 1564 μὴ
3023 1496 3365 1566 ἑκφανθῆναι
3389 1499 3449 1550 τὸ
3479 1499 3639 1550 σύνο-

2050 1583 2139 1636 λον
2165 1587 2278 1647 τοῖς
2313 1585 2496 1647 ἄλλοις
2548 1587 2771 1648 Ἰταλοῖς
2803 1587 3001 1638 ἑκατὸν
3044 1588 3140 1638 καὶ
3183 1589 3522 1656 πεντήκοντα
3540 1589 3634 1641 τὸν

2051 1677 2284 1746 ἀριθμὸν
2340 1676 2514 1731 οὖσιν.
2565 1679 2838 1742 Ἐκεὶνους
2893 1678 2988 1731 οὖν
3046 1679 3210 1747 μηδὲν
3266 1679 3476 1742 εἰδότας
3520 1680 3633 1734 τῶν

2055 1769 2380 1837 συμϐάντων
2437 1772 2564 1839 σιγῇ
2627 1770 2768 1822 κατὰ
2813 1770 2872 1822 τὸ
2906 1769 3238 1838 πρόσταγμα
3284 1771 3636 1838 περικυκλώ-

2053 1877 2241 1921 σαντες
2278 1861 2574 1914 ἐκέλευσαν
2605 1861 2822 1931 ὁρισμῷ
2854 1861 2949 1914 τοῦ
2985 1860 3250 1930 βασιλέως
3278 1861 3345 1914 τὰ
3379 1863 3522 1914 ὅπλα
3552 1864 3634 1924 εἰς

2049 1951 2152 2019 γῆν
2191 1952 2383 2014 ϐεῖναι,
2412 1953 2508 2004 καὶ
2539 1952 2748 2004 ἀκονιτὶ
2778 1950 3171 2021 ἐχειρώσαντο.
3213 1955 3333 2014 ταῖς
3385 1954 3633 2022 εἱρκταῖέ

2049 2043 2316 2106 ἀνόπλους
2343 2044 2854 2112 ἐγκατακλείοντες.
2901 2043 3183 2097 Ἐντεῦθεν
3215 2047 3263 2096 οἱ
3292 2044 3510 2096 Ἀλανοὶ
3537 2046 3634 2098 καὶ⁸

2050 2135 2360 2188 ἀνατολικοὶ
2388 2136 2482 2187 τοῦ
2514 2137 2792 2206 Καίσαρος
2826 2139 3006 2205 φονεῖς
3038 2137 3266 2204 φανέντι
3308 2137 3388 2207 τῷ
3421 2136 3634 2206 βασιλεί

2047 2228 2148 2294 τὴν
2173 2227 2381 2295 τόλμαν
2413 2229 2804 2296 ἀπελογοῦντο,
2853 2231 2928 2292 ὡς
2969 2230 3069 2282 οὐκ
3111 2230 3290 2292 ἄλλως
3323 2230 3425 2282 οὐκ
3453 2227 3511 2282 ὃν
3556 2230 3632 2300 μὴ

2049 2322 2141 2372 τὸν
2173 2321 2387 2375 πολλῶν
2416 2323 2718 2395 ἀλάστορα,
2740 2323 2922 2377 αὐτῶν
2945 2324 3001 2376 δὲ
3024 2323 3290 2394 βασιλέων
3316 2323 3632 2393 ἀποστάτην

2050 2415 2147 2485 τὴν
2177 2415 2423 2486 γνώμην,
2464 2417 2712 2487 ἀνηλεῶς
2739 2417 3205 2485 κατασφάττοιεν.
3238 2414 3422 2470 ’Ἄλλοι
3447 2415 3504 2468 δὲ
3535 2415 3634 2468 καὶ

2051 2600 2304 2670 protinus
2349 2597 2609 2662 concidit,
2656 2601 2818 2652 homo
2866 2599 3135 2654 barbarus
3176 2600 3266 2654 ille
3311 2600 3532 2669 quidem
3578 2610 3634 2655 et

2051 2691 2310 2760 injusrus,
2348 2708 2671 2763 magnorum
2731 2703 2909 2746 tamen
2952 2695 3274 2761 plerumque
3329 2695 3624 2761 spirituum

2050 2783 2216 2852 526
2242 2787 2472 2853 altaeque
2505 2786 2722 2850 mentis,
2763 2801 2865 2837 nec
2903 2798 3010 2837 non
3043 2793 3201 2839 acute
3231 2785 3496 2854 providus
3532 2800 3632 2839 ex-

2051 2876 2328 2948 peditiqne
2358 2879 2411 2932 in
2465 2877 2624 2933 bellis
2665 2879 2909 2941 consilii,
2940 2879 3006 2931 ad
3045 2877 3162 2932 hzec
3192 2885 3551 2946 experrectus
3577 2885 3636 2932 et

2053 2972 2252 3024 aceriu
2281 2971 2668 3024 occasionibus
2699 2971 2774 3024 rei
2805 2970 3082 3039 gerendis.
3105 2969 3344 3037 Strepitu
3372 2985 3468 3038 per
3486 2968 3633 3023 hunc

2051 3077 2239 3118 casum
2281 3064 2561 3118 concitato
2604 3064 2806 3118 cohors
2853 3063 3102 3131 quadam
3148 3077 3256 3117 non
3303 3061 3462 3130 longe
3506 3062 3634 3115 inde

355 3159 518 3224 gruis
541 3155 770 3211 allectus
789 3167 869 3211 est
895 3154 1223 3220 honoribus,
1251 3164 1363 3209 tum
1391 3170 1593 3210 mensze
1619 3157 1777 3225 regia:
1800 3171 1948 3210 eom-
1974 3161 2014 3219 c
2051 3154 2264 3209 distans
2307 3156 2540 3208 militum
2573 3156 2903 3210 Asianorum
2940 3155 3114 3223 prima
3162 3151 3308 3224 quod
3357 3151 3637 3206 acciderat

362 3248 512 3302 muni
541 3247 964 3318 participatione
993 3246 1274 3316 dignatus.
1309 3245 1583 3300 Postridie
1616 3247 1782 3301 simul
1813 3263 1939 3301 eum

354 3342 694 3412 imperatore
730 3341 784 3395 in
829 3340 1018 3395 urbem
1059 3340 1470 3408 Adrianopolim
1527 3340 1780 3393 invectus
1819 3348 1939 3406 est;

364 3451 470 3503 qua
517 3447 571 3489 et
615 3433 970 3502 consequenti
1005 3433 1093 3486 die
1124 3433 1384 3487 oinnibus
1421 3433 1644 3487 iudieiis
1673 3433 1943 3489 liberalis-

361 3532 514 3578 sima-
530 3524 919 3578 betievolentia:
936 3522 1211 3577 deliniens
1230 3537 1387 3576 suum
1411 3522 1683 3591 hospitem
1708 3523 1940 3579 Michael

354 3616 646 3684 Augustus
681 3630 802 3668 eum
860 3612 1080 3666 interim
1117 3626 1447 3682 tnaguopere
1494 3611 1824 3666 hortabatur
1872 3613 1941 3667 ad

351 3709 677 3762 tractandos
717 3706 1020 3761 modestius
1061 3719 1128 3758 ac
1157 3705 1496 3760 mansuetius
1538 3701 1843 3772 Romanos,
1881 3707 1945 3760 li-

355 3801 490 3854 bere
532 3799 665 3867 quin
701 3797 866 3850 etiam
919 3796 1256 3850 denuntians
1299 3794 1413 3848 ﬁeri
1461 3807 1572 3848 non
1617 3809 1780 3864 posse
1811 3805 1871 3848 ut
1904 3797 1940 3848 ii

359 3891 602 3960 amplius
631 3889 872 3944 obnoxie
922 3891 1218 3957 quieteque
1269 3887 1570 3964 tolerarent
1619 3887 1942 3955 tyrannieos

359 3984 499 4037 istos
530 3989 586 4036 et
633 3980 839 4050 rigidos
879 3979 1056 4048 ipsius
1087 3987 1143 4032 et
1175 3990 1404 4032 suorum
1451 3990 1656 4028 mores.
1687 3976 1819 4030 Eam
1853 3977 1944 4030 ille

360 4073 790 4126 admonitionem
823 4071 1060 4124 libenter
1088 4067 1282 4123 audire
1318 4081 1431 4138 pra:
1460 4081 1522 4123 se
1550 4065 1756 4131 ferens,
1783 4067 1940 4137 quasi

360 4165 628 4218 festinans
657 4163 723 4215 ad
757 4163 1079 4230 imperatam
1113 4160 1258 4212 viam
1289 4158 1492 4212 dimitti
1519 4173 1578 4212 se
1614 4159 1938 4228 postulavit,

359 4257 760 4311 oﬂieiosissime
785 4255 840 4309 in
877 4253 1129 4324 digressu
1157 4251 1278 4306 vale
1305 4252 1515 4306 dicens.

763 4391 872 4474 εει.
894 4387 1077 4443 thdes
1100 4385 1232 4442 Itali
1256 4386 1507 4442 Cwsaris.

430 4534 499 4586 At
538 4530 699 4584 Alani
731 4529 827 4598 qui
871 4535 990 4580 tum
1023 4535 1182 4579 erant
1213 4524 1268 4578 in
1301 4523 1590 4578 Michaelis
1627 4524 1894 4579 comitatu
1922 4563 1939 4588 ,
1969 4495 2024 4556 D

357 4627 566 4679 dudum
599 4623 801 4676 infensi
835 4619 1153 4680 “maceria,
1181 4617 1302 4685 ejus
1338 4617 1644 4671 ulciscendi
1693 4620 1941 4672 occasio-

357 4734 481 4772 nem
517 4716 903 4776 observabant,
941 4711 1083 4764 haud
1133 4711 1308 4763 lenem
1360 4711 1426 4764 ad
1462 4710 1513 4763 id
1561 4710 1937 4778 instigatorem

356 4823 546 4864 secum
584 4807 847 4861 habentes
875 4802 1147 4871 Geor-gum
1192 4803 1364 4868 illum,
1397 4802 1555 4870 cujus
1594 4803 1764 4856 lilium
1795 4803 1938 4868 apud

356 4903 616 4970 Cyzicum
648 4895 897 4952 Catelauni
931 4894 1288 4956 occiderant,
1321 4904 1482 4961 prout
1517 4894 1772 4962 superius
1791 4911 1938 4963 ‘nar-

355 4994 626 5046 ravimus.
647 4989 808 5042 llunc
829 4987 998 5055 igitur
1029 4985 1182 5040 taciti
1207 4999 1542 5055 quocunque
1571 5002 1631 5039 se
1660 4987 1939 5040 conterret

353 5085 749 5154 Sequebantur.
782 5080 1027 5151 Contigit
1065 5089 1248 5134 autem
1313 5082 1360 5133 ei
1403 5080 1647 5148 poscenti
1687 5080 1804 5133 dari
1841 5081 1940 5132 ho-

356 5193 474 5231 ram
502 5174 860 5232 admissionis
901 5175 968 5227 ad
997 5174 1323 5242 Augustam,
1355 5187 1464 5238 (luo
1493 5182 1612 5223 erat
1645 5171 1760 5239 ipse
1788 5171 1939 5227 solus

355 5267 815 5331 introdueendus,
841 5265 993 5319 Italis
1016 5279 1159 5334 quos
1195 5263 1430 5317 ducebat
1457 5261 1714 5326 comites,
1744 5265 1935 5332 proeul

353 5372 512 5416 extra
539 5360 686 5416 iores
710 5360 897 5430 palatii
916 5360 1086 5428 jussis
1111 5357 1432 5412 subsistere.
1459 5355 1571 5409 lloc
1595 5369 1935 5412 momentum

351 5455 472 5508 suis
506 5453 756 5508 consiliis
787 5451 1133 5521 aptissimqu
1178 5449 1338 5502 Alani
1389 5450 1589 5518 cupide
1625 5459 1936 5518 captantes,

353 5548 679 5604 destitutum
713 5544 970 5616 praesidio
1005 5557 1231 5597 suorum
1272 5541 1543 5595 Caesarem
1597 5541 1650 5595 in
1687 5543 1809 5612 ipso
1841 5560 1939 5598 cu-

355 5643 519 5696 biculi
552 5643 815 5711 Augustae
862 5641 1013 5693 aditu
1061 5651 1091 5689 a
1123 5644 1274 5705 tergo
1328 5635 1482 5703 plaga
1523 5637 1708 5691 letbali
1746 5639 1801 5691 in
1851 5654 1938 5693 re-

356 5735 524 5790 nibus
571 5733 962 5790 transfodiunt.
999 5732 1203 5785 Auctor
1254 5731 1497 5786 vulneris
1545 5732 1662 5800 ipse
1689 5730 1939 5801 Georgns

353 5825 480 5889 fuit,
515 5840 705 5895 plenas
737 5823 1013 5880 interfecti
1049 5822 1141 5876 lilii
1175 5836 1446 5889 repetens.
1487 5822 1564 5876 Eo
1592 5822 1782 5877 Caesar
1823 5826 1936 5879 ictu

2047 3247 2323 3316 cognovit.
2351 3247 2415 3300 lli
2463 3262 2734 3301 memores
2759 3248 3009 3316 gravium
3057 3245 3395 3316 injuriarum
3431 3245 3632 3313 quibus

2048 3338 2377 3392 Rontzerius
2409 3354 2541 3393 suos
2571 3341 2811 3408 ipsorum
2839 3339 2991 3393 cives
3043 3337 3467 3406 popularesque,
3495 3337 3631 3404 quin

2045 3439 2098 3484 et
2117 3431 2499 3500 pleroruinque
2515 3439 2774 3501 cognatos
2789 3430 3118 3498 intimasque
3133 3427 3320 3482 aﬂiues
3340 3426 3601 3482 afllixerat
3613 3464 3632 3489 ,

2044 3539 2109 3578 ea
2140 3524 2194 3577 in
2227 3523 2406 3594 ipsum
2445 3525 2724 3577 irruerunt
2753 3524 2906 3576 rabie
2946 3532 3006 3575 ut
3035 3521 3154 3588 ejus
3196 3520 3521 3590 sanguinem
3560 3519 3595 3570 Ii
3618 3547 3632 3556 -

2047 3616 2231 3686 gurire
2284 3616 2420 3671 velle
2448 3616 2787 3668 viderentur.
2823 3615 3240 3682 Diseerpserunt
3288 3625 3420 3680 ergo
3460 3610 3632 3664 mori~

2046 3712 2288 3766 bundum
2318 3709 2615 3765 insatiabili
2643 3710 2850 3772 lurore,
2877 3718 3043 3776 atque
3071 3719 3354 3774 exsangue
3381 3702 3494 3772 jam
3535 3718 3632 3756 ea-

2047 3806 2216 3861 daver
2256 3807 2310 3859 in
2343 3805 2521 3860 locum
2555 3815 2708 3858 extra
2741 3804 3028 3857 seductum
3061 3801 3430 3870 projecerunt.
3478 3797 3630 3852 Con-

2049 3911 2332 3957 sternatus
2371 3899 2475 3953 isto
2506 3898 2791 3966 inopinato
2817 3894 3054 3948 tunmltu
3085 3894 3368 3958 Augustus
3399 3889 3631 3944 Michael

2049 3993 2283 4062 primum
2330 3989 2596 4052 omnium,
2649 3985 2793 4057 quod
2843 3985 3030 4038 vimin
3080 3984 3340 4051 Augusta:
3378 3981 3634 4037 cubiculo

2047 4085 2248 4137 factam
2289 4081 2547 4145 audiret,
2582 4080 2651 4134 de
2702 4079 2822 4146 ipsa
2867 4077 3068 4140 timuit,
3117 4092 3185 4129 ne
3227 4075 3361 4146 quid
3416 4073 3633 4127 sinistri

2049 4191 2209 4246 passa
2246 4185 2413 4230 esset.
2455 4173 2930 4240 Percontatusque
2955 4210 2970 4234 ,
3005 4179 3066 4222 ut
3113 4155 3373 4237 cognovit
3420 4167 3630 4220 salvam

2047 4284 2173 4324 esse
2201 4269 2395 4337 ipsam,
2430 4266 2608 4321 solum
2645 4264 2976 4319 trucidatum
3009 4262 3179 4315 fuisse
3197 4259 3491 4321 Ctesarem,
3526 4258 3632 4311 etsi

2047 4358 2150 4414 viri
2190 4371 2324 4412 casu
2362 4355 2616 4417 indoluit,
2656 4365 2835 4408 tamen
2863 4393 2878 4417 ,
2919 4363 2976 4407 ut
3022 4362 3145 4406 erat
3191 4350 3452 4420 prudens,
3493 4362 3633 4416 pra:-

2049 4450 2371 4506 vertendum
2405 4458 2630 4503 strenue
2663 4449 2912 4518 putavit,
2947 4459 3014 4500 ne
3057 4444 3192 4514 quid
3243 4457 3273 4496 a
3307 4439 3631 4494 Latinorum

2048 4542 2286 4598 Caesaris
2315 4542 2578 4596 comitum
2611 4539 2900 4609 desperata
2936 4537 3089 4592 rabie
3119 4537 3352 4589 funesta:
3388 4546 3634 4587 commo-

2055 4635 2222 4686 tionis
2280 4631 2544 4686 oriretur.
2617 4628 2862 4683 Primum
2931 4624 3409 4682 accuratissimam
3488 4622 3638 4675 dedit

2049 4739 2272 4794 operam
2313 4741 2380 4778 ne
2428 4724 2601 4778 ullum
2651 4721 2720 4776 ad
2777 4737 2899 4784 eos,
2954 4720 3093 4775 foris
3129 4718 3222 4772 ubi
3273 4718 3518 4781 stabant,
3559 4715 3634 4768 rei

2048 4827 2210 4888 gesta:
2270 4816 2535 4870 indicium
2575 4825 2892 4880 emanaret;
2940 4813 3278 4880 interimque
3303 4811 3461 4880 jussu
3510 4807 3635 4872 ejus

2048 4910 2366 4978 praetoriani
2392 4907 2634 4962 maximo
2658 4920 2890 4960 numero
2911 4902 3324 4959 eircumdantes
3351 4900 3474 4954 illos
3501 4897 3634 4950 nihil

2045 5005 2228 5057 minus
2248 5005 2547 5072 opinantes
2579 5010 2633 5056 et
2665 5001 2910 5055 funditus
2943 4999 3163 5068 ignaros
3191 4997 3390 5066 patrati
3425 4993 3636 5049 facino—

2044 5097 2145 5160 ris,
2179 5096 2469 5165 jusserunt
2497 5095 2731 5163 Augusti
2770 5093 2990 5146 nomine
3017 5105 3169 5144 arma
3201 5103 3321 5160 qua
3348 5088 3632 5158 gestabant

2047 5188 2196 5243 humi
2237 5188 2531 5256 deponere.
2570 5186 2663 5240 Sic
2694 5201 2790 5242 eos
2821 5187 2941 5240 sine
2968 5184 3269 5238 certamine
3315 5189 3635 5236 exarmatos

2045 5287 2100 5331 et
2135 5278 2564 5347 comprehensos
2615 5275 2903 5329 universos
2949 5275 3217 5328 custodiis
3265 5271 3633 5326 inclusorum.

2047 5367 2164 5422 Sub
2190 5371 2304 5424 haec
2330 5369 2480 5424 danti
2505 5383 2562 5422 se
2587 5369 2642 5422 in
2675 5377 3036 5436 conspectum
3064 5369 3310 5435 Angusto
3332 5364 3631 5416 Alanorum

2048 5464 2320 5533 primores
2341 5471 2594 5516 auctores
2617 5463 2782 5516 caulis
2811 5471 2865 5515 et
2889 5460 3173 5529 adjutores
3190 5459 3378 5512 Asiani
3403 5457 3637 5508 ﬁdenter

2047 5555 2390 5610 excusabant
2420 5554 2644 5620 factum,
2673 5555 2798 5624 jure
2830 5555 3075 5608 occisum
3098 5568 3127 5605 a
3153 5566 3210 5605 se
3238 5550 3435 5602 falsum
3467 5547 3633 5598 istum

2047 5649 2320 5702 Caesarem
2353 5648 2584 5712 aientes,
2624 5663 2749 5700 cum
2804 5647 2856 5699 in
2900 5645 3164 5699 ultionem
3219 5642 3534 5709 rapinarum
3579 5650 3633 5689 et

2047 5737 2376 5807 ﬂagitiorum
2407 5738 2608 5806 quibus
2647 5737 2928 5793 Romanos
2959 5733 3391 5789 insolentissime
3435 5745 3634 5783 vexas-

2046 5838 2152 5894 set,
2203 5835 2318 5882 tum
2351 5823 2406 5881 in
2444 5828 2877 5899 prtecautionem
2911 5826 3224 5882 rebellionis
3261 5838 3420 5895 quam
3469 5823 3637 5894 perli-
