4046 6392
487 337 596 395 57)

490 451 733 517 μείζοσιν
784 451 984 517 ὁρμαῖς
1036 451 1297 518 ἀλλήλους
1357 451 1920 520 παρακροτήσαντες,

489 543 694 609 μᾶλλον
733 541 971 603 Ἀλανοὶ,
1005 541 1292 602 ἐπιϐάντες
1323 543 1431 594 τῶν
1463 542 1653 595 ἵππων
1690 542 1904 608 ἐξέθεον
1939 559 2072 594 παν-

484 634 675 702 ταχοῦ.
695 634 829 685 ὅπου
863 634 928 685 ἂν
952 633 1047 684 καὶ
1082 633 1492 703 καταλήψαιντο
1521 633 1890 693 Κατελάνους.
1925 632 2066 685 Ἀλλ’

485 726 514 776 ὁ
551 723 804 792 βασιλεὺς
843 722 1029 792 μαθὼν
1069 724 1170 791 τὴν
1198 724 1474 794 ἐκδρομὴν
1506 724 1635 793 ὃλην
1665 725 1773 777 τῶν
1805 741 2070 792 στρατευο

487 818 698 882 μάτων,
720 815 816 868 καὶ
835 815 1020 879 δείσας
1042 819 1171 886 περὶ
1201 817 1442 880 ἐκείνους
1469 818 1542 886 μή
1572 835 1689 878 πως
1711 818 2070 877 ἀσυντάκτως

485 911 772 971 ἐκθέοντες
808 908 1085 978 ἡττηθῶσι
1121 909 1218 962 καὶ
1247 912 1328 970 είς
1358 909 1606 962 κίνδυνον
1647 909 1837 972 αὐτοῖς
1867 911 1898 977 ἡ
1925 907 2071 978 ὁρμὴ

487 1005 742 1072 περιστῇ,
771 1001 993 1070 πέμψας
1026 1001 1118 1054 τὸν
1150 1001 1293 1054 θεῖον
1325 1001 1492 1054 αὐτοῦ
1526 1000 1806 1071 Θεόδωρον
1849 999 2068 1068 σύναιμα

484 1096 582 1147 καὶ
606 1094 785 1156 ἄλλοις
811 1093 1180 1163 ὑποστρέφειν
1211 1093 1430 1162 ἐπείρα.
1461 1092 1537 1147 Οὐ
1570 1094 1677 1163 μὴν
1701 1093 1764 1144 δὲ
1787 1093 1882 1146 καὶ
1905 1091 2068 1162 ἥνυτε

481 1187 542 1238 τὸ
599 1186 884 1254 παράπαν,
936 1184 1056 1236 ἀλλ’
1100 1184 1259 1248 εὐθὺς
1309 1184 1524 1248 ἐξέθεον
1564 1186 1659 1236 καὶ
1705 1185 1894 1246 τόποις
1925 1184 2070 1234 τισὶν

481 1277 838 1345 ἐφιστάμενοι
866 1277 1087 1338 Ἰταλοῖς
1121 1277 1218 1345 μὲν
1263 1278 1406 1346 (οὖδέ
1428 1279 1536 1347 γὰρ
1567 1277 1789 1330 ἀπυστά
1811 1293 1897 1329 πω
1918 1275 2070 1343 σφίσι

480 1370 548 1422 τὰ
579 1369 673 1422 τοῦ
718 1371 1002 1439 Καίσαρος
1047 1365 1212 1440 ἦσαν)
1266 1370 1426 1438 φόνον
1479 1370 1984 1439 ἐπῆγον,.ἴππους
2023 1368 2069 1419 δ’

479 1463 704 1515 ἐκείνων
739 1463 833 1515 καὶ
866 1462 1007 1516 ὅπλα
1055 1464 1150 1515 καὶ
1202 1463 1464 1533 χρήματα
1495 1464 1621 1524 τοὺς
1670 1462 1772 1530 μὲν
1821 1462 2064 1531 ἀπῆγον,

477 1555 546 1606 τὰ
576 1555 631 1606 δὲ
664 1554 975 1620 συνέλεγον.
1016 1555 1215 1607 Φθάνει
1259 1556 1304 1608 6‘
1347 1558 1440 1609 ἐπὶ
1475 1557 1688 1619 τούτοις
1731 1557 1823 1610 καὶ
1858 1558 1926 1610 τά
1968 1557 2068 1626 τῆς

479 1647 670 1715 φήμης
728 1646 1132 1716 ἐντελέττερον,
1186 1649 1282 1701 καὶ
1339 1651 1538 1720 ἀκαρεῖ
1595 1651 1713 1718 ἅμα
1765 1651 2066 1704 Κατελάνοι

477 1740 678 1800 πάντες
712 1736 810 1808 τὴν
839 1739 1075 1791 Καλλίου
1102 1741 1436 1802 εἰσελθόντες
1464 1738 1555 1812 (ἦν
1579 1743 1688 1813 γὰρ
1713 1744 1776 1795 ἐκ
1801 1743 2058 1796 πλείστου

483 1802 990 1895 κατησφαλνισμένον
1013 1829 1075 1880 τὸ
1097 1831 1379 1900 φρούριον)
1406 1802 1625 1894 ἑαυτοῖς
1648 1802 1748 1901 μὲν
1770 1833 2060 1902 προνοοῦσι
2091 1802 2138 1861 Β

484 1917 573 1988 τὴν
598 1919 892 1988 σωτηρίαν,
921 1922 1048 1982 τοὺς
1069 1922 1115 1975 6‘
1145 1923 1202 1974 ἐν
1224 1924 1362 1993 αὐτῇ
1393 1924 1704 1992 Ῥωμαίους
1733 1924 2062 1994 παμπληθεῖ

480 2011 774 2072 κτείνουσι,
813 2009 935 2079 μηδ’
957 2010 1139 2063 αὐτῶν
1171 2012 1478 2082 φειδόμενοι
1504 2015 1612 2067 τῶν
1633 2015 1866 2082 νηπίων.
1894 2016 2058 2079 Τέλος

479 2102 609 2170 περὶ
647 2101 754 2153 τῶν
796 2102 965 2167 ἰδίων,
995 2096 1072 2155 ὧν
1100 2121 1159 2156 τε
1193 2106 1413 2175 Καῖσαρ
1442 2106 1685 2176 ἐπήγετο
1725 2107 1822 2160 καὶ
1863 2109 1972 2161 τῶν
2003 2109 2061 2160 ἐν

485 2193 544 2260 τῇ
576 2191 728 2244 πόλει
767 2193 864 2244 καὶ
887 2193 998 2244 τῶν
1029 2193 1336 2264 ἑκασταχοῦ
1370 2195 1757 2265 πεμφθέντων,
1783 2198 2062 2260 δείσαντες

484 2282 560 2353 μὴ
587 2283 864 2346 κάκείνοις
917 2286 1158 2349 κίνδυνος
1206 2292 1480 2358 περιστῇ,
1517 2292 1887 2360 κατασχόντες
1933 2293 2061 2351 τοὺς

482 2377 770 2447 περιόντας
806 2377 1077 2445 φυλακαῖς
1102 2381 1353 2449 ἐτήρουν.
1419 2382 1688 2450 Ἐμελλον
1718 2383 1774 2435 δὲ
1810 2385 1903 2434 καὶ
1935 2386 2060 2445 τοὺς

482 2558 792 2614 diosissime
817 2560 871 2614 in
900 2562 1172 2629 Augustos
1191 2563 1623 2630 machinaretur,
1649 2573 1811 2635 prout
1835 2565 2060 2619 eviden-

482 2652 627 2706 tibus
665 2660 783 2706 erat
821 2652 1042 2707 indiciis
1078 2665 1446 2723 compertum.
1500 2657 1725 2710 [nterim
1758 2672 1887 2712 vero
1927 2661 2057 2711 totis

481 2743 855 2812 trepidabatur
891 2745 1112 2806 castris,
1150 2747 1258 2800 alio
1296 2747 1465 2800 alium
1505 2745 1786 2802 Michaelis
1822 2747 2056 2801 militum

477 2836 682 2904 passim
743 2836 1072 2890 adhortante
1130 2837 1198 2890 ad
1253 2838 1652 2906 erumpendum
1727 2839 1778 2892 in
1836 2838 2058 2894 Latinos

477 2936 654 2982 morte
705 2927 862 2981 ducis
898 2929 1142 2998 ipsorum
1197 2939 1454 3000 superatu
1497 2931 1769 2987 faciliores
1821 2932 2053 2989 futuros.

477 3017 536 3071 In
569 3019 764 3087 primis
788 3019 948 3088 527
979 3021 1137 3075 Alani
1173 3024 1495 3078 conscensis
1526 3023 1724 3093 raptim
1751 3025 1907 3094 equis
1929 3039 2052 3080 cum

1721 333 2040 395 GEORGH
2083 333 2562 394 PACIH’BIEILE

1974 451 2069 502 καὶ
2102 454 2141 507 Α
2175 449 2303 516 περὶ
2330 449 2421 500 τὶν
2449 449 2604 501 νόθον
2642 449 2873 516 ἀδελφὸν
2922 449 3244 520 Θενδερίχου
3281 449 3452 518 ἐγγύς
3488 467 3591 505 που
3627 470 3760 505 ναν-

3659 341 3762 399 550

2177 539 2540 610 λοχουμένους
2600 541 3034 610 είσιρρήσεσθαι⁶
3073 541 3148 601 ὡς
3197 541 3243 593 6‘
3291 543 3394 611 οὐχ
3440 541 3759 610 ὡμολόγουν

2176 633 2304 701 περὶ
2338 633 2406 684 τὰ
2438 634 2894 702 συμφωνούμενα.
2929 632 3016 704 [Ρ.
3049 632 3174 703 367]
3211 634 3442 695 ἐκείνοις
3491 635 3590 703 μὲν
3621 636 3756 703 ἐφῆο

2174 741 2278 777 καν
2311 725 2672 794 κατατρέχειν
2721 725 2819 787 τὰς
2869 728 3087 795 νήσους,
3131 725 3324 794 κωφὴν
3374 728 3590 789 ἑαυτοῖς
3623 744 3760 795 συμ⁸

2176 817 2379 884 μαχίαν
2433 818 2526 869 καὶ
2565 816 2721 869 ταῦθ’
2770 817 3089 886 ἡγούμενοι,
3135 819 3290 872 αὐτοὶ
3323 819 3368 871 6‘
3395 821 3476 876 εἰς
3517 822 3758 891 στερῤἀν

2176 909 2656 977 παρεσκευάζοντο
2689 910 2895 978 μάχην.

2175 1017 2271 1070 κε’.
2314 1019 2445 1072 Ὀτι
2491 1020 2816 1073 Κατελάνοι
2853 1022 3329 1086 ὑποκονσθὲντες
3364 1023 3436 1076 τὰ
3477 1023 3626 1076 κατὰ
3659 1021 3734 1076 δύ

2753 1108 2860 1144 σιν
2889 1092 3187 1160 ἠρήμουν.

2256 1181 2420 1236 Ἀλλά
2451 1181 2560 1250 μὴν
2583 1181 2692 1234 οὐδ’
2724 1184 2752 1234 ό
2785 1182 3040 1252 βασιλεὺς
3063 1181 3280 1254 Μιχαὴλ
3311 1181 3506 1253 ἠμέλει
3536 1185 3596 1236 τδ
3621 1185 3732 1252 σύμ

2177 1291 2304 1336 παν,
2333 1274 2472 1328 ἀλλά
2499 1275 2569 1328 τά
2591 1273 2703 1326 τῶν
2729 1274 3060 1346 ὼυλγάρων
3087 1278 3145 1330 ἐν
3170 1277 3487 1346 ἀνακωχαῐς
3519 1277 3752 1344 θέμενος

2173 1369 2298 1429 τοὺς
2332 1367 2476 1436 ἀμφὶ
2519 1367 2611 1420 τὸν
2643 1367 2821 1436 μέγαν
2853 1370 3220 1439 πριμικήριον
3271 1369 3503 1439 ἐξορμᾷ.
3555 1365 3614 1429 ὃς
3661 1369 3756 1420 καὶ

2174 1461 2540 1532 περικαθίσας
2571 1463 2631 1513 τὸ
2669 1461 2932 1532 φρούριον
2985 1462 3294 1532 πολιορκῶν
3334 1462 3411 1521 ὡς
3443 1457 3589 1530 εἶχεν
3615 1462 3753 1530 ἐμά-

2171 1569 2318 1622 χετο,
2375 1553 2492 1605 ἐστι
2539 1552 2586 1605 6‘
2623 1550 2682 1607 οὗ
2724 1553 2820 1606 καὶ
2869 1555 3294 1622 κατετροποῦτο.
3353 1552 3754 1623 Πληθουμένων

2171 1645 2216 1696 6‘
2263 1645 2488 1698 ἐκείνων
2536 1645 2632 1697 καὶ
2688 1645 2790 1716 ήδη
2845 1643 3198 1716 θαρρούντων
3234 1645 3332 1708 τὰς
3365 1645 3641 1716 ἐκδρομὰς
3667 1643 3755 1696 διὰ

2170 1737 2268 1806 τὴ)
2324 1737 2488 1806 κενὴν
2521 1736 2631 1788 τῶν
2671 1736 3001 1805 Ῥωμαϊκῶν
3057 1737 3344 1806 δυνάμεων
3395 1736 3656 1805 ἀσχολίαν
3707 1734 3753 1802 (ό

2167 1828 2276 1897 γὰρ
2321 1829 2705 1898 Μπυριγέριος
2767 1827 3184 1896 περιεϐουκόλει
3233 1827 3334 1888 τὰς
3386 1826 3616 1887 ἐλπίδας
3673 1825 3752 1894 τῷ

2167 1919 2396 1987 βασιλεῖ,
2423 1919 2518 1974 καὶ
2549 1920 2785 1987 πέμπων
2812 1920 2942 1990 παρ’
2971 1921 3134 1973 αὐτὸν
3164 1919 3264 1990 τὴν
3279 1918 3529 1973 δουλείαν
3562 1915 3658 1969 καὶ
3687 1916 3747 1968 τὸ

2166 2013 2408 2083 ὑπήκοον
2465 2012 2790 2082 ὑπεκρίνετο
2821 2012 2898 2076 ὡς
2937 2013 2996 2064 ἐν
3036 2014 3213 2073 κενοῖς
3269 2011 3368 2064 καὶ
3411 2010 3522 2061 τῶν
3571 2007 3752 2078 φόνων

2165 2106 2505 2174 γενομένων,
2545 2106 2620 2168 ὼς
2659 2106 2866 2172 ἔλεγεν,
2916 2105 3206 2173 ἀνακωχὰς
3241 2101 3531 2171 σκαιωρῶν
3565 2098 3750 2150 ὲντεῦ-

2165 2197 2279 2264 θεν)
2315 2197 2682 2268 κατοχυροῦσι
2743 2197 2844 2262 μὲν
2896 2197 3098 2248 ἐκεῖνοι
3134 2197 3228 2247 καὶ
3271 2189 3428 2249 αὖθις
3464 2193 3558 2243 ἐπὶ
3583 2188 3748 2240 πλέον

2163 2294 2223 2345 τὸ
2249 2291 2533 2362 φρούριον,
2566 2292 2811 2359 μακραῖς
2841 2288 2888 2340 6‘
2917 2287 3058 2342 ἐπτά
3082 2287 3240 2340 ναυσὶ
3261 2288 3355 2339 καὶ
3380 2284 3571 2344 ἄλλαις
3593 2281 3750 2334 ἐννέι

2166 2387 2394 2454 μικραῖς
2429 2383 2671 2452 μάχιμον
2713 2382 3044 2451 ἐμϐαλόντες
3082 2381 3210 2433 λαὸν
3241 2380 3320 2441 εἰς
3349 2379 3440 2430 τὸν
3473 2376 3614 2428 κατά
3637 2373 3750 2426 τῶν

2162 2563 2368 2630 legatos
2400 2570 2529 2615 sunt
2571 2559 2905 2629 persuadere
2951 2557 3104 2612 fratri
3152 2557 3322 2612 notho
3367 2552 3698 2612 Theudorici
3725 2592 3741 2614 ,

2162 2653 2394 2708 classem
2423 2667 2530 2706 non
2577 2652 2740 2722 longe
2768 2649 3014 2712 babenti,
3050 2657 3110 2704 ut
3141 2650 3343 2704 infeste
3380 2646 3738 2703 cxscendens

2163 2744 2215 2795 in
2255 2751 2432 2797 terras
2459 2741 2676 2810 imperii
2706 2755 2829 2796 sese
2861 2741 2996 2808 ipsis
3019 2740 3362 2811 adjuugeret.
3397 2738 3504 2793 Sed
3537 2751 3744 2806 propo-

2158 2837 2280 2890 sitis
2310 2836 2438 2890 hinc
2469 2834 2595 2890 inde
2613 2834 3019 2889 conditionibus
3045 2835 3188 2888 haud
3215 2833 3532 2887 coalescere
3563 2830 3746 2884 foedus

2161 2927 2304 2981 inter
2334 2925 2500 2996 528
2527 2927 2674 2994 ipsos
2702 2927 2898 2996 potuit.
2928 2924 3279 2992 Tandemque
3305 2921 3512 2977 Siculis
3535 2921 3744 2974 infecto

2161 3017 2441 3072 societatis
2490 3017 2820 3071 Catelanicae
2873 3017 3116 3085 negotio,
3165 3015 3338 3069 libera
3388 3013 3442 3066 in
3503 3012 3743 3065 fructum

475 3109 580 3164 alia
627 3125 792 3165 manu
835 3113 886 3165 in
944 3113 1102 3167 istaut
1150 3115 1518 3171 incursionem
1563 3117 1833 3172 feruntur.
1883 3119 2054 3188 Cujus
2083 3139 2126 3194 ο
2162 3108 2328 3162 cessit
2358 3108 2658 3163 incursatio
2693 3109 3136 3177 depmlalioquc
3177 3107 3518 3169 insularum;
3566 3102 3750 3157 Rom-

473 3201 678 3256 certior
711 3204 788 3257 rei
816 3205 1099 3274 Augustus
1136 3205 1334 3272 factus,
1367 3221 1431 3262 ac
1471 3210 1681 3264 veritus
1713 3224 1820 3264 non
1862 3211 2053 3265 imme-

472 3295 583 3350 rito
607 3310 676 3350 ne
704 3309 818 3351 sua:
845 3295 958 3350 fere
987 3299 1258 3353 universa:
1282 3301 1450 3369 copim
1479 3300 1688 3370 injussu
1711 3301 2053 3371 inexplorato

472 3388 776 3458 solutisque
812 3388 1098 3444 Ordinibus
1135 3400 1357 3446 ruentes
1383 3433 1398 3455 ,
1435 3392 1653 3447 insidiis
1681 3407 1924 3464 escepta:
1954 3405 2051 3449 aut

472 3485 662 3553 iniquo
697 3483 907 3552 uspiam
942 3485 1296 3554 deprehensa:
1327 3487 1470 3552 loco,
1510 3487 1666 3544 clade
1699 3489 1882 3559 aliqua
1918 3491 2052 3545 insi-

471 3576 565 3646 gni
609 3577 977 3631 temeritatem
1027 3577 1294 3646 privatam
1335 3580 1532 3632 damno
1577 3595 1778 3650 magno
1821 3581 2047 3650 publico

473 3669 707 3730 luerent,
742 3669 911 3722 misso
947 3679 1072 3738 post
1104 3684 1199 3724 eos
1238 3672 1473 3726 sollicite
1501 3682 1696 3741 patruo
1737 3690 1839 3729 suo
1871 3674 2052 3730 Theo-

474 3759 613 3812 doro
647 3774 769 3813 cum
815 3761 962 3823 aliis,
1019 3776 1280 3816 revocare
1318 3766 1642 3828 conabatur,
1681 3766 2049 3837 nequidquam

471 3852 525 3906 id
548 3851 790 3923 quidem,
809 3851 1115 3907 obfirmatis
1142 3853 1512 3911 inﬂexibiliter
1528 3857 1745 3912 cunctis
1775 3860 1830 3912 in
1855 3860 2050 3914 audaci

473 3945 784 4013 proposito;
815 3953 1195 4016 praeterquam
1223 3947 1337 4015 jam
1369 3948 1494 4016 plus
1529 3949 1696 4018 aliqui
1741 3966 2050 4021 praecurre-
2087 4023 2096 4032 .

471 4046 598 4090 rant
626 4052 787 4105 quam
829 4047 886 4091 ut
911 4052 1004 4092 eos
1037 4039 1260 4107 assequi
1293 4041 1471 4095 serius
1499 4042 1707 4110 egressi
1743 4043 2046 4109 potuerint.

472 4128 659 4197 Itaque
686 4129 741 4183 in
784 4145 982 4184 manus
1012 4129 1224 4194 aliquas
1263 4133 1576 4202 stativaque
1608 4135 1844 4202 sparsim
1869 4137 2048 4205 posita

473 4221 724 4274 Italorum
764 4220 1077 4274 inciderunt
1110 4221 1308 4281 nostri.
1349 4231 1404 4276 et
1446 4224 1731 4291 perculsos
1769 4237 1864 4279 eos
1907 4225 2048 4278 nacti

474 4313 617 4365 fama
645 4313 878 4379 quadam
917 4313 1068 4365 necis
1105 4311 1340 4368 Ca'saris
1388 4313 1546 4369 facile
1594 4315 1851 4371 fuderunt
1887 4315 2047 4384 fuga-

470 4412 726 4468 runtque,
773 4403 929 4468 equis
973 4417 1165 4455 eorum
1216 4403 1444 4463 abactis,
1486 4407 1656 4457 armis
1697 4415 1752 4460 et
1805 4408 2048 4473 pecuniis

2175 3201 2413 3256 zerianis
2461 3201 2702 3255 exclusis
2756 3201 2847 3254 illa
2898 3215 3020 3268 spe,
3056 3209 3226 3254 totam
3268 3197 3523 3251 fiduciam
3564 3197 3746 3250 collo-

2157 3292 2413 3346 cantibus
2443 3291 2495 3345 in
2533 3291 2841 3345 munitione
2863 3290 3272 3360 Callipolitana:
3298 3291 3442 3344 arcis
3473 3303 3488 3340 :
3522 3288 3576 3342 in
3607 3302 3748 3355 qua,

2156 3383 2200 3436 si
2226 3393 2693 3452 oppugnarentur,
2723 3385 2834 3437 aeri
2857 3393 3022 3452 atque
3049 3382 3266 3437 invictae
3294 3395 3354 3436 se
3375 3379 3748 3450 accingebant

2157 3473 2452 3529 resistendi
2483 3474 2835 3528 constantize.

2153 3607 2242 3660 25.
2287 3605 2350 3660 Ut
2401 3607 2603 3660 irritati
2661 3606 2906 3661 Catelani
2946 3619 3165 3692 .tractus
3222 3609 3467 3662 occiduas
3532 3607 3745 3660 desola-

2849 3694 3016 3732 verm:
3029 3721 3042 3733 .

2226 3770 2296 3824 At
2329 3785 2514 3839 neque
2535 3769 2767 3824 Michael
2788 3771 3070 3840 Augustus
3091 3773 3144 3826 in
3169 3782 3278 3826 tam
3306 3771 3530 3839 ancipiti
3552 3784 3737 3823 rerum

2153 3861 2381 3916 cardine
2409 3862 2513 3916 sibi
2536 3877 2607 3942 aq
2627 3862 2943 3930 reipublica:
2965 3865 3178 3928 deerat,
3204 3864 3298 3918 sed
3329 3864 3576 3926 indutiis,
3603 3877 3741 3930 qua-

2155 3954 2294 4008 libus
2326 3968 2424 4022 pro
2450 3963 2696 4022 tempore
2718 3954 2893 4014 licuit,
2927 3969 3153 4022 pausam
3183 3954 3418 4023 adeptus
3454 3954 3579 4008 belli
3612 3953 3742 4004 Bul-

2155 4045 2351 4116 garici,
2385 4059 2642 4114 magnum
2668 4045 3045 4114 primicerium
3071 4061 3198 4100 cum
3232 4047 3333 4116 ipsi
3364 4047 3584 4115 proprie
3609 4046 3741 4098 ειιιι-

2148 4138 2292 4206 jecta
2359 4147 2514 4206 parte
2576 4153 2685 4191 non
2745 4139 2959 4192 modica
3014 4139 3296 4208 copiarum
3357 4146 3735 4208 oppugnatum

2155 4243 2334 4283 arcem
2359 4227 2641 4297 Callipolis
2672 4229 2839 4283 misit.
2869 4231 3050 4299 Atque
3083 4231 3171 4284 ille
3210 4231 3500 4286 obsidione
3529 4230 3740 4298 ample-
3789 4281 3792 4286 .

2150 4334 2252 4373 xus
2296 4321 2494 4384 locum,
2545 4329 2768 4374 strenue
2798 4336 2910 4374 rem
2957 4323 3224 4376 adversus
3254 4320 3497 4377 inclusos
3536 4321 3647 4374 illic
3680 4329 3738 4375 et

2152 4427 2259 4465 non
2288 4427 2414 4465 raro
2448 4428 2739 4481 erumpere
2778 4423 3048 4469 conantes
3078 4413 3306 4469 Latinos
3344 4417 3590 4484 gerebat,
3624 4429 3732 4467 non

467 4491 719 4558 direptis.
785 4491 1032 4546 Pleniore
1074 4501 1258 4548 autem
1313 4503 1548 4548 cunctos
1597 4496 1710 4564 jam
1769 4497 2046 4550 iiubuentc
2080 4481 2124 4535 D
2154 4504 2273 4556 sine
2301 4517 2563 4570 prospero
2586 4518 2850 4559 successu
2889 4507 3260 4560 secundorum
3289 4506 3566 4560 interdum
3593 4519 3731 4573 prse-

467 4583 756 4636 Catelanos
783 4583 956 4636 tristis
983 4595 1210 4638 eventus
1241 4586 1456 4648 notitia,
1491 4595 1770 4640 momento
1806 4603 2038 4642 cooeur-

371 4696 377 4718 ο
467 4680 662 4724 rerunt
697 4673 934 4728 universi
973 4673 1322 4742 Callipolim,
1356 4691 1521 4743 quam
1576 4677 1682 4730 sibi
1735 4693 1916 4731 arcem
1975 4695 2041 4732 ex

468 4764 881 4833 longoprovlde
927 4766 980 4818 in
1033 4765 1339 4835 perfugium
1390 4767 1684 4822 dubiorum
1738 4779 2042 4838 temporum

466 4866 816 4925 paraverant.
877 4856 995 4912 lluc
1043 4860 1218 4928 primo
1269 4859 1472 4926 impetu
1521 4860 1713 4922 delati,
1758 4861 2042 4931 flagrantis

468 4951 561 5002 ira:
593 4950 698 5002 vim
742 4967 940 5005 stt-vain
981 4952 1032 5004 in
1071 4952 1347 5008 Romanos
1379 4952 1490 5006 illic
1538 4962 1788 5023 repertos
1830 4955 2044 5010 effude-

467 5050 615 5101 runt.
642 5043 929 5096 universos
959 5043 1318 5108 trucidantes,
1344 5045 1487 5098 nulla
1518 5047 1600 5100 vel
1634 5047 1811 5101 astatis
1839 5056 2041 5102 tenerae

465 5132 549 5184 vel
586 5131 827 5185 infantia:
859 5133 1256 5188 misericordia.
1287 5135 1549 5204 Deinceps
1575 5144 1758 5191 tamen
1787 5146 2042 5204 reputau-

465 5231 548 5276 tes
575 5238 668 5276 cos
703 5239 732 5276 e
766 5225 881 5278 suis
913 5225 1004 5292 qui
1040 5225 1309 5280 Czcsarem
1361 5227 1608 5282 comitati
1657 5238 1877 5282 euntem
1919 5230 2036 5283 fue-

466 5321 614 5375 runt,
679 5325 790 5369 tum
855 5320 1121 5385 quosdam
1175 5319 1650 5391 Constantinopoii
1700 5322 1960 5392 degentes
1982 5333 2037 5377 ct

462 5410 640 5461 varias
693 5409 744 5460 in
793 5420 974 5476 partes
1039 5411 1105 5463 ad
1173 5413 1459 5466 tractanda
1505 5414 1720 5483 negotia
1778 5430 2037 5470 commu-

461 5499 547 5551 nia
608 5500 906 5562 dimissos,
973 5501 1114 5554 hami
1167 5502 1329 5555 dubie
1381 5503 1660 5558 detentum
1704 5522 1732 5560 a
1773 5507 2033 5563 Romanis

458 5591 548 5652 iri,
599 5590 802 5659 quibus
859 5594 1260 5658 permutatione
1307 5595 1644 5651 redimendis
1697 5600 1834 5654 utile
1892 5600 2032 5654 foret

460 5677 658 5732 habere
697 5681 970 5734 liotnanos
1006 5683 1057 5734 in
1097 5682 1368 5745 custodia,
1399 5701 1538 5752 quos
1576 5687 1699 5742 inde
1730 5699 2032 5758 potuerunt

458 5779 673 5833 capere,
726 5771 1024 5825 incolumes
1053 5771 1452 5828 custodierunt.
1497 5774 1691 5832 Couati
1725 5779 1887 5834 ctiam
1929 5797 2026 5850 per

2150 4595 2371 4645 liorum.
2415 4593 2753 4648 Procedente
2798 4603 2981 4650 tamen
3013 4606 3276 4665 tempore,
3316 4611 3381 4650 ac
3431 4597 3562 4650 hinc
3607 4598 3732 4664 qui-

2150 4685 2272 4738 dem
2305 4684 2564 4738 Romanis
2599 4687 2760 4756 longo
2790 4687 2930 4741 irriti
2953 4688 3153 4742 obsidii
3179 4689 3340 4742 taedio
3372 4687 3735 4757 languescen-

2151 4781 2328 4842 tibus,
2367 4779 2609 4835 Catelani
2652 4782 2976 4851 accipiendo
3025 4783 3258 4838 subinde
3302 4783 3451 4837 illata
3496 4783 3734 4837 navibus

2145 4871 2390 4924 subsidia
2422 4888 2645 4926 suorum
2675 4873 2813 4928 adeo
2842 4875 2955 4944 jam
3002 4878 3149 4931 aucti
3192 4891 3426 4931 numero
3459 4886 3622 4939 sunt,
3672 4885 3734 4928 ut

2143 4965 2306 5031 potiri
2342 4979 2536 5033 campo
2581 4965 2895 5036 inferreque
2942 4969 3089 5023 ultro
3136 4969 3340 5024 bellum
3388 4971 3612 5024 emissis
3655 4969 3726 5022 ad

2143 5057 2396 5125 regiones
2436 5059 2788 5114 circumsitas
2825 5064 3124 5116 vastandas
3175 5073 3260 5118 sat
3309 5063 3504 5117 validis
3556 5063 3731 5130 copiis

2145 5152 2428 5203 auderent.
2459 5149 2637 5204 Causa
2679 5153 2802 5220 ejtts
2837 5153 3167 5209 incommodi
3215 5155 3317 5208 fuit
3347 5170 3485 5207 nova
3523 5155 3734 5224 Mpyri-

2147 5242 2281 5309 gerii
2307 5241 2476 5304 fraus,
2501 5245 2591 5309 qui
2618 5254 2742 5295 nona
2771 5243 2872 5296 sibi
2896 5243 3195 5299 Andronici
3229 5245 3492 5299 facilitate
3525 5247 3729 5298 iterum

2146 5335 2201 5386 in
2238 5349 2465 5387 suorum
2503 5335 2931 5402 periclitantium
2973 5341 3204 5405 gratiam
3265 5339 3414 5392 abuti
3458 5339 3729 5402 lentavit,

2146 5441 2212 5480 eo
2257 5428 2415 5490 plane
2448 5442 2610 5496 quem
2666 5439 2981 5496 speraverat
3015 5430 3220 5484 fructu.
3267 5430 3395 5484 Post
3441 5433 3531 5484 illa
3577 5433 3726 5485 enim

2145 5535 2266 5589 qiue
2301 5520 2368 5573 de
2400 5520 2491 5570 illo
2528 5519 2769 5573 diximus
2793 5561 2807 5583 ,
2841 5529 2893 5573 ct
2945 5537 3132 5575 necem
3171 5521 3474 5587 Rontzerii,
3527 5522 3729 5576 litteris

2145 5611 2210 5662 ad
2247 5611 2630 5677 imperatorem
2667 5613 2848 5665 missis
2881 5627 2940 5665 se
2977 5613 3079 5680 ipsi
3115 5613 3366 5668 videlicet
3402 5615 3719 5680 subjectum

2143 5712 2243 5751 nec
2290 5713 2317 5748 a
2365 5699 2546 5764 jurata
2610 5699 2715 5753 fide
2773 5702 3028 5765 obsequii
3089 5703 3396 5757 desciscere
3449 5705 3727 5758 volentem

2141 5789 2295 5842 vanis
2321 5793 2608 5845 verborum
2632 5792 2826 5845 ofﬁciis
2845 5795 3116 5847 exhibuit.
3142 5794 3280 5849 Tum
3312 5797 3474 5866 hujus
3497 5799 3730 5854 obtentu
