4046 6388
369 324 467 391 alii

1296 329 1394 390 DE
1438 325 1879 391 ANDRONICO
1923 329 2391 391 PALEEOLOGO
2424 332 2574 393 LIB.
2614 332 2721 393 VI.

3534 332 3642 399 582

366 446 774 517 παραιγιαλίων
827 447 1138 518 σκυλευμδν
1181 448 1552 519 ἐκπέμπουσι.
1613 449 1721 502 Καὶ
1757 447 1945 517 ἐπειδὴ
1977 454 2022 509 Α
2052 449 2314 513 δοκλειος·
2338 451 2385 502 οῖ
2408 450 2517 520 γὰρ
2543 450 2686 503 κατὰ
2716 450 2815 519 τὴν
2839 449 3077 521 περαίαν
3110 453 3290 506 πᾶσαν
3322 454 3637 523 ἐσκευαγώο

366 539 771 609 ιπροσὸαλόντες
808 540 910 610 μὲν
946 538 1193 612 ’Ἂρτάκῃ
1214 536 1453 608 ’ἐπινείῳ
1476 541 1746 606 Κυζίκου,
1774 556 1946 608 προσ-

366 630 624 692 ϐαλόντες
660 625 716 682 δὲ
750 632 1139 702 Προικοννήσῳ
1157 630 1309 683 οὐδὲν
1341 632 1559 701 ἤνυτον,
1590 632 1949 684 ὑποστάντων

368 722 616 793 στεῤῥὼς
646 724 754 775 τῶν
785 725 1045 785 ἐποίκων,
1082 724 1177 776 τοῦ
1206 724 1370 778 αὐτοῦ
1403 723 1751 786 Πυαντιῶνος
1782 722 1952 793 μηνὸς

370 810 591 883 εῗκοστῇ
639 815 801 883 ὀγδόῃ
848 814 1119 884 Πειρίνθῳ
1172 815 1581 884 ’προσϐάλλουσι
1622 817 1714 866 καὶ
1753 814 1953 883 ἡϐηδὸν

371 906 498 967 τοὺς
544 902 603 957 ’ὲν
660 905 801 974 αὐτῇ
859 907 1323 974 κατασφάττουσι.
1384 904 1584 973 Χώρας
1618 904 1662 956 δ’
1696 902 1953 972 ἠρήμουν

373 1000 472 1061 τὰς
506 1000 635 1069 παρ’
665 1000 927 1068 ἑκὸτερτ,
963 1001 1073 1052 τῶν
1108 1000 1209 1067 μὲν
1244 999 1730 1067 ἁπανισταμένων,
1767 996 1875 1048 τῶν
1908 995 1953 1049 δ’

373 1090 690 1158 ἁλωμένων,
723 1084 798 1143 ὧν
831 1090 958 1153 τοὺς
996 1090 1095 1160 μὲν
1130 1091 1395 1151 ἔκτεινον,
1430 1089 1556 1151 ’τοὺς
1595 1088 1639 1141 δ’
1670 1088 1953 1157 ἐλαφυρο-

372 1182 608 1236 πώλουν.
660 1184 760 1236 Διὰ
792 1183 962 1237 ταῦτα
990 1183 1184 1245 νυκτδς
1207 1183 1689 1252 ἀναπεπταμένων
1718 1181 1830 1233 τῶν
1853 1180 1955 1249 τῆς

374 1260 785 1329 Κωνσταντίνου
835 1275 1046 1340 πυλῶν,
1079 1277 1351 1328 παντοίων
1393 1273 1709 1344 ποταμείων
1744 1272 1956 1326 ὑδάτων

375 1367 556 1436 ῥεῦμα
606 1367 943 1437 μιμούμενον
984 1368 1279 1438 εἰσεχέετο,
1329 1366 1515 1433 ὀλίγον
1543 1367 1638 1418 καὶ
1682 1364 1858 1418 ταῦτα
1892 1366 1959 1418 ὲκ

374 1460 470 1513 τοῦ
508 1462 743 1531 τυχαίως
775 1461 833 1525 ἐξ
862 1455 937 1514 ὧν
968 1461 1052 1531 [Ρ.
1077 1459 1207 1532 568]
1230 1457 1374 1530 εἶχον
1400 1462 1820 1529 ἐπιφερόμενοι.
1852 1459 1960 1511 Καὶ

373 1556 443 1605 τὰ
485 1555 584 1623 μὲν
614 1553 721 1619 ἔξω
751 1554 1069 1626 αὐθημερὸν
1095 1555 1204 1609 ἀπὸ
1237 1554 1514 1624 θαλάσσης
1546 1554 1697 1615 ἐντος
1723 1552 1958 1623 ἠπείρου

378 1646 541 1717 μέχρι
582 1648 676 1699 καὶ
728 1646 787 1708 ἐς
833 1647 970 1701 πολὺ
1010 1647 1207 1717 ἀνέδην
1240 1647 1348 1700 τῶν
1382 1647 1521 1700 νεῶν
1566 1647 1960 1709 ἀποϐαίνοντες

376 1739 722 1808 ἐπυρπόλουν
756 1739 855 1803 τὰς
903 1738 1087 1810 χώρας
1114 1742 1209 1793 καὶ
1244 1741 1311 1794 τὰ
1348 1739 1609 1794 πάνδεινα
1659 1743 1959 1809 κατειργά-

2057 557 2214 606 γουν,
2271 544 2364 594 καὶ
2427 544 2542 595 ὅσοι
2603 542 2869 613 νησιδίοις
2921 543 3242 614 προσῴκουν
3303 546 3643 615 ἀποδράντες

2059 632 2297 701 Πέρσας,
2358 635 2489 702 μίαν
2530 630 2693 704 ἐἶχον
2726 634 2826 705 τὴν
2869 635 3026 688 πόλιν
3058 635 3118 701 ἐξ
3144 637 3368 691 είκαίων
3407 639 3639 710 ἐφοδίων

2054 727 2409 796 καταφυγήν.

2052 864 2083 927 ξ,
2113 860 2226 926 κς’.
2261 864 2402 931 Περὶ
2428 862 2551 917 τῶν
2572 864 2670 920 διὰ
2700 865 2808 918 τὸν
2832 866 3158 936 ἀμηραλῆν
3181 867 3590 937 πραχθέντων.

2132 997 2378 1065 Ἐφθασε
2408 999 2609 1067 δὲξκαὶ
2674 1000 2933 1070 βασιλεὺς
2994 1001 3090 1054 ἕνα
3149 1001 3263 1055 τῶν
3321 1002 3651 1055 Κατελάνων

2058 1092 2450 1162 προσφυγόντα
2475 1093 2616 1162 μετά
2640 1094 2749 1146 τῶν
2776 1094 2922 1147 ἰδίων
2956 1095 3037 1158 είς
3084 1095 3379 1165 ἀμηραλῆν
3411 1096 3651 1164 τιμήσας

2058 1185 2152 1236 καὶ
2175 1186 2250 1246 ὡς
2277 1186 2474 1255 πιστῷ,
2495 1187 2571 1249 ὡς
2598 1188 2661 1239 ἐκ
2685 1187 2901 1239 πολλῶν
2925 1187 3099 1265 ἐδίδου
3121 1186 3322 1250 δοκεῖν,
3342 1187 3650 1256 χρώμενος,

2058 1276 2142 1331 ὅτι
2192 1292 2257 1344 γε
2291 1278 2388 1330 καὶ
2437 1279 2518 1343 είς
2552 1276 2817 1348 Ἕλληνος
2878 1280 2974 1332 καὶ
3031 1279 3258 1348 γνώμην
3296 1280 3390 1331 καὶ
3453 1280 3652 1346 στολὴν

2064 1372 2444 1438 μετετάττετο.
2499 1371 2733 1435 Πολλοῖς
2763 1372 2820 1425 δὲ
2853 1374 2961 1425 καὶ
2996 1372 3341 1442 φιλοτησίαις
3380 1372 3518 1441 πρὸς
3553 1370 3651 1425 τοῦ

2062 1461 2398 1530 κρατοῦντος
2449 1462 2749 1531 ὲκυδροῦτο
2806 1465 2930 1525 ταῖς
2957 1462 3323 1531 εὐεργεσίαις.
3358 1461 3499 1530 Πρὸς
3531 1461 3655 1513 τού-

2062 1571 2179 1617 τοις
2235 1556 2329 1608 καὶ
2390 1555 2611 1622 εὐγενεῖ
2661 1554 2804 1625 κόρῃ
2854 1556 2920 1624 τῇ
2960 1553 3050 1606 τοῦ
3090 1553 3292 1623 παχέος
3344 1552 3540 1606 Ῥαοίδλ
3572 1557 3655 1617 εἰς

2064 1647 2246 1714 γάμον
2279 1646 2516 1716 νόμιμον
2553 1645 2910 1716 συνῳκίζετο.
2963 1645 3153 1714 Τούτῳ
3206 1644 3468 1714 βασιλεὺς
3499 1645 3656 1697 ἐκτό-

2067 1758 2182 1802 πως
2216 1739 2515 1803 πιστεύων,
2576 1736 2635 1804 ἐξ
2680 1738 2905 1791 Ἰταλῶν
2951 1737 3332 1809 ἀρτυσάμενος
3364 1735 3500 1789 ναῦν
3558 1736 3655 1790 καὶ
3718 1732 3727 1740 ’

376 1806 554 1894 (aveo,
605 1829 873 1884 πλείστων
904 1806 1076 1884 "Ba—mai
1125 1833 1294 1901 πυρὸς
1330 1833 1423 1884 καὶ
1462 1831 1742 1902 μαχαίρας
1799 1806 1963 1900 ἔργον
1994 1806 2037 1864 Β
2070 1835 2259 1904 ρὀαις
2287 1831 2629 1899 ἐξικανώσας
2678 1832 2808 1894 τοὺς
2838 1832 2899 1883 ὲν
2927 1806 3068 1899 αὐτῇ
3117 1829 3260 1900 πρὸς
3288 1831 3350 1882 τὸ
3378 1827 3655 1883 ἀποστέλ-

376 1921 711 1990 γενομὲνων,
751 1921 819 1974 τὰ
848 1918 892 1975 δ’
929 1923 1080 1986 ἐντὸς
1113 1926 1347 1994 σφαῖρος
1386 1920 1455 1996 ἦν
1486 1925 1648 1986 ἄλλος
1689 1927 1717 1977 ὁ
1759 1924 1966 1992 Ἐμπε-

378 2102 765 2157 auctoritatem
800 2103 1034 2158 consilio
1062 2104 1269 2157 addens
1298 2144 1312 2167 ,
1345 2105 1735 2159 commendare
1766 2104 1968 2160 institit

381 2194 718 2248 indutiarum
757 2204 814 2250 et
851 2196 1229 2251 conventionis
1274 2212 1401 2251 cum
1459 2184 1876 2265 Call‘politanis,
1910 2206 1969 2251 ut

383 2272 649 2340 Romanis
699 2287 972 2342 utiliorem
1021 2302 1185 2356 quam
1237 2296 1439 2357 aperta:
1491 2288 1964 2357 impugnatiouis,

384 2379 576 2432 viam:
626 2392 807 2433 seram
860 2378 1006 2434 enim
1053 2389 1107 2434 et
1155 2383 1330 2432 multo
1380 2379 1666 2433 eruendam
1720 2377 1968 2433 Romano

384 2475 655 2543 Sanguine
686 2482 794 2525 tam
817 2474 1202 2528 munitaeareis
1233 2473 1699 2543 expugnationem
1727 2476 1965 2530 ostendi.

385 2562 568 2632 Quare
616 2574 717 2629 ut,
769 2581 910 2633 quas
972 2567 1187 2620 audiret
1241 2568 1359 2621 sine
1410 2582 1587 2636 operte
1629 2568 1803 2637 pretio
1864 2569 1972 2623 fre-

387 2657 924 2726 quentari,ca2dibus
960 2673 1184 2712 suorum
1219 2669 1486 2727 parceret.
1529 2658 1729 2728 pacist'i
1787 2660 1967 2712 utrin-

382 2763 493 2817 que
549 2751 757 2816 aliquot
804 2749 1017 2804 dierum
1062 2750 1428 2804 cessationem
1483 2766 1513 2804 a
1566 2751 1618 2803 vi
1667 2751 1964 2814 suadebat,

388 2855 537 2910 spem
573 2840 782 2894 faciens
815 2842 914 2893 ista
949 2855 1100 2893 mora
1137 2839 1517 2894 conditionum
1545 2840 1968 2907 digerendarum

386 2937 690 2991 commoda:
716 2937 1075 3005 honestaeque
1103 2934 1374 2989 ambabus
1408 2949 1561 3003 acque
1596 2924 1844 3002 partibus
1871 2948 1970 3001 pa-

388 3029 487 3082 cis.
536 3026 650 3080 llae
681 3027 774 3081 ille
823 3026 1014 3106 dolosa
1047 3025 1428 3095 negotiatione
1467 3026 1587 3093 plus
1632 3023 1755 3077 fidei
1802 3039 1966 3094 quam

2067 1924 2183 1978 λειν
2211 1920 2301 1995 ἦν,
2329 1922 2806 1995 τριηραρχοῦντος
2844 1922 3038 1976 αὐτοῦ.
3079 1920 3317 1991 Ἔμελλε
3341 1921 3398 1974 δὲ
3421 1920 3532 1994 ἄρα
3557 1921 3657 1974 καὶ

2073 2115 2220 2166 runt,
2255 2103 2515 2172 omnique
2556 2112 2751 2156 caetera
2800 2100 3019 2156 hostilis
3060 2101 3266 2157 furoris
3312 2101 3655 2157 immanitate

2073 2197 2128 2251 in
2188 2197 2347 2250 obvia
2401 2208 2602 2250 cuneta
2655 2194 2973 2258 saevierunt,
3016 2195 3354 2265 mortalibus
3392 2196 3652 2266 plurimis

2077 2306 2182 2359 qua
2219 2288 2363 2342 ferro
2390 2302 2496 2356 qua
2543 2285 2759 2339 flamma
2795 2286 3167 2356 consumptis.
3219 2286 3490 2342 Interiora
3527 2303 3683 2343 vero.

2075 2379 2466 2435 infelicissima:
2496 2378 2642 2432 Asiae
2669 2377 2830 2430 aliam
2862 2378 3239 2446 patiebantur,
3267 2379 3428 2448 quasi
3453 2380 3521 2434 ab
3546 2382 3659 2434 illic

2074 2474 2287 2526 incluso
2322 2486 2463 2524 novo
2504 2468 2876 2539 Empedocleo
2919 2479 3040 2525 utre
3084 2481 3458 2541 erumpentem
3521 2483 3662 2528 tem-

2073 2573 2341 2633 pestatem
2374 2576 2403 2615 a
2439 2560 2624 2615 Persis
2654 2560 2962 2617 Orientales
2990 2563 3283 2619 universos
3325 2572 3530 2620 tractus
3557 2550 3656 2620 de-

2076 2655 2370 2725 prmdando
2414 2656 2651 2708 scrutari
2689 2655 3041 2723 pergentibus
3074 2663 3128 2709 ct
3165 2670 3339 2723 usque
3369 2656 3419 2710 in
3452 2657 3660 2711 insulas

2076 2750 2140 2801 ad
2175 2749 2281 2803 hoc
2329 2750 2513 2820 ipsum
2576 2748 3107 2804 transmittentibus.
3162 2747 3320 2804 Unde
3375 2758 3456 2804 tot
3510 2754 3661 2805 varie

2075 2839 2512 2894 miserrimorum
2548 2856 2578 2895 e
2610 2840 2931 2895 continente
2965 2850 3235 2907 utraque,
3271 2856 3301 2894 e
3338 2840 3537 2895 vicinis
3575 2843 3659 2894 in-

2073 2931 2229 2996 sulis,
2251 2933 2542 2987 Persarum
2568 2934 2635 2987 ab
2666 2930 2898 2998 oriente,
2923 2932 3314 2987 Catelanornm
3345 2937 3414 2988 ab
3444 2950 3653 2988 oreasu

2074 3026 2460 3096 sanguinarias
2510 3040 2707 3081 manus
2759 3026 3007 3081 dimissis
3056 3026 3313 3081 domibus
3365 3026 3657 3081 declinan-

382 3118 706 3173 merebatur
752 3127 970 3182 nactus,
1008 3117 1249 3188 spatium
1288 3116 1538 3171 obsessis
1559 3114 1817 3184 Gallipoli
1865 3116 2040 3197 Ca-C
2076 3119 2233 3183 tium,
2291 3135 2457 3172 unum
2511 3134 2808 3175 commune
2855 3115 3164 3190 perfugium
3216 3120 3350 3173 urbs
3395 3130 3535 3181 erat.
3587 3120 3657 3177 ad

380 3215 592 3268 vtelauis
628 3212 867 3283 providit
904 3210 1025 3278 ejus
1062 3210 1206 3264 arcis
1242 3209 1654 3280 Oppugnatione
1701 3209 1816 3264 acri
1853 3223 1964 3264 non

384 3322 577 3376 parum
638 3318 921 3360 concussae
959 3302 1278 3371 reparanda:
1326 3301 1766 3365 inducendisque
1818 3316 1969 3354 eom-

378 3395 656 3450 meatibus
704 3404 761 3449 et
803 3394 1092 3464 praesidiis,
1127 3392 1401 3447 tutissime
1432 3389 1966 3461 liunandaze..Neqtte

386 3487 472 3541 his
504 3488 770 3551 contenti,
806 3487 981 3555 longis
1012 3495 1226 3551 septem
1256 3483 1490 3538 navibus
1524 3482 1756 3551 aliisque
1784 3484 1966 3535 mino-

384 3580 537 3634 ribus
568 3595 762 3634 novem
794 3579 996 3634 lectum
1028 3577 1235 3630 militiae
1271 3577 1614 3644 imponentes
1646 3574 1836 3639 robur,
1864 3574 1966 3629 bos

380 3675 454 3727 ad
486 3674 793 3729 accolarum
845 3688 956 3727 om
992 3672 1120 3726 hinc
1171 3671 1299 3725 inde
1333 3667 1497 3739 529
1530 3668 1818 3722 maritima:
1859 3666 1962 3723 Ro-

381 3781 673 3819 manorum
734 3764 1097 3819 vastationem
1156 3762 1461 3817 immisere.
1532 3759 1705 3814 Primi
1768 3759 1966 3813 horum

380 3869 618 3914 conatus
652 3857 805 3912 [uere
845 3855 1181 3926 Oppugnatio
1219 3855 1471 3918 Artacae,
1508 3853 1656 3922 quod
1699 3861 1782 3906 est
1815 3852 1967 3906 urbis

385 3951 566 4022 Cyzici
598 3951 809 4014 navale,
837 3956 889 4003 et
916 3947 1296 4012 Proeconnesi,
1316 3955 1548 4015 utraque
1567 3944 1724 3998 irrita
1755 3945 1824 3999 ob
1849 3944 1967 3998 for-

384 4051 494 4098 tem
533 4043 838 4096 incolarum
873 4039 1278 4095 defensionem.
1322 4038 1486 4093 Sorte
1530 4044 1713 4091 tamen
1754 4035 1966 4105 dispari

383 4135 505 4204 ejus
533 4134 657 4189 Maii
697 4134 901 4188 mensis
940 4141 1131 4187 octava
1152 4139 1206 4186 et
1228 4130 1491 4185 vicesima
1523 4129 1612 4184 die
1642 4126 1965 4181 Perinthum

382 4229 627 4297 aggressi
668 4227 1039 4297 subegerunt,
1083 4223 1380 4294 puberibus
1414 4221 1524 4276 illic
1554 4220 1769 4276 cunctis
1797 4219 1970 4274 inter-

382 4318 453 4374 fer
475 4320 565 4383 tis,
603 4319 967 4391 regionesque
997 4318 1049 4372 in
1094 4327 1329 4385 utraque
1386 4314 1707 4370 continente
1741 4314 1819 4369 illi
1853 4313 1967 4369 cir-

384 4414 655 4467 cnmsitas
697 4411 817 4465 urbi
863 4409 1216 4472 desolarunt,
1265 4409 1459 4463 barum
1516 4407 1714 4463 incolis
1764 4408 1964 4478 partim

2076 3227 2240 3280 quam
2273 3213 2425 3267 nullo
2453 3221 2545 3267 aut
2578 3213 2831 3284 pertenui
2867 3212 3067 3268 viatico
3099 3214 3351 3268 instructi
3383 3213 3613 3269 couvola
3639 3241 3660 3256 -

2078 3304 2229 3359 baut.

2289 3441 2379 3496 26.
2421 3440 2494 3497 De
2522 3443 2654 3495 actis
2680 3458 2772 3510 per
2808 3453 2859 3497 et
2887 3450 3100 3512 propter
3125 3444 3438 3498 amarciem.

2148 3577 2348 3647 Aliquo
2381 3585 2561 3631 autem
2607 3574 2757 3644 prius
2790 3584 3039 3644 tempore
3070 3590 3233 3644 quam
3267 3576 3380 3628 haec
3428 3576 3619 3632 flerent
3641 3617 3658 3644 ,

2075 3679 2369 3737 exceperat
2401 3670 2703 3736 imperator
2729 3665 3049 3721 Catelanum
3077 3667 3366 3735 quemdam
3394 3682 3517 3721 cum
3542 3671 3660 3723 suis

2075 3760 2509 3830 confugientem,
2537 3769 2592 3813 et
2615 3759 2777 3813 titulo
2800 3759 3060 3814 ameralis
3086 3761 3474 3817 bonoraverat.
3500 3760 3664 3832 53o

2076 3854 2235 3908 llunc
2268 3853 2371 3908 sibi
2421 3852 2588 3906 fidum
2632 3859 2685 3906 et
2725 3867 2848 3908 esse
2878 3861 2932 3908 et
2965 3854 3082 3907 fore
3116 3868 3242 3906 cum
3286 3854 3409 3907 aliis
3445 3854 3659 3910 idoneis

2075 3963 2106 4002 e
2136 3947 2310 4017 signis
2351 3947 2697 4009 autumabat,
2735 3955 2848 3999 tum
2878 3947 3021 4016 quod
3057 3946 3255 4019 dogma
3285 3949 3660 4017 vestitumque

2073 4037 2398 4094 Latinorum
2421 4040 2613 4093 Graeco
2641 4048 2966 4103 mutaverat,
2989 4041 3042 4093 in
3072 4049 3322 4096 nostrum
3361 4056 3470 4095 non
3496 4043 3662 4094 modo

2076 4145 2360 4186 sacrorum
2399 4133 2565 4185 ritum
2595 4131 2691 4186 sed
2733 4141 2788 4186 et
2826 4133 3032 4186 cultum
3079 4133 3294 4187 civilem
3327 4148 3386 4188 se
3420 4134 3661 4188 transfe-

2077 4243 2227 4292 rens,
2273 4227 2462 4283 multis
2494 4225 2619 4280 ideo
2659 4224 2728 4279 ab
2769 4225 3100 4294 imperatore
3138 4226 3345 4279 amoris
3376 4223 3660 4295 signiﬁca~

2074 4320 2323 4376 tionibus
2352 4319 2601 4384 affectus,
2646 4317 2832 4372 multis
2867 4325 3098 4371 ornatus
3140 4318 3447 4381 beneficiis,
3475 4328 3531 4373 et
3564 4335 3662 4374 su-

2078 4428 2175 4484 per
2199 4412 2383 4469 omnia
2420 4410 2703 4482 praenobili
2741 4411 2941 4481 virgini
2976 4410 3098 4464 ﬁliae
3131 4408 3325 4465 Raulis
3354 4409 3539 4466 Crassi
3581 4411 3662 4465 le-

384 4516 531 4561 metu
573 4503 760 4574 fugere
791 4503 1120 4573 compulsis,
1162 4502 1359 4572 partim
1415 4501 1469 4554 in
1518 4506 1845 4570 potestatem
1878 4515 1965 4554 re-
1992 4493 2045 4554 D
2072 4506 2263 4576 gitimo
2307 4503 2661 4558 matrimonio
2705 4503 3058 4573 coniunctus.
3107 4500 3203 4556 Isti
3258 4513 3336 4556 tot
3391 4502 3534 4558 dalis
3581 4510 3662 4557 tot

380 4599 583 4660 dactis,
614 4610 852 4667 quorum
895 4596 1165 4665 quosdam
1203 4593 1549 4655 occiderunt,
1578 4591 1714 4645 alios
1752 4592 1806 4644 in
1838 4605 1963 4645 ser-

381 4698 613 4748 vitutem
643 4692 1034 4747 vendiderunt.
1060 4688 1235 4743 Porro
1272 4687 1339 4743 iis
1368 4704 1506 4758 quos
1539 4686 1652 4741 dixi
1680 4702 1746 4742 ex
1764 4684 1966 4741 Orien-
2012 4700 2025 4707 '

382 4790 474 4840 tali
516 4786 774 4840 Perintho
811 4784 1038 4839 adversa
1091 4782 1415 4836 continente
1445 4779 1648 4835 caulem
1684 4794 1749 4832 ae
1783 4777 1961 4846 capti-

380 4877 609 4929 vitatem
642 4875 767 4946 fuga
792 4873 1157 4944 praevertisse,
1179 4873 1423 4926 maximo
1457 4871 1702 4940 undique
1730 4884 1963 4924 numero

378 4984 447 5021 ex
482 4977 633 5022 tanta
671 4967 872 5021 vicinia
902 4965 1368 5021 concurrentibus
1412 4964 1479 5017 ad
1531 4966 1719 5019 urbem
1752 5005 1769 5029 ,
1799 4961 1963 5030 cujus

380 5061 449 5115 ad
480 5061 584 5116 hoc
617 5061 796 5129 ipsum
831 5070 1004 5130 porta:
1036 5067 1203 5113 noctu
1242 5066 1443 5127 apertae
1483 5058 1837 5121 tenebantur,
1881 5059 1963 5110 vi-

377 5156 542 5210 deres
568 5154 894 5209 iunnensam
931 5153 1148 5207 turbam
1179 5151 1357 5220 plebis
1389 5152 1625 5215 miserae,
1658 5150 1805 5203 velut
1856 5149 1960 5203 flu-

380 5247 504 5300 vios
522 5257 715 5302 auctos
747 5244 1112 5311 torrentibus,
1143 5243 1400 5309 influere,
1449 5256 1625 5313 pauca
1661 5241 1964 5297 inferentes

381 5355 413 5394 e
445 5340 603 5409 copia
658 5337 1001 5402 domestica,
1060 5336 1399 5406 quantulum
1458 5335 1724 5389 nimirum
1765 5336 1962 5404 raptim

381 5431 620 5501 quisque
663 5436 830 5486 domo
879 5429 1092 5501 fugiens
1137 5429 1358 5485 auferre
1407 5437 1688 5500 potuerat,
1749 5438 1962 5483 terrore

380 5533 771 5578 consternatus
802 5523 1229 5588 Catelanorum;
1263 5523 1355 5593 qui
1389 5521 1579 5577 eadem
1605 5522 1693 5577 die
1727 5536 1834 5592 qua
1868 5536 1966 5590 po-

383 5618 468 5670 titi
506 5615 769 5671 Perintho
806 5614 1058 5680 fuerant,
1096 5616 1361 5685 promotis
1390 5617 1443 5669 in
1480 5619 1785 5686 oppositam
1822 5617 1965 5669 Asia:

382 5723 538 5763 oram
577 5709 831 5775 navibus,
887 5717 949 5774 et,
974 5724 1038 5764 ex
1074 5709 1143 5763 iis
1174 5709 1649 5763 confidentissime
1693 5707 1963 5761 militibus

382 5801 438 5854 in
468 5800 621 5855 littus
650 5802 936 5870 expositis,
980 5799 1156 5870 ignem
1190 5800 1346 5854 tectis
1381 5814 1476 5870 per
1511 5813 1732 5868 campos
1761 5797 1961 5868 iujece-

2077 4598 2320 4668 acceptis
2353 4608 2554 4651 nmtuae
2583 4596 2982 4652 benevolentia}
3015 4594 3337 4665 pignoribus
3362 4596 3525 4665 plane
3553 4596 3658 4650 sibi

2075 4698 2229 4743 certo
2252 4730 2266 4752 ,
2301 4698 2355 4743 et
2389 4698 2550 4757 prout
2597 4687 2950 4742 securissime
2992 4685 3251 4741 credebat
3280 4722 3296 4748 ,
3329 4686 3661 4740 constantis-

2075 4782 2214 4836 sime
2245 4780 2386 4836 [ideli
2414 4779 2986 4851 armatamfexdtalis
3016 4794 3209 4835 navem
3239 4787 3296 4833 et
3341 4786 3659 4833 auctoratos

2073 4872 2429 4941 pensionibus
2485 4871 2723 4938 idoneis,
2768 4886 2908 4941 quos
2956 4870 3292 4941 imposuerat
3334 4870 3407 4936 ei,
3455 4869 3660 4924 milites

2069 4966 2414 5021 committere
2474 4965 2818 5028 decreverat,
2882 4946 3328 5032 praemittereque
3389 4963 3656 5017 adversus

2069 5057 2260 5112 hostes
2294 5059 2610 5112 trierarcbte
2645 5062 2933 5126 potestate,
2980 5054 3247 5124 pollicens
3294 5069 3353 5108 se
3395 5052 3530 5108 alias
3574 5053 3655 5107 illi

2071 5150 2478 5204 submissurmn
2516 5165 2703 5217 naves,
2734 5150 2937 5220 quibus
2983 5147 3189 5217 piratas
3229 5154 3283 5201 et
3310 5145 3516 5200 classes
3553 5145 3654 5200 hn-

2072 5244 2225 5297 stiles
2259 5257 2408 5296 mare
2448 5252 2700 5297 nostrum
2734 5241 3060 5298 infestantes
3090 5250 3394 5295 coerceret.
3430 5239 3567 5294 Dam
3599 5241 3653 5294 in

2071 5333 2178 5389 hoc
2202 5342 2467 5404 apparatu
2496 5349 2584 5389 res
2615 5334 2839 5388 stabant
2868 5341 2921 5389 et
2945 5333 3058 5402 jam
3096 5334 3414 5402 procinctus
3440 5345 3656 5383 amora-

2076 5428 2154 5481 les
2186 5434 2449 5495 tanquam
2487 5442 2614 5481 mox
2653 5427 2941 5482 soluturus
2980 5425 3101 5480 vale
3140 5424 3349 5479 diceret
3383 5423 3654 5490 Augusto,

2073 5536 2204 5574 ecce
2238 5521 2363 5573 huic
2400 5522 2649 5583 nuntiat,
2704 5536 2865 5589 quem
2921 5527 3118 5574 vocant
3173 5517 3327 5572 navis
3364 5514 3655 5578 comitem,

2075 5613 2336 5682 magister
2367 5623 2423 5667 et
2459 5615 2773 5667 moderator
2820 5613 3083 5682 remigum
3111 5653 3125 5674 ,
3174 5625 3295 5665 sese
3347 5608 3658 5675 deprehen-

2074 5704 2222 5758 disse
2250 5704 2354 5757 sub
2384 5688 2628 5759 tabulato
2660 5703 2904 5758 triremis
2930 5704 3216 5765 insidiose,
3244 5709 3301 5754 ut
3330 5698 3653 5769 apparebat,

2074 5799 2141 5850 ab
2180 5796 2419 5850 amerale
2468 5796 2581 5849 illic
2619 5795 2975 5852 absconditos
3011 5794 3132 5862 plus
3170 5806 3329 5861 quam
3376 5790 3654 5859 quinqua-
