4046 6390
439 331 546 396 583

1622 335 1951 399 GEORGII
1990 341 2477 404 PACHYMERE

3614 332 3715 403 58‘

441 472 609 534 ἄλλας
662 474 893 524 κατόπιν
952 471 1272 545 ἐκπέμπειν
1323 483 1819 550 συναμυνουμένας
1893 483 2023 546 τοὺς
2055 488 2100 545 Α
2130 483 2438 554 ξύγκλυδας
2473 487 2569 540 καὶ
2607 482 2690 549 οἷς
2724 486 2963 557 συνήθης
2993 487 3020 541 ό
3046 484 3300 554 θόρυϐος.
3356 484 3466 537 Καὶ
3501 482 3561 537 ἓν
3607 501 3713 536 τινι

439 564 719 625 ἐπιόντας.
789 561 879 626 Ὦς
921 563 1057 631 γοῦν
1108 569 1465 622 συνετάττετο
1518 569 1606 643 [Ρ.
1636 573 1767 646 369]
1810 574 2028 644 βασιλεῖ

439 658 699 725 καὶπρὸς
739 659 860 720 ταῖς
905 657 1108 722 ἐξόδοις
1143 654 1234 730 ἦν,
1276 661 1604 730 ἀγγέλλεται
1652 667 1705 719 oi
1737 669 1891 738 παρὰ
1927 669 2025 722 τοῦ

439 749 686 818 κόμητος
720 748 824 817 τῆς
853 747 993 812 νεὼς
1025 750 1102 813 ὡς
1147 752 1565 824 Ἀμογαϐἀρους
1598 759 1695 811 καὶ
1725 758 1869 829 ὑπὲρ
1899 761 2027 824 τοὺς

441 845 807 910 πεντήκοντα,
831 842 908 903 ὡς
945 842 1192 909 είκάσαι,
1237 848 1519 920 κρυφηδόν
1552 849 1668 920 ἔχει
1705 852 1818 905 τῶν
1855 871 2028 907 κατα-

442 937 789 1004 στρωμάτων
841 937 1030 1001 ἐντός⁸
1081 940 1111 991 ὃ
1141 939 1207 1009 δὴ
1257 943 1355 995 καὶ
1407 945 1665 1014 φωραθὲν
1691 945 1899 1011 εὐθέως
1927 947 2028 1017 τήν

439 1029 703 1083 ἀπιστίαν
760 1032 1006 1101 παρίστα
1039 1031 1134 1087 καὶ
1178 1033 1273 1086 τοῦ
1316 1037 1681 1107 τριηράρχου.
1712 1038 1879 1092 Καὶό
1927 1039 2027 1104 μὲν

438 1122 821 1189 ἐγκέκλειστο,
874 1125 927 1177 οἱ
973 1124 1031 1178 δὲ
1064 1125 1160 1179 καὶ
1199 1126 1355 1179 αὐτοὶ
1386 1126 1407 1197 (
1424 1126 1580 1181 οὔπω
1609 1129 1720 1198 γὰρ
1751 1129 1848 1183 καὶ
1875 1123 2027 1183 οὗτοι

436 1215 643 1278 τελέως
699 1215 1034 1285 ἠγγέλλοντο
1086 1218 1157 1270 τὰ
1187 1217 1379 1287 δεινὰ)
1430 1220 1488 1270 ἐν
1525 1220 1827 1290 τηρήσεσιν
1856 1216 2023 1293 ἦσαν,

438 1305 581 1374 πλὴν
614 1306 726 1373 τῶν
773 1308 1133 1362 ἀποστάντων
1170 1309 1410 1362 ἐκεῖθεν.
1473 1311 1613 1364 Ἀλλ’
1648 1312 1810 1374 εὐθὺς
1847 1316 1901 1367 αι
1931 1332 2024 1366 πι-

438 1397 572 1465 κραὶ
605 1396 787 1466 φῆμαι
817 1397 1265 1466 κατελάμϐανον,
1295 1398 1363 1463 ἃς
1386 1400 1488 1452 οὐκ
1514 1399 1699 1465 ἄλλος,
1726 1399 1843 1454 ἀλλ’
1867 1401 2026 1455 αὐτοὶ

439 1486 719 1555 ἐφήμιζον
747 1486 797 1539 οἱ
832 1487 1122 1552 παθόντες,
1145 1489 1243 1541 καὶ
1271 1488 1438 1559 θροῦς
1468 1490 1731 1561 ἠγείρετο
1760 1492 2029 1563 παμπλη-

439 1576 559 1647 θὴς,
584 1580 680 1628 καὶ
704 1576 934 1648 θόρυϐος
964 1580 1032 1632 ἐκ
1056 1580 1279 1634 πάντων
1304 1581 1392 1635 διὰ
1423 1582 1485 1635 τὸ
1505 1583 1789 1650 φίλοικτον
1811 1583 2026 1652 ἵστατο,

436 1670 535 1722 καὶ
569 1668 669 1738 τὴν
701 1667 810 1721 τῶν
860 1669 1189 1737 Ῥωμαϊκῶν
1236 1673 1374 1724 νεῶν
1405 1675 1751 1746 κατῃτιῶντο
1787 1678 2027 1732 κατάλυ-

438 1778 548 1826 σιν,
586 1763 660 1823 ὼς
687 1762 791 1814 οὐκ
822 1761 889 1815 ἂν
920 1763 1149 1816 πάθοιεν
1182 1763 1437 1829 τοιαῦτα,
1467 1767 1518 1818 εἰ
1550 1767 1579 1819 ὁ
1612 1768 1865 1838 συνήθης
1899 1770 2023 1823 στό-

435 1853 528 1917 λος
555 1854 763 1924 περιὼν
791 1854 1113 1923 ἐξηρτύετο,
1143 1858 1238 1910 καὶ
1271 1857 1442 1910 πολλὰ
1474 1860 1570 1911 καὶ
1599 1860 1753 1928 παρᾶ
1776 1860 1838 1913 τὺ
1874 1841 2036 1925 εἰκὸς.
2056 1841 2098 1897 Β

434 1948 742 2000 διελάλουν.
798 1947 974 2001 Τοῦτο
1023 1953 1188 2017 γνοὺς
1240 1950 1618 2022 πατριάρχης,
1672 1953 1898 2021 ἀπάρας
1947 1953 2026 2017 ὡς

433 2029 551 2102 εἶχε
599 2034 697 2103 τῆς
732 2036 1018 2098 κατοικίας
1120 2054 1224 2090 που
1276 2039 1542 2109 κατῴκει,
1582 2040 1748 2112 ἔργον
1786 2042 1931 2110 ἔχων
1960 2044 2024 2097 τὸ

436 2123 869 2175 σπουδαιότατον
900 2126 1029 2196 περί
1059 2127 1154 2180 τὸν
1177 2127 1350 2198 δῆμον
1394 2132 1876 2205 σπουδαιοτριϐεῖν
1927 2135 2026 2189 καί

434 2231 501 2282 γε
525 2215 594 2267 τὰ
628 2214 801 2267 πολλὰ
857 2216 1304 2289 δημοχαριστεϊν,
1364 2224 1511 2277 κατὰ
1550 2226 1652 2295 τὴν
1720 2209 1897 2296 μέσην
1921 2227 2024 2296 τῆς

434 2307 648 2376 ἀγορᾶς
688 2309 1044 2379 μεσημϐρίας
1096 2312 1417 2381 ἐφίσταται,
1471 2318 1564 2369 καὶ
1597 2315 1861 2387 ξυγκαλεῖ
1898 2320 2024 2382 τοὺς

436 2504 585 2574 ginta
621 2504 999 2576 Amogabaros
1028 2517 1294 2566 armatos.
1333 2510 1391 2566 ld
1421 2513 1566 2583 quod
1594 2530 1622 2567 ι
1652 2516 1839 2573 missis
1872 2517 2023 2576 illico

435 2598 884 2666 exploratoribus
914 2602 1253 2664 incredibilis
1284 2605 1417 2660 facti
1451 2608 1801 2665 verissimum
1838 2627 2024 2683 reper-

435 2700 551 2745 tum
590 2692 877 2761 perfidiam
911 2696 1235 2752 trierareha
1268 2698 1613 2756 manifestam
1645 2703 1799 2759 fecit.
1834 2704 2020 2772 Quare

437 2783 487 2837 is
544 2783 763 2851 quidem
812 2785 1033 2841 clausus
1074 2799 1409 2853 asservatur,
1440 2791 1767 2862 deprehensi
1804 2811 1933 2851 vero
1966 2798 2019 2851 in

432 2875 663 2931 latebris
698 2876 937 2943 milites,
968 2879 1128 2948 quasi
1164 2888 1224 2933 ut
1251 2882 1477 2951 plenius
1522 2884 1907 2955 inquireretur
1952 2889 2022 2944 de

435 2965 680 3022 nondum
718 2969 959 3037 perfecte
1007 2972 1285 3029 convictis
1326 2975 1547 3046 maligni
1588 2978 1778 3045 animi,
1825 2980 1879 3035 in
1927 2996 2024 3037 cu-

434 3060 647 3115 stodias
675 3072 729 3115 ct
759 3060 861 3130 ipsi
898 3061 1007 3115 dati
1037 3073 1198 3127 sunt,
1231 3075 1431 3134 praeter
1459 3083 1691 3138 paucos,
1726 3072 1877 3127 inter
1904 3074 2019 3144 pri-

433 3168 585 3206 mmn
626 3153 922 3208 tumultum
955 3154 1196 3225 elapsus.
1237 3155 1370 3226 Ejus
1403 3159 1484 3213 rei
1529 3161 1672 3217 fama
1706 3163 1890 3218 statim
1927 3180 2021 3232 per
2050 3183 2093 3242 ρ

430 3243 710 3298 civitatem
744 3243 1141 3299 incredibiliter
1161 3249 1843 3318 cansternavitpOpulum,
1878 3253 2018 3308 ima-

430 3338 559 3405 gine
610 3336 868 3392 horrendi
904 3338 1061 3394 exitii
1115 3339 1169 3393 in
1216 3340 1365 3409 quod
1420 3356 1560 3412 pene
1604 3343 1799 3400 fuisset
1846 3347 2015 3401 nimia

430 3430 698 3486 facilitate
747 3429 1010 3513 credendi
1060 3433 1371 3502 respublica
1406 3436 1677 3506 conjecta.
1722 3434 1923 3493 Primae
1957 3438 2015 3493 in

431 3522 537 3578 hoc
567 3523 798 3578 tumultu
838 3532 1023 3593 partes
1058 3534 1216 3579 erant
1245 3540 1647 3593 convenarum,
1699 3529 1768 3584 de
1816 3530 2019 3600 quibus

431 3615 694 3680 diximus,
713 3615 936 3670 illorum
967 3617 1017 3669 vi
1047 3632 1115 3671 ac
1144 3628 1357 3683 terrore
1385 3620 1714 3676 Catelanicze
1744 3621 2017 3677 incursio-

428 3706 517 3761 nis
550 3706 962 3776 compulsorum
1005 3707 1146 3762 intra
1194 3710 1408 3766 urbem.
1463 3709 1527 3766 Hi
1566 3723 1627 3766 ut
1669 3714 1883 3783 experti
1916 3714 2018 3768 im-

429 3796 749 3852 manitatem
777 3796 898 3866 ejus
930 3798 1128 3866 gentis,
1160 3799 1316 3868 cujus
1347 3801 1402 3855 in
1437 3811 1760 3872 potestatem
1801 3813 2014 3860 tantum

428 3902 541 3942 non
569 3886 695 3941 data
730 3889 863 3943 urbs
895 3886 1111 3955 fuisset,
1141 3888 1425 3958 ejulabaut
1457 3891 1708 3948 videlicet
1739 3896 2010 3964 impoten-

430 3982 546 4035 tius
568 3980 810 4041 czeteris.
833 3994 973 4035 unos
1004 3996 1062 4034 se
1089 3981 1346 4034 nimirmn
1368 3984 1611 4038 onmium
1640 3985 1783 4040 scire
1806 3986 2017 4042 aienles

428 4083 698 4146 quantum
727 4073 953 4130 haberet
996 4074 1261 4145 perniciei
1301 4074 1619 4131 Catelanica
1645 4115 1662 4140 ,
1690 4092 1857 4146 quam
1889 4088 2019 4134 tau-

430 4175 546 4219 tum
598 4179 711 4219 non
766 4162 1153 4229 incurrissent,
1193 4163 1432 4219 servitus
1455 4170 1487 4224 ς’
1509 4174 1567 4220 et
1623 4166 1948 4222 maestitiam
1981 4183 2013 4223 e

429 4257 633 4313 vicinia
686 4256 918 4327 periculi
967 4255 1256 4328 querulam
1308 4257 1640 4327 contagione
1688 4259 1743 4313 in
1802 4256 2017 4330 plebem

434 4349 586 4404 facili
633 4350 945 4419 vulgantes,
996 4347 1178 4403 luctus
1232 4347 1338 4403 sibi
1392 4350 1759 4419 planctusque
1810 4353 2018 4422 pariter

431 4438 890 4507 cclnplorantium
939 4437 1104 4491 simul
1145 4438 1527 4493 universorum
1562 4438 1721 4511 531
1755 4456 2019 4515 aggrega-

434 4530 589 4583 bant.
637 4527 778 4583 liiuc
822 4528 1224 4598 procedebatur
1256 4530 1323 4583 ad
1357 4545 1554 4586 causas
1610 4531 1773 4597 mali,
1821 4548 2017 4602 nempe

349 4667 353 4672 .
432 4622 557 4676 ideo
591 4621 797 4675 exteris
830 4622 1150 4676 necessario
1186 4637 1302 4675 rem
1349 4625 1600 4679 navalem
1632 4616 1781 4680 dredi
1806 4663 1822 4688 ,
1869 4626 2018 4695 quod

343 4708 387 4771 ’,
430 4714 665 4769 classem
694 4712 898 4767 dudum
921 4710 1221 4767 Romanam
1248 4713 1580 4783 negligentia
1604 4715 2015 4783 prmsidentium

432 4809 648 4863 absumi
709 4823 775 4864 ac
817 4807 1066 4865 funditus
1099 4810 1311 4865 destrui
1360 4812 1571 4873 siverit.
1620 4811 1677 4867 Id
1723 4813 1776 4866 ni
1827 4813 2021 4869 fuisset

435 4914 716 4969 perperam
761 4898 1086 4963 admissum,
1121 4900 1266 4954 haud
1314 4916 1375 4955 se
1419 4900 1507 4955 his
1556 4917 1705 4955 nunc
1749 4901 2021 4957 obnoxios

433 4987 673 5043 miseriis
704 4987 941 5045 futuros.
977 4985 1106 5043 Haec
1130 4988 1554 5046 effundebantur
1575 4990 1823 5061 populari
1863 4991 2018 5046 licen-

436 5081 507 5133 tia
540 5080 593 5134 in
625 5079 849 5135 liberam
874 5081 1332 5151 vituperationem
1358 5082 1875 5138 administrautium
1903 5099 2017 5137 rem

438 5173 732 5245 publicam,
779 5189 940 5243 quam
992 5174 1287 5231 dissolutis
1335 5175 1724 5245 perversisque
1768 5176 2020 5231 consiliis

438 5270 711 5340 perditum
743 5268 1001 5324 nimirum
1039 5269 1202 5325 irent.
1253 5267 1665 5325 lncrebeSCebat
1728 5279 1841 5323 tota
1879 5267 2020 5322 civi~

438 5371 551 5415 tate
585 5360 823 5431 gliscens
861 5377 1108 5416 murmur
1134 5402 1148 5427 ,
1185 5376 1284 5417 nec
1316 5362 1507 5432 procul
1549 5377 1579 5416 a
1619 5362 1888 5419 seditione
1934 5378 2023 5417 res

438 5463 577 5515 erat,
597 5465 964 5509 concurrente
989 5469 1053 5508 ac
1078 5452 1418 5511 vociferante
1442 5455 1810 5526 undecunque
1842 5455 2020 5519 turba,

438 5547 659 5617 quando
682 5549 996 5616 patriarcha
1013 5547 1135 5616 ejus
1158 5548 1546 5605 commutionis
1568 5549 1773 5605 indicio
1798 5558 2025 5619 accepto

438 5640 634 5709 raptim
679 5640 841 5694 domo
877 5640 971 5695 ubi
1024 5639 1413 5696 diversabatur
1463 5642 1685 5713 prodiit,
1732 5642 1869 5697 nihil
1916 5655 2024 5695 non

436 5731 674 5797 experiri
714 5741 926 5795 certus,
970 5747 1078 5797 quo
1123 5746 1252 5801 spes
1280 5744 1425 5789 esset
1454 5731 1758 5789 delinieudi
1792 5747 2026 5802 c0mpo-

440 5823 719 5893 ttettdique
756 5824 808 5879 iu
845 5824 1230 5894 obsequiosam
1261 5826 1501 5897 quietem
1550 5826 1759 5885 elierati
1806 5826 1918 5896 jam
1970 5826 2026 5881 in

2130 577 2241 632 τῶν
2269 579 2387 632 ἐκεῖ
2414 577 2562 633 ναῶν
2590 578 2870 641 καταστὰς
2906 576 3126 648 μακρὰν
3158 576 3439 630 κατέτεινε
3476 573 3577 645 τὴν
3599 574 3711 628 δια-

2128 672 2324 726 λαλιὰν
2360 674 2456 724 καὶ
2493 670 2884 725 καταστέλλειν
2918 668 3288 741 θορυϐοῦντας
3333 668 3621 739 ἠπείγετο,
3646 666 3713 720 τὰ

2131 764 2305 819 πολλὰ
2342 764 2610 817 συναινῶν
2656 765 2918 827 ἐκείνοις,
2950 764 3046 816 καὶ
3076 763 3187 815 τῶν
3220 763 3560 831 δυναμένων,
3600 754 3713 824 οἶος

2129 858 2190 911 ἐν
2226 856 2447 919 πολλοῖς
2489 848 2668 920 οὗτος,
2712 855 3170 923 καταιτιώμενος.
3226 853 3394 918 Τέλος
3444 854 3569 906 ἐπεὶ
3621 852 3715 905 τὸν

2129 948 2305 1004 πολὺν
2342 949 2663 1018 γογγυσμὸν
2695 948 2823 1017 περὶ
2860 948 2971 1000 τῶν
2996 946 3135 999 νεῶν
3163 946 3602 1015 κατεμὲνθανεν,
3635 943 3712 1008 ὡς

2132 1041 2210 1113 μή
2237 1042 2355 1095 οἴου
2389 1041 2438 1095 τ’
2459 1041 2615 1106 ὄντος
2645 1041 2851 1104 αὐτοὺς
2897 1039 3158 1107 ἀσφαλῶς
3191 1039 3388 1106 διαζῆν
3409 1076 3425 1102 ,
3466 1037 3515 1089 εί
3548 1036 3622 1107 μή
3651 1052 3713 1102 γε

2129 1135 2259 1205 νῆες
2281 1134 2426 1189 κατὰ
2450 1135 2512 1189 τὸ
2542 1134 2711 1188 πάλαι
2750 1134 3050 1204 Ῥωμαίοις
3079 1131 3312 1201 σύνηθες
3341 1127 3713 1200 ἑξαρτύοιντο,

2128 1229 2358 1297 γνώμας
2415 1227 2790 1298 ἁγριουμένας
2848 1225 3192 1297 ἐξομαλίζειν
3243 1224 3417 1277 θέλων
3444 1221 3713 1293 ἀμηγέπη

2129 1318 2226 1372 καὶ
2255 1317 2441 1385 λόγοις
2474 1318 2573 1370 καὶ⁹
2607 1316 2986 1386 ,ὑποσχέσεσι,
3020 1316 3178 1378 τινὰς
3206 1316 3436 1369 ἐκείνων
3467 1312 3565 1367 καὶ
3585 1313 3717 1376 τοὺς

2129 1408 2525 1480 ἐκδηλοτέρους
2548 1407 2889 1474 παραλαϐὼν
2923 1408 3227 1478 ἀναφέρειν
3257 1406 3713 1475 καθυπισχνεὴο,

2128 1501 2212 1555 ἔτι
2233 1501 2291 1555 δὲ
2309 1500 2407 1555 καὶ
2425 1499 2528 1570 τὴν
2541 1501 2807 1572 ταχίστην
2835 1500 3146 1568 ἐξοτρύνειν
3166 1502 3247 1563 εἰς
3272 1500 3373 1569 τὴν
3402 1499 3510 1551 τῶν
3532 1498 3716 1551 ἐπιόν-

2127 1607 2237 1643 των
2265 1591 2482 1660 ἄμυναν
2516 1588 2802 1663 πρόθυμον
2826 1589 3043 1643 ἐαυτόν.
3076 1588 3185 1641 Καὶ
3208 1590 3237 1643 ό
3275 1586 3379 1656 μέν
3410 1586 3468 1640 ἐν
3498 1585 3717 1649 τούτοις

2126 1676 2195 1752 ἦν
2217 1680 2568 1750 δημαγωγῶν
2604 1682 2700 1735 καὶ
2729 1681 3157 1751 δημοχαριστῶν
3186 1679 3246 1741 ἐς
3264 1679 3334 1731 τὰ
3374 1678 3636 1749 μάλιστα,
3662 1677 3715 1728 εί

2130 1775 2225 1828 καὶ
2256 1775 2316 1828 τὸ
2342 1771 2475 1847 ἦθος
2505 1775 2658 1843 αὐτῷ
2683 1774 3068 1845 ἀμετάϐλητον
3103 1769 3194 1845 ἦν,
3227 1771 3479 1843 βασιλεὺς
3501 1771 3559 1824 δὲ
3582 1770 3719 1822 Γεν-

2127 1867 2347 1929 νουῖτας
2398 1866 2557 1936 ἠξίου
2594 1867 2688 1919 καὶ
2737 1866 3046 1937 χρημάτων
3088 1864 3405 1935 χιλιοστύας
3440 1862 3615 1916 ἐδίδου
3653 1862 3718 1925 ἐς

2126 1959 2265 2030 ὅπερ
2295 1959 2354 2023 ἐξ
2382 1958 2565 2013 αὐτῶν
2595 1957 2935 2030 ἐσϐήσαντες
2966 1956 3379 2028 πολεμαρχικδν
3412 1954 3718 2024 ἐπιθήσον-

2126 2068 2242 2106 ται.
2286 2052 2348 2104 '0
2378 2050 2617 2120 ξύγκλυς
2640 2050 2686 2105 δ’
2721 2050 2880 2121 ὄχλος
2906 2051 2986 2113 είς
3016 2048 3218 2104 ταυτὸν
3248 2046 3562 2116 γεγονότες,
3588 2046 3720 2098 ἐπεὶ

2126 2141 2195 2193 τὰ
2227 2141 2329 2210 μὲν
2369 2141 2477 2205 ἔξω
2505 2140 2659 2193 δεινὰ
2694 2139 3157 2211 κατηγγέλλοντο,
3198 2138 3401 2202 αὐτοὺς
3431 2137 3480 2189 δ’
3518 2137 3619 2189 οὐκ
3644 2131 3717 2205 ἦν

2128 2235 2247 2288 ἐκεῖ
2277 2234 2609 2303 γενομένους
2635 2234 2968 2303 ἀμύνεσθαι,
2992 2233 3240 2302 ἔγνωσαν
3286 2233 3403 2294 τοῖς
3437 2231 3588 2293 ἐντος
3613 2229 3717 2297 τῆς

2127 2328 2341 2392 πόλεως
2373 2312 2708 2392 Κατελάνοις
2739 2329 3065 2400 ἐπιχειρεῖν.
3127 2321 3224 2392 Οἷς
3257 2327 3358 2398 μὲν
3392 2322 3461 2398 ἦν
3494 2324 3719 2377 συνδιά-

2129 2511 2428 2562 tumultum
2464 2506 2676 2576 populi.
2710 2506 2875 2575 Ergo.
2906 2517 3175 2577 quantum
3221 2507 3479 2564 aﬂectare
3515 2511 3719 2565 conni-

2127 2598 2298 2655 tendo
2327 2606 2575 2668 poterat,
2607 2597 2994 2669 popularitatis
3040 2609 3159 2656 arte
3211 2600 3376 2655 homo
3411 2616 3603 2670 parum
3642 2603 3717 2657 ad

2128 2692 2179 2746 id
2212 2700 2409 2745 natura
2440 2689 2619 2747 factus
2652 2691 2948 2748 conciliare
2978 2693 3084 2748 sibi
3117 2694 3351 2761 gratiam
3384 2693 3537 2748 irata:
3568 2694 3719 2747 mul-

2128 2782 2382 2838 titudinis
2416 2782 2695 2848 studebat,
2722 2783 2951 2840 meridie
2977 2783 3159 2841 medio
3190 2800 3249 2840 se
3288 2784 3400 2841 fere
3437 2784 3625 2841 densis
3658 2796 3719 2840 et

2129 2876 2363 2932 invicem
2397 2875 2749 2933 tradentibus
2788 2877 2986 2933 cuneis
3011 2877 3331 2933 immisceus
3361 2886 3571 2933 temere
3600 2877 3716 2932 huc

2126 2970 2367 3040 illucque
2393 2970 2760 3026 cursantium.
2788 2970 2869 3025 lbi
2900 2985 3179 3061 congenas
3213 2971 3516 3041 praesertim
3555 2970 3622 3024 ad
3653 2986 3718 3027 se

2125 3068 2418 3122 convocat,
2444 3061 2520 3114 uti
2549 3059 2857 3129 praecipuos
2881 3075 2944 3115 ex
2974 3059 3124 3115 more
3148 3061 3484 3117 tumultuum
3520 3072 3719 3116 aucto-

2128 3168 2240 3208 res.
2272 3150 2612 3220 Traclosque
2643 3153 2710 3206 ad
2742 3165 2802 3206 se
2830 3166 2938 3206 non
2974 3165 3183 3222 paucos
3222 3152 3278 3207 in
3306 3153 3571 3224 templum
3598 3152 3717 3209 illic

2125 3245 2269 3299 forte
2307 3242 2530 3298 obvium
2577 3242 2849 3297 inducens
2892 3242 3221 3314 pradougam
3258 3246 3538 3315 peroravit
3580 3259 3718 3299 con-

2122 3339 2362 3402 ciunem,
2414 3344 2580 3406 prout
2624 3335 2875 3406 putabat,
2923 3317 3716 3406 accomntodatarn.pacandis

2120 3431 2323 3485 animis
2377 3441 2434 3486 et
2483 3428 2743 3486 seditioni
2801 3428 3236 3499 compescenda.
3295 3428 3353 3485 In
3402 3445 3465 3484 ea
3515 3445 3714 3484 sensus

2121 3525 2425 3580 ostentavit
2474 3523 2667 3593 majori
2714 3524 2770 3577 in
2817 3533 2977 3592 parte
3028 3530 3436 3576 consentaneos
3483 3521 3713 3592 judieiis

2122 3618 2464 3672 audientium
2494 3657 2508 3681 ,
2563 3617 2765 3685 pariter
2801 3626 2860 3668 ut
2917 3615 2992 3668 illi
3046 3613 3401 3685 magistratus
3432 3613 3486 3667 in
3522 3614 3713 3669 multis

2121 3711 2375 3779 culpaus.
2405 3707 2649 3776 Denique
2679 3706 2812 3761 illud
2865 3706 3045 3773 ipsum
3088 3707 3328 3761 maxime
3373 3707 3709 3763 invidiosum

2121 3802 2464 3873 querelarum
2500 3807 2663 3867 caput
2689 3840 2701 3858 .
2735 3798 2804 3853 de
2853 3799 3033 3853 classe
3082 3795 3327 3852 Romana
3374 3799 3589 3852 incuria
3622 3815 3714 3853 re-

2122 3892 2366 3962 gentium
2402 3890 2778 3961 pessumdata,
2813 3889 2953 3944 haud
2985 3906 3145 3961 parce
3181 3890 3447 3945 invehens
3482 3907 3713 3960 exagge-

2123 3999 2361 4054 ransque
2394 3983 2679 4038 ventitavit
2705 4023 2719 4045 ,
2748 3991 2803 4037 et
2845 3983 2960 4052 ipse
2992 3981 3272 4039 afﬁrmans
3316 3983 3466 4052 large
3496 3984 3550 4037 in
3586 3985 3711 4045 hoc.

2123 4092 2224 4132 nec
2256 4090 2362 4129 non
2395 4072 2867 4144 perniciosissime
2900 4113 2916 4138 ,
2957 4085 3265 4143 peccatum,
3297 4075 3552 4142 ultroque
3582 4091 3711 4140 pro-

2123 4168 2284 4223 fitens
2328 4166 2536 4221 nullam
2584 4162 2847 4233 atl‘ulgere
2893 4180 3043 4233 spem
3081 4164 3437 4218 restituenda:
3475 4166 3707 4231 publica:

2120 4257 2458 4321 securitatis,
2492 4255 2598 4310 nisi
2638 4269 2828 4321 naves,
2861 4266 2921 4308 ut
2955 4254 3108 4320 olim,
3146 4253 3406 4309 Romana:
3441 4254 3706 4308 Romanis

2121 4354 2408 4406 instructae
2434 4348 2741 4406 classiariis
2772 4363 2924 4401 mare
2956 4359 3211 4402 nostrum
3259 4364 3323 4402 ac
3365 4357 3553 4417 portus
3589 4364 3616 4400 a
3653 4350 3706 4403 vi

2119 4454 2347 4498 externa
2366 4449 2696 4495 tutarentur.
2718 4438 2923 4493 Libens
2946 4438 3159 4492 scilicet
3186 4439 3446 4493 audiebat
3468 4440 3709 4509 ﬂagrans

2050 4512 2093 4567 θ
2128 4537 2211 4590 ira
2249 4535 2487 4606 populus
2522 4533 2715 4587 eadem
2750 4548 2871 4598 qua'
2902 4531 3132 4585 sentiret
3161 4531 3282 4599 ipse
3328 4548 3358 4583 a
3394 4533 3708 4602 patriarcha

2125 4629 2258 4684 dici.
2292 4630 2412 4694 Quo
2454 4626 2544 4680 ille
2585 4624 2652 4679 ad
2700 4640 2826 4678 eum
2884 4622 3187 4677 sedandum
3244 4633 3494 4693 prompte
3551 4634 3712 4682 utens

2126 4731 2406 4775 momento
2439 4719 2649 4787 gratiae,
2680 4716 3079 4772 dissertissime
3107 4714 3398 4769 aﬂirmavit
3428 4732 3493 4770 ac
3516 4728 3715 4771 sant-te

2124 4811 2383 4884 promisit
2417 4809 2644 4863 onmino
2677 4817 2999 4861 curaturum
3042 4821 3102 4861 se
3133 4817 3193 4861 ut
3226 4807 3317 4862 isti
3351 4808 3493 4863 tuale
3523 4813 3718 4862 hacte-

2125 4920 2230 4959 nus
2263 4913 2427 4973 gestze
2453 4900 2769 4971 reipublicae
2798 4900 2939 4971 parti
2969 4899 3227 4970 protinus
3256 4909 3713 4953 succurreretur.

2122 4994 2230 5051 Pro
2275 5003 2428 5050 certo
2475 4994 2644 5063 igitur
2681 4993 2949 5047 haberent
2979 4991 3202 5047 visuros
3237 5005 3298 5046 se
3345 4990 3495 5045 brevi
3532 5006 3718 5045 arma-

2125 5100 2237 5142 tam
2272 5084 2579 5141 Romanam
2608 5082 2769 5156 532
2795 5086 3063 5149 classem;
3103 5098 3266 5155 quam
3291 5084 3455 5138 etiam
3491 5083 3633 5154 ipse,
3665 5084 3716 5140 si

2128 5189 2275 5235 esset
2320 5194 2484 5250 opus.
2519 5178 2772 5234 alacriter
2803 5176 3221 5242 conscenderet,
3248 5175 3583 5246 duceretque
3609 5176 3717 5232 ad-

2130 5285 2325 5326 versus
2369 5267 2692 5325 infestantes
2735 5283 2886 5323 mare
2934 5269 3243 5323 Romanum
3298 5268 3506 5324 hostes.
3566 5267 3713 5333 Quin

2130 5365 2269 5418 adeo
2300 5364 2416 5433 jam
2463 5378 2611 5416 nunc
2647 5376 2772 5416 sese
2802 5362 3074 5430 proficisci
3106 5361 3173 5414 ad
3211 5376 3331 5417 eam
3368 5375 3480 5414 rem
3509 5375 3720 5430 urgen-

2130 5453 2278 5514 dam,
2299 5453 2568 5523 istiusque
2602 5453 2804 5522 tlegntii
2840 5454 3119 5523 adjutores
3146 5467 3448 5519 exposcere
3476 5466 3713 5520 quorum

2129 5546 2376 5601 eminere
2410 5546 2592 5599 studia
2641 5545 2875 5615 publicae
2926 5544 3123 5600 salutis
3175 5545 3231 5599 in
3286 5543 3403 5614 ipsa
3448 5558 3718 5599 cont-mne

2130 5645 2402 5693 cerneret.
2446 5635 2541 5692 Sic
2591 5638 2707 5708 ipsa
2753 5640 2936 5707 capita
2968 5637 3257 5691 turbarum
3294 5651 3477 5689 secum
3525 5633 3717 5687 abiens

2132 5728 2379 5792 abduxit,
2409 5743 2520 5782 non
2558 5730 2823 5784 mediocri
2855 5744 2958 5783 nec
2992 5745 3022 5783 a
3060 5729 3232 5800 rigida
3265 5729 3385 5798 ejus
3419 5727 3601 5782 indole
3636 5727 3719 5778 fa-

2132 5820 2237 5877 cile
2265 5821 2523 5891 sperabili
2555 5821 2791 5878 artificio
2828 5828 3016 5893 gratia:
3047 5822 3192 5893 vulgi
3225 5837 3359 5877 sane
3384 5823 3436 5876 in
3467 5832 3716 5890 tempore
