4046 6424
328 389 442 461 585

1258 380 1357 450 DE
1395 384 1837 450 ANDRONILO
1876 382 2337 446 PAL/EOLOGO
2379 384 2525 446 LIB.
2567 380 2669 446 Vl.

3492 378 3601 443 586

324 526 449 578 γειν
503 507 643 561 κατὰ
672 506 770 577 τὴν
804 504 1042 577 περαίαν
1073 507 1186 568 τοῖς
1214 504 1584 567 Γεννουὴαις,
1619 503 1721 555 οὑκ
1758 497 1904 571 εἶχον
1938 511 1977 562 Α
2010 518 2263 572 στρεφεν.
2301 502 2529 572 ’Ὠρμων
2563 500 2610 553 δ’
2639 500 2838 553 αὐτίκα
2876 498 2972 553 καὶ
3008 498 3197 557 ἄλλαις
3237 496 3439 558 οἰκίαις
3472 499 3599 547 ἐπι-

323 603 444 657 ἐκετ
477 600 766 670 γενόμενοι
790 599 1087 669 τιμωρεῖν·
1141 596 1408 666 μαθόντες
1448 594 1507 648 δὲ
1540 593 1915 664 τηρουμένους

324 694 505 759 τινὰς,
558 695 618 744 ἐν
642 687 725 753 οἷς
753 692 782 743 ὁ
828 688 1121 761 ἀμηραλῆς
1164 686 1490 757 ἐπεφέρετο,
1522 685 1666 739 κατὰ
1686 684 1786 753 τὴν
1815 682 1912 735 τοῦ

326 785 535 853 παχέος
608 781 811 835 Ῥαοὺλ
869 780 1069 847 οὶκίαν,
1121 776 1454 850 παμπληθεὶ
1507 775 1915 848 συρῥεύσαντες

331 873 612 946 ἐμϐριθῶς
640 871 888 943 ἀπῄτουν
926 872 1193 934 ἐκείνους.
1257 871 1347 934 Ὠς
1366 869 1413 923 δ’
1444 869 1545 922 οὐκ
1571 865 1639 939 ἦν
1666 867 1914 928 ἐκείνους

328 970 397 1021 ἐκ
439 965 536 1019 τοῦ
578 967 756 1036 ῥᾷστα
795 963 1160 1035 προδοθέντας
1194 963 1464 1033 ἀναιρεῖν,
1519 960 1608 1034 [Ρ.
1631 959 1759 1032 570]
1803 961 1913 1028 πῦρ

333 1057 541 1109 ἐνιᾶσιν
565 1053 765 1106 αὐτίκα
791 1054 886 1105 καὶ
913 1050 1092 1104 οἰκίαν
1124 1050 1503 1120 πυρπολοῦσιν
1544 1051 1787 1115 ἐκείνην,
1819 1049 1915 1100 καὶ

335 1149 513 1202 πάντα
551 1163 611 1200 τε
667 1143 896 1214 τάκείνῃ
945 1142 1269 1213 διαφέρουσι
1319 1142 1415 1195 καὶ
1443 1143 1544 1195 οὐκ
1572 1141 1734 1209 ὀλίγα
1764 1142 1914 1194 δεινὰ

334 1240 478 1295 κατὰ
511 1240 613 1311 τὴν
661 1237 839 1291 οἰκίαν
871 1224 978 1289 τῶν
1006 1233 1341 1306 τολμώντων
1391 1234 1626 1302 ἐγίνετο.
1662 1235 1913 1288 Κατε).ἁ-

308 1348 457 1395 ⁴νους
485 1331 543 1384 δὲ
587 1330 751 1400 μέχρι
785 1328 881 1383 καὶ
930 1327 1099 1382 αὐτοῦ
1145 1327 1655 1397 θανάτουστερῤῶς
1693 1329 1911 1396 ἀντεχο-

334 1424 533 1489 μένους
575 1422 673 1475 σὺν
702 1420 883 1492 πολλῷ
927 1419 1005 1491 τῷ
1035 1420 1190 1491 πόνῳ
1218 1406 1360 1490 ξᾶμα
1397 1419 1500 1490 μὲν
1534 1419 1763 1488 σιδήρῳ,
1797 1417 1915 1488 ἅμα

330 1514 389 1567 δὲ
419 1516 513 1568 καὶ
542 1512 679 1583 πυρὶ
722 1512 1074 1582 καθαιροῦσι,
1114 1513 1347 1582 μηδενὸς
1403 1511 1517 1565 οἴου
1551 1513 1599 1565 τ’
1628 1511 1780 1574 ὄντος
1811 1510 1914 1581 τὴν

331 1607 513 1677 ὁρμὴν
536 1606 755 1675 ἐπέχειν
773 1605 868 1658 τοῦ
895 1605 1157 1674 πλήθους.
1192 1604 1305 1657 Καὶ
1336 1605 1449 1675 γὰρ
1470 1604 1565 1658 καὶ
1585 1605 1614 1657 ὁ
1639 1619 1911 1673 πατριαρ·

332 1697 512 1770 χεύων
550 1696 784 1759 ἐπιστὰς
821 1697 1006 1766 λόγοις
1040 1696 1446 1768 μειλικτηρίοις
1497 1698 1763 1767 ἐπειρᾶτο
1813 1697 1913 1767 τὴν

2017 598 2243 664 χειρεῖν,
2272 595 2367 648 καὶ
2395 596 2632 664 μάλιστα
2654 593 3021 663 μεγιστάνων,
3050 593 3162 653 τοῖς
3185 591 3599 660 δημαγωγικοῐς

2016 687 2199 756 λόγοις
2248 689 2360 741 τῶν
2395 689 2737 742 ἐπιστάντων
2767 688 2864 740 καὶ
2901 685 3104 756 μᾶλλον
3139 681 3598 754 παρακροτούμε-

2016 795 2117 831 vos.
2141 779 2252 833 Καὶ
2283 779 2437 850 παρὰ
2462 780 2562 851 τὴν
2612 776 2723 833 τῶν
2751 778 3084 832 Κατελάνων
3121 776 3305 829 αἰτίαν
3329 773 3405 837 ὡς
3436 774 3599 844 δῆθεν

2016 871 2076 920 ἐν
2108 870 2300 932 αὐταῖς
2331 872 2752 940 κρυπτομένων,
2807 871 3057 941 ἐχείρουν
3089 869 3182 922 καὶ
3213 862 3294 930 οἷς
3326 868 3416 936 ἄρ’
3451 861 3601 938 εἶχον
3664 939 3672 946 ⁸

2017 961 2080 1013 ἐκ
2109 979 2270 1014 τινων
2308 965 2652 1033 αἰτιαμάτων
2689 963 3031 1034 μέμφεσθαι.

2017 1071 2120 1135 κζ’.
2153 1074 2290 1139 Περὶ
2326 1062 2445 1128 τῶν
2468 1075 2538 1128 ἐκ
2568 1077 2882 1156 Γεννούεις
2919 1074 3228 1148 φανεισῶν
3255 1072 3331 1140 ις’
3355 1071 3606 1144 μακρῶν

2086 1230 2173 1303 [Ρ.
2211 1231 2363 1305 371]]
2423 1234 2541 1289 Κᾶν
2592 1236 2650 1289 τὸ
2688 1164 3154 1308 κέῗιῒῖοπροὲϐη,
3189 1238 3238 1290 εἰ
3273 1236 3347 1308 μή
3379 1252 3443 1305 γε
3477 1245 3601 1289 κατ’

2013 1323 2230 1392 ἐκείνην
2258 1324 2355 1394 τὴν
2379 1324 2552 1379 νύκτα
2586 1327 2651 1379 ἐκ
2682 1326 2950 1391 Γεννούας
2996 1328 3211 1398 μακραὶ
3245 1329 3372 1397 νῆες
3412 1326 3608 1380 ἐκκαί-

2013 1412 2170 1479 δεκα,
2210 1416 2534 1485 ἐμπορικῶν
2587 1417 2878 1487 ἐπίφορτοι
2929 1418 3407 1489 προσδοκώμεναι,
3450 1417 3603 1470 νότου

2015 1506 2277 1571 πεσόντος
2315 1507 2542 1578 μετρίου
2599 1511 2697 1561 καὶ
2756 1509 2910 1580 παρὰ
2961 1510 3055 1564 τὸν
3109 1510 3213 1579 τῆς
3268 1509 3609 1581 προσδοκίας

2016 1599 2211 1668 καιρὸν
2241 1599 2555 1667 ἐφίσταντο.
2592 1596 2700 1652 Ἦν
2729 1602 2827 1672 μὲν
2857 1597 2951 1656 οὖν
2988 1604 3104 1664 τοῖς
3133 1601 3476 1664 Κατελάνοις
3504 1603 3607 1653 καὶ

2027 1689 2431 1760 ’Δμογαόάροις
2479 1692 2982 1763 ναυλοχησαμένοις
3037 1694 3181 1747 κατὰ
3240 1692 3303 1747 τὸ
3383 1693 3610 1761 Ῥήγιον

331 1789 512 1860 ὁρμὴν
577 1787 953 1855 ἀναστέλλειν,
1006 1788 1065 1852 ὃς
1127 1789 1224 1844 καὶ
1271 1789 1372 1860 τὴν
1413 1789 1916 1858 παρακινδύνευσιν
1946 1810 1991 1867 Β
2019 1782 2378 1853 πραττόμενα
2402 1783 2469 1836 τά
2494 1784 2662 1847 δεινὰς
2696 1786 2891 1849 καὶὼς
2927 1787 3154 1857 $05890"-
3205 1787 3345 1839 κατὰ
3368 1786 3429 1838 τὸ
3458 1784 3609 1847 εἰκὸς

333 1883 714 1947 ὑποτοπάσας.
769 1882 950 1945 ἄλλως
1003 1883 1195 1953 φανεὶς
1224 1883 1458 1946 ἐκείνοις
1489 1882 1569 1954 τῷ
1597 1882 1922 1950 καθυφεῖναι

333 1974 369 2045 ἢ
408 1974 487 2034 ὡς
536 1973 751 2028 οἴκοθεν
783 1973 973 2044 ὥρμα,
1024 1973 1120 2039 καὶ.
1150 1973 1325 2028 πολλὰ
1375 1974 1636 2041 ἐλπίζων,
1673 1974 1922 2028 καθυπέ-

334 2162 641 2234 captandat.
694 2158 921 2214 Interim
972 2157 1301 2215 Genuenses
1352 2158 1548 2215 orabat
1595 2158 1918 2230 imperator,

336 2256 545 2324 aliquot
568 2253 734 2308 etiam
768 2265 1124 2306 nummorum
1158 2249 1331 2305 millia
1360 2250 1510 2305 ultro
1545 2249 1789 2321 largiens
1813 2289 1829 2315 ,
1860 2256 1922 2305 ut

331 2362 367 2401 e
399 2346 518 2400 suis
552 2343 659 2399 sibi
708 2342 1005 2398 navarchis
1039 2341 1107 2397 ad
1139 2342 1194 2396 id
1238 2351 1426 2411 aptum
1478 2340 1716 2411 aliquem
1754 2340 1920 2398 classi

335 2435 601 2491 Romanae
652 2434 1063 2504 praeficiendum
1121 2433 1342 2488 darent.
1406 2430 1704 2486 Multitudo
1755 2447 1921 2503 porro

331 2542 702 2586 convenarum
749 2534 956 2582 temere
986 2540 1086 2596 per
1118 2526 1310 2581 urbem
1364 2539 1592 2595 vagans,
1632 2539 1817 2581 causae
1850 2539 1916 2581 ac

332 2624 570 2678 fortunae
596 2621 860 2677 societate
899 2620 953 2674 in
986 2633 1156 2673 unum
1183 2625 1373 2674 coacta
1402 2626 1633 2685 ctetum,
1667 2619 1919 2689 querulis

331 2734 394 2774 se
418 2725 632 2782 mutuo,
658 2723 718 2769 ut
743 2713 860 2768 ﬁeri
889 2713 1050 2780 solet,
1075 2712 1406 2768 incendebat
1433 2711 1689 2776 vocibus,
1713 2712 1920 2767 iterans

328 2823 458 2879 quae
489 2806 558 2862 de
580 2804 982 2861 vastationibus
1007 2803 1294 2874 regionum
1321 2811 1474 2857 extra
1506 2803 1697 2858 urbem
1723 2803 1911 2872 gravia
1951 2857 1959 2863 _

331 2903 389 2954 in
451 2900 619 2955 horas
666 2907 722 2953 et
773 2896 1112 2953 miserabilia
1158 2896 1581 2952 nuntiabantur.
1632 2896 1921 2951 Addebant

336 2987 568 3058 quidam
604 2987 908 3057 provinciis
933 2987 1162 3056 perditis
1194 2987 1474 3042 civitatem
1515 3002 1664 3041 nunc
1701 2987 1874 3057 ipsam
1901 3027 1917 3053 ,

336 3083 562 3137 unicum
594 3082 833 3138 cladium
866 3080 1201 3152 perfugium,
1235 3096 1405 3150 prope
1442 3095 1472 3133 a
1500 3081 1787 3134 dominatu
1816 3080 1919 3135 ho-

2024 1871 2254 1940 δοκοῖεν,
2283 1874 2453 1945 νήπια
2485 1875 2583 1944 μέν
2610 1873 2669 1941 ἐξ
2690 1876 3006 1946 ἁφεδρῶνος
3028 1879 3085 1939 ἐς
3113 1876 3292 1947 στόμα
3314 1878 3430 1938 τοῖς
3452 1873 3606 1936 ἰδίοις

2026 1965 2253 2029 παλτοῖς
2312 1965 2699 2037 ἐμπείρουσιν,
2740 1968 2953 2040 ἀνδρῶν
2997 1967 3056 2023 δὲ
3085 1970 3208 2030 τοὺς
3255 1967 3356 2037 μὲν
3390 1982 3607 2037 πυρπο-

2024 2144 2133 2209 nis,
2181 2145 2353 2201 multa
2393 2160 2645 2217 sperans,
2690 2155 2744 2203 et
2788 2160 2978 2219 parata
3016 2163 3147 2220 qua:
3184 2147 3397 2204 diceret
3438 2148 3607 2204 domo

2023 2234 2296 2302 aﬂ‘erens,
2340 2238 2516 2293 turba
2560 2252 2708 2293 nunc
2736 2254 2902 2310 quam
2947 2251 3109 2297 antea
3156 2242 3359 2299 saevius
3397 2239 3608 2294 furenti

2026 2316 2199 2384 ausus
2232 2342 2556 2398 occurrere,
2594 2331 2821 2388 minime
2860 2331 2975 2402 jam
3018 2333 3388 2389 familiaribus
3418 2343 3609 2407 astan-

2027 2422 2160 2477 tium
2186 2423 2474 2480 obtutibus
2508 2425 2729 2483 territus
2760 2410 2955 2483 acisibi
2982 2428 3095 2484 vim
3138 2428 3236 2499 ipsi
3281 2429 3507 2495 timens,
3548 2431 3608 2485 in

2024 2514 2180 2573 lucro
2208 2518 2393 2587 posuit
2413 2517 2561 2588 quod
2590 2534 2621 2574 a
2647 2519 2802 2588 plebe
2836 2520 2950 2590 jam
2990 2521 3197 2576 imbuta
3222 2536 3423 2578 cruore
3453 2524 3607 2581 civili

2023 2607 2359 2667 incolumem
2390 2625 2705 2682 regressum
2738 2613 3063 2668 humillimis
3091 2614 3367 2671 eblandiri
3394 2618 3604 2673 valuis-

2023 2710 2108 2756 set
2133 2702 2436 2773 obsequiis.
2463 2701 2604 2757 Hinc
2631 2702 2746 2772 jam
2772 2704 2850 2758 illi
2879 2705 3030 2759 velut
3062 2721 3240 2761 rerum
3270 2708 3415 2763 haud
3438 2709 3608 2766 dubie

2022 2801 2301 2862 potentes,
2359 2794 2715 2850 destinabant
2766 2794 3063 2866 direptioni
3105 2807 3278 2867 atque
3351 2798 3612 2856 incendio

2024 2884 2160 2940 alias
2191 2885 2407 2951 domos,
2442 2887 2750 2957 praisertim
2789 2902 2922 2943 vero
2953 2901 3288 2960 magnatum,
3316 2904 3478 2961 prout
3508 2907 3606 2949 eos

2023 2979 2225 3033 ducum
2260 2993 2514 3042 suorum,
2550 2979 2768 3035 cuidam
2801 2995 3096 3051 procerum
3132 2983 3486 3051 peculiariter
3515 2987 3607 3040 in-

2025 3070 2323 3126 videntium
2360 3080 2455 3126 aut
2488 3072 2593 3126 alia
2620 3071 2687 3127 de
2712 3056 2876 3128 causa
2904 3073 3274 3143 infensorum,
3310 3077 3604 3136 malitiosa:

338 3177 509 3232 stium
538 3175 751 3230 abesse.
778 3172 838 3227 In
857 3189 921 3229 ea
949 3174 1171 3243 impune
1202 3173 1431 3239 versari,
1461 3174 1810 3241 indulgenter
1840 3171 1924 3225 fu-
1953 3153 1994 3210 (ἶ
2029 3163 2410 3236 instigationes
2430 3165 2485 3218 in
2509 3180 2634 3218 eum
2662 3166 3038 3233 concitabant,
3056 3169 3215 3237 quasi
3245 3169 3363 3225 suis
3391 3173 3446 3225 in
3475 3173 3609 3227 tedi-

337 3267 454 3322 veri
488 3264 805 3330 Catelanos,
839 3265 1005 3320 etiam
1036 3273 1324 3334 postquam
1359 3264 1413 3317 in
1438 3263 1687 3332 ﬂagranti
1711 3262 1923 3319 scelere

329 3359 689 3415 consiliorum
763 3355 1141 3428 opprimendae
1208 3357 1529 3427 reipublicae
1582 3356 1919 3426 deprehensi

330 3451 499 3507 modo
529 3451 662 3505 sint.
688 3447 840 3504 Haud
863 3464 1007 3518 agre
1041 3449 1171 3502 hinc
1198 3450 1498 3504 tleventum
1528 3449 1598 3504 ad
1618 3450 1917 3504 vehemens

328 3542 676 3612 prapositum
727 3537 1173 3594 ulciscendorum
1225 3554 1392 3593 manu
1436 3539 1778 3594 nefariorum
1816 3539 1916 3595 ho-

329 3632 499 3685 stium
540 3630 807 3697 urbisque
841 3627 1059 3683 funesta
1090 3628 1401 3684 colluvione
1426 3630 1744 3699 purgandae.
1772 3629 1911 3684 Cum

330 3731 518 3775 autem
557 3719 945 3773 Catelanorum
981 3718 1277 3788 plerosque
1311 3728 1595 3788 receptum
1633 3718 1778 3789 apud
1813 3719 1919 3776 Pc-

328 3828 496 3869 meam
538 3812 682 3865 inter
708 3810 1029 3867 Genttenses
1065 3811 1334 3882 quaesisse
1356 3822 1776 3881 cognoscerent,
1805 3812 1921 3868 illic

330 3919 482 3964 tutos
508 3924 537 3960 a
573 3908 754 3978 plebis
783 3907 1413 3975 Constantinopolitanae
1449 3906 1522 3970 vi,
1550 3915 1606 3960 at
1634 3921 1731 3961 eos
1766 3916 1916 3961 certe

332 4005 429 4072 qui
460 4000 663 4055 servati
705 4000 848 4054 intra
881 3999 1074 4052 urbem
1108 3997 1351 4068 contigui
1387 3997 1506 4052 suis
1547 3998 1672 4056 telis
1708 4005 1916 4061 essent,

335 4093 484 4147 haud
516 4090 724 4144 inultos
762 4089 1125 4144 dimittendos
1160 4093 1499 4145 statuerunt.
1533 4086 1649 4143 Hoc
1693 4088 1919 4159 impulsi

334 4185 525 4240 furore
572 4196 740 4236 manu
774 4197 970 4251 magna
1020 4181 1168 4236 facta
1217 4183 1366 4237 mdes
1412 4182 1685 4237 invadunt
1731 4182 1922 4237 Raulis

331 4275 544 4340 Crassi,
580 4273 670 4329 ubi
704 4275 850 4344 apud
889 4289 1143 4328 socerum
1186 4274 1457 4329 atnerales
1485 4274 1749 4329 custodiri
1779 4273 1920 4331 fere-

327 4370 519 4424 batur.
558 4368 617 4421 ln
663 4382 783 4423 eam
827 4380 1061 4421 numero
1101 4366 1380 4431 maximo,
1416 4366 1808 4422 vociferatione
1853 4382 1919 4425 ac

327 4466 539 4530 impetu
580 4460 816 4515 vmsauis
847 4459 1217 4527 irrutnpentes
1246 4457 1496 4524 domum,
1543 4458 1666 4515 dedi
1701 4460 1806 4516 sibi
1836 4461 1916 4515 la-

2025 3258 2132 3315 bus
2162 3260 2452 3314 Catelauos
2479 3259 2884 3326 occultantem;
2914 3275 3148 3330 quarum
3184 3263 3439 3319 videlicet
3464 3281 3607 3336 prte-

2028 3363 2180 3410 textu
2214 3355 2667 3420 scrutandarum,
2700 3355 2767 3409 ad
2798 3370 2895 3410 eas
2922 3356 3121 3412 deinde
3155 3358 3512 3426 diripiendas,
3541 3376 3607 3417 ac

2023 3445 2071 3501 si
2102 3446 2269 3501 ferret
2292 3448 2549 3516 impetus,
2582 3462 2706 3503 mox
2761 3447 3134 3502 incendendas
3172 3453 3489 3507 occasionis
3526 3452 3606 3506 fa-

2022 3537 2252 3605 cilitate,
2280 3539 2477 3607 praedae
2498 3525 2750 3607 pellacia,
2778 3541 3078 3595 securitate
3106 3541 3450 3612 impunitatis
3486 3543 3609 3601 elle-

2024 3637 2141 3682 rata
2170 3627 2322 3699 plebs
2352 3629 2748 3698 impelleretur.

2020 3743 2113 3799 27.
2160 3742 2241 3797 De
2278 3745 2657 3815 apparentibus
2697 3760 2724 3799 e
2757 3744 2941 3823 Genua
2978 3749 3256 3813 sexdecim
3294 3750 3463 3823 longis
3506 3770 3607 3806 na-

2727 3818 2896 3873 uibus.

2094 3907 2163 3961 Et
2197 3910 2564 3978 processisset
2590 3910 2646 3964 iu
2673 3911 2969 3965 maximam
3011 3913 3315 3981 perniciem
3342 3916 3604 3971 inchoata

2019 4007 2075 4055 et
2127 4010 2409 4056 auctorata
2442 4017 2702 4058 successu
2752 4005 2932 4073 primo
2989 4020 3206 4060 vzesana
3242 4008 3597 4065 licentiado-

2022 4110 2211 4150 muum
2262 4099 2778 4169 expugnandarum,
2823 4100 2878 4154 ni
2931 4112 3159 4171 repente
3189 4118 3329 4157 nova
3367 4123 3452 4161 res
3503 4121 3602 4176 ap-

2022 4205 2225 4260 parens
2277 4192 2522 4246 civitatis
2560 4192 2828 4246 universae
2882 4193 3169 4261 ipsiusque
3200 4197 3463 4248 concitati
3500 4213 3599 4265 po-

2021 4284 2138 4354 puli
2167 4284 2640 4354 exspectationem
2670 4294 2720 4338 et
2760 4286 3127 4351 cogitationes
3158 4288 3293 4342 inse
3321 4292 3599 4345 vertisset.

2020 4374 2114 4429 llla
2163 4375 2426 4430 nimirum
2464 4376 2582 4443 ipsa
2636 4386 2797 4428 nocte
2850 4378 2902 4429 iu
2946 4386 3304 4444 conspectum
3350 4381 3506 4433 urbis
3546 4398 3606 4437 se

2022 4465 2292 4521 dederunt
2323 4467 2563 4522 sedecim
2605 4483 2774 4522 naves
2821 4467 2994 4536 longas
3025 4479 3241 4524 onustae
3272 4472 3547 4525 mercibus
3575 4489 3604 4528 e

327 4564 516 4609 tentes
564 4553 679 4608 illic
733 4551 1028 4607 Catelanos
1076 4550 1352 4623 ﬂagitant.
1393 4552 1632 4625 Moxque
1683 4553 1917 4611 incertis
1949 4537 1994 4593 θ
2024 4559 2238 4624 Genua,
2268 4567 2592 4629 exspectata:
2619 4561 2724 4613 ilhc
2758 4561 3002 4629 quidem,
3046 4562 3140 4617 sed
3172 4564 3439 4618 beneficio
3467 4567 3607 4622 lenis

329 4645 553 4701 consilii
591 4645 911 4700 domesticis
941 4643 1091 4699 haud
1122 4657 1207 4700 sat
1236 4649 1351 4702 cito
1381 4649 1803 4714 expedientibus
1834 4666 1923 4708 re-

326 4752 622 4807 sponsum,
651 4748 747 4792 aut
795 4738 980 4807 potius
1016 4739 1159 4806 quod
1192 4740 1571 4808 imperabatur
1609 4757 1918 4813 exsequen-

322 4831 500 4894 tibus,
533 4830 661 4900 igne
691 4832 853 4885 tectis
884 4830 1138 4894 subiecto
1175 4831 1515 4887 domicilium
1570 4833 1623 4888 id
1655 4843 1828 4891 totum
1859 4836 1916 4892 in

320 4924 569 4978 cinerem
602 4922 878 4991 redigunt,
922 4923 1134 4986 multis,
1180 4922 1399 4977 interim
1424 4926 1554 4980 dum
1589 4926 1906 4982 incendium

322 5025 634 5085 grassatur,
668 5016 1013 5070 crudelitatis
1052 5026 1109 5071 et
1142 5018 1387 5072 avaritiae
1418 5020 1473 5073 in
1505 5020 1910 5090 direptionibus

327 5123 516 5162 rerum
556 5116 611 5162 et
640 5109 901 5163 resistere
922 5123 1183 5163 ausorum
1208 5111 1361 5179 gravi
1394 5112 1718 5169 multatione
1750 5113 1910 5169 fami-

322 5201 549 5254 liarium
580 5199 745 5254 editis
780 5202 1068 5271 exemplis.
1106 5202 1166 5255 In
1212 5203 1301 5257 bis
1345 5201 1594 5259 Catelani
1646 5208 1769 5263 sine
1808 5202 1911 5277 'spe

323 5290 506 5346 venia:
562 5306 663 5359 pro
724 5292 904 5361 capite
949 5303 1115 5361 atque
1166 5294 1349 5348 anima
1401 5308 1713 5366 pugnantes
1763 5298 1910 5353 haud

326 5383 493 5438 inulti
525 5381 685 5453 533
716 5386 1060 5448 ceciderunt,
1094 5387 1292 5454 partim
1334 5387 1482 5442 ferro
1512 5391 1711 5459 partim
1745 5389 1907 5445 llam-

320 5492 438 5542 ma,
480 5490 510 5529 a
557 5491 775 5531 summa
808 5477 858 5531 vi
904 5480 1291 5533 annitentibus
1326 5481 1609 5538 seditiosis
1664 5484 1907 5555 denique

321 5569 666 5638 consumpti,
701 5569 917 5623 nomine
965 5568 1076 5637 jam
1112 5570 1351 5640 amplius
1393 5576 1671 5631 sustinere
1702 5588 1798 5630 aut
1832 5577 1911 5630 si-

254 5676 271 5685 -
322 5671 474 5713 stere
504 5660 613 5711 vim
639 5656 876 5712 efferata:
908 5657 1276 5716 multitudinis
1305 5662 1539 5719 valente.
1566 5664 1702 5719 Nam
1727 5675 1782 5721 et
1808 5668 1915 5723 hoc

321 5759 559 5805 conatus
596 5750 910 5818 patriarcha
964 5765 1022 5805 re
1074 5750 1278 5806 infecta
1315 5764 1543 5812 coactus
1577 5768 1664 5812 est
1705 5760 1907 5815 redire.

324 5844 534 5915 Nempe
561 5842 656 5897 ille
686 5856 950 5896 successu
992 5842 1258 5900 invitatus
1301 5850 1502 5915 prioris
1534 5865 1646 5906 suae
1689 5854 1913 5909 concio—

655 5940 933 5999 Pa'rnos.
977 5941 1092 6001 GR.
1126 5943 1391 6011 CXLIV.

2027 4655 2202 4709 austri
2259 4655 2423 4710 citius
2470 4670 2633 4723 quam
2691 4656 3020 4724 sperabatur
3073 4658 3431 4727 appellantes.
3493 4662 3605 4715 Sub

2025 4755 2150 4794 eum
2205 4742 2468 4810 temporis
2520 4744 2813 4796 articulum
2868 4744 3113 4797 (Zatclani
3161 4755 3216 4798 et
3271 4747 3605 4816 Amogabari

2023 4832 2231 4889 nostris
2262 4833 2612 4889 institoribus
2642 4836 2783 4901 apud
2820 4839 3189 4904 prOpinqttutu
3229 4839 3351 4891 urbi
3391 4841 3606 4907 navale,

2019 4922 2290 4994 Rhegium
2327 4927 2562 4992 dictum,
2591 4931 2971 4981 onerariarum
3011 4928 3305 4984 stationem
3339 4932 3602 4985 habenti-

2020 5018 2148 5083 bus,
2181 5034 2328 5076 saavo
2358 5021 2810 5089 supervenientes
2843 5021 3051 5089 impetu
3089 5030 3141 5075 et
3165 5022 3289 5075 loco
3322 5038 3387 5079 ac
3422 5026 3605 5094 praeda

2021 5108 2071 5160 vi
2105 5108 2289 5177 potiti,
2323 5124 2433 5177 quo
2461 5120 2726 5164 terrorem
2747 5111 2831 5165 sui
2866 5110 2979 5165 late
3012 5111 3225 5165 scilicet
3254 5124 3629 5186 spargerent?

2023 5203 2143 5257 dira
2168 5203 2512 5258 crudelitatis
2542 5204 2838 5273 plusquam
2878 5205 3092 5258 hostilis
3121 5209 3368 5277 exempla
3407 5210 3601 5264 edide-

2026 5301 2176 5348 runt.
2227 5292 2501 5355 Parvulos
2536 5294 2682 5348 enim
2748 5296 2863 5350 illic
2924 5304 3174 5367 repertos
3224 5301 3458 5368 tragulis
3510 5315 3607 5369 per

2026 5387 2276 5457 podicem
2312 5386 2364 5440 in
2399 5401 2463 5442 os
2504 5387 2771 5443 immissis
2811 5390 2961 5444 velut
2997 5406 3128 5444 veru
3177 5393 3605 5459 translixerant;

2020 5482 2327 5536 adultiores
2379 5490 2584 5547 autem,
2616 5480 2778 5554 534
2814 5484 2902 5538 ubi
2949 5487 3104 5554 prius
3138 5495 3429 5554 coegerant
3471 5500 3606 5555 pro-

2021 5573 2157 5641 priis
2190 5570 2435 5626 humeris
2466 5587 2555 5626 res
2588 5574 2831 5643 ipsorum
2864 5573 3011 5629 ferre
3045 5591 3157 5644 quo
3186 5591 3342 5631 suam
3373 5576 3604 5646 congeri

2022 5664 2261 5733 prmdam
2314 5663 2415 5718 feri
2464 5663 2706 5719 latrones
2738 5667 3014 5733 volebant,
3044 5670 3255 5731 deinde
3291 5667 3606 5724 immaniter

2024 5756 2456 5821 trucidaverant,
2492 5766 2800 5828 ceteraque
2828 5759 2915 5813 his
2947 5769 3317 5816 consentanea
3353 5761 3602 5814 fecerant

2021 5850 2295 5907 barbaria:
2344 5849 2585 5906 furorem
2637 5852 2819 5907 ontnis
2868 5854 3028 5923 longe
3075 5864 3373 5921 superante
3413 5851 3599 5924 Stygia

3093 5948 3166 6009 19
