4046 6392
378 2078 393 2103 \

503 319 605 380 581

1721 327 2047 387 GEORGII
2084 327 2570 389 PACHYMERA!

3666 334 3783 400 588

502 440 674 502 λοῦσι,
703 440 816 500 τοῖς
845 438 902 491 δὲ
926 438 1021 492 καὶ
1045 439 1119 502 ὡς
1147 440 1486 507 διαγωγεῦσι
1509 440 1787 511 χρώμενοι
1809 443 1918 496 τῶν
1948 442 2095 495 ίδίιιιν
2126 453 2172 505 Α
2199 442 2430 495 ἐκείνοιν
2477 441 2866 510 ἀπολυθείσης.
2918 440 3043 495 imi
3090 443 3123 513 ἡ
3183 441 3313 507 ναῦς
3352 443 3506 514 παρὰ
3540 445 3646 500 τῶν
3682 467 3781 505 του

503 529 756 584 πλούτων
790 532 887 584 καὶ
948 530 1182 602 ὕστερον
1241 532 1702 598 κατακτείνουσι,
1764 533 1860 588 καὶ
1913 535 2093 586 πάντα

503 620 721 676 ποιοῦσι
751 625 821 676 τὰ
851 622 1243 693 χαλεπώτατα.
1276 624 1403 688 Τοῖς
1445 625 1546 693 μὲν
1576 624 1669 678 οὖν
1702 619 1845 696 ἦσαν
1889 622 2090 685 ταῦτα,

504 718 601 768 καὶ
632 716 952 785 ἐνετρύφων
983 716 1107 780 ταῖς
1146 718 1458 786 συμφοραῖς
1481 734 1493 747 ·
1531 717 1714 786 δείλης
1760 717 1805 770 δ’
1845 716 2005 785 alia;
2033 716 2092 768 αί

504 809 755 878 τριήρεις
783 809 843 860 τὸ
865 808 1103 875 πέλαγος
1131 807 1484 861 διεκθέουσαι
1528 810 1951 876 κατεφαίνοντο.
1989 810 2090 872 “Ac;

505 900 564 963 ἐξ
590 900 672 952 ὅτι
703 900 962 951 πλείστου
995 899 1089 951 τοῦ
1132 900 1519 969 ἀποστήματος
1566 901 1720 969 μόλις
1741 901 2092 954 ἁποσκοπεύ⁸

507 1006 726 1052 σαντες,
757 989 833 1051 ὡς
864 990 1029 1050 ἰδίαις
1056 989 1238 1041 αὐτῶν
1276 990 1566 1055 φανείσαις
1616 992 1746 1057 (καὶ
1777 990 1887 1059 γὰρ
1917 990 1978 1054 ea
2016 984 2091 1042 ὦν

505 1082 749 1150 ἔφθασαν
780 1084 1102 1134 ἀποστόλων
1136 1080 1351 1151 πέμψαι
1408 1083 1471 1133 ὲκ
1508 1083 1763 1145 Σικελίας
1826 1082 2090 1152 σύναρσιν

505 1176 852 1246 ἐξεδέχοντο)
902 1174 1127 1245 χορείαν
1182 1174 1510 1237 εἱλίττοντες
1567 1173 1935 1243 ὲπεσκίρτων,
1992 1175 2091 1227 καὶ

507 1272 720 1339 ἕτοιμοι
782 1270 1063 1338 παρευθὺς
1114 1265 1278 1339 ἦσαν,
1311 1269 1449 1339 ὅπερ
1485 1268 1578 1320 καὶ
1625 1270 1690 1320 ὲκ
1723 1270 2091 1338 προρρήσεων

508 1365 693 1431 σφίσιν
714 1359 804 1435 ἦν,
834 1363 1171 1432 συμϐάλλειν
1205 1364 1272 1432 τῇ
1320 1362 1765 1415 Κωνσταντίνου.
1819 1360 1961 1413 Ἀλλ’
2014 1359 2090 1423 ὠς

506 1458 736 1526 ἦγγιζον
794 1458 886 1510 καὶ
938 1456 1008 1508 τὰ
1058 1455 1303 1523 σύμϐολα
1336 1453 1730 1523 κατεφαίνοντο
1788 1454 1882 1506 καὶ
1939 1453 2091 1522 δῆλοι

506 1547 646 1620 ἦσαν
686 1550 724 1601 Γ
729 1547 999 1603 εννουῗται
1056 1547 1432 1617 συμπλέοντες
1460 1585 1478 1610 ,
1530 1546 1627 1600 τοῦ
1690 1546 1930 1617 θάρρους
1990 1547 2090 1614 μὲν

507 1642 861 1711 καθυφῆκαν,
890 1642 949 1693 οὐ
995 1639 1103 1710 μὴν
1131 1640 1190 1692 δὲ
1222 1639 1316 1694 καὶ
1356 1640 1556 1702 τελέως
1595 1639 1990 1705 ἀπεγνώκεσαν
2021 1637 2091 1689 τὰ

2196 530 2467 601 βασιλέως
2520 532 2685 597 ἑάλω,
2721 533 3044 596 Γεννουῖτας
3099 534 3280 611 ταρτα
3333 536 3782 609 δυσχεράναντας

2196 621 2518 674 ἀποστεῖλαι
2539 623 2666 683 τοὺς
2684 620 3016 686 κτενοῦντας
3036 622 3129 675 τὸν
3156 624 3250 678 τοῦ
3278 625 3547 693 βασιλέως
3574 630 3782 699 ναύαρο

2196 730 2290 781 χον
2330 713 2428 766 καὶ
2466 712 2818 778 ἀποκτανεῖν,
2886 717 2983 767 καὶ
3043 714 3114 768 δι’
3173 715 3348 787 ὀργῆς
3384 718 3633 783 ἐκείνους
3683 723 3780 776 διὰ

2194 802 2370 857 ταῦτα
2409 804 2669 870 γενέσθαι
2698 805 2779 874 τῷ
2813 805 3048 875 βασιλεῖ.
3089 808 3213 861 Κᾶν
3248 809 3344 860 καὶ
3381 809 3540 880 δίκην
3570 811 3784 865 ἔδωκαν
3826 874 3845 883 ι

2195 895 2293 964 τὴν
2325 895 2566 964 ἐσχάτην
2606 896 2701 949 καὶ
2725 896 2816 949 διὰ
2855 895 3063 965 ταύτην
3105 900 3201 951 καὶ
3234 899 3305 951 δι’
3328 900 3498 969 ἀλλην
3531 920 3785 971 προηγη-

2196 987 2441 1055 σαμένην
2472 988 2682 1054 αἰτίαν,
2733 988 2866 1059 περὶ
2886 984 2956 1059 ἧς
2997 989 3200 1043 αὐτίκα
3236 990 3489 1061 λέξομεν,
3523 995 3573 1045 εί
3606 996 3680 1064 μή
3716 1011 3785 1064 γε

2193 1079 2263 1131 τὰ
2314 1076 2665 1148 ξυμπεσόντα
2716 1082 2808 1134 τὸν
2858 1080 3168 1151 κρατοῦντα
3226 1084 3644 1151 καημάλασσον
3706 1086 3786 1149 ὡς

2196 1174 2413 1224 ἐκεῖθεν
2439 1174 2502 1225 τὰ
2526 1177 2622 1243 τῆς
2648 1175 2877 1245 ἀρωγῆς
2909 1177 3072 1228 πλέον
3103 1176 3419 1242 ἐλπίζοντα,
3461 1182 3559 1233 καὶ
3597 1181 3790 1249 σφίσιν

2195 1265 2490 1331 ὲξιλεηῠτο.
2519 1268 2628 1318 Καὶ
2654 1267 3053 1338 ἀμφοτέρωθεν
3082 1270 3422 1339 κηρύγματα
3451 1270 3789 1341 προθϐαὶνον

2196 1360 2440 1427 συνεχῆ,
2485 1342 2902 1430 ἀνωρμημένων
2956 1362 3058 1431 ἢδη
3128 1362 3224 1415 καὶ
3276 1362 3387 1415 τῶν
3447 1364 3785 1433 Ῥωμαίων,

2192 1450 2284 1522 [Ρ.
2323 1452 2449 1523 572]
2484 1453 2656 1523 μηδὲν
2684 1454 2988 1525 ὲπιτολμᾷν
3032 1457 3156 1508 κατ’
3200 1455 3471 1527 ἀλλήλων,
3506 1458 3555 1509 εί
3585 1457 3631 1510 δ’
3664 1455 3788 1523 οὖν,

2191 1543 2330 1595 ἀλλὰ
2360 1544 2698 1612 ζημιοῦσθαι
2723 1546 2789 1598 τὰ
2823 1546 3062 1616 μέγιστα
3093 1547 3169 1611 ὡς
3216 1549 3640 1619 καταφρονητὰς
3670 1549 3788 1602 τῶν

2195 1635 2641 1703 ἐπεσταλμένων.
2706 1637 2932 1700 Τούτοις
2996 1638 3334 1711 θαρροῦντες
3405 1641 3792 1710 Ἀμογάϐαροι

508 1704 872 1805 χρηστότερα.
908 1704 1175 1798 Ἠλπιςον
1200 1735 1309 1801 γὰρ
1342 1732 1419 1794 ὼς
1448 1731 1736 1800 ἐπιμίξασι
1770 1730 2093 1799 προτενοῦσι
2128 1704 2169 1763 Β
2196 1724 2511 1795 ἐξεδέχοντο
2569 1728 2892 1792 Γιννουῖτας
2956 1704 3345 1798 καταίροντας.
3418 1704 3655 1786 ’έκείνοι
3703 1704 3795 1786 ’δὲ

505 1831 576 1880 τὰ
605 1828 705 1895 τῆς
733 1828 982 1896 εἰρήνης,
1006 1825 1081 1887 ὡς
1102 1825 1206 1878 οὐκ
1237 1823 1304 1878 ἂν
1330 1824 1550 1885 παντως
1580 1823 1680 1884 τὰς
1709 1822 1831 1875 καθ’
1852 1822 2096 1889 ἑκάστην

498 1918 980 1988 διαπλωῖζομένας
1015 1916 1153 1985 νῆας
1179 1914 1276 1967 τοῦ
1312 1916 1510 1983 γένους
1556 1914 1735 1968 αὐτῶν
1774 1914 1996 1975 ἁνέτους
2035 1929 2097 1965 τε

508 2014 604 2064 καὶ
653 2010 958 2073 ἀσκύλτους
1013 2009 1191 2079 ὲῷεν,
1248 2011 1297 2061 εί
1349 2008 1527 2079 μήγε
1572 2008 1759 2076 σφίσιν
1818 2006 2098 2060 ἔνσπονδοι

507 2104 670 2172 ἦσαν.
704 2105 815 2156 Καὶ
850 2103 958 2171 γὰρ
997 2102 1107 2155 οὐδ’
1135 2100 1316 2168 ὀλίγοι
1346 2100 1406 2164 ἐξ
1432 2098 1616 2153 αὐτῶν
1668 2100 1930 2169 τυχόντες
1955 2098 2100 2152 κατὰ

508 2198 669 2249 πόλιν
731 2197 883 2265 παρὰ
937 2197 1051 2255 τοῖς
1087 2194 1431 2255 Γεννουῖταις
1474 2192 1919 2259 διεφυλάσσοντο,
1956 2191 2098 2244 ὥστε

512 2289 610 2341 καὶ
638 2288 767 2357 νηὸς
796 2286 907 2341 τῶν
925 2285 1203 2357 χρειωδῶν
1229 2286 1546 2355 ἐπιφόρτων
1572 2285 1710 2355 πρὸς
1746 2285 1948 2346 αὐτοὺς
1963 2282 2097 2353 παρ’

510 2472 747 2542 quadam
786 2471 959 2525 rabie.
989 2467 1106 2524 Hoc
1142 2470 1214 2524 illi
1250 2477 1367 2523 tum
1398 2483 1595 2522 recens
1626 2469 1774 2522 facto
1802 2469 1953 2522 velut
1982 2468 2101 2537 gle-

514 2569 665 2621 rioso
701 2580 964 2621 successu
1021 2564 1372 2627 ltetabantur,
1407 2563 1739 2617 insultantes
1772 2562 2101 2616 calamitati-

514 2664 618 2712 bus
662 2658 893 2720 nostris,
946 2655 1169 2724 quando
1216 2653 1412 2721 primis
1462 2668 1525 2707 se
1556 2654 1732 2707 noctis
1770 2654 2101 2707 intendenti-

516 2755 615 2804 bus
670 2750 917 2804 tenebris
971 2747 1228 2804 triremes
1278 2761 1417 2817 quas
1468 2746 1714 2801 diximus
1750 2746 1928 2815 plenis
1958 2748 2100 2802 velis
2152 2804 2157 2807 ,

512 2844 707 2913 pelago
755 2841 1117 2896 adventantes
1172 2854 1493 2910 apparuere.
1526 2839 1676 2905 Quas
1708 2854 1743 2893 ο
1797 2839 2101 2909 longinquo

518 2936 872 3003 speculantes
920 2947 1017 3000 per
1065 2945 1313 2985 errorem
1362 2929 1716 2984 crediderunt
1771 2946 1904 2985 suas
1954 2946 2097 2996 esse,

525 3028 629 3078 hoc
663 3033 748 3079 est
777 3022 1174 3078 frederatorum
1202 3022 1340 3091 ipsis
1368 3032 1421 3075 et
1448 3023 1732 3091 suppetias
1763 3023 2100 3077 venientium

517 3118 855 3174 Siculorum.
893 3115 1154 3171 Miseram.
1185 3116 1332 3169 enim
1390 3116 1444 3169 in
1503 3116 1753 3169 Siciliam
1811 3124 2101 3172 evocatum

518 3209 646 3265 inde
676 3209 877 3265 auxilia
909 3224 924 3272 ;
958 3219 1013 3263 et
1042 3223 1071 3261 e
1108 3208 1287 3276 spatio
1317 3207 1581 3275 temporis
1607 3207 1755 3261 illam
1781 3207 1954 3277 ipsam
1978 3223 2105 3264 esse

514 3306 752 3358 classem
799 3316 961 3371 quam
998 3302 1248 3369 ipsorum
1305 3300 1465 3367 legati
1522 3315 1553 3354 a
1604 3302 1772 3355 sociis
1810 3300 2107 3369 impetras-

518 3402 639 3444 sent
700 3390 1108 3462 pet-suadebant
1140 3391 1271 3454 sibi,
1324 3388 1678 3456 credulitate,
1715 3399 1774 3443 ut
1800 3390 1883 3455 ﬁt,
1927 3392 1979 3445 in
2016 3393 2105 3447 sui

519 3484 763 3535 favorem
821 3480 1258 3550 prtefcstiuante.
1315 3480 1459 3548 Ergo
1496 3479 1657 3534 clfusi
1692 3480 1744 3533 in
1779 3482 2104 3549 gratulatio-

520 3577 606 3628 nis
642 3585 694 3627 et
733 3571 919 3644 gaudii
957 3574 1116 3639 signa
1152 3556 1508 3629 exsultabant
1546 3573 1891 3639 cboreasque
1918 3573 2103 3641 impli-

519 3667 757 3727 cabant;
795 3677 1056 3730 moxque,
1089 3662 1252 3715 simul
1282 3677 1345 3716 se
1373 3662 1482 3717 illis
1506 3677 1572 3716 ex
1606 3663 2105 3731 condictojunxis-

522 3766 680 3819 sent,
731 3752 1199 3823 oppugnationem
1253 3751 1624 3822 infestumque
1674 3768 1998 3807 exscensum
2048 3754 2103 3807 in

525 3849 714 3899 urbem
753 3840 1421 3910 ConstantinOpolitanam
1478 3842 1690 3895 alacres
1734 3841 2103 3897 destinabant.

522 3939 726 3994 Vrrutu
768 3947 827 3991 ιιι
870 3936 1219 3990 adtnotarntn
1269 3949 1300 3989 e
1349 3934 1602 3988 viciniori
1656 3934 1766 4004 jam
1817 3933 2107 3989 intervallo

523 4032 773 4103 synibola
835 4029 1059 4084 navium
1110 4027 1296 4082 intuiti
1358 4026 1505 4095 baud
1555 4027 1720 4081 dubie
1768 4035 2108 4097 agnoverunt

521 4125 901 4180 Gmncnsium
935 4137 1060 4177 esse
1090 4137 1251 4189 quam
1286 4120 1620 4189 adnavigare
1651 4131 1942 4175 cernerent
1965 4121 2109 4175 clas-

522 4234 659 4281 sem,
697 4216 927 4270 multum
951 4213 1028 4267 illi
1052 4214 1277 4283 quidem
1310 4212 1379 4266 de
1405 4213 1548 4266 fastu
1574 4212 1879 4281 audacique
1903 4212 2106 4271 ferocia

527 4309 881 4389 remiserunt,
914 4321 1021 4358 non
1057 4314 1240 4358 tamen
1270 4306 1432 4375 plane
1454 4304 1869 4373 de5p0ndcrunt
1893 4305 2109 4359 animos

2198 1816 2542 1884 διερχόμενοι
2598 1820 2828 1881 καὶτὰς
2880 1823 3261 1890 πυρπολήσεις
3313 1822 3666 1891 καθορῶντες
3732 1824 3793 1877 ἑν

2201 1906 2447 1977 θαύματι
2479 1905 2643 1979 ἦσαν,
2668 1911 2765 1963 καὶ
2796 1911 2993 1980 μαθεῖν
3027 1912 3323 1983 ἠϐούλοντο
3350 1914 3419 1966 τὰ
3442 1915 3791 1983 πραχθέντα.

2212 1999 2299 2062 Ὠς
2332 2002 2388 2054 δὲ
2416 2003 2875 2073 προσίσχουσιτῴ
2904 2005 3109 2075 λιμένι,
3142 2008 3170 2059 ὁ
3197 2006 3538 2078 προῤῥηθεὶς
3558 2009 3794 2077 Μπυρι-

2200 2093 2407 2162 γέρως.
2440 2093 2498 2156 ὃς
2522 2094 2587 2164 δὴ
2615 2098 2912 2165 προηγεζτο
2934 2096 3026 2149 τοῦ
3072 2097 3524 2169 ’Δμογαϐαρικοῦ
3567 2099 3792 2167 στόλου,
3846 2138 3857 2159 τ

2200 2186 2352 2252 παρὰ
2391 2187 2515 2246 τοὺς
2564 2186 2971 2255 ἐξηγουμένους
3018 2188 3130 2241 τῶν
3164 2189 3499 2242 Γεννουῑτῶν
3557 2191 3797 2246 ἐκείνων

2201 2278 2339 2329 νεῶν
2388 2278 2622 2344 γίνεται,
2660 2282 2756 2333 καὶ
2792 2280 2967 2352 ἀρχῆς
2998 2280 3095 2334 ἀπ’
3129 2283 3310 2353 ἄκρης
3331 2283 3399 2336 τὰ
3430 2281 3553 2336 καθ’
3584 2286 3797 2348 αὐτοὺς

2200 2475 2316 2528 spei
2337 2459 2480 2511 imcn
2540 2474 2713 2527 nuper
2763 2461 2915 2526 ipsos
2948 2459 3167 2516 dedisse
3200 2462 3434 2517 illustre.
3467 2462 3605 2519 Cum
3636 2468 3800 2522 enim

2200 2552 2308 2620 ipsi
2369 2553 2437 2607 ad
2499 2566 2636 2605 suos
2689 2551 2781 2605 tali
2834 2535 3131 2609 occasione
3182 2557 3526 2610 diversantes
3579 2556 3805 2615 Galam

2196 2659 2399 2699 navem
2435 2654 2693 2699 onustam
2729 2646 3058 2700 necessariis
3091 2646 3154 2700 ad
3189 2645 3350 2717 535
3381 2648 3583 2701 victum
3614 2648 3803 2706 desti-

2203 2747 2454 2803 nassent,
2482 2740 2757 2809 istamque
2782 2742 3097 2796 onerariam
3122 2746 3440 2812 contigisset
3464 2761 3495 2798 a
3526 2744 3799 2803 Romanis

2203 2831 2562 2900 interceptam
2588 2834 2809 2896 abduci,
2839 2832 3161 2889 Galatenses
3190 2851 3259 2890 eo
3292 2836 3441 2891 facto
3472 2837 3797 2910 indignatos

2203 2927 2423 2981 misisse
2465 2941 2495 2979 e
2537 2929 2657 2980 suis
2690 2931 2781 2994 qui
2821 2928 3239 2997 imperatorium
3292 2933 3632 2987 navarclium
3677 2938 3797 3005 ejus

2129 3048 2172 3105 ο
2207 3014 2470 3073 facinoris
2523 3030 2808 3073 auctorem
2870 3021 3290 3088 interﬁcerent,
3346 3027 3439 3093 qtti
3495 3034 3551 3079 et
3606 3030 3794 3099 reipsa

2204 3110 2532 3164 interfectus
2578 3115 2646 3164 ab
2694 3112 2768 3165 iis
2819 3124 2919 3165 est.
2955 3113 3130 3177 Quam
3169 3115 3390 3182 quidem
3427 3119 3497 3171 ob
3535 3132 3794 3188 causam,

2205 3203 2282 3258 uti
2310 3211 2362 3258 et
2396 3204 2560 3256 aliam
2594 3220 2717 3271 qua:
2747 3205 2898 3273 prius
2925 3206 3221 3269 acciderat,
3254 3208 3322 3261 de
3351 3224 3459 3277 qua
3492 3226 3613 3264 mox
3648 3214 3799 3269 ilice-

2204 3311 2347 3360 mus,
2369 3312 2559 3364 pinnas
2580 3299 2768 3366 utique
2791 3300 3147 3367 gravissimas
3172 3301 3311 3353 irato
3337 3304 3470 3370 ipsis
3490 3305 3797 3372 plurimum

2205 3396 2440 3455 utroque
2471 3390 2576 3442 isto
2609 3388 2833 3443 nomine
2878 3390 3202 3457 imperatori
3226 3392 3525 3461 dedissent,
3552 3383 3608 3448 n'i
3652 3398 3799 3452 miti-

2206 3494 2365 3554 gatus
2419 3483 2541 3553 ejus
2596 3483 2819 3537 animus
2866 3482 3065 3537 fuisset
3114 3489 3445 3541 necessitate
3500 3506 3694 3547 rerum
3745 3503 3800 3549 et

2207 3578 2454 3647 periculo
2485 3578 2562 3630 rei
2604 3593 2832 3631 summa:
2880 3578 3159 3643 Romanae,
3208 3582 3562 3638 successibus
3592 3601 3797 3643 recen-

2207 3670 2354 3723 tibus
2370 3670 2758 3724 Catelauorum
2779 3668 2835 3723 in
2850 3681 3152 3724 extremum
3175 3673 3274 3724 add
3285 3684 3422 3727 uotae
3473 3674 3796 3745 discrimen,

2207 3776 2309 3815 nec
2334 3775 2485 3829 spem
2516 3771 2611 3813 aut
2637 3760 2954 3815 facultatem
2978 3762 3165 3814 auxilii
3192 3763 3357 3816 ullius
3382 3765 3603 3820 aliunde
3625 3783 3794 3837 quam

2210 3869 2240 3907 a
2275 3852 2549 3908 Galatinis
2581 3852 2972 3908 Genuensibus
3022 3854 3295 3908 habentis.
3329 3856 3454 3911 Haec
3482 3859 3792 3929 Augustum

2213 3957 2517 4016 coegerunt
2554 3961 2873 4015 compressa
2914 3947 3198 4002 iracundia
3252 3950 3522 4018 placatum
3556 3968 3615 4007 se
3659 3955 3797 4023 ipsis

2212 4038 2383 4100 ferre,
2437 4038 2806 4107 cohibereque
2856 4039 3155 4103 Ronianos,
3188 4040 3280 4106 qui
3319 4041 3429 4109 jam
3463 4058 3492 4096 e
3524 4046 3795 4111 portubus

2217 4129 2373 4183 urbis
2449 4129 2720 4182 adversus
2776 4130 3109 4183 Galatenses
3185 4144 3566 4197 processerant
3624 4134 3797 4189 ulturi

2214 4234 2405 4276 necem
2461 4218 2728 4273 navarcbi
2778 4218 2987 4284 occisi,
3053 4222 3238 4275 missis
3288 4222 3355 4275 ad
3400 4238 3497 4277 eos
3549 4224 3796 4293 undique

2214 4309 2726 4365 denuntiationibus
2747 4308 3049 4364 absistendi
3071 4323 3101 4361 a
3124 4321 3328 4379 erepto,
3349 4312 3797 4382 abstinendaeque

525 4415 623 4456 aut
647 4402 901 4456 fiduciam
930 4401 1178 4468 prosperi
1205 4413 1501 4454 successus
1523 4402 1748 4454 omnino
1765 4398 2106 4468 abjecerunt.
2146 4415 2189 4469 ι)
2216 4417 2247 4456 a
2278 4401 2444 4456 sociis
2480 4402 2782 4463 violentiae,
2832 4401 3002 4455 minis
3052 4403 3216 4455 etiam
3267 4404 3471 4458 additis
3520 4408 3795 4461 atrocium

522 4494 762 4566 lngressi
798 4494 1000 4562 quippe
1032 4491 1090 4544 in
1145 4506 1300 4560 spem
1344 4498 1475 4545 sunt
1521 4491 1680 4545 facile
1708 4490 2108 4549 constituenda:

527 4589 668 4641 inter
699 4602 758 4640 se
793 4600 855 4638 ac
888 4582 1212 4641 Genuenses
1244 4582 1399 4652 pacis
1431 4597 1494 4636 ac
1535 4582 1835 4649 societatis,
1875 4583 1966 4639 ubi
1997 4584 2112 4652 pri-

525 4696 677 4733 mum
728 4678 916 4732 venire
962 4692 1083 4730 cuin
1135 4675 1203 4729 iis
1257 4679 1311 4729 in
1353 4676 1687 4746 colloquium
1745 4678 2109 4748 contingeret.

526 4771 638 4826 llas
672 4769 953 4831 habebant
999 4769 1080 4823 sic
1128 4768 1389 4837 opinandi
1442 4783 1660 4832 causas,
1700 4771 1935 4837 primum
1966 4773 2112 4839 quod

526 4872 817 4934 appareret
867 4861 1217 4918 securitatem
1284 4862 1505 4915 navium
1559 4876 1784 4916 suarum
1846 4880 1943 4930 per
1998 4864 2113 4917 bac

527 4960 697 5011 muria
759 4954 1007 5023 quotidie
1076 4952 1393 5008 commercii
1464 4967 1630 5006 causa
1682 4953 2109 5007 commeantium

527 5050 761 5103 libenter
810 5047 1196 5115 retlcmpturos
1227 5041 1551 5097 Genuenses
1600 5041 1979 5096 devinciendis
2012 5042 2110 5095 lm-

527 5141 659 5193 dere
714 5138 781 5192 iis
830 5152 968 5205 quos
1021 5152 1184 5205 posse
1230 5142 1527 5189 cernerent
1575 5133 1836 5188 infestare
1868 5135 2014 5201 ipsas
2051 5142 2107 5187 et

528 5232 786 5298 diripere,
840 5229 1039 5283 deinde
1074 5228 1218 5296 quod
1268 5228 1379 5296 jam
1416 5242 1524 5279 non
1554 5226 1716 5295 plane
1744 5224 1905 5279 alicui
1937 5225 2004 5277 ab
2041 5227 2108 5280 iis

527 5325 707 5378 forent
740 5340 753 5377 :
795 5339 919 5377 naui
952 5335 1181 5377 suorum
1221 5322 1425 5374 multos
1455 5320 1703 5373 sciebant
1733 5319 2109 5388 deprcbcnsos

528 5420 582 5471 in
629 5418 781 5482 urbe,
821 5432 944 5470 cum
982 5416 1189 5469 exarsit
1220 5414 1362 5466 inter
1392 5429 1451 5467 se
1479 5428 1543 5467 ac
1570 5411 1854 5467 Romanos
1882 5414 2108 5478 bellum,

529 5528 556 5562 ιι
596 5510 984 5565 Genuensibus
1020 5506 1227 5561 Galatae
1277 5506 1601 5574 degentibus
1650 5492 1826 5559 amice
1872 5508 2113 5560 benevo-

530 5605 687 5673 lcque
721 5602 1018 5663 custodiri,
1069 5600 1395 5670 protegiquc
1429 5614 1457 5653 ιι
1493 5608 1681 5668 parata
1717 5601 1763 5653 vi
1792 5599 2108 5654 Graecorum

528 5698 582 5748 in
643 5697 794 5765 ipsos
841 5694 1217 5749 e'll‘cratorum.
1264 5690 1323 5744 ln
1377 5707 1487 5762 quo
1535 5707 1700 5760 quam
1747 5693 1960 5747 sincera
2007 5694 2111 5745 iide

527 5788 853 5857 prolixaque
877 5787 1163 5843 voluntate
1189 5783 1511 5841 Genuenses
1537 5784 1814 5839 Catelanis
1837 5784 2103 5850 faverent,

2216 4509 2504 4565 poenarum
2556 4498 2612 4548 in
2669 4508 2765 4548 eos
2810 4495 2909 4563 qui
2957 4503 3148 4547 contra
3207 4496 3484 4560 facerent,
3539 4507 3797 4569 tanquam

2212 4570 2447 4641 suorum
2477 4584 2861 4640 mandaturum
2894 4595 3321 4654 contemptores.
3357 4587 3454 4643 His
3482 4589 3605 4643 freti
3635 4591 3802 4645 Amo-

2216 4677 2406 4746 gabari
2439 4688 2742 4732 occurrunt
2777 4678 2923 4732 ultro
2961 4678 3129 4731 classi
3160 4677 3442 4733 Genuensi
3477 4682 3797 4749 appellenti,

2217 4783 2449 4837 eamque
2481 4771 2561 4823 uti
2598 4768 2743 4823 haud
2789 4768 2957 4822 dubie
2994 4769 3225 4823 amicam
3259 4771 3565 4838 excipiunt.
3599 4774 3670 4825 At
3698 4773 3804 4827 Ge-

2218 4878 2458 4919 nuenses
2490 4863 2621 4918 dum
2655 4862 2837 4916 obiter
2870 4877 2967 4931 per
2997 4877 3119 4930 qua:
3153 4871 3490 4931 prattereuut
3520 4865 3676 4920 urbis
3708 4875 3801 4919 aut

2215 4956 2395 5008 vicina
2433 4954 2553 5008 urbi
2582 4954 2790 5017 littora,
2825 4952 3053 5020 vestigia
3082 4953 3461 5006 incendiorum
3501 4958 3803 5024 grassatio-

2220 5063 2457 5116 utrinque
2479 5046 2768 5101 hostilium
2802 5045 3186 5099 recentissima
3221 5047 3597 5114 conspiciunt,
3625 5048 3803 5101 admio

2214 5147 2398 5193 rantes
2448 5154 2615 5193 nosse
2666 5140 2902 5191 avebant
2956 5137 3087 5205 quid
3141 5136 3257 5189 [me
3292 5148 3500 5199 essent,
3537 5140 3799 5207 aquibus

2216 5237 2270 5285 et
2308 5246 2447 5298 quas
2494 5234 2561 5284 ob
2593 5245 2791 5284 causas
2839 5238 3132 5291 attentam,
3181 5244 3304 5283 cum
3340 5231 3477 5298 ipsis
3523 5232 3665 5285 inter
3700 5234 3799 5285 has

2220 5324 2585 5391 cogitationes
2627 5324 2737 5390 jam
2790 5323 3157 5376 subeuntibus
3211 5330 3428 5390 portum
3474 5323 3693 5379 obvium
3742 5339 3801 5377 se

2222 5412 2402 5467 ferens
2431 5413 2793 5483 Mpyrigerius
2826 5414 2916 5466 ille
2939 5415 3006 5466 de
3036 5428 3148 5481 quo
3170 5419 3342 5467 multa
3368 5416 3625 5483 superius
3650 5415 3803 5467 dixi-

2222 5520 2368 5569 mus,
2390 5507 2499 5559 dux
2537 5516 2649 5559 tum
2677 5506 3093 5575 Amogabaricte
3122 5506 3339 5573 classis,
3369 5507 3645 5576 colloquio
3671 5522 3801 5561 cum

2217 5599 2507 5654 navarcliis
2553 5600 2862 5654 triremium
2917 5599 3149 5652 istarum
3199 5599 3571 5654 Genuensium
3607 5601 3801 5670 petito,

2214 5704 2243 5741 a
2286 5691 2477 5758 primis
2508 5693 2682 5746 initiis
2719 5707 2806 5747 res
2851 5691 2963 5745 illic
3009 5693 3259 5761 ipsorum
3294 5707 3406 5761 quo
3456 5693 3579 5747 loco
3612 5699 3801 5747 essent

2213 5784 2597 5855 originemque
2652 5794 2706 5840 et
2757 5785 2955 5839 seriem
3000 5787 3503 5842 Controversiarum
3534 5802 3655 5842 cum
3690 5784 3804 5839 llo-
