4046 6394
362 311 469 375 589

1285 315 1381 374 DE
1420 312 1864 375 ANDRONICO
1905 314 2371 378 PALEOLOGO
2409 318 2560 381 LIB.
2602 321 2703 383 VI.

2062 10 2073 11 κ
2110 3 2458 13 __-_———

2608 13 2799 79 ’ἔκ-κη
2850 9 2993 39 ..τί
3082 8 3173 11 ’""
3192 8 3205 9 ί

2672 80 2843 95 ῌ

3517 338 3623 402 590

354 423 583 480 διελθὼν
612 423 767 487 τέλος
799 422 1114 494 προσετίθει
1145 421 1239 475 καὶ
1284 423 1345 477 τὸ
1373 423 1575 486 αὐτοὺς
1609 423 1708 493 μὲν
1757 421 1929 474 ταῦτα
1955 419 2009 479 Α
2032 429 2151 492 κη’.⁵
2184 426 2322 493 Περὶ
2363 423 2485 479 τῶν
2514 425 2615 515 ὅ·ιά
2634 427 2791 515 fait;
2819 430 3103 515 Φρξρίους
3141 437 3285 505 τοὺς
3318 442 3470 496 κατὰ
3511 450 3626 515 τὴν

360 515 631 586 πράττειν
656 514 987 583 ἐκδικήσεως
1008 512 1192 576 ἕνεκα,
1224 509 1365 566 εἶναι
1394 512 1453 564 δὲ
1487 513 1583 564 καὶ
1612 512 1934 573 Γεννουΐτας

354 608 683 670 ἐνσπόνδους
710 606 916 673 σφίσιν,
948 605 1022 667 ὡς
1053 607 1117 657 ἐκ
1149 604 1365 658 πολλῶν
1388 604 1507 657 ἔστι
1546 604 1863 674 μανθάνειν,
1887 608 1936 657 εί

357 700 668 771 βούλοιντο·
713 698 943 760 ἐκείνοις
1001 698 1057 750 δὲ
1118 699 1213 750 καὶ
1247 696 1479 766 βασιλέα
1536 697 1699 767 χολᾷν
1736 700 1832 750 καὶ
1866 699 1934 750 δι’

355 790 523 860 ὀργῆς
544 789 695 859 ἔχειν
723 790 992 859 μεγίστης
1011 789 1104 847 καὶ
1124 789 1303 843 ἄλλων
1327 787 1427 857 μὲν
1448 788 1721 841 πλείστων
1744 788 1934 849 ἕνεκα,

357 881 491 933 ἀλλά
515 884 610 933 καὶ
643 881 893 951 φρερίοις
930 879 1266 949 βοηθοῦντας
1306 880 1638 934 ἐκπίπτουσι
1668 881 1936 950 τῆςκατά

354 970 453 1039 τὴν
477 970 637 1022 πόλιν
660 971 931 1039 καθέδρας
954 971 1160 1033 αὐτῶν,
1185 970 1278 1023 ὑπ’
1298 971 1471 1040 ὀργὴν
1503 970 1656 1040 σφίσι
1681 971 1935 1039 γενέσθαι

357 1062 655 1131 ξυμϐῆναι,
692 1062 790 1114 καὶ
820 1064 1247 1133 ἀπηρτημένως
1281 1058 1424 1116 εἶναι
1459 1063 1520 1115 τὸ
1558 1063 1824 1134 παράπαν
1856 1062 1935 1134 τῷ

356 1153 587 1223 βασιλεῖ,
632 1151 775 1205 ὥστε
819 1155 917 1205 καί⁹
971 1153 1385 1207 ὲπικεκλεῖσθαι
1442 1155 1596 1222 σφίσι
1630 1156 1729 1217 τὰς
1760 1155 1937 1217 πύλας

354 1243 455 1313 τῆς
489 1244 698 1306 πόλεως
728 1247 821 1297 καὶ
850 1244 953 1313 τὴν
983 1245 1120 1313 πρὸς
1171 1245 1397 1315 βασιλέα
1430 1247 1638 1317 συνήθη
1673 1248 1936 1315 πρόσοδον

354 1335 698 1405 ἀφῃρῆσθαι.
734 1333 918 1388 Ταῦτα
952 1335 1047 1388 καὶ
1077 1336 1210 1391 ἀλλα
1242 1338 1410 1390 πολλά
1441 1338 1823 1408 ξυμφοροῦντα
1844 1340 1936 1392 τὸν

354 1428 736 1497 Μπυριγὲριον
756 1428 856 1491 τὰς
876 1428 985 1481 τῶν
1017 1429 1346 1483 Γεννουῖτῶν
1371 1431 1598 1498 γνώμας
1636 1432 1935 1501 μαλάττειν

354 1519 651 1587 πειρᾶσθαι
682 1520 766 1588 ἐφ’
817 1512 973 1590 ᾧπερ
1000 1521 1096 1572 καὶ
1145 1520 1264 1590 μετ’
1296 1522 1519 1591 εἰρήνης
1544 1522 1933 1589 ἀπαλλαγεῖεν.

369 1609 509 1663 Ἀλλ’
547 1612 751 1663 ἐκεῖνοι
806 1611 1117 1681 σοφώτερον
1155 1629 1209 1665 τι
1268 1613 1553 1676 ποιοῦντες
1590 1614 1686 1667 καὶ
1720 1615 1787 1667 τὰ
1812 1615 1936 1668 καθ’

356 1703 554 1766 αὐτοὺς
579 1704 937 1774 ἀπαρτῶντες
971 1704 1164 1766 νυκτὸς
1199 1702 1258 1769 ἐξ
1289 1707 1462 1774 αὐτῆς
1488 1709 1769 1774 πέμπουσι
1797 1707 1936 1776 πρὸς

355 1797 513 1850 πόλιν
538 1796 602 1848 τὸ
633 1797 741 1849 πᾶν
772 1795 925 1864 παρὰ
957 1797 1068 1848 τῶν
1090 1797 1308 1850 οἰκείων
1341 1799 1632 1864 πυθέσθαι,
1670 1804 1762 1852 καὶ
1789 1801 1939 1864 ὅπως

356 1885 474 1939 ἔστι
504 1886 567 1938 τὸ
602 1887 740 1955 μετά
770 1888 863 1942 τοῦ
895 1887 1164 1957 βασιλέως
1194 1889 1381 1951 αὐτοῖς
1413 1889 1651 1959 θέλημα.
1694 1893 1803 1944 Καὶ
1843 1892 1940 1961 μία

360 1979 460 2048 μὲν
498 1980 737 2049 τριήρης
782 1980 1202 2049 ταχυναυτοῦσα
1232 1982 1362 2035 εὐθὺ
1386 1982 1486 2050 τῆς
1521 1985 1730 2044 πόλεως
1760 1983 1936 2046 ἔπλει,

359 2072 503 2125 κατὰ
524 2070 725 2126 πύστιν
754 2070 1007 2142 βεϐαίαν,
1038 2073 1180 2145 πρὸς
1203 2074 1329 2136 τοὺς
1355 2075 1495 2127 κατά
1519 2073 1604 2146 [Ρ.
1630 2074 1759 2146 573]
1786 2077 1941 2129 πόλιν

356 2163 703 2227 Γεννουῖτας.

359 2422 541 2478 manis
570 2438 797 2479 suarum
829 2426 1180 2496 exsequitur.
1213 2425 1352 2483 Tum
1386 2429 1634 2500 adjungit
1667 2432 1781 2487 haec
1820 2447 1944 2502 qua:

358 2514 698 2569 mirarentur
741 2530 772 2569 a
824 2531 885 2571 se
928 2515 1099 2583 facta,
1144 2519 1349 2586 justam
1393 2521 1658 2576 ultionem
1693 2531 1945 2593 repeten-

358 2606 506 2661 tibus
560 2607 995 2661 intolerabilium
1037 2611 1368 2678 injuriarum
1422 2627 1560 2682 quas
1609 2629 1636 2666 a
1683 2615 1943 2674 Rettianis

354 2707 415 2776 _et
446 2700 779 2770 imperatore
825 2698 989 2771 536
1034 2702 1185 2770 passi
1242 2712 1450 2757 essent.
1512 2704 1572 2757 ln
1629 2720 1743 2776 quo
1794 2707 1945 2776 ipsos

360 2791 732 2845 contendebat
788 2790 1035 2859 adjuvari
1112 2806 1211 2861 pro
1280 2792 1422 2846 virili
1473 2808 1502 2846 a
1556 2792 1944 2852 Genuensibus

360 2882 582 2950 debere,
632 2890 747 2936 tum
806 2882 1196 2952 quoniam,.ut
1229 2899 1293 2937 ex
1332 2883 1525 2939 multis
1562 2895 1749 2953 posset
1783 2887 1946 2942 intel-

358 2975 476 3044 ligi,
523 2973 841 3033 earumdem
886 2974 1049 3029 ambo
1090 2977 1275 3045 populi
1314 2981 1552 3045 partium
1582 2988 1636 3033 et
1662 2982 1817 3050 quasi
1841 2981 1943 3036 foe—

2140 551 2151 564 .
2533 498 2720 551 πόλιν
2747 498 3133 568 συμϐάντων.

2122 607 2285 676 Ἡμῖν
2306 607 2353 661 δ’
2385 608 2446 661 οὐ
2479 612 2666 680 χεῖρον
2696 612 2754 664 ὲν
2800 613 3045 685 τοσούτῳ
3074 618 3135 670 τὸ
3183 621 3313 691 περὶ
3349 623 3459 676 τῶν
3495 644 3630 697 φρε-

2041 699 2174 770 ρίων
2210 702 2575 771 διασαφῆσαι.
2627 703 2807 768 Τόπος
2859 709 3038 761 ἀνεῖτο
3095 711 3175 780 τῷ
3207 713 3454 787 δημοσίῳ
3483 721 3627 773 κατά

2038 795 2138 859 τὴν
2163 796 2391 864 ἀγορὰν,
2424 798 2482 849 ὃν
2541 800 2636 851 καὶ
2690 800 3026 867 ἀξιώσαντες
3061 804 3360 869 ὲξωνοῦντο
3410 816 3627 882 φρέριοι

2043 888 2310 958 βασιλέως
2336 893 2768 960 προστάξαντος.
2819 895 2894 949 Τὸ
2951 898 3006 950 δὲ
3043 900 3243 968 αἴτιον,
3298 905 3384 972 ἐφ’
3412 898 3455 972 ᾧ
3489 912 3626 978 μονή

2040 998 2121 1043 τις
2153 985 2381 1051 συσταίη
2419 985 2593 1053 σφίσι.
2630 987 2741 1040 Καὶ
2775 990 3077 1061 φιλοτίμως
3120 996 3444 1061 συνίστατο,
3498 1002 3630 1053 πολ·

2038 1072 2309 1146 λῶννπαρ“
2342 1077 2575 1146 ἑκάτερα
2606 1080 2936 1136 κωλυόντων
2962 1084 3058 1137 καὶ
3088 1086 3264 1141 ἄλλων
3301 1089 3398 1159 μὲν
3437 1091 3627 1160 ἕνεκα,

2043 1167 2280 1236 μάλιστα
2312 1169 2369 1222 δὲ
2400 1171 2491 1224 διὰ
2528 1173 2591 1224 τὸ
2639 1175 2740 1243 τῆς
2770 1175 3040 1246 ἀκριϐοῦς
3072 1179 3373 1249 θρησκείας
3398 1186 3631 1254 {nimu-

2040 1258 2135 1311 κόν
2156 1278 2168 1290 ·
2210 1264 2340 1331 παρ⁴
2367 1264 2432 1333 ἣν
2470 1264 2656 1318 αἰτίαν
2686 1268 2782 1319 καὶ
2812 1270 2839 1321 ὁ
2868 1274 3303 1342 πατριαρχεύων
3338 1276 3632 1342 ὑποκνιζό-

2044 1370 2207 1420 μενος
2232 1354 2329 1416 τὰς
2360 1358 2491 1424 πρίν
2518 1374 2577 1409 τε
2614 1359 2994 1430 ἀνελάμϐανεν
3019 1363 3311 1433 ὁμολογίας
3346 1373 3441 1421 καὶ
3465 1369 3626 1440 βεϐη-

2039 1445 2165 1499 λοῦν
2187 1449 2375 1517 ᾑρεῖτο
2400 1449 2494 1502 τὸν
2519 1450 2709 1507 τόπον.
2754 1454 2820 1506 Ὃ
2871 1454 2935 1523 δὴ
2985 1458 3081 1511 καὶ
3114 1457 3292 1514 δεινὸν
3324 1466 3437 1526 τοῖς
3495 1483 3630 1536 φρε-

2041 1538 2179 1608 ρίοις
2200 1541 2401 1603 ἐδόκει,
2421 1541 2512 1594 καὶ
2531 1543 2864 1615 ἀντεξήλουν
2892 1548 3352 1621 φιλονεικότερον,
3381 1557 3429 1607 εί
3457 1558 3631 1626 μονὴν

2043 1631 2195 1699 ἱερὰν
2231 1630 2590 1696 ξυσταθεῖσαν
2618 1637 2782 1702 τέως,
2812 1639 2870 1690 ὲν
2974 1642 3070 1693 καὶ
3103 1643 3492 1718 θυσιαστήριον
3528 1652 3630 1717 μὲν

2041 1720 2255 1790 ἐπήχθη
2288 1724 2381 1775 καὶ
2412 1722 2583 1793 ὕμνος
2616 1727 2779 1797 ἱερῶν
2804 1729 3015 1799 ἀνδρῶν
3044 1734 3371 1801 ὲκτελείται,
3396 1740 3630 1805 σώματα

2041 1810 2095 1863 δὲ
2120 1811 2391 1880 τεθάφθαι
2437 1816 2661 1885 συνέϐη,
2695 1826 3018 1887 μεταποιεῖν
3048 1826 3128 1887 είς
3161 1827 3351 1896 κοινὴν
3376 1845 3626 1897 καταμοι⁸

2041 1906 2139 1968 νὴν
2166 1904 2266 1955 οὐκ
2289 1903 2582 1960 ἀπώκνουν
2611 1911 2662 1961 oi
2702 1911 2843 1974 τέως
2871 1914 3164 1982 ζηλοῦντες
3194 1917 3263 1968 τὰ
3293 1916 3434 1972 θεῖα.
3483 1919 3625 1972 Ἀλλ’

2042 1993 2191 2062 ὅμως
2217 1996 2279 2048 τὸ
2326 1997 2521 2051 δοκοῦν
2556 2002 2788 2070 ἀκριϐὲς
2840 2008 2955 2067 τοῖς
3012 2008 3279 2077 θρήσκοις
3321 2010 3624 2080 παρώρμα,

2044 2086 2138 2138 καὶ
2171 2084 2425 2155 βασιλεὺς
2462 2097 2749 2162 συνεργεῖν
2785 2094 3030 2163 ἠξιοῦτο.
3070 2099 3180 2153 Καὶ
3206 2100 3265 2163 ὓς
3299 2103 3465 2171 μηδὲν
3487 2102 3627 2174 ἔχων

2044 2178 2355 2248 ἀντιλέγειν
2382 2181 2460 2253 τῷ
2484 2185 2624 2254 ἱερεῖ
2650 2186 2875 2256 ηὐδόκει
2895 2190 2995 2258 τὴν
3023 2192 3410 2264 μεταποίησιν,
3434 2201 3527 2248 καὶ
3550 2197 3631 2269 τῷ

2043 2443 2136 2500 28.
2174 2444 2252 2501 De
2286 2445 2354 2499 iis
2376 2463 2495 2517 qut!
2521 2450 2633 2521 geri
2657 2449 2819 2532 paulo
2841 2461 2965 2575 mite
2990 2454 3217 2526 contigit
3238 2457 3385 2512 circa
3418 2455 3633 2513 Frerios

2734 2537 2791 2574 ιη
2818 2538 2882 2575 ur
2914 2537 2965 2575 ε.

2734 2537 2791 2574 m
2818 2537 2965 2576 υτυε.

2119 2633 2329 2687 Interea
2350 2649 2461 2689 non
2480 2634 2605 2697 erit,
2633 2635 2851 2702 opinor,
2875 2635 2975 2689 abs
3000 2650 3063 2691 re
3091 2638 3486 2695 distinctinrmu
3507 2643 3635 2699 huic

2047 2727 2169 2780 loco
2191 2725 2621 2780 declarationem
2647 2727 2899 2781 inserere
2921 2729 3127 2795 negotii
3163 2727 3506 2797 Frerim-um,
3533 2749 3632 2788 eu-

2043 2817 2137 2886 jus
2169 2815 2368 2871 factam
2396 2815 2573 2870 obiter
2596 2818 2927 2870 mentionem
2955 2818 3008 2871 in
3033 2803 3283 2873 oratione
3316 2821 3629 2895 ilpyrigerii
3686 2855 3696 2862 -

2046 2911 2213 2964 modo
2247 2908 2511 2963 vidimus.
2550 2907 2733 2963 Locus
2766 2917 2889 2963 erat
2944 2926 3174 2978 vacuus,
3202 2913 3344 2981 juris
3395 2926 3449 2968 et
3496 2932 3632 2972 usus

2050 3003 2255 3072 publici
2285 3016 2454 3071 prope
2514 3000 2719 3067 forum,
2751 3017 2916 3072 quem
2954 3019 3080 3058 eum
3120 3005 3420 3083 sibi.v«»udi
3455 3008 3628 3066 Frerii

358 3069 488 3123 dere
518 3069 663 3121 inter
686 3083 743 3122 se
766 3067 1009 3123 devincti
1037 3078 1244 3137 essent,
1285 3079 1399 3123 tum
1434 3072 1518 3126 vel
1548 3075 1786 3129 maxime
1804 3074 1938 3143 quia

2051 3092 2225 3147 Latini
2285 3092 2538 3147 monachi
2599 3093 2907 3162 petiissent,
2961 3078 3239 3151 annuente
3273 3098 3627 3168 imperatore,

358 3163 613 3217 eumdem
663 3165 882 3233 utrique
930 3165 1309 3218 adversarium
1358 3167 1564 3234 pariter
1612 3168 1943 3236 injuriosum

358 3262 415 3308 et
448 3254 715 3309 infestum
757 3257 1150 3324 imperatorem
1202 3259 1609 3326 experirentur.
1659 3258 1772 3311 llue
1800 3264 1946 3314 enim

358 3362 420 3403 se
470 3346 607 3414 ipsis
656 3347 1005 3401 verissimum
1062 3349 1347 3415 nuntiare,
1403 3350 1449 3404 si
1503 3351 1647 3405 forte
1700 3355 1946 3406 nondum

356 3450 586 3510 propter
633 3440 943 3493 absentiam
1000 3442 1069 3494 ab
1106 3445 1239 3495 urbe
1288 3445 1671 3511 cognoverint,
1720 3447 1951 3514 llagrare

359 3546 508 3585 nunc
554 3545 676 3584 cum
714 3533 950 3585 Inaxitue
982 3531 1358 3586 Andronicum
1414 3535 1467 3586 in
1513 3532 1830 3588 Genuenses
1864 3534 1944 3588 ira

360 3621 624 3687 maxima,
683 3639 805 3677 cum
842 3623 966 3676 aliis
1001 3624 1183 3678 causis
1221 3623 1472 3693 plurimis
1519 3641 1776 3690 accensa,
1829 3634 1943 3678 tum

359 3718 664 3784 praesertim
690 3713 835 3782 quod
860 3727 1017 3781 opem
1046 3730 1210 3767 manu
1234 3714 1460 3767 tulerint
1482 3713 1705 3779 Frenis,
1726 3716 1948 3784 quando

361 3806 440 3861 illi
494 3806 623 3859 sede
673 3805 914 3873 ipsorum
973 3812 1027 3858 et
1088 3806 1351 3860 cathedra
1410 3805 1463 3858 in
1515 3807 1650 3859 urbe
1700 3821 1794 3874 per
1836 3808 1947 3861 vim

357 3899 818 3967 expellebantur;
866 3897 1028 3967 cujus
1076 3899 1194 3952 ausi
1232 3898 1494 3952 atrocitas
1527 3908 1678 3952 tanta
1715 3899 1949 3967 impera~

361 3997 499 4048 toris
520 3992 885 4047 aestimatione
910 3993 1160 4062 judicata
1190 3994 1282 4057 sit,
1319 4004 1378 4047 ut
1412 3994 1482 4048 ab
1512 3993 1604 4047 illo
1632 3997 1676 4049 is
1706 4007 1952 4064 tempore

360 4101 420 4140 se
451 4087 630 4156 palam
676 4096 840 4154 atque
880 4085 1317 4140 irrevotabiliter
1351 4086 1624 4141 infensum
1657 4087 1958 4141 vehemens

359 4190 554 4248 terque
626 4177 828 4229 iratum
898 4175 1220 4245 degentibus
1286 4176 1505 4231 Galatae
1565 4174 1950 4231 Genuensibus

360 4270 686 4333 ostenderit,
747 4268 886 4323 adeo
936 4269 1158 4338 quidem
1215 4276 1275 4323 ut
1331 4269 1563 4338 jusserit
1612 4269 1681 4323 iis
1731 4268 1945 4325 occludi

2045 3183 2231 3236 soluto
2274 3182 2452 3251 pretio
2500 3190 2767 3251 quantum
2833 3195 3189 3251 convenerat,
3244 3189 3628 3249 obtinuerunt.

2049 3274 2394 3344 537Causa
2414 3275 2549 3343 ipsis
2564 3275 2684 3343 ejus
2699 3275 2916 3329 emendi
2940 3278 3115 3330 fuerat
3130 3281 3381 3333 voluntas
3398 3282 3507 3336 illic
3527 3284 3636 3339 sibi

2049 3365 2441 3418 monasrerium
2475 3365 2784 3429 condendi;
2830 3381 2991 3436 quam
3043 3366 3100 3420 in
3136 3384 3253 3423 rem
3291 3372 3475 3425 statim
3515 3383 3641 3442 post

2056 3455 2163 3509 soli
2194 3455 2608 3524 possessionem
2639 3455 2843 3508 aditam
2873 3472 3038 3511 manu
3075 3469 3242 3528 atque
3279 3462 3523 3531 impensa
3555 3466 3637 3519 in-

2056 3547 2403 3610 cumbentes,
2431 3546 2576 3601 inter
2609 3548 2809 3601 multas
2838 3547 2967 3603 licet
2994 3551 3148 3605 varie
3177 3553 3397 3609 obstare
3426 3571 3638 3612 conan-

2057 3639 2193 3692 tium
2231 3637 2731 3707 interpellationes,
2766 3639 2875 3694 cito
2912 3641 3203 3696 aedilicium
3251 3647 3316 3698 ad
3356 3646 3634 3717 fastigium

2059 3730 2382 3800 perductum
2445 3733 2662 3785 cunctis
2721 3732 2885 3785 etiam
2919 3734 2985 3787 ad
3021 3735 3416 3793 habitationem
3447 3750 3502 3794 et
3551 3758 3640 3797 sa-

2058 3837 2282 3877 crorum
2317 3822 2654 3877 iunctionem
2691 3827 3020 3895 opportunis
3054 3829 3341 3897 splendide
3388 3836 3640 3903 magnifi-

2060 3930 2235 3984 ceque
2294 3914 2698 3974 instruxerunt.
2750 3918 3082 3987 Displicebat
3125 3923 3420 3978 admodum
3450 3942 3513 3980 ea
3549 3943 3639 3984 res

2060 4016 2374 4060 nostrorum
2440 4006 2714 4075 plurimis,
2760 4023 2887 4062 cum
2949 4011 3086 4066 alias
3117 4015 3187 4068 ob
3242 4029 3456 4084 causas,
3521 4027 3638 4074 tum

2063 4099 2299 4152 maxime
2357 4107 2590 4167 propter
2617 4101 2965 4156 aversionem
3014 4107 3389 4163 vehementem
3445 4128 3554 4180 qua
3602 4128 3637 4166 a

2056 4189 2255 4243 ritibus
2299 4189 2663 4257 doctrinaque
2714 4192 3040 4248 Latinorum
3074 4197 3468 4263 abhorrebant,
3497 4218 3643 4272 quo-

2060 4295 2183 4333 rum
2217 4295 2387 4334 sacra:
2413 4282 2719 4350 disciplina:
2749 4285 3076 4339 exercitium
3110 4288 3165 4342 in
3202 4292 3336 4344 urbe
3367 4297 3640 4351 ostentari

363 4373 554 4436 portas
575 4361 1051 4431 civitatis,sicque
1074 4361 1280 4416 auferri
1321 4361 1638 4416 facultatem
1671 4361 1946 4417 interdum
1983 4391 2024 4445 ι)
2057 4370 2334 4441 publicum
2371 4373 2514 4427 haud
2556 4389 2905 4444 concoquere
2942 4392 3055 4447 pm
3113 4396 3226 4435 sum
3263 4385 3530 4452 melioris,
3579 4394 3641 4443 ut

362 4457 628 4524 adeundi,
670 4456 748 4511 uti
796 4464 958 4510 antea
992 4464 1420 4516 consueverant,
1458 4455 1825 4523 imperatoris.
1857 4453 1950 4508 llis

363 4551 599 4620 aliisque
634 4549 686 4603 id
722 4563 898 4618 genus
934 4546 1122 4600 multis
1156 4546 1223 4599 ad
1258 4561 1487 4616 scopum
1524 4562 1632 4614 quo
1667 4547 1950 4614 aspirabat

363 4640 797 4697 accommodatis
852 4637 1222 4708 Mpyrigerius
1279 4637 1649 4703 memorandis
1719 4637 1950 4691 delinire

364 4742 529 4802 atque
555 4731 835 4785 inﬂectere
867 4729 921 4782 in
954 4743 1085 4783 suas
1121 4736 1301 4798 partes
1330 4728 1550 4783 animos
1573 4727 1947 4784 Genuensium

365 4826 693 4886 conabatur,
737 4838 802 4876 eo
834 4821 1070 4876 consilio
1107 4830 1166 4875 ut
1208 4822 1403 4876 saltem
1432 4823 1500 4874 ab
1532 4823 1598 4876 iis
1628 4823 1949 4891 impetraret

364 4936 434 4973 ne
472 4918 582 4971 vim
617 4926 783 4987 atque
829 4930 982 4969 arma
1034 4915 1087 4969 iu
1131 4931 1262 4969 suos
1303 4923 1605 4970 verterent.
1637 4915 1838 4970 ~Verum
1870 4916 1950 4971 illi

366 5004 513 5063 haud
542 5008 704 5079 paulo
732 5007 1042 5077 sapientius
1092 5008 1343 5060 arbitrati
1389 5008 1615 5062 minime
1644 5007 1749 5062 sibi
1788 5007 1948 5062 festi-

366 5098 611 5152 nandum
654 5100 708 5152 in
739 5114 798 5151 re
832 5106 982 5150 tanta
1016 5113 1157 5157 esse,
1190 5097 1359 5150 dilato
1392 5097 1613 5152 interim
1650 5114 1947 5168 respOuso,

366 5195 484 5258 ipsa
538 5200 700 5246 nocte
750 5190 888 5245 fidos
943 5190 1283 5244 submittunt
1329 5190 1384 5245 iu
1438 5192 1628 5246 urbem
1673 5192 1945 5260 homines,

366 5286 653 5338 audituros
711 5299 742 5338 e
796 5282 915 5338 suis
970 5293 1023 5337 et
1074 5295 1302 5338 strenue
1353 5283 1487 5353 quid
1543 5287 1950 5356 comperissent

367 5375 659 5437 relaturos,
714 5388 824 5443 quo
877 5384 1024 5428 esset
1083 5372 1370 5443 Augustus
1426 5376 1477 5429 in
1533 5377 1681 5443 ipsos
1739 5379 1946 5433 animo.

366 5468 734 5522 Prmcucurrit
777 5484 908 5538 ergo
953 5467 1200 5522 Galatam
1234 5484 1359 5523 cmn
1396 5470 1480 5524 his
1514 5473 1793 5527 mandatis
1841 5488 1949 5526 una

368 5560 704 5623 triremium,
733 5574 856 5628 qua:
888 5568 1093 5614 certam
1130 5562 1477 5631 postmodum
1509 5564 1577 5617 de
1607 5579 1736 5617 vero
1768 5579 1949 5618 rerum

366 5660 530 5714 statu,
566 5653 835 5706 cunsultis
865 5653 1101 5722 propriis
1135 5653 1250 5709 illic
1276 5653 1689 5710 diversantibus
1713 5655 1952 5719 civibus,

369 5743 530 5798 fidem
571 5753 897 5813 reportaret.

2059 4469 2212 4515 certo
2239 4463 2560 4528 credebant,
2590 4465 2877 4533 religionis
2918 4466 3258 4538 ﬂagrantiori
3308 4478 3423 4527 zelo
3482 4479 3640 4533 taciti

2059 4560 2331 4621 poterant.
2368 4553 2510 4624 Ergo
2562 4571 2658 4624 per
2692 4559 2790 4612 hos
2841 4560 3136 4629 instigatus
3193 4567 3503 4633 patriarcha
3544 4584 3641 4638 ag-

2057 4642 2210 4710 gredi
2245 4660 2351 4698 non
2387 4646 2677 4713 dubitavit,
2717 4653 2918 4718 spretis
2975 4656 3340 4725 rescissisque
3397 4674 3640 4716 conven-

2061 4736 2330 4800 tionibus,
2360 4749 2642 4806 utcunque
2673 4755 2907 4797 assensu
2939 4747 3290 4814 imperatoris
3331 4753 3635 4820 rohuratis,

2056 4823 2287 4882 Latinos
2344 4832 2648 4886 IIlOllaCIIOS
2688 4830 2815 4887 inde
2863 4837 3068 4901 pellere
3105 4852 3160 4891 et
3184 4854 3398 4893 sacram
3437 4841 3639 4910 aedem,

2060 4935 2210 4975 more
2241 4933 2491 4976 ornatam
2552 4923 2707 4989 Italo,
2766 4927 2821 4980 in
2858 4942 2982 4996 qua-
3022 4931 3132 4985 ritu
3184 4937 3406 5003 proprio
3459 4939 3639 4992 sacris

2059 5024 2443 5081 cperarentur,
2472 5015 2786 5084 profanare.
2827 5019 2883 5072 ld
2914 5021 3198 5077 enimvero
3225 5031 3480 5082 attentari
3512 5028 3643 5085 Fre-

2061 5105 2156 5159 riis
2189 5108 2547 5173 peracerbum
2588 5126 2688 5163 nec
2720 5111 3061 5167 tolerandum
3130 5119 3439 5175 videbatur.
3497 5123 3640 5177 Alle-

2058 5196 2585 5264 gabautquecuntra
2610 5207 3118 5262 cuntentiosissime
3166 5212 3310 5264 haud
3377 5212 3459 5267 fas
3515 5230 3641 5271 esse

2058 5302 2278 5341 saclum
2317 5294 2715 5347 monasterium
2752 5298 2972 5365 publica
3016 5304 3343 5359 auctoritate
3373 5308 3645 5361 constitu-

2063 5386 2277 5439 tum,et
2298 5380 2351 5431 in
2380 5381 2483 5436 sibi
2518 5387 2877 5452 peculiarium
2901 5392 3079 5461 legum
3112 5409 3175 5450 ac
3197 5396 3646 5453 caerimoniarum

2060 5473 2413 5539 possessione
2444 5476 2715 5546 aliquanti
2772 5482 2885 5551 jam
2921 5489 3184 5557 temporis
3218 5491 3491 5556 permisso
3537 5508 3644 5546 usu

2063 5566 2471 5633 confirmatum,
2502 5570 2555 5623 in
2585 5588 2697 5640 quo
2726 5574 2897 5629 altare
2926 5587 3037 5633 stet
3070 5589 3317 5634 erectum
3350 5583 3643 5640 sacrificiis

2065 5653 2357 5727 fatigendis
2392 5701 2406 5724 ,
2464 5660 2517 5714 in
2566 5680 2677 5732 quo
2721 5682 2751 5720 a
2795 5669 2897 5721 rite
2949 5672 3287 5726 consecratis
3351 5673 3482 5727 vn-is
3537 5675 3647 5731 Deo

2067 5749 2257 5805 laudes
2291 5751 2676 5810 ecclesiastico
2707 5772 2863 5813 more
2916 5770 3237 5829 cautcutur,
3289 5765 3491 5834 inquo
3576 5769 3645 5823 de
