4046 6390
387 277 489 341 591

1607 289 1937 351 GEORGII
1984 292 2469 354 ΡΑΟΗΥΜΕιιιΕ

3556 307 3664 371 5'12

389 396 491 465 μὲν
519 395 781 466 ἀμηραλῇ
823 394 916 448 τδν
961 395 1129 451 τόπον
1168 398 1563 470 ἀπεχαρίζετο,
1598 406 1726 468 τοὺς
1756 404 1813 458 δὲ
1842 422 1973 475 φρε-
2002 414 2049 469 Α
2079 404 2243 473 θεῖεν,
2276 407 2508 478 μηδενὸς
2559 407 2621 460 τὸ
2671 409 2936 479 παράπαν
3001 411 3435 485 ἐσκυλευμένου,
3462 421 3589 484 τοὺς
3624 422 3672 474 δ’

387 488 541 560 ρίους
592 489 769 555 ἀξίοις
817 490 1211 561 ἀποτιμήμασι
1256 493 1586 566 θεραπεύειν
1629 499 1834 569 ᾑρεῖτο,
1866 499 1968 553 κᾶν

384 580 541 633 αὐτοὶ
592 579 656 633 τὸ
690 581 957 650 παράπαν
1006 583 1448 653 ἀποστυγοῦντες
1493 586 1588 640 τοῦ
1628 592 1701 659 μὴ
1736 592 1993 660 μεταπί-,

384 687 547 725 πτειν
601 674 857 743 προεῖντο
906 673 1002 726 καὶ
1043 673 1141 744 τὴν
1193 673 1363 746 ζωήν.
1400 677 1547 747 Πλὴν
1579 679 1626 732 δ’
1654 681 1754 751 οὐχ
1784 676 1888 735 οἶοί
1920 685 1969 737 τ’

385 764 540 827 ὄντες
563 765 700 833 πρὸς
737 765 1031 835 βασιλικὰς
1068 767 1319 838 ἀντέχειν
1353 768 1641 839 διαταγὰς,
1682 774 1819 844 πρὸς
1875 776 1972 845 μό-

387 876 478 912 νον
523 860 589 912 τδ
640 860 871 925 εὐλαϐὲς
923 860 1158 932 περὶτὰ
1213 862 1336 915 θεῖα
1383 863 1969 936 τοίπροστάσσοντος

385 952 678 1025 ἀφεώρων.
703 955 814 1008 Καὶ
837 955 961 1025 ἱερὰ
986 954 1087 1025 μὲν
1110 955 1299 1010 ἐκεῖνα
1320 957 1413 1010 καί
1442 957 1624 1011 πᾶσαν
1654 957 1754 1027 τὴν
1786 958 1970 1012 αὐτῶν

387 1047 711 1116 ἐτοιμασίαν
759 1047 1106 1117 ἀμετάθετον
1157 1049 1432 1115 είακότες,
1474 1051 1628 1104 οὐδὲν
1672 1045 1838 1123 ἦττον
1873 1055 1970 1105 καὶ

386 1138 650 1208 περὶτῶν
681 1138 886 1193 λοιπῶν
921 1139 1066 1192 οὕτω
1085 1138 1424 1204 διατεθέντες
1446 1140 1524 1205 ὡς
1556 1142 1725 1213 μηδὲν
1755 1143 1970 1197 ἐκεῖθεν

386 1230 494 1283 τῶν
527 1230 625 1285 τοῦ
664 1232 795 1285 ναοῦ
828 1232 1169 1302 μεταθεῖναι,
1207 1233 1447 1303 ἠμέλουν
1481 1234 1557 1299 ὡς
1588 1235 1662 1305 μὴ
1696 1235 1762 1289 ἂν
1800 1253 1967 1306 μετα-

386 1324 730 1395 θησομένων,
759 1324 834 1389 ὥς
870 1343 935 1395 γε
970 1330 1111 1396 σφᾶς
1136 1328 1371 1383 οίεσθαι.
1419 1329 1576 1382 Ἐπεὶ
1601 1331 1658 1384 δὲ
1690 1333 1785 1385 καὶ
1808 1331 1968 1396 αὖθις

385 1419 416 1469 ὁ
448 1418 674 1488 κρατῶν
704 1420 1006 1490 ἠνωχλεῖτο
1041 1425 1137 1474 καὶ
1172 1420 1555 1493 ἀπαραίτητον
1588 1425 1837 1477 κατενόει
1866 1424 1968 1495 τὴν

388 1508 536 1579 βίαν,
567 1510 792 1581 πέμψας
824 1512 903 1582 τῷ
930 1512 1039 1565 τῶν
1081 1514 1323 1566 Πισαίων
1358 1514 1576 1585 ὲξάρχῳ
1630 1517 1968 1587 προστάσσει

385 1604 450 1653 ἐκ
488 1603 748 1670 γειτόνων
776 1600 892 1655 δντι
920 1603 1432 1673 συμπαραλαϐόντα
1472 1606 1603 1668 τοὺς
1632 1608 1690 1660 ἐν
1724 1606 1803 1678 τῷ
1842 1606 1967 1660 καθ’

388 1691 537 1763 ίεροῦ
569 1691 664 1745 τοῦ
700 1691 1003 1745 ἀποστόλου
1023 1692 1233 1762 Πέτρου
1260 1694 1428 1764 ίερείς
1455 1691 1543 1765 [Ρ.
1577 1691 1708 1765 574]
1742 1696 1971 1765 ἐπιστῇ..

2081 499 2250 570 ίερεῖς
2279 501 2528 565 εὐλαϐῶς
2546 501 2919 567 ἀναλαϐόντας
2940 505 3100 560 τάκεῖ
3121 509 3354 577 κείμενα
3380 512 3439 564 ὲν
3468 511 3548 581 τῷ
3571 511 3671 566 τοῦ

2079 592 2384 662 κορυφαίου
2426 593 2535 647 τῶν
2583 593 2908 650 ἀποστόλων
2947 597 3270 666 μεταθεῖναι
3304 600 3441 671 ναῷ.
3489 602 3580 667 Ὠς
3613 604 3671 657 δὲ

2077 678 2271 747 γέγονε
2322 680 2497 734 ταῦτα
2546 686 2641 735 καὶ
2694 683 2948 755 ἐπράχθη
3001 687 3175 756 ήτῶν
3211 689 3373 759 ἱερῶν
3422 693 3514 744 καλ⁸
3552 692 3668 746 τῶν
3744 740 3748 747 ,

2077 768 2252 825 ἄλλων
2290 773 2602 840 μετάθεσις,
2638 775 2691 828 οἱ
2718 775 2935 848 φρὲριοι
2970 778 3138 847 μηδὲν
3166 779 3387 851 ἔχοντες
3415 783 3442 836 ὅ
3468 801 3520 835 τι
3553 785 3670 846 τοῖς

2077 862 2259 926 ἄλλοις
2289 870 2618 937 χρήσαιντο,
2660 869 2800 938 πρὸς
2849 870 2943 923 τὸν
2974 872 3278 927 ἐπιστάντα
3310 875 3371 927 τὸ
3413 877 3525 929 πᾶν
3570 876 3673 942 τῆς

2077 953 2250 1022 ὀργῆς
2309 956 2623 1021 ὲξεκένουν,
2683 960 2780 1011 καὶ
2829 961 3132 1015 ἀνεκάλουν
3182 964 3318 1034 πρὸς
3349 965 3673 1030 Γεννουϊτας

2080 1048 2224 1100 κατά
2258 1047 2359 1118 τὴν
2420 1049 2687 1120 Περαίαν,
2742 1053 2832 1104 καὶ
2890 1052 3078 1121 ἠξίουν
3111 1055 3204 1108 τὸν
3246 1059 3673 1128 καταφρονητὴν

2089 1136 2433 1206 ἀμύνασθαι.
2492 1142 2602 1193 Καὶ
2659 1143 2687 1194 ό
2729 1142 3086 1213 ὲξουσιαστὴς
3137 1148 3389 1213 ἐκείνων,
3438 1149 3538 1218 τήν
3576 1149 3671 1201 ἐπὶ
3714 1176 3723 1182 -

2076 1230 2292 1294 τούτοις
2335 1232 2558 1302 ἄμυναν
2598 1232 2706 1285 τῶν
2745 1234 2927 1287 καλῶν
2977 1236 3359 1307 ἡγησάμενος,
3390 1238 3709 1309 ὲκπέμπειξ

2078 1321 2263 1392 κρύφα
2315 1323 2445 1387 τοὺς
2498 1324 2708 1378 ἐκεῖνον
2769 1327 2941 1394 ἐγγὺς
2989 1305 3227 1380 θανάτου
3299 1305 3669 1398 ποιήσοντας·
3701 1305 3717 1329 ‘

2077 1418 2296 1469 κτανεῖν
2350 1418 2457 1485 γὰρ
2513 1417 2616 1470 οὐκ
2670 1418 2962 1485 ἐδικαίουν,
3013 1421 3153 1475 ἀλλὰ
3191 1422 3432 1488 σπάθαις
3466 1425 3672 1491 στίζειν

2077 1509 2343 1578 ἐσχάτως.
2395 1509 2847 1580 Ἐνεδρεύσαντες
2875 1514 3058 1567 τοίνυν
3092 1514 3431 1585 ἐξεπλήρουν
3472 1517 3541 1571 τὰ
3572 1516 3671 1571 τοῦ

2077 1598 2469 1669 βουλεύματος,
2502 1600 2599 1654 καὶ
2622 1601 2846 1666 πολλαῖς
2875 1604 2967 1656 τὸν
2989 1603 3277 1676 ἄνθρωπον
3297 1607 3668 1661 έπεισπεσόν-
3699 1592 3713 1603 ’

2076 1706 2167 1754 τες
2205 1693 2271 1744 ἐκ
2320 1690 2414 1745 τοῦ
2473 1693 2737 1764 αίφνηδὸν
2767 1693 3054 1764 ᾐκίσαντο,
3109 1695 3184 1759 ὡς
3239 1696 3488 1767 φοράδην
3525 1698 3669 1752 οίκοι

384 1802 474 1837 ναι
502 1782 582 1854 τῷ
618 1784 790 1855 τόπῳ,
817 1782 912 1837 καί
937 1801 1001 1853 γε
1020 1785 1147 1847 τοὺς
1175 1784 1277 1853 μὲν
1314 1786 1446 1856 περ)⁵
1471 1785 1637 1839 αὐτὸν
1661 1787 1719 1839 ὲν
1748 1785 1967 1852 ἀξιοπίο
1994 1774 2044 1834 Β
2074 1780 2231 1849 μόλις
2252 1780 2644 1850 πιστευόμενον
2676 1780 2777 1851 ζῇν
2803 1782 3142 1853 ἀπαχθῆναι-
3197 1784 3374 1838 Τοῦτο
3412 1784 3669 1855 βασιλεὺς

386 1892 539 1939 στοις
570 1875 833 1947 τετάχθαι
859 1879 1131 1947 μάρτυσιν
1162 1876 1238 1942 ὦς
1279 1876 1331 1930 θ’
1360 1876 1576 1949 εὕροιεν
1607 1880 1703 1933 καὶ
1729 1877 1766 1933 ὃ.
1803 1895 1973 1948 μετα-

387 2055 555 2124 nique
587 2065 818 2122 corpora
847 2052 1295 2108 Christianorum
1355 2051 1750 2109 defunctorum
1805 2055 1973 2126 depo-

388 2147 493 2200 sita
531 2147 586 2201 in
610 2144 955 2214 sepulturam
981 2146 1117 2209 sint,
1144 2145 1414 2200 resecrari
1437 2159 1634 2200 rursus
1658 2146 1973 2216 mutarique

391 2240 445 2292 in
484 2238 709 2308 vulgare
738 2235 1134 2292 diversorium.
1174 2237 1357 2306 Atque
1389 2237 1505 2293 hac
1528 2252 1649 2307 quae
1673 2252 1704 2292 a
1754 2238 1973 2294 nemine

390 2339 619 2403 possent
656 2329 801 2395 fieri,
829 2329 1057 2385 minime
1092 2329 1317 2385 aiebant
1346 2332 1646 2386 convenire
1668 2331 1739 2385 ab
1766 2331 1836 2387 iis
1884 2337 1971 2384 at-

380 2424 592 2480 tentari
615 2423 709 2493 qui
740 2422 983 2478 studium
1014 2422 1320 2478 ferventius
1361 2438 1490 2494 erga
1529 2437 1620 2478 res
1655 2423 1823 2478 divini
1850 2423 1974 2478 cul-

384 2522 480 2572 tus
509 2515 923 2587 profiterentur.
987 2513 1141 2568 Talia
1182 2514 1260 2568 illi
1284 2515 1591 2583 quamlibet
1649 2525 1973 2571 constanter

383 2608 755 2664 obtendentes
787 2607 925 2661 nihil
957 2606 1214 2676 agebant,
1266 2607 1459 2674 utique
1489 2606 1635 2676 apud
1669 2607 1967 2674 hominem,

387 2701 570 2769 qualis
607 2709 729 2755 erat
753 2699 1095 2769 patriarcha,
1127 2698 1570 2754 irrevocabiliter
1622 2714 1733 2769 quo
1789 2700 1971 2755 inten-

385 2791 562 2846 disset
610 2804 772 2844 ruere
831 2788 1080 2843 solitum.
1135 2786 1280 2858 Ergo
1315 2789 1362 2843 is
1419 2789 1796 2859 praeiudicatis
1852 2792 1971 2847 suis

386 2881 684 2951 indulgens
746 2881 1063 2946 affectibus,
1107 2890 1161 2935 et
1206 2896 1506 2950 persuasus
1559 2883 1678 2937 zelo
1727 2883 1822 2937 illo
1861 2899 1971 2953 quo

388 2978 670 3033 ferebatur
719 2984 931 3032 exactae
994 2975 1301 3045 religionis,
1359 2975 1561 3032 debere
1622 2991 1684 3032 se
1745 2978 1972 3031 omnino

386 3070 830 3137 qualemcunque
877 3068 1081 3134 aliam,
1117 3067 1356 3121 maxime
1389 3076 1576 3122 autem
1620 3065 1895 3131 Latinam,
1940 3081 1971 3120 a

387 3161 559 3216 libero
583 3159 870 3225 exercitio,
890 3159 945 3212 in
973 3157 1095 3210 loco
1121 3157 1426 3226 praesertim
1464 3167 1569 3210 tam
1600 3158 1824 3227 publico
1856 3174 1974 3212 me-

382 3253 618 3323 tropolis
654 3253 739 3309 sui
767 3251 1206 3320 patriarchatus,
1234 3250 1549 3319 prohibere,
1607 3252 1840 3317 urgebat
1876 3252 1968 3304 ni-

382 3347 497 3403 hilo
527 3345 816 3403 remissius
839 3344 988 3413 quod
1019 3350 1289 3417 coeperat,
1321 3352 1377 3396 et
1417 3357 1576 3411 opem
1620 3344 1969 3414 imperatoris

378 3439 453 3496 ad
488 3436 893 3509 perrumpenda
924 3450 1047 3505 quae
1087 3435 1307 3489 amoliri
1332 3449 1429 3502 per
1462 3449 1521 3489 se
1556 3435 1679 3505 ipse
1710 3436 1967 3504 nequiret

381 3529 671 3586 obstacula
740 3528 1095 3598 implorabat.
1139 3524 1425 3580 Pendebat
1486 3525 1843 3581 Andronicus
1896 3540 2000 3583 ex.

379 3625 503 3695 ejus
539 3633 700 3689 nutu,
734 3636 838 3676 nec
884 3633 985 3674 suo
1048 3619 1377 3689 patriarchae
1431 3633 1531 3688 pro
1580 3620 1699 3673 viro
1751 3619 1965 3673 eximite

380 3714 690 3771 sanctitatis
717 3712 1019 3783 gratiaeque
1045 3712 1189 3780 apud
1217 3712 1392 3764 Deum
1429 3710 1680 3764 niaximte
1708 3725 1740 3764 a
1775 3725 1836 3765 se
1864 3712 1964 3763 du-

377 3814 509 3866 dum
536 3808 687 3863 culto
719 3820 917 3874 negare
943 3804 1244 3874 quidquam
1273 3813 1370 3857 aut
1390 3811 1581 3858 contra
1609 3804 1823 3859 hiscere
1855 3803 1962 3856 ulla

378 3905 433 3957 in
470 3916 530 3956 re
564 3907 800 3970 poterat.
854 3895 1039 3967 Itaque
1072 3896 1404 3951 amotionem
1463 3896 1589 3951 inde
1620 3895 1959 3962 Freriorum,

376 4007 542 4065 quam
577 3993 624 4044 is
651 3989 929 4060 cupiebat,
965 3989 1085 4059 ipse
1118 3988 1456 4043 auctoritate
1505 3990 1791 4043 mandavit
1836 4005 1958 4055 sua,

374 4099 495 4142 eam
525 4086 578 4138 in
612 4083 971 4139 exsecutione
1010 4081 1283 4136 invidiosa
1315 4081 1751 4137 moderationem
1799 4082 1959 4136 adhi-

376 4178 533 4239 hens,
567 4184 625 4231 ut
649 4175 752 4230 loci
804 4173 1022 4243 quidem
1076 4188 1140 4228 ac
1164 4173 1267 4228 soli
1303 4175 1696 4242 proprietatem
1742 4172 1957 4229 Latinis

373 4265 640 4334 eripiendi
694 4263 907 4319 homini
972 4261 1170 4316 Latino
1239 4263 1580 4318 condonaret
1637 4264 1952 4330 Anterahe,

373 4358 580 4413 Freriis
611 4367 793 4412 autem
836 4368 1112 4426 expensas
1137 4368 1279 4424 quas
1320 4356 1376 4408 in
1405 4356 1742 4423 emptionem
1777 4365 1833 4410 et
1857 4371 1952 4410 or-

371 4456 559 4503 natum
597 4448 698 4503 loci
732 4447 976 4503 fecerant
1030 4444 1323 4500 refundere
1371 4461 1432 4501 se
1480 4445 1647 4516 538
1702 4456 1955 4517 paratum
1990 4443 2036 4503 D
2064 4464 2120 4518 in
2177 4480 2282 4520 ιιευ
2323 4443 2596 4533 fuel-ani,

372 4538 931 4611 profiteretur;quod
963 4537 1183 4607 quidem
1217 4536 1320 4606 ipsi
1377 4549 1734 4604 recusarunt,
1804 4534 1954 4595 {nulla

371 4650 433 4690 se
465 4633 660 4689 adduci
692 4632 1013 4687 conditione
1046 4644 1211 4699 posse
1239 4645 1351 4700 pra:
1377 4647 1437 4687 se
1466 4632 1707 4688 ferentes
1735 4634 1802 4689 ad
1831 4649 1954 4691 ces-

369 4728 580 4783 sionem
609 4723 798 4793 templi
828 4722 1059 4793 proprii,
1086 4722 1234 4792 quod
1295 4723 1362 4778 ad
1423 4735 1731 4780 extremum
1763 4726 1951 4782 defen-

368 4815 548 4873 dendo
574 4815 741 4870 vitam
777 4816 941 4869 etiam
971 4828 1078 4866 non
1121 4812 1442 4869 dubitarent
1500 4816 1841 4885 impendere.
1875 4818 1953 4872 Ac

366 4909 629 4963 videbant
660 4908 736 4961 illi
766 4906 986 4977 quidem
1025 4906 1183 4961 facile
1232 4906 1375 4962 haud
1415 4924 1644 4963 suarum
1702 4925 1827 4965 esse
1874 4913 1951 4964 ri-

365 5004 510 5055 rium
565 5000 841 5055 mandatis
895 5000 1248 5070 imperatoris
1325 5002 1529 5066 obniti,
1592 5002 1951 5073 confidebant

315 5156 320 5161 ,
367 5106 546 5148 tamen
575 5107 643 5147 ex
670 5106 734 5146 ea
761 5107 925 5161 quam
976 5092 1243 5148 celebrari
1295 5094 1587 5149 audierant
1645 5096 1949 5151 Andronici

311 5174 319 5193 ³
366 5199 497 5251 erga
523 5198 609 5238 res
636 5198 825 5238 sacras
879 5186 1212 5250 reverentia,
1262 5200 1613 5255 nequaquam
1674 5185 1826 5241 illum
1882 5204 1950 5242 eo

366 5290 543 5346 usque
573 5276 875 5340 ruiturum,
900 5285 961 5329 ut
995 5272 1163 5330 manli
1207 5276 1324 5345 rapi
1354 5290 1417 5331 ac
1458 5277 1696 5347 dispergi
1724 5278 1951 5347 juheret

364 5384 579 5428 sacram
614 5368 802 5439 templi
833 5368 1139 5424 Christiani
1177 5356 1597 5440 supellectilem.
1631 5369 1815 5437 Quare
1841 5372 1944 5443 ipsi

364 5442 710 5527 recusantes,
744 5473 910 5533 prout
930 5463 1289 5532 jubebantur,
1316 5478 1410 5519 res
1445 5478 1577 5520 suas
1607 5465 1715 5519 alio
1760 5476 1946 5521 trans-

330 5553 541 5617 ferre,
602 5554 707 5609 sibi
750 5554 1096 5623 spondebant
1140 5555 1415 5636 neminem
1467 5554 1634 5609 alium
1680 5557 1816 5636 ipsis
1849 5574 1942 5614 eas

361 5644 549 5701 invitis
584 5647 706 5702 loco
731 5656 1034 5712 moturum,
1069 5634 1323 5715 Augusto
1350 5645 1402 5700 id
1435 5645 1652 5702 scilicet
1684 5634 1940 5719 praescri-

361 5740 491 5798 bere
541 5758 650 5799 non
713 5756 940 5797 ausuro.
988 5743 1231 5810 Tamque
1293 5756 1488 5797 secure
1529 5743 1937 5802 indormiebant

2074 1870 2155 1934 είς
2189 1869 2384 1924 ἑαυτὸν
2430 1869 2723 1943 ἀναφέρων
2768 1872 2880 1926 ἀπὸ
2936 1872 3239 1944 προσώπου
3287 1876 3336 1927 τ’
3364 1876 3544 1930 ἐποίει
3576 1876 3668 1929 τὸν

2077 2075 2168 2131 tali
2198 2075 2436 2140 ﬁduciae,
2469 2075 2622 2132 vasis
2649 2076 2829 2132 sacris
2863 2093 2929 2133 ac
2955 2077 3205 2134 vestibus
3234 2078 3414 2149 palam
3447 2080 3505 2134 in
3538 2096 3668 2151 pro-

2076 2166 2267 2235 patulo
2292 2165 2503 2221 relictis
2536 2166 2864 2232 assidentes,
2890 2174 2951 2221 ut
2979 2168 3116 2223 nihil
3150 2169 3334 2225 minus
3359 2185 3525 2239 quam
3557 2177 3665 2227 vim

2075 2260 2145 2313 ab
2209 2260 2583 2330 imperatoriis
2641 2261 2913 2316 ministris
2964 2260 3267 2317 formidare
3326 2265 3666 2322 viderentur.

2074 2350 2299 2407 Interim
2331 2353 2421 2423 qui
2450 2354 2621 2408 semel
2646 2352 3029 2409 Andronicum
3068 2360 3136 2409 ad
3169 2355 3221 2410 id
3258 2359 3536 2427 negotium
3572 2374 3668 2413 ca-

2075 2444 2406 2511 pessendum
2442 2443 2799 2513 impulerant,
2850 2460 2958 2500 non
3005 2445 3340 2503 desistentes
3397 2450 3576 2505 eidem
3608 2461 3671 2505 ut

2074 2540 2316 2602 emptum
2343 2534 2653 2589 absolveret
2682 2536 2916 2602 instare,
2944 2551 3010 2591 eo
3033 2538 3275 2608 denique
3304 2542 3671 2611 perpulerunt

2074 2629 2409 2698 principem,
2443 2630 2591 2684 clare
2614 2632 2727 2700 jam
2761 2631 3041 2687 videntem
3092 2649 3377 2703 nunquam
3435 2635 3668 2695 Latinos

2075 2719 2378 2774 monachos
2431 2721 2745 2776 voluntarie
2794 2738 3095 2790 cessuros,
3164 2741 3269 2781 nec
3311 2728 3503 2798 perfici
3550 2745 3667 2785 rem

2076 2811 2216 2867 citra
2257 2812 2367 2866 vim
2403 2829 2589 2881 posse,
2621 2822 2678 2867 ut
2708 2815 3036 2871 Pisanorum
3081 2820 3348 2885 exarcho,
3388 2821 3535 2878 aedes
3586 2825 3673 2878 in—

2074 2904 2279 2958 colenti
2307 2906 2516 2961 vicinas
2542 2903 2869 2961 Latinorum
2922 2911 3296 2982 monasterio,
3351 2915 3667 2970 mandatum

2075 2995 2290 3051 dederit
2324 3008 2641 3068 assumptos
2664 3015 2693 3053 e
2720 3000 2923 3068 templo
2948 3010 3001 3055 et
3029 3003 3152 3071 ipso
3185 3004 3497 3076 pr0pinquo
3540 3022 3673 3062 san-

1998 3112 2042 3171 C
2076 3087 2147 3139 cti
2198 3085 2346 3142 Petri
2381 3088 2613 3158 apostoli
2671 3091 2992 3146 sacerdotes
3025 3091 3252 3150 Graecos
3306 3096 3359 3150 in
3401 3099 3669 3168 templum

2079 3177 2402 3233 Latinorum
2433 3180 2748 3246 inducendi,
2798 3182 2977 3252 iisque
3029 3184 3136 3240 loci
3171 3187 3552 3255 prmfecturam
3608 3192 3666 3245 in

2080 3278 2403 3340 perpetuam
2493 3274 2756 3342 deinceps
2846 3276 3096 3330 tradendi
3206 3281 3668 3351 possessionem,

2077 3361 2258 3431 ipsum
2291 3363 2571 3433 imperans
2628 3364 2684 3419 in
2713 3380 2941 3420 censum
2978 3376 3234 3423 exactum
3288 3371 3519 3438 referre,
3558 3376 3668 3430 sub

2077 3455 2398 3510 testimonio
2447 3456 2550 3512 fide
2602 3457 2891 3525 dignorum
2937 3458 3241 3528 hominum,
3307 3473 3412 3517 tam
3446 3480 3510 3520 ea
3542 3482 3667 3535 qua:

2074 3551 2350 3605 inveniret
2389 3552 2446 3605 in
2499 3554 2702 3622 templo
2736 3552 3088 3622 Latinorum,
3147 3571 3314 3626 quam
3348 3572 3471 3627 quae
3535 3561 3668 3616 inde

2072 3643 2180 3697 alio
2214 3642 2561 3712 transferret,
2611 3646 2902 3716 diligenter
2953 3649 3199 3703 cavendo
3254 3666 3323 3705 ne
3356 3655 3659 3721 Quisquam

2070 3743 2264 3782 eorum
2309 3743 2368 3782 re
2424 3731 2533 3783 ulla
2583 3745 2684 3786 sua
2740 3732 3134 3797 fraudaretur;
3191 3752 3386 3795 curare
3439 3757 3663 3812 quoque

2070 3825 2330 3887 prmterea
2364 3826 2423 3873 ut
2471 3835 2687 3875 sacram
2720 3836 2939 3879 omnem
2978 3826 3385 3896 supellectilem
3424 3834 3479 3887 in
3531 3834 3666 3890 Fre-

2074 3911 2282 3964 riorum
2323 3912 2658 3966 monasterio
2713 3914 2993 3971 inventam
3026 3928 3082 3974 et
3115 3933 3407 3979 numerato
3465 3941 3661 3999 accep-

2072 4011 2180 4056 tam
2213 4001 2387 4058 Graeci
2415 4006 2733 4063 sacerdotes
2765 4020 3084 4067 reverenter
3110 4013 3459 4085 deportatam
3491 4023 3663 4091 depo—

2068 4104 2263 4150 nerent
2285 4096 2338 4149 in
2373 4111 2682 4153 memorato
2705 4102 2978 4171 principis
3005 4106 3386 4175 apostolorum
3425 4115 3654 4183 templo.

2062 4185 2133 4242 Ut
2199 4201 2382 4243 autem
2439 4188 2557 4245 haec
2607 4191 2758 4246 facta
2816 4206 2948 4249 sunt
2983 4205 3038 4251 et
3088 4203 3439 4257 exsecutioni
3492 4206 3654 4274 plene

2060 4279 2317 4335 mandata
2352 4297 2640 4337 sacrorum
2712 4300 2995 4353 vasorum,
3050 4290 3344 4358 librorum,
3413 4297 3649 4350 vestium

2062 4372 2411 4444 aliarumque
2444 4376 2495 4429 id
2527 4392 2707 4446 genus
2729 4381 3024 4436 translatio
3054 4399 3265 4452 rerum,
3293 4402 3414 4458 quae
3437 4387 3653 4448 Latinis

2656 4472 2899 4538 perculsi
2923 4489 3057 4529 casu
3108 4476 3396 4547 in0pinato
3450 4479 3655 4548 Frerii,
3696 4540 3707 4544 ,ν

2057 4554 2222 4626 539
2258 4572 2361 4612 nec
2416 4558 2558 4628 quid
2622 4572 2850 4631 agerent
2904 4565 3056 4620 aliud
3120 4569 3409 4638 habentes,
3480 4580 3699 4629 toxam‘

2056 4649 2196 4702 iram
2231 4651 2286 4704 in
2318 4653 2626 4707 exarchum
2664 4654 2959 4723 Pisanum,
2995 4662 3087 4728 qui
3140 4664 3360 4732 negotio
3416 4666 3659 4734 praefue-

2058 4750 2174 4805 rat,
2208 4740 2552 4798 efl‘uderunt.
2596 4744 2760 4802 llunc
2788 4748 2957 4818 igitur
3010 4754 3209 4808 acerbe
3241 4770 3655 4827 conquerentes

2058 4847 2401 4891 accusarunt
2438 4837 2584 4907 apud
2620 4837 2948 4896 Genuenses
2988 4841 3307 4902 habitantes
3333 4848 3387 4902 in
3436 4847 3652 4913 Pera-a,

1986 4969 1993 4973 _
2055 4938 2280 4984 orantes
2323 4939 2383 4983 ut
2423 4931 2477 4985 in
2517 4943 2955 5003 contemptorem
3001 4943 3313 4997 communis
3365 4945 3651 5015 religionis

2054 5020 2384 5093 sacrilegum
2438 5039 2538 5094 pro
2620 5028 2833 5084 meritis
2904 5031 3232 5089 vindicaret.
3293 5036 3652 5096 ExiSIimavit

2056 5107 2416 5176 magistratus
2467 5111 2847 5170 Genuensium
2905 5134 3118 5190 aequam
3177 5138 3207 5177 a
3243 5139 3305 5180 se
3329 5141 3442 5180 rem
3504 5131 3645 5197 peti,

2059 5199 2508 5271 prteclarumque
2532 5206 2636 5260 sibi
2669 5206 2789 5263 fore
2812 5208 3029 5266 facinus
3057 5214 3322 5271 ultionem
3348 5217 3416 5273 de
3442 5218 3649 5277 Pisano

2056 5308 2275 5361 gravem
2302 5310 2543 5361 sumere.
2581 5300 2852 5356 Submisit
2895 5304 3065 5375 igitur
3094 5307 3353 5373 sicarios,
3377 5312 3470 5382 qui
3498 5317 3644 5370 clam

2056 5386 2494 5443 circumventum
2550 5394 2726 5465 plagis
2757 5398 3041 5455 atrocibus
3074 5403 3342 5459 cendenda
3386 5406 3646 5481 proxime

2055 5491 2243 5531 necem
2300 5481 2687 5549 adducerent:
2727 5504 2835 5543 non
2900 5491 3065 5546 enim-
3103 5498 3270 5551 certis
3324 5500 3390 5553 de
3452 5500 3645 5557 causis

2054 5569 2217 5638 plane
2264 5571 2501 5631 interfici
2560 5578 2800 5648 volebat,
2851 5583 2950 5639 sed
3008 5588 3191 5658 gladio
3219 5591 3358 5646 citra
3408 5602 3644 5650 mortem

2056 5663 2377 5721 vulneribus
2432 5673 2647 5725 cxarari
2677 5673 2993 5734 luculentis.
3059 5680 3332 5738 Fecerunt
3362 5687 3639 5743 emissarii

2055 5757 2202 5825 quod
2253 5757 2395 5826 jussi
2462 5760 2703 5833 fuerant,
2741 5779 2811 5840 _et
2846 5770 3125 5830 irruentes
3186 5791 3252 5831 ex
3290 5776 3533 5851 -insidiis
3581 5781 3637 5835 in
