4046 6388
391 379 499 442 593

1290 388 1387 449 DE
1429 391 2382 464 ANDRONICO‘PALZEOLOGO
2429 407 2572 465 LIB.
2619 410 2717 469 VI.

3562 424 3670 489 594

386 495 496 549 τῶν
524 496 856 552 Γεννουῖτῶν
885 502 1149 573 ἄρχοντα,
1179 507 1274 560 καί
1305 525 1433 577 σφιν
1465 512 1554 581 ἐφ’
1584 513 1829 583 ἡμέραις
1853 515 1982 569 ἐπὶ·
2008 517 2063 575 Δ
2087 515 2327 571 κλιθεῖεν
2351 521 2771 594 ἀντιμαχοῦσιν,
2799 527 2848 580 εί
2892 529 2939 581 δ’
2969 530 3337 599 ἀνθίσταιντο,
3370 525 3534 600 εὖθὺς
3562 556 3668 595 πο..

383 582 681 652 ζυγοῦσθαι
698 587 800 651 τὰς
824 589 925 658 τῆς
949 591 1161 657 πόλεως
1183 595 1360 661 πύλας
1388 582 1781 668 προσέταττεν,
1806 605 1981 676 ἀναρ-

381 673 488 728 τῶν
517 677 576 729 τὺ
606 680 855 750 πραχθὲν
883 684 964 748 είς
989 687 1174 757 κρίσιν
1205 687 1299 743 τοῦ
1334 695 1693 761 κουμουνίου,
1734 673 1965 768 μέλλον-

2082 606 2292 675 λεμεῑν,
2326 612 2423 665 καὶ
2453 614 2697 684 πλήθους
2721 619 2919 687 συχνοῦ
2957 622 3173 691 πρωῖας
3222 623 3537 695 Ῥωμαϊκοῦ
3566 631 3664 685 τοῦ

2084 699 2182 769 μὲν
2215 704 2356 757 κατά
2402 706 2502 766 τὰς
2524 708 2702 773 ἀκτὰς
2755 714 3092 783 στησομένου
3131 718 3268 803 np};
3295 719 3534 790 άμυναν,
3566 725 3661 780 τοῦ

377 785 471 831 τος
519 770 712 842 ἑτέρου
767 776 912 831 κατὰ
955 779 1154 833 πύστιν
1206 784 1334 837 ὅσον
1392 785 1495 839 οὐκ
1528 786 1631 857 ἤδη
1662 789 1763 860 τὴν
1797 791 1976 862 ἀρχὴν
2076 792 2124 846 δ’
2146 794 2329 849 ἁλιάσι
2357 770 3066 875 διαποντίουγγενησομένου
3090 825 3105 842 ο
3141 770 3266 865 olli/6s
3294 770 3401 882 γάρ
3427 770 3662 901 ἀπέϐλετ

377 859 719 901 εοηδινηηη.
797 868 980 901 τηε.--
1041 874 1428 901 Μ-..-...ι-.--
1492 882 1611 901 -ι..-
1673 882 1743 901 .A
1796 882 1815 901 ι.
1871 884 1923 901 ρ.
2089 883 2101 901 .
2240 887 2254 901 .
2384 890 2397 901 .
2444 890 2457 901 .
2569 894 2582 901 -
2697 894 2709 901 .
2857 897 2867 901 -

376 859 746 934 διαδέχεσθαι.
797 868 984 923 Ταῦτα
1041 874 1428 946 Μπυριγέριος
1489 882 1614 933 τότε
1667 859 1744 945 ὡς
1796 859 1974 954 λαέῆν
2073 883 2196 953 ψεν,
2225 887 2303 949 ὡς
2335 890 2513 953 αὐτὸς⁴
2527 894 2627 961 μὲν
2658 859 2719 947 οῦ
2746 859 3016 966 ποιήσων,
3054 901 3191 970 πρὸς
3231 859 3476 967 ἐκείνους
3501 907 3558 959 δὲ
3598 894 3662 961 ei

376 952 664 1021 προῦτεινε
721 959 1047 1027 σκανδάλου,
1103 965 1198 1016 καὶ
1225 966 1546 1038 ἀλλοτριοῦν
1574 970 1669 1025 τοῦ
1701 952 1972 1043 βασιλέως
2072 952 2182 1031 πᾶν
2205 952 2536 1049 πράξονταςξ

2575 987 2738 1055 Σφίσι
2793 992 2892 1060 μὲν
2914 990 3008 1045 οὖν
3047 993 3115 1071 τὸ.
3135 996 3264 1060 δάος
3287 992 3358 1068 ἦν
3386 1000 3446 1053 ὲν
3476 1001 3655 1071 χερσὶ,

373 1044 474 1106 τάς
521 1046 751 1101 ἐκείνων
783 1051 1011 1120 γνώμας
1044 1055 1267 1127 ἐπείρα,
1299 1058 1377 1131 μὴ
1404 1060 1582 1126 είδὼς,
1622 1063 1655 1131 ἢ
1697 1071 1794 1119 καὶ
1825 1068 1969 1122 ἑκὼν
2070 1074 2164 1125 καὶ
2195 1044 2562 1147 ὑπέστρεφον.

376 1136 753 1206 παραλείπων,
771 1141 848 1204 ὠς
872 1143 1124 1212 βασιλεὺς
1148 1147 1365 1215 φθάσας
1382 1152 1568 1220 σφίσιν
1585 1149 1967 1225 ἐξευμενίζετο

372 1226 468 1280 καὶ
507 1226 857 1300 ξυμμάχους
889 1237 1370 1308 προσελάμϐανεν,
1418 1244 1801 1315 ἀγγελθέντων
1849 1253 1965 1307 τῶν

370 1318 559 1384 αὐτοῖς
588 1326 1011 1394 πραττομένων.
1053 1328 1141 1393 Ὣς
1179 1333 1323 1404 ἀωρὶ
1360 1336 1470 1390 τῶν
1507 1340 1725 1395 νυκτῶν
1758 1345 1789 1414 ἡ
1826 1350 1961 1412 ναῦς

368 1412 467 1464 ὲπὲ
475 1430 576 1485 στη
618 1419 717 1472 καὶ
746 1419 847 1490 ἥδη

2067 1188 2171 1244 κθ’.
2207 1190 2409 1260 Ὅπως
2439 1196 2829 1269 Ἀμογάϐαροί
2860 1220 2925 1257 τε
2967 1205 3067 1261 καὶ
3116 1210 3447 1266 Κατελάνοι
3485 1230 3656 1268 κατε-

2631 1271 2867 1341 πολεμή
2875 1277 3093 1340 θησαν.

2136 1355 2405 1421 Βασιλεὺς
2461 1359 2549 1431 [Ρ.
2599 1363 2967 1437 575-576]·δὲ
3018 1371 3253 1441 μυρίους
3301 1374 3472 1442 easta
3532 1376 3654 1443 μεθ’

890 1422 1236 1489 Γεννουτταις
1269 1429 1300 1498 ή
1332 1430 1439 1482 τῶν
1477 1433 1626 1499 νηῶν
1654 1438 1959 1507 ἠγγέλλετο
2060 1444 2261 1511 ὅπλων,
2299 1422 2545 1519 πορθμὸς
2585 1453 2631 1506 δ’
2662 1448 2819 1520 οὗτος
2846 1422 3354 1535 νηῶνέπληροῦτο
3383 1468 3650 1524 διαπλωῖ-

890 1513 1177 1535 ,ωηις
1324 1520 1337 1535 ,
1421 1523 1479 1535 .-
1583 1530 1604 1535 _
1701 1528 1715 1535 -

366 1503 578 1571 ἄφιξις,
604 1508 833 1577 προσέτι
863 1512 919 1564 δὲ
950 1515 1041 1566 καὶ
1064 1514 1124 1567 τὸ
1146 1520 1400 1587 ποιητέον
1417 1503 1761 1592 ἐζητεῖτο
1791 1531 1956 1596 εὐθὺς

2062 1537 2305 1604 σομένων
2335 1542 2472 1610 πρὸς
2513 1544 2752 1615 Ῥήγιον.
2800 1548 2973 1605 Οὔπω
3020 1553 3081 1607 δὲ
3112 1556 3297 1621 καλῶς
3336 1560 3650 1632 ἐπέστησαν

1940 1594 1947 1596 .
2128 1594 2140 1604 ,
2380 1594 2390 1610 ,
2453 1594 2468 1604 ,ν
2533 1594 2551 1598 -
2582 1594 2752 1615 γην-ν-
2805 1594 2972 1605 ν---νι
3024 1594 3081 1607 νυ
3113 1594 3294 1621 ηυυιων
3336 1594 3647 1632 ςιδε-υυιλυυσν

366 1594 823 1665 ὑποστρεψάντων
854 1604 947 1657 καὶ
976 1609 1320 1673 κομισάντων
1351 1612 1451 1675 τὰς
1478 1616 1766 1686 ἀγγελίας,
1790 1621 1954 1689 εὐθὺς
2056 1630 2105 1681 oi
2141 1632 2510 1700 πεμφθέντες,
2569 1642 2849 1707 κάκείνοις
2876 1644 2936 1710 ἐξ
2986 1648 3214 1704 ἑωθινοῦ
3271 1654 3479 1724 στερρὰ
3517 1672 3647 1708 συν-

366 1687 563 1724 ἐνσῗυηι
617 1692 773 1724 «vnn/l-
811 1691 1031 1724 ραι-ΛΔ..
1094 1698 1196 1724 ,0.-ι
1256 1702 1411 1724 \-____
1452 1705 1477 1718 ι-
1660 1711 1671 1724 .
1853 1715 1865 1724 .
2065 1720 2074 1724 -

362 1687 565 1740 ἐκείνοι
617 1692 774 1759 παρά
809 1691 1035 1761 βασιλέα
1094 1698 1202 1753 ὑπὸ
1256 1702 1618 1776 λαμπτῆρσιν
1648 1687 1950 1783 ἀφιγμένοι

361 1778 460 1841 τὰς
487 1779 702 1835 ἐκεῖθεν
742 1785 1088 1858 ἐκχωρήσεις
1124 1792 1456 1865 ἐλάμϐανον,
1492 1800 1568 1865 ὡς
1589 1805 1637 1857 εί
1676 1778 1940 1871 -ὑποο

359 1960 498 2016 nihil
534 1964 720 2022 minus
753 1971 1071 2039 opinantem
1132 1981 1435 2038 exarchum
1470 1984 1800 2047 Pisanorum
1865 2003 1945 2050 tot

354 2067 481 2107 eum
538 2067 893 2123 cruentatum
928 2068 1149 2123 ensium
1207 2070 1412 2131 ictibus
1470 2080 1839 2153 reliquerunt,
1885 2097 1944 2142 ut

354 2146 524 2203 miser
554 2165 583 2203 a
618 2155 735 2209 suis
790 2171 820 2211 e
874 2161 1217 2220 carniﬁcinas
1248 2166 1373 2225 loco
1405 2184 1530 2227 cum
1568 2178 1777 2234 modica
1844 2197 1943 2250 spe

352 2237 481 2294 vitae
513 2243 774 2301 manibus
821 2248 1044 2306 domum
1106 2256 1435 2318 referretur.
1482 2263 1618 2331 Hoc,
1678 2279 1737 2323 ut
1798 2284 1940 2342 erat,

354 2329 410 2384 iu
450 2332 536 2387 sui
579 2340 973 2397 contumeliam
1044 2345 1452 2409 intolerabilem
1524 2359 1729 2415 factum
1766 2364 1941 2421 inter»

352 2431 605 2490 pretatus
658 2429 961 2500 imperator
1012 2439 1283 2498 continuo
1346 2456 1636 2516 praetorem
1680 2455 1940 2517 Galaten-

352 2515 516 2584 sium,
560 2520 615 2574 in
663 2524 928 2582 comitatu
969 2529 1039 2585 ad
1074 2547 1166 2589 res
1193 2534 1437 2605 ipsorum
1486 2547 1765 2605 curandas
1808 2569 1929 2607 ver-

351 2607 461 2661 sari
496 2609 741 2677 solitum,
794 2632 1061 2685 apparere
1094 2622 1361 2699 deinceps
1392 2646 1581 2690 coram
1609 2653 1671 2694 se
1733 2646 1930 2711 vetuit,

350 2697 597 2770 ipsisque
626 2703 694 2757 ad
747 2706 868 2764 dies
898 2712 1108 2784 aliquot
1153 2697 1413 2793 praecepit
1441 2727 1692 2786 obserari
1743 2697 1933 2804 portas

346 2794 522 2859 urbis,
579 2814 681 2854 nec
736 2802 790 2856 in
851 2819 972 2860 eam
1008 2810 1103 2865 ulli
1164 2828 1360 2871 eorum
1418 2819 1625 2878 aditum
1662 2794 1927 2894 permitti.

347 2880 476 2984 Ilaec
527 2889 610 2945 sic
675 2892 961 2966 Augustus
1027 2903 1165 2974 egit,
1202 2920 1428 2965 sensum
1461 2880 1684 2981 quidem
1713 2920 1930 2991 injuriae

343 2972 690 3045 signiﬁcans,
719 2984 842 3054 ejus
901 2972 1083 3046 tamen
1121 2994 1388 3055 ultionem
1455 3006 1704 3064 nondum
1765 2972 1928 3069 exse-

343 3255 655 3323 respublica
683 3259 904 3319 illorum
937 3271 1172 3326 concilio
1199 3276 1439 3343 quodam
1470 3283 1691 3349 publico
1748 3288 1921 3345 lecto-

337 3357 464 3397 rum
490 3362 521 3402 e
549 3359 712 3418 gente
752 3369 1045 3423 procerum
1079 3363 1511 3438 gubernabatur,
1572 3376 1733 3446 cujus
1798 3393 1917 3438 erat

337 3438 596 3507 regimini
644 3451 860 3501 certum
890 3455 1159 3522 temporis
1216 3461 1457 3529 spatium
1512 3438 1918 3542 praescriptum.

336 3527 454 3586 lloc
468 3541 664 3592 exacto
693 3536 840 3595 aliud
860 3548 1223 3631 communium
1247 3527 1595 3622 lsicenim-id
1624 3527 1917 3635 collegium

334 3640 426 3683 res
498 3631 678 3697 gentis
735 3625 1246 3700 administrandum
1330 3651 1658 3726 vocabatur)
1740 3625 1915 3728 priori

332 3722 688 3779 succedebat.
714 3726 851 3784 Cum
885 3732 1055 3804 igitur
1086 3738 1333 3796 audisset
1363 3722 1666 3814 imperator
1708 3722 1918 3812 instare

315 3810 498 3869 istius
547 3818 871 3877 mutationis
925 3824 1097 3892 diem.
1147 3841 1203 3887 et
1231 3849 1360 3889 mox
1409 3810 1587 3897 novos
1631 3810 1917 3917 delegatos

330 3905 597 3978 abrogato
626 3914 907 3974 veteribus
949 3918 1188 3991 imperio
1218 3926 1464 3986 habenas
1497 3948 1680 3991 rerum
1723 3905 1919 4014 sump-

329 4006 489 4056 turos
515 4002 571 4058 in
620 4021 839 4075 manus,
883 4014 1030 4082 apud
1084 4015 1209 4083 hos,
1256 4021 1347 4076 ubi
1387 4025 1774 4095 magistratum
1808 4002 1919 4092 ini-

328 4092 565 4162 vissent,
589 4102 949 4169 expostulare
979 4105 1051 4163 de
1065 4105 1256 4165 Pisani
1281 4092 1508 4171 exarehi
1556 4126 1918 4191 Oppressione

325 4185 669 4247 decreverat.
726 4191 886 4249 Talia
921 4212 1091 4266 porro
1142 4185 1696 4276 Mpyrigeriusinnea
1746 4234 1913 4287 quam

324 4277 492 4331 retuli
523 4277 591 4334 ad
624 4279 952 4342 Genuenses
981 4303 1215 4362 peregre
1265 4293 1628 4358 adventantes
1658 4277 1916 4369 oralione

321 4366 523 4434 cupide
557 4379 616 4425 ut
643 4386 838 4429 ansam
857 4387 1224 4448 opportunam
1245 4386 1556 4455 arripuerat
1597 4366 1905 4458 alienandis

324 4455 396 4509 ab
425 4457 698 4529 obsequio
751 4463 1105 4535 imperatoris
1137 4471 1360 4530 illorum
1386 4482 1590 4541 animis
1613 4492 1903 4562 atrocique

2059 1720 2245 1777 ίστατο
2267 1727 2442 1797 μάχη,
2475 1730 2636 1785 τοῦτο
2666 1736 2765 1802 μὲν
2795 1739 2888 1791 καὶ
2922 1738 3012 1794 διὰ
3051 1741 3152 1813 τὴν
3182 1720 3439 1798 ἐντεῦθεν
3469 1747 3646 1818 δήλω-

1982 1857 2024 1913 B
2054 1830 2160 1880 σιν,
2189 1817 2348 1871 τοῦτο
2372 1818 2429 1873 δὲ
2462 1822 2559 1875 καὶ
2598 1827 2801 1894 τρόπον
2833 1831 3106 1903 ἀνάγκης.
3144 1835 3251 1889 Τοῦ
3284 1837 3394 1910 γὰρ
3417 1817 3643 1911 Μπυριο

2050 1999 2296 2067 ipsorum
2348 2003 2707 2073 imperatoris
2764 2012 3067 2080 voluntate,
3117 2028 3392 2087 negarunt
3430 2020 3638 2079 delibe-

2047 2090 2280 2148 randum
2340 2111 2465 2152 esse
2518 2103 2777 2171 amplius,
2830 2119 2957 2162 cum
3019 2108 3216 2179 ipsone
3247 2128 3316 2166 an
3358 2130 3480 2169 cum
3512 2119 3634 2181 ejus

2046 2181 2299 2247 hostibus
2363 2189 2725 2263 Amogabaris
2799 2212 2951 2254 arma
3025 2204 3451 2276 conjungerent.
3529 2208 3634 2264 Pro

2045 2275 2205 2341 urbe,
2253 2295 2376 2347 qum
2431 2281 2568 2351 ipsis
2620 2289 2932 2345 communis
2968 2304 3095 2346 cum
3155 2275 3419 2351 Romanis
3471 2301 3630 2367 quasi

2044 2367 2223 2434 patria
2249 2381 2413 2435 esset,
2451 2374 2574 2430 sine
2606 2377 2713 2439 ulla
2741 2382 3098 2437 cunctatione
3125 2390 3485 2456 pugnandum
3511 2405 3634 2444 esse

2042 2459 2308 2518 adversus
2391 2465 2541 2522 illius
2599 2483 3030 2543 oppugnatores.
3099 2477 3216 2532 lloc
3278 2483 3474 2537 nuntio
3561 2483 3628 2539 ad

2039 2551 2274 2608 classem
2327 2558 2666 2627 operientem
2714 2563 2853 2621 foris
2911 2568 2965 2622 in
3030 2570 3151 2625 salo
3213 2588 3311 2642 per
3372 2575 3632 2631 celeriter

2038 2658 2317 2702 reversam
2374 2650 2540 2705 allato
2594 2656 2864 2711 triremim
2923 2661 3108 2715 subito
3139 2678 3204 2717 ex
3272 2680 3335 2719 ea
3397 2667 3629 2736 delegati

2036 2738 2260 2805 quidam
2313 2740 2384 2797 ad
2446 2744 2841 2813 imperatorem
2880 2752 3127 2827 profecti
3161 2765 3324 2810 nocte
3382 2759 3499 2827 ipsa
3534 2759 3623 2813 in-

2036 2835 2334 2899 tempesta,
2382 2836 2813 2905 praelucentibus
2875 2843 3112 2911 lacibus,
3181 2847 3407 2905 admissi
3438 2852 3508 2905 ab
3560 2868 3626 2907 eo

2033 2924 2372 2994 perbenigne
2426 2939 2577 2984 sunt.
2637 2932 2717 2988 Eo
2764 2935 3045 3005 colloquio
3100 2943 3465 2997 constitutum
3538 2952 3625 3000 est

2032 3017 2268 3073 classem
2306 3020 2765 3092 Amogabaricam
2797 3038 2850 3084 et
2881 3027 3277 3096 Catelanicam,
3330 3035 3436 3091 nisi
3472 3036 3618 3092 ultro

2030 3109 2257 3179 eligeret
2289 3112 2485 3169 cedere
2530 3120 2885 3189 acceptisque
2944 3126 3097 3193 pacis
3159 3125 3375 3197 legibus
3440 3130 3618 3194 abire,

1952 3220 1999 3284 ο
2030 3204 2209 3269 primo
2244 3216 2405 3258 mane
2457 3204 2670 3273 junctis
2721 3210 2936 3266 viribus
2991 3214 3366 3273 Romanorum
3401 3229 3456 3274 et
3507 3220 3619 3276 Ge-

2032 3292 2323 3347 nuensium
2354 3300 2804 3365 oppugnandam.
2842 3301 3102 3360 Promisit
3142 3307 3443 3376 imperator
3488 3329 3614 3368 cum

2030 3383 2209 3452 prima
2245 3386 2369 3441 luce
2425 3391 2779 3458 apparituras
2811 3392 3094 3452 Romanas
3129 3400 3343 3468 copias,
3411 3405 3615 3471 partim

2030 3473 2330 3545 dispositas
2378 3494 2478 3549 per
2540 3496 2698 3537 oram
2732 3484 2902 3540 maris
2955 3486 3024 3543 ad
3083 3488 3442 3557 jaculandum
3484 3494 3613 3550 inde
3664 3536 3671 3543 ι

2029 3569 2087 3622 in
2119 3567 2433 3638 Catelanos,
2494 3575 2694 3641 partim
2747 3592 2780 3633 e
2845 3577 2963 3649 ripa
3022 3592 3241 3639 evectas
3293 3584 3613 3655 piscatoriis

2025 3660 2287 3725 navibus,
2319 3671 2381 3719 ut
2401 3665 2593 3734 praclio
2627 3668 2817 3724 navali
2851 3685 2954 3740 pro
2982 3672 3128 3733 virili
3165 3690 3281 3731 rem
3306 3687 3564 3748 gererent
3591 3700 3607 3737 :

2025 3753 2177 3810 nolle
2209 3755 2418 3827 quippe
2457 3773 2516 3813 se
2539 3760 2682 3815 dixit
2710 3776 2842 3819 suos
2865 3764 3079 3824 Otiosos
3106 3769 3299 3826 sedere
3329 3780 3609 3842 spectato-

2026 3860 2117 3902 res
2152 3849 2478 3906 certaminis
2509 3854 2812 3920 sociorum,
2839 3857 2935 3913 sed
2960 3869 3168 3928 partem
3198 3862 3349 3933 ipsos
3405 3865 3608 3922 laboris

2026 3953 2094 3996 ac
2116 3942 2378 4010 periculi,
2418 3952 2478 3999 ut
2509 3961 2946 4008 consentaneum
2974 3964 3117 4019 erat,
3153 3972 3253 4028 pro
3297 3961 3408 4016 aris
3441 3960 3610 4018 focis-

2021 4046 2131 4101 que
2160 4024 2451 4092 ‘certando
2481 4052 2795 4107 capessere.
2830 4041 2916 4098 Ab
2969 4044 3056 4100 his
3083 4024 3371 4105 conventis
3428 4050 3608 4123 digre-

2017 4126 2235 4184 dientes
2262 4129 2331 4183 ab
2360 4130 2611 4201 Augusto
2631 4132 2800 4204 legati
2827 4134 3152 4195 Genuenses
3173 4156 3272 4211 per
3304 4152 3605 4201 nocturnas

2016 4218 2201 4275 adhuc
2258 4221 2539 4291 tenebras,
2601 4238 2729 4281 cum
2766 4224 2942 4284 funali
2990 4229 3231 4304 quisque
3291 4236 3349 4290 in
3409 4250 3599 4306 manu,

2012 4314 2251 4381 regressi
2285 4314 2354 4370 ad
2391 4330 2527 4372 suos
2552 4326 2705 4376 sunt.

2089 4446 2178 4504 29.
2214 4446 2282 4505 Ut
2309 4448 2639 4523 Amogabari
2661 4465 2707 4508 et
2732 4454 2982 4511 Catelani
3008 4459 3197 4528 praelia
3241 4461 3364 4516 victi
3393 4464 3526 4520 sint.

322 4547 394 4605 iis
418 4550 719 4610 inserendo
751 4556 806 4611 in
841 4559 1020 4628 ipsum
1050 4565 1201 4622 odio.
1223 4566 1441 4640 Nempe
1461 4584 1556 4630 aut
1589 4547 1898 4655 nesciebat,
1933 4577 1980 4632 Ῑ)
2081 4587 2483 4644 Eduxitautem
2506 4591 2808 4661 imperator
2825 4592 3014 4650 decem
3035 4604 3373 4653 armatorum
3399 4599 3592 4666 millia,

319 4651 420 4696 aut
448 4644 637 4702 sciens
670 4647 1089 4721 dissimulabat,
1124 4659 1402 4727 placatum
1434 4666 1583 4724 ultro
1594 4670 1706 4739 jam
1737 4644 1905 4750 5m

317 4743 484 4791 antea
514 4736 899 4799 Genuensibus
964 4746 1373 4820 imperatorem,
1433 4736 1647 4829 prolixa
1699 4736 1915 4838 p83;

315 4840 437 4881 ram
497 4839 745 4888 actorum
803 4837 1099 4907 impertitis
1127 4845 1316 4910 venia,
1356 4849 1524 4906 etiam
1593 4837 1899 4918 renovandi

319 4916 549 4976 foederis
576 4924 1068 5001 instaurandaaque
1095 4935 1381 4995 societatis
1415 4944 1676 5012 probatas
1702 4966 1901 5025 accep.

313 5020 513 5083 tasque
540 5014 676 5084 ipsis
709 5021 1060 5082 conditiones
1090 5029 1384 5088 obtulisse.
1438 5034 1499 5090 Id
1531 5039 1624 5096 ille
1672 5014 1899 5103 strenue

310 5118 798 5175 pratoccupaverat
861 5114 1085 5183 facere,
1161 5124 1422 5181 nuntiato
1471 5128 1577 5198 ipsi
1652 5130 1894 5194 adventu

310 5198 516 5267 saepius
541 5213 972 5263 memoratarum
1001 5227 1031 5265 e
1089 5211 1278 5270 Genua
1305 5220 1633 5289 triremium,
1683 5237 1738 5283 et
1764 5231 1894 5288 inde

310 5299 435 5347 orto
491 5304 640 5351 metu
672 5300 905 5366 provido
958 5302 1367 5363 imminentium
1424 5312 1544 5368 urbi
1595 5318 1891 5390 malorum,

307 5383 352 5438 si
411 5398 512 5449 eze,
568 5386 781 5455 junctis
845 5398 1149 5462 praesertim
1187 5414 1312 5455 cum
1359 5403 1537 5461 classe
1572 5383 1889 5470 Catelaitica

305 5478 545 5546 viribus,
571 5492 763 5553 aperto
783 5485 932 5543 bello
958 5487 1239 5548 Romanos
1273 5492 1647 5556 adorirentur.
1696 5501 1890 5576 Itaque

306 5574 487 5639 navis,
521 5577 983 5647 quam.diximus,
1016 5583 1084 5638 ad
1113 5584 1512 5655 explorandum
1530 5592 1701 5649 missa
1720 5574 1887 5655 simul

305 5668 517 5734 appulit
543 5667 862 5744 Galatampt
888 5675 1091 5734 missos
1124 5678 1194 5734 ad
1222 5685 1669 5751 cognoscendum
1697 5704 1883 5747 rerum

305 5768 507 5814 statum
558 5766 818 5833 exposuit
865 5767 922 5822 in
980 5769 1162 5842 littus,
1212 5773 1507 5831 confestim
1557 5778 1595 5833 ii
1627 5780 1809 5839 edocti
1852 5800 1883 5841 a

305 5850 750 5917 moderatoribus
807 5860 1129 5935 reipublicae
1183 5866 1253 5927 de
1311 5869 1520 5940 Optima
1566 5872 1877 5946 ingentem

2010 4694 2151 4749 quos
2187 4695 2310 4750 qua!
2348 4681 2601 4737 ferebant
2664 4699 2832 4741 naves
2862 4684 3134 4758 Rhegium
3185 4702 3383 4745 euntes
3441 4700 3594 4747 lauto

2008 4780 2169 4826 erant
2236 4788 2483 4838 numero,
2527 4782 2586 4829 ut
2621 4784 2799 4834 totum
2827 4777 2933 4834 hoc
2964 4781 3135 4835 maris
3192 4782 3429 4850 spatium
3484 4799 3596 4851 quo

2009 4864 2141 4919 urbs
2179 4879 2208 4918 a
2250 4864 2461 4936 Rhegio
2489 4867 2772 4924 dirimitur
2816 4870 2885 4925 iis
2914 4872 3123 4941 expleri
3176 4873 3478 4929 videretur.
3508 4875 3589 4931 Ex

2005 4963 2163 5025 parte
2187 4972 2354 5025 porro
2389 4956 2790 5026 Genuensium,
2858 4963 3078 5018 vixdum
3137 4965 3298 5034 plene
3347 4968 3588 5023 reversis

2007 5027 2148 5118 quos
2178 5049 2249 5104 ab
2280 5049 2349 5104 iis
2377 5050 2447 5104 ad
2478 5053 2787 5124 Augustum
2816 5056 3013 5111 missos
3042 5027 3308 5128 diximus,
3339 5072 3369 5112 a
3409 5060 3588 5128 primo

2003 5141 2250 5196 diluculo
2303 5155 2431 5197 acer
2462 5155 2545 5198 est
2586 5146 2831 5216 impetus
2884 5147 2941 5201 in
2971 5148 3347 5217 Amogabaros
3379 5149 3581 5210 factus.

2000 5233 2178 5290 Causa
2211 5236 2687 5306 prop’erandil'uit,
2727 5238 2885 5312 541
2922 5252 3121 5311 praeter
3148 5242 3343 5341 allatas
3372 5260 3403 5300 a
3427 5246 3585 5341 ξομ-

1999 5328 2071 5382 tis
2130 5330 2524 5385 conventiones
2589 5347 2714 5386 cum
2777 5334 3109 5403 imperatore
3165 5334 3354 5403 initas,
3414 5328 3580 5392 e‘tiam

2000 5435 2140 5475 nova
2183 5421 2484 5480 necessitas
2511 5423 2639 5479 inde
2669 5432 2788 5481 orta
2814 5427 2960 5496 quod
2996 5444 3096 5498 per
3124 5439 3342 5485 noctem
3372 5429 3580 5500 Mpyri-

1996 5514 2207 5581 gerium
2271 5526 2678 5583 compererant,
2730 5519 3017 5588 desperata
3069 5536 3196 5576 cum
3248 5522 3578 5580 ductoribus

1994 5603 2195 5660 classis
2225 5604 2536 5664 Genuensis
2589 5625 2747 5680 pace,
2782 5618 3034 5668 tentasse
3072 5613 3314 5669 alienare
3345 5614 3579 5669 classia-

1994 5696 2108 5754 rios
2130 5698 2200 5753 ab
2229 5699 2401 5768 ipsis:
2439 5702 2876 5758 circumvectum
2906 5706 3055 5759 enim
3089 5705 3341 5762 triremes
3371 5721 3572 5761 navar-

1991 5790 2129 5847 chos
2155 5792 2500 5865 singularum
2532 5794 2744 5869 magum
2772 5798 3017 5866 pecunias
3062 5799 3569 5868 pollicitationibus

1992 5885 2223 5946 delinire
2247 5888 2549 5959 studuisse,
2580 5902 2636 5950 ut
2675 5907 2855 5963 pugna
2890 5901 3263 5963 temperarent
3288 5909 3583 5966 navesque-
