4046 6420
386 384 493 447 595

392 609 543 663 ματα
560 595 674 656 τοῖς
699 596 996 666 ναυάρχοις
1019 596 1590 667 καθυπισχνουμένου.
1616 598 1665 648 εἰ
1692 589 1968 663 ἀφεθέἶεν,

389 685 485 737 καὶ
516 684 660 737 οὕτω
687 687 839 755 σφῶν
873 687 1351 757 μαλακιζομένων,
1378 689 1426 740 οἰ
1455 688 1717 741 ἐπιϐάται
1745 685 1971 754 ζηλοτυ-

390 777 667 845 πήσαντες
692 779 742 829 εἰ
767 778 843 847 μὴ
873 779 1209 848 κερδαίνοιεν
1229 782 1323 834 καὶ
1342 780 1521 843 αὐτοὶ,
1540 779 1739 840 εὐθέως
1760 778 1974 846 πρωΐας

387 869 622 939 ἄρχουσι
688 871 893 941 μάχης.
945 873 1057 925 Καὶ¹
1119 872 1338 941 πρῶτον
1392 872 1493 939 μὲν
1550 872 1975 939 ἀκροϐολισμοῖς

400 961 818 1033 Ἀμογαϐἀρους
842 963 1266 1033 παρακινοῦσιν.
1287 964 1478 1018 ἔπειτα
1498 964 1553 1016 δὲ
1586 966 1679 1016 καὶ
1703 964 1781 1021 εἰς
1808 961 1977 1028 ἀνάγ-

389 1073 496 1125 κην
524 1055 618 1108 τοῦ
655 1057 927 1125 μάχεσθαι
958 1060 1403 1126 καταστήσαντες
1436 1055 1699 1110 κυκλοῦσι
1726 1054 1971 1116 τούτους.

389 1146 499 1199 Καὶ
536 1147 795 1202 πίπτουσι
823 1148 924 1217 μὲν
946 1149 1047 1202 οὐκ
1077 1149 1252 1217 ὀλίγοι
1283 1149 1341 1214 ἐξ
1367 1152 1664 1217 ἑκατέρων.
1689 1149 1783 1200 καὶ
1805 1162 1975 1215 τραυο

392 1238 586 1306 ματίαι
612 1239 857 1307 γίνονται
886 1240 1110 1303 πλείους
1132 1258 1146 1274 '
1182 1240 1301 1294 ἀλλ’
1333 1238 1699 1309 ὑπερτεροῦσι
1727 1238 1975 1291 Γεννουῗ·

387 1345 502 1391 ται,
543 1331 639 1382 καὶ
667 1332 812 1384 κατὰ
841 1333 1045 1399 κράτος
1078 1332 1298 1398 αἱροῦσι
1350 1333 1449 1393 τὰς
1480 1330 1639 1392 ναῦς.
1670 1332 1800 1400 μιᾶς
1841 1332 1977 1384 ἀπο-

389 1422 599 1491 δράσης
647 1425 743 1475 καὶ
784 1427 975 1493 μόνης.
1029 1425 1091 1477 Ὀ
1132 1425 1242 1492 γὰρ
1296 1424 1683 1493 Μπυριγέριος
1729 1422 1802 1484 ὡς
1829 1421 1976 1486 ams

386 1513 468 1583 τῷ
488 1514 596 1566 τῶν
634 1516 780 1585 νηῶν
832 1517 1062 1585 ἡγεμόνι
1120 1516 1447 1586 προσῆλθεν,
1485 1515 1674 1582 ἐπειδὴ
1714 1513 1977 1573 ἄπρακτα

387 1607 440 1660 οἱ
482 1602 621 1677 ἦσαν
677 1609 745 1663 τὰ
802 1610 1244 1678 προϐαλλόμενα,
1306 1609 1366 1661 τὸ
1422 1610 1553 1662 ἴδιον
1606 1604 1749 1679 αἷμα
1779 1607 1976 1675 ἐκείνῳ

388 1698 795 1765 προσανετίθει,
860 1700 955 1751 καὶ
986 1701 1168 1761 εἰσδὺς
1223 1699 1292 1751 τὰ
1328 1699 1436 1750 τῶν
1486 1696 1975 1766 καταστρωμάτων

389 1788 703 1855 κατώτατα,

390 1883 667 1954 ἀπόλεμος
688 1884 750 1937 τὸ
774 1886 1044 1954 παράπαν
1071 1884 1255 1953 ἔμενε.
1288 1885 1399 1950 Τῆς
1429 1884 1472 1934 δ’
1501 1879 1566 1935 αὖ
1593 1883 1829 1951 ἡμέρας,
1851 1881 1973 1950 ἥτις

386 1969 457 2043 ἦν
483 1976 786 2044 τριακοστὴ
814 1974 1008 2043 πρώτη
1040 1973 1407 2035 Πυαντιῶνος,
1433 1973 1716 2040 σταθηρᾶς
1750 1970 1975 2038 ἱσταμέ-

390 2082 492 2135 νης
526 2064 905 2136 μεσημϐρίας,
936 2061 1004 2135 ἦν
1040 2066 1171 2134 όρᾷν
1201 2065 1292 2118 τὸν
1326 2065 1572 2134 πορθμὸν
1596 2064 1973 2125 ἀναπλεούσας

389 2156 491 2220 τὰς
517 2158 768 2226 τριήρεις
816 2155 922 2208 ὑπὸ
972 2156 1191 2218 κώπαις
1223 2157 1315 2208 καὶ
1348 2159 1654 2225 συριγμοῖς,
1709 2155 1846 2224 πλὴν
1877 2155 1973 2215 τὰς

394 2246 494 2314 μὲν
527 2247 648 2316 μετ’
674 2246 951 2316 εὐκόσμου
979 2249 1168 2299 στόλου
1198 2249 1290 2301 καὶ
1339 2248 1606 2316 μειζόνων
1637 2265 1804 2318 φρονη
1818 2265 1973 2315 ματι-

394 2339 572 2408 σμῶν,
612 2338 1079 2410 ὲπιρῤοιζούντων
1126 2340 1219 2393 καὶ
1244 2340 1354 2393 τῶν
1408 2341 1691 2407 συμϐόλων
1747 2340 1974 2390 ἐκείνων

393 2431 531 2500 πρὸς
553 2432 779 2498 ἄνεμον,
802 2432 912 2495 ιτὰς
938 2433 985 2485 δ’
1015 2433 1343 2503 ἠττηθείσας
1368 2433 1648 2501 ἀκόσμους
1668 2432 1762 2485 καὶ
1795 2434 1973 2498 ἀσυμο

390 2515 605 2582 (Σόλους,
647 2519 1096 2584 ὑποσαλευούσας
1163 2521 1260 2592 μὲν
1315 2519 1393 2591 τῷ
1428 2522 1591 2592 ῥοθίῳ
1620 2521 1725 2573 ὑπὸ
1762 2520 1974 2582 κώπαις

778 1790 1007 1843 ἐκείνων
1063 1790 1270 1844 ἄνωθεν
1337 1788 1761 1855 πολεμούντων,
1812 1787 1976 1849 αὐτὸς

389 2746 499 2802 alio
527 2746 843 2815 ﬂecterent;
878 2764 1057 2817 neque
1099 2751 1203 2809 hoc
1233 2747 1438 2816 frustra
1467 2748 1702 2803 fecisse:
1729 2746 1976 2802 emollire

389 2841 596 2911 quippe
653 2841 924 2912 quosdam
976 2852 1243 2908 cmperat.
1313 2841 1484 2894 Movit
1521 2856 1585 2896 ea
1634 2856 1719 2896 res
1752 2840 1974 2909 cognita

386 2944 639 2987 vectores
687 2934 1039 2989 :emulatione
1090 2934 1255 2993 lucri,
1305 2936 1661 3001 indignantes
1714 2932 1974 2996 videlicet

388 3026 523 3079 solis
554 3026 848 3081 navarcbis
882 3035 1086 3080 certam
1118 3041 1351 3094 eamque
1380 3025 1613 3093 amplam
1665 3025 1973 3079 mercedem

388 3119 772 3181 constitutam.
803 3134 861 3173 se
893 3119 1091 3188 praedae
1123 3119 1323 3182 omnis,
1360 3120 1404 3171 si
1448 3117 1636 3186 praelia
1666 3118 1969 3171 abstinere-

1612 386 1937 448 GEORGII
1980 386 2464 448 PACHYMERnE

386 501 576 573 γερίου
599 503 927 570 ἀπογνόντος
956 504 1025 559 τὰ
1050 505 1151 574 τῆς
1184 507 1433 575 ειρὴνης,
1467 505 1562 558 καὶ
1593 498 1811 589 μεγάλα
1838 503 1979 572 χρή·
2008 506 2054 563 Α

3549 387 3651 448 5ίῖξῆ

2088 506 2361 575 μετρίαις,
2395 506 2599 577 τρόπον
2629 505 2673 559 δ’
2706 505 2977 574 ἐφολκίων
3029 502 3345 574 ὲξημμένας
3383 502 3497 555 τῶν
3534 519 3661 570 προ-

2080 597 2320 650 θεουσῶν
2353 598 2639 667 προτόνοις
2666 596 2978 667 μηκίστοις,
3013 597 3111 648 καὶ
3158 593 3469 665 φερομένας
3500 591 3570 645 ἶν’
3597 590 3662 644 ἂν

2078 691 2291 744 ἐκεῖναι
2341 690 2436 743 καὶ
2492 691 2699 757 ἄγοιεν.
2743 690 2830 750 Ὠς
2867 689 3001 755 γοῦν
3031 688 3129 756 τὴν
3162 685 3462 754 ἀκρόπολιν
3490 685 3662 751 ἔκαμ-

2078 782 2208 853 ψαν,
2244 784 2365 836 ὁδὸν
2405 784 2504 854 μὲν
2541 783 2759 853 ἐκείνην
2793 781 2890 851 τὴν
2918 780 3057 849 πρὸς
3080 781 3207 842 τοὺς
3238 777 3476 838 οἰκείους
3508 775 3664 828 ἀπεί-

2078 893 2271 937 παντο,
2306 877 2421 929 ἇνω
2482 875 2538 928 δέ
2594 892 2698 928 που
2742 873 2813 926 τὰ
2866 873 3010 942 μέσα
3039 872 3131 924 τοῦ
3176 871 3333 938 ἁγίου
3377 869 3541 921 Φωκᾶ
3569 864 3662 919 καὶ

2077 968 2301 1021 ὲπίταδε
2332 967 2802 1037 ναυλοχησάμενοι
2824 962 3195 1017 ἀπεπαύοντο.
3223 962 3304 1030 Τῇ
3328 961 3372 1012 δ’
3400 960 3665 1026 ὑστεραίᾳ

2076 1061 2210 1128 νῆας
2247 1061 2344 1128 μὲν
2398 1063 2611 1125 ὲκείνας
2660 1061 2757 1124 τὰς
2791 1060 3147 1132 ἡττηθείσας,
3174 1057 3351 1121 οὕτως
3379 1056 3453 1118 ὡς
3496 1047 3662 1123 εἶχον,

2079 1154 2414 1223 αὐτάνδρους
2447 1156 2587 1224 πρὸς
2611 1155 2849 1217 οἰκείους
2881 1154 3188 1221 κατάγουσι
3218 1152 3313 1203 καὶ
3339 1152 3397 1203 ἐν
3432 1146 3668 1216 τηρήσει

2080 1245 2359 1298 ποιοῦνται
2385 1246 2642 1316 παντοίᾳ,
2674 1246 2832 1298 αὐτοὶ
2854 1246 2913 1299 δὲ
2941 1245 3022 1317 τῷ
3047 1244 3260 1313 βασιλεῖ
3290 1237 3669 1310 προσκληθέν-

2076 1354 2169 1401 τες
2205 1340 2272 1390 τὰ
2305 1339 2491 1390 εἰκότα
2519 1336 2992 1406 φιλοφρονοῦνται.
3025 1336 3136 1390 Καὶ
3173 1336 3287 1397 τοῖς
3323 1332 3423 1399 μὲν
3456 1327 3667 1396 ναυάρ-

2077 1448 2197 1501 χοις
2233 1432 2301 1484 τὰ
2322 1432 2431 1484 τῶν
2462 1431 2743 1485 ἀναϐολῶν
2769 1431 2843 1494 ὠς
2869 1426 3015 1499 εἶχον
3048 1429 3188 1500 πρὸς
3213 1424 3481 1493 βασιλέως
3511 1420 3670 1488 φιλο-

2076 1524 2365 1590 τιμότερον
2411 1522 2822 1592 μετημφίαστο,
2853 1524 2967 1585 τοῖς
3021 1521 3080 1575 δέ
3116 1537 3181 1588 γε
3212 1516 3447 1583 πλήθεσι
3478 1513 3548 1566 τὰ
3587 1512 3670 1571 εἰς

2077 1612 2258 1675 δαιτὸς
2323 1614 2639 1680 φιλοτιμίαν
2692 1613 2947 1666 ἐδίδοντο.
3016 1610 3184 1665 Αὐτοὶ
3224 1608 3269 1662 δ’
3302 1606 3390 1673 ἐφ’
3430 1604 3671 1673 ἡμέραις

2079 1705 2540 1774 προσμείναντες,
2572 1705 2707 1773 μήτε
2740 1721 2792 1756 τι
2827 1703 2935 1756 τῶν
2972 1702 3246 1769 σωμάτων
3299 1697 3439 1766 μήτε
3478 1712 3530 1746 τι
3559 1692 3673 1743 τῶν

2080 1796 2427 1865 πραγμάτων
2455 1795 2663 1857 δόντες,
2684 1812 2790 1862 χρη
2802 1792 2990 1859 μάτων
3014 1788 3315 1843 ἀποδόσθαι
3350 1782 3669 1854 ἠϐούλοντο.

2095 1887 2257 1939 Ἀλλὰ
2314 1887 2407 1939 καὶ
2461 1886 2567 1940 ὑπὸ
2624 1886 2839 1953 μισθοῖς
2899 1883 2999 1952 μὲν
3048 1877 3393 1948 συνεφώνουν
3415 1874 3507 1928 ἐπὶ
3540 1871 3674 1934 τοὺς

2083 1979 2227 2032 κατὰ
2265 1976 2363 2043 τὴν
2390 1976 2630 2031 Καλλίου
2656 1976 2980 2047 στρατεύειν
2998 1989 3013 2004 '
3041 1972 3200 2034 τέλος
3223 1970 3294 2033 δ’,
3321 1969 3396 2032 ὡς
3422 1966 3675 2030 ἐδόκουν,

2083 2068 2605 2136 γνωσιμαχήσαντες
2636 2065 2724 2118 διὰ
2762 2065 2883 2126 τοὺς
2936 2064 3052 2117 ἐκεῖ
3085 2060 3431 2121 Γεννουττας,
3484 2051 3677 2124 οἴμαι,

2082 2159 2142 2223 ἐξ
2170 2159 2341 2227 αὐτῆς
2369 2176 2557 2227 συμπα
2570 2156 2895 2227 ραλαϐόντες
2918 2156 3014 2209 καὶ
3032 2152 3417 2222 Μπυριγέριον
3445 2147 3679 2215 σύναμα

2081 2254 2191 2311 τοῖς
2229 2252 2557 2319 πρωτίστοις
2582 2248 2760 2301 αὐτῶν
2781 2247 2914 2316 πρὸς
2937 2246 3034 2315 τὴν
3052 2245 3160 2297 τῶν
3182 2242 3379 2305 Λαζῶν
3403 2237 3680 2293 ἀνέπλεον

2083 2338 2287 2406 χώραν,
2327 2338 2456 2404 μίαν
2501 2338 2671 2407 μόνην
2702 2336 2789 2408 [Ρ.
2822 2335 2950 2407 577]
2975 2334 3085 2387 τῶν
3121 2334 3392 2405 τριήρεων
3434 2327 3572 2400 πρὸς
3600 2327 3682 2380 τὰ

2082 2430 2262 2484 αὐτῶν
2293 2430 2398 2502 ἢθη
2426 2433 2505 2495 εἰς
2536 2431 2772 2502 δήλωσιν
2808 2430 3210 2491 ἀπολύσαντες.

2083 2750 2522 2822 praecedentibus
2610 2748 2937 2805 victricibus
3014 2761 3260 2803 annexas
3335 2745 3679 2801 rudentibus

2083 2846 2417 2917 prtelongis,
2475 2846 2669 2913 sicque
2721 2850 3031 2914 pertractas
3099 2856 3208 2910 quo
3276 2842 3386 2895 illae
3446 2856 3677 2910 cunque

2083 2940 2372 2995 ducerent.
2403 2937 2475 2993 Ut
2508 2947 2691 2992 autem
2725 2952 2966 2991 cuneum
2995 2935 3329 2999 Acropoleos
3368 2933 3674 2997 flexerunt,

2085 3040 2292 3087 rectam
2326 3032 2480 3086 illinc
2511 3041 2703 3086 tenere
2743 3030 2811 3084 ad
2871 3042 3004 3084 suos
3065 3027 3389 3081 Galatenses
3436 3041 3678 3080 recusa-

2085 3132 2215 3179 runt
2241 3124 2410 3185 viam,
2468 3123 2563 3179 sed
2598 3137 2765 3192 supra
2820 3122 2997 3176 evecti
3033 3108 3179 3174 circa
3241 3119 3481 3174 medium
3551 3132 3677 3173 ora

391 3222 503 3275 tur,
561 3212 907 3279 expertibus.
945 3212 1129 3276 Quare
1159 3220 1431 3277 occupant
1468 3211 1825 3263 illucescente
1883 3208 1970 3261 vix

2084 3225 2278 3271 sancto
2304 3216 2503 3270 Phoca'
2555 3221 2858 3281 pratentaa.
2905 3214 3156 3279 citraque
3186 3210 3429 3280 appulsae
3466 3210 3673 3271 littori,

392 3319 592 3358 aurora
620 3319 859 3373 pugnam
887 3303 1168 3358 invadere.
1214 3304 1289 3356 Ac
1333 3303 1567 3371 primum
1616 3301 1977 3372 jaculationi—

392 3399 498 3453 bus
529 3397 916 3467 Amogabaros
965 3396 1234 3451 excitant.
1274 3396 1477 3449 Deinde
1507 3404 1836 3450 cunctantes
1889 3403 1973 3447 ta-

391 3503 538 3548 men,
572 3501 670 3555 spe
688 3487 951 3542 videlicet
977 3488 1266 3554 promissa;
1293 3500 1322 3538 a
1357 3483 1650 3539 navarcliis
1695 3484 1977 3541 remissio-

390 3579 502 3641 nis,
538 3579 749 3633 circum
787 3578 1048 3645 amplexi,
1075 3594 1143 3630 ne
1194 3577 1575 3638 elaberentur,
1620 3589 1795 3628 naves
1824 3574 1976 3643 ipso-

389 3687 512 3727 rum
538 3672 842 3725 triremium
868 3670 1076 3724 ambitu
1106 3683 1354 3728 suarum,
1391 3666 1444 3721 in
1464 3666 1851 3721 necessitatem
1884 3666 1977 3720 in-

388 3758 1049 3827 eluctabilcmpugnandi
1089 3756 1653 3824 conjiciunt.Cadunt
1683 3770 1791 3809 non
1820 3754 1981 3826 pauci

387 3853 692 3921 utrimque,
718 3851 905 3921 plures
924 3859 1104 3904 autem
1123 3851 1503 3905 vulnerantur.
1523 3848 1628 3904 Sed
1655 3849 1978 3905 Genuenses

390 3954 675 4016 superant.
691 3946 909 3999 cunctis
921 3944 1188 4007 hostium,
1210 3952 1407 4014 praeter
1423 3959 1586 3997 unam
1598 3984 1612 4008 ,
1628 3958 1751 4013 qua:
1762 3942 1974 4014 effugit,

395 4040 595 4102 solam,
631 4041 679 4091 vi
705 4038 865 4107 potiti
897 4037 1158 4092 navibus.
1190 4036 1338 4090 inter
1363 4050 1567 4091 causas
1595 4051 1699 4089 cur
1726 4036 1839 4090 sint
1860 4044 1971 4089 tam

392 4132 555 4186 facile
586 4130 918 4200 Atnogabari
965 4130 1207 4191 subacti,
1240 4144 1351 4183 non
1376 4137 1655 4194 postrema
1686 4127 1831 4182 forte
1857 4125 1974 4181 fue-

394 4225 467 4278 rit
486 4222 805 4294 Mpyrigerii
829 4221 1001 4278 ducis
1015 4221 1261 4290 ipsorum
1284 4219 1527 4287 ignavia.
1545 4219 1597 4273 Is
1612 4218 1753 4274 haud
1779 4234 1977 4288 proce-

395 4318 526 4372 dere
552 4332 693 4386 quos
726 4316 1068 4369 instruxerat
1098 4312 1256 4366 dolos
1302 4313 1567 4377 sentiens,
1598 4319 1653 4366 et
1682 4309 1975 4380 desperata

394 4422 606 4463 summa
657 4420 865 4470 rerum,
916 4404 1152 4472 praprias
1203 4403 1397 4457 saltent
1456 4404 1751 4457 consulere
1810 4403 1974 4456 saluti

393 4492 648 4557 studens,
680 4496 831 4550 adito
866 4509 1086 4548 summo
1142 4493 1401 4563 prmfecto
1431 4493 1745 4548 Genuensis
1772 4494 1971 4547 classis

2081 3308 2497 3377 acquieverunt.
2559 3306 2839 3362 Postridie
2885 3319 3053 3359 naves
3110 3305 3331 3373 quidem
3366 3304 3486 3358 illas
3511 3300 3674 3356 bello

2079 3407 2269 3467 captas
2303 3412 2429 3452 cum
2481 3396 2802 3451 vectoribus
2865 3410 3055 3451 earum
3093 3395 3159 3448 ad
3192 3410 3320 3449 suos
3348 3393 3673 3462 perducunt

2077 3500 2135 3545 et
2163 3490 2374 3544 idoneis
2405 3503 2499 3544 eas
2533 3488 2799 3543 custodiis
2827 3487 3069 3556 sepiunt.
3119 3485 3225 3555 Ipsi
3255 3501 3383 3541 vero
3422 3486 3673 3539 victores

2079 3582 2261 3638 accitu
2321 3581 2675 3650 imperatoris
2730 3581 2957 3635 adeum
3014 3577 3274 3649 profecti,
3325 3576 3526 3646 quibus
3560 3592 3675 3647 par

2081 3684 2201 3732 erat
2231 3673 2726 3745 significationibus
2760 3673 2989 3726 honoris
3011 3679 3065 3724 et
3102 3670 3497 3725 benevolentia
3534 3679 3673 3724 sunt

2082 3764 2317 3832 excepti.
2375 3763 2453 3817 Ac
2480 3761 2743 3816 navarclti
2773 3760 2999 3829 quidem
3052 3760 3338 3829 conspicui
3377 3759 3674 3828 fulgebant

2083 3856 2273 3912 missis
2307 3855 2372 3909 ad
2404 3868 2681 3924 quemque
2729 3854 2949 3909 illorum
2976 3852 3049 3907 ab
3081 3853 3414 3922 imperatore
3442 3851 3670 3921 specio-

2081 3947 2316 4004 sissimis
2369 3946 2546 4000 induti
2580 3945 2862 4009 vestibus;
2916 3944 3079 4012 vulgo
3109 3950 3295 3997 autem
3346 3942 3669 3997 classiario-

2083 4054 2202 4093 rum
2233 4039 2394 4108 jussu
2416 4037 2663 4104 ejusdem
2678 4037 2829 4105 large
2860 4036 2915 4089 in
2944 4036 3133 4103 epulas
3167 4035 3375 4091 cibaria
3426 4035 3669 4104 vinaque

2079 4132 2488 4202 praebebantur.
2519 4127 2578 4182 In
2637 4128 2722 4183 bis
2758 4127 3184 4183 remissionibus
3232 4143 3358 4180 cum
3405 4127 3523 4180 dies
3558 4127 3663 4180 ali-

2079 4231 2218 4292 quot
2235 4222 2659 4290 transegissent,
2682 4235 2790 4275 non
2814 4229 2995 4271 tamen
3017 4217 3254 4272 emolliri
3287 4227 3437 4272 tanta
3464 4219 3660 4271 buma-

2081 4315 2259 4370 nitate
2291 4320 2591 4382 potuerunt
2618 4319 2682 4365 ut
2711 4310 3030 4380 imperatori
3048 4310 3351 4379 quidquam
3380 4312 3443 4366 de
3470 4310 3654 4363 fructu

2079 4407 2328 4463 victoriae
2362 4405 2688 4465 tribuerent.
2747 4419 2847 4458 nec
2897 4411 3108 4472 partem
3143 4404 3311 4456 ullam
3371 4401 3563 4472 pra-dte
3595 4415 3662 4456 ac

2082 4500 2406 4567 spoliorum,
2432 4512 2532 4551 nec
2561 4496 2649 4549 vel
2683 4510 2747 4550 ex
2781 4494 3018 4564 captivis
3052 4509 3222 4549 unum
3285 4494 3334 4548 ei
3369 4496 3661 4549 donantes.

390 4589 498 4659 ipsi
528 4587 864 4643 deditionem
883 4585 994 4646 sui,
1032 4584 1200 4638 vitam
1226 4593 1442 4654 pactus,
1474 4585 1627 4640 fecit.
1659 4585 1974 4640 Admissus—
1999 4593 2052 4652 1)
2081 4590 2397 4646 Offerebam
2429 4597 2631 4644 cuncta
2665 4587 2757 4641 illa
2812 4576 3051 4650 venalia;
3111 4600 3220 4640 ιιοη
3256 4600 3427 4655 parvo
3466 4586 3666 4652 sing“-

391 4698 502 4754 que
554 4682 624 4736 ab
662 4680 757 4733 illo
795 4679 1177 4746 altissimeqne
1231 4678 1337 4733 sub
1370 4679 1621 4733 tabulato
1658 4679 1817 4731 navis
1849 4679 1976 4732 abs»

392 4775 673 4836 cunditus,
707 4773 835 4827 dum
880 4772 936 4825 in
974 4786 1034 4824 ea
1061 4784 1300 4839 superne
1333 4784 1362 4825 ο
1408 4770 1852 4824 discurrentibus
1878 4784 1975 4838 per

392 4871 548 4923 foros
600 4865 869 4920 militibus
902 4864 1274 4933 pugnabatur,
1330 4861 1510 4915 otiose
1576 4862 1698 4927 ipse
1726 4860 1968 4925 delituit,

394 4957 735 5013 discriminis
759 4956 917 5025 plane
948 4955 1119 5009 totius
1148 4968 1365 5047 expers.
1392 4951 1524 5020 Ejus
1549 4952 1715 5019 igitur
1744 4953 1973 5006 meridie

392 5052 526 5113 diei,
547 5066 668 5120 quae
690 5051 864 5118 prima
888 5057 940 5101 et
963 5044 1240 5102 tricesima
1272 5045 1479 5100 mensis
1496 5044 1619 5099 Maii
1645 5044 1970 5100 numeraba-

390 5157 507 5207 tur,
530 5143 904 5212 spectaculum
933 5142 1054 5195 urbi
1081 5142 1268 5194 laetum
1302 5136 1405 5191 fuit
1433 5136 1617 5193 videre
1642 5140 1798 5204 longa
1826 5138 1971 5192 serie

393 5246 595 5321 praeter
656 5249 809 5287 oram
866 5234 1037 5288 maris
1101 5236 1325 5310 evectas
1384 5238 1654 5295 nostram,
1714 5230 1973 5286 victrices

389 5329 597 5400 pariter
624 5324 1000 5381 Genuensium
1032 5331 1090 5377 et
1120 5322 1293 5376 victas
1344 5322 1699 5390 captivasque
1733 5322 1970 5388 Aruoga-

391 5421 654 5474 barorum
696 5431 881 5480 naves,
924 5416 1047 5468 illas
1104 5411 1244 5467 festo
1271 5413 1515 5482 insignes
1543 5421 1768 5477 ornatu,
1796 5413 1972 5468 vexil-

391 5514 460 5568 lis
522 5511 771 5580 speciose
831 5505 1217 5568 volitantibus,
1273 5520 1385 5563 non
1465 5506 1588 5561 sine
1661 5507 1827 5563 sibilo
1878 5507 1973 5560 illa

394 5605 591 5661 leniter
646 5600 983 5669 impellentis
1054 5613 1206 5653 aurai
1267 5612 1629 5667 consonaque
1687 5614 1970 5656 remorum

394 5696 555 5769 5‘42
584 5694 804 5764 plausu,
838 5693 935 5747 bas
965 5690 1241 5746 deformes
1291 5691 1463 5753 luctu,
1509 5691 1775 5759 spoliatas
1831 5691 1971 5747 insi-

395 5789 616 5861 gnibus.
644 5785 980 5840 claudicanti
1031 5799 1174 5851 aegre
1208 5783 1439 5854 remigio
1470 5794 1758 5852 provectas
1803 5796 1971 5840 teme-

398 5895 570 5949 reque
591 5878 759 5933 ﬂuctu
792 5877 1060 5948 impulsas
1084 5879 1192 5933 huc
1211 5872 1472 5947 illquue,
1505 5892 1570 5933 ac
1591 5879 1709 5934 vice
1736 5879 1966 5937 remulci

2077 4686 2144 4739 lis
2175 4683 2352 4751 pretio
2386 4691 2610 4736 taxato:
2656 4680 2830 4749 gratis
2864 4680 3005 4735 nihil
3046 4679 3344 4749 largituros
3395 4692 3456 4733 se
3492 4676 3665 4746 proli-

2078 4777 2359 4832 tebautur.
2392 4776 2533 4830 Hinc
2585 4774 2856 4828 invitante
2886 4775 3037 4843 ipsos
3087 4772 3425 4841 imperatore
3457 4779 3519 4823 ut
3557 4770 3667 4824 sub

2075 4876 2238 4937 pacto
2275 4868 2549 4923 mercedis
2596 4869 2678 4920 ire
2728 4866 3023 4919 militatum
3061 4864 3332 4939 adversus
3362 4862 3668 4917 Catelanos

2080 4962 2387 5031 Callipolim
2454 4961 2769 5015 obtinentes
2820 4959 3042 5022 vellent,
3076 4957 3313 5029 primum
3345 4957 3414 5011 de
3447 4970 3667 5011 summa

2078 5055 2327 5121 pecunias
2385 5053 2521 5121 ipsis
2549 5053 2620 5108 ab
2649 5053 2898 5121 Augusto
2930 5051 3036 5105 hoc
3097 5049 3324 5105 nomine
3359 5049 3674 5123 pendendag

2077 5146 2402 5200 altercatum
2434 5152 2561 5209 est;
2618 5144 2959 5214 interimque
3018 5142 3368 5199 dissensione
3404 5143 3553 5195 circa
3604 5141 3664 5195 id

2076 5238 2222 5292 inter
2258 5237 2456 5291 classis
2480 5236 2654 5292 duces
2683 5244 2830 5301 orta,
2863 5236 3396 5305 instinctu,opinor,
3435 5234 3666 5304 inquili-

2075 5344 2270 5385 norum
2295 5328 2505 5384 Galatas
2528 5328 3051 5407 chueusiumtqui
3072 5328 3311 5398 quodam
3331 5327 3444 5396 jam
3471 5334 3663 5388 antea,

2076 5433 2136 5477 ut
2184 5422 2319 5483 dixi.
2363 5420 2572 5477 fmdere
2621 5422 2988 5492 praeoccupati
3052 5436 3081 5475 a
3137 5419 3422 5477 Catelaeis
3470 5429 3657 5482 erant.

2073 5529 2267 5570 omnes
2318 5512 2552 5568 sublatis
2611 5523 2843 5584 repente
2898 5514 3123 5569 uiceris
3191 5528 3413 5567 cursum
3480 5511 3661 5568 Latos

2081 5620 2278 5660 versus
2298 5606 2669 5671 intenderunt,
2701 5615 2984 5676 assumpto
3043 5621 3253 5666 secum,
3285 5620 3410 5659 cum
3463 5602 3664 5673 praeci-

2082 5696 2206 5766 puis
2269 5698 2765 5766 Amogabaromm,
2804 5698 3154 5768 Mpyrigerio,
3227 5714 3333 5752 una
3385 5697 3663 5752 duntaxat

2077 5806 2108 5844 e
2133 5791 2457 5843 triremibus
2487 5792 2729 5858 ipsorum
2757 5792 2980 5845 domum
3011 5794 3077 5847 ad
3134 5807 3285 5857 suos,
3343 5800 3401 5846 ut
3433 5788 3660 5845 nuntia—

2080 5889 2159 5939 rct
2198 5895 2317 5950 qua:
2355 5867 2722 5951 cornigeram,
2763 5882 3013 5941 remissa.
3293 5864 3298 5868 ”
