4046 6392
337 320 441 384 597
1273 323 1367 383 DE
1408 321 1852 383 ANDRONICO
1890 317 2359 381 PALEOLOGO
2401 319 2543 380 LIB.
2582 319 2681 379 VI.
3496 309 3609 371 598
3646 366 3655 374 .

329 430 397 490 λ’.
426 432 623 497 Ὅπως
656 431 1030 501 ἐσφάλησαν
1054 434 1202 488 κατὰ
1232 435 1504 504 πόλεμον
1527 438 1584 490 οἱ
1622 434 1918 503 Ῥωμαῖοι.
1951 439 1995 492 Α
2027 449 2107 485 νοι
2129 432 2242 484 τῶν
2255 429 2464 489 κακῶν,
2490 431 2679 483 ἄνετον
2709 429 2853 481 εἴων.
2875 426 2920 479 Τ
2925 428 2951 480 δ
2973 421 3104 498 δ’ἦν
3132 424 3318 493 ἀπάτη
3343 439 3359 454 ο
3380 421 3603 491 καὶγὰρ

401 521 624 574 Βασιλεί
672 522 716 574 δ’
750 522 1002 577 ἐντεῦθεν
1042 527 1266 593 φροντὶς
1309 521 1379 594 ἦν
1413 525 1528 586 πῶς
1559 525 1626 579 ἂν
1655 524 1911 594 μετέλθοι
2021 524 2116 576 καὶ
2140 522 2293 587 αὐτοὶ
2324 523 2510 583 ἱππεῖς
2529 538 2589 574 τε
2621 523 2717 575 καὶ
2745 521 2922 585 πεζοὶ,
2948 520 3142 588 ἀγαθοὶ
3167 518 3267 588 τὴν
3291 517 3399 569 τῶν
3421 516 3603 569 ὅπλων

330 614 456 676 τοὺς
480 614 624 667 κατὰ
653 613 752 684 τὴν
775 615 1030 679 Καλλίου,
1057 616 1181 670 ἐπεί
1210 616 1293 670 τοί
1321 633 1385 684 γε
1428 618 1521 671 καὶ
1557 616 1781 687 βοήθεια
1803 619 1912 687 μὲν
2025 614 2108 687 [Ρ.
2142 614 2270 687 5Ἰ8]
2304 614 2419 681 ’ἐξιν
2449 615 2542 667 καὶ
2575 613 2647 676 ὡς
2684 614 2811 666 ἰδεῖν
2840 612 3210 683 ἁπρόσμαχοι,
3238 609 3601 675 ἐνεδρεύουσι.

337 704 563 765 ἐκείνοις
615 704 916 774 ἠγγέλλετο
970 706 1395 774 παραγίνεσθαι,
1436 707 1668 776 ἠκούετο
1721 707 1779 760 δὲ
1819 708 1914 761 καὶ
2024 708 2158 759 Τότε
2196 707 2329 774 γοῦν
2360 707 2423 758 τὸ
2454 704 2838 783 μὲνκαθαρὺν
2886 705 2997 759 τῶν
3034 702 3363 773 Ῥωμαϊκῶν
3405 701 3608 753 συντά-

335 795 410 858 dt;
463 796 680 865 Πέρσας
714 796 777 848 ὲκ
814 797 911 865 τῆς
966 798 1201 868 περαίας
1234 800 1420 851 καλεῖν
1471 799 1765 869 βούλοιντο.
1807 801 1916 853 Καὶ
2028 802 2165 866 ξεων
2195 803 2251 853 ἐν
2274 802 2460 864 ὅπλοις
2506 796 2649 871 ἦσαν
2684 800 2780 855 καὶ
2827 801 2919 852 τὸν
2955 799 3194 867 πόλεμον
3233 798 3606 868 προσεδόκων,

335 888 384 973 oi
420 887 565 955 ἀμφὶ
608 888 700 939 τὸν
749 888 902 942 νόθον
953 890 1010 943 δὲ
1061 890 1163 944 τοῦ·
1207 891 1530 961 Θευδερίχου
1580 893 1919 963 αὐτάδελφον
2026 895 2076 948 οἱ
2134 893 2191 946 δὲ
2248 894 2493 946 πλεῖστοι
2548 894 2677 962 περὶ
2724 892 2826 963 τὴν
2881 893 3144 960 φανεῖσαν
3192 889 3609 959 λιχνευσάμενοι

339 979 698 1047 προσδόκιμοι
744 976 886 1050 ἦσαν
918 984 1010 1034 καὶ
1058 982 1215 1047 αὖθις
1251 984 1562 1053 φαίνεσθαι.
1604 987 1680 1038 Οὑ
1725 985 1831 1055 μὴν
1862 987 1921 1040 δὲ
2028 986 2179 1038 λείαν
2210 984 2425 1049 ἐξέθεον
2475 984 2851 1047 ἀσυντάκτως.
2880 982 2986 1037 Καὶ
3024 983 3184 1045 εὐθὺς
3212 983 3261 1035 οἱ
3304 980 3613 1049 ἐνεδρεύον-

339 1070 476 1123 me
501 1072 612 1124 οὐδ’
635 1076 663 1126 ὁ
692 1074 810 1135 νέος
843 1073 979 1141 ἄναξ
1010 1076 1229 1147 Μιχαὴλ
1282 1076 1498 1146 ἠμέλει,
1531 1077 1667 1132 ἀλλὰ
1700 1081 1793 1131 καὶ
1822 1080 1918 1131 αὑ-
2028 1094 2120 1139 τες
2160 1077 2541 1138 εὐσυντάκτως
2579 1077 2635 1137 ἐς
2674 1076 2755 1132 ὃτι
2794 1076 3029 1145 μάλιστα
3057 1075 3153 1128 καὶ
3181 1073 3614 1142 πεφυλαγμένως

338 1164 429 1226 τὸς
457 1165 619 1232 ἀφεὶς
646 1166 749 1234 τὴν
787 1167 1068 1237 Ἀδριανοῦ
1100 1170 1194 1222 καὶ
1225 1169 1363 1236 πρὸς
1401 1170 1481 1237 τῷ
1515 1170 1800 1239 Παμφύλῳ
1833 1188 1925 1238 γε·
2029 1166 2332 1237 άφώρμων.
2375 1166 2516 1239 ῌαρ’
2544 1168 2783 1236 ἑκάτερα
2827 1168 2937 1237 γὰρ
2966 1165 3085 1228 ἐνὸς
3119 1164 3287 1218 ἵππου
3330 1162 3424 1217 δύο
3458 1162 3616 1225 πεζοὶ

340 1257 565 1325 νόμενος
616 1259 746 1322 τοὺς
804 1261 948 1327 ἀμφὶ
995 1260 1086 1314 τὸν
1140 1263 1318 1331 μέγαν
1384 1263 1775 1333 ἑταιρειάρχην
1830 1263 1925 1316 τὸν
2032 1259 2377 1330 ἐδοχμίαζον,
2423 1259 2707 1322 Ἰταλικοῖς
2735 1259 2913 1324 τόξοις
2948 1258 3435 1327 καθωπλισμένον
3464 1255 3619 1307 αὐτοὶ

340 1348 554 1403 Δούκαν
607 1353 705 1404 καὶ
736 1353 827 1405 τὸν
889 1352 1064 1423 μέγαν
1125 1353 1411 1416 τζαούσιον
1457 1355 1549 1408 τὸν
1595 1355 1923 1423 Οὑμπερτόε-
2031 1354 2089 1406 δὲ
2141 1352 2279 1422 μετὰ
2319 1352 2532 1405 πελτῶν
2573 1353 2667 1405 καὶ
2717 1351 2961 1416 παλτῶν,
3009 1349 3320 1421 ἐπιχωρίων
3353 1348 3618 1418 δοράτων,

342 1439 539 1504 πουλον
575 1444 668 1496 καὶ
705 1443 887 1515 τρίτον
931 1446 1022 1497 τὸν
1050 1447 1338 1512 Βοσσίλαν,
1372 1448 1616 1510 ίίκανοὺς
1646 1449 1728 1509 εἰς
1761 1448 1925 1500 πολέα
2033 1445 2070 1499 ἃ.
2094 1447 2156 1512 δὴ
2190 1446 2251 1497 τὸ
2303 1445 2534 1498 παλαιὸν
2566 1445 2814 1512 ἄγγωνες
2872 1443 3188 1507 ἐκαλοῦντο,
3239 1443 3331 1494 τὸν
3384 1441 3621 1509 πόλεμον

344 1550 446 1601 μου
479 1534 797 1605 ὲξάρτυσιν,
829 1538 922 1591 ἐπὶ
975 1541 1102 1603 τοὺς
1135 1541 1278 1593 κατὰ
1313 1541 1412 1612 τὴν
1471 1541 1706 1594 Καλλίου
1767 1543 1929 1612 Ἀμο-
2036 1536 2403 1608 άπεθάρῤουν.
2441 1537 2504 1590 02
2548 1536 2612 1606 δὴ
2648 1522 2948 1597 συστάντες
2978 1535 3159 1606 μάχην
3207 1533 3443 1600 ἔστησαν
3487 1550 3622 1601 κρα-

341 1625 623 1696 γαὸάρους
683 1632 984 1701 ἐκπέμπει,
1043 1632 1094 1687 οἳ
1137 1632 1200 1703 δὴ
1256 1633 1359 1685 καὶ(
1401 1633 1510 1686 ἀπῇ
1560 1633 1927 1704 Βραγχιαλίου
2037 1624 2220 1678 ταιάν.
2269 1625 2380 1677 Καὶ
2422 1625 2679 1679 πίπτουσι
2719 1624 2817 1693 μὲν
2868 1623 3234 1694 ἑκατέρωθεν,
3281 1624 3420 1684 τέως
3452 1622 3498 1674 δ’
3528 1622 3623 1674 ἐπὶ

340 1718 906 1791 ἑστρατοπεδευμὲνοι
939 1723 1149 1793 ἕτοιμοι
1184 1725 1514 1796 προσϐαλεῖν
1535 1722 1698 1799 ἦσαν,
1722 1728 1792 1798 ,ἦν
1824 1744 1931 1780 που
1963 1792 1998 1799 _
2037 1716 2133 1770 τοῦ
2183 1718 2606 1788 προτερήματος
2657 1718 2923 1784 γίνονταιι
2952 1717 3277 1779 Κατελάνοι,
3308 1715 3404 1768 καὶ
3457 1713 3623 1782 μέχρι

343 1812 587 1877 φανεῖεν.
627 1813 690 1864 Οί
729 1813 785 1865 δὲ
811 1815 918 1868 τῶν
954 1792 1106 1878 ἐντος
1135 1792 1763 1888 ἀπαλλαγέντεςφόϐων
1788 1820 1931 1891 (οὐδὲ
1963 1792 2005 1847 Β
2034 1810 2128 1863 καὶ
2175 1812 2598 1865 Μονοκαστάνου
2644 1811 2811 1864 τόπον
2861 1810 3261 1881 κατατρέχουσι
3303 1808 3396 1861 καὶ
3429 1807 3625 1875 φονεύ-

341 1901 454 1973 γὰρ
488 1903 613 1957 οὐδὲ
630 1907 757 1969 τοὺς
782 1908 1075 1975 περιόντας
1099 1911 1209 1963 τῶν
1233 1912 1644 1966 σκυλευθέντων
1666 1914 1823 1974 ἐντὸς
1840 1912 1934 1966 τοῦ
2035 1916 2214 1955 ουσινο
2254 1900 2321 1954 Ἥ
2353 1901 2410 1955 δὲ
2461 1900 2660 1964 πύστις
2696 1901 2788 1953 ἐπὶ
2815 1900 3110 1962 διακοσίοις
3157 1899 3284 1951 ἵστα
3311 1898 3402 1950 τὸν
3435 1899 3621 1964 φόνον,

346 1995 608 2063 φρουρίου
628 1997 780 2062 εἴων,
803 2000 920 2053 ἀλλ’
941 2003 999 2055 ἐν
1017 2001 1096 2071 τῷ
1118 2003 1240 2055 κατ’
1257 2004 1456 2067 αὐτοὺς
1470 2005 1704 2076 καράϐῳ
1724 2006 1936 2060 ἐλεεινὰ

347 2087 546 2156 φορτία
570 2088 785 2160 σύναμα
802 2092 881 2161 τῷ
899 2094 1146 2165 σφετέρῳ
1168 2097 1507 2166 νηησάμενοι
1534 2097 1750 2166 πλούτῳ
1770 2100 1937 2166 εὐφυ-

343 2183 558 2249 λάκτως
570 2182 741 2256 εἶχον)
759 2186 857 2258 τὴν
879 2189 1056 2259 μάχην
1073 2191 1303 2243 αὐτόθεν
1318 2190 1657 2259 σοφίζονται,
1678 2194 1771 2246 καὶ
1790 2194 1937 2247 πλεί-

350 2291 484 2347 στην
506 2277 659 2332 λείαν
678 2280 1033 2347 ἐξελάσαντες
1055 2282 1234 2346 ζώων,
1259 2283 1335 2345 ὡς
1353 2283 1418 2337 ἂν
1454 2284 1622 2353 μηδὲν
1645 2282 1935 2356 ὑπειδόμε-

441 2461 533 2517 30.
570 2461 646 2517 Ut-
675 2478 925 2517 successu
950 2464 1153 2533 infelici
1199 2454 1431 2519 Romani
1461 2469 1826 2535 pugnaverint.

461 2552 623 2626 5‘3
653 2554 916 2610 Restabat
948 2555 1078 2609 inde
1107 2557 1421 2624 imperatori
1463 2559 1779 2613 sollicitudo
1826 2562 1938 2629 pel-

353 2646 642 2703 lendorum
667 2647 917 2717 Gallipoli
953 2648 1214 2714 hostium;
1240 2651 1385 2718 quod
1425 2666 1531 2720 qua
1574 2653 1625 2705 vi
1668 2654 1939 2722 quibusve

356 2741 530 2810 copiis
574 2740 849 2795 continuo
905 2742 1320 2810 aggrederetur,
1376 2742 1521 2797 baud
1577 2745 1630 2799 in
1684 2747 1938 2815 expedito

356 2842 493 2889 erat.
519 2833 850 2889 intendebat
896 2850 1111 2902 curam,
1168 2838 1317 2907 quod
1373 2839 1576 2893 auxilia
1632 2840 1933 2911 Callipolim

357 2927 675 2983 tenentibus
701 2927 1011 2984 adventare
1030 2929 1367 2984 ferebantur.
1414 2930 1758 2986 Audiebatur
1801 2932 1932 2999 quin

357 3020 522 3076 etiam
546 3014 955 3093 cogitare‘ipsos
1009 3024 1073 3079 de
1117 3024 1453 3081 advocandis
1513 3027 1567 3081 in
1629 3027 1933 3082 subsidium

356 3129 425 3171 ex
451 3117 699 3187 opposita
726 3117 1047 3172 continente
1088 3115 1289 3172 Persis.
1355 3117 1666 3173 Exercitum
1719 3136 1935 3189 quoque

2033 1992 2358 2061 πληγέντων
2393 1993 2490 2045 καὶ
2545 1990 2728 2044 αὐτῶν
2756 1990 3060 2059 ἡγεμόνων.
3098 1990 3232 2042 Τότε
3279 1986 3534 2058 βασιλεὺς
3560 1986 3626 2037 ὲκ

2036 2082 2341 2152 βασιλικῶν
2385 2082 2586 2148 ἔξωθεν
2658 2083 2995 2151 μηνυμάτων
3046 2079 3236 2147 μαθὼν
3291 2081 3354 2132 τὸ
3409 2077 3626 2146 συμϐάν

2032 2174 2241 2243 ἤλγησέ
2262 2192 2324 2227 τε
2351 2174 2580 2243 σφόδρα,
2607 2175 2703 2226 καὶ
2728 2176 2786 2227 ὲν
2810 2172 3153 2243 μεταγνώσει
3178 2172 3246 2242 ἦν
3270 2169 3366 2224 τοῦ
3395 2171 3469 2241 μὴ
3495 2187 3632 2224 παν·

2042 2268 2282 2322 τάπασιν
2310 2266 2593 2338 μετελθεῖν
2620 2266 2945 2330 Γεννουϊτας
2989 2265 3255 2331 ἐκείνους,
3294 2266 3387 2319 καὶ
3425 2264 3632 2335 μισθώ-

2044 2441 2441 2499 incustoditam
2472 2441 2713 2511 pecoris,
2745 2455 2918 2511 prope
2966 2441 3238 2496 collocato
3307 2440 3362 2493 in
3414 2439 3634 2495 insidiis

2046 2537 2292 2606 peditatu
2321 2538 2685 2607 equitatuque
2720 2551 2946 2591 suorum
2994 2536 3419 2591 fortissimorum
3474 2532 3637 2606 544

1992 2649 2004 2659 ’
2045 2630 2307 2695 militum,
2361 2631 2567 2700 optime
2633 2629 2699 2682 ad
2724 2628 2973 2698 praelium
3045 2630 3354 2683 instructis.
3403 2620 3634 2682 Oblatus

2039 2722 2174 2777 aciei
2204 2720 2470 2776 Romana
2499 2729 2836 2791 conspectus
2869 2722 3110 2776 errantis
3164 2723 3287 2776 sine
3335 2731 3639 2790 apparentc

2043 2816 2299 2886 praesidio
2332 2816 2568 2870 armenti
2604 2816 2770 2870 solvit
2799 2816 3019 2869 ordines
3066 2815 3326 2882 cupidine
3369 2813 3636 2878 lncrandi,

2045 2911 2324 2977 traxitque
2356 2908 2656 2979 plerosque
2690 2909 2755 2961 ad
2791 2908 3114 2978 abigendam
3146 2907 3249 2961 sibi
3291 2904 3530 2971 facilem,
3579 2912 3642 2960 ut

2046 3001 2337 3071 putabant,
2371 3010 2425 3054 et
2448 3010 2692 3069 paratam
2716 2999 2980 3069 praedam.
3017 2999 3086 3052 At
3119 2998 3172 3052 in
3209 3013 3303 3052 eos
3354 2998 3435 3052 sic
3492 2998 3644 3051 inor-

2044 3094 2232 3149 dinate
2261 3093 2645 3149 discursantes
2674 3094 2934 3161 impetum
2967 3107 3032 3147 ex
3067 3092 3369 3161 improviso
3409 3106 3645 3145 consur-

360 3184 609 3262 ωνέιέηι
640 3207 729 3261 cui
778 3206 951 3262 (nam.
1012 3209 1219 3263 nothus
1271 3209 1639 3265 Theuderichi
1696 3184 1947 3281 μάθω,
1979 3203 2022 3258 c
2055 3196 2246 3259 gentes
2278 3202 2309 3242 e
2342 3187 2572 3242 latebris
2629 3186 2840 3241 faciunt
2893 3186 3070 3240 Latini
3127 3188 3365 3255 equites,
3421 3184 3641 3239 duobus

359 3314 487 3354 mox
510 3315 710 3356 rursus
737 3301 790 3355 in
826 3311 1023 3356 nostro
1053 3302 1191 3358 mari
1240 3304 1639 3372 appariturum,
1692 3305 1941 3373 jactabat

310 3416 320 3426 -
361 3391 530 3459 fama,
573 3400 837 3448 caeterum
893 3393 1083 3463 junior
1107 3395 1387 3464 Augustus
1422 3394 1670 3459 Michael,
1706 3398 1847 3450 haud
1891 3409 1946 3452 et

359 3484 480 3554 ipse
516 3485 613 3540 tali
637 3486 887 3540 articulo
908 3488 1161 3542 cessabat
1188 3502 1370 3542 rerum
1400 3495 1493 3541 aut
1514 3487 1819 3557 negligebat
1836 3489 1953 3544 bel-

362 3580 476 3636 lum
508 3579 907 3659 Catelanicum’,
942 3581 1037 3635 sed
1066 3580 1229 3635 motis
1274 3579 1342 3634 ab
1391 3578 1748 3649 Adrianopoli
1807 3591 1949 3636 stre-

361 3687 474 3727 nue
503 3671 705 3727 castris
749 3686 1080 3742 progressus
1148 3684 1322 3740 usque
1373 3668 1756 3744 Pamphylum,
1818 3673 1947 3729 inde

362 3778 619 3834 magnum
639 3762 1052 3818 hetariarcbam
1092 3760 1295 3816 Ducam
1314 3772 1366 3817 et
1390 3774 1646 3831 magnum
1671 3767 1945 3819 tzauzinm

366 3855 844 3926 Umpertopulum,
879 3853 1042 3909 tertio
1073 3853 1298 3920 insuper
1327 3853 1415 3908 bis
1465 3852 1652 3907 addito
1708 3853 1944 3918 Bossila,

365 3948 505 4003 satis
525 3947 593 4001 ad
621 3961 735 4001 rem
775 3946 917 4002 bene
949 3944 1246 4014 gerendam
1281 3956 1332 4000 et
1360 3961 1585 4001 numero
1609 3955 1664 4000 et
1716 3963 1949 4015 appara-

366 4051 433 4096 tu
462 4042 766 4097 instructos
798 4041 955 4095 misit‘
973 4040 1243 4095 adversus
1276 4030 1656 4109 Ambgabaros
1717 4040 1958 4111 Callipo-

366 4136 466 4193 lim
488 4143 846 4206 occupantes.
881 4130 947 4188 Hi
978 4144 1089 4188 tres
1152 4133 1485 4201 imperatorii
1540 4133 1710 4191 duces
1760 4135 1960 4191 castris

362 4244 400 4282 a
428 4227 783 4283 Branchialio
807 4226 1150 4295 aliquantum
1191 4226 1422 4280 ulterius
1459 4228 1731 4293 promotis
1784 4232 1962 4298 parati

368 4321 443 4376 ad
465 4320 584 4375 acie
614 4318 1008 4375 decertandum
1037 4318 1277 4383 stabant,
1328 4318 1507 4373 sicubi
1569 4318 1746 4374 hostis
1796 4335 1965 4391 appa-

368 4429 501 4471 rens
533 4413 959 4485 pugnaacopiam
1001 4412 1175 4466 daret.
1234 4409 1404 4465 Porro
1462 4412 1789 4481 Amogabari
1847 4412 1961 4481 pri-

369 4522 522 4563 mum
552 4506 877 4561 studuerant
903 4503 1141 4558 liberare
1176 4518 1235 4557 se
1267 4503 1509 4572 periculo
1539 4505 1693 4573 quod”
1714 4520 1741 4559 a
1789 4504 1958 4560 Calli-

368 4600 631 4674 politanis
649 4597 1143 4670 generellomanis,
1167 4597 1307 4652 forte
1324 4612 1352 4649 a
1374 4605 1527 4664 tergo
1542 4596 1959 4662 insnrrec‘turis,

370 4697 503 4752 dum
530 4695 631 4765 ipsi
661 4701 850 4749 contra
880 4695 1122 4746 exterius
1147 4701 1527 4759 Oppugnantes
1562 4698 1740 4745 arcem
1772 4688 1965 4745 defen-

373 4789 588 4852 derent,
624 4786 805 4842 timeri
835 4787 963 4856 jure
985 4793 1216 4851 poterat.
1252 4783 1307 4837 id
1332 4782 1409 4836 illi
1450 4777 1581 4839 'sibi'
1636 4782 1969 4838 videbantur

374 4881 613 4937 assecuti
647 4879 800 4933 nullo
838 4890 1070 4946 prorsus
1100 4875 1476 4929 Romanorum
1530 4878 1674 4929 intra
1724 4872 1965 4945 Callipo-

372 4973 469 5029 lim
503 4970 884 5041 relinquendo.
931 4969 1171 5022 Cunctos
1218 4968 1360 5020 enim
1418 4967 1472 5020 in
1532 4981 1632 5021 sua
1692 4982 1966 5036 quemque

371 5067 656 5131 navicula,
691 5064 1116 5133 superimposita
1147 5062 1348 5115 ibidem
1388 5062 1728 5130 singulorum
1762 5078 1819 5118 re
1874 5064 1970 5116 do-

373 5159 610 5215 mestica
664 5166 719 5212 et
775 5157 1014 5226 pretiosa
1082 5154 1384 5223 praesertim
1454 5153 1799 5221 supellectili,
1851 5153 1967 5208 salo

375 5252 765 5320 imposuerunt
792 5249 945 5302 intra
973 5256 1212 5315 portum,
1255 5246 1365 5298 acri
1393 5244 1598 5315 jugiter
1641 5245 1963 5316 invigilante

376 5341 626 5397 custodia
664 5342 741 5396 illi
782 5338 1107 5395 miseranda:
1160 5338 1322 5409 plane
1374 5335 1739 5402 multitudini,
1801 5336 1964 5407 cujus

378 5443 434 5488 et
456 5448 686 5503 corpora
710 5439 766 5488 et
796 5446 952 5501 opes,
970 5429 1150 5500 praeda
1185 5427 1427 5483 dominis
1451 5426 1770 5481 crudelibus
1788 5436 1962 5493 certa,

379 5526 768 5582 servabantur.
800 5523 884 5579 Ab
921 5525 1022 5578 hac
1070 5523 1180 5591 jam
1212 5529 1364 5591 parte
1400 5519 1578 5577 securi
1610 5518 1812 5575 liberos
1842 5520 1962 5573 ani-

379 5634 502 5676 mos
553 5620 619 5673 ad
678 5618 806 5674 belli
863 5616 1160 5685 prudenter
1208 5612 1627 5670 administrandi
1694 5612 1963 5667 rationem

379 5710 742 5781 indagandam
799 5713 1202 5771 converterunt,
1250 5705 1341 5760 tali
1399 5703 1592 5760 fraude
1637 5705 1964 5774 composita.

380 5805 756 5859 Extrusentnt
788 5801 845 5858 in
867 5814 1059 5870 agrum
1095 5798 1258 5866 quasi
1305 5808 1510 5853 temere
1563 5810 1818 5866 magnam
1856 5796 1963 5850 vim

2050 3282 2178 3336 hinc
2211 3282 2337 3336 inde
2364 3282 2571 3348 optime
2607 3280 2837 3336 armatis
2861 3281 3046 3335 Italico
3077 3294 3205 3334 arcu
3245 3278 3432 3347 stipati
3482 3278 3641 3349 adju-

2045 3374 2201 3442 tique
2250 3374 2550 3443 peditibus,
2611 3373 2719 3442 ipsi
2789 3371 3149 3441 cataphracti,
3199 3384 3322 3424 cum
3373 3370 3534 3439 peltis
3584 3378 3641 3426 et

2049 3447 2302 3535 tragulis,
2331 3480 2533 3536 genere
2560 3464 2674 3521 illic
2729 3464 2965 3537 telorum
3019 3465 3225 3517 usitato
3286 3477 3409 3531 qua:
3465 3463 3639 3517 veteri

2054 3560 2282 3615 nomine
2310 3573 2549 3629 angones
2597 3557 2946 3613 dicebantur.
3009 3555 3121 3610 Hos
3173 3556 3479 3625 composite
3533 3556 3645 3610 circ

2047 3658 2479 3720 cumspecteque
2507 3648 2752 3719 undique
2785 3648 3063 3704 irruentes
3111 3655 3450 3716 exceperunt
3497 3647 3647 3718 pari-

2051 3745 2154 3799 bus
2182 3744 2383 3798 animis
2416 3742 2615 3812 raptim
2642 3750 2906 3797 coeuntes
2935 3741 3138 3797 nostri.
3171 3743 3312 3796 Aere
3341 3740 3467 3796 inde
3496 3756 3649 3796 com.

2045 3838 2281 3894 mittitur
2311 3837 2577 3907 praelium,
2604 3835 2927 3892 cadentibus
2977 3836 3250 3905 utrimque
3306 3835 3514 3889 multis.
3542 3834 3650 3890 Sed

2056 3931 2289 3986 victoria
2347 3929 2740 3985 Catelanornm
2793 3927 2914 3993 fuit;
2971 3930 3063 3996 qui
3110 3935 3335 3982 nostros
3389 3927 3648 3981 cadendo

2058 4024 2463 4092 mactandoque
2495 4023 2731 4079 insecuti
2770 4036 2944 4091 usque
2973 4020 3041 4075 ad
3073 4020 3528 4077 Monncastannm
3555 4024 3575 4092 (
3593 4023 3655 4076 id

2058 4116 2165 4172 ioci
2199 4114 2432 4185 nomen)
2465 4121 2614 4170 sunt.
2649 4111 2816 4167 Fama
2856 4113 3103 4182 vulgaris
3148 4128 3438 4167 numerum
3496 4115 3650 4169 occi-

2062 4224 2248 4267 sornm
2283 4224 2314 4264 e
2353 4209 2559 4264 nostris
2586 4207 2654 4261 ad
2681 4207 2954 4261 ducentos
2989 4206 3209 4275 redigit.
3232 4205 3377 4260 inter
3392 4207 3653 4261 vulnera-

2064 4314 2155 4359 tos
2178 4303 2350 4357 duces
2388 4301 2608 4355 fuerunt
2634 4300 2758 4368 ipsi.
2826 4297 2983 4353 Tunc
3024 4297 3373 4355 Andronicus
3441 4300 3567 4357 citis
3619 4317 3650 4354 a

2065 4396 2335 4453 Michaele
2364 4394 2476 4449 lilio
2512 4394 2580 4449 de
2596 4407 2657 4447 re
2680 4400 2791 4447 tota
2809 4391 3041 4447 edoctus
3062 4392 3294 4457 nuntiis,
3324 4407 3451 4448 sero
3474 4392 3655 4448 doluit

2067 4491 2213 4560 quod
2248 4503 2352 4543 non
2378 4486 2562 4541 omnia
2589 4501 2712 4556 quae
2740 4486 2944 4540 vellent
3003 4484 3155 4555 large
3206 4485 3491 4555 pollicitus
3547 4482 3655 4540 Ge-

2070 4582 2374 4638 nuensibus
2412 4581 2536 4635 illos
2567 4579 2793 4633 omnino
2828 4578 2895 4632 ad
2930 4577 3149 4631 bellum
3183 4589 3374 4633 contra
3416 4578 3655 4649 Callipo-

2076 4678 2169 4731 lim
2200 4674 2614 4744 suscipiendum
2665 4672 3019 4743 perpulisset.
3080 4671 3454 4728 [intervenerat
3509 4674 3655 4727 enim

2075 4769 2325 4840 quadam
2356 4767 2480 4838 ejus
2501 4766 2557 4820 in
2594 4764 2897 4821 licitatione
2924 4763 3111 4833 petitae
3144 4764 3213 4819 ab
3259 4765 3344 4818 his
3386 4765 3659 4819 mercedis

2074 4860 2439 4934 parcimonia;
2466 4873 2575 4925 qua
2599 4855 2815 4911 sublata
2844 4857 2888 4911 si
2914 4863 3115 4925 quanta
3159 4865 3525 4926 poposcerant
3557 4872 3658 4925 pro

2074 4954 2165 5009 illa
2200 4953 2422 5007 militari
2452 4965 2616 5022 opera
2655 4950 2923 5019 stipendia
2957 4958 3211 5018 prompte
3242 4963 3306 5005 ac
3359 4949 3675 5005 liberaliter.

2068 5046 2354 5110 donasset,
2384 5043 2763 5114 capessituros
2790 5057 2887 5097 eos
2918 5042 3106 5095 statim
3132 5042 3304 5097 luisse
3352 5042 3661 5111 apparebat

2069 5141 2297 5194 arduam
2328 5137 2489 5192 istam
2546 5136 2920 5205 pellendorum
2978 5134 3229 5204 Gallipoli
3276 5135 3658 5203 Amegabaro-

2067 5244 2189 5285 rum
2215 5226 2576 5299 provinciam.
2602 5223 2760 5280 Nunc
2786 5239 2949 5279 avare
2987 5227 3371 5301 supputan‘do,
3398 5226 3659 5296 quodque

2069 5323 2253 5394 ipsum
2279 5318 2547 5375 oli‘erebat
2574 5331 2680 5372 non
2712 5318 2977 5372 continuo
3002 5318 3257 5387 expedite
3279 5326 3656 5382 numeratum,

2070 5414 2539 5488 mpraesentando,
2561 5414 2894 5469 voluntatem
2921 5412 3060 5483 ipsis
3096 5412 3227 5482 ejus
3273 5410 3659 5483 aggredienda

2072 5512 2150 5568 rei
2174 5511 2694 5579 dempserat;qnam
2728 5507 2774 5563 si
2804 5515 3126 5572 tentassent,
3160 5506 3306 5562 baud
3349 5515 3497 5560 esset
3530 5506 3657 5569 ista,

2077 5605 2144 5661 de
2172 5616 2452 5674 quantine
2481 5609 2759 5666 mmreret,
2799 5600 2987 5656 clades
3030 5607 3215 5656 secuta
3262 5597 3656 5652 Romanorum.

2078 5696 2353 5751 Petierant
2457 5692 2781 5747 Genuenses
2873 5690 3236 5759 expeditionis
3321 5688 3662 5752 Callipolim-

2080 5804 2165 5845 na:
2242 5788 2363 5843 sine
2421 5801 2574 5843 mora
2647 5787 2752 5841 ulla
2832 5786 3020 5840 subito
3122 5792 3251 5853 post
3331 5780 3661 5837 debellatum
