4046 6430
353 278 461 341 599

1573 297 1897 359 GEORGII
1936 299 2422 367 PACHYMERIE

3506 306 3617 371 600

355 407 521 492 μασιν
554 388 636 492 οἷς
657 394 919 492 Δἀπῄτουν
948 399 1426 474 ἑξικανωσάμενον
1463 411 1772 481 συμμαχεῖν
1812 409 1937 463 πεί·
1962 415 2008 470 Α
2036 413 2397 473 ἀναπαλαίειν
2424 416 2525 488 τὴν
2569 412 2742 491 ἧτταν
2792 419 3139 490 αἱρούμενος.
3174 418 3249 474 Οὐ
3295 418 3408 491 γὰρ
3464 422 3620 492 ἰσχὺς

354 482 468 537 θειν
496 485 587 538 ἐπ’
624 487 1060 564 Ἀμογαὸἀρους.
1092 497 1166 560 ὡς
1198 495 1342 567 εἰχον
1372 500 1535 562 εὐθὺς
1565 502 1930 572 ὁρμήσαντες,

353 573 472 628 ἀλλ’
503 576 653 644 ὅμως
690 579 820 648 περὶ
850 582 951 646 τὰς
979 584 1151 645 δόσεις
1186 586 1350 653 φειδὼ
1380 605 1501 641 τινα
1533 590 1625 642 καὶ¹
1654 591 1934 661 ὑπερημε-

354 671 481 741 ρίαν
533 676 912 746 ἐνδειξάμενον
964 682 1058 737 νυν
1106 684 1198 735 ἐπὶ
1242 687 1355 746 τοῖς
1408 685 1676 755 ξυμϐἅσιν
1725 687 1931 754 ἀλγεῖν.

363 763 592 818 Ἐκεῖνοι
626 769 734 837 γὰρ
769 773 825 821 ἐν
882 770 939 836 ἓξ
980 773 1212 838 χιλιάσιν
1246 775 1415 828 ἵστω-Τ
1461 778 1686 845 χρυσίου
1734 776 1794 829 τὸ
1843 776 1933 844 μία

354 855 548 925 σοωμα
582 859 835 911 ἀπελθεῖν
896 864 1149 919 συνόλους
1190 867 1282 919 καὶ
1320 866 1659 935 μαχέσασθαι
1707 868 1806 937 τὴν
1838 885 1935 920 τα-

351 948 567 1018 χίστην,
608 950 716 1002 τῶν
744 952 873 1023 περλ⁵
904 955 998 1005 τὸν
1032 958 1410 1026 Μπυριγέριον
1451 960 1549 1027 ἤδη
1588 959 1930 1019 ἑαλωκότων·

358 1040 610 1109 βασιλεὺς
636 1045 690 1096 δὲ
723 1046 961 1114 πέμπων
992 1048 1068 1116 τῷ
1102 1050 1291 1119 μέτρῳ
1327 1052 1473 1120 μόνῳ
1509 1053 1760 1106 ἐπίστευε
1797 1069 1932 1121 συμ-

353 1129 600 1199 πληροῦν
643 1132 701 1183 τὸ
746 1135 857 1187 τῶν
891 1137 1310 1206 ἀπαιτουμένων
1346 1142 1533 1194 ποσόν.
1578 1144 1663 1204 Ὠς
1704 1143 1760 1195 δὲ
1807 1144 1933 1211 στή-

355 1239 551 1289 σαντες
606 1228 801 1280 ἐκείνοι
838 1232 1021 1296 ζυγοῖς
1054 1233 1115 1284 τὸ
1158 1235 1435 1305 διδόμενον
1481 1237 1803 1306 ἐδοκίμαζον
1839 1240 1932 1292 καὶ

351 1317 489 1369 πολὺ
542 1318 603 1370 τὸ
656 1319 927 1391 ἔλλειμμα
964 1322 1052 1394 ἦν,
1101 1325 1460 1397 ἐξωργίζοντο
1500 1329 1593 1383 καὶ
1651 1331 1828 1394 ἄλλως
1875 1332 1933 1384 ἐν

354 1412 648 1482 μεταμέλῳ
700 1431 817 1478 πως
852 1416 1026 1479 ὄντες.
1080 1419 1177 1472 καὶ
1211 1423 1633 1476 ἀντεπέστελλον
1665 1424 1794 1487 τοὺς
1843 1440 1934 1493 μι-

352 1499 538 1564 σθούς.
593 1505 903 1575 Πάτροκλος
932 1509 975 1562 δ’
1021 1506 1090 1583 ἦν
1130 1513 1200 1564 τὰ
1247 1513 1585 1583 ἐλλείμματα
1621 1516 1929 1585 πρόφασιςο

358 1594 435 1654 ὡς
474 1597 585 1665 γὰρ
638 1599 732 1655 καὶ
765 1601 938 1655 ταῦτα
975 1602 1229 1672 βασιλεὺς
1275 1608 1515 1678 ἐπλήρου
1569 1613 1663 1662 καὶ
1694 1611 1933 1678 πέμπων

350 1685 678 1759 ἐξώτρυνεν,
710 1693 758 1744 ai
803 1693 858 1747 δὲ
898 1696 1008 1751 ἀπὸ
1057 1699 1149 1751 τοῦ
1194 1699 1353 1768 λόγου
1393 1702 1502 1757 τῶν
1551 1702 1933 1774 βουλευμάτων

351 1782 725 1850 κρουσάμενοι
769 1786 905 1851 ἰδίας
954 1788 1274 1861 προῦτεινον
1321 1770 1617 1863 ἐμπορίας,
1649 1770 1758 1848 καὶ-
1790 1795 1927 1866 πρὸς
1965 1770 2008 1825 Β

349 1873 543 1939 αὐταῖς
571 1871 714 1949 ἦσαν
771 1880 996 1947 εὐθέως,
1033 1884 1130 1937 καὶ
1182 1885 1592 1954 ἀπηλλάττοντο
1636 1887 1737 1951 τὴν
1776 1889 1930 1958 τακε-

351 1984 507 2039 στην.
527 1969 585 2024 Ὀ
615 1971 671 2025 δέ
706 1972 963 2043 βασιλεὺς
982 1975 1210 2031 τοιαῦτα
1241 1977 1430 2046 μαθὼν
1458 1981 1570 2042 τοῖς
1600 1979 1750 2041 ἰδίοις
1783 1995 1929 2049 παρ-

350 2057 586 2119 έδαλετὰ
674 2063 1005 2136 μισθώματα
1088 2069 1184 2122 καὶ
1247 2071 1495 2141 τριήρεις
1596 2071 1927 2145 ἐξηρτύετο,

352 2240 515 2315 555
568 2253 625 2298 et
676 2254 893 2315 captam
959 2246 1276 2319 Mpyrigerii
1333 2249 1567 2307 classem
1617 2249 1931 2307 adoriendte

356 2335 596 2404 pretium
638 2352 734 2392 sex
762 2340 936 2395 millia
971 2357 1347 2397 nummorum.
1408 2344 1709 2413 lmpe‘rator
1764 2358 1932 2414 pecu-

357 2429 466 2485 nite
499 2430 573 2485 ad
615 2444 737 2486 eam
780 2433 1117 2489 solutionem
1170 2436 1397 2507 signatae
1435 2450 1688 2507 parcens,
1732 2451 1929 2491 aurum

354 2518 622 2578 infectum
654 2522 778 2580 loco
802 2535 1037 2582 moneta?
1059 2528 1123 2583 ad
1152 2527 1303 2597 ipsos
1344 2528 1592 2595 miserat,
1626 2542 1759 2583 cura
1812 2528 1933 2584 suis

354 2612 484 2669 data
511 2622 572 2669 ut
604 2616 891 2686 explorato
914 2633 1029 2687 per
1075 2629 1339 2674 stateram
1363 2620 1748 2689 aestimatoque
1801 2635 1936 2689 pon-

351 2706 483 2763 dere
513 2723 791 2769 summam
819 2710 959 2780 ipsis
995 2711 1155 2767 istam
1207 2713 1566 2769 conﬁcerent.
1619 2713 1677 2768 ld
1722 2713 1931 2769 lentum

350 2801 670 2872 pensitantli
700 2819 764 2860 ac
811 2806 1147 2875 supputandi
1184 2807 1314 2861 dum
1370 2807 1651 2874 negotium
1703 2807 1936 2863 alterca-

348 2893 619 2953 tiunculis
649 2898 912 2964 trahitur,
940 2899 1185 2967 dumque
1216 2899 1298 2954 illi
1327 2909 1639 2970 queruntur
1663 2899 1756 2954 tali
1787 2914 1936 2953 com-

350 2990 660 3045 mutatione
689 3001 925 3046 moneta:
954 2992 1009 3046 in
1043 3007 1282 3048 massam
1327 2992 1477 3047 haud
1532 2993 1639 3047 levi
1688 2992 1936 3047 intertri-

350 3087 543 3135 mento
578 3081 835 3136 contrahi
876 3081 986 3137 sibi
1031 3082 1270 3137 fructum
1330 3079 1584 3154 pecuniae
1624 3084 1933 3152 promissae,

351 3170 525 3227 otium
559 3171 774 3228 scilicet
827 3173 935 3227 alia
997 3174 1277 3244 cogitandi
1319 3176 1599 3239 habuere;
1641 3190 1706 3230 ac
1745 3190 1939 3245 sugge-

353 3264 609 3329 rentibus
633 3266 920 3322 contraria
953 3265 1269 3325 fautoribus
1292 3266 1682 3324 Catelanorum
1717 3278 1774 3322 ut
1803 3268 1939 3323 faci-

353 3355 524 3419 liores
559 3371 831 3425 persuasu
857 3367 1068 3424 essent,
1100 3360 1577 3430 indignationeola
1605 3360 1784 3415 eﬂecit
1815 3360 1935 3429 ipsa

352 3450 447 3506 illa
471 3468 579 3522 qua
604 3453 970 3509 movebantur
995 3468 1026 3508 e
1063 3451 1432 3508 diminutione
1456 3453 1661 3524 sperati
1698 3453 1933 3522 praemii.

357 3547 696 3605 Pmnitentes
726 3547 897 3618 igitur
922 3554 1163 3603 ostensa:
1199 3546 1504 3602 voluntatis
1543 3556 1826 3617 portatum
1865 3547 1931 3602 ad
1972 3606 1985 3617 ,

353 3654 416 3696 se
454 3640 727 3695 mercedis
752 3640 979 3694 nomine
1001 3654 1195 3694 aurum
1227 3640 1550 3710 imperatori
1583 3641 1935 3696 remiserunt.

357 3732 662 3787 Praetextus
693 3742 874 3785 autem
905 3745 1095 3786 merus
1116 3731 1218 3785 fuit
1242 3731 1347 3786 ista
1372 3746 1532 3802 quam
1565 3734 1952 3788 causabantur.

353 3840 422 3880 ex
481 3824 788 3897 mutatione
842 3831 1076 3878 moneta:
1136 3823 1189 3876 iu
1245 3839 1481 3878 massam
1534 3839 1828 3894 emergens.
1882 3824 1935 3877 iu

354 3916 619 3973 damnum
646 3930 836 3970 eorum
863 3914 1098 3985 jactura.
1132 3915 1272 3969 Nam
1298 3915 1449 3971 istud
1476 3916 1745 3985 quidquid
1793 3914 1939 3970 foret

352 4009 673 4067 detrimenti
725 4018 1213 4079 compensaturum
1279 4024 1339 4065 se
1384 4011 1607 4065 aliunde
1648 4010 1936 4079 Augustus

350 4103 584 4174 recepit.
611 4102 871 4171 Misitque
901 4101 1040 4156 adeo
1088 4102 1183 4171 qui
1224 4102 1672 4171 supplementum
1717 4101 1823 4155 hoc
1856 4116 1942 4155 re-

350 4203 752 4264 praesentarent
811 4202 867 4248 et
922 4193 1202 4260 negotium
1263 4192 1642 4257 absolverent,
1699 4191 1939 4247 remoris

352 4289 614 4349 omnibus
639 4287 913 4358 abruptis.
948 4285 1038 4345 At.
1071 4294 1133 4340 ut
1159 4285 1295 4341 dixi.
1334 4297 1522 4338 serum
1567 4283 1620 4337 id
1650 4282 1774 4348 fuit,
1826 4283 1938 4339 illis

350 4384 466 4454 jam
495 4381 751 4447 alienatis
781 4390 836 4434 et
865 4380 925 4435 in
958 4379 1181 4435 diversa,
1203 4376 1436 4430 consilia
1491 4374 1740 4430 deﬂexis.
1791 4375 1936 4443 Ergo

357 4489 463 4533 sua
517 4475 884 4535 obtendentes
930 4470 1294 4527 mercimonia
1323 4509 1340 4532 .
1405 4484 1640 4541 quorum
1690 4471 1936 4526 rationes

356 4584 629 4628 maturam
706 4573 959 4640 ipsorum
1019 4568 1330 4634 ﬂagitarent
1401 4566 1797 4633 profectionem
1870 4568 1938 4623 ad

352 4668 568 4733 Lazos,
614 4680 813 4722 vacare
852 4677 1003 4717 nunc
1054 4662 1163 4717 sibi
1204 4661 1330 4716 aliis
1374 4662 1654 4717 attendere
1703 4663 1934 4731 praecise

354 4770 653 4833 negarunt,
679 4756 1083 4824 confestimque
1116 4753 1418 4810 solverunt.
1461 4754 1582 4820 Quo
1628 4757 1931 4825 imperator

357 4861 670 4926 comperto,
708 4852 763 4905 in
796 4863 930 4909 suos
969 4847 1207 4903 Romani
1236 4849 1456 4919 generis
1506 4850 1783 4912 destinata
1826 4849 1933 4904 Ge-

356 4947 665 5005 nuensibus
693 4941 973 5013 stipendia
995 4940 1285 5011 impendit,
1319 4942 1579 4996 triremes
1601 4955 1932 5010 comparans

357 5052 590 5110 quarum
647 5050 752 5104 ope
812 5033 1073 5088 damnum
1133 5032 1306 5087 eladis
1338 5041 1577 5101 acceptae
1626 5040 1928 5101 repararet.

351 5136 478 5192 Non
499 5132 649 5190 enim
699 5143 927 5185 summa
989 5125 1211 5198 imperii
1257 5127 1340 5182 vis
1395 5140 1461 5179 ac
1508 5125 1677 5179 robur
1717 5124 1932 5191 deerat,

353 5228 452 5285 sed
483 5240 609 5281 cum
636 5224 841 5279 valeret
861 5222 1182 5292 vigeretque
1202 5219 1364 5291 qttasi
1397 5227 1562 5287 caput
1587 5218 1930 5286 reipublicaz.

356 5335 560 5379 manus
611 5326 666 5372 et
720 5317 999 5371 actionum
1050 5324 1187 5370 tunc
1236 5313 1673 5368 necessariarum
1730 5313 1936 5368 instru—

353 5422 538 5472 menta
587 5411 958 5481 languebant,
1005 5408 1275 5477 infirmae,
1334 5406 1594 5475 inquam,
1663 5407 1933 5463 militares

353 5509 727 5571 Romanorum
761 5504 959 5575 copim,
996 5516 1115 5570 quas
1172 5499 1324 5554 velut
1381 5514 1581 5569 corpus
1632 5499 1929 5564 faciebant,

353 5601 442 5659 cui
479 5610 599 5655 erat
627 5598 749 5652 vice
777 5596 973 5649 animae
1009 5600 1250 5662 potestas
1277 5591 1602 5661 imperantis
1634 5590 1925 5661 principis,

354 5688 727 5759 nequidquam
766 5683 881 5752 ipsa
920 5695 1157 5750 operans
1205 5687 1259 5734 et
1323 5690 1601 5749 satagens,
1651 5680 1779 5735 dum
1831 5695 1928 5734 co-

360 5791 520 5843 natus
559 5779 707 5836 illius
733 5790 927 5833 omnes
960 5775 1333 5833 membrorum
1367 5774 1686 5845 reipublicae
1735 5773 1925 5844 praeci-

2041 504 2378 562 ἐπιλελοίπει
2415 512 2479 581 τῇ
2511 509 2783 583 βασιλείᾳ,
2815 510 2953 564 ἀλλὰ
2982 511 3041 565 τὸ
3071 513 3170 582 τῆς
3201 513 3377 583 ἀρχῆς
3412 513 3620 568 τέλειον

2039 593 2134 667 ἦν,
2167 598 2271 652 κᾶν
2319 600 2580 669 ἠσθένουν
2624 604 2693 655 τὰ
2737 602 2944 671 δργανα
2980 603 3074 657 καὶ
3117 603 3329 666 ἀτελεῖς
3364 606 3421 659 at
3463 603 3621 673 λόγον

2043 690 2263 759 ἔχουσαι
2294 690 2546 761 σώματος
2575 694 2969 762 στρατιωτικαὶ
3011 694 3290 764 δυνάμεις,
3331 695 3431 764 τῆς
3469 694 3625 765 βασι-

2042 782 2191 843 λείας
2216 782 2372 850 λόγον
2422 783 2655 854 ἐχούσης
2682 785 2880 856 ψυχῆς,
2914 786 3013 855 τῆς
3057 785 3621 857 ἐπεισπεσοὺσηςγαῦ-

2040 876 2161 937 ταῖς
2186 875 2398 938 ἐνδείας
2447 876 2762 944 ἐφαίνοντοο
2798 877 2929 947 παρ’
2979 877 3045 947 ἦν
3080 875 3260 931 αἰτίαν
3310 878 3403 930 καὶ
3442 894 3619 947 παρε-

2041 968 2272 1038 φέροντο
2308 968 2416 1021 κὰκ
2443 969 2644 1038 μικρᾶς
2666 970 2933 1038 κινήσεως
2959 964 3104 1038 εἶχον
3133 967 3448 1037 σφαδάζειν.
3477 970 3619 1022 κατὰ

2039 1057 2199 1125 λόγον
2259 1058 2494 1127 νεογνῶν
2539 1057 2719 1122 ζώων,
2767 1058 2805 1113 ἃ
2852 1059 2916 1129 δὴ
2954 1058 3165 1121 τελείας
3207 1057 3376 1128 οὓσης
3417 1059 3518 1128 τῆς
3560 1061 3620 1111 ἐν

2040 1152 2229 1212 αὐτοῖς
2277 1150 2458 1220 ψυχῆς
2499 1150 2666 1218 ἀτελῆ
2713 1151 2784 1202 τὰ
2838 1151 3046 1220 ὄργανα
3082 1153 3319 1222 φέροντα
3378 1150 3477 1217 τὴν
3519 1150 3621 1221 μὲν

2040 1242 2254 1310 κίνησιν
2311 1242 2528 1304 πάντως
2576 1241 2873 1296 ἐνδεικνῖηι
2926 1243 3021 1297 καὶ
3050 1242 3150 1312 τὴν
3199 1242 3294 1297 τοῦ
3343 1242 3621 1307 κινοῦντος

2041 1331 2326 1400 ἐνέργειαν
2356 1332 2772 1401 παριστὰνουσι,
2801 1333 2871 1385 τὰ
2891 1333 2949 1385 δὲ
2973 1333 3196 1395 είκαίως
3221 1334 3315 1385 καὶ
3336 1332 3412 1395 ὡς
3434 1333 3618 1404 ἔχουσι

2040 1425 2300 1494 φέρονται
2345 1425 2441 1478 καὶ
2488 1424 2942 1496 παραϐολώτερον
2994 1425 3237 1497 ᾄττουσι.
3283 1426 3393 1480 Καὶ
3444 1426 3620 1482 ταῦτά

2040 1520 2146 1570 εἰσι
2180 1516 2248 1570 τὰ
2282 1516 2554 1587 λεγόμενα
2602 1519 2849 1583 παίγνια,
2901 1516 3084 1589 ψυχῆς
3115 1518 3329 1581 τελείας
3368 1517 3620 1587 ἐνέργεια

2039 1607 2098 1659 ἐν
2125 1607 2188 1660 οὐ
2219 1606 2443 1670 τελείοις
2470 1609 2588 1670 τοῖς
2620 1607 2861 1660 σκεύεσι.

2040 1714 2143 1772 λα’.
2176 1717 2517 1787 Anum-opqu
2543 1719 2651 1771 τοῦ
2678 1717 2986 1785 βασιλέως
3018 1718 3148 1788 περὶ
3181 1719 3291 1788 τῆς
3322 1718 3431 1774 τοῦ
3461 1718 3618 1774 λαοῦ

2437 1788 2692 1855 ἀταξίας
2716 1790 2816 1845 καὶ
2845 1790 2981 1856 περὶ
3010 1791 3225 1858 ὅρκων.

2107 1877 2199 1950 Τῷ
2229 1897 2312 1934 τοι
2352 1882 2451 1933 καὶ
2481 1882 2698 1952 πρῶτον
2727 1882 2863 1944 τέως
2892 1883 3071 1953 ὁρμὴν
3111 1882 3237 1941 ἰδὼν
3267 1882 3616 1937 ἀτακτοῦσαν

2037 1970 2171 2024 λαοῦ
2228 1973 2309 2036 είς
2354 1975 2759 2044 νεωτερισμοὺς
2806 1975 3248 2047 ἐξεγειρομένην,
3282 1976 3349 2047 ἦν
3396 1992 3485 2039 τις
3525 1976 3621 2028 καὶ

2036 2062 2302 2135 ἀμηγέπη
2340 2069 2695 2136 παρακινοίη,
2722 2068 2933 2135 εἰσάγει
2967 2069 3067 2138 μὲν
3098 2068 3193 2121 καὶ
3224 2066 3620 2137 στρατιωτικὸν

2040 2256 2279 2312 puerum
2339 2243 2596 2300 debilitas
2658 2254 2713 2301 et
2777 2244 3021 2303 defectus
3085 2244 3351 2303 reddebat
3406 2246 3619 2302 irritos.

2040 2335 2307 2392 Debilitas
2334 2346 2515 2392 autem
2550 2340 2843 2408 apparebat
2873 2340 3002 2400 ista.
3053 2340 3144 2396 ubi
3177 2355 3535 2396 commovere
3561 2354 3622 2396 se

2042 2426 2384 2497 inciperent:
2419 2429 2609 2485 statim
2667 2431 2811 2485 enim
2864 2432 3007 2487 sicut
3059 2432 3389 2491 animalcula
3441 2433 3622 2488 aetatis

2041 2523 2266 2583 tenerae,
2300 2534 2550 2590 gressum
2592 2529 2719 2576 ante
2752 2520 2919 2593 546
2949 2522 3092 2579 vires
3119 2522 3301 2579 moliri
3336 2524 3619 2589 audentia,

2042 2611 2429 2666 concidebant.
2467 2614 2645 2684 Atque
2676 2622 2735 2669 ut
2790 2616 2844 2668 in
2892 2616 3042 2671 hisee
3072 2631 3267 2673 recens
3316 2620 3463 2675 natis
3496 2621 3620 2676 aui—

2044 2705 2324 2762 mantibus
2369 2722 2437 2762 ex
2475 2718 2623 2763 motu
2654 2710 3026 2780 qualicunque
3058 2711 3153 2767 illo
3193 2712 3472 2769 imbecillo
3522 2728 3612 2769 ar:
3684 2740 3697 2743 θ

2043 2809 2362 2867 gumentum
2392 2802 2615 2869 quidem
2642 2810 2850 2857 certum
2882 2805 3117 2860 sumitur
3140 2804 3329 2860 indita:
3378 2806 3514 2876 ipsis
3563 2815 3621 2862 et

2045 2892 2263 2958 penitus
2292 2892 2583 2948 insidentis
2616 2896 2834 2962 animm,
2875 2897 2993 2952 suis
3054 2899 3295 2966 praeditas
3337 2898 3620 2954 facultati-

2045 2982 2168 3047 bus,
2196 2984 2292 3039 sed
2317 3001 2550 3054 quarum
2574 2986 3006 3043 exercendarum
3027 2989 3412 3047 instrumentis
3438 2990 3620 3046 adhuc

2045 3073 2365 3130 destituitur
2416 3077 2488 3132 ob
2540 3076 2742 3134 ﬂuxam
2826 3080 3110 3136 mollitiem
3160 3082 3400 3138 nondum
3450 3086 3619 3139 robo-

2044 3178 2292 3223 ratorum
2328 3169 2672 3226 incremento
2709 3171 2898 3227 debito
2934 3180 3181 3239 artuum,
3217 3174 3289 3228 ita
3347 3175 3624 3246 intellige-

2041 3260 2239 3316 bamus
2271 3275 2373 3316 nos
2397 3276 2530 3317 sane
2551 3276 2616 3317 ex
2650 3271 2798 3319 motu
2822 3271 3063 3336 aetoque
3089 3265 3144 3320 in
3177 3268 3329 3321 varia
3355 3267 3616 3324 micantis

2040 3366 2237 3407 exorsa
2282 3351 2551 3422 principis
2579 3353 2813 3410 subesse
2842 3356 3035 3426 utique
3069 3356 3323 3426 spiritum
3348 3358 3615 3428 imperio:
3682 3394 3687 3397 -

2039 3453 2301 3499 caeterum
2354 3446 2712 3504 exsecutione
2776 3456 2927 3503 recte
2987 3450 3434 3519 praescriptorum
3483 3452 3620 3508 vitio

2040 3535 2280 3592 invalide
2311 3537 2732 3607 obsequentium
2775 3551 3034 3608 corrupta
3099 3540 3501 3607 ministrorum,
3531 3555 3624 3596 res

2039 3644 2251 3684 summa
2316 3630 2686 3686 nihilominus
2735 3631 2791 3686 in
2825 3631 3095 3702 praecipiti
3144 3633 3442 3703 pendebat,
3480 3635 3623 3691 nihil

2037 3720 2279 3775 efficacis
2317 3720 2548 3775 remedii
2579 3721 2738 3777 malis
2771 3722 3069 3778 adhibente
3100 3725 3342 3793 publicis
3396 3725 3492 3782 illa
3544 3728 3625 3782 in.

2037 3813 2193 3867 firma
2274 3812 2432 3880 quasi
2512 3812 2871 3883 palpitatione
2944 3817 3224 3871 enervium
3306 3818 3624 3888 reipublicae

2040 3904 2443 3969 membrorum,
2476 3921 2596 3974 qua:
2633 3906 2727 3961 illo
2763 3906 3034 3964 titubante
3081 3909 3428 3979 lapsabunde
3459 3919 3617 3967 motu

2037 4012 2289 4066 gressum
2316 3997 2600 4053 molientia
2634 3999 2872 4070 singulis
2901 4002 3063 4072 quasi
3109 4002 3457 4059 oﬂ'ensabaut
3491 4020 3622 4076 pas-

2037 4089 2519 4160 sibus,.nihilque
2578 4093 2683 4147 nisi
2754 4093 2926 4149 risum
2987 4087 3241 4152 hostibus
3288 4099 3621 4167 movebant;

2037 4184 2243 4253 quippe
2318 4184 2749 4239 cursitationum
2832 4195 2927 4241 aut
2996 4187 3408 4246 aﬂectationum
3477 4192 3625 4247 serio

2038 4275 2237 4344 agendi
2280 4266 2616 4332 tentatarum
2648 4292 2677 4329 a
2718 4279 2962 4347 parvulis
3010 4281 3213 4336 similia
3245 4298 3437 4338 earum
3483 4299 3619 4353 quas

2041 4369 2253 4440 paagnia
2279 4370 2538 4436 dicimus,
2571 4369 2678 4425 hoc
2706 4379 2793 4425 est
2831 4371 3048 4428 ludicra
3091 4376 3353 4442 puerilia,
3405 4386 3633 4447 specta-.

2043 4465 2167 4519 cula
2197 4463 2284 4518 sui
2314 4463 2558 4517 ludibrio
2605 4463 2781 4519 visum
2834 4464 3189 4534 ohlectautia,
3221 4469 3350 4523 dum
3406 4469 3623 4537 incepta

2045 4571 2185 4610 vana
2212 4554 2495 4616 exhibent,
2536 4570 2637 4610 nec
2689 4554 2994 4624 quidquam
3053 4559 3353 4629 satagentis
3403 4562 3628 4632 Operari

2045 4649 2245 4705 anima:
2273 4646 2530 4718 perfectae
2559 4648 2613 4702 in
2642 4648 2864 4718 organis
2908 4649 3263 4720 imperfectis.

2042 4765 2133 4821 51.
2171 4763 2367 4820 Coneio
2423 4762 2763 4830 imperatoris
2819 4761 2884 4818 de
2924 4764 3105 4830 populi
3163 4783 3274 4822 sese
3323 4770 3630 4827 inordinate

2114 4833 2484 4910 commorantis
2504 4832 2910 4910 _t'mnwdest_t'a,_
2945 4834 3109 4905 deque
3140 4838 3245 4906 ﬁde
3278 4840 3333 4894 in
3361 4842 3628 4910 principes

2118 4921 2247 4959 novo
2275 4904 2461 4957 civium
2485 4902 2841 4971 jurejurando
2872 4902 3113 4972 ﬁrmata.

2116 5013 2261 5066 Ante
2328 5011 2510 5065 omnia
2552 5012 2905 5080 conspicatus
2963 5014 3266 5084 imperator
3326 5019 3627 5077 excitatum

2044 5105 2101 5173 in
2139 5105 2390 5158 eﬂrzenes
2434 5117 2607 5157 ausus
2639 5105 2899 5173 impetum
2937 5108 3147 5177 populi,
3181 5109 3263 5164 sic
3319 5121 3435 5166 tttm
3480 5128 3630 5169 com-

2042 5207 2216 5275 parati
2254 5212 2338 5271 ut,
2388 5205 2641 5274 quisquis
2671 5204 2728 5258 in
2782 5218 3012 5273 pravum
3071 5212 3267 5259 auctor
3299 5204 3625 5276 impelleret,

2039 5299 2335 5355 additurus
2369 5313 2436 5353 eo
2466 5312 2588 5354 sese
2617 5297 2760 5351 haud
2790 5296 3125 5351 reluctanter
3154 5297 3459 5361 videretur,
3486 5314 3625 5368 prat-

2039 5393 2321 5448 vertendis
2358 5391 2702 5445 novitatibus
2726 5400 3098 5460 opportunum
3141 5390 3414 5460 judicavit
3476 5392 3626 5446 mili-

2040 5496 2191 5541 tares
2219 5484 2408 5554 copias
2468 5483 2522 5536 in
2582 5484 2771 5539 urbem
2813 5484 3094 5539 inducere.
3156 5481 3263 5537 Sed
3315 5493 3371 5538 et
3427 5493 3626 5554 praeter

2040 5579 2187 5637 istud
2216 5579 2374 5649 quasi
2412 5576 2643 5632 fraznum
2687 5577 2913 5647 plebeiae
2944 5576 3179 5631 inditum
3235 5578 3621 5641 contumaciae,

2038 5674 2304 5729 Kalendis
2350 5672 2489 5742 ipsis
2544 5670 2716 5734 Junii,
2777 5685 2899 5738 quae
2956 5679 3177 5740 postera
3238 5671 3418 5726 illuxit
3442 5671 3621 5726 diesa

2033 5764 2315 5823 debellatis
2351 5779 2446 5836 per
2475 5761 2796 5819 Genuenses
2828 5760 3213 5830 AmOgabaris,
3255 5759 3449 5831 primis
3482 5776 3617 5827 con-
