4046 6386
314 327 411 391 (illi

1273 323 1369 383 DE
1411 323 1862 383 ANDRONICO
1899 324 2361 389 PAL/EOLOGO
2400 327 2545 387 ΠΒ.
2588 326 2688 389 VI.

3482 313 3591 376 602

310 438 393 501 εἷς
420 452 548 489 τινα
589 430 752 506 δῆθεν
785 432 1109 505 ἀναστολὴν,
1146 433 1298 504 ὅμως
1339 434 1395 486 δὲ
1446 433 1539 487 καὶ
1572 433 1904 502 Μαιμακτη-
1928 438 1978 494 Α
2007 437 2233 503 ἀταξίαν
2281 439 2653 510 ἀνείργοντας,
2684 414 2810 489 καθ’
2838 434 2904 504 ἢν
2946 429 3131 485 πολλοὶ
3174 427 3478 499 δυσχερῶς,
3509 429 3603 491 ὼς,

316 528 510 601 ριῶνος
543 526 738 599 πρώτῃ
791 527 852 579 τὸ
893 524 1175 595 πρωτεῦον
1224 525 1328 594 τῆς
1392 524 1669 587 πολιτείας
1737 542 1900 596 συνη-

316 618 549 693 Θροικὼς
581 621 798 690 μακρὰν
824 618 1106 673 κατέτεινε
1139 618 1510 689 δημηγορίαν,
1535 619 1602 671 τὰ
1633 618 1762 689 περὶ
1790 618 1900 670 τῶν

313 712 647 767 Κατελάνων
688 708 1153 780 ἀπολογούμενος,
1206 710 1307 763 καὶ
1353 709 1429 773 ὡς
1463 707 1901 779 ὲξησθενηκυιῶν

315 806 423 859 τῶν
452 805 781 874 Ῥωμαϊκῶν
798 806 1084 874 δυνάμεων
1112 804 1296 872 ξένους
1323 802 1904 872 ἀνακαλεῖσθαιάναγ-

316 898 548 969 κασθείη
593 898 753 952 τοῦτο
805 898 904 967 μὲν
966 898 1248 960 ’Δλανοὺς.
1298 895 1458 950 τοῦτο
1515 896 1572 950 δὲ
1638 895 1900 961 Ἰταλοὺς,

316 992 411 1045 καὶ
439 990 516 1053 ὡς
564 990 687 1043 οὐδὲ
724 991 884 1060 μόνος
933 990 1029 1045 καὶ
1071 989 1290 1059 πρῶτος
1334 989 1444 1042 τῶν
1480 988 1646 1053 ξένων
1695 987 1905 1054 δέξαιτό
1950 995 1957 1001 ’

314 1099 439 1135 τινα
465 1082 560 1134 καὶ
588 1082 894 1153 τιμήσειεν,
921 1080 1057 1134 ἀλλά
1082 1081 1174 1134 καὶ
1212 1081 1465 1150 Ἰωάννης
1487 1081 1514 1131 ὁ
1538 1078 1747 1141 Δούκας
1773 1078 1905 1131 Γου-

317 1173 537 1242 λίελμόν
578 1190 702 1227 τινα
750 1173 1210 1248 προσλαϐόμενος,
1251 1170 1337 1224 ἐπ’
1372 1172 1552 1236 ἀξίαις
1608 1171 1730 1223 ἵστα
1769 1168 1904 1223 Ῥω-

321 1266 568 1335 μαῖκαῖς,
618 1266 714 1317 καὶ
762 1267 788 1317 ὁ
819 1264 905 1336 [Ρ.
933 1263 1062 1336 ⁸530]
1106 1262 1288 1334 πατὴρ
1324 1262 1491 1317 αὑτοῦ
1544 1262 1634 1316 τὸν
1674 1260 1906 1331 Ἰκάριον

316 1352 397 1423 τῷ
429 1354 876 1424 μεγαλοδουκικῷ
907 1354 1205 1425 τετίμηκεν
1234 1353 1533 1423 ἀξιώματι,
1565 1353 1661 1405 καὶ
1689 1353 1765 1415 ὡς
1793 1351 1902 1404 οὐδ’

318 1445 482 1508 αὐτὸς
511 1447 698 1516 ἀνίησι
752 1445 1000 1500 σπεύδων
1030 1446 1124 1498 ἐπὶ
1153 1445 1230 1514 τῷ
1264 1444 1372 1507 σῶς
1399 1437 1540 1498 εἶναι
1580 1442 1903 1513 Ῥωμαίους,

317 1539 367 1591 εί
410 1537 507 1591 καὶ
540 1538 685 1591 θεῖον
728 1539 945 1608 μήνιμα
1001 1538 1100 1599 τὰς
1148 1538 1330 1606 ἡμῶν,
1390 1535 1574 1606 φησὶν,
1630 1535 1906 1606 ἁμαρτίας

322 1632 672 1703 μετέρχεται,
712 1633 808 1685 καὶ
844 1632 920 1696 ὡς
944 1631 1231 1703 ἡγεμόνων
1258 1631 1329 1684 τὰ
1357 1631 1588 1684 πλεῖστα
1640 1629 1905 1698 κακότητι

318 1726 685 1797 παραπόλωλε
716 1727 788 1780 τά
822 1728 997 1782 πολλά
1043 1728 1411 1798 ἀμελούντων.
1451 1728 1561 1780 Καὶ
1592 1726 1756 1789 πόλλζ
1770 1726 1907 1781 ἄττα

320 1821 636 1889 συνυφάνας
683 1820 934 1886 τοιαῦτα,
975 1819 1130 1881 τέλος
1175 1818 1264 1888 ἐφ’
1292 1819 1526 1888 ἡσυχίας
1573 1818 1671 1889 μὲν
1709 1819 1907 1878 αὐτοὺς

317 1912 529 1980 διάγειν
563 1915 836 1967 ἐπέταττε
876 1913 970 1966 καὶ
1004 1915 1115 1976 τοῖς
1147 1912 1329 1982 ἔργοις
1383 1911 1675 1982 προσέχειν
1703 1910 1798 1964 καὶ
1835 1910 1909 1980 μὴ

318 2003 828 2075 πολυπραγμονεῖν,
858 2005 1043 2070 ἀξίους
1078 2004 1239 2072 μόνον
1281 2004 1509 2066 ἑαυτοὺς
1548 2004 1908 2068 καθιστάντας

317 2097 408 2168 ἐφ’
453 2099 577 2153 ὅσον
605 2099 852 2165 δυνατὸν,
880 2098 1032 2170 αύτῷ
1059 2097 1116 2151 δὲ
1146 2099 1240 2150 καὶ
1272 2099 1387 2158 τοῖς
1423 2096 1592 2150 αὐτοῦ
1620 2098 1690 2150 τά
1731 2097 1911 2167 πράγο

323 2207 471 2261 ματα
531 2191 949 2263 ἐπιτρέποντας,
982 2189 1085 2245 κάν
1140 2207 1243 2244 που
1284 2190 1379 2243 καὶ
1418 2187 1774 2259 θορυϐηθείη,
1807 2186 1908 2259 τήν

320 2373 533 2427 vocatis
575 2370 775 2427 civium
822 2370 1045 2441 longam
1089 2367 1359 2440 explicuit
1402 2368 1733 2430 oralionem,
1787 2375 1909 2425 acta

319 2480 445 2521 cum
479 2463 758 2519 Catalenis
805 2478 1083 2519 excusans
1114 2478 1232 2524 sua.
1266 2461 1768 2531 demonstransque
1827 2461 1912 2516 ul-

324 2559 458 2615 tima
493 2574 553 2615 se
584 2558 838 2612 adactum
870 2557 1224 2622 necessitate,
1250 2555 1322 2610 ob
1356 2555 1613 2611 redactas
1635 2555 1690 2610 in
1723 2562 1908 2610 extre-

324 2664 472 2704 mam
509 2648 882 2703 infirmitatem
922 2648 1204 2702 Romanas
1234 2636 1451 2717 copias,
1513 2656 1660 2703 recte
1689 2661 1754 2702 ac
1780 2662 1910 2717 pru-

322 2739 515 2795 denter
551 2739 874 2810 (utcunque
924 2740 1071 2793 bono
1135 2737 1367 2793 consilio
1404 2737 1551 2792 haud
1587 2751 1687 2806 par
1730 2737 1911 2793 exitus

323 2832 719 2903 responderit)
774 2839 979 2885 exterae
1029 2830 1409 2900 supplementa
1466 2828 1676 2882 militia:
1714 2827 1913 2895 quaesi—

320 2925 490 2990 visse,
533 2924 783 2979 mercede
835 2921 1210 2978 conducendis
1254 2920 1623 2975 auxiliaribus
1671 2920 1909 2990 primum

321 3015 644 3076 Alanorum,
676 3013 876 3069 deinde
895 3014 1186 3068 Italorum.
1218 3011 1407 3079 Neque
1434 3010 1488 3064 id
1514 3024 1573 3066 se
1602 3009 1778 3063 solum
1814 3018 1910 3062 aut

2004 532 2098 583 καὶ
2131 530 2357 593 ἑαυτοὺς
2404 529 2550 599 ἔχειν
2587 528 2809 590 εἰδέναι,
2838 525 2983 578 κατά
3018 521 3306 593 διαφόρους
3361 521 3589 589 καιροὺς

2004 620 2405 692 ἀπηλλάχασιν,
2461 621 2537 683 ὡς
2594 618 2851 690 μεγίστου
2901 615 3144 685 πολέμου
3193 613 3290 680 τῆς
3350 611 3591 673 στάσεως

2004 714 2174 783 οὔσης
2207 715 2307 783 τῆς
2339 716 2397 769 ὲν
2434 716 2557 777 ταῖς
2588 712 2795 775 πόλεσι,
2828 709 2953 763 καθ’
2982 709 3048 779 ἣν
3096 708 3264 763 οὐκ...
3297 705 3387 758 καὶ
3419 720 3595 773 πραγ-

2007 807 2217 878 μάτων,
2262 807 2377 859 ὰλλ’
2426 806 2650 876 εἰρήνης
2682 803 2823 856 εἶναι
2861 803 2956 856 καὶ
3004 799 3258 869 ὁμονοίας
3300 788 3591 869 ζημίαν,ᾖ

2004 899 2075 951 τά
2107 901 2286 953 πάντα
2338 897 2679 966 συγχέονται.
2730 894 2817 957 Ὠς
2841 893 2951 965 γὰρ
2990 892 3051 944 τὸ
3090 890 3182 958 ὑφ’
3215 890 3429 950 ἑαυτοῖς
3466 887 3591 951 ἐξα-

2008 990 2285 1046 πατᾶσθαι
2319 990 2538 1044 πάντων
2568 989 2843 1059 χείριστον
2865 985 2952 1040 διὰ
2983 985 3044 1038 τὸ
3074 983 3333 1037 stabo"...
3360 979 3595 1049 σμικρὸν

2006 1083 2357 1140 ἀποστατεῖν,
2390 1080 2506 1133 ἀλλ’
2546 1080 2636 1133 ἀεὶ
2676 1079 2929 1149 παρεῖναι
2962 1076 3053 1127 τὸν
3104 1071 3468 1139 ἐξαπατῶντα
3500 1070 3596 1123 καὶ⁴

2008 1174 2232 1237 πειθοῦς
2279 1175 2548 1243 ἀνάγκαις
2588 1169 3057 1239 δουλαγωγεῖσθαι
3096 1166 3187 1219 τὸν
3236 1162 3596 1233 ἐξαπατώμε-

2008 1286 2120 1333 νον,
2175 1267 2318 1321 οὖτω
2366 1267 2463 1320 καὶ
2510 1266 2574 1318 τὸ
2616 1264 2708 1334 ὑφ’
2761 1264 2974 1326 ἑαυτοῖς
3028 1259 3385 1328 πολεμεῖσθαι
3438 1258 3597 1310 πόλιν

2009 1359 2330 1430 δεινότερον,
2367 1358 2442 1421 ὡς
2477 1357 2627 1420 ἐντὸς
2656 1355 2768 1409 τῶν
2811 1351 3258 1421 ὑπεκκαυμάτων
3288 1349 3476 1413 ὄντων,
3515 1349 3597 1411 είς

2013 1452 2190 1524 βιαίας
2224 1454 2423 1522 ἕτοιμα
2456 1450 2660 1514 κακίας
2707 1448 2923 1517 ἄναψιν.
2974 1448 3073 1500 Διὰ
3117 1445 3288 1499 ταῦτα
3317 1445 3414 1498 καὶ
3467 1441 3599 1510 περὶ

2011 1544 2259 1606 πλείονος
2306 1544 2544 1597 ἐποιεῖτο
2584 1542 2646 1595 τὸ
2677 1541 2778 1610 τῆς
2813 1540 3024 1602 πόλεως
3075 1536 3461 1600 ἀστασίαστον,
3503 1534 3598 1586 καὶ⁹

2014 1634 2219 1705 μᾶλλον
2261 1634 2318 1686 ἐν
2346 1633 2579 1703 τοιούτῳ
2619 1631 2797 1702 καιρῷ
2828 1629 2953 1682 καθ’
2977 1629 3036 1683 δν
3065 1628 3175 1683 τῶν
3206 1627 3363 1690 ἐκτὸς
3396 1627 3597 1696 ἀνεγη-

2011 1724 2298 1795 γερμένων
2341 1724 2401 1790 ἐξ
2450 1721 2753 1790 ἀναγκαίου
2795 1720 2973 1773 καὶτὸ
3019 1719 3172 1782 ἐντὸς
3207 1716 3601 1788 συγκραδαίνε-

2016 1817 2162 1871 σθαι.
2207 1816 2371 1867 Ὥστε
2398 1815 2493 1867 καὶ
2518 1813 2748 1882 ὁρᾶσθαι
2777 1812 2917 1881 σφᾶς
2944 1807 3425 1880 ἀνεγηγερμένους
3450 1804 3600 1874 πρῶ-

2012 1925 2106 1962 τον
2138 1907 2238 1978 μὲν
2269 1906 2380 1967 τῶν
2410 1902 2817 1974 ξυμϐαινόντων
2854 1901 3015 1972 χάριν
3045 1901 3109 1952 ὲκ
3138 1897 3240 1966 τῆς
3270 1894 3601 1954 στασιώδους

2012 1997 2264 2069 ταραχῆς
2288 1995 2528 2066 ἐκείνης,
2566 1994 2642 2055 ὡς
2678 1990 3257 2065 παρακινησειομένων
3282 1991 3345 2041 ὲκ
3386 1986 3486 2056 τῆς
3508 2003 3603 2038 τυ-

2014 2091 2222 2162 χούσης
2264 2089 2613 2160 προφάσεως.
2650 2086 3052 2159 στρατιωτικὰς
3107 2082 3298 2151 εἰσῆγε
3343 2081 3602 2149 δυνάμεις

2014 2182 2139 2237 κατ’
2193 2179 2596 2252 ἀναχαιτισμδν
2643 2178 2752 2230 τῶν
2807 2174 3278 2249 προσδοκωμένων
3330 2172 3600 2243 θορύόων.

2014 2378 2307 2441 promptos
2337 2364 2625 2436 adjutores
2682 2361 2931 2419 habituri
2979 2373 3122 2431 quos
3171 2357 3237 2414 ad
3289 2356 3397 2412 hoc
3427 2356 3602 2427 ipsum

2017 2461 2426 2520 introduxisset
2453 2460 2506 2512 in
2542 2457 2731 2513 urbem
2763 2455 2987 2510 milites.
3048 2450 3256 2506 Horum
3310 2463 3416 2519 ope
3469 2446 3605 2503 fides

2016 2557 2265 2627 ipsorum
2308 2553 2573 2607 roborata
2606 2562 2885 2619 magnam,
2939 2546 2987 2600 si
3036 2553 3303 2612 quantum
3340 2556 3443 2613 par
3488 2551 3606 2595 erat

2016 2647 2390 2706 anniteretur,
2425 2658 2455 2696 a
2487 2641 2710 2695 civitate
2754 2637 3123 2692 calamitatem
3177 2641 3476 2694 averteret,
3518 2646 3607 2683 se-

2017 2741 2307 2803 ditionem,
2335 2751 2441 2804 qua
2492 2735 2699 2789 multos
2730 2730 2967 2786 diversis
3016 2725 3364 2796 temporibus
3394 2725 3449 2779 iu
3481 2739 3604 2778 ma-

2012 2833 2192 2887 lorum
2231 2839 2480 2883 extrema
2511 2825 2801 2880 devenisse
2831 2820 3064 2893 populos
3093 2818 3289 2889 partim
3324 2817 3426 2885 ipsi
3474 2831 3589 2869 me-

2014 2924 2352 2987 minissent,
2406 2919 2607 2990 partim
2658 2914 2864 2970 indicio
2916 2911 3194 2966 annalium
3248 2924 3279 2964 θ
3338 2907 3605 2961 memoria

2016 3013 2188 3070 veteri
2213 3018 2440 3082 possent
2484 3014 2758 3078 repetere.
2797 3004 2889 3059 Sic
2915 3017 3047 3058 sane
3077 3000 3364 3065 haberent,
3391 2997 3600 3051 nullam

321 3107 559 3175 primum
586 3102 803 3169 fecisse,
858 3120 983 3158 cum
1012 3111 1068 3158 et
1092 3101 1335 3157 Joannes
1366 3102 1543 3157 Ducas
1576 3099 1909 3156 Gulielmum

2019 3102 2375 3176 quantumvis
2405 3097 2621 3156 cruenti
2648 3104 2704 3152 et
2734 3091 3069 3149 internecini
3107 3089 3282 3144 exteri
3313 3086 3441 3143 belli
3483 3097 3605 3140 tan—

321 3197 616 3269 quemdam
645 3212 708 3252 ex
741 3196 947 3251 exteris
979 3203 1324 3264 assumptum
1359 3193 1619 3248 Romanae
1654 3192 1792 3247 aula
1825 3192 1910 3245 di-

320 3289 627 3361 gnitatibus
659 3286 966 3355 ornaverit,
995 3294 1050 3340 et
1082 3284 1379 3341 recentiori
1427 3282 1697 3338 memoria
1752 3289 1912 3351 pater

322 3395 462 3435 suus
490 3378 723 3434 Michael
753 3376 990 3431 Icarium
1023 3375 1208 3446 magni
1237 3374 1399 3431 ducis
1424 3372 1713 3443 splendido
1751 3371 1914 3427 titulo

322 3472 488 3545 557
523 3469 998 3528 cohonestaverit.
1064 3467 1209 3524 Sane
1237 3468 1386 3522 nulla
1422 3468 1479 3522 in
1518 3477 1678 3538 parte
1734 3480 1920 3521 cessa-

322 3574 440 3619 tum
469 3578 498 3617 a
531 3579 612 3629 se,
649 3577 751 3617 nec
803 3562 1105 3632 quidquam
1175 3575 1421 3629 unquam
1480 3559 1917 3629 praetermissum

324 3673 436 3729 quo
468 3657 726 3713 sustineri
775 3670 940 3726 posse
989 3655 1269 3709 labantem
1298 3652 1715 3731 rempublicam
1768 3650 1921 3706 salu-

325 3761 546 3819 temque
595 3749 783 3820 populi
823 3747 1085 3804 constitui
1124 3762 1252 3817 spes
1279 3746 1680 3816 qualiscunque
1713 3745 1914 3801 suade-

322 3853 430 3902 ret.
459 3843 617 3900 Unde
664 3859 773 3897 non
816 3841 1073 3911 imputari
1132 3840 1252 3910 ejus
1312 3839 1658 3910 negligentiae
1716 3838 1918 3895 debere

321 3935 517 3990 ruinas
549 3949 670 4004 qua:
704 3941 1067 3987 cernerentur
1096 3945 1325 3985 rerum:
1377 3929 1470 3986 sed
1523 3929 1620 3984 iraa
1674 3928 1915 4000 primum

325 4029 529 4084 divinae
559 4036 781 4096 peccata
813 4032 1008 4082 nostra
1076 4023 1396 4088 ulciscenti,
1441 4031 1630 4092 postea
1688 4021 1921 4092 ignavia:

328 4120 668 4189 incuriaeque
702 4117 1087 4185 praefectorum
1144 4114 1549 4192 negotiis,’per
1597 4129 1736 4183 quas
1783 4114 1921 4170 satis

327 4221 610 4270 constaret
643 4211 902 4281 pleraque
924 4208 1211 4263 materiam
1270 4206 1491 4278 publico
1545 4207 1717 4262 luctui
1778 4223 1917 4277 prae-

325 4306 513 4365 bentia
548 4304 718 4359 luisse
749 4310 973 4372 accepta
1015 4301 1365 4356 detrimenta.
1421 4296 1519 4354 His
1560 4297 1655 4352 ubi
1709 4296 1916 4353 similia

327 4400 501 4455 multa
527 4394 839 4460 subtexuit,
869 4390 1091 4447 tandem
1131 4405 1198 4445 eo
1229 4389 1452 4458 collegit
1483 4402 1756 4443 summam
1790 4402 1917 4441 ora-

326 4491 534 4554 tionis,
600 4495 663 4543 ut
722 4499 1059 4556 magnopere
1122 4483 1342 4537 cunctis
1400 4480 1730 4551 praeciperet
1777 4486 1916 4534 aestu

327 4587 644 4641 animorum
677 4594 999 4650 compresso
1023 4577 1334 4648 quiescere,
1379 4575 1777 4643 attendereque
1799 4573 1918 4630 suis

327 4690 607 4748 quemque
643 4671 966 4729 domesticis
1007 4669 1191 4733 rebus,
1219 4682 1320 4724 nec
1359 4675 1569 4722 temere
1599 4680 1661 4721 se
1708 4664 1766 4721 in
1818 4680 1918 4718 cu-

326 4784 447 4824 ram
488 4764 697 4836 publici
727 4762 1012 4834 regiminis
1046 4761 1318 4829 ingerere.
1348 4757 1588 4812 Tantum
1632 4773 1732 4828 pro
1762 4754 1915 4811 virili

330 4862 413 4918 sic
444 4862 632 4915 vivere
686 4864 970 4919 curarent,
1014 4864 1074 4909 ut
1125 4852 1559 4909 commutatione
1589 4866 1806 4905 morum
1860 4850 1914 4903 in

332 4954 533 5009 melius
565 4953 762 5023 dignos
786 4965 845 5005 se
873 4945 1208 5018 prosperiori
1241 4942 1481 5008 fortuna,
1500 4942 1716 5013 judicio
1738 4942 1929 4996 mode—

330 5047 513 5103 rantis
541 5045 779 5099 humana
810 5039 1092 5104 Numinis,
1133 5036 1448 5099 redderent,
1480 5034 1585 5091 sibi
1635 5042 1837 5097 autem,
1872 5040 1928 5086 et

330 5137 537 5209 quibus
569 5135 640 5190 ad
688 5132 743 5187 id
784 5129 1058 5185 ministris
1118 5127 1201 5182 uti
1258 5125 1440 5190 vellet,
1496 5124 1788 5178 arbitrium
1820 5139 1925 5193 pu-

330 5233 492 5290 blica;
524 5231 602 5285 rei
636 5226 1007 5299 gubernandte
1044 5222 1423 5289 permitterent
1454 5220 1754 5288 integrum,
1778 5219 1920 5272 nihil

331 5326 553 5380 curiose
621 5319 965 5378 sciscitando
1016 5331 1182 5387 super
1239 5314 1488 5373 consiliis
1519 5321 1787 5375 actorum,
1828 5320 1922 5365 aut

334 5420 486 5474 circa
520 5429 819 5472 successus
845 5413 897 5466 in
942 5410 1187 5465 futurum
1216 5409 1459 5462 incertos
1503 5404 1658 5459 iuaui
1707 5403 1922 5457 divina-

334 5513 485 5567 tione
512 5505 905 5566 conllictando.
932 5503 1118 5572 Neque
1142 5503 1196 5557 in
1223 5501 1327 5556 ista
1354 5516 1414 5555 se
1443 5499 1682 5568 quisque
1717 5496 1920 5550 viritim

332 5604 622 5661 continere
684 5598 955 5655 modestia
1010 5595 1146 5652 satis
1201 5593 1497 5649 haberent:
1540 5603 1730 5644 verum
1782 5595 1838 5643 et
1874 5587 1922 5642 si

338 5714 481 5767 quos
511 5696 726 5748 initium
757 5688 1130 5745 tumultuandi
1178 5687 1359 5741 facere
1385 5691 1700 5745 cernerent,
1732 5689 1922 5734 contra

340 5793 524 5851 statim
592 5787 929 5859 insurgcndo
984 5785 1244 5847 cohibere
1292 5791 1673 5863 conarentur,
1735 5776 1791 5835 in
1857 5790 1923 5835 eo

2016 3206 2126 3251 tam
2159 3210 2283 3250 esse
2308 3192 2636 3264 perniciem,
2661 3203 2782 3258 quae
2810 3172 3028 3240 damnis
3054 3192 3109 3238 et
3134 3181 3326 3237 exitiis
3361 3179 3604 3234 civilium

2016 3288 2380 3345 certaminum
2434 3290 2769 3351 comparata
2805 3293 2912 3333 non
2986 3274 3297 3343 reperiatur
3347 3271 3606 3327 tolerabi~

2019 3381 2124 3435 lior
2150 3395 2215 3434 ac
2239 3379 2433 3433 levior.
2455 3376 2749 3444 Nunquam
2770 3371 2916 3427 enim
2951 3366 3230 3424 seditiosis
3255 3363 3606 3421 conflictibus

2027 3479 2122 3527 aut
2158 3469 2322 3527 saluti
2360 3466 2644 3523 hominum
2676 3463 2984 3519 consulitur
3010 3469 3102 3514 aut
3128 3457 3313 3512 tutela
3338 3454 3603 3509 domuum

2025 3581 2091 3623 ac
2124 3579 2336 3629 rerum,
2372 3559 2464 3617 sed
2502 3565 2694 3614 contra
2726 3570 2826 3627 per
2854 3568 2950 3608 eos
2996 3552 3145 3620 pacis
3194 3555 3251 3604 et
3291 3545 3610 3602 consensio-

2026 3659 2111 3713 nis
2143 3655 2344 3720 civilis,
2387 3665 2510 3722 quae
2554 3655 2683 3703 sunt
2720 3649 2897 3716 prima
2930 3642 3289 3696 fundamenta
3334 3639 3607 3692 bonorum

2027 3750 2297 3812 omnium,
2347 3745 2567 3815 jactura
2629 3736 2978 3810 irreparabili
3043 3734 3188 3788 facta
3243 3732 3498 3785 universa
3555 3728 3610 3782 in

2027 3841 2409 3900 confusionem
2444 3832 2813 3890 miserrimam
2852 3829 3103 3884 veniunt.
3135 3825 3211 3878 Ac
3252 3821 3611 3890 quemadmo-

2028 3936 2161 3993 dum
2191 3930 2580 4001 deceptionum
2613 3939 2676 3980 ea
2734 3923 2898 3992 longe
2949 3918 3196 3973 omnium
3237 3915 3475 3984 pessima
3527 3921 3613 3967 est

2027 4042 2135 4098 qua
2171 4024 2297 4095 quis
2336 4037 2364 4076 a
2396 4036 2457 4076 se
2483 4021 2605 4089 ipso
2632 4014 2926 4084 decipitur,
2964 4019 3188 4081 prepler
3222 4008 3419 4061 intime
3448 4016 3613 4072 atque

2029 4095 2475 4189 inseparabiliter
2499 4110 2780 4166 admotum
2815 4106 3046 4174 decepto
3077 4101 3426 4168 deceptorem
3451 4095 3617 4168 548

2027 4222 2083 4269 et
2111 4217 2335 4281 propter
2389 4202 2680 4260 obnoxiam
2732 4197 2947 4268 decepti
3002 4195 3319 4275 facilitatem
3366 4189 3432 4244 ad
3487 4205 3616 4243 suc-

2024 4279 2392 4358 cumbendum
2411 4289 2898 4362 insuspicabilibus
2917 4286 3054 4341 adeo
3076 4283 3228 4338 cbari
3247 4296 3309 4335 ac
3330 4279 3610 4347 conjuncti

2025 4391 2345 4464 deceptoris
2378 4386 2689 4450 fraudibus,
2722 4383 2795 4437 ita
2821 4380 2952 4436 belli
2983 4392 3148 4448 supra
3181 4376 3364 4431 omnia
3402 4373 3610 4442 capita-

2026 4487 2299 4544 lissirnum
2336 4495 2509 4553 genus
2540 4486 2645 4541 est,
2670 4490 2786 4546 quo
2811 4475 2958 4527 cives
2987 4469 3142 4525 urbis
3173 4469 3339 4524 unius
3375 4465 3613 4520 invicem

2025 4581 2476 4639 committuntur,
2540 4570 2687 4642 quod
2726 4570 2773 4625 is
2826 4565 3199 4623 exardescens
3250 4563 3405 4616 furor
3465 4558 3618 4613 faces

2028 4673 2272 4744 applicet
2302 4675 2494 4739 parato
2532 4665 2682 4718 intus
2722 4671 2778 4717 et
2805 4666 3072 4730 congesto
3108 4654 3309 4718 fomiti,
3354 4652 3503 4707 unde
3533 4651 3621 4705 in-

2029 4742 2291 4822 cendium
2327 4764 2581 4827 erumpat
2635 4754 2897 4810 universa
2948 4756 3434 4818 consumptururn.
3490 4742 3619 4796 Haec

2030 4872 2157 4912 cum
2191 4856 2266 4909 ita
2301 4853 2433 4916 sint,
2462 4864 2572 4918 prae
2602 4845 2861 4903 omnibus
2886 4855 3089 4912 cupere
3142 4854 3202 4893 se
3233 4852 3298 4892 ac
3353 4843 3617 4904 tanquam

2032 4947 2362 5021 optabilium
2392 4944 2691 4998 maximum
2729 4949 2947 4992 summo
2982 4931 3169 4988 studio
3187 4943 3432 5000 quaerere
3466 4934 3621 4980 trau-

2031 5020 2265 5113 quillum
2323 5035 2569 5091 civitatis
2603 5028 2896 5088 concordis
2956 5034 3185 5083 statum.
3238 5020 3431 5087 Qualis
3491 5033 3617 5101 cum

2033 5133 2212 5204 expeti
2246 5143 2465 5197 semper
2498 5126 2717 5190 debeat,
2746 5123 2852 5177 hoc
2891 5117 3199 5191 praesertim
3239 5114 3473 5168 maxime
3518 5127 3620 5166 ne-

2032 5224 2335 5285 cessarium
2387 5224 2647 5290 appareat
2699 5224 2971 5284 tempOre,
3015 5224 3126 5281 quo
3169 5208 3334 5263 rebus
3375 5205 3623 5261 exterius

2034 5317 2276 5376 turbatis
2312 5312 2631 5369 inevitabile
2661 5309 2730 5365 sit
2792 5323 2900 5362 non
2950 5306 3145 5360 urbem
3193 5302 3403 5372 pariter
3442 5299 3614 5367 ipsam

2033 5414 2156 5483 ipso
2178 5411 2388 5466 circum
2438 5405 2684 5473 undique
2739 5397 3097 5454 titubantium
3134 5394 3421 5462 regionum
3469 5399 3619 5442 motu

2037 5480 2100 5559 ac
2132 5500 2368 5570 strepitu
2428 5495 2687 5560 concuti;
2742 5495 2833 5547 cui
2869 5492 2915 5547 si
2975 5495 3216 5544 externae
3264 5480 3620 5552 impressioui

2034 5591 2310 5648 tumultus
2343 5588 2576 5643 interior
2595 5584 2846 5646 accedat,
2875 5582 3054 5651 palam
3081 5578 3149 5632 sit
3179 5583 3375 5630 cuncta
3404 5572 3460 5626 in
3480 5586 3623 5641 prae-

2036 5701 2165 5755 ceps
2202 5678 2642 5737 irrevocabiliter
2674 5677 2925 5747 lapsura.
2965 5671 3097 5728 Tam
3129 5666 3344 5723 lubrico
3375 5673 3430 5719 et
3456 5660 3615 5716 anci-

1998 5777 2130 5850 -piti
2164 5782 2466 5840 momento,
2497 5786 2554 5827 se
2576 5785 2676 5843 pro
2710 5764 2969 5839 vigilandi
3002 5760 3183 5819 cilicio
3217 5758 3271 5813 in
3310 5755 3624 5813 communis
