4046 6374
405 322 513 383 6ὒ3
1604 325 1927 386 GEORGII
1972 325 2029 384 Pi

2134 327 2453 389 ΙΥΜΕΗΕ
3570 333 3678 398 604

409 438 544 491 Τότε
592 437 691 506 τὴν
730 437 978 491 ἐνταυθοῖ
1014 440 1166 508 σφῶν
1216 440 1474 509 ἀσχολίαν
1520 417 1777 511 περιττὲλν
1813 440 1989 503 ἄλλως
2019 445 2058 499 Α
2092 438 2251 507 λόγον
2278 443 2435 509 ἀφεὶς
2472 439 2798 512 ἐπισυνάγει
2839 446 2900 498 τὸ
2940 448 3278 518 στράτευμα,
3322 448 3417 502 καὶ
3465 452 3689 504 καταλι-

412 528 615 598 κρίνων
647 528 873 583 καὶτῶν
909 530 1225 596 ἀναγκαίων
1273 532 1585 601 ὑπερόριον,
1620 533 1793 596 ἄλλως
1823 534 1996 601 ἐγνω-
2099 527 2217 581 πὼν
2261 532 2360 599 τὴν
2404 533 2727 602 ὐρεστιάδα
2779 537 2909 605 περὶ
2940 536 3037 605 τὴν
3076 538 3272 608 Ἀπρω
3326 541 3555 609 πλησίον
3587 559 3688 595 κα-

411 618 525 684 κὼς
559 621 962 688 ἀσφαλίσασθαι
989 623 1088 689 τὴν
1135 624 1413 692 ὁμόνοιαν,
1450 626 1542 679 καὶ
1583 627 1638 691 ἐξ
1672 627 1843 696 αὐτῆς
1872 628 1998 688 τοὺς
2104 624 2385 688 τασκηνοῖ.
2438 623 2512 686 ὼς
2567 623 2684 694 ἃμα
2734 627 2813 696 ἕῳ
2866 627 3181 698 προσμῐξων
3238 632 3349 691 τοῖς
3425 632 3685 694 Ἰταλοῖςο

414 715 868 782 συνειλεγμένους
918 717 1180 770 ἐπέταττε
1234 721 1423 787 χεῖρας
1489 720 1832 782 ἐπιτιθέντας
1887 722 1999 782 τοῖς
2104 713 2286 767 ἐκεῖσε
2321 717 2431 784 γὰρ
2455 716 2688 786 πλησίον
2719 722 2813 771 καὶ
2844 722 2994 773 αὐτοὶ
3019 725 3416 791 κατεσκήνουν.
3446 723 3525 794 Τῇ
3556 724 3689 791 γοῦν

415 805 581 873 ἱεροῖς
608 806 958 871 Εὑαγγελίοις
987 810 1209 875 ὀμνύειν
1243 805 1278 879 ἦ
1318 812 1424 878 μὴν
1452 812 1635 863 πίστιν
1669 811 1769 880 μὲν
1797 812 2000 877 φυλάτ-
2104 803 2365 876 ὑστεραίᾳ
2407 807 2817 878 συνταξάμενος
2862 814 3005 865 κατᾶ
3042 814 3134 867 τὸν
3183 814 3276 867 τοῦ
3320 816 3493 885 ’ῐμέρι
3532 815 3689 883 λεγό-

414 914 526 950 τειν
550 901 628 960 εἰς
670 898 927 967 βασιλεῖς,
953 903 1130 953 πάντα
1155 902 1211 954 δὲ
1238 902 1504 972 διχονοίας
1526 904 1729 972 τρόπον
1753 905 1846 956 καὶ
1872 902 2002 956 στὰ-
2075 914 2268 975 ,μενον
2321 899 2487 951 τόπον
2526 901 2784 964 Ἀλανοὺς
2834 903 2936 971 μὲν
2989 906 3081 957 καὶ
3149 906 3597 974 Τουρκοπούλους
3632 910 3688 960 ὲν

415 1008 554 1052 σεως
587 991 717 1060 μήτ’
739 993 933 1056 αὐτοὺς
969 992 1055 1062 ΙΡ.
1089 994 1219 1065 581]
1245 997 1508 1064 ἐνεργεῖν,
1532 996 1625 1050 καὶ
1644 999 1756 1065 τοῖς
1796 996 1999 1061 ἄλλοις,
2104 989 2439 1061 ἡγουμέναις
2469 992 2787 1057 συντάξεσιν
2821 996 2966 1057 ἵστα,
3002 1014 3066 1047 πε
3080 997 3130 1065 pi
3155 999 3248 1050 τὸν
3280 999 3545 1053 Βοσσῐλαν
3570 1000 3694 1053 τού-

417 1082 471 1135 εἴ
487 1101 587 1135 που
615 1085 709 1135 καὶ
741 1084 1044 1154 θορυὸοῖεν,
1069 1086 1241 1152 δυσὶν,
1271 1087 1298 1140 ὅ
1320 1088 1561 1154 λέγεται,
1605 1088 1794 1157 χερσὶν
1830 1090 2004 1142 ἀντω-
2105 1097 2233 1144 τους
2267 1082 2613 1151 ποιούμενος,
2646 1086 2949 1155 ἑπομένους
2994 1088 3050 1141 δὲ
3082 1090 3208 1152 τοὺς
3243 1091 3372 1159 περὶ
3394 1091 3487 1143 τὸν
3520 1092 3694 1160 μέγαν

418 1174 552 1227 Θεῖν.
584 1174 691 1227 Καί
734 1191 797 1242 γε
825 1178 927 1229 ἀνὰ
958 1178 1058 1246 τὴν
1100 1178 1253 1231 πόλιν
1295 1181 1475 1232 πᾶσαν
1509 1178 1745 1252 [ἀνάγκη
1780 1176 1846 1251 ἦν
1878 1182 2003 1244 τοὺς
2106 1175 2471 1242 πριμικήριον
2504 1176 2822 1240 Μακεδόνας
2867 1178 3134 1245 διέταττε,
3168 1183 3265 1233 καὶ
3300 1182 3437 1250 μετὰ
3469 1181 3694 1245 τούτους

418 1267 993 1340 παρευρισκειμένους]
1023 1267 1162 1332 εἶδες
1201 1270 1266 1324 ἂν
1302 1273 1757 1341 παρερχομένους
1791 1273 2003 1342 βασιλι-
2106 1266 2237 1334 περὶ
2289 1266 2381 1318 τὸν
2419 1267 2563 1319 οείον
2614 1268 2782 1321 αὑτοῦ
2841 1271 3119 1341 Θεόδωρον
3187 1274 3315 1335 τοὺς
3378 1275 3695 1343 ἀντολῐηθεν

418 1360 568 1422 κοῦς,
599 1360 692 1413 καὶ
719 1363 847 1424 τοὺς
872 1364 1412 1431 παρευρισκομένους
1447 1364 1769 1432 ὁμνύοιτας.
1802 1368 1915 1420 Καὶ
1938 1369 2007 1421 τὰ
2108 1357 2456 1424 ἀπηρκότας,
2486 1359 2546 1411 τδ
2579 1358 2843 1429 Βλαχικὸν
2884 1363 2940 1415 δὲ
2973 1364 3067 1416 καὶ
3099 1365 3223 1419 ὅσον
3256 1365 3384 1420 ἄλλο
3437 1368 3501 1419 ὲκ
3534 1367 3695 1432 θελη-

422 1449 521 1518 μὲν
555 1451 703 1515 ἐντὸς
737 1452 839 1521 τῆς
868 1454 1075 1515 πόλεως
1103 1457 1439 1524 ἐπράττοντο
1468 1457 1618 1526 τῇδε,
2113 1447 2399 1519 ματαρίων
2442 1460 2914 1521 συγκροτοῡμενον
2965 1451 3054 1525 ἦν,
3089 1458 3183 1508 καὶ
3227 1457 3358 1510 αὐτὸ
3397 1458 3538 1511 κατὰ
3568 1458 3695 1527 τρό-

420 1563 519 1635 λβ’.
548 1568 689 1635 Περὶ
724 1567 836 1636 τῆς
874 1570 981 1623 τοῦ
1002 1570 1323 1645 βασιλέως·
1357 1572 1600 1642 Μιχαὴλ
1624 1574 1827 1644 μάχης
1858 1576 2009 1645 πρὸς
2113 1558 2215 1593 πον
2253 1543 2382 1642 ξερὶ
2417 1544 2514 1645 6.”
2548 1545 2721 1645 μέῗαν
2754 1548 3144 1645 m‘PF‘dffx'l"
3181 1550 3591 1645 συνῖαξάμᾎενοί
3609 1551 3699 1603 οὗ-

998 1634 1472 1711 Ἀμοταόάρουξξ
1540 1634 1551 1642 “
1624 1634 1643 1644 ⁷
1713 1634 1820 1643 ”“”
1897 1634 1916 1645 ’
1983 1634 2000 1644 ’
2115 1634 2339 1701 ραγοῢν,
2372 1635 2535 1696 αὐτὸς
2581 1634 2800 1703 σύναμα
2842 1636 2935 1689 καὶ
2980 1638 3377 1709 Κωνσταντῑνῳ
3406 1639 3485 1708 τῷ
3531 1641 3701 1693 αὐτοι-

508 1726 567 1781 ’0
598 1729 653 1781 δὲ
685 1729 942 1799 βασιλεὺς
999 1735 1219 1803 Μιχαὴλ
1253 1736 1352 1787 οὐκ
1408 1736 1636 1805 ἠρεμῶν
1675 1731 1744 1807 ἦν
1771 1736 1869 1808 τὴν
1906 1739 2007 1807 μά·
2039 1797 2078 1808 ,μ
2112 1722 2295 1792 δέὶφῳ
2321 1740 2379 1775 τε
2405 1723 2501 1777 καὶ
2528 1725 2789 1797 δεσπότης
2823 1727 2917 1780 καὶ
2948 1718 3026 1797 τῷ
3054 1730 3330 1803 πιγκέρνῖι
3353 1730 3701 1800 Σεναχηρεὶμ

423 1836 550 1891 χην,
588 1797 723 1873 ἀλλᾶ
752 1824 933 1878 πάντα
980 1797 1129 1878 λίθον
1176 1797 1367 1891 οιινῶν,
1404 1797 1464 1880 τί
1510 1797 1603 1882 ’ἑοῦ
1642 1797 1836 1897 16-709,.
1858 1797 2007 1895 est»;
2039 1797 2081 1853 Β
2110 1814 2187 1883 τῷ
2223 1815 2469 1886 Ἀγγέλῳ
2489 1831 2503 1845 ⁹
2543 1817 2667 1870 οὐδὲ
2690 1818 2799 1887 γὰρ
2829 1818 2936 1871 οὐδ’
2967 1797 3280 1884 αὖτδςγλαδν
3303 1797 3459 1889 ἆγειν
3490 1797 3700 1894 ᾖρὲῖτὸν

423 1912 520 1983 τὴν
547 1909 717 1986 ἧτταν
759 1916 1171 1986 ἀνακαλέσηται
1195 1935 1210 1950 ο
1241 1919 1362 1972 οὐδὲ
1391 1922 1509 1989 γὰρ
1545 1922 1784 1990 ὑπέμενε
1819 1923 1879 1976 τὸ
1907 1924 2007 1993 τῆς

424 2004 606 2075 ψυχῆς
649 2006 815 2060 αὑτοῦ
859 2008 1081 2074 εὐγενὲς
1123 2012 1219 2063 καὶ
1270 2012 1515 2083 ἀνδρεῖον
1547 2015 1768 2067 ἀκούειν
1812 2032 1873 2069 τε
1912 2017 2008 2068 καὶ

426 2099 559 2168 ὸρᾷν
589 2098 656 2151 τὰ
693 2100 843 2155 δεινὰ
889 2100 1032 2172 ἅπερ
1081 2103 1321 2172 ἔπασχον
1367 2106 1415 2157 οἱ
1466 2106 1697 2161 ὲλεειναί
1748 2109 2010 2177 Ῥωμαῖοι

430 2190 536 2244 ὑπὸ
568 2191 674 2243 τῶν
723 2192 1045 2265 αἱμοχαρῶν
1089 2180 1441 2251 Καέελάνων.
1479 2199 1644 2253 Ὅθεν
1693 2199 1789 2252 καὶ
1831 2199 2010 2253 πάντα

432 2378 629 2434 salutis
662 2379 977 2435 cuStodiam
1025 2381 1321 2446 intentum,
1356 2397 1479 2437 cum
1533 2384 2016 2442 animadvertisset

432 2470 737 2539 inquietum
765 2475 1129 2541 quorumdam
1177 2485 1368 2531 aestum
1400 2476 1453 2529 in
1512 2476 1748 2547 impetus
1790 2477 2017 2553 summa».

432 2581 617 2620 rerum
670 2568 941 2635 exitiales,
996 2570 1129 2638 quin
1196 2571 1302 2625 levi
1366 2579 1631 2642 praetextu
1678 2584 2014 2642 erumperet,

433 2662 527 2714 vix
569 2675 689 2716 sese
740 2677 903 2730 posse
960 2668 1276 2728 continere,
1339 2666 1660 2720 necessario
1721 2667 2022 2722 advocasse

436 2769 577 2823 quas
615 2766 903 2809 cernerent
933 2755 1201 2810 militares
1227 2758 1368 2811 intra
1397 2759 1586 2811 urbem
1620 2759 1828 2826 cupias,
1863 2760 2023 2817 bonis

434 2847 691 2914 praesidio
721 2847 963 2908 futuras,
990 2849 1206 2903 levibus
1237 2864 1299 2901 ac
1327 2865 1522 2919 parum
1559 2850 1711 2904 sanis
1748 2852 2021 2906 licentiam

435 2951 561 2991 sese
596 2950 701 2988 una
731 2937 896 2991 simul
934 2954 1055 2992 cum
1088 2941 1343 2993 omnibus
1374 2941 1639 3010 perdendi
1678 2942 2021 2997 frzcnatnras.

434 3028 571 3082 Boni
601 3032 953 3085 consulerent
982 3033 1131 3101 quod
1190 3042 1343 3087 esset
1395 3035 1448 3087 in
1483 3050 1775 3089 commune
1820 3036 2028 3089 saluta-

435 3120 576 3175 riter
604 3121 886 3176 decretum
918 3139 933 3188 ;
962 3131 1017 3177 et
1068 3123 1170 3178 hoc
1206 3126 1382 3194 ipsum
1430 3126 1675 3180 indicare
1708 3143 1777 3182 ne
1828 3143 2022 3198 grava-

440 3217 658 3274 rentur,
686 3222 741 3267 et
779 3213 965 3279 ﬁdem,
1018 3232 1181 3284 quam
1245 3233 1370 3285 erga
1424 3219 1699 3288 principes
1752 3221 2019 3289 integram

440 3294 631 3350 animo
663 3295 934 3364 foverent,
970 3298 1215 3367 proﬁteri
1258 3317 1480 3355 rursum
1508 3280 1777 3366 exterius,
1816 3280 1895 3357 ea"
1914 3307 2026 3361 Deo
2052 3280 2098 3338 θ

440 3394 581 3441 teste
617 3388 1017 3445 confirmanda.
1068 3390 1171 3447 llic
1208 3394 1423 3462 prolato
1452 3396 1596 3448 sacri
1625 3396 1908 3467 Evangelii
1935 3413 2028 3451 co-

439 3480 583 3545 dice,
621 3482 904 3551 sigillatim
929 3486 1080 3539 citati
1127 3490 1310 3540 cuncti
1373 3488 1465 3557 qui
1521 3487 1771 3554 aderant,
1813 3500 1866 3544 et
1916 3506 2031 3543 ma-

439 3588 570 3626 num
612 3572 895 3643 imponere
928 3584 1061 3631 sunt
1102 3578 1269 3647 jussi,
1304 3589 1497 3636 sancte
1531 3581 1772 3651 jurando
1800 3590 1853 3636 et
1905 3597 2030 3637 sese

441 3667 605 3721 ﬁdem
635 3684 803 3737 quam
839 3671 1103 3726 deberent
1129 3673 1380 3743 Augusto
1409 3675 1637 3746 utrique
1685 3684 2027 3741 servaturos,

441 3769 496 3813 et
528 3762 599 3815 ab
634 3763 786 3816 omni
829 3763 1179 3819 dissensione
1230 3781 1294 3821 ac
1329 3767 1489 3822 turba
1531 3783 1655 3821 cum
1695 3776 2028 3837 temperatu-

442 3866 537 3905 ros
567 3854 744 3921 ipsos,
777 3860 889 3906 tum
923 3855 1081 3920 alios,
1106 3857 1151 3911 si
1174 3858 1265 3926 qui
1307 3857 1449 3911 forte
1479 3856 1777 3910 tumultum
1802 3857 2031 3912 inchoa-

442 3954 588 4005 rent,
620 3953 878 4015 utraque,
912 3949 1061 4016 quod
1095 3950 1273 4012 aiunt,
1308 3966 1475 4004 manu
1517 3948 1865 4019 repulsuros.
1900 3950 2031 4006 Inde

442 4054 472 4091 a
508 4040 772 4096 concione
798 4054 1096 4114 prepagata
1138 4060 1233 4115 per
1277 4046 1477 4101 urbem.
1514 4046 1807 4103 confestim
1863 4058 2030 4102 totam

441 4132 633 4187 eadem
691 4135 989 4190 renovandi
1027 4136 1326 4215 jttramenti
1359 4139 1673 4193 caerimonia
1722 4151 1826 4207 est,
1866 4140 2030 4194 mini-

451 4225 587 4281 stris
630 4230 782 4283 varie
829 4229 1204 4298 imperatoriis
1266 4246 1388 4285 cum
1457 4248 1617 4287 sacro
1669 4234 1725 4288 in
1774 4235 2031 4288 manibus

444 4320 635 4375 codice
688 4324 1071 4386 cursantibus,
1113 4322 1283 4393 549
1312 4332 1366 4377 et
1413 4340 1510 4395 per
1563 4339 1759 4380 omnes
1818 4327 2030 4397 plateas

446 4426 511 4466 ac
573 4413 856 4469 hominum
924 4416 1315 4469 conventicula
1371 4432 1735 4487 quoscunque
1787 4419 2029 4490 reperis-

2110 1908 2227 1959 ἀλλ’
2266 1910 2695 1978 ἀμφιπονεῖσθαι
2732 1912 2860 1980 περὶ
2894 1912 2987 1965 τὸν
3025 1913 3233 1967 ἄνακτα
3262 1916 3356 1968 καί
3396 1916 3445 1968 οἱ
3491 1916 3701 1968 πολυω-

2115 2000 2228 2069 ρεῖν
2257 1999 2356 2069 τὴν
2385 2001 2695 2069 ἀσφάλειαν
2723 2002 2940 2073 ἤθελεν.
2977 2003 3064 2069 ΙΡ.
3102 2005 3230 2077 582]
3265 2004 3469 2068 Οὕτως
3496 2008 3704 2068 ἐκεῖνος

2109 2091 2209 2152 τὰς
2239 2091 2523 2157 συντάξεις
2561 2092 2858 2159 ἀποτάξας,
2895 2095 2956 2149 τὸ
2998 2097 3197 2151 οἰκεῖον
3224 2098 3369 2152 ἅπαν
3408 2099 3504 2151 καὶ
3535 2116 3701 2170 μαχιο

2117 2182 2368 2252 μώτατον
2415 2184 2767 2255 προσλαϐὼν,
2817 2187 2910 2241 τὸν
2958 2186 3189 2241 ὕστατον
3223 2190 3536 2261 ἀνεπλήρου
3576 2190 3709 2243 σύλ-

2122 2380 2294 2438 prope
2341 2367 2703 2424 tabernacula
2756 2368 3052 2425 habebant.
3087 2369 3363 2426 Postridie
3416 2371 3584 2441 igitur
3624 2370 3711 2425 in-

2124 2468 2341 2516 Structo
2378 2476 2706 2530 progressus
2734 2465 2976 2530 agmine,
3010 2464 3100 2518 ubi
3134 2464 3204 2518 ad
3258 2464 3439 2519 locum
3478 2464 3565 2518 cui
3602 2479 3705 2517 no-

2131 2569 2258 2608 men
2299 2564 2385 2608 est
2408 2552 2568 2606 lmeri
2595 2557 2867 2624 pervenit,
2916 2556 3107 2626 copias
3132 2556 3412 2611 ordinavit
3458 2558 3513 2609 in
3566 2556 3711 2609 hunc

2131 2647 2377 2699 modum.
2415 2646 2623 2700 Alanos
2643 2658 2697 2701 et
2720 2648 3066 2717 Turcopulos
3094 2648 3146 2701 in
3180 2647 3364 2701 frente
3392 2645 3712 2710 constituit,

2121 2738 2261 2793 duce
2297 2738 2410 2791 illis
2459 2738 2754 2808 praaposito
2786 2738 3021 2795 Bossila.
3056 2739 3185 2794 Post
3235 2739 3336 2793 hos
3380 2738 3711 2794 Macedonas

2122 2830 2439 2893 collocavit,
2505 2833 2709 2900 quibus
2761 2848 2997 2901 magnus
3053 2832 3397 2901 primicerius
3449 2840 3707 2901 praeerat.

2125 2924 2222 2978 llis
2264 2925 2555 2995 subjunxit
2589 2941 2728 2994 quos
2761 2906 3023 2978 ductabat
3053 2940 3116 2978 ex
3159 2922 3386 2979 Oriente
3423 2924 3708 2991 profectos

2129 3030 2364 3086 patruus
2398 3019 2574 3087 ipsius
2597 3016 2944 3071 Theodorus.
2977 3014 3237 3070 Ultimum
3272 3016 3323 3068 in
3375 3017 3545 3070 aciem
3573 3018 3712 3070 sub-

2132 3111 2301 3165 movit
2334 3121 2606 3180 quantum
2647 3126 2677 3164 e
2711 3109 2979 3164 Blachico
3023 3124 3225 3179 genere
3273 3108 3718 3177 voluntariisque

2130 3204 2418 3257 collectum
2462 3194 2678 3264 aderat,
2732 3216 2794 3254 ac
2831 3211 3102 3271 quantum
3139 3201 3371 3255 subesse
3408 3215 3718 3256 consueve-

2132 3304 2215 3349 rat
2243 3312 2439 3356 magno
2466 3295 2862 3361 hetaeriarchze,
2885 3310 3049 3362 quem
3065 3309 3126 3348 ea
3153 3295 3241 3349 die
3257 3309 3451 3349 curare
3468 3305 3719 3350 extrema

2130 3388 2224 3443 illa
2260 3389 2314 3442 in
2341 3400 2492 3459 parte
2515 3390 2699 3456 jussit.
2736 3389 2858 3456 ipse
2887 3388 3118 3443 Michael
3140 3388 3276 3442 ﬁdos
3306 3387 3438 3442 hinc
3464 3388 3590 3442 inde
3617 3390 3711 3443 ha-

2130 3481 2296 3537 bebat
2326 3483 2626 3551 stipatores
2667 3481 3099 3536 Constantinum
3149 3483 3435 3559 despotam
3492 3480 3718 3535 fratrem

2132 3591 2293 3631 suum
2327 3583 2381 3628 et
2434 3575 2929 3628 Sennacherimum
2991 3574 3259 3643 Angelum
3326 3575 3648 3641 pincernam
3704 3590 3719 3627 :

2134 3685 2259 3723 nam
2308 3684 2487 3738 neque
2529 3669 2621 3722 hic
2669 3669 2927 3739 proprios
2967 3667 3174 3722 ducere
3215 3665 3441 3721 ordines
3497 3666 3715 3732 voluit,

2139 3760 2235 3815 sed
2261 3770 2513 3828 satagere
2568 3759 2715 3813 circa
2759 3759 3149 3827 imperatorem
3205 3768 3259 3812 et
3297 3758 3419 3825 ejus
3464 3757 3626 3812 saluti
3658 3772 3726 3810 ac

2140 3853 2426 3908 securitati
2463 3852 2781 3923 prospicere
2806 3851 3023 3905 maluit.
3061 3849 3154 3906 Sic
3203 3849 3436 3905 Michael
3478 3851 3598 3904 acie
3635 3851 3724 3903 in-

2141 3956 2380 4009 structa,
2406 3956 2631 4015 sumpto
2663 3960 2852 3999 secum
2886 3942 3036 4014 quod
3101 3943 3296 3998 habuit
3353 3943 3724 3999 fortissimum

2141 4041 2487 4110 praetorianae
2515 4037 2677 4108 550
2720 4051 2785 4092 ac
2830 4034 3088 4107 palatium
3121 4034 3444 4088 domesticae
3489 4020 3723 4093 militiae,

2139 4131 2505 4186 novissimum
2530 4129 2708 4182 eﬁecit
2737 4143 2955 4197 agmen.
2979 4130 3034 4181 In
3063 4137 3237 4181 totum
3264 4126 3529 4180 Romana:
3553 4127 3727 4194 cepia:

2140 4223 2388 4293 quinque
2425 4219 2694 4287 majorum
2728 4218 3009 4286 legionum
3048 4233 3343 4271 numerum
3403 4218 3721 4288 explebant,

2139 4316 2583 4371 adversariorum
2616 4320 2799 4368 autem
2839 4312 3110 4366 duntaxat
3169 4322 3431 4379 quatuor,
3488 4326 3722 4380 quarum
3806 4292 3817 4301 ’

2139 4425 2246 4465 una
2288 4407 2580 4463 Persarum
2616 4405 2720 4460 fuit
2764 4424 2779 4461 :
2819 4404 3019 4460 Persas
3055 4404 3205 4458 enim
3239 4404 3732 4484 Catelani_evoca-

446 4511 570 4558 sent
598 4505 664 4560 ad
702 4516 1111 4561 sacramentum
1157 4504 1534 4578 adigentibus.
1589 4508 1718 4566 Haec
1754 4518 1892 4565 tunc
1938 4511 2028 4566 in-
2061 4505 2106 4560 ο
2137 4512 2350 4558 verant.
2388 4498 2507 4553 Sub
2557 4498 2673 4553 hac
2737 4498 2851 4551 acri
2924 4498 3229 4550 certamine
3280 4512 3449 4551 manu
3504 4506 3733 4566 quoque

445 4602 531 4648 tra
555 4595 831 4655 civitatem
871 4606 1015 4652 acta.

447 4733 539 4788 32.
576 4733 655 4788 De
682 4748 862 4804 pugna
903 4733 1186 4789 Michaelis
1237 4736 1467 4807 Augusti
1498 4752 1618 4792 cum
1655 4737 2031 4808 Amogabarz's.

516 4872 589 4924 At
615 4872 914 4936 imperator
944 4867 1175 4925 Michael
1200 4871 1348 4927 haud
1375 4876 1745 4928 cunetabatur
1774 4874 1828 4929 in
1859 4890 2030 4944 appa-

447 4971 574 5018 ratu
606 4977 806 5031 pugnae
833 4977 998 5031 quam
1027 4964 1258 5018 omnino
1284 4980 1535 5035 pugnare
1556 4967 1907 5022 decreverat.
1937 4966 2031 5019 sed

450 5070 699 5117 omnem,
750 5056 900 5125 quod
928 5055 1041 5111 dici
1080 5058 1241 5127 solet,
1272 5060 1532 5114 movebat
1570 5057 1807 5127 lapidem
1838 5058 1902 5112 ad
1931 5075 2036 5112 nu-

447 5164 640 5221 peram
676 5149 805 5204 belli
863 5149 1225 5207 offensionem
1262 5151 1691 5206 emendandam.
1725 5147 1843 5204 Non
1889 5151 2034 5204 enim

451 5245 771 5301 sustinebat
797 5247 1006 5304 nobilis
1027 5249 1147 5315 ejus
1195 5255 1254 5302 et
1298 5245 1460 5300 fortis
1490 5245 1712 5299 animus
1746 5244 1938 5298 audire
1974 5260 2039 5300 ac

450 5339 641 5394 videre.
667 5339 904 5411 injurias
929 5353 1152 5398 atroces
1187 5355 1329 5409 quas
1359 5339 1548 5394 miseri
1588 5338 1822 5393 Romani
1868 5339 2042 5407 patie—

449 5433 658 5489 bantur
681 5451 707 5486 a
736 5436 1119 5505 sanguinariis
1141 5433 1449 5489 Catelanis.
1480 5431 1664 5488 Missis
1698 5431 1884 5501 itaque
1909 5446 2043 5485 cun.

452 5529 561 5587 ctis
586 5532 828 5600 querelis
869 5531 1151 5597 minisque
1185 5527 1486 5584 verborum
1540 5527 1689 5598 cogit
1715 5526 2042 5592 exercitum,

453 5632 513 5675 et
541 5623 832 5677 Orestiade
858 5623 1051 5678 relicta
1098 5620 1308 5675 circum
1347 5629 1595 5675 castrum
1631 5621 1780 5689 Apro
1809 5618 2043 5681 dictum,

454 5713 581 5769 loco
615 5714 695 5768 illi
726 5715 1001 5782 proximo,
1046 5712 1161 5783 ﬁgit
1192 5714 1426 5768 tentoria
1469 5722 1735 5785 tanquam
1797 5709 2043 5788 dilucuin

457 5809 861 5866 commissurus
914 5824 1036 5865 cum
1075 5806 1225 5865 Italis
1276 5811 1526 5879 praelium
1584 5823 1600 5864 :
1668 5819 1796 5862 nam
1836 5815 1889 5862 et
1936 5802 2043 5874 ipsi

2143 4597 2394 4651 cominus
2426 4604 2701 4657 conserto,
2740 4591 2871 4646 hinc
2900 4592 3124 4661 quidem
3155 4592 3338 4659 Alani,
3371 4592 3503 4647 inde
3537 4603 3727 4647 autem

2141 4685 2439 4755 Turc0puli
2498 4696 2922 4750 concurrentes,
2973 4685 3027 4739 in
3079 4686 3286 4755 primos
3337 4686 3732 4740 Catelanorum

2142 4781 2457 4849 impingunt
2489 4778 2738 4844 ordines,
2768 4779 2986 4847 excepti
3020 4779 3089 4832 ab
3119 4778 3203 4832 bis
3226 4777 3506 4846 intrepide
3542 4793 3608 4832 ac
3637 4777 3736 4832 ﬁr-

2141 4876 2327 4938 miter,
2380 4873 2556 4928 instar
2600 4872 2771 4926 turris
2805 4871 3064 4927 videlicet
3122 4871 3571 4940 persistentibus,
3631 4886 3735 4927 nec

2144 4968 2509 5036 quantumvis
2536 4942 2746 5018 circum
2777 4963 3116 5017 assultantes
3137 4963 3489 5026 molirentur,
3516 4965 3601 5016 vel
3624 4977 3734 5015 uno

2144 5040 2402 5127 cuiquam
2436 5056 2667 5125 vestigio
2695 5056 3045 5110 cedentibus.
3080 5054 3246 5109 Gravi
3294 5056 3501 5123 quippe
3547 5068 3734 5106 arma—

2145 5159 2268 5204 tura
2309 5150 2545 5220 protecti
2585 5148 2838 5217 undique
2874 5163 3133 5215 corpora,
3165 5162 3290 5200 cum
3326 5146 3445 5199 suis
3488 5145 3591 5213 ipsi
3645 5160 3736 5198 se-

2146 5242 2265 5298 curi
2323 5241 2660 5310 tegminibus
2713 5240 3145 5293 contemnebant
3196 5247 3432 5305 utraque
3467 5252 3532 5289 ex
3574 5246 3736 5305 parte

2147 5334 2394 5389 immissa
2415 5331 2621 5402 jacula,
2640 5343 2755 5387 turn
2777 5347 3006 5386 suorum
3029 5332 3304 5399 utrimque
3323 5329 3736 5399 dispositorum

2147 5443 2257 5482 non
2292 5426 2570 5481 defuturis
2601 5425 2656 5477 in
2695 5433 2939 5493 tempore
2989 5423 3213 5477 auxiliis
3270 5422 3409 5475 satis
3468 5421 3735 5475 ﬁdebant.

2149 5520 2329 5589 Atque
2361 5518 2435 5570 ita
2461 5532 2597 5571 sane
2624 5516 2842 5571 fortiter
2882 5516 3170 5571 obstantes
3208 5514 3507 5569 tuebantur
3530 5515 3735 5568 locum.

2148 5614 2422 5668 Caeterum
2480 5611 2574 5681 qui
2633 5618 3041 5680 prazcurrerant
3084 5606 3390 5674 Turcnpnli
3424 5614 3481 5661 et
3550 5606 3738 5671 Alani,

2150 5705 2295 5761 haud
2327 5719 2514 5773 parem
2564 5703 2756 5773 primm
2812 5703 2889 5756 illi
2935 5702 3209 5757 alacritati
3254 5702 3450 5757 vividae
3503 5703 3740 5771 impres-

2150 5797 2328 5858 sionis
2384 5799 2614 5869 urgendi
2665 5796 3134 5867 persevcrantiam
3185 5796 3580 5867 adjunxcrunt,
3640 5791 3738 5850 sed
