4046 6358
360 332 470 393 θθἸ

1584 329 1907 393 GEORGII
1946 328 2440 389 PACHYMEIle

3525 324 3637 388 608

362 443 565 514 ρίσκων
608 440 855 511 δέχονται
908 440 1005 495 καὶ
1050 442 1149 511 τὴν
1180 440 1466 514 βασιλικὴν
1499 442 1584 516 [Ρ.
1623 441 1752 514 585]
1785 457 1943 510 περι-
1970 442 2019 498 Δ
2052 459 2199 511 ματα
2226 441 2349 494 τότε
2376 438 2520 493 κατά
2552 454 2674 491 τινα
2706 435 2938 506 ἐνεδρῶν
2967 434 3229 504 ὑποψίαν,
3260 436 3378 489 ἀλλ’
3415 432 3514 490 οὖν
3539 439 3646 491 οὒκ

360 532 644 585 ποιοῦνται
666 531 836 602 εζωήν
859 547 874 564 ο
922 531 1111 586 πολλοὶ
1139 533 1250 602 γὰρ
1284 534 1381 590 ἆτε
1426 535 1693 605 βασιλέως
1730 537 1796 587 ἐκ
1839 532 1948 586 τῶν

360 625 605 693 σημείων
662 626 923 694 φανέντος
970 628 1443 698 ἐπεισφρήσαντες
1496 627 1760 693 οὔταζον,
1820 625 1947 680 ὥστ’

360 716 697 781 ἐξικνεῖσθαι
733 718 829 771 καὶ
853 720 997 772 κατά
1028 719 1124 773 τοῦ
1154 720 1410 791 σώματος
1442 721 1542 785 τὰς
1576 721 1814 790 πληγὰς,
1846 719 1949 773 κᾶν

358 809 456 861 καὶ
488 807 742 887 βασιλεμς
779 810 1181 879 ἀγχιστρόφους
1229 812 1405 866 ἐποίει
1434 813 1532 876 τὰς
1578 812 1946 882 μετακλίσεις,

358 900 410 953 εί
445 899 519 969 μὴ
563 901 673 955 τῶν
699 901 877 955 ἄλλων
910 903 1380 973 φυγομαχούντων
1425 905 1588 968 αὐτὸς
1618 904 1716 958 σὺν
1748 903 1948 970 ὀλίγοις

359 993 419 1045 ἐν
441 993 726 1064 ἀναγκαίῳ
761 994 993 1064 κινδύνῳ
1019 991 1088 1066 ἦν
1126 998 1223 1050 καὶ
1250 998 1631 1068 παρακληθεὶς
1677 998 1949 1065 ὑπέστρε-

361 1102 481 1154 φεν.
513 1084 654 1138 Ἀλλ’
685 1087 733 1139 οί
763 1087 863 1156 μὲν
914 1088 1278 1158 ἐπισπόμενοι
1316 1090 1417 1143 οὐκ
1447 1091 1658 1159 ἀνῆκαν
1698 1089 1803 1157 ἔτι,
1831 1092 1860 1144 ὁ
1890 1089 1949 1143 δέ

365 1177 565 1247 μικρὸν
616 1180 983 1249 ἀναχωρήσας
1026 1180 1120 1234 τοῦ
1171 1182 1432 1250 κυδοιμοῦ
1486 1182 1698 1249 δάκρυά
1729 1200 1788 1237 τε
1839 1182 1951 1237 τῶν

360 1270 680 1342 ὀφθαλμῶν,
715 1268 803 1326 οἶα
828 1272 983 1341 λόγος
1010 1273 1102 1327 τὸν
1123 1276 1532 1344 Ἀγαμέμνονα,
1563 1275 1735 1347 ἔρρει,
1760 1275 1950 1329 ἕλκετο

359 1361 408 1414 δ’
441 1363 506 1415 ἐκ
549 1365 796 1434 κεφαλῆς
843 1366 1255 1438 προθελύμνους
1285 1368 1386 1431 τὰς
1433 1368 1647 1439 τρίχας,
1692 1369 1807 1431 τοῖς
1837 1367 1950 1420 τῶν

375 1454 665 1523 Ῥωμαίων
713 1457 1158 1527 ἐποικτιζόμενος
1198 1459 1514 1529 πράγμασι,
1546 1461 1643 1513 καὶ
1680 1459 1951 1529 ὑποστρέ-

365 1557 487 1610 φειν
527 1543 820 1609 ἐσφάδαζε,
875 1545 981 1598 κᾶν
1009 1547 1111 1598 οὐκ
1166 1544 1315 1617 εἶχεν
1357 1547 1515 1611 ὅλως.
1548 1548 1740 1612 Ἔλεος
1787 1549 1834 1602 δ’
1880 1547 1949 1622 ἦν

364 1632 614 1686 ἐντεῦθεν
652 1634 810 1699 Θεοῦ,
863 1637 957 1689 καὶ
992 1637 1172 1690 έννοιά
1200 1655 1287 1701 τις
1331 1639 1507 1711 εἰσῄει
1550 1640 1677 1704 τοὺς
1716 1641 1951 1695 ἀντιπά·

364 1720 492 1786 λους
518 1723 593 1785 ὡς
637 1725 762 1778 κατ’
801 1728 1019 1797 ἀπάτην
1053 1729 1401 1800 ἀναχωροῦσι
1454 1731 1549 1784 καλ⁵
1578 1731 1654 1793 ὡς
1702 1730 1952 1800 ἐνέδραις

366 1816 776 1885 προλοχίζουσιν
824 1820 999 1883 ἄλλοι,
1055 1828 1152 1875 καὶ
1198 1821 1375 1886 οὕτως
1429 1824 1783 1893 ἀνείργονται
1842 1823 1946 1892 τῆς

364 1906 623 1974 διώξεως.
660 1910 826 1965 Ὅθεν
856 1915 952 1966 καὶ
981 1906 1129 1967 οὗτοι
1167 1914 1263 1982 μὲν
1292 1917 1393 1983 τῆς
1425 1914 1515 1967 ἐπὶ
1544 1915 1605 1967 τὸ
1637 1916 1824 1985 πρόσω
1855 1932 1951 1982 φο·

367 2000 470 2069 ρᾶς
501 1992 774 2068 ἵστανται,
800 2004 999 2057 ἐκεῖνοι
1022 2004 1079 2057 δὲ
1111 2003 1268 2067 ἄλλος
1291 2005 1529 2075 ἀλλαχοῦ
1553 2006 1951 2076 διασπαρέντες

367 2092 791 2160 περισώζονται.
831 2094 891 2146 '0
921 2098 1105 2163 μέντοι
1133 2112 1196 2163 γε
1242 2095 1498 2166 βασιλεὺς
1536 2097 1953 2166 καταλαμϐάνει

372 2181 528 2251 μόλις
559 2186 619 2234 τὸ
649 2182 971 2251 Πάμφυλον.
1016 2185 1126 2238 Καὶ
1159 2184 1224 2256 δὴ
1253 2187 1354 2256 τῆς
1396 2186 1589 2255 φήμης
1613 2186 1954 2256 διαδοθείσης

370 2272 470 2326 οὑκ
498 2268 567 2344 ἦν
596 2275 746 2337 ὅστις
781 2275 891 2329 τῶν
915 2276 1203 2346 γεωργῶν,
1248 2278 1309 2330 ἐν
1337 2277 1488 2349 ἀκμῇ
1532 2279 1626 2331 καὶ
1659 2278 1832 2331 ταῦτα
1858 2277 1954 2330 τοῦ

372 2367 590 2438 θέρους,
624 2367 729 2430 ἔξω
764 2368 864 2437 τῆς
904 2369 1319 2423 Κωνσταντίνου
1362 2368 1806 2433 ἐναπολέλειπτο,
1837 2369 1955 2423 ἀλλ’

370 2458 487 2528 ἅμα
516 2459 780 2513 πάντοθεν
814 2461 1144 2531 μυρμηκιὰν
1176 2460 1507 2531 μιμούμενοι
1531 2461 1954 2530 ἐσκευαγώγουν

371 2552 459 2622 ἐφ’
485 2551 732 2621 ἁμαξῶν,
764 2550 897 2623 θέρη
931 2554 1027 2605 καὶ
1053 2552 1346 2624 δράγματα
1379 2555 1477 2607 καὶ
1503 2553 1710 2616 σωροὺς
1742 2553 1956 2624 χαίρειν

369 2644 590 2708 ἐῶντες.
620 2644 747 2709 Τοῖς
778 2645 878 2715 μὲν
916 2644 1009 2698 οὖν
1038 2645 1324 2714 ἐναντίοις,
1359 2645 1462 2701 κᾶν
1497 2647 1658 2700 ἴστων
1687 2647 1757 2700 τὰ
1778 2647 1956 2717 ὁρμή-

370 2824 514 2880 hosti
552 2824 747 2880 victori
770 2824 1023 2893 obiectus
1057 2831 1238 2880 terror
1285 2831 1376 2880 est
1420 2822 1751 2879 insidiarum
1787 2839 1816 2877 a
1853 2839 1956 2879 no-

2051 532 2208 600 ὀλίγα
2246 532 2356 584 τῶν
2385 531 2702 601 ἀνηκέστων
2733 528 2971 599 πράξασι
3000 527 3096 581 καὶ
3148 527 3220 580 τά
3263 529 3644 598 προστυχόντα

2052 624 2408 697 ληῖσαμένοις
2459 623 2622 694 ἐπῄει
2669 621 2779 691 τὴν
2813 622 3012 690 ’Ᾱπρω
3063 618 3476 691 περικαθῆσθαι
3528 620 3645 674 τῶν

2053 716 2439 771 είσδεδυκότων
2480 715 2666 779 ἕνεκα,
2699 714 2792 767 καὶ
2837 712 3141 781 ἐπειρῶντο
3182 712 3530 781 πολιορκεῖν·
3564 713 3644 774 ὼς

2051 810 2227 864 δ’.οὐκ
2268 808 2464 878 ἧνυτον
2508 807 2571 860 τὸ
2622 806 2908 876 παράπαν,
2960 806 3208 873 ἔγνωσαν
3251 803 3641 873 ὑποστρέφειν.

2064 902 2312 966 Ἀλανοῖς
2339 903 2384 956 δ’
2419 900 2569 966 ἅπαξ
2593 900 2847 967 ἀφεικόσι
2876 898 2976 970 τὴν
3004 900 3144 968 πρὸς
3166 897 3294 959 τοὺς
3328 894 3643 965 βασιλεύον-

2051 1015 2154 1062 τας
2180 998 2390 1051 ἐννοιαν
2436 995 2722 1053 σκυλεύειν
2743 996 2811 1048 τὰ
2841 995 2903 1047 ἐν
2958 994 3119 1046 ποσὶν
3150 991 3320 1058 ἔδοξε,
3357 988 3454 1043 καὶ
3490 990 3637 1057 φίλοι

2057 1091 2156 1162 μὲν
2203 1090 2517 1159 ἐφίσταντο,
2548 1087 2734 1159 ἐχθροὶ
2770 1087 2816 1141 δ’
2871 1084 3262 1139 ἀπανίσταντο.
3307 1082 3492 1137 Ταῦτα
3534 1099 3639 1149 μαι

2053 1185 2164 1239 θὼν
2192 1185 2221 1238 ὁ
2261 1183 2535 1255 βασιλεὺς,
2564 1182 2659 1235 καὶ.
2704 1180 2780 1243 ὡς
2825 1179 2971 1240 είκδς
3030 1177 3353 1247 ἐπαλγήσας
3383 1177 3449 1244 τῇ
3497 1191 3638 1244 συμ-

2054 1278 2220 1348 φορᾷ,
2262 1275 2341 1346 τῷ
2377 1276 2477 1343 μέν
2505 1272 2607 1344 υίῷ
2645 1290 2707 1326 τε
2736 1272 2832 1326 καὶ
2869 1269 3084 1341 βασιλεῖ
3118 1268 3247 1331 τοὺς
3277 1265 3641 1337 παρακλητη·

2054 1373 2203 1443 ρίους
2231 1369 2307 1432 ὡς
2344 1364 2492 1439 εἶχεν
2520 1365 2882 1437 ἐνεσχεδίαζε,
2911 1364 3004 1419 τὸν
3053 1360 3470 1432 Κουτζίμπαξιν
3501 1361 3642 1413 ἀπο-

2052 1464 2174 1519 λύει
2227 1464 2366 1532 πρδς
2392 1459 2676 1522 Ἀλανοὺς.
2720 1460 2838 1527 ἅμα
2872 1456 2972 1529 μέν
3007 1456 3252 1516 ἐκείνους
3303 1453 3644 1523 ἐγκαθεστήι

2054 1556 2234 1622 ξοντα,
2271 1555 2390 1625 ἅμα
2417 1554 2475 1607 δὲ
2510 1556 2605 1607 καὶ
2627 1549 3091 1623 Τουρκοπούλους
3115 1547 3637 1615 δουλαγωγήσονταο

2050 1649 2131 1719 τῷ
2170 1647 2281 1718 γὰρ
2308 1645 2556 1715 ὁμοεθνεῖ
2585 1662 2646 1698 τε
2690 1644 2784 1698 καὶ
2809 1641 3171 1713 ὁμογλώσσιρ,
3209 1640 3306 1694 καὶ
3347 1640 3430 1693 ὅτι
3474 1639 3641 1707 συνή-

2055 1742 2156 1809 θης
2187 1735 2256 1810 ἦν
2283 1738 2533 1801 ’Δλανοῖς
2562 1738 2618 1790 ἐν
2648 1733 2820 1805 Νογᾷ,
2852 1734 2946 1788 καὶ
2971 1734 3053 1787 ὃτι
3079 1733 3183 1805 τὴν
3211 1732 3346 1802 πρὸς
3369 1729 3641 1783 Τουκτάῖν

2053 1831 2353 1901 πρεσϐείαν
2385 1829 2550 1890 αὐτὸς
2580 1828 2839 1889 ἐποιεῖτο,
2872 1826 2952 1888 είς
2984 1823 3119 1877 αίδὼ
3155 1823 3473 1893 πρέπουσαν
3501 1820 3643 1887 ὑπη-

2052 1924 2203 1988 κόοις
2229 1920 2609 1988 ἐπαγαγέσθαι
2641 1920 2783 1988 σφᾶς
2815 1915 3155 1972 ἐπιστεύετο.
3187 1915 3356 1976 Αὐτὸς
3384 1914 3431 1968 δ’
3463 1913 3523 1978 ἐξ
3546 1912 3645 1964 αὐ-

2048 2017 2151 2087 τῆς
2206 2014 2589 2086 στρατολογεῖν
2629 2030 2689 2066 τε
2743 2012 2838 2065 καὶ
2890 2010 3139 2080 ἐφορμᾷν
3192 2008 3455 2074 ἠϐούλετο
3519 2006 3639 2075 μὲν,

2053 2108 2303 2179 ἐπείχετο
2350 2107 2409 2161 δέ
2450 2108 2507 2172 ἐξ
2556 2106 2873 2174 ἀναγκαίων
2924 2103 3136 2156 πολλῶν
3198 2099 3648 2168 ἀντισπώμενος.·

2055 2199 2155 2254 Διά
2204 2197 2381 2253 ταῦτα
2429 2198 2523 2250 καὶ
2554 2197 2664 2249 ἀπὸ
2705 2195 2811 2264 γῆς
2848 2196 2947 2265 μὲν
2996 2194 3257 2263 δυνάμεις
3306 2186 3646 2251 ἀποστόλουξ

2057 2288 2513 2363 προσετοιμάζει.
2562 2283 2643 2351 οἷς
2680 2286 3015 2357 θαρροῦντες
3060 2286 3110 2337 oi
3159 2283 3474 2354 πρόσχωροι
3508 2282 3645 2352 ἀφό-

2055 2383 2167 2446 ϐως
2196 2381 2505 2453 ἐργάζοιντ⁹
2535 2380 2599 2434 ἂν
2638 2379 2723 2451 [Ρ.
2757 2376 2885 2449 584]
2925 2377 2995 2432 τὰ
3019 2375 3113 2430 τοῦ
3147 2375 3645 2445 θέρουςρἎμογα-

2057 2476 2250 2547 ὀάροις
2301 2474 2360 2548 δέ
2390 2473 2531 2534 τέως
2578 2471 2867 2542 ἀνακωχὰς
2918 2468 3096 2530 διδοὺς
3139 2467 3214 2528 ὡς
3244 2465 3445 2519 αὐτίκα
3476 2480 3646 2519 κατα-

2055 2554 2442 2636 δραμούμενος
2480 2561 2851 2633 συναχθεισῶν
2883 2560 2993 2613 τῶν
3027 2559 3332 2630 δυνάμεων,
3362 2559 3555 2610 ἔπειτα
3585 2559 3646 2609 ἐν

2056 2660 2206 2731 τρισὶ
2264 2659 2361 2713 καὶ
2409 2657 2540 2712 δέκα
2591 2656 2749 2711 ναυσὶ
2806 2654 3131 2717 Γεννουΐτας
3180 2654 3244 2706 ἐκ
3288 2653 3399 2706 τῶν
3449 2651 3648 2716 Λαζῶν

2059 2855 2119 2897 se
2166 2839 2299 2895 feris
2344 2836 2632 2893 maleficiis
2676 2835 3083 2892 monstrabant.
3129 2835 3227 2890 His
3277 2834 3638 2889 Andronicus

373 2919 509 2974 stris
547 2917 878 2986 positarum,
916 2916 971 2971 in
1003 2931 1142 2986 quas
1171 2917 1323 2985 ipsos
1344 2915 1605 2971 videlicet
1637 2916 1960 2985 pertrahere
2061 2936 2280 2991 cunctis
2302 2933 2562 3003 cngnms,
2587 2939 2642 2987 ει
2664 2945 2824 3001 quem
2851 2945 2949 2999 pa,-
2977 2938 3099 2984 εηι
3127 2945 3193 2983 εχ
3226 2929 3383 2985 clade
3415 2938 3644 2997 accep",

373 3008 677 3065 artiﬁciosa
742 3009 885 3079 fugae
917 3009 1274 3064 simulatione
1309 3008 1647 3087 gegitarent.
1678 3006 1806 3063 Haec
1832 3010 1958 3063 illos

2063 3026 2308 3082 dolorem
2343 3034 2401 3079 et
2443 3024 2691 3078 sentiens
2716 3030 2775 3079 .et
2807 3022 3095 3091 profiteris,
3131 3021 3243 3077 ﬁlio
3272 3023 3497 3092 quidem
3531 3022 3648 3077 Au-

375 3101 445 3156 ab
468 3100 703 3155 ulterius
736 3100 1122 3170 persequendo
1179 3100 1447 3155 cohibens
1500 3116 1666 3156 causa
1721 3102 1956 3171 spatium

2065 3127 2228 3189 gusto
2254 3114 2658 3171 consolatorias
2684 3129 2847 3181 quam
2873 3112 3113 3183 primum
3133 3113 3380 3181 scripsit,
3406 3112 3651 3168 Cutzim-

378 3195 632 3250 Michaeli
653 3194 809 3249 dedit
837 3209 1032 3250 manus
1065 3210 1258 3249 eorum
1292 3194 1588 3250 evadendi.
1619 3196 1699 3249 Ac
1725 3194 1955 3249 Romani

375 3289 595 3360 quidem
622 3288 805 3343 caeteri
840 3288 993 3342 varie
1019 3286 1259 3356 dispersi
1304 3286 1563 3350 salutem,
1594 3286 1684 3341 ubi
1719 3286 1959 3356 quisque

354 3382 573 3450 potuit,
620 3381 912 3451 quaesiere.
938 3379 1246 3448 Imperator
1287 3392 1433 3448 aegre
1473 3376 1837 3449 Pamphylum
1864 3378 1958 3431 de-

376 3477 525 3530 latus
555 3473 629 3528 ibi
663 3474 898 3543 quievit.
946 3471 1118 3526 Fama
1169 3468 1348 3526 cladis
1395 3468 1563 3539 hujus
1621 3469 1733 3525 late
1763 3469 1959 3535 didita,

375 3570 563 3626 nullus
599 3568 995 3639 agricolarum,
1046 3564 1150 3618 etsi
1210 3577 1454 3628 summa,
1513 3569 1574 3615 ut
1623 3570 1757 3615 tunc
1815 3571 1960 3626 erat,

376 3672 572 3720 aestate
596 3662 679 3717 vel
717 3659 956 3715 maxime
1008 3670 1175 3725 opera
1206 3668 1398 3709 eorum
1435 3652 1664 3707 maturis
1694 3651 1961 3719 colligen-

378 3757 466 3813 dis
502 3754 782 3823 segetibus
809 3763 943 3805 rure
975 3748 1375 3817 requireretur,
1429 3752 1588 3800 extra
1638 3744 1960 3801 Constanti-

380 3848 627 3919 nopolim
657 3844 960 3900 subsistere
986 3840 1185 3896 voluit.
1210 3837 1417 3908 Longis
1448 3837 1696 3907 undique
1720 3836 1963 3907 agmini-

380 3942 485 3996 bus
512 3939 689 3993 instar
737 3935 1118 4000 formicarum,
1167 3931 1528 3988 domesticam
1565 3930 1963 4001 supellectilem

336 4030 343 4031 “
379 4030 648 4104 plaustris
674 4027 991 4098 impositam
1027 4038 1139 4096 prae
1167 4038 1229 4079 se
1263 4030 1516 4093 agentes,
1548 4021 1601 4077 in
1659 4021 1851 4077 urbem
1883 4020 1967 4076 fe-

381 4126 670 4189 rebantur,
706 4120 888 4178 seeuri
923 4118 1212 4179 messium,
1240 4129 1383 4184 quas
1428 4113 1631 4184 partim
1664 4112 1721 4167 in
1752 4112 1966 4183 campis

381 4219 629 4275 nondum
662 4215 916 4271 desectas
952 4211 1115 4272 falce.
1164 4208 1369 4280 partim
1416 4208 1472 4260 in
1528 4206 1679 4261 areis
1713 4207 1968 4275 manipu-

383 4313 533 4366 latim
583 4312 637 4364 in
691 4317 878 4363 strues
917 4308 1222 4374 congestas
1287 4299 1704 4367 relinquebant,
1758 4299 1969 4353 condo-

387 4409 583 4455 nantes
616 4397 896 4464 hostibus,
926 4401 982 4447 et
1019 4371 1262 4446 inlucro
1293 4399 1561 4459 ponentes
1593 4389 1742 4459 quod
1772 4387 1969 4443 barba-

2065 3209 2247 3282 paxim
2281 3217 2465 3261 autem
2492 3206 2704 3260 dimisit
2745 3203 2810 3259 ad
2861 3202 3093 3269 Alanos,
3130 3218 3360 3274 sperans
3415 3218 3649 3259 revoca-

2061 3310 2247 3357 turum
2277 3314 2372 3354 eos
2396 3297 2463 3352 ad
2488 3296 2760 3359 officium,
2795 3295 2961 3351 sim’ul
2992 3303 3046 3349 et
3069 3294 3416 3365 Turcopulos
3443 3294 3650 3350 delini-

2060 3403 2274 3456 turum,
2298 3392 2500 3461 quibus
2523 3398 2671 3445 esset
2695 3389 2916 3457 generis
2940 3396 2996 3444 et
3027 3386 3229 3459 linguae
3256 3386 3651 3443 communione

2063 3483 2505 3547 commendatus,
2542 3482 2733 3536 Alanis
2789 3482 2957 3535 etiam
3000 3478 3288 3535 familiaris
3315 3494 3383 3535 ex
3432 3493 3499 3535 eo
3532 3478 3648 3549 jam

2062 3582 2180 3630 tum
2246 3585 2518 3642 tempore,
2549 3587 2662 3642 quo
2705 3571 2921 3626 militiae
2965 3584 3091 3624 eum
3141 3570 3280 3639 ipsis
3326 3569 3649 3626 societatem

2062 3665 2230 3736 Nogze
2257 3663 2571 3720 communis
2593 3661 2751 3717 ducis
2776 3660 3037 3732 auspiciis
3069 3658 3373 3726 habuerat;
3416 3668 3650 3729 praster-

2064 3773 2241 3828 eaque
2267 3756 2542 3827 legatione
2583 3753 2810 3809 functus
2860 3751 2930 3807 ad
2956 3751 3281 3807 Tuctainem
3311 3761 3434 3809 erat
3461 3768 3477 3805 :
3502 3753 3651 3808 unde

2066 3849 2395 3906 credebatur
2466 3854 2663 3902 auctor
2747 3845 2987 3900 idoneus
3063 3843 3287 3900 futurus
3350 3845 3653 3901 suadenda

2067 3940 2206 4013 ipsis
2240 3937 2653 3995 emendationis
2694 3937 2913 3992 ostendi
2956 3935 3027 3990 ab
3066 3935 3153 3990 his
3208 3943 3404 4006 coeptae
3452 3945 3653 3992 contu-

2067 4032 2262 4088 macia:
2290 4042 2345 4087 et
2373 4030 2585 4087 reditus
2612 4028 2683 4084 ad
2711 4029 2923 4100 frugem
2948 4028 3261 4092 meliorem,
3292 4028 3648 4092 resumenda,

2067 4124 2219 4195 quod
2279 4124 2440 4180 decet
2491 4121 2767 4186 subditos,
2827 4134 2963 4191 erga
3020 4118 3304 4191 principes
3355 4119 3647 4191 obsequio.

2069 4214 2194 4287 lpse
2236 4225 2421 4272 autem
2479 4216 2778 4285 imperator
2822 4214 3012 4269 senior
3049 4213 3414 4269 conscribere
3442 4212 3651 4266 confe-

2071 4311 2198 4365 stim
2230 4309 2539 4365 exercitum
2563 4315 2621 4363 et
2648 4308 2915 4377 impetum
2946 4307 3001 4361 in
3035 4308 3224 4362 hostes
3250 4306 3433 4362 facere
3462 4307 3651 4376 cupie-

2071 4403 2167 4459 bat
2196 4403 2441 4473 quidem,
2475 4401 2867 4457 retardabatur
2904 4408 3086 4455 autem
3114 4400 3448 4455 necessariis
3476 4400 3653 4469 plurio

385 4495 564 4547 ficum
598 4488 883 4543 εθτνίιῖιιιῐὶ
918 4494 1012 4539 θυι
1060 4482 1269 4538 ferrum
1295 4483 1383 4538 vel
1430 4481 1565 4537 "udi
1620 4493 1676 4537 ει
1719 4481 1968 4536 omnium
2000 4481 2048 4506 υ
2075 4495 2182 4551 mis
2216 4496 2271 4549 in
2308 4494 2528 4549 diversa
2561 4492 2930 4549 trahentibus.
2964 4492 3103 4546 lllud
3134 4493 3401 4547 continuo
3430 4492 3658 4561 expedi-

386 4584 581 4652 inopes
605 4581 930 4649 effugerent.
964 4577 1219 4631 Victores
1250 4575 1508 4640 Barbari,
1544 4575 1639 4629 ubi
1680 4576 1818 4630 satis
1852 4574 1969 4631 dis-

385 4682 688 4731 cusserunt
732 4670 1108 4739 suspicionem
1142 4667 1475 4724 insidiarum
1513 4681 1636 4736 quae
1663 4666 1786 4720 illos
1821 4680 1853 4720 a
1887 4667 1971 4720 vi-

2070 4590 2170 4655 vit,
2200 4588 2350 4658 quod
2394 4587 2698 4642 instantius
2755 4587 3011 4655 urgebat,
3061 4594 3287 4654 propter
3330 4586 3516 4656 fugam
3557 4587 3658 4641 tali

2069 4681 2317 4745 tempore
2352 4666 2720 4745 perniciosam
2755 4688 2820 4727 ex
2851 4674 3000 4742 agris
3021 4663 3379 4741 rusticorum.
3417 4675 3652 4730 Paravit.

385 4779 509 4820 etos
533 4764 877 4833 insequendo
912 4762 1313 4828 retardaverat,
1357 4774 1457 4814 nec
1486 4772 1662 4830 pauca
1702 4773 1804 4813 nec
1825 4759 1968 4814 levia
2069 4762 2328 4818 videlicet
2359 4769 2508 4816 terra
2546 4760 2950 4817 submittendas
2978 4761 3191 4829 copias,
3246 4760 3361 4817 illis
3408 4762 3539 4817 dum
3573 4778 3665 4817 se-

386 4859 566 4914 obviis
600 4857 761 4928 553
791 4856 1089 4911 crudeliter
1129 4853 1415 4909 vastandis
1461 4851 1714 4921 exempla
1764 4853 1970 4921 passim
2073 4865 2227 4929 getes
2280 4864 2555 4911 meterent
2584 4865 2640 4912 et
2668 4866 2866 4912 caetera
2901 4865 3096 4913 aestate
3130 4867 3402 4914 consueta
3434 4859 3488 4912 in
3524 4875 3658 4929 pro-

387 4966 568 5005 avarae
601 4949 840 5004 feritatis
869 4948 1192 5005 ediderunt.
1223 4947 1386 5001 Areis
1418 4943 1620 5000 deinde
1646 4946 1794 5015 Apro
1816 4945 1977 5000 dictae
2076 4948 2369 5004 curatione
2399 4963 2634 5003 annonae
2674 4962 2845 5018 opera
2886 4956 3238 5015 exercerent,
3299 4951 3657 5006 securitatem

389 5042 769 5113 oppugnandae
822 5056 889 5096 ex
952 5057 1019 5096 eo
1067 5041 1205 5111 ipsis
1262 5037 1565 5094 consilium
1628 5046 1817 5091 natum
1866 5045 1973 5104 est,
2074 5039 2342 5095 allaturas
2392 5039 2745 5109 requisitam.
2779 5039 3144 5112 Amogabaris
3202 5039 3451 5097 indutias
3507 5042 3663 5096 velut

387 5135 539 5204 quod
572 5136 624 5188 in
657 5149 779 5187 eam
821 5149 881 5189 se
908 5135 1190 5202 recepisse
1214 5131 1417 5184 multos
1443 5144 1474 5184 e
1496 5129 1685 5200 praelio
1705 5144 1980 5197 cognove-
2077 5127 2344 5197 quasdam
2374 5127 2695 5199 indulgebat
2716 5128 2961 5193 interim,
2989 5128 3083 5183 sed
3115 5127 3439 5199 555jquas
3462 5130 3663 5186 breves

387 5238 535 5291 rant,
567 5228 715 5281 unde
743 5224 951 5297 praeda
976 5225 1243 5282 refertam
1297 5222 1738 5276 arbitrabantur.
1788 5220 1979 5291 Copiis

388 5303 535 5391 ergo.
566 5322 805 5376 adn'iotis
855 5336 976 5375 eum
1003 5318 1222 5388 egregie
1261 5318 1467 5387 repulsi
1505 5332 1697 5388 parum
1736 5317 1972 5388 proﬁce-

386 5424 533 5478 rent,
569 5429 670 5469 nec
704 5414 826 5483 plus
869 5426 936 5466 ex
982 5410 1395 5481 perseverantia
1441 5419 1748 5477 sperarent,
1785 5409 1966 5464 soluta

387 5503 676 5560 obsidione
710 5503 910 5559 reverti
937 5507 1281 5555 statuerunt.
1318 5499 1539 5555 Interim
1573 5499 1764 5554 Alanis
1794 5498 1965 5555 semel

391 5597 597 5655 amissa
628 5612 760 5667 erga
794 5596 1134 5663 imperantes
1161 5593 1541 5648 benevolentia
1574 5595 1775 5662 passim
1807 5592 1969 5646 obvia

393 5689 635 5759 diripere
662 5702 727 5741 ac
757 5687 989 5740 licenter
1038 5683 1357 5739 latrocinari
1394 5683 1593 5737 bonum
1630 5681 1772 5736 factu
1797 5682 1976 5737 visum

399 5787 505 5834 est.
538 5777 678 5849 Ergo
712 5784 769 5833 et
791 5775 903 5842 isti,
953 5790 1076 5831 cum
1112 5783 1170 5829 ut
1196 5774 1357 5829 amici
1391 5772 1750 5839 haberentur,
1792 5772 1981 5828 hostes

2080 5220 2202 5276 fore
2233 5222 2561 5284 minaretur,
2597 5218 2885 5274 affirmans
2916 5233 2977 5273 se
3025 5220 3211 5274 statim
3245 5229 3410 5289 atque
3428 5235 3663 5290 congre—

2081 5323 2269 5383 gasset
2292 5313 2507 5381 copias,
2548 5311 2606 5366 in
2648 5311 2773 5367 illos
2817 5311 3076 5367 infestum
3133 5313 3504 5368 ineursurum.
3537 5311 3669 5368 Post

2082 5399 2199 5454 haec
2220 5414 2475 5455 reversos
2502 5415 2532 5453 e
2563 5398 2722 5453 Lazis
2765 5398 3089 5455 Genuenses
3130 5415 3256 5455 cum
3290 5400 3524 5456 navibus
3558 5412 3661 5456 tre-

2082 5491 2260 5547 decim
2316 5490 2383 5546 ad
2446 5505 2725 5545 armorum
2759 5505 2948 5546 secum
3004 5492 3326 5547 societatem
3367 5493 3663 5548 iucundam

2080 5594 2168 5642 est
2202 5583 2459 5654 pellicere
2504 5593 2763 5639 conatus.
2804 5582 2912 5639 Sed
2965 5592 3179 5639 tantum
3221 5583 3400 5640 abfuit
3430 5597 3489 5639 ut
3516 5585 3572 5640 id
3615 5586 3665 5639 ei

2081 5676 2376 5733 consilium
2423 5677 2747 5732 succederet
2799 5692 2869 5732 ex
2905 5686 3058 5746 voto,
3120 5687 3179 5733 ut
3224 5678 3364 5735 duas
3399 5678 3668 5734 continuo

2085 5786 2255 5827 naves
2287 5770 2536 5825 omnium
2581 5771 2818 5841 optimas
2849 5770 3046 5828 viderit
3091 5773 3337 5843 expediri
3372 5771 3439 5826 ab
3493 5771 3561 5827 iis
3611 5772 3667 5824 in
