4046 6388
298 307 412 369 609

1232 305 1330 368 DE
1369 301 1819 366 ANDRONICO
1850 274 2315 361 PALAEOLOGO
2342 300 2490 362 LIB.
2526 300 2627 360 vr.

3460 302 3595 368 610.

309 419 757 490 ὑποστρέψαντας
795 424 1106 493 συμμαχεῖν
1139 422 1419 494 ἐπεχείρει
1446 419 1677 474 πείθειν.
1725 416 1890 472 Ἀλλὰ
1919 423 1966 478 Α
1993 404 2507 487 δουλαγωγηθέντες
2553 417 3116 490 ἐγκατεκλείσθησαν,
3164 421 3273 475 οὐδ’
3315 421 3472 475 αὐτοί
3514 438 3579 490 γε

304 504 561 559 τοσοῦτον
618 507 727 562 τῶν
785 509 1173 580 βουλευμάτων
1223 512 1447 580 ἐδέησεν
1504 510 1647 564 ὥστε
1694 510 1792 561 καὶ
1832 508 1893 572 ἐξ

307 597 487 650 αὐτῶν
516 598 612 651 δύο
649 601 782 664 ναῦς
827 602 926 664 τὰς
961 603 1261 665 καλλίστας
1315 602 1616 657 ἐκπλεῦσαι
1646 600 1889 669 ἀγούσας

309 689 442 756 πρὸς
474 688 691 745 Ἰταλῶν
738 693 841 763 ἤθη
895 697 990 749 καὶ
1040 696 1536 765 Μπυριγέριον.οί
1584 694 1629 747 δ’
1661 696 1720 746 ὲν
1770 695 1891 756 ταῖς

307 776 522 841 λοιπαῖς
547 778 588 831 Γ
592 779 863 836 εννουῗται
893 783 952 836 τδ
982 784 1286 853 ἐμπορικὸν
1313 785 1699 854 προϊσχόμενοι
1726 783 1894 837 ἀπαί-

311 886 424 937 ρειν
449 871 546 922 καὶ
580 871 736 925 αὐτοὶ
785 874 1165 945 ἡτοιμάζοντο.
1194 876 1363 938 Μόλις
1412 875 1696 940 ἀξιώσεως
1730 877 1892 946 χάριν

308 962 625 1029 ἐκλέγονται
658 963 773 1028 δύο,
833 967 1024 1036 μισθοῦ
1071 969 1427 1038 νομισμάτων
1478 966 1889 1039 ἑξακισχιλίων,

306 1051 447 1122 πλὴν
478 1055 571 1105 ἐπὶ
606 1056 817 1124 ῥητοῖς,
859 1055 1002 1110 ὥστε
1032 1058 1123 1127 ὑφ’
1150 1060 1299 1129 ὅρκῳ
1350 1059 1553 1130 βεϐαίῳ
1583 1059 1676 1131 δρο
1715 1061 1892 1129 μῆνας

307 1145 658 1200 ἐκδουλεῦσαι
686 1148 763 1218 τῷ
796 1148 1027 1218 βασιλεῖ,
1060 1153 1518 1222 συμπράττοντας
1546 1154 1659 1215 τοῖς
1684 1150 1891 1214 λοιποῖς

308 1238 403 1290 καὶ
443 1237 820 1309 πολεμοῦντας
872 1243 931 1305 ἐς
967 1241 1112 1295 ἅπαν
1151 1244 1226 1307 ὡς
1263 1243 1480 1315 ἐχθροῖς
1529 1244 1796 1314 βασιλέως
1830 1259 1891 1295 τε

310 1331 405 1384 καὶ
426 1329 521 1383 τοῦ
563 1333 899 1403 περιφανοῦς
952 1337 1105 1405 σφῶν
1161 1336 1461 1408 ξυνεδρὶου.
1493 1339 1557 1390 Οί
1590 1337 1633 1390 δ’
1680 1339 1738 1389 ἐν
1772 1338 1893 1399 ταῖς

310 1422 612 1488 ὲπιλοίποις
667 1427 823 1480 ὲννέα
850 1427 1167 1497 ὡμολόγουν
1212 1429 1291 1499 τῷ
1337 1429 1553 1498 βασιλεῖ
1596 1432 1691 1482 καὶ
1735 1430 1895 1483 αὐτοὶ⁸

307 1518 600 1588 ἐπιστῆναι
637 1519 867 1590 δωρεάν,
928 1524 1022 1574 καὶ
1060 1524 1147 1592 ἐφ’
1180 1524 1418 1593 ἡμέραις
1472 1523 1892 1592 προσκαρτερή-

309 1626 500 1673 σαντες
532 1611 678 1664 κατά
707 1628 830 1664 τινα
877 1613 984 1667 τῶν
1019 1614 1232 1685 ὲχθρῶν
1286 1614 1489 1667 δειλίαν
1540 1614 1750 1684 πρᾶξαι
1797 1613 1896 1667 καὶ

307 1696 448 1769 ὑπὲρ
479 1697 590 1753 τῶν
625 1698 950 1769 Ῥωμαϊκῶν
977 1702 1323 1773 πραγμάτων
1352 1704 1741 1775 πειράσασθαι,
1769 1705 1897 1758 κάν-

304 1789 499 1844 τεῦθεν
525 1791 855 1865 ἀναχωρεῖν,
897 1793 1003 1849 κᾶν
1032 1796 1267 1851 εὐοδοῖεν
1297 1797 1406 1851 κᾶν
1437 1798 1537 1868 μή.
1566 1797 1755 1852 Ταῦτα
1779 1798 1896 1853 δια.-

305 1882 654 1953 πραξάμενος
675 1885 951 1956 βασιλεὺς,
971 1890 1088 1954 πῶς
1109 1888 1174 1944 ἂν
1194 1890 1257 1944 τὸ
1276 1889 1529 1945 ἐντεῦθεν
1552 1891 1663 1945 τῶν
1685 1890 1897 1962 ἐχθρῶν

305 1978 687 2049 περιγένηται,
717 1979 1113 2052 βουλευόμενος
1141 1983 1445 2039 διεσκόπει.

304 2087 408 2157 λγ’.
449 2089 592 2158 Περὶ
652 2089 777 2145 τῶν
809 2092 883 2168 ἐν·
915 2094 994 2164 τῇ
1029 2093 1550 2168 Α’ᾼ-δριανουπόλει
1585 2096 1894 2168 ἐγκεκλει-

752 2163 996 2232 σμένων
1028 2165 1467 2236 Ἀμογαϐἁρων.

381 2250 466 2325 [Ρ.
501 2251 631 2324 585]
681 2255 757 2307 Οὐ
812 2255 921 2325 μὴν
975 2256 1030 2310 δὲ
1084 2258 1180 2311 καὶ
1237 2259 1286 2310 οἱ
1320 2260 1423 2312 ἀνὰ
1470 2258 1570 2330 τὴν
1613 2257 1894 2329 Ἀδριανοῦ

302 2345 754 2416 ἐγκεκλεισμένοι
784 2347 1110 2412 Κατελάνοι,
1160 2352 1292 2421 περὶ
1331 2347 1603 2422 ἑξήκοντα
1637 2350 1814 2419 ὄντες,
1844 2350 1896 2405 οἳ

308 2438 402 2490 καὶ
428 2437 522 2491 τοῦ
564 2438 846 2509 Καίσαρος
873 2440 1118 2496 ἐκποδὼν
1153 2443 1442 2512 γεγονότος
1472 2442 1666 2497 ἔπειτα
1710 2445 1898 2516 ὅρκοις

309 2617 547 2685 italiam,
589 2629 974 2690 reportaturas
1016 2620 1149 2678 illuc
1190 2620 1582 2694 Mpyrigerium
1630 2623 1699 2678 ad
1737 2623 1896 2679 sedes

310 2715 578 2781 ipsorum.
626 2712 733 2780 Qui
768 2723 953 2770 autem
991 2725 1318 2786 supererant
1371 2716 1425 2771 in
1485 2717 1610 2772 aliis
1660 2718 1898 2772 navibus

308 2803 654 2869 Genuenses,
688 2809 757 2862 ad
796 2810 1122 2864 solvendum
1171 2819 1228 2864 et
1265 2809 1373 2880 ipsi
1408 2810 1894 2880 comparabantur,

312 2898 681 2954 obtendentes
716 2902 791 2953 ita
825 2901 910 2955 sui
957 2903 1303 2956 mercimonii
1359 2904 1606 2957 rationes
1641 2917 1896 2970 poscere.

312 2987 479 3058 Aigre
504 2991 725 3044 tandem
752 2992 938 3046 multis
972 2995 1229 3061 precibus
1257 2994 1310 3047 in
1340 3008 1536 3064 magna
1568 3004 1723 3062 parte
1770 3009 1895 3063 gra-

314 3081 403 3134 tia:
441 3081 796 3150 impetratum
833 3094 941 3151 est,
984 3096 1041 3139 ut
1072 3084 1197 3140 duae
1227 3100 1396 3140 naves
1431 3086 1750 3156 imperatori
1796 3086 1899 3141 mi-
1923 3114 1968 3171 α

307 3173 551 3228 litaturae
600 3184 1027 3245 segregarentur
1072 3192 1102 3231 e
1142 3178 1323 3232 classe
1372 3177 1608 3246 reliqua,
1642 3177 1897 3233 mercede

304 3271 468 3330 pacta
505 3279 602 3318 sex
639 3267 871 3321 millium
926 3283 1306 3334 nummorum,
1347 3270 1514 3339 idque
1551 3269 1656 3325 sub
1706 3270 1898 3325 condi-

312 3364 466 3412 tione
509 3358 725 3414 diserte
773 3360 1032 3429 stipulata
1071 3368 1122 3415 et
1174 3360 1539 3430 jurejurando
1589 3361 1898 3417 inviolabili

310 3452 555 3516 iirmata,
604 3452 749 3507 haud
796 3453 938 3506 ultra
976 3468 1198 3509 menses
1231 3455 1376 3510 duos
1411 3457 1536 3511 illas
1575 3456 1895 3527 imperatori

308 3545 650 3609 servituros,
681 3544 776 3598 sed
809 3546 916 3599 isto
956 3545 1202 3600 bimestri
1232 3546 1501 3602 duntaxat
1529 3551 1707 3618 spatio
1732 3551 1901 3618 impe-

310 3640 534 3691 ratoriae
558 3638 695 3692 istas
717 3644 1092 3693 accensendas
1131 3640 1320 3705 classi,
1348 3643 1705 3711 navigaturas
1735 3655 1789 3697 et
1814 3643 1897 3699 ci-

310 3737 400 3780 tra
439 3728 830 3797 exceptionem
864 3739 1204 3799 pugnaturos
1237 3732 1403 3785 ullam
1449 3736 1717 3790 adversus
1744 3735 1899 3803 Cate-

313 3820 473 3873 lanos
525 3829 577 3872 et
629 3817 1008 3889 Amogabaros
1054 3821 1131 3875 uti
1192 3823 1377 3879 hostes
1418 3825 1773 3895 imperatoris
1843 3837 1898 3882 et

311 3908 650 3977 perillustris
674 3922 901 3964 senatus
929 3911 1202 3980 ipsorum.
1232 3914 1482 3971 Aliarum
1513 3932 1636 3987 qua:
1673 3934 1901 3990 supere-

312 4011 442 4055 rant
478 4018 673 4057 novem
707 4007 933 4057 navium
971 4015 1219 4060 vectores
1244 4007 1473 4075 polliciti
1507 4019 1639 4064 sunt
1689 4011 1899 4066 substi-

313 4106 473 4149 turos
503 4109 561 4149 se
591 4092 660 4149 ad
698 4094 817 4150 dies
841 4094 1055 4164 aliquot
1087 4099 1284 4167 gratis,
1310 4108 1364 4154 et
1395 4100 1462 4155 ad
1494 4108 1764 4159 terrorem
1795 4105 1895 4158 ho-

313 4186 493 4239 stibus
554 4184 934 4240 incutiendum
1009 4189 1249 4254 speciem
1332 4191 1660 4257 prmbituros
1736 4195 1896 4264 quasi

315 4274 670 4329 militantium
696 4276 963 4346 auspiciis
986 4278 1241 4348 Augusti,
1265 4283 1400 4350 quin
1424 4290 1478 4336 et
1509 4283 1555 4337 si
1582 4299 1641 4338 se
1675 4284 1895 4340 interim

312 4367 500 4437 aliqua
535 4366 756 4423 oﬂ‘erret
792 4373 1013 4423 occasio
1048 4371 1126 4424 rei
1160 4369 1304 4424 bene
1334 4373 1613 4442 gerendae,
1662 4376 1899 4432 collatu-

316 4475 411 4516 ros
445 4475 545 4529 pro
576 4459 717 4514 virili
754 4475 976 4529 Operam
1021 4462 1358 4531 adjuvandis
1403 4463 1693 4533 Romanis,
1742 4470 1895 4524 salva
1929 4470 1973 4524 D
2004 4467 2204 4520 bantur
2244 4464 2322 4518 illi
2367 4464 2591 4534 quidem
2650 4466 2820 4518 noxie

314 4568 539 4623 semper
573 4554 787 4619 integra
827 4553 1083 4608 libertate
1113 4555 1336 4623 quando
1370 4558 1581 4612 vellent
1631 4560 1893 4627 abeundi,

316 4646 438 4700 sive
468 4643 678 4713 aliquid
708 4643 960 4699 eﬂectum
1004 4644 1116 4714 jam
1177 4658 1325 4702 esset
1361 4647 1479 4703 sive
1519 4663 1652 4704 non.
1690 4650 1787 4706 His
1817 4652 1900 4707 sic

319 4738 622 4796 transactis
657 4739 958 4808 imperator
993 4748 1143 4794 totus
1174 4750 1296 4794 erat
1332 4740 1385 4796 in
1420 4742 1776 4811 disquirenda
1810 4761 1901 4800 ra-

319 4836 472 4890 tione
509 4834 757 4889 victoriae
777 4833 846 4888 de
878 4833 1131 4890 hostibus
1163 4838 1530 4904 reportandae.

459 4972 550 5027 55.
589 4969 662 5025 De
699 4934 959 5025 conclusis
990 4970 1346 5039 Adriauopoli
1384 4948 1789 5044 Amogabaris.‘

389 5110 542 5165 inter
575 5112 687 5166 haec
721 5126 789 5165 ne
815 5110 919 5180 ipsi
957 5109 1178 5180 quidem
1229 5111 1493 5167 custodlti
1524 5111 1894 5183 Adrianopoli

315 5204 568 5261 Catelani
590 5202 814 5257 circiter
846 5204 1150 5273 sexaginta,
1185 5217 1326 5272 quos
1352 5203 1648 5258 interfecto
1681 5204 1904 5261 Caesare

318 5296 657 5353 deditionem
688 5295 803 5348 vita
823 5293 1354 5364 salvajurejurando
1392 5304 1586 5364 pactos
1634 5296 1748 5350 illic
1780 5311 1904 5351 car-

319 5405 450 5448 cere
498 5389 754 5446 conditos
816 5387 1080 5451 diximus,
1122 5394 1219 5443 aut
1277 5403 1506 5459 prorsus
1572 5389 1904 5459 ignorarunt

322 5484 454 5555 quid
488 5480 808 5551 imperatori
843 5478 1003 5550 555
1048 5490 1245 5535 contra
1282 5497 1440 5538 suam
1476 5483 1724 5552 ipsorum
1767 5499 1903 5554 gen-

325 5587 440 5632 tem
482 5574 749 5645 pugnanti
784 5574 1098 5635 accidisset,
1133 5583 1315 5630 antea
1352 5576 1431 5628 uti
1465 5578 1662 5630 notitia
1699 5577 1765 5631 ad
1795 5579 1902 5634 sibi

323 5681 549 5739 quoque
570 5678 668 5735 per
701 5679 762 5719 se
818 5664 1218 5719 consulendum
1282 5665 1592 5736 neglexere,
1630 5668 1900 5738 siquidem

323 5775 452 5817 cum
485 5762 629 5813 fama
665 5756 778 5811 late
832 5771 1145 5828 pervagatis
1185 5757 1433 5815 fusorum
1474 5759 1901 5831 fugatorumque

1994 507 2055 558 τὸ
2085 505 2216 575 περὶ
2252 506 2341 558 τὸν
2373 504 2600 575 βασιλέα
2628 507 2942 561 ἀνάποστον
2970 511 3191 577 γεγονὸς
3220 511 3281 563 τὸ
3316 513 3580 581 παράπαν

1995 596 2252 667 ἠμέλουν,
2283 597 2423 651 ἀλλά
2471 598 2664 668 φήμης
2713 598 3052 670 διαδοθείσης
3083 604 3159 665 ὼς
3208 604 3349 655 κατὰ
3380 603 3581 672 κράτος

1993 687 2341 757 ἡττηθέντων
2369 688 2479 741 τῶν
2512 689 2797 760 ἡμετέρων
2828 691 2923 743 καὶ
2952 693 3002 744 οἱ
3047 693 3142 744 τοῦ
3174 692 3368 759 γένους
3400 694 3582 749 αὐτῶν

1999 779 2162 851 μέχρι
2193 782 2290 833 καὶ
2341 781 2524 833 αὐτῶν
2552 781 2717 846 ἴασιν,
2750 783 3050 853 ἀρήξοντες
3099 785 3271 854 σφίσι.
3320 785 3584 855 ῥήξαντες

1994 872 2065 924 τὰ
2092 872 2291 943 δεσμὰ,
2344 874 2468 925 ἐπεὶ
2501 875 2873 942 ὲκφυγγάνειν
2905 875 3006 927 οὐκ
3037 872 3182 945 εἶχον
3230 877 3583 929 δυσανοίκτου

1994 964 2148 1028 δντος
2198 965 2293 1016 τοῦ
2345 966 2560 1036 πύργου
2614 967 2702 1020 ἵνα
2743 969 2839 1020 καὶ
2873 968 3287 1038 ὲγκαθίδρυντο,
3317 970 3430 1023 ἄνω
3481 986 3582 1021 που

1994 1055 2373 1126 ἀνερρηφότες
2416 1056 2558 1109 κατὰ
2589 1057 2650 1110 τὸ
2687 1055 2958 1130 ὕπαιθρον
2989 1058 3201 1112 ἐκεῖθεν
3237 1059 3587 1127 παρακειμέ-

1995 1162 2116 1206 vat;
2145 1147 2376 1217 πέτραις
2405 1147 2827 1218 ἠκροϐολίζοντο
2863 1151 2959 1202 καὶ
2991 1152 3117 1213 τοὺς
3150 1149 3402 1212 ἐπιόντας
3436 1149 3584 1219 ἠμύ-

1995 1254 2168 1299 νοντο,
2226 1239 2593 1308 σκοπούμενοι
2648 1240 3020 1294 καταπίπτειν
3073 1240 3192 1310 μετ’
3256 1241 3593 1307 ἀσφαλείαςν

2009 1328 2149 1382 Ἀλλ’
2189 1330 2289 1382 οὐκ
2314 1329 2511 1399 ἤνυτον
2550 1331 2611 1382 τὸ
2653 1331 2937 1403 παράπαν,
2979 1331 3087 1385 τῶν
3115 1332 3352 1385 πολιτῶν
3395 1332 3584 1403 ἐκείνῃ

1996 1439 2072 1492 πη
2126 1423 2522 1491 περιστάντων.
2559 1424 2720 1477 Ὅθεν
2768 1426 2867 1478 καὶ⁹
2909 1424 3107 1491 ὀλίγων
3156 1426 3586 1495 φυγομσχησεὶν-

1996 1530 2104 1566 των
2133 1513 2229 1565 καὶ
2268 1513 2499 1576 ἑαυτοὺς
2544 1515 2922 1584 παραδόντων,
2963 1517 3011 1569 οἱ
3062 1517 3241 1570 λοιποὶ
3291 1518 3453 1587 μέχρι
3488 1518 3587 1571 καὶ

1997 1603 2163 1658 αὑτοῦ
2198 1603 2434 1659 θανάτου
2466 1606 2857 1676 ἐνεργέστερον
2895 1608 3199 1678 ἐπολέμουν
3231 1610 3325 1663 καὶ
3363 1610 3588 1678 βάλλον-

1996 1713 2088 1760 τες
2120 1696 2536 1767 ὲτιτρὼσκοντο.
2588 1698 2759 1762 Τέλος
2791 1698 2924 1768 ὕλην
2972 1700 3323 1772 παντοδαπὴν
3369 1717 3584 1771 συμφο-

2003 1790 2270 1862 ρήσαντες
2305 1790 2356 1843 oi
2404 1789 2620 1845 πολῖται
2654 1789 2766 1861 πῦρ
2800 1792 3009 1845 ἐνιᾶσιν
3038 1792 3115 1856 ὡς
3155 1791 3585 1862 καταφλέξοντες

1997 1881 2093 1935 καὶ
2122 1880 2334 1952 πύργον
2381 1879 2635 1945 καὶτοὺς
2683 1883 2741 1935 ιν
2786 1882 2983 1955 τούτῳ.
3010 1885 3121 1939 Καὶ
3173 1885 3235 1938 τὸ
3284 1886 3383 1957 μὲν
3419 1885 3586 1957 ⁴ᾔρετο

1999 1970 2168 2041 μέγα,
2210 1971 2259 2024 οἱ
2293 1969 2349 2024 δὲ
2375 1974 2441 2042 τῇ
2471 1971 2632 2042 φλογὶ
2665 1971 3035 2044 ἑνειλούμενοι
3060 1975 3174 2030 οὐδ’
3197 1976 3255 2039 ές
3290 1975 3465 2047 βραχὺ
3486 1973 3585 2030 τοῦ

1998 2063 2265 2134 εὐτόλμου
2300 2064 2705 2134 καθυφείκεσαν
2735 2066 2999 2137 λήματος,
3022 2069 3160 2123 ἀλλὰ
3184 2069 3400 2139 πρῶτον
3430 2085 3588 2141 περι-

1996 2155 2246 2225 δυόμενοι
2285 2158 2540 2228 ἐσθῆτας,
2594 2159 2739 2213 κατὰ
2792 2162 2965 2230 πυρὸς
3020 2159 3329 2232 βάλλοντες,
3376 2161 3435 2214 τὸ
3471 2160 3588 2232 πῦρ

1996 2244 2107 2303 οἷον
2156 2250 2449 2321 ἠμύνοντο,
2494 2252 2690 2307 ἔπειτα
2740 2253 2864 2307 κατ’
2911 2254 3092 2323 ὀλίγον
3151 2253 3586 2327 κραταιουμένου

1997 2341 2095 2396 τοῦ
2126 2343 2419 2412 φλέγοντος
2469 2345 2828 2416 ἀνηλίσκοντο
2859 2349 2917 2413 ἐς
2953 2351 3086 2403 αὐτὸ
3119 2350 3403 2420 πηδῶντες
3429 2348 3587 2402 έκόν·

1998 2453 2111 2503 τες,
2147 2437 2450 2508 φιλήμασιν
2492 2439 2755 2510 ἀλλήλους
2797 2442 3187 2512 ἀφοσιούμενοι
3222 2444 3316 2496 καὶ
3364 2442 3588 2514 σταυρῷ

2001 2630 2202 2687 magno
2232 2617 2421 2686 praelia
2459 2616 2839 2672 Romanorum
2863 2633 2893 2672 a
2926 2619 3044 2674 suis
3076 2620 3480 2677 contribulibus
3511 2622 3602 2695 ad,

2000 2708 2153 2778 ipsos
2187 2723 2411 2778 quoque
2458 2709 2825 2777 pervenisset,
2861 2711 3093 2765 audacia
3132 2714 3429 2767 confestim
3460 2713 3588 2770 inde

2001 2811 2220 2870 sumpta
2253 2816 2353 2856 sua
2391 2801 2627 2869 primum
2658 2804 2760 2871 ipsi
2790 2802 3015 2857 vincula
3052 2819 3270 2873 rupere.
3308 2802 3603 2873 Quoniami

2001 2850 2220 2870 -s--_.,-_
2253 2850 2353 2856 ,η
2391 2850 2627 2869 ,---------
2659 2850 2760 2871 τ--
2803 2850 3015 2857 .----_-_
3052 2850 3270 2873 --.ν-η-
3313 2850 3583 2870 ,ιη-...ηπ

2001 2905 2183 2949 autem
2220 2909 2288 2948 ne
2329 2894 2409 2948 sic
2436 2895 2658 2963 quidem
2692 2893 2934 2965 eﬂugere
2977 2895 3256 2965 valebant,
3307 2907 3462 2954 turre
3498 2850 3604 2969 im!

2001 2994 2087 3042 tra
2113 3002 2277 3055 quam
2305 2996 2465 3041 erant
2486 2986 2662 3041 clausi
2689 3002 2815 3041 cum
2847 2988 3019 3043 muris
3045 2988 3369 3044 solidissimi
3404 2976 3603 3060 operis.

2000 3095 2105 3135 nec
2136 3080 2352 3149 eﬂringi
2384 3095 2551 3133 manu
2614 3079 2898 3143 facilibus,
2944 3090 3057 3134 tum
3105 3081 3278 3135 valvis
3338 3080 3602 3164 securisﬁ

2007 3175 2146 3229 sime
2207 3173 2510 3227 obstructis
2567 3172 3000 3227 ineiuctabiliter
3061 3175 3271 3228 exitum
3324 3166 3649 3244 negante,“

2006 3275 2263 3336 superato
2297 3265 2420 3335 ejus
2454 3264 2701 3333 fastigio,
2739 3265 2833 3320 ubi
2866 3267 3154 3321 subdivale
3206 3268 3427 3335 patebat
3455 3280 3590 3336 spa-

2006 3358 2168 3423 tium,
2202 3356 2329 3410 inde
2356 3364 2605 3426 repertas
2633 3355 2744 3410 illic
2797 3365 2984 3426 petras
3013 3357 3067 3411 in
3106 3364 3332 3412 nostros
3360 3358 3584 3425 dejicie-

2007 3452 2162 3516 bant,
2197 3450 2279 3505 sic
2311 3454 2598 3505 studentes
2626 3458 2955 3518 praevertere
2987 3466 3055 3504 ne
3096 3451 3398 3504 descensus
3425 3465 3492 3504 ex
3522 3463 3589 3504 eo

2007 3541 2131 3595 loco
2164 3542 2461 3611 .ipsorum,
2523 3540 2578 3593 in
2627 3555 2739 3609 quo
2788 3555 2952 3611 quam
2999 3539 3357 3595 securissime
3397 3538 3591 3592 liceret

2008 3633 2333 3688 adornando
2365 3631 2591 3687 interim
2631 3632 2910 3691 industria
2943 3647 3139 3702 magna
3169 3631 3520 3700 satagebant,
3556 3643 3605 3682 a.

2007 3725 2329 3779 custodibus
2398 3724 2616 3779 inferne
2674 3723 3116 3794 repugnantibus
3171 3722 3588 3792 prohiberetur.

2010 3816 2213 3873 Verum
2243 3817 2762 3887 AdrianOpolitanis
2794 3817 2863 3871 ad
2891 3817 3189 3870 tumultum
3245 3817 3593 3871 accurrenti-

2006 3908 2111 3968 bus
2133 3911 2571 3983 juvantibusque
2596 3912 2881 3976 custodes,
2911 3926 3102 3981 parum
3142 3910 3280 3979 ipsis
3328 3925 3462 3965 suus
3493 3917 3592 3964 aut

2009 4019 2239 4076 prorsus
2314 4004 2451 4058 nihil
2509 4004 2896 4074 quantuslibet
2950 4013 3189 4057 conatus
3241 4003 3589 4072 proﬁciebat.

2011 4098 2167 4153 Unde
2195 4098 2384 4167 paucis
2421 4096 2517 4167 qui
2550 4098 2775 4152 demissi
2824 4112 2888 4151 ex
2930 4098 3042 4150 alto
3074 4095 3309 4159 frustra,
3348 4094 3593 4163 undique

2006 4190 2219 4255 ambiti,
2253 4188 2441 4259 iugere
2468 4188 2898 4252 contenderant,
2952 4188 3196 4256 denique
3229 4202 3355 4243 sese
3388 4188 3591 4243 dedere

2007 4280 2239 4344 coactis,
2292 4278 2489 4349 reliqui
2545 4294 2790 4349 pugnare
2833 4296 3011 4349 usque
3062 4280 3128 4333 ad
3194 4292 3445 4346 mortem,
3479 4296 3593 4350 qua

2007 4374 2191 4429 solent
2241 4372 2517 4443 desperati
2564 4371 2791 4440 ferocia,
2844 4385 3226 4443 perrexerunt.
3270 4375 3337 4429 Et
3378 4375 3594 4443 jacula-

2872 4482 2886 4518 :
2942 4477 3204 4519 caeterum
3261 4463 3504 4535 undique
3535 4473 3594 4519 et

2010 4558 2113 4627 ipsi
2149 4558 2274 4612 telis
2326 4558 2552 4628 appetiti
2601 4558 3078 4630 vulnerabantur.
3143 4556 3483 4613 Procedente
3536 4557 3596 4613 in

2012 4652 2231 4721 longum
2256 4650 2590 4715 certamine,
2632 4653 2848 4720 pertaesi
2888 4665 3057 4706 morte
3084 4651 3238 4707 cives
3284 4660 3439 4707 strue
3479 4651 3597 4705 cir~

2011 4759 2138 4799 cum
2171 4729 2415 4813 undique
2451 4745 2696 4798 materiae
2745 4755 3009 4815 congesta
3040 4746 3222 4814 ignem
3266 4744 3594 4815 subjiciunt,

2011 4848 2070 4893 ut
2100 4838 2293 4891 turrim
2326 4837 2493 4892 simul
2521 4851 2649 4890 cum
2678 4851 2741 4890 ea
2767 4837 3000 4891 inclusis
3028 4834 3397 4890 combusturi.
3424 4832 3598 4887 Exar-

2006 4931 2080 4986 sit
2140 4931 2485 4985 luculentum
2552 4928 2902 4995 incendium,
2969 4927 3134 4997 cujus
3180 4926 3420 4980 involuti
3466 4925 3598 4981 licet

2006 5023 2240 5080 ﬂammis
2290 5022 2646 5095 Amogabari,
2679 5037 2747 5074 ne
2788 5021 2873 5075 vel
2926 5020 3216 5074 minimum
3251 5019 3474 5087 quidem
3525 5018 3595 5073 de

2012 5133 2280 5188 generosa
2326 5115 2604 5187 pugnandi
2659 5113 2891 5166 audacia
2932 5112 3221 5174 remisere,
3255 5111 3349 5166 sed
3385 5109 3595 5179 princi-

2013 5211 2103 5280 pio
2133 5210 2353 5279 quidem
2386 5214 2654 5261 eruentes
2703 5219 2765 5260 se
2803 5204 3051 5259 vestibus
3082 5218 3178 5258 eas
3209 5204 3264 5258 in
3299 5204 3479 5272 ignem
3511 5201 3598 5256 in-

2010 5298 2353 5371 dignabundi
2412 5311 2474 5352 ac
2542 5297 2690 5351 velut
2741 5293 3017 5350 ﬂammam
3095 5294 3260 5351 ferire
3303 5295 3598 5351 studentes

2007 5389 2310 5458 jaeiebant,
2346 5387 2550 5443 deinde
2598 5387 2865 5458 paulatim
2904 5397 3040 5466 testu
3087 5402 3149 5443 se
3196 5387 3598 5442 corroborante

2015 5482 2508 5546 consumebantur,
2549 5481 2696 5536 ultro
2730 5483 2785 5536 in
2829 5483 3025 5554 globos
3067 5480 3415 5537 ﬂammarum
3460 5479 3598 5533 insi-

2016 5577 2233 5641 lientes,
2269 5585 2559 5645 postquam
2588 5576 2795 5631 mutuis
2824 5575 2927 5630 sibi
2978 5575 3157 5630 oculis
3189 5574 3308 5629 vale
3336 5573 3596 5627 dixerant

2013 5680 2067 5724 et
2092 5670 2249 5741 signo
2275 5671 2460 5725 crucis
2482 5686 2646 5725 manu
2674 5670 2909 5726 formato
2930 5684 3052 5725 sese
3078 5668 3447 5723 muniveram.
3477 5666 3595 5720 Duo

2014 5763 2154 5817 inter
2191 5764 2292 5819 Ιιοε
2345 5761 2598 5834 juvenes,
2648 5772 2703 5821 et
2742 5763 3014 5834 sanguine
3074 5761 3274 5818 fratres
3322 5768 3380 5817 et
3433 5759 3598 5833 556
