  <div class='ocr_page' id='page_1' title='image "/cluster/home/n/w/nwhite01/storage/ocr_20150623/144:no.2/coo.31924054870492/313.png"; bbox 0 0 4046 6398; ppageno 0'>
   <div class='ocr_carea' id='block_1_1' title="bbox 530 299 635 360">
    <p class='ocr_par' dir='ltr' id='par_1_1' title="bbox 530 299 635 360">
     <span class='ocr_line' id='line_1_1' title="bbox 530 299 635 360; baseline 0.019 -2"><span class='ocrx_word' id='word_1_1' title='bbox 530 299 635 360; x_wconf 76' lang='lat' dir='ltr'><strong>fill</strong></span> 
     </span>
    </p>
   </div>
   <div class='ocr_carea' id='block_1_2' title="bbox 1756 256 2616 361">
    <p class='ocr_par' dir='ltr' id='par_1_2' title="bbox 1756 256 2616 361">
     <span class='ocr_line' id='line_1_2' title="bbox 1756 256 2616 361; baseline 0.009 -8"><span class='ocrx_word' id='word_1_2' title='bbox 1756 256 2086 356; x_wconf 72' lang='lat' dir='ltr'><strong>GEORGII</strong></span> <span class='ocrx_word' id='word_1_3' title='bbox 2128 297 2616 361; x_wconf 59' lang='lat' dir='ltr'><strong>PACHYMERIE</strong></span> 
     </span>
    </p>
   </div>
   <div class='ocr_carea' id='block_1_3' title="bbox 3684 314 3782 379">
    <p class='ocr_par' dir='ltr' id='par_1_3' title="bbox 3684 314 3782 379">
     <span class='ocr_line' id='line_1_3' title="bbox 3684 314 3782 379; baseline 0.02 -2"><span class='ocrx_word' id='word_1_4' title='bbox 3684 314 3782 379; x_wconf 71' lang='lat'><strong>612</strong></span> 
     </span>
    </p>
   </div>
   <div class='ocr_carea' id='block_1_4' title="bbox 530 388 3785 492">
    <p class='ocr_par' dir='ltr' id='par_1_4' title="bbox 530 388 3785 492">
     <span class='ocr_line' id='line_1_4' title="bbox 530 388 3785 492; baseline 0.005 -28"><span class='ocrx_word' id='word_1_5' title='bbox 530 412 910 482; x_wconf 71' lang='grc' dir='ltr'>φραττόμενοι.</span> <span class='ocrx_word' id='word_1_6' title='bbox 963 410 1067 465; x_wconf 86' lang='grc' dir='ltr'><strong>Δύο</strong></span> <span class='ocrx_word' id='word_1_7' title='bbox 1113 409 1171 463; x_wconf 84' lang='grc' dir='ltr'><em>δέ</em></span> <span class='ocrx_word' id='word_1_8' title='bbox 1208 425 1356 469; x_wconf 81' lang='grc' dir='ltr'>τινες</span> <span class='ocrx_word' id='word_1_9' title='bbox 1405 406 1467 471; x_wconf 71' lang='grc' dir='ltr'>ἐξ</span> <span class='ocrx_word' id='word_1_10' title='bbox 1518 388 1971 474; x_wconf 60' lang='grc' dir='ltr'>αὐτῶν,’ἀδελφὼ</span> <span class='ocrx_word' id='word_1_11' title='bbox 2015 407 2111 459; x_wconf 71' lang='grc' dir='ltr'>καὶ</span> <span class='ocrx_word' id='word_1_12' title='bbox 2143 412 2187 468; x_wconf 79' lang='grc' dir='ltr'><strong>Α</strong></span> <span class='ocrx_word' id='word_1_13' title='bbox 2214 408 2375 478; x_wconf 82' lang='grc' dir='ltr'>λόγον</span> <span class='ocrx_word' id='word_1_14' title='bbox 2431 412 2490 464; x_wconf 71' lang='grc' dir='ltr'>ὲν</span> <span class='ocrx_word' id='word_1_15' title='bbox 2550 412 2762 476; x_wconf 80' lang='grc' dir='ltr'><strong>τούτοις</strong></span> <span class='ocrx_word' id='word_1_16' title='bbox 2810 414 2996 479; x_wconf 74' lang='grc' dir='ltr'>ἴστων,</span> <span class='ocrx_word' id='word_1_17' title='bbox 3029 416 3108 479; x_wconf 79' lang='grc' dir='ltr'>ὼς</span> <span class='ocrx_word' id='word_1_18' title='bbox 3140 416 3190 469; x_wconf 79' lang='lat' dir='ltr'><strong>ei</strong></span> <span class='ocrx_word' id='word_1_19' title='bbox 3253 418 3354 486; x_wconf 79' lang='grc' dir='ltr'>μὲν</span> <span class='ocrx_word' id='word_1_20' title='bbox 3405 426 3693 492; x_wconf 75' lang='grc' dir='ltr'><strong>κατασχεῖν</strong></span> <span class='ocrx_word' id='word_1_21' title='bbox 3729 429 3785 481; x_wconf 78' lang='grc' dir='ltr'><strong>τδ</strong></span> 
     </span>
    </p>
   </div>
   <div class='ocr_carea' id='block_1_5' title="bbox 530 499 2117 573">
    <p class='ocr_par' dir='ltr' id='par_1_5' title="bbox 530 499 2117 573">
     <span class='ocr_line' id='line_1_5' title="bbox 530 499 2117 573; baseline -0.003 -19"><span class='ocrx_word' id='word_1_22' title='bbox 530 505 685 568; x_wconf 77' lang='grc' dir='ltr'>γένος</span> <span class='ocrx_word' id='word_1_23' title='bbox 721 505 817 558; x_wconf 80' lang='grc' dir='ltr'>καὶ</span> <span class='ocrx_word' id='word_1_24' title='bbox 867 503 1117 573; x_wconf 80' lang='grc' dir='ltr'><strong>γνώμας,</strong></span> <span class='ocrx_word' id='word_1_25' title='bbox 1160 500 1409 572; x_wconf 71' lang='grc' dir='ltr'>στερρῶς</span> <span class='ocrx_word' id='word_1_26' title='bbox 1464 500 1819 570; x_wconf 84' lang='grc' dir='ltr'>περισχόντες</span> <span class='ocrx_word' id='word_1_27' title='bbox 1851 499 2117 569; x_wconf 79' lang='grc' dir='ltr'><strong>ἀλλήλους</strong></span> 
     </span>
    </p>
   </div>
   <div class='ocr_carea' id='block_1_6' title="bbox 533 591 2115 666">
    <p class='ocr_par' dir='ltr' id='par_1_6' title="bbox 533 591 2115 666">
     <span class='ocr_line' id='line_1_6' title="bbox 533 591 2115 666; baseline -0.002 -20"><span class='ocrx_word' id='word_1_28' title='bbox 533 597 626 646; x_wconf 73' lang='grc' dir='ltr'>καὶ</span> <span class='ocrx_word' id='word_1_29' title='bbox 680 597 746 648; x_wconf 81' lang='grc' dir='ltr'><strong>τά</strong></span> <span class='ocrx_word' id='word_1_30' title='bbox 795 596 1003 666; x_wconf 82' lang='grc' dir='ltr'><strong>ἔσχατα</strong></span> <span class='ocrx_word' id='word_1_31' title='bbox 1063 593 1558 665; x_wconf 82' lang='grc' dir='ltr'>περιπτυξάμενοι,</span> <span class='ocrx_word' id='word_1_32' title='bbox 1598 592 1716 661; x_wconf 75' lang='grc' dir='ltr'><strong>ἅμα</strong></span> <span class='ocrx_word' id='word_1_33' title='bbox 1769 591 1870 660; x_wconf 81' lang='grc' dir='ltr'><strong>μὲν</strong></span> <span class='ocrx_word' id='word_1_34' title='bbox 1925 592 2115 661; x_wconf 67' lang='grc' dir='ltr'>οἴκτῳ,</span> 
     </span>
    </p>
   </div>
   <div class='ocr_carea' id='block_1_7' title="bbox 533 683 2118 756">
    <p class='ocr_par' dir='ltr' id='par_1_7' title="bbox 533 683 2118 756">
     <span class='ocr_line' id='line_1_7' title="bbox 533 683 2118 756; baseline -0.003 -16"><span class='ocrx_word' id='word_1_35' title='bbox 533 689 650 753; x_wconf 49' lang='grc' dir='ltr'><strong>ἅμα</strong></span> <span class='ocrx_word' id='word_1_36' title='bbox 680 690 735 740; x_wconf 81' lang='grc' dir='ltr'><strong>δὲ</strong></span> <span class='ocrx_word' id='word_1_37' title='bbox 772 689 862 739; x_wconf 78' lang='grc' dir='ltr'><strong>καὶ</strong></span> <span class='ocrx_word' id='word_1_38' title='bbox 899 684 1108 756; x_wconf 81' lang='grc' dir='ltr'><strong>ἀρεῖκῷ</strong></span> <span class='ocrx_word' id='word_1_39' title='bbox 1141 685 1476 753; x_wconf 74' lang='grc' dir='ltr'><strong>ἐπαρθέντες</strong></span> <span class='ocrx_word' id='word_1_40' title='bbox 1509 684 1737 753; x_wconf 79' lang='grc' dir='ltr'><strong>λήματι,</strong></span> <span class='ocrx_word' id='word_1_41' title='bbox 1772 683 1869 735; x_wconf 79' lang='grc' dir='ltr'><strong>τοῦ</strong></span> <span class='ocrx_word' id='word_1_42' title='bbox 1903 684 2118 753; x_wconf 86' lang='grc' dir='ltr'>πύργου</span> 
     </span>
    </p>
   </div>
   <div class='ocr_carea' id='block_1_8' title="bbox 534 780 2116 850">
    <p class='ocr_par' dir='ltr' id='par_1_8' title="bbox 534 780 2116 850">
     <span class='ocr_line' id='line_1_8' title="bbox 534 780 2116 850; baseline -0.002 -15"><span class='ocrx_word' id='word_1_43' title='bbox 534 785 943 845; x_wconf 72' lang='grc' dir='ltr'><strong>καταπεσόντες</strong></span> <span class='ocrx_word' id='word_1_44' title='bbox 997 782 1056 847; x_wconf 77' lang='grc' dir='ltr'>ἐξ</span> <span class='ocrx_word' id='word_1_45' title='bbox 1115 781 1281 835; x_wconf 79' lang='grc' dir='ltr'>αὐτοῦ</span> <span class='ocrx_word' id='word_1_46' title='bbox 1325 781 1847 850; x_wconf 82' lang='grc' dir='ltr'>διαπεφωνήκεσαν.</span> <span class='ocrx_word' id='word_1_47' title='bbox 1880 781 2017 844; x_wconf 79' lang='grc' dir='ltr'>Παῖς</span> <span class='ocrx_word' id='word_1_48' title='bbox 2071 780 2116 832; x_wconf 81' lang='grc' dir='ltr'>δ’</span> 
     </span>
    </p>
   </div>
   <div class='ocr_carea' id='block_1_9' title="bbox 534 868 2119 943">
    <p class='ocr_par' dir='ltr' id='par_1_9' title="bbox 534 868 2119 943">
     <span class='ocr_line' id='line_1_9' title="bbox 534 868 2119 943; baseline -0.002 -17"><span class='ocrx_word' id='word_1_49' title='bbox 534 877 763 937; x_wconf 77' lang='grc' dir='ltr'>ἐκείνοις</span> <span class='ocrx_word' id='word_1_50' title='bbox 802 877 990 943; x_wconf 76' lang='grc' dir='ltr'>συνῆν,</span> <span class='ocrx_word' id='word_1_51' title='bbox 1018 873 1112 926; x_wconf 74' lang='grc' dir='ltr'><strong>καὶ</strong></span> <span class='ocrx_word' id='word_1_52' title='bbox 1136 874 1260 925; x_wconf 75' lang='grc' dir='ltr'>ἐπεὶ</span> <span class='ocrx_word' id='word_1_53' title='bbox 1292 873 1460 943; x_wconf 73' lang='grc' dir='ltr'>ἀργὸς</span> <span class='ocrx_word' id='word_1_54' title='bbox 1493 868 1562 943; x_wconf 81' lang='grc' dir='ltr'>ἦν</span> <span class='ocrx_word' id='word_1_55' title='bbox 1598 875 1663 924; x_wconf 80' lang='grc' dir='ltr'>ὲκ</span> <span class='ocrx_word' id='word_1_56' title='bbox 1699 871 1978 939; x_wconf 75' lang='grc' dir='ltr'>φιλοίκτου</span> <span class='ocrx_word' id='word_1_57' title='bbox 2010 872 2119 924; x_wconf 88' lang='grc' dir='ltr'>δει-</span> 
     </span>
    </p>
   </div>
   <div class='ocr_carea' id='block_1_10' title="bbox 534 962 2121 1035">
    <p class='ocr_par' dir='ltr' id='par_1_10' title="bbox 534 962 2121 1035">
     <span class='ocr_line' id='line_1_10' title="bbox 534 962 2121 1035; baseline -0.003 -18"><span class='ocrx_word' id='word_1_58' title='bbox 534 969 654 1027; x_wconf 77' lang='grc' dir='ltr'>λίας</span> <span class='ocrx_word' id='word_1_59' title='bbox 691 968 781 1019; x_wconf 77' lang='grc' dir='ltr'><strong>καὶ</strong></span> <span class='ocrx_word' id='word_1_60' title='bbox 809 967 964 1034; x_wconf 77' lang='grc' dir='ltr'>δῆλος</span> <span class='ocrx_word' id='word_1_61' title='bbox 989 962 1059 1035; x_wconf 85' lang='grc' dir='ltr'>ἦν</span> <span class='ocrx_word' id='word_1_62' title='bbox 1095 968 1272 1033; x_wconf 82' lang='grc' dir='ltr'>μένων</span> <span class='ocrx_word' id='word_1_63' title='bbox 1301 964 1400 1032; x_wconf 79' lang='grc' dir='ltr'>τὴν</span> <span class='ocrx_word' id='word_1_64' title='bbox 1428 963 1740 1025; x_wconf 77' lang='grc' dir='ltr'>αὐθεντὶαν,</span> <span class='ocrx_word' id='word_1_65' title='bbox 1773 963 1936 1024; x_wconf 77' lang='grc' dir='ltr'>εὐθὺς</span> <span class='ocrx_word' id='word_1_66' title='bbox 1960 964 2121 1033; x_wconf 13' lang='grc' dir='ltr'>’ἀφει-</span> 
     </span>
    </p>
   </div>
   <div class='ocr_carea' id='block_1_11' title="bbox 532 1052 2119 1124">
    <p class='ocr_par' dir='ltr' id='par_1_11' title="bbox 532 1052 2119 1124">
     <span class='ocr_line' id='line_1_11' title="bbox 532 1052 2119 1124; baseline -0.006 -13"><span class='ocrx_word' id='word_1_67' title='bbox 532 1060 747 1119; x_wconf 76' lang='grc' dir='ltr'>δοῦντες</span> <span class='ocrx_word' id='word_1_68' title='bbox 797 1061 995 1110; x_wconf 79' lang='grc' dir='ltr'>ἐκεῖνοι</span> <span class='ocrx_word' id='word_1_69' title='bbox 1030 1060 1124 1109; x_wconf 72' lang='grc' dir='ltr'><strong>καὶ</strong></span> <span class='ocrx_word' id='word_1_70' title='bbox 1168 1057 1526 1124; x_wconf 80' lang='grc' dir='ltr'>περισχόντες</span> <span class='ocrx_word' id='word_1_71' title='bbox 1574 1055 1666 1106; x_wconf 83' lang='grc' dir='ltr'>τὸν</span> <span class='ocrx_word' id='word_1_72' title='bbox 1716 1052 1936 1106; x_wconf 72' lang='grc' dir='ltr'>νεανίαν</span> <span class='ocrx_word' id='word_1_73' title='bbox 1968 1052 2119 1122; x_wconf 72' lang='grc' dir='ltr'>ἐρρί-</span> 
     </span>
    </p>
   </div>
   <div class='ocr_carea' id='block_1_12' title="bbox 535 1144 2120 1217">
    <p class='ocr_par' dir='ltr' id='par_1_12' title="bbox 535 1144 2120 1217">
     <span class='ocr_line' id='line_1_12' title="bbox 535 1144 2120 1217; baseline -0.004 -17"><span class='ocrx_word' id='word_1_74' title='bbox 535 1169 666 1203; x_wconf 74' lang='grc' dir='ltr'>πτου</span> <span class='ocrx_word' id='word_1_75' title='bbox 677 1170 701 1197; x_wconf 85' lang='grc' dir='ltr'><strong>ν</strong></span> <span class='ocrx_word' id='word_1_76' title='bbox 726 1150 866 1202; x_wconf 74' lang='grc' dir='ltr'>κατὰ</span> <span class='ocrx_word' id='word_1_77' title='bbox 895 1168 966 1200; x_wconf 88' lang='grc' dir='ltr'>πυ</span> <span class='ocrx_word' id='word_1_78' title='bbox 977 1150 1067 1216; x_wconf 64' lang='grc' dir='ltr'><strong>ρος</strong></span> <span class='ocrx_word' id='word_1_79' title='bbox 1094 1148 1395 1217; x_wconf 74' lang='grc' dir='ltr'>εὐθαρσῶς,</span> <span class='ocrx_word' id='word_1_80' title='bbox 1417 1146 1490 1206; x_wconf 77' lang='grc' dir='ltr'>ὡς</span> <span class='ocrx_word' id='word_1_81' title='bbox 1512 1146 1609 1215; x_wconf 71' lang='grc' dir='ltr'>οὐχ</span> <span class='ocrx_word' id='word_1_82' title='bbox 1630 1145 1835 1215; x_wconf 76' lang='grc' dir='ltr'>ἥκιστα</span> <span class='ocrx_word' id='word_1_83' title='bbox 1854 1144 2120 1204; x_wconf 81' lang='grc' dir='ltr'>σῶσοντες</span> 
     </span>
    </p>
   </div>
   <div class='ocr_carea' id='block_1_13' title="bbox 496 1235 2114 1310">
    <p class='ocr_par' dir='ltr' id='par_1_13' title="bbox 496 1235 2114 1310">
     <span class='ocr_line' id='line_1_13' title="bbox 496 1235 2114 1310; baseline -0.007 -14"><span class='ocrx_word' id='word_1_84' title='bbox 496 1264 499 1267; x_wconf 94' lang='grc'><strong>·</strong></span> <span class='ocrx_word' id='word_1_85' title='bbox 533 1245 565 1310; x_wconf 74' lang='grc' dir='ltr'><strong>ἢ</strong></span> <span class='ocrx_word' id='word_1_86' title='bbox 599 1242 948 1302; x_wconf 76' lang='grc' dir='ltr'>ἁπολοῦντες.</span> <span class='ocrx_word' id='word_1_87' title='bbox 990 1242 1098 1292; x_wconf 76' lang='grc' dir='ltr'><strong>Καὶ</strong></span> <span class='ocrx_word' id='word_1_88' title='bbox 1130 1241 1282 1290; x_wconf 79' lang='grc' dir='ltr'>ταῦτ’</span> <span class='ocrx_word' id='word_1_89' title='bbox 1314 1238 1487 1301; x_wconf 78' lang='grc' dir='ltr'>ἔδρων</span> <span class='ocrx_word' id='word_1_90' title='bbox 1517 1237 1574 1300; x_wconf 80' lang='grc' dir='ltr'><strong>ἐξ</strong></span> <span class='ocrx_word' id='word_1_91' title='bbox 1614 1235 1985 1301; x_wconf 80' lang='grc' dir='ltr'><strong>ἀπογνώσεως</strong></span> <span class='ocrx_word' id='word_1_92' title='bbox 2015 1236 2114 1285; x_wconf 83' lang='grc' dir='ltr'><strong>τοῦ</strong></span> 
     </span>
    </p>
   </div>
   <div class='ocr_carea' id='block_1_14' title="bbox 532 1325 2123 1401">
    <p class='ocr_par' dir='ltr' id='par_1_14' title="bbox 532 1325 2123 1401">
     <span class='ocr_line' id='line_1_14' title="bbox 532 1325 2123 1401; baseline -0.005 -17"><span class='ocrx_word' id='word_1_93' title='bbox 532 1335 669 1395; x_wconf 79' lang='grc' dir='ltr'>ὅλως</span> <span class='ocrx_word' id='word_1_94' title='bbox 706 1331 1095 1401; x_wconf 79' lang='grc' dir='ltr'>περιγενέσθαι</span> <span class='ocrx_word' id='word_1_95' title='bbox 1119 1346 1133 1361; x_wconf 77' lang='grc'><strong><em>⁸</em></strong></span> <span class='ocrx_word' id='word_1_96' title='bbox 1173 1327 1257 1401; x_wconf 73' lang='grc'><strong>[1³.</strong></span> <span class='ocrx_word' id='word_1_97' title='bbox 1296 1326 1424 1398; x_wconf 78' lang='grc'><strong>586]</strong></span> <span class='ocrx_word' id='word_1_98' title='bbox 1456 1327 1576 1380; x_wconf 76' lang='grc' dir='ltr'>οὐδὲ</span> <span class='ocrx_word' id='word_1_99' title='bbox 1606 1327 1715 1396; x_wconf 85' lang='grc' dir='ltr'>γὰρ</span> <span class='ocrx_word' id='word_1_100' title='bbox 1754 1329 1819 1379; x_wconf 83' lang='grc' dir='ltr'>ὲκ</span> <span class='ocrx_word' id='word_1_101' title='bbox 1846 1325 1943 1378; x_wconf 80' lang='grc' dir='ltr'><strong>τοῦ</strong></span> <span class='ocrx_word' id='word_1_102' title='bbox 1974 1327 2123 1378; x_wconf 85' lang='grc' dir='ltr'>ἀντι-</span> 
     </span>
    </p>
   </div>
   <div class='ocr_carea' id='block_1_15' title="bbox 536 1415 2120 1491">
    <p class='ocr_par' dir='ltr' id='par_1_15' title="bbox 536 1415 2120 1491">
     <span class='ocr_line' id='line_1_15' title="bbox 536 1415 2120 1491; baseline -0.003 -16"><span class='ocrx_word' id='word_1_103' title='bbox 536 1426 710 1476; x_wconf 77' lang='grc' dir='ltr'>πάλου</span> <span class='ocrx_word' id='word_1_104' title='bbox 761 1424 910 1490; x_wconf 78' lang='grc' dir='ltr'>σφίσι</span> <span class='ocrx_word' id='word_1_105' title='bbox 959 1439 1017 1474; x_wconf 88' lang='grc' dir='ltr'><strong>τε</strong></span> <span class='ocrx_word' id='word_1_106' title='bbox 1063 1424 1157 1475; x_wconf 76' lang='grc' dir='ltr'><strong>καὶ</strong></span> <span class='ocrx_word' id='word_1_107' title='bbox 1213 1420 1454 1491; x_wconf 79' lang='grc' dir='ltr'>τοσαύτῃ</span> <span class='ocrx_word' id='word_1_108' title='bbox 1512 1415 1665 1472; x_wconf 78' lang='grc' dir='ltr'>πόλει</span> <span class='ocrx_word' id='word_1_109' title='bbox 1717 1418 1999 1484; x_wconf 78' lang='grc' dir='ltr'>ξυνέϐαινε</span> <span class='ocrx_word' id='word_1_110' title='bbox 2027 1420 2120 1472; x_wconf 81' lang='grc' dir='ltr'><strong>τὸν</strong></span> 
     </span>
    </p>
   </div>
   <div class='ocr_carea' id='block_1_16' title="bbox 448 1490 923 1583">
    <p class='ocr_par' dir='ltr' id='par_1_16' title="bbox 533 1510 923 1583">
     <span class='ocr_line' id='line_1_16' title="bbox 533 1510 923 1583; baseline -0.008 -15"><span class='ocrx_word' id='word_1_111' title='bbox 533 1515 722 1583; x_wconf 85' lang='grc' dir='ltr'>ἀγῶνα</span> <span class='ocrx_word' id='word_1_112' title='bbox 757 1510 923 1567; x_wconf 70' lang='grc' dir='ltr'>εἶναι.</span> 
     </span>
    </p>
   </div>
   <div class='ocr_carea' id='block_1_17' title="bbox 533 1623 2121 1699">
    <p class='ocr_par' dir='ltr' id='par_1_17' title="bbox 533 1623 2121 1699">
     <span class='ocr_line' id='line_1_17' title="bbox 533 1623 2121 1699; baseline -0.004 -16"><span class='ocrx_word' id='word_1_113' title='bbox 533 1633 624 1685; x_wconf 86' lang='grc' dir='ltr'>λδ’.</span> <span class='ocrx_word' id='word_1_114' title='bbox 658 1631 798 1699; x_wconf 75' lang='grc' dir='ltr'>Περὶ</span> <span class='ocrx_word' id='word_1_115' title='bbox 828 1631 934 1683; x_wconf 81' lang='grc' dir='ltr'>τοῦ</span> <span class='ocrx_word' id='word_1_116' title='bbox 962 1629 1249 1696; x_wconf 75' lang='grc' dir='ltr'>Ἀνδρεου</span> <span class='ocrx_word' id='word_1_117' title='bbox 1271 1629 1621 1699; x_wconf 75' lang='grc' dir='ltr'>Μουρίσκου</span> <span class='ocrx_word' id='word_1_118' title='bbox 1644 1626 1743 1679; x_wconf 77' lang='grc' dir='ltr'>καὶ</span> <span class='ocrx_word' id='word_1_119' title='bbox 1770 1623 1892 1678; x_wconf 79' lang='grc' dir='ltr'><strong>τῶν</strong></span> <span class='ocrx_word' id='word_1_120' title='bbox 1906 1624 2121 1690; x_wconf 80' lang='grc' dir='ltr'><strong>ἐκείνῳ</strong></span> 
     </span>
    </p>
   </div>
   <div class='ocr_carea' id='block_1_18' title="bbox 1097 1698 1555 1766">
    <p class='ocr_par' dir='ltr' id='par_1_18' title="bbox 1097 1698 1555 1766">
     <span class='ocr_line' id='line_1_18' title="bbox 1097 1698 1555 1766; baseline -0.004 -15"><span class='ocrx_word' id='word_1_121' title='bbox 1097 1715 1294 1765; x_wconf 58' lang='lat' dir='ltr'><strong>«sapa</strong></span> <span class='ocrx_word' id='word_1_122' title='bbox 1302 1698 1555 1766; x_wconf 73' lang='grc' dir='ltr'><strong>γμένων.</strong></span> 
     </span>
    </p>
   </div>
   <div class='ocr_carea' id='block_1_19' title="bbox 613 1759 2192 1861">
    <p class='ocr_par' dir='ltr' id='par_1_19' title="bbox 613 1759 2192 1861">
     <span class='ocr_line' id='line_1_19' title="bbox 613 1759 2192 1861; baseline -0.006 -16"><span class='ocrx_word' id='word_1_123' title='bbox 613 1794 862 1861; x_wconf 83' lang='grc' dir='ltr'>Ἀνδρέας</span> <span class='ocrx_word' id='word_1_124' title='bbox 895 1792 951 1843; x_wconf 83' lang='grc' dir='ltr'>δὲ</span> <span class='ocrx_word' id='word_1_125' title='bbox 999 1759 1347 1859; x_wconf 31' lang='grc' dir='ltr'><strong>Ῑδίονρίσειοςυ,⁷</strong></span> <span class='ocrx_word' id='word_1_126' title='bbox 1375 1790 1435 1840; x_wconf 86' lang='grc' dir='ltr'>ὃν</span> <span class='ocrx_word' id='word_1_127' title='bbox 1482 1790 1576 1841; x_wconf 67' lang='grc' dir='ltr'><strong>καὶ</strong></span> <span class='ocrx_word' id='word_1_128' title='bbox 1618 1786 1931 1857; x_wconf 82' lang='grc' dir='ltr'>βεστιάριον</span> <span class='ocrx_word' id='word_1_129' title='bbox 1976 1785 2113 1856; x_wconf 71' lang='grc' dir='ltr'>πρὸς</span> <span class='ocrx_word' id='word_1_130' title='bbox 2150 1759 2192 1814; x_wconf 68' lang='grc' dir='ltr'><strong>Β</strong></span> 
     </span>
    </p>
   </div>
   <div class='ocr_carea' id='block_1_20' title="bbox 535 1878 2115 1954">
    <p class='ocr_par' dir='ltr' id='par_1_20' title="bbox 535 1878 2115 1954">
     <span class='ocr_line' id='line_1_20' title="bbox 535 1878 2115 1954; baseline -0.004 -17"><span class='ocrx_word' id='word_1_131' title='bbox 535 1886 802 1954; x_wconf 62' lang='grc' dir='ltr'>βασιὶέως</span> <span class='ocrx_word' id='word_1_132' title='bbox 840 1884 1181 1950; x_wconf 79' lang='grc' dir='ltr'>καταστῆναι</span> <span class='ocrx_word' id='word_1_133' title='bbox 1220 1885 1278 1934; x_wconf 80' lang='grc' dir='ltr'>ὲν</span> <span class='ocrx_word' id='word_1_134' title='bbox 1306 1884 1419 1940; x_wconf 67' lang='grc' dir='ltr'>τοῖς</span> <span class='ocrx_word' id='word_1_135' title='bbox 1447 1881 1688 1949; x_wconf 77' lang='grc' dir='ltr'>πρόσθεν</span> <span class='ocrx_word' id='word_1_136' title='bbox 1728 1878 1907 1947; x_wconf 81' lang='grc' dir='ltr'><strong>λόγοις</strong></span> <span class='ocrx_word' id='word_1_137' title='bbox 1931 1880 2115 1946; x_wconf 78' lang='grc' dir='ltr'>ἐλέγο-</span> 
     </span>
    </p>
   </div>
   <div class='ocr_carea' id='block_1_21' title="bbox 536 1971 2116 2043">
    <p class='ocr_par' dir='ltr' id='par_1_21' title="bbox 536 1971 2116 2043">
     <span class='ocr_line' id='line_1_21' title="bbox 536 1971 2116 2043; baseline -0.003 -17"><span class='ocrx_word' id='word_1_138' title='bbox 536 1992 638 2043; x_wconf 77' lang='grc' dir='ltr'><strong>μεν</strong></span> <span class='ocrx_word' id='word_1_139' title='bbox 672 1974 981 2042; x_wconf 69' lang='grc' dir='ltr'>(οὔτωγάρ</span> <span class='ocrx_word' id='word_1_140' title='bbox 1011 1975 1039 2026; x_wconf 82' lang='grc' dir='ltr'><strong>ὁ</strong></span> <span class='ocrx_word' id='word_1_141' title='bbox 1063 1973 1165 2039; x_wconf 77' lang='grc' dir='ltr'>τῆς</span> <span class='ocrx_word' id='word_1_142' title='bbox 1202 1973 1452 2041; x_wconf 78' lang='grc' dir='ltr'>δαπάνης</span> <span class='ocrx_word' id='word_1_143' title='bbox 1476 1971 1712 2039; x_wconf 80' lang='grc' dir='ltr'>χορηγὸς</span> <span class='ocrx_word' id='word_1_144' title='bbox 1747 1973 1856 2032; x_wconf 82' lang='grc' dir='ltr'>τοῖς</span> <span class='ocrx_word' id='word_1_145' title='bbox 1892 1971 2116 2022; x_wconf 74' lang='grc' dir='ltr'>ἐπὶτῶν</span> 
     </span>
    </p>
   </div>
   <div class='ocr_carea' id='block_1_22' title="bbox 532 2053 2113 2135">
    <p class='ocr_par' dir='ltr' id='par_1_22' title="bbox 532 2053 2113 2135">
     <span class='ocr_line' id='line_1_22' title="bbox 532 2053 2113 2135; baseline -0.001 -18"><span class='ocrx_word' id='word_1_146' title='bbox 532 2067 680 2131; x_wconf 77' lang='grc' dir='ltr'>νηῶν</span> <span class='ocrx_word' id='word_1_147' title='bbox 702 2059 1082 2135; x_wconf 77' lang='grc' dir='ltr'>ὀνομάζεται),</span> <span class='ocrx_word' id='word_1_148' title='bbox 1117 2062 1365 2132; x_wconf 76' lang='grc' dir='ltr'>ὕπαρχος</span> <span class='ocrx_word' id='word_1_149' title='bbox 1397 2053 1492 2114; x_wconf 75' lang='grc' dir='ltr'>τοῦ</span> <span class='ocrx_word' id='word_1_150' title='bbox 1520 2063 1916 2131; x_wconf 88' lang='grc' dir='ltr'>στρατιωτικοῦ</span> <span class='ocrx_word' id='word_1_151' title='bbox 1942 2063 2113 2117; x_wconf 89' lang='grc' dir='ltr'>πάλαι</span> 
     </span>
    </p>
   </div>
   <div class='ocr_carea' id='block_1_23' title="bbox 537 2153 2114 2225">
    <p class='ocr_par' dir='ltr' id='par_1_23' title="bbox 537 2153 2114 2225">
     <span class='ocr_line' id='line_1_23' title="bbox 537 2153 2114 2225; baseline -0.002 -17"><span class='ocrx_word' id='word_1_152' title='bbox 537 2156 851 2223; x_wconf 78' lang='grc' dir='ltr'>γενόμενος,</span> <span class='ocrx_word' id='word_1_153' title='bbox 886 2157 946 2206; x_wconf 81' lang='grc' dir='ltr'>ὲν</span> <span class='ocrx_word' id='word_1_154' title='bbox 975 2155 1100 2207; x_wconf 72' lang='grc' dir='ltr'>δυσὶ</span> <span class='ocrx_word' id='word_1_155' title='bbox 1130 2156 1288 2206; x_wconf 75' lang='grc' dir='ltr'>ναυσὶ</span> <span class='ocrx_word' id='word_1_156' title='bbox 1339 2153 1553 2222; x_wconf 73' lang='grc' dir='ltr'>Τενέδῳ</span> <span class='ocrx_word' id='word_1_157' title='bbox 1589 2154 1879 2222; x_wconf 84' lang='grc' dir='ltr'>προσσχὼν</span> <span class='ocrx_word' id='word_1_158' title='bbox 1910 2171 2114 2225; x_wconf 74' lang='grc' dir='ltr'>καρτεο</span> 
     </span>
    </p>
   </div>
   <div class='ocr_carea' id='block_1_24' title="bbox 535 2239 2118 2317">
    <p class='ocr_par' dir='ltr' id='par_1_24' title="bbox 535 2239 2118 2317">
     <span class='ocr_line' id='line_1_24' title="bbox 535 2239 2118 2317; baseline 0 -19"><span class='ocrx_word' id='word_1_159' title='bbox 535 2247 645 2316; x_wconf 79' lang='grc' dir='ltr'><strong>ρῶς</strong></span> <span class='ocrx_word' id='word_1_160' title='bbox 678 2247 989 2316; x_wconf 71' lang='grc' dir='ltr'>ἐπολιόρκει</span> <span class='ocrx_word' id='word_1_161' title='bbox 1019 2247 1081 2299; x_wconf 77' lang='grc' dir='ltr'>τὸ</span> <span class='ocrx_word' id='word_1_162' title='bbox 1109 2248 1290 2298; x_wconf 84' lang='grc' dir='ltr'>ὲκεῑσε</span> <span class='ocrx_word' id='word_1_163' title='bbox 1319 2245 1602 2315; x_wconf 74' lang='grc' dir='ltr'>φρούριον.</span> <span class='ocrx_word' id='word_1_164' title='bbox 1629 2247 1740 2298; x_wconf 76' lang='grc' dir='ltr'><strong>Καὶ</strong></span> <span class='ocrx_word' id='word_1_165' title='bbox 1762 2246 1862 2317; x_wconf 78' lang='grc' dir='ltr'><strong>ήδη</strong></span> <span class='ocrx_word' id='word_1_166' title='bbox 1897 2247 1996 2317; x_wconf 83' lang='grc' dir='ltr'><strong>μὲν</strong></span> <span class='ocrx_word' id='word_1_167' title='bbox 2029 2239 2118 2299; x_wconf 81' lang='grc' dir='ltr'><strong>οὗ·-</strong></span> 
     </span>
    </p>
   </div>
   <div class='ocr_carea' id='block_1_25' title="bbox 530 2332 2117 2409">
    <p class='ocr_par' dir='ltr' id='par_1_25' title="bbox 530 2332 2117 2409">
     <span class='ocr_line' id='line_1_25' title="bbox 530 2332 2117 2409; baseline 0.001 -19"><span class='ocrx_word' id='word_1_168' title='bbox 530 2356 623 2401; x_wconf 84' lang='grc' dir='ltr'><strong>τος</strong></span> <span class='ocrx_word' id='word_1_169' title='bbox 649 2338 892 2404; x_wconf 70' lang='grc' dir='ltr'>ἐπίδοξος</span> <span class='ocrx_word' id='word_1_170' title='bbox 922 2337 997 2400; x_wconf 83' lang='grc' dir='ltr'><strong>ὡς</strong></span> <span class='ocrx_word' id='word_1_171' title='bbox 1030 2337 1256 2391; x_wconf 83' lang='grc' dir='ltr'>ἁλώσων</span> <span class='ocrx_word' id='word_1_172' title='bbox 1294 2332 1386 2407; x_wconf 74' lang='grc' dir='ltr'>ἦν,</span> <span class='ocrx_word' id='word_1_173' title='bbox 1418 2335 1726 2390; x_wconf 82' lang='grc' dir='ltr'>Γεννουῗται</span> <span class='ocrx_word' id='word_1_174' title='bbox 1755 2338 1813 2390; x_wconf 74' lang='grc' dir='ltr'>δὲ</span> <span class='ocrx_word' id='word_1_175' title='bbox 1858 2338 2117 2409; x_wconf 83' lang='grc' dir='ltr'>τυχόντες</span> 
     </span>
    </p>
   </div>
   <div class='ocr_carea' id='block_1_26' title="bbox 532 2430 2117 2501">
    <p class='ocr_par' dir='ltr' id='par_1_26' title="bbox 532 2430 2117 2501">
     <span class='ocr_line' id='line_1_26' title="bbox 532 2430 2117 2501; baseline 0 -17"><span class='ocrx_word' id='word_1_176' title='bbox 532 2432 598 2484; x_wconf 77' lang='grc' dir='ltr'>ἐκ</span> <span class='ocrx_word' id='word_1_177' title='bbox 627 2431 862 2501; x_wconf 80' lang='grc' dir='ltr'>παρόδου</span> <span class='ocrx_word' id='word_1_178' title='bbox 896 2432 1052 2501; x_wconf 81' lang='grc' dir='ltr'>σφίσι</span> <span class='ocrx_word' id='word_1_179' title='bbox 1079 2448 1139 2483; x_wconf 91' lang='grc' dir='ltr'><strong>τε</strong></span> <span class='ocrx_word' id='word_1_180' title='bbox 1176 2431 1635 2497; x_wconf 76' lang='grc' dir='ltr'>ὲκοινολογοῡντο,</span> <span class='ocrx_word' id='word_1_181' title='bbox 1661 2432 1759 2484; x_wconf 76' lang='grc' dir='ltr'><strong>καὶ</strong></span> <span class='ocrx_word' id='word_1_182' title='bbox 1783 2430 1873 2484; x_wconf 81' lang='grc' dir='ltr'>τὸν</span> <span class='ocrx_word' id='word_1_183' title='bbox 1901 2431 2117 2485; x_wconf 65' lang='grc' dir='ltr'>ἃπαντα</span> 
     </span>
    </p>
   </div>
   <div class='ocr_carea' id='block_1_27' title="bbox 538 2604 2116 2674">
    <p class='ocr_par' dir='ltr' id='par_1_27' title="bbox 538 2604 2116 2674">
     <span class='ocr_line' id='line_1_27' title="bbox 538 2604 2116 2674; baseline -0.001 -15"><span class='ocrx_word' id='word_1_184' title='bbox 538 2610 744 2671; x_wconf 87' lang='lat' dir='ltr'><strong>animo,</strong></span> <span class='ocrx_word' id='word_1_185' title='bbox 778 2615 929 2660; x_wconf 97' lang='lat' dir='ltr'><strong>arcte</strong></span> <span class='ocrx_word' id='word_1_186' title='bbox 959 2621 1018 2660; x_wconf 89' lang='lat' dir='ltr'><strong>se</strong></span> <span class='ocrx_word' id='word_1_187' title='bbox 1050 2605 1286 2659; x_wconf 84' lang='lat' dir='ltr'><strong>invicem</strong></span> <span class='ocrx_word' id='word_1_188' title='bbox 1317 2604 1615 2673; x_wconf 78' lang='lat' dir='ltr'><strong>complexi,</strong></span> <span class='ocrx_word' id='word_1_189' title='bbox 1648 2619 1919 2674; x_wconf 83' lang='lat' dir='ltr'><strong>generoso</strong></span> <span class='ocrx_word' id='word_1_190' title='bbox 1963 2605 2116 2673; x_wconf 79' lang='lat' dir='ltr'><strong>pari-</strong></span> 
     </span>
    </p>
   </div>
   <div class='ocr_carea' id='block_1_28' title="bbox 534 2697 2114 2767">
    <p class='ocr_par' dir='ltr' id='par_1_28' title="bbox 534 2697 2114 2767">
     <span class='ocr_line' id='line_1_28' title="bbox 534 2697 2114 2767; baseline -0.004 -12"><span class='ocrx_word' id='word_1_191' title='bbox 534 2709 615 2755; x_wconf 89' lang='lat' dir='ltr'><strong>ter</strong></span> <span class='ocrx_word' id='word_1_192' title='bbox 652 2708 706 2754; x_wconf 87' lang='lat' dir='ltr'><strong>et</strong></span> <span class='ocrx_word' id='word_1_193' title='bbox 733 2697 1032 2753; x_wconf 72' lang='lat' dir='ltr'><strong>miserabili</strong></span> <span class='ocrx_word' id='word_1_194' title='bbox 1082 2713 1220 2751; x_wconf 87' lang='lat' dir='ltr'><strong>ausu</strong></span> <span class='ocrx_word' id='word_1_195' title='bbox 1253 2713 1312 2753; x_wconf 85' lang='lat' dir='ltr'><strong>se</strong></span> <span class='ocrx_word' id='word_1_196' title='bbox 1349 2712 1570 2767; x_wconf 70' lang='lat' dir='ltr'><strong>pessum</strong></span> <span class='ocrx_word' id='word_1_197' title='bbox 1604 2714 1673 2751; x_wconf 84' lang='lat' dir='ltr'><strong>ex</strong></span> <span class='ocrx_word' id='word_1_198' title='bbox 1701 2698 1815 2752; x_wconf 87' lang='lat' dir='ltr'><strong>alto</strong></span> <span class='ocrx_word' id='word_1_199' title='bbox 1846 2698 2114 2766; x_wconf 83' lang='lat' dir='ltr'><strong>dejicien-</strong></span> 
     </span>
    </p>
   </div>
   <div class='ocr_carea' id='block_1_29' title="bbox 535 2788 2114 2860">
    <p class='ocr_par' dir='ltr' id='par_1_29' title="bbox 535 2788 2114 2860">
     <span class='ocr_line' id='line_1_29' title="bbox 535 2788 2114 2860; baseline -0.003 -13"><span class='ocrx_word' id='word_1_200' title='bbox 535 2803 639 2855; x_wconf 87' lang='lat' dir='ltr'><strong>tes,</strong></span> <span class='ocrx_word' id='word_1_201' title='bbox 673 2792 829 2860; x_wconf 86' lang='lat' dir='ltr'><strong>lapsu</strong></span> <span class='ocrx_word' id='word_1_202' title='bbox 851 2791 1035 2844; x_wconf 89' lang='lat' dir='ltr'><strong>statim</strong></span> <span class='ocrx_word' id='word_1_203' title='bbox 1065 2791 1287 2844; x_wconf 81' lang='lat' dir='ltr'><strong>contriti</strong></span> <span class='ocrx_word' id='word_1_204' title='bbox 1332 2790 1705 2858; x_wconf 72' lang='lat' dir='ltr'><strong>exspirarunt.</strong></span> <span class='ocrx_word' id='word_1_205' title='bbox 1756 2788 1904 2842; x_wconf 87' lang='lat' dir='ltr'><strong>Inter</strong></span> <span class='ocrx_word' id='word_1_206' title='bbox 1933 2788 2114 2842; x_wconf 79' lang='lat' dir='ltr'><strong>adhuc</strong></span> 
     </span>
    </p>
   </div>
   <div class='ocr_carea' id='block_1_30' title="bbox 536 2880 2115 2951">
    <p class='ocr_par' dir='ltr' id='par_1_30' title="bbox 536 2880 2115 2951">
     <span class='ocr_line' id='line_1_30' title="bbox 536 2880 2115 2951; baseline -0.003 -14"><span class='ocrx_word' id='word_1_207' title='bbox 536 2886 865 2951; x_wconf 82' lang='lat' dir='ltr'><strong>superstites</strong></span> <span class='ocrx_word' id='word_1_208' title='bbox 897 2891 1128 2951; x_wconf 64' lang='lat' dir='ltr'><strong>caeteros</strong></span> <span class='ocrx_word' id='word_1_209' title='bbox 1164 2896 1301 2951; x_wconf 89' lang='lat' dir='ltr'><strong>puer</strong></span> <span class='ocrx_word' id='word_1_210' title='bbox 1327 2881 1433 2933; x_wconf 86' lang='lat' dir='ltr'><strong>fuit</strong></span> <span class='ocrx_word' id='word_1_211' title='bbox 1456 2880 1662 2945; x_wconf 86' lang='lat' dir='ltr'><strong>animo,</strong></span> <span class='ocrx_word' id='word_1_212' title='bbox 1695 2887 2000 2935; x_wconf 80' lang='lat' dir='ltr'><strong>utcessans</strong></span> <span class='ocrx_word' id='word_1_213' title='bbox 2024 2896 2115 2933; x_wconf 90' lang='lat' dir='ltr'><strong>so-</strong></span> 
     </span>
    </p>
   </div>
   <div class='ocr_carea' id='block_1_31' title="bbox 2224 503 3789 587">
    <p class='ocr_par' dir='ltr' id='par_1_31' title="bbox 2224 503 3789 587">
     <span class='ocr_line' id='line_1_31' title="bbox 2224 503 3789 587; baseline 0.012 -34"><span class='ocrx_word' id='word_1_214' title='bbox 2224 503 2485 574; x_wconf 82' lang='grc' dir='ltr'>φρούριον</span> <span class='ocrx_word' id='word_1_215' title='bbox 2521 505 2728 557; x_wconf 82' lang='grc' dir='ltr'>θέλοιεν</span> <span class='ocrx_word' id='word_1_216' title='bbox 2774 507 2955 559; x_wconf 83' lang='grc' dir='ltr'>αὐτῶν</span> <span class='ocrx_word' id='word_1_217' title='bbox 2986 508 3454 577; x_wconf 71' lang='grc' dir='ltr'>μεσολαῦούντων.</span> <span class='ocrx_word' id='word_1_218' title='bbox 3507 516 3709 569; x_wconf 73' lang='grc' dir='ltr'>ἀνονιτί</span> <span class='ocrx_word' id='word_1_219' title='bbox 3734 536 3789 587; x_wconf 79' lang='grc' dir='ltr'><strong>γε</strong></span> 
     </span>
    </p>
   </div>
   <div class='ocr_carea' id='block_1_32' title="bbox 2224 593 3784 676">
    <p class='ocr_par' dir='ltr' id='par_1_32' title="bbox 2224 593 3784 676">
     <span class='ocr_line' id='line_1_32' title="bbox 2224 593 3784 676; baseline 0.01 -29"><span class='ocrx_word' id='word_1_220' title='bbox 2224 593 2475 663; x_wconf 82' lang='grc' dir='ltr'>λήψαιντ⁹</span> <span class='ocrx_word' id='word_1_221' title='bbox 2505 596 2592 662; x_wconf 77' lang='grc' dir='ltr'><strong>ἂν,</strong></span> <span class='ocrx_word' id='word_1_222' title='bbox 2636 599 2685 651; x_wconf 80' lang='grc' dir='ltr'>εἰ</span> <span class='ocrx_word' id='word_1_223' title='bbox 2714 598 2772 651; x_wconf 83' lang='grc' dir='ltr'>δέ</span> <span class='ocrx_word' id='word_1_224' title='bbox 2810 616 2874 667; x_wconf 87' lang='grc' dir='ltr'><strong>γε</strong></span> <span class='ocrx_word' id='word_1_225' title='bbox 2910 600 3020 652; x_wconf 88' lang='grc' dir='ltr'><strong>τῶν</strong></span> <span class='ocrx_word' id='word_1_226' title='bbox 3049 602 3201 665; x_wconf 58' lang='lat' dir='ltr'><strong>me;</strong></span> <span class='ocrx_word' id='word_1_227' title='bbox 3231 604 3289 665; x_wconf 74' lang='grc' dir='ltr'>ἐς</span> <span class='ocrx_word' id='word_1_228' title='bbox 3334 602 3483 657; x_wconf 76' lang='grc' dir='ltr'>ἅπαν</span> <span class='ocrx_word' id='word_1_229' title='bbox 3517 611 3784 676; x_wconf 82' lang='grc' dir='ltr'>περιγενέ-</span> 
     </span>
    </p>
   </div>
   <div class='ocr_carea' id='block_1_33' title="bbox 2225 687 3785 762">
    <p class='ocr_par' dir='ltr' id='par_1_33' title="bbox 2225 687 3785 762">
     <span class='ocr_line' id='line_1_33' title="bbox 2225 687 3785 762; baseline 0.01 -24"><span class='ocrx_word' id='word_1_230' title='bbox 2225 687 2373 752; x_wconf 83' lang='grc' dir='ltr'>σθαι,</span> <span class='ocrx_word' id='word_1_231' title='bbox 2410 690 2511 742; x_wconf 76' lang='grc' dir='ltr'>οὺκ</span> <span class='ocrx_word' id='word_1_232' title='bbox 2546 690 2611 745; x_wconf 72' lang='grc' dir='ltr'>ἂν</span> <span class='ocrx_word' id='word_1_233' title='bbox 2636 693 2911 762; x_wconf 78' lang='grc' dir='ltr'>ἀναιμωτὶ</span> <span class='ocrx_word' id='word_1_234' title='bbox 2934 695 2994 745; x_wconf 73' lang='grc' dir='ltr'><strong>τὸ</strong></span> <span class='ocrx_word' id='word_1_235' title='bbox 3025 694 3247 749; x_wconf 84' lang='grc' dir='ltr'>σύνολον</span> <span class='ocrx_word' id='word_1_236' title='bbox 3272 697 3655 762; x_wconf 81' lang='grc' dir='ltr'>ἀπαλλάξειαν.</span> <span class='ocrx_word' id='word_1_237' title='bbox 3681 703 3785 755; x_wconf 77' lang='grc' dir='ltr'><strong>Καὶ</strong></span> 
     </span>
    </p>
   </div>
   <div class='ocr_carea' id='block_1_34' title="bbox 2224 780 3787 856">
    <p class='ocr_par' dir='ltr' id='par_1_34' title="bbox 2224 780 3787 856">
     <span class='ocr_line' id='line_1_34' title="bbox 2224 780 3787 856; baseline 0.006 -23"><span class='ocrx_word' id='word_1_238' title='bbox 2224 780 2334 849; x_wconf 80' lang='grc' dir='ltr'><strong>ὅπη</strong></span> <span class='ocrx_word' id='word_1_239' title='bbox 2364 783 2550 850; x_wconf 80' lang='grc' dir='ltr'>σφίσιν</span> <span class='ocrx_word' id='word_1_240' title='bbox 2590 786 2949 855; x_wconf 80' lang='grc' dir='ltr'>ἐπιχειρητέα</span> <span class='ocrx_word' id='word_1_241' title='bbox 2986 786 3045 849; x_wconf 81' lang='grc' dir='ltr'>ἐς</span> <span class='ocrx_word' id='word_1_242' title='bbox 3077 788 3178 856; x_wconf 85' lang='grc' dir='ltr'><strong>τὴν</strong></span> <span class='ocrx_word' id='word_1_243' title='bbox 3208 789 3409 856; x_wconf 79' lang='grc' dir='ltr'>πρᾶξιν</span> <span class='ocrx_word' id='word_1_244' title='bbox 3441 789 3545 854; x_wconf 73' lang='grc' dir='ltr'>εἴη,</span> <span class='ocrx_word' id='word_1_245' title='bbox 3580 792 3787 843; x_wconf 84' lang='grc' dir='ltr'>διεπυν-</span> 
     </span>
    </p>
   </div>
   <div class='ocr_carea' id='block_1_35' title="bbox 2225 870 3790 948">
    <p class='ocr_par' dir='ltr' id='par_1_35' title="bbox 2225 870 3790 948">
     <span class='ocr_line' id='line_1_35' title="bbox 2225 870 3790 948; baseline 0.007 -27"><span class='ocrx_word' id='word_1_246' title='bbox 2225 870 2465 925; x_wconf 84' lang='grc' dir='ltr'>θάνοντο.</span> <span class='ocrx_word' id='word_1_247' title='bbox 2496 873 2786 944; x_wconf 82' lang='grc' dir='ltr'>Ξυμφέρον</span> <span class='ocrx_word' id='word_1_248' title='bbox 2814 876 2870 928; x_wconf 83' lang='grc' dir='ltr'>δὲ</span> <span class='ocrx_word' id='word_1_249' title='bbox 2897 877 2957 928; x_wconf 84' lang='grc' dir='ltr'>τό</span> <span class='ocrx_word' id='word_1_250' title='bbox 2978 892 3041 944; x_wconf 88' lang='grc' dir='ltr'><strong>γε</strong></span> <span class='ocrx_word' id='word_1_251' title='bbox 3069 876 3187 946; x_wconf 80' lang='grc' dir='ltr'>μετ’</span> <span class='ocrx_word' id='word_1_252' title='bbox 3210 878 3432 947; x_wconf 78' lang='grc' dir='ltr'>εἰρήνης</span> <span class='ocrx_word' id='word_1_253' title='bbox 3459 877 3790 948; x_wconf 78' lang='grc' dir='ltr'>ἀπηλλάχθαι</span> 
     </span>
    </p>
   </div>
   <div class='ocr_carea' id='block_1_36' title="bbox 2223 960 3791 1040">
    <p class='ocr_par' dir='ltr' id='par_1_36' title="bbox 2223 960 3791 1040">
     <span class='ocr_line' id='line_1_36' title="bbox 2223 960 3791 1040; baseline 0.006 -28"><span class='ocrx_word' id='word_1_254' title='bbox 2223 960 2402 1024; x_wconf 78' lang='grc' dir='ltr'>δόξαν,</span> <span class='ocrx_word' id='word_1_255' title='bbox 2447 964 2603 1015; x_wconf 56' lang='grc' dir='ltr'><strong>αὐτοὶ⁵</strong></span> <span class='ocrx_word' id='word_1_256' title='bbox 2632 968 2741 1028; x_wconf 76' lang='grc' dir='ltr'>τοῖς</span> <span class='ocrx_word' id='word_1_257' title='bbox 2775 968 3082 1037; x_wconf 82' lang='grc' dir='ltr'>ὲνῳκηκόσι</span> <span class='ocrx_word' id='word_1_258' title='bbox 3114 972 3181 1037; x_wconf 80' lang='grc' dir='ltr'>τῇ</span> <span class='ocrx_word' id='word_1_259' title='bbox 3217 971 3368 1038; x_wconf 74' lang='grc' dir='ltr'>νήσῳ</span> <span class='ocrx_word' id='word_1_260' title='bbox 3402 971 3648 1022; x_wconf 77' lang='grc' dir='ltr'>ἐπίκοινα</span> <span class='ocrx_word' id='word_1_261' title='bbox 3678 971 3791 1040; x_wconf 82' lang='grc' dir='ltr'>βου-</span> 
     </span>
    </p>
   </div>
   <div class='ocr_carea' id='block_1_37' title="bbox 2224 1053 3792 1131">
    <p class='ocr_par' dir='ltr' id='par_1_37' title="bbox 2224 1053 3792 1131">
     <span class='ocr_line' id='line_1_37' title="bbox 2224 1053 3792 1131; baseline 0.009 -27"><span class='ocrx_word' id='word_1_262' title='bbox 2224 1053 2553 1124; x_wconf 84' lang='grc' dir='ltr'>λευσάμενοι</span> <span class='ocrx_word' id='word_1_263' title='bbox 2592 1060 2661 1112; x_wconf 86' lang='grc' dir='ltr'><strong>τά</strong></span> <span class='ocrx_word' id='word_1_264' title='bbox 2720 1061 2823 1130; x_wconf 79' lang='grc' dir='ltr'>μὲν</span> <span class='ocrx_word' id='word_1_265' title='bbox 2874 1062 3105 1131; x_wconf 83' lang='grc' dir='ltr'>σώματα</span> <span class='ocrx_word' id='word_1_266' title='bbox 3159 1064 3308 1130; x_wconf 73' lang='grc' dir='ltr'>σφῶν</span> <span class='ocrx_word' id='word_1_267' title='bbox 3344 1065 3434 1116; x_wconf 76' lang='grc' dir='ltr'><strong>ἐπὶ</strong></span> <span class='ocrx_word' id='word_1_268' title='bbox 3467 1067 3583 1127; x_wconf 75' lang='grc' dir='ltr'>ταῖς</span> <span class='ocrx_word' id='word_1_269' title='bbox 3638 1065 3792 1128; x_wconf 78' lang='grc' dir='ltr'>ἰδίαις</span> 
     </span>
    </p>
   </div>
   <div class='ocr_carea' id='block_1_38' title="bbox 2224 1150 3794 1227">
    <p class='ocr_par' dir='ltr' id='par_1_38' title="bbox 2224 1150 3794 1227">
     <span class='ocr_line' id='line_1_38' title="bbox 2224 1150 3794 1227; baseline 0.009 -29"><span class='ocrx_word' id='word_1_270' title='bbox 2224 1150 2416 1199; x_wconf 72' lang='grc' dir='ltr'>ναυσὶν</span> <span class='ocrx_word' id='word_1_271' title='bbox 2476 1152 2839 1220; x_wconf 74' lang='grc' dir='ltr'>ὲπιϐήσαντες</span> <span class='ocrx_word' id='word_1_272' title='bbox 2894 1159 3377 1227; x_wconf 83' lang='grc' dir='ltr'>περιεποιήσαντο,</span> <span class='ocrx_word' id='word_1_273' title='bbox 3422 1160 3575 1211; x_wconf 85' lang='grc' dir='ltr'>κενὸν</span> <span class='ocrx_word' id='word_1_274' title='bbox 3629 1159 3682 1211; x_wconf 82' lang='grc' dir='ltr'>δὲ</span> <span class='ocrx_word' id='word_1_275' title='bbox 3737 1159 3794 1212; x_wconf 77' lang='grc' dir='ltr'>τὸ</span> 
     </span>
    </p>
   </div>
   <div class='ocr_carea' id='block_1_39' title="bbox 2226 1239 3795 1318">
    <p class='ocr_par' dir='ltr' id='par_1_39' title="bbox 2226 1239 3795 1318">
     <span class='ocr_line' id='line_1_39' title="bbox 2226 1239 3795 1318; baseline 0.009 -28"><span class='ocrx_word' id='word_1_276' title='bbox 2226 1239 2488 1310; x_wconf 85' lang='grc' dir='ltr'>φρούριον</span> <span class='ocrx_word' id='word_1_277' title='bbox 2524 1246 2741 1310; x_wconf 81' lang='grc' dir='ltr'>ἀφιᾶσι.</span> <span class='ocrx_word' id='word_1_278' title='bbox 2781 1246 2891 1300; x_wconf 79' lang='grc' dir='ltr'>Καὶ</span> <span class='ocrx_word' id='word_1_279' title='bbox 2927 1250 3071 1317; x_wconf 83' lang='grc' dir='ltr'>μέγα</span> <span class='ocrx_word' id='word_1_280' title='bbox 3094 1266 3148 1301; x_wconf 89' lang='grc' dir='ltr'><strong>τι</strong></span> <span class='ocrx_word' id='word_1_281' title='bbox 3196 1252 3477 1318; x_wconf 69' lang='grc' dir='ltr'>ἐφημίσθη</span> <span class='ocrx_word' id='word_1_282' title='bbox 3510 1253 3684 1315; x_wconf 73' lang='grc' dir='ltr'>τοῦτο,</span> <span class='ocrx_word' id='word_1_283' title='bbox 3725 1253 3795 1314; x_wconf 82' lang='grc' dir='ltr'>ὡς</span> 
     </span>
    </p>
   </div>
   <div class='ocr_carea' id='block_1_40' title="bbox 2225 1334 3796 1412">
    <p class='ocr_par' dir='ltr' id='par_1_40' title="bbox 2225 1334 3796 1412">
     <span class='ocr_line' id='line_1_40' title="bbox 2225 1334 3796 1412; baseline 0.008 -27"><span class='ocrx_word' id='word_1_284' title='bbox 2225 1334 2393 1403; x_wconf 79' lang='grc' dir='ltr'>αὐτὴν</span> <span class='ocrx_word' id='word_1_285' title='bbox 2424 1336 2822 1391; x_wconf 82' lang='grc' dir='ltr'>Καλλιούπολιν</span> <span class='ocrx_word' id='word_1_286' title='bbox 2851 1342 3235 1409; x_wconf 65' lang='grc' dir='ltr'>κατασχόντων</span> <span class='ocrx_word' id='word_1_287' title='bbox 3261 1361 3273 1371; x_wconf 64' lang='grc' dir='ltr'><strong>ι</strong></span> <span class='ocrx_word' id='word_1_288' title='bbox 3311 1344 3365 1405; x_wconf 84' lang='grc' dir='ltr'>ἐς</span> <span class='ocrx_word' id='word_1_289' title='bbox 3396 1343 3511 1395; x_wconf 80' lang='grc' dir='ltr'>τόδε</span> <span class='ocrx_word' id='word_1_290' title='bbox 3539 1345 3682 1412; x_wconf 78' lang='grc' dir='ltr'><strong>ὅμως</strong></span> <span class='ocrx_word' id='word_1_291' title='bbox 3706 1346 3796 1397; x_wconf 82' lang='grc' dir='ltr'>καὶ</span> 
     </span>
    </p>
   </div>
   <div class='ocr_carea' id='block_1_41' title="bbox 2228 1424 3796 1501">
    <p class='ocr_par' dir='ltr' id='par_1_41' title="bbox 2228 1424 3796 1501">
     <span class='ocr_line' id='line_1_41' title="bbox 2228 1424 3796 1501; baseline 0.009 -27"><span class='ocrx_word' id='word_1_292' title='bbox 2228 1424 2391 1493; x_wconf 84' lang='grc' dir='ltr'>μόνον</span> <span class='ocrx_word' id='word_1_293' title='bbox 2444 1428 2721 1501; x_wconf 77' lang='grc' dir='ltr'>ἀπεκρίθη</span> <span class='ocrx_word' id='word_1_294' title='bbox 2783 1434 2843 1482; x_wconf 79' lang='grc' dir='ltr'><strong>τὸ</strong></span> <span class='ocrx_word' id='word_1_295' title='bbox 2890 1432 3280 1501; x_wconf 79' lang='grc' dir='ltr'>φημιζόμενον.</span> <span class='ocrx_word' id='word_1_296' title='bbox 3334 1436 3506 1486; x_wconf 75' lang='grc' dir='ltr'>Οὐδὲν</span> <span class='ocrx_word' id='word_1_297' title='bbox 3558 1436 3615 1487; x_wconf 80' lang='grc' dir='ltr'>δὲ</span> <span class='ocrx_word' id='word_1_298' title='bbox 3664 1437 3796 1501; x_wconf 78' lang='grc' dir='ltr'>τέως</span> 
     </span>
    </p>
   </div>
   <div class='ocr_carea' id='block_1_42' title="bbox 2225 1517 3797 1596">
    <p class='ocr_par' dir='ltr' id='par_1_42' title="bbox 2225 1517 3797 1596">
     <span class='ocr_line' id='line_1_42' title="bbox 2225 1517 3797 1596; baseline 0.008 -28"><span class='ocrx_word' id='word_1_299' title='bbox 2225 1517 2550 1587; x_wconf 81' lang='grc' dir='ltr'>ὲνεὼχμωσε</span> <span class='ocrx_word' id='word_1_300' title='bbox 2601 1520 2697 1574; x_wconf 73' lang='grc' dir='ltr'>καὶ</span> <span class='ocrx_word' id='word_1_301' title='bbox 2743 1525 2803 1574; x_wconf 80' lang='grc' dir='ltr'><strong>τὸ</strong></span> <span class='ocrx_word' id='word_1_302' title='bbox 2839 1525 2967 1593; x_wconf 79' lang='grc' dir='ltr'>περὶ</span> <span class='ocrx_word' id='word_1_303' title='bbox 3006 1526 3105 1593; x_wconf 84' lang='grc' dir='ltr'>τῆς</span> <span class='ocrx_word' id='word_1_304' title='bbox 3157 1526 3480 1594; x_wconf 78' lang='grc' dir='ltr'>Αὖγούστης</span> <span class='ocrx_word' id='word_1_305' title='bbox 3538 1528 3797 1596; x_wconf 79' lang='grc' dir='ltr'>φημισθὲν</span> 
     </span>
    </p>
   </div>
   <div class='ocr_carea' id='block_1_43' title="bbox 2226 1610 3799 1692">
    <p class='ocr_par' dir='ltr' id='par_1_43' title="bbox 2226 1610 3799 1692">
     <span class='ocr_line' id='line_1_43' title="bbox 2226 1610 3799 1692; baseline 0.008 -32"><span class='ocrx_word' id='word_1_306' title='bbox 2226 1610 2484 1681; x_wconf 70' lang='grc' dir='ltr'>Εἰρήνης,</span> <span class='ocrx_word' id='word_1_307' title='bbox 2531 1613 2655 1682; x_wconf 76' lang='grc' dir='ltr'>ἥτις</span> <span class='ocrx_word' id='word_1_308' title='bbox 2691 1616 2784 1666; x_wconf 76' lang='grc' dir='ltr'><strong>ἐπὶ</strong></span> <span class='ocrx_word' id='word_1_309' title='bbox 2828 1616 2982 1669; x_wconf 69' lang='grc' dir='ltr'>δυσὶν</span> <span class='ocrx_word' id='word_1_310' title='bbox 3030 1618 3133 1688; x_wconf 78' lang='grc' dir='ltr'>ἤδη</span> <span class='ocrx_word' id='word_1_311' title='bbox 3187 1620 3402 1688; x_wconf 83' lang='grc' dir='ltr'>χρόνοις</span> <span class='ocrx_word' id='word_1_312' title='bbox 3436 1618 3799 1692; x_wconf 75' lang='grc' dir='ltr'>Θεσσαλονίκῃ</span> 
     </span>
    </p>
   </div>
   <div class='ocr_carea' id='block_1_44' title="bbox 2227 1705 3798 1782">
    <p class='ocr_par' dir='ltr' id='par_1_44' title="bbox 2227 1705 3798 1782">
     <span class='ocr_line' id='line_1_44' title="bbox 2227 1705 3798 1782; baseline 0.007 -28"><span class='ocrx_word' id='word_1_313' title='bbox 2227 1705 2619 1772; x_wconf 81' lang='grc' dir='ltr'>παραμείνασα</span> <span class='ocrx_word' id='word_1_314' title='bbox 2648 1707 2716 1757; x_wconf 83' lang='grc' dir='ltr'><strong>τὰ</strong></span> <span class='ocrx_word' id='word_1_315' title='bbox 2748 1708 2883 1776; x_wconf 77' lang='grc' dir='ltr'>πρὸς</span> <span class='ocrx_word' id='word_1_316' title='bbox 2913 1708 3082 1777; x_wconf 81' lang='grc' dir='ltr'>αὐτῆς</span> <span class='ocrx_word' id='word_1_317' title='bbox 3113 1711 3205 1761; x_wconf 67' lang='grc' dir='ltr'><strong>καὶ</strong></span> <span class='ocrx_word' id='word_1_318' title='bbox 3228 1711 3337 1763; x_wconf 88' lang='grc' dir='ltr'><strong>τῶν</strong></span> <span class='ocrx_word' id='word_1_319' title='bbox 3363 1711 3575 1764; x_wconf 77' lang='grc' dir='ltr'>παίδων</span> <span class='ocrx_word' id='word_1_320' title='bbox 3597 1712 3798 1782; x_wconf 80' lang='grc' dir='ltr'>διῴκει,</span> 
     </span>
    </p>
   </div>
   <div class='ocr_carea' id='block_1_45' title="bbox 2221 1797 3801 1874">
    <p class='ocr_par' dir='ltr' id='par_1_45' title="bbox 2221 1797 3801 1874">
     <span class='ocr_line' id='line_1_45' title="bbox 2221 1797 3801 1874; baseline 0.009 -30"><span class='ocrx_word' id='word_1_321' title='bbox 2221 1797 2301 1857; x_wconf 81' lang='grc' dir='ltr'>εἰς</span> <span class='ocrx_word' id='word_1_322' title='bbox 2331 1797 2638 1865; x_wconf 81' lang='grc' dir='ltr'>ἐπιγάμους</span> <span class='ocrx_word' id='word_1_323' title='bbox 2668 1800 2895 1868; x_wconf 83' lang='grc' dir='ltr'>ὁρμῶσα</span> <span class='ocrx_word' id='word_1_324' title='bbox 2932 1802 3255 1871; x_wconf 70' lang='grc' dir='ltr'>συμϐάσεις.</span> <span class='ocrx_word' id='word_1_325' title='bbox 3292 1804 3366 1855; x_wconf 80' lang='grc' dir='ltr'>Τὸ</span> <span class='ocrx_word' id='word_1_326' title='bbox 3400 1804 3449 1857; x_wconf 81' lang='grc' dir='ltr'>δ’</span> <span class='ocrx_word' id='word_1_327' title='bbox 3477 1798 3545 1874; x_wconf 78' lang='grc' dir='ltr'>ἦν</span> <span class='ocrx_word' id='word_1_328' title='bbox 3588 1805 3694 1857; x_wconf 89' lang='grc' dir='ltr'><strong>τῶν</strong></span> <span class='ocrx_word' id='word_1_329' title='bbox 3726 1805 3801 1869; x_wconf 72' lang='grc' dir='ltr'><strong>εἰς</strong></span> 
     </span>
    </p>
   </div>
   <div class='ocr_carea' id='block_1_46' title="bbox 2219 1889 3801 1965">
    <p class='ocr_par' dir='ltr' id='par_1_46' title="bbox 2219 1889 3801 1965">
     <span class='ocr_line' id='line_1_46' title="bbox 2219 1889 3801 1965; baseline 0.005 -25"><span class='ocrx_word' id='word_1_330' title='bbox 2219 1890 2286 1940; x_wconf 72' lang='grc' dir='ltr'>τὰ</span> <span class='ocrx_word' id='word_1_331' title='bbox 2331 1889 2458 1959; x_wconf 77' lang='grc' dir='ltr'>τῇδε</span> <span class='ocrx_word' id='word_1_332' title='bbox 2493 1893 2810 1961; x_wconf 78' lang='grc' dir='ltr'>ἁπτομένην</span> <span class='ocrx_word' id='word_1_333' title='bbox 2863 1896 3215 1965; x_wconf 73' lang='grc' dir='ltr'>συμμαχικὸν</span> <span class='ocrx_word' id='word_1_334' title='bbox 3279 1895 3591 1960; x_wconf 73' lang='grc' dir='ltr'>ἐπάγεσθαι</span> <span class='ocrx_word' id='word_1_335' title='bbox 3632 1896 3694 1948; x_wconf 75' lang='grc' dir='ltr'>ἐκ</span> <span class='ocrx_word' id='word_1_336' title='bbox 3747 1913 3801 1948; x_wconf 84' lang='grc' dir='ltr'><strong>τε</strong></span> 
     </span>
    </p>
   </div>
   <div class='ocr_carea' id='block_1_47' title="bbox 2219 1982 3802 2056">
    <p class='ocr_par' dir='ltr' id='par_1_47' title="bbox 2219 1982 3802 2056">
     <span class='ocr_line' id='line_1_47' title="bbox 2219 1982 3802 2056; baseline 0.004 -21"><span class='ocrx_word' id='word_1_337' title='bbox 2219 1982 2575 2053; x_wconf 83' lang='grc' dir='ltr'>Βελεγράδων</span> <span class='ocrx_word' id='word_1_338' title='bbox 2621 1984 2910 2054; x_wconf 82' lang='grc' dir='ltr'>Ῥωμαίων</span> <span class='ocrx_word' id='word_1_339' title='bbox 2954 1988 3226 2056; x_wconf 84' lang='grc' dir='ltr'>κατήκοον</span> <span class='ocrx_word' id='word_1_340' title='bbox 3264 1990 3359 2041; x_wconf 76' lang='grc' dir='ltr'><strong>καὶ</strong></span> <span class='ocrx_word' id='word_1_341' title='bbox 3397 1990 3652 2042; x_wconf 82' lang='grc' dir='ltr'>πλεῖστον</span> <span class='ocrx_word' id='word_1_342' title='bbox 3682 1989 3802 2044; x_wconf 78' lang='grc' dir='ltr'>ἀλλο</span> 
     </span>
    </p>
   </div>
   <div class='ocr_carea' id='block_1_48' title="bbox 2219 2074 3803 2152">
    <p class='ocr_par' dir='ltr' id='par_1_48' title="bbox 2219 2074 3803 2152">
     <span class='ocr_line' id='line_1_48' title="bbox 2219 2074 3803 2152; baseline 0.005 -26"><span class='ocrx_word' id='word_1_343' title='bbox 2219 2074 2587 2145; x_wconf 73' lang='grc' dir='ltr'>Τριϐαλλικὸν</span> <span class='ocrx_word' id='word_1_344' title='bbox 2629 2076 2861 2141; x_wconf 80' lang='grc' dir='ltr'>ξενικόν.</span> <span class='ocrx_word' id='word_1_345' title='bbox 2923 2080 3068 2133; x_wconf 84' lang='grc' dir='ltr'>Ἀλλ’</span> <span class='ocrx_word' id='word_1_346' title='bbox 3099 2082 3149 2133; x_wconf 81' lang='lat' dir='ltr'><strong>oi</strong></span> <span class='ocrx_word' id='word_1_347' title='bbox 3202 2082 3360 2134; x_wconf 79' lang='grc' dir='ltr'>αὐτοὶ</span> <span class='ocrx_word' id='word_1_348' title='bbox 3414 2078 3561 2152; x_wconf 77' lang='grc' dir='ltr'>ἦσαν</span> <span class='ocrx_word' id='word_1_349' title='bbox 3615 2084 3803 2136; x_wconf 78' lang='grc' dir='ltr'>καὶτὰ</span> 
     </span>
    </p>
   </div>
   <div class='ocr_carea' id='block_1_49' title="bbox 2218 2167 3804 2245">
    <p class='ocr_par' dir='ltr' id='par_1_49' title="bbox 2218 2167 3804 2245">
     <span class='ocr_line' id='line_1_49' title="bbox 2218 2167 3804 2245; baseline 0.004 -26"><span class='ocrx_word' id='word_1_350' title='bbox 2218 2168 2361 2219; x_wconf 79' lang='grc' dir='ltr'>αὐτὰ</span> <span class='ocrx_word' id='word_1_351' title='bbox 2396 2167 2669 2238; x_wconf 78' lang='grc' dir='ltr'>ἔπραττον</span> <span class='ocrx_word' id='word_1_352' title='bbox 2696 2170 2857 2225; x_wconf 87' lang='grc' dir='ltr'>πάλιν</span> <span class='ocrx_word' id='word_1_353' title='bbox 2884 2173 2932 2224; x_wconf 79' lang='grc' dir='ltr'><strong>οἱ</strong></span> <span class='ocrx_word' id='word_1_354' title='bbox 2963 2173 3218 2226; x_wconf 78' lang='grc' dir='ltr'>ἐναντίοι.</span> <span class='ocrx_word' id='word_1_355' title='bbox 3253 2174 3409 2236; x_wconf 81' lang='grc' dir='ltr'><strong>Τέως</strong></span> <span class='ocrx_word' id='word_1_356' title='bbox 3449 2177 3507 2227; x_wconf 78' lang='grc' dir='ltr'>δὲ</span> <span class='ocrx_word' id='word_1_357' title='bbox 3537 2175 3804 2245; x_wconf 80' lang='grc' dir='ltr'>ἐκεχειρία</span> 
     </span>
    </p>
   </div>
   <div class='ocr_carea' id='block_1_50' title="bbox 2214 2256 3806 2332">
    <p class='ocr_par' dir='ltr' id='par_1_50' title="bbox 2214 2256 3806 2332">
     <span class='ocr_line' id='line_1_50' title="bbox 2214 2256 3806 2332; baseline 0.004 -20"><span class='ocrx_word' id='word_1_358' title='bbox 2214 2256 2286 2331; x_wconf 79' lang='grc' dir='ltr'>ἦν</span> <span class='ocrx_word' id='word_1_359' title='bbox 2317 2262 2430 2314; x_wconf 86' lang='grc' dir='ltr'><strong>τῶν</strong></span> <span class='ocrx_word' id='word_1_360' title='bbox 2463 2262 2739 2332; x_wconf 78' lang='grc' dir='ltr'>πολέμων,</span> <span class='ocrx_word' id='word_1_361' title='bbox 2766 2264 2825 2328; x_wconf 80' lang='grc' dir='ltr'>ἐξ</span> <span class='ocrx_word' id='word_1_362' title='bbox 2854 2264 3102 2332; x_wconf 77' lang='grc' dir='ltr'>ἐγγίονος</span> <span class='ocrx_word' id='word_1_363' title='bbox 3122 2266 3231 2318; x_wconf 87' lang='grc' dir='ltr'><strong>τῶν</strong></span> <span class='ocrx_word' id='word_1_364' title='bbox 3266 2265 3391 2319; x_wconf 82' lang='grc' dir='ltr'>κατ’</span> <span class='ocrx_word' id='word_1_365' title='bbox 3431 2266 3663 2319; x_wconf 79' lang='grc' dir='ltr'>Ἀϐυδον</span> <span class='ocrx_word' id='word_1_366' title='bbox 3691 2282 3806 2318; x_wconf 88' lang='grc' dir='ltr'>στε-</span> 
     </span>
    </p>
   </div>
   <div class='ocr_carea' id='block_1_51' title="bbox 2218 2350 3803 2429">
    <p class='ocr_par' dir='ltr' id='par_1_51' title="bbox 2218 2350 3803 2429">
     <span class='ocr_line' id='line_1_51' title="bbox 2218 2350 3803 2429; baseline 0.003 -26"><span class='ocrx_word' id='word_1_367' title='bbox 2218 2350 2328 2404; x_wconf 85' lang='grc' dir='ltr'><strong>νῶν</strong></span> <span class='ocrx_word' id='word_1_368' title='bbox 2350 2351 2461 2405; x_wconf 86' lang='grc' dir='ltr'><strong>τῶν</strong></span> <span class='ocrx_word' id='word_1_369' title='bbox 2494 2352 2796 2421; x_wconf 85' lang='grc' dir='ltr'>βασιλικῶν</span> <span class='ocrx_word' id='word_1_370' title='bbox 2830 2357 3105 2429; x_wconf 85' lang='grc' dir='ltr'>τριήρεων</span> <span class='ocrx_word' id='word_1_371' title='bbox 3152 2355 3438 2409; x_wconf 84' lang='grc' dir='ltr'>πλεουσῶν</span> <span class='ocrx_word' id='word_1_372' title='bbox 3472 2358 3614 2410; x_wconf 81' lang='grc' dir='ltr'><strong>κατά</strong></span> <span class='ocrx_word' id='word_1_373' title='bbox 3638 2356 3803 2408; x_wconf 65' lang='grc' dir='ltr'>κωλύε-</span> 
     </span>
    </p>
   </div>
   <div class='ocr_carea' id='block_1_52' title="bbox 2222 2444 3805 2518">
    <p class='ocr_par' dir='ltr' id='par_1_52' title="bbox 2222 2444 3805 2518">
     <span class='ocr_line' id='line_1_52' title="bbox 2222 2444 3805 2518; baseline 0.002 -23"><span class='ocrx_word' id='word_1_374' title='bbox 2222 2460 2331 2513; x_wconf 87' lang='grc' dir='ltr'><strong>μην</strong></span> <span class='ocrx_word' id='word_1_375' title='bbox 2360 2444 2461 2514; x_wconf 85' lang='grc' dir='ltr'>τῆς</span> <span class='ocrx_word' id='word_1_376' title='bbox 2498 2444 2668 2498; x_wconf 74' lang='grc' dir='ltr'>ἕωθεν</span> <span class='ocrx_word' id='word_1_377' title='bbox 2711 2445 2821 2499; x_wconf 87' lang='grc' dir='ltr'><strong>τῶν</strong></span> <span class='ocrx_word' id='word_1_378' title='bbox 2870 2447 3100 2517; x_wconf 86' lang='grc' dir='ltr'>Περσῶν</span> <span class='ocrx_word' id='word_1_379' title='bbox 3150 2448 3535 2518; x_wconf 84' lang='grc' dir='ltr'>περαιώσεως.</span> <span class='ocrx_word' id='word_1_380' title='bbox 3567 2444 3671 2511; x_wconf 78' lang='grc' dir='ltr'>Οὓς</span> <span class='ocrx_word' id='word_1_381' title='bbox 3705 2444 3805 2499; x_wconf 74' lang='grc' dir='ltr'>οὐδ’</span> 
     </span>
    </p>
   </div>
   <div class='ocr_carea' id='block_1_53' title="bbox 2216 2593 3805 2673">
    <p class='ocr_par' dir='ltr' id='par_1_53' title="bbox 2216 2593 3805 2673">
     <span class='ocr_line' id='line_1_53' title="bbox 2216 2593 3805 2673; baseline 0.005 -26"><span class='ocrx_word' id='word_1_382' title='bbox 2216 2602 2273 2648; x_wconf 83' lang='grc' dir='ltr'><strong>ιο</strong></span> <span class='ocrx_word' id='word_1_383' title='bbox 2303 2593 2461 2652; x_wconf 80' lang='lat' dir='ltr'><strong>facile</strong></span> <span class='ocrx_word' id='word_1_384' title='bbox 2491 2597 2603 2652; x_wconf 86' lang='lat' dir='ltr'><strong>illis</strong></span> <span class='ocrx_word' id='word_1_385' title='bbox 2635 2613 2963 2667; x_wconf 87' lang='lat' dir='ltr'><strong>persuasere</strong></span> <span class='ocrx_word' id='word_1_386' title='bbox 2981 2598 3143 2671; x_wconf 82' lang='lat'><strong>557</strong></span> <span class='ocrx_word' id='word_1_387' title='bbox 3174 2611 3234 2654; x_wconf 89' lang='lat' dir='ltr'><strong>ut</strong></span> <span class='ocrx_word' id='word_1_388' title='bbox 3260 2617 3291 2656; x_wconf 90' lang='lat' dir='ltr'><strong>e</strong></span> <span class='ocrx_word' id='word_1_389' title='bbox 3322 2602 3454 2658; x_wconf 80' lang='lat' dir='ltr'><strong>loco</strong></span> <span class='ocrx_word' id='word_1_390' title='bbox 3484 2618 3649 2673; x_wconf 75' lang='lat' dir='ltr'><strong>quem</strong></span> <span class='ocrx_word' id='word_1_391' title='bbox 3672 2600 3805 2656; x_wconf 90' lang='lat' dir='ltr'><strong>tueri</strong></span> 
     </span>
    </p>
   </div>
   <div class='ocr_carea' id='block_1_54' title="bbox 2216 2684 3807 2757">
    <p class='ocr_par' dir='ltr' id='par_1_54' title="bbox 2216 2684 3807 2757">
     <span class='ocr_line' id='line_1_54' title="bbox 2216 2684 3807 2757; baseline 0.006 -20"><span class='ocrx_word' id='word_1_392' title='bbox 2216 2684 2283 2738; x_wconf 87' lang='lat' dir='ltr'><strong>ad</strong></span> <span class='ocrx_word' id='word_1_393' title='bbox 2314 2694 2622 2742; x_wconf 78' lang='lat' dir='ltr'><strong>extremum</strong></span> <span class='ocrx_word' id='word_1_394' title='bbox 2659 2690 2970 2757; x_wconf 75' lang='lat' dir='ltr'><strong>nequirent,</strong></span> <span class='ocrx_word' id='word_1_395' title='bbox 3015 2693 3151 2745; x_wconf 85' lang='lat' dir='ltr'><strong>salvi</strong></span> <span class='ocrx_word' id='word_1_396' title='bbox 3181 2707 3307 2747; x_wconf 88' lang='lat' dir='ltr'><strong>cum</strong></span> <span class='ocrx_word' id='word_1_397' title='bbox 3349 2695 3476 2749; x_wconf 80' lang='lat' dir='ltr'><strong>suis</strong></span> <span class='ocrx_word' id='word_1_398' title='bbox 3522 2695 3687 2748; x_wconf 83' lang='lat' dir='ltr'><strong>rebus</strong></span> <span class='ocrx_word' id='word_1_399' title='bbox 3728 2693 3807 2747; x_wconf 89' lang='lat' dir='ltr'><strong>in-</strong></span> 
     </span>
    </p>
   </div>
   <div class='ocr_carea' id='block_1_55' title="bbox 2216 2775 3805 2848">
    <p class='ocr_par' dir='ltr' id='par_1_55' title="bbox 2216 2775 3805 2848">
     <span class='ocr_line' id='line_1_55' title="bbox 2216 2775 3805 2848; baseline 0.007 -21"><span class='ocrx_word' id='word_1_400' title='bbox 2216 2775 2575 2847; x_wconf 86' lang='lat' dir='ltr'><strong>columesque</strong></span> <span class='ocrx_word' id='word_1_401' title='bbox 2623 2780 2772 2833; x_wconf 90' lang='lat' dir='ltr'><strong>ultro</strong></span> <span class='ocrx_word' id='word_1_402' title='bbox 2811 2781 3164 2837; x_wconf 79' lang='lat' dir='ltr'><strong>decederent.</strong></span> <span class='ocrx_word' id='word_1_403' title='bbox 3205 2782 3398 2848; x_wconf 79' lang='lat' dir='ltr'><strong>Quare</strong></span> <span class='ocrx_word' id='word_1_404' title='bbox 3444 2783 3557 2838; x_wconf 81' lang='lat' dir='ltr'><strong>illis</strong></span> <span class='ocrx_word' id='word_1_405' title='bbox 3597 2786 3649 2837; x_wconf 90' lang='lat' dir='ltr'><strong>in</strong></span> <span class='ocrx_word' id='word_1_406' title='bbox 3683 2798 3805 2839; x_wconf 81' lang='lat' dir='ltr'><strong>suas</strong></span> 
     </span>
    </p>
   </div>
   <div class='ocr_carea' id='block_1_56' title="bbox 2218 2870 3806 2938">
    <p class='ocr_par' dir='ltr' id='par_1_56' title="bbox 2218 2870 3806 2938">
     <span class='ocr_line' id='line_1_56' title="bbox 2218 2870 3806 2938; baseline 0.006 -17"><span class='ocrx_word' id='word_1_407' title='bbox 2218 2870 2461 2938; x_wconf 85' lang='lat' dir='ltr'><strong>acceptis</strong></span> <span class='ocrx_word' id='word_1_408' title='bbox 2519 2885 2687 2926; x_wconf 84' lang='lat' dir='ltr'><strong>naves</strong></span> <span class='ocrx_word' id='word_1_409' title='bbox 2741 2889 2969 2927; x_wconf 87' lang='lat' dir='ltr'><strong>vacuam</strong></span> <span class='ocrx_word' id='word_1_410' title='bbox 3024 2890 3205 2929; x_wconf 81' lang='lat' dir='ltr'><strong>arcem</strong></span> <span class='ocrx_word' id='word_1_411' title='bbox 3247 2880 3646 2932; x_wconf 80' lang='lat' dir='ltr'><strong>obsessoribus</strong></span> <span class='ocrx_word' id='word_1_412' title='bbox 3682 2876 3806 2931; x_wconf 86' lang='lat' dir='ltr'><strong>reli-</strong></span> 
     </span>
    </p>
   </div>
   <div class='ocr_carea' id='block_1_57' title="bbox 535 2965 2114 3059">
    <p class='ocr_par' dir='ltr' id='par_1_57' title="bbox 535 2973 2107 3044">
     <span class='ocr_line' id='line_1_57' title="bbox 535 2973 2107 3044; baseline 0.003 -18"><span class='ocrx_word' id='word_1_413' title='bbox 535 2976 622 3027; x_wconf 91' lang='lat' dir='ltr'><strong>lus</strong></span> <span class='ocrx_word' id='word_1_414' title='bbox 676 2975 1116 3037; x_wconf 75' lang='lat' dir='ltr'><strong>demonstrabat,</strong></span> <span class='ocrx_word' id='word_1_415' title='bbox 1179 2973 1408 3037; x_wconf 86' lang='lat' dir='ltr'><strong>imbelli,</strong></span> <span class='ocrx_word' id='word_1_416' title='bbox 1463 2984 1517 3028; x_wconf 90' lang='lat' dir='ltr'><strong>et</strong></span> <span class='ocrx_word' id='word_1_417' title='bbox 1588 2988 1749 3042; x_wconf 86' lang='lat' dir='ltr'><strong>quem</strong></span> <span class='ocrx_word' id='word_1_418' title='bbox 1821 2986 2107 3044; x_wconf 88' lang='lat' dir='ltr'><strong>appareret</strong></span> 
     </span>
    </p>
   </div>
   <div class='ocr_carea' id='block_1_58' title="bbox 2219 2965 3805 3059">
    <p class='ocr_par' dir='ltr' id='par_1_58' title="bbox 2224 2965 3805 3038">
     <span class='ocr_line' id='line_1_58' title="bbox 2224 2965 3805 3038; baseline 0.004 -24"><span class='ocrx_word' id='word_1_419' title='bbox 2224 2971 2482 3028; x_wconf 81' lang='lat' dir='ltr'><strong>querunt.</strong></span> <span class='ocrx_word' id='word_1_420' title='bbox 2529 2965 2857 3018; x_wconf 83' lang='lat' dir='ltr'><strong>Ambitiosis</strong></span> <span class='ocrx_word' id='word_1_421' title='bbox 2910 2966 3255 3020; x_wconf 88' lang='lat' dir='ltr'><strong>celebratum</strong></span> <span class='ocrx_word' id='word_1_422' title='bbox 3303 2967 3474 3022; x_wconf 70' lang='lat' dir='ltr'><strong>fama:</strong></span> <span class='ocrx_word' id='word_1_423' title='bbox 3521 2967 3805 3038; x_wconf 64' lang='lat' dir='ltr'><strong>praeconiis</strong></span> 
     </span>
    </p>
   </div>
   <div class='ocr_carea' id='block_1_59' title="bbox 534 3066 2114 3138">
    <p class='ocr_par' dir='ltr' id='par_1_59' title="bbox 534 3066 2114 3138">
     <span class='ocr_line' id='line_1_59' title="bbox 534 3066 2114 3138; baseline 0.001 -18"><span class='ocrx_word' id='word_1_424' title='bbox 534 3066 859 3120; x_wconf 65' lang='lat' dir='ltr'><strong>Servitute-tn</strong></span> <span class='ocrx_word' id='word_1_425' title='bbox 903 3076 1118 3134; x_wconf 88' lang='lat' dir='ltr'><strong>turpem</strong></span> <span class='ocrx_word' id='word_1_426' title='bbox 1162 3066 1270 3119; x_wconf 85' lang='lat' dir='ltr'><strong>leto</strong></span> <span class='ocrx_word' id='word_1_427' title='bbox 1313 3074 1513 3135; x_wconf 80' lang='lat' dir='ltr'><strong>emptae</strong></span> <span class='ocrx_word' id='word_1_428' title='bbox 1554 3067 1818 3132; x_wconf 80' lang='lat' dir='ltr'><strong>libertati,</strong></span> <span class='ocrx_word' id='word_1_429' title='bbox 1862 3069 1906 3121; x_wconf 93' lang='lat' dir='ltr'><strong>si</strong></span> <span class='ocrx_word' id='word_1_430' title='bbox 1957 3070 2114 3138; x_wconf 86' lang='lat' dir='ltr'><strong>copia</strong></span> 
     </span>
    </p>
   </div>
   <div class='ocr_carea' id='block_1_60' title="bbox 533 3158 2117 3230">
    <p class='ocr_par' dir='ltr' id='par_1_60' title="bbox 533 3158 2117 3230">
     <span class='ocr_line' id='line_1_60' title="bbox 533 3158 2117 3230; baseline 0.003 -18"><span class='ocrx_word' id='word_1_431' title='bbox 533 3160 784 3221; x_wconf 79' lang='lat' dir='ltr'><strong>daretur,</strong></span> <span class='ocrx_word' id='word_1_432' title='bbox 821 3158 1079 3228; x_wconf 81' lang='lat' dir='ltr'><strong>praeferre</strong></span> <span class='ocrx_word' id='word_1_433' title='bbox 1112 3168 1388 3227; x_wconf 89' lang='lat' dir='ltr'><strong>paratum.</strong></span> <span class='ocrx_word' id='word_1_434' title='bbox 1428 3158 1610 3225; x_wconf 88' lang='lat' dir='ltr'><strong>llunc,</strong></span> <span class='ocrx_word' id='word_1_435' title='bbox 1645 3160 1790 3213; x_wconf 88' lang='lat' dir='ltr'><strong>baud</strong></span> <span class='ocrx_word' id='word_1_436' title='bbox 1827 3173 2117 3230; x_wconf 85' lang='lat' dir='ltr'><strong>parcentes</strong></span> 
     </span>
    </p>
   </div>
   <div class='ocr_carea' id='block_1_61' title="bbox 534 3250 2120 3318">
    <p class='ocr_par' dir='ltr' id='par_1_61' title="bbox 534 3250 2120 3318">
     <span class='ocr_line' id='line_1_61' title="bbox 534 3250 2120 3318; baseline 0.001 -15"><span class='ocrx_word' id='word_1_437' title='bbox 534 3251 639 3312; x_wconf 86' lang='lat' dir='ltr'><strong>illi,</strong></span> <span class='ocrx_word' id='word_1_438' title='bbox 664 3252 876 3304; x_wconf 83' lang='lat' dir='ltr'><strong>circum</strong></span> <span class='ocrx_word' id='word_1_439' title='bbox 897 3250 1081 3318; x_wconf 90' lang='lat' dir='ltr'><strong>plures</strong></span> <span class='ocrx_word' id='word_1_440' title='bbox 1106 3257 1713 3318; x_wconf 87' lang='lat' dir='ltr'><strong>correptum,tanquam</strong></span> <span class='ocrx_word' id='word_1_441' title='bbox 1741 3254 1877 3305; x_wconf 86' lang='lat' dir='ltr'><strong>mori</strong></span> <span class='ocrx_word' id='word_1_442' title='bbox 1904 3250 2120 3307; x_wconf 79' lang='lat' dir='ltr'><strong>fortiter</strong></span> 
     </span>
    </p>
   </div>
   <div class='ocr_carea' id='block_1_62' title="bbox 495 3342 2115 3411">
    <p class='ocr_par' dir='ltr' id='par_1_62' title="bbox 495 3342 2115 3411">
     <span class='ocr_line' id='line_1_62' title="bbox 495 3342 2115 3411; baseline 0.001 -14"><span class='ocrx_word' id='word_1_443' title='bbox 495 3345 823 3407; x_wconf 84' lang='lat' dir='ltr'><strong>’docentes,</strong></span> <span class='ocrx_word' id='word_1_444' title='bbox 862 3343 919 3395; x_wconf 88' lang='lat' dir='ltr'><strong>in</strong></span> <span class='ocrx_word' id='word_1_445' title='bbox 950 3345 1129 3411; x_wconf 87' lang='lat' dir='ltr'><strong>ignem</strong></span> <span class='ocrx_word' id='word_1_446' title='bbox 1172 3342 1562 3411; x_wconf 75' lang='lat' dir='ltr'><strong>conjeceruat,</strong></span> <span class='ocrx_word' id='word_1_447' title='bbox 1608 3358 1828 3397; x_wconf 86' lang='lat' dir='ltr'><strong>servare</strong></span> <span class='ocrx_word' id='word_1_448' title='bbox 1858 3359 1917 3397; x_wconf 90' lang='lat' dir='ltr'><strong>se</strong></span> <span class='ocrx_word' id='word_1_449' title='bbox 1962 3345 2115 3398; x_wconf 87' lang='lat' dir='ltr'><strong>illum</strong></span> 
     </span>
    </p>
   </div>
   <div class='ocr_carea' id='block_1_63' title="bbox 532 3434 2120 3507">
    <p class='ocr_par' dir='ltr' id='par_1_63' title="bbox 532 3434 2120 3507">
     <span class='ocr_line' id='line_1_63' title="bbox 532 3434 2120 3507; baseline 0.001 -19"><span class='ocrx_word' id='word_1_450' title='bbox 532 3435 714 3504; x_wconf 81' lang='lat' dir='ltr'><strong>potius</strong></span> <span class='ocrx_word' id='word_1_451' title='bbox 746 3450 911 3503; x_wconf 88' lang='lat' dir='ltr'><strong>quam</strong></span> <span class='ocrx_word' id='word_1_452' title='bbox 949 3434 1200 3504; x_wconf 90' lang='lat' dir='ltr'><strong>perdere,</strong></span> <span class='ocrx_word' id='word_1_453' title='bbox 1247 3442 1519 3503; x_wconf 85' lang='lat' dir='ltr'><strong>quantum</strong></span> <span class='ocrx_word' id='word_1_454' title='bbox 1554 3451 1622 3489; x_wconf 79' lang='lat' dir='ltr'><strong>ex</strong></span> <span class='ocrx_word' id='word_1_455' title='bbox 1648 3436 1803 3488; x_wconf 89' lang='lat' dir='ltr'><strong>vultu</strong></span> <span class='ocrx_word' id='word_1_456' title='bbox 1829 3451 1913 3491; x_wconf 71' lang='lat' dir='ltr'><strong>suc</strong></span> <span class='ocrx_word' id='word_1_457' title='bbox 1953 3452 2120 3507; x_wconf 84' lang='lat' dir='ltr'><strong>agen-</strong></span> 
     </span>
    </p>
   </div>
   <div class='ocr_carea' id='block_1_64' title="bbox 411 3526 2118 3600">
    <p class='ocr_par' dir='ltr' id='par_1_64' title="bbox 411 3526 2118 3600">
     <span class='ocr_line' id='line_1_64' title="bbox 411 3526 2118 3600; baseline 0.003 -20"><span class='ocrx_word' id='word_1_458' title='bbox 411 3551 417 3558; x_wconf 89' lang='lat'><strong>-</strong></span> <span class='ocrx_word' id='word_1_459' title='bbox 458 3570 459 3573; x_wconf 55' lang='grc' dir='ltr'><strong>η</strong></span> <span class='ocrx_word' id='word_1_460' title='bbox 531 3531 668 3582; x_wconf 87' lang='lat' dir='ltr'><strong>tium</strong></span> <span class='ocrx_word' id='word_1_461' title='bbox 709 3543 769 3581; x_wconf 89' lang='lat' dir='ltr'><strong>se</strong></span> <span class='ocrx_word' id='word_1_462' title='bbox 808 3527 1096 3595; x_wconf 87' lang='lat' dir='ltr'><strong>prodebat,</strong></span> <span class='ocrx_word' id='word_1_463' title='bbox 1137 3527 1502 3582; x_wconf 86' lang='lat' dir='ltr'><strong>arbitrantes.</strong></span> <span class='ocrx_word' id='word_1_464' title='bbox 1538 3526 1661 3583; x_wconf 82' lang='lat' dir='ltr'><strong>Huc</strong></span> <span class='ocrx_word' id='word_1_465' title='bbox 1692 3530 1820 3583; x_wconf 89' lang='lat' dir='ltr'><strong>illos</strong></span> <span class='ocrx_word' id='word_1_466' title='bbox 1876 3530 2118 3600; x_wconf 87' lang='lat' dir='ltr'><strong>perpulit</strong></span> 
     </span>
    </p>
   </div>
   <div class='ocr_carea' id='block_1_65' title="bbox 529 3619 2114 3690">
    <p class='ocr_par' dir='ltr' id='par_1_65' title="bbox 529 3619 2114 3690">
     <span class='ocr_line' id='line_1_65' title="bbox 529 3619 2114 3690; baseline 0.003 -17"><span class='ocrx_word' id='word_1_467' title='bbox 529 3620 852 3689; x_wconf 85' lang='lat' dir='ltr'><strong>desperatio</strong></span> <span class='ocrx_word' id='word_1_468' title='bbox 889 3620 1110 3683; x_wconf 87' lang='lat' dir='ltr'><strong>salutis,</strong></span> <span class='ocrx_word' id='word_1_469' title='bbox 1164 3619 1219 3672; x_wconf 90' lang='lat' dir='ltr'><strong>in</strong></span> <span class='ocrx_word' id='word_1_470' title='bbox 1250 3634 1416 3687; x_wconf 87' lang='lat' dir='ltr'><strong>quam</strong></span> <span class='ocrx_word' id='word_1_471' title='bbox 1478 3620 1606 3675; x_wconf 88' lang='lat' dir='ltr'><strong>illos</strong></span> <span class='ocrx_word' id='word_1_472' title='bbox 1656 3621 1974 3690; x_wconf 87' lang='lat' dir='ltr'><strong>conjecerat</strong></span> <span class='ocrx_word' id='word_1_473' title='bbox 2007 3624 2114 3678; x_wconf 92' lang='lat' dir='ltr'><strong>ini-</strong></span> 
     </span>
    </p>
   </div>
   <div class='ocr_carea' id='block_1_66' title="bbox 531 3711 2116 3781">
    <p class='ocr_par' dir='ltr' id='par_1_66' title="bbox 531 3711 2116 3781">
     <span class='ocr_line' id='line_1_66' title="bbox 531 3711 2116 3781; baseline 0.003 -16"><span class='ocrx_word' id='word_1_474' title='bbox 531 3714 805 3781; x_wconf 88' lang='lat' dir='ltr'><strong>quissima</strong></span> <span class='ocrx_word' id='word_1_475' title='bbox 843 3712 1090 3766; x_wconf 88' lang='lat' dir='ltr'><strong>conditio</strong></span> <span class='ocrx_word' id='word_1_476' title='bbox 1121 3711 1482 3774; x_wconf 84' lang='lat' dir='ltr'><strong>certaminis,</strong></span> <span class='ocrx_word' id='word_1_477' title='bbox 1523 3726 1554 3765; x_wconf 88' lang='lat' dir='ltr'><strong>a</strong></span> <span class='ocrx_word' id='word_1_478' title='bbox 1600 3712 1792 3780; x_wconf 80' lang='lat' dir='ltr'><strong>paucis</strong></span> <span class='ocrx_word' id='word_1_479' title='bbox 1829 3713 2116 3769; x_wconf 75' lang='lat' dir='ltr'><strong>undecun~</strong></span> 
     </span>
    </p>
   </div>
   <div class='ocr_carea' id='block_1_67' title="bbox 532 3790 2116 3878">
    <p class='ocr_par' dir='ltr' id='par_1_67' title="bbox 532 3790 2116 3878">
     <span class='ocr_line' id='line_1_67' title="bbox 532 3790 2116 3878; baseline 0.006 -24"><span class='ocrx_word' id='word_1_480' title='bbox 532 3818 639 3872; x_wconf 88' lang='lat' dir='ltr'><strong>que</strong></span> <span class='ocrx_word' id='word_1_481' title='bbox 673 3802 1058 3857; x_wconf 89' lang='lat' dir='ltr'><strong>circumclusis</strong></span> <span class='ocrx_word' id='word_1_482' title='bbox 1103 3790 1368 3857; x_wconf 83' lang='lat' dir='ltr'><strong>adversus</strong></span> <span class='ocrx_word' id='word_1_483' title='bbox 1404 3804 1625 3872; x_wconf 90' lang='lat' dir='ltr'><strong>plenam</strong></span> <span class='ocrx_word' id='word_1_484' title='bbox 1675 3808 2116 3878; x_wconf 86' lang='lat' dir='ltr'><strong>populosamque</strong></span> 
     </span>
    </p>
   </div>
   <div class='ocr_carea' id='block_1_68' title="bbox 532 3894 1829 3965">
    <p class='ocr_par' dir='ltr' id='par_1_68' title="bbox 532 3894 1829 3965">
     <span class='ocr_line' id='line_1_68' title="bbox 532 3894 1829 3965; baseline 0.001 -15"><span class='ocrx_word' id='word_1_485' title='bbox 532 3896 670 3965; x_wconf 82' lang='lat' dir='ltr'><strong>ipsis</strong></span> <span class='ocrx_word' id='word_1_486' title='bbox 698 3894 976 3950; x_wconf 73' lang='lat' dir='ltr'><strong>infensam</strong></span> <span class='ocrx_word' id='word_1_487' title='bbox 1014 3904 1217 3949; x_wconf 88' lang='lat' dir='ltr'><strong>temere</strong></span> <span class='ocrx_word' id='word_1_488' title='bbox 1247 3898 1488 3964; x_wconf 87' lang='lat' dir='ltr'><strong>suscepti</strong></span> <span class='ocrx_word' id='word_1_489' title='bbox 1526 3899 1829 3953; x_wconf 86' lang='lat' dir='ltr'><strong>civitatem.</strong></span> 
     </span>
    </p>
   </div>
   <div class='ocr_carea' id='block_1_69' title="bbox 743 3981 1900 4043">
    <p class='ocr_par' dir='ltr' id='par_1_69' title="bbox 743 3981 1900 4043">
     <span class='ocr_line' id='line_1_69' title="bbox 743 3981 1900 4043; baseline 0.004 -5"><span class='ocrx_word' id='word_1_490' title='bbox 743 3984 832 4038; x_wconf 69' lang='grc'><strong>54.</strong></span> <span class='ocrx_word' id='word_1_491' title='bbox 872 3981 948 4036; x_wconf 89' lang='lat' dir='ltr'><strong>De</strong></span> <span class='ocrx_word' id='word_1_492' title='bbox 978 3983 1189 4037; x_wconf 81' lang='lat' dir='ltr'><strong>Andrea</strong></span> <span class='ocrx_word' id='word_1_493' title='bbox 1222 3983 1456 4037; x_wconf 76' lang='grc' dir='ltr'>Μαι-ἰεσο</span> <span class='ocrx_word' id='word_1_494' title='bbox 1480 3995 1530 4039; x_wconf 84' lang='lat' dir='ltr'><strong>et</strong></span> <span class='ocrx_word' id='word_1_495' title='bbox 1563 3989 1628 4039; x_wconf 88' lang='lat' dir='ltr'><strong>ab</strong></span> <span class='ocrx_word' id='word_1_496' title='bbox 1651 4002 1712 4041; x_wconf 83' lang='lat' dir='ltr'><strong>eo</strong></span> <span class='ocrx_word' id='word_1_497' title='bbox 1742 3989 1900 4043; x_wconf 80' lang='lat' dir='ltr'><strong>actis.</strong></span> 
     </span>
    </p>
   </div>
   <div class='ocr_carea' id='block_1_70' title="bbox 600 4075 2112 4146">
    <p class='ocr_par' dir='ltr' id='par_1_70' title="bbox 600 4075 2112 4146">
     <span class='ocr_line' id='line_1_70' title="bbox 600 4075 2112 4146; baseline 0.005 -19"><span class='ocrx_word' id='word_1_498' title='bbox 600 4075 852 4129; x_wconf 83' lang='lat' dir='ltr'><strong>Andreas</strong></span> <span class='ocrx_word' id='word_1_499' title='bbox 905 4086 1090 4129; x_wconf 86' lang='lat' dir='ltr'><strong>autem</strong></span> <span class='ocrx_word' id='word_1_500' title='bbox 1148 4075 1447 4142; x_wconf 86' lang='lat' dir='ltr'><strong>lliuriscus,</strong></span> <span class='ocrx_word' id='word_1_501' title='bbox 1480 4093 1643 4146; x_wconf 88' lang='lat' dir='ltr'><strong>quem</strong></span> <span class='ocrx_word' id='word_1_502' title='bbox 1679 4080 2005 4133; x_wconf 70' lang='lat' dir='ltr'><strong>vestiarium</strong></span> <span class='ocrx_word' id='word_1_503' title='bbox 2043 4079 2112 4134; x_wconf 90' lang='lat' dir='ltr'><strong>ab</strong></span> 
     </span>
    </p>
   </div>
   <div class='ocr_carea' id='block_1_71' title="bbox 530 4167 2114 4241">
    <p class='ocr_par' dir='ltr' id='par_1_71' title="bbox 530 4167 2114 4241">
     <span class='ocr_line' id='line_1_71' title="bbox 530 4167 2114 4241; baseline 0.004 -21"><span class='ocrx_word' id='word_1_504' title='bbox 530 4167 866 4237; x_wconf 83' lang='lat' dir='ltr'><strong>imperatore</strong></span> <span class='ocrx_word' id='word_1_505' title='bbox 920 4167 1095 4221; x_wconf 84' lang='lat' dir='ltr'><strong>fuisse</strong></span> <span class='ocrx_word' id='word_1_506' title='bbox 1152 4170 1521 4222; x_wconf 89' lang='lat' dir='ltr'><strong>constitutum</strong></span> <span class='ocrx_word' id='word_1_507' title='bbox 1558 4171 1612 4223; x_wconf 91' lang='lat' dir='ltr'><strong>in</strong></span> <span class='ocrx_word' id='word_1_508' title='bbox 1649 4170 1805 4225; x_wconf 89' lang='lat' dir='ltr'><strong>libris</strong></span> <span class='ocrx_word' id='word_1_509' title='bbox 1857 4173 2114 4241; x_wconf 57' lang='lat' dir='ltr'><strong>superion</strong></span> 
     </span>
    </p>
   </div>
   <div class='ocr_carea' id='block_1_72' title="bbox 529 4259 2108 4330">
    <p class='ocr_par' dir='ltr' id='par_1_72' title="bbox 529 4259 2108 4330">
     <span class='ocr_line' id='line_1_72' title="bbox 529 4259 2108 4330; baseline 0.001 -17"><span class='ocrx_word' id='word_1_510' title='bbox 529 4262 682 4315; x_wconf 79' lang='lat' dir='ltr'><strong>tibus</strong></span> <span class='ocrx_word' id='word_1_511' title='bbox 723 4261 967 4313; x_wconf 80' lang='lat' dir='ltr'><strong>diximus</strong></span> <span class='ocrx_word' id='word_1_512' title='bbox 995 4259 1101 4328; x_wconf 85' lang='lat' dir='ltr'><strong>(sic</strong></span> <span class='ocrx_word' id='word_1_513' title='bbox 1137 4260 1283 4312; x_wconf 90' lang='lat' dir='ltr'><strong>enim</strong></span> <span class='ocrx_word' id='word_1_514' title='bbox 1326 4262 1420 4328; x_wconf 88' lang='lat' dir='ltr'><strong>qui</strong></span> <span class='ocrx_word' id='word_1_515' title='bbox 1455 4261 1669 4329; x_wconf 71' lang='lat' dir='ltr'><strong>pra-bet</strong></span> <span class='ocrx_word' id='word_1_516' title='bbox 1707 4277 1979 4330; x_wconf 74' lang='lat' dir='ltr'><strong>expensas</strong></span> <span class='ocrx_word' id='word_1_517' title='bbox 2021 4262 2108 4316; x_wconf 88' lang='lat' dir='ltr'><strong>bis</strong></span> 
     </span>
    </p>
   </div>
   <div class='ocr_carea' id='block_1_73' title="bbox 2225 3053 3807 3126">
    <p class='ocr_par' dir='ltr' id='par_1_73' title="bbox 2225 3053 3807 3126">
     <span class='ocr_line' id='line_1_73' title="bbox 2225 3053 3807 3126; baseline 0.002 -20"><span class='ocrx_word' id='word_1_518' title='bbox 2225 3053 2276 3126; x_wconf 87' lang='lat' dir='ltr'><strong>i_d</strong></span> <span class='ocrx_word' id='word_1_519' title='bbox 2332 3054 2539 3108; x_wconf 88' lang='lat' dir='ltr'><strong>factum</strong></span> <span class='ocrx_word' id='word_1_520' title='bbox 2573 3065 2681 3117; x_wconf 87' lang='lat' dir='ltr'><strong>est,</strong></span> <span class='ocrx_word' id='word_1_521' title='bbox 2714 3057 2854 3110; x_wconf 90' lang='lat' dir='ltr'><strong>adeo</strong></span> <span class='ocrx_word' id='word_1_522' title='bbox 2891 3065 2951 3110; x_wconf 88' lang='lat' dir='ltr'><strong>ut</strong></span> <span class='ocrx_word' id='word_1_523' title='bbox 2998 3058 3092 3125; x_wconf 91' lang='lat' dir='ltr'><strong>qui</strong></span> <span class='ocrx_word' id='word_1_524' title='bbox 3150 3072 3463 3126; x_wconf 86' lang='lat' dir='ltr'><strong>propenso,</strong></span> <span class='ocrx_word' id='word_1_525' title='bbox 3508 3070 3570 3113; x_wconf 91' lang='lat' dir='ltr'><strong>ut</strong></span> <span class='ocrx_word' id='word_1_526' title='bbox 3613 3060 3688 3121; x_wconf 85' lang='lat' dir='ltr'><strong>fit,</strong></span> <span class='ocrx_word' id='word_1_527' title='bbox 3732 3058 3807 3110; x_wconf 86' lang='lat' dir='ltr'><strong>fa-</strong></span> 
     </span>
    </p>
   </div>
   <div class='ocr_carea' id='block_1_74' title="bbox 2222 3120 3809 3212">
    <p class='ocr_par' dir='ltr' id='par_1_74' title="bbox 2222 3120 3809 3212">
     <span class='ocr_line' id='line_1_74' title="bbox 2222 3120 3809 3212; baseline 0.003 -11"><span class='ocrx_word' id='word_1_528' title='bbox 2222 3120 2356 3201; x_wconf 68' lang='lat' dir='ltr'><strong>vore</strong></span> <span class='ocrx_word' id='word_1_529' title='bbox 2386 3164 2511 3201; x_wconf 86' lang='lat' dir='ltr'><strong>vera</strong></span> <span class='ocrx_word' id='word_1_530' title='bbox 2563 3151 2704 3202; x_wconf 89' lang='lat' dir='ltr'><strong>lictis</strong></span> <span class='ocrx_word' id='word_1_531' title='bbox 2759 3150 3139 3212; x_wconf 85' lang='lat' dir='ltr'><strong>cumulabant,</strong></span> <span class='ocrx_word' id='word_1_532' title='bbox 3172 3151 3345 3204; x_wconf 86' lang='lat' dir='ltr'><strong>etiam</strong></span> <span class='ocrx_word' id='word_1_533' title='bbox 3385 3153 3660 3207; x_wconf 87' lang='lat' dir='ltr'><strong>adderent</strong></span> <span class='ocrx_word' id='word_1_534' title='bbox 3695 3151 3809 3207; x_wconf 83' lang='lat' dir='ltr'><strong>Cal-</strong></span> 
     </span>
    </p>
   </div>
   <div class='ocr_carea' id='block_1_75' title="bbox 2196 3239 3808 3314">
    <p class='ocr_par' dir='ltr' id='par_1_75' title="bbox 2196 3239 3808 3314">
     <span class='ocr_line' id='line_1_75' title="bbox 2196 3239 3808 3314; baseline 0.002 -22"><span class='ocrx_word' id='word_1_535' title='bbox 2196 3239 2429 3308; x_wconf 76' lang='lat' dir='ltr'><strong>,lipolim</strong></span> <span class='ocrx_word' id='word_1_536' title='bbox 2464 3254 2496 3293; x_wconf 88' lang='lat' dir='ltr'><strong>a</strong></span> <span class='ocrx_word' id='word_1_537' title='bbox 2535 3240 2928 3297; x_wconf 84' lang='lat' dir='ltr'><strong>Genuensibus</strong></span> <span class='ocrx_word' id='word_1_538' title='bbox 2982 3242 3294 3298; x_wconf 87' lang='lat' dir='ltr'><strong>subactam.</strong></span> <span class='ocrx_word' id='word_1_539' title='bbox 3363 3244 3528 3311; x_wconf 83' lang='lat' dir='ltr'><strong>Quod</strong></span> <span class='ocrx_word' id='word_1_540' title='bbox 3577 3248 3736 3314; x_wconf 83' lang='lat' dir='ltr'><strong>longe</strong></span> <span class='ocrx_word' id='word_1_541' title='bbox 3780 3258 3808 3296; x_wconf 86' lang='lat' dir='ltr'><strong>a</strong></span> 
     </span>
    </p>
   </div>
   <div class='ocr_carea' id='block_1_76' title="bbox 2223 3329 3812 3395">
    <p class='ocr_par' dir='ltr' id='par_1_76' title="bbox 2223 3329 3812 3395">
     <span class='ocr_line' id='line_1_76' title="bbox 2223 3329 3812 3395; baseline 0.005 -13"><span class='ocrx_word' id='word_1_542' title='bbox 2223 3345 2354 3383; x_wconf 89' lang='lat' dir='ltr'><strong>vero</strong></span> <span class='ocrx_word' id='word_1_543' title='bbox 2410 3329 2629 3395; x_wconf 87' lang='lat' dir='ltr'><strong>abfuit,</strong></span> <span class='ocrx_word' id='word_1_544' title='bbox 2691 3342 2803 3387; x_wconf 90' lang='lat' dir='ltr'><strong>toto</strong></span> <span class='ocrx_word' id='word_1_545' title='bbox 2860 3335 3081 3387; x_wconf 89' lang='lat' dir='ltr'><strong>demum</strong></span> <span class='ocrx_word' id='word_1_546' title='bbox 3142 3336 3446 3393; x_wconf 85' lang='lat' dir='ltr'><strong>societatis</strong></span> <span class='ocrx_word' id='word_1_547' title='bbox 3510 3337 3812 3393; x_wconf 84' lang='lat' dir='ltr'><strong>Genuensis</strong></span> 
     </span>
    </p>
   </div>
   <div class='ocr_carea' id='block_1_77' title="bbox 2221 3402 3807 3499">
    <p class='ocr_par' dir='ltr' id='par_1_77' title="bbox 2221 3402 3807 3499">
     <span class='ocr_line' id='line_1_77' title="bbox 2221 3402 3807 3499; baseline 0.004 -25"><span class='ocrx_word' id='word_1_548' title='bbox 2221 3402 2610 3491; x_wconf 55' lang='lat' dir='ltr'><strong>operzepretio</strong></span> <span class='ocrx_word' id='word_1_549' title='bbox 2645 3426 2710 3478; x_wconf 85' lang='lat' dir='ltr'><strong>ad</strong></span> <span class='ocrx_word' id='word_1_550' title='bbox 2759 3427 2901 3479; x_wconf 86' lang='lat' dir='ltr'><strong>arcis</strong></span> <span class='ocrx_word' id='word_1_551' title='bbox 2947 3428 3113 3481; x_wconf 89' lang='lat' dir='ltr'><strong>unius</strong></span> <span class='ocrx_word' id='word_1_552' title='bbox 3162 3428 3524 3485; x_wconf 89' lang='lat' dir='ltr'><strong>Tenedensis</strong></span> <span class='ocrx_word' id='word_1_553' title='bbox 3557 3444 3807 3499; x_wconf 86' lang='lat' dir='ltr'><strong>procura-</strong></span> 
     </span>
    </p>
   </div>
   <div class='ocr_carea' id='block_1_78' title="bbox 2222 3510 3805 3588">
    <p class='ocr_par' dir='ltr' id='par_1_78' title="bbox 2222 3510 3805 3588">
     <span class='ocr_line' id='line_1_78' title="bbox 2222 3510 3805 3588; baseline 0.007 -25"><span class='ocrx_word' id='word_1_554' title='bbox 2222 3519 2331 3563; x_wconf 83' lang='lat' dir='ltr'><strong>tam</strong></span> <span class='ocrx_word' id='word_1_555' title='bbox 2362 3510 2695 3568; x_wconf 89' lang='lat' dir='ltr'><strong>deditionem</strong></span> <span class='ocrx_word' id='word_1_556' title='bbox 2749 3516 2995 3570; x_wconf 88' lang='lat' dir='ltr'><strong>redacto.</strong></span> <span class='ocrx_word' id='word_1_557' title='bbox 3064 3515 3178 3572; x_wconf 87' lang='lat' dir='ltr'><strong>Nec</strong></span> <span class='ocrx_word' id='word_1_558' title='bbox 3227 3522 3359 3588; x_wconf 90' lang='lat' dir='ltr'><strong>plus</strong></span> <span class='ocrx_word' id='word_1_559' title='bbox 3393 3525 3526 3577; x_wconf 88' lang='lat' dir='ltr'><strong>novi</strong></span> <span class='ocrx_word' id='word_1_560' title='bbox 3583 3518 3805 3578; x_wconf 85' lang='lat' dir='ltr'><strong>subsidii</strong></span> 
     </span>
    </p>
   </div>
   <div class='ocr_carea' id='block_1_79' title="bbox 2223 3603 3803 3685">
    <p class='ocr_par' dir='ltr' id='par_1_79' title="bbox 2223 3603 3803 3685">
     <span class='ocr_line' id='line_1_79' title="bbox 2223 3603 3803 3685; baseline 0.008 -31"><span class='ocrx_word' id='word_1_561' title='bbox 2223 3603 2392 3658; x_wconf 85' lang='lat' dir='ltr'><strong>rebus</strong></span> <span class='ocrx_word' id='word_1_562' title='bbox 2430 3606 2785 3675; x_wconf 87' lang='lat' dir='ltr'><strong>imperatoris</strong></span> <span class='ocrx_word' id='word_1_563' title='bbox 2840 3609 3027 3662; x_wconf 90' lang='lat' dir='ltr'><strong>attulit</strong></span> <span class='ocrx_word' id='word_1_564' title='bbox 3064 3627 3288 3667; x_wconf 89' lang='lat' dir='ltr'><strong>rumore</strong></span> <span class='ocrx_word' id='word_1_565' title='bbox 3337 3615 3586 3683; x_wconf 74' lang='lat' dir='ltr'><strong>iactatus</strong></span> <span class='ocrx_word' id='word_1_566' title='bbox 3617 3631 3803 3685; x_wconf 85' lang='lat' dir='ltr'><strong>magno</strong></span> 
     </span>
    </p>
   </div>
   <div class='ocr_carea' id='block_1_80' title="bbox 2222 3699 3805 3777">
    <p class='ocr_par' dir='ltr' id='par_1_80' title="bbox 2222 3699 3805 3777">
     <span class='ocr_line' id='line_1_80' title="bbox 2222 3699 3805 3777; baseline 0.009 -31"><span class='ocrx_word' id='word_1_567' title='bbox 2222 3707 2522 3765; x_wconf 89' lang='lat' dir='ltr'><strong>apparatus</strong></span> <span class='ocrx_word' id='word_1_568' title='bbox 2559 3699 2747 3754; x_wconf 77' lang='lat' dir='ltr'><strong>[renes</strong></span> <span class='ocrx_word' id='word_1_569' title='bbox 2774 3700 3074 3769; x_wconf 76' lang='lat' dir='ltr'><strong>Augustae;</strong></span> <span class='ocrx_word' id='word_1_570' title='bbox 3104 3718 3226 3772; x_wconf 67' lang='lat' dir='ltr'><strong>quae</strong></span> <span class='ocrx_word' id='word_1_571' title='bbox 3248 3704 3478 3761; x_wconf 83' lang='lat' dir='ltr'><strong>duobus</strong></span> <span class='ocrx_word' id='word_1_572' title='bbox 3509 3707 3624 3777; x_wconf 82' lang='lat' dir='ltr'><strong>jam</strong></span> <span class='ocrx_word' id='word_1_573' title='bbox 3656 3708 3805 3760; x_wconf 86' lang='lat' dir='ltr'><strong>annis</strong></span> 
     </span>
    </p>
   </div>
   <div class='ocr_carea' id='block_1_81' title="bbox 2222 3784 3806 3870">
    <p class='ocr_par' dir='ltr' id='par_1_81' title="bbox 2222 3784 3806 3870">
     <span class='ocr_line' id='line_1_81' title="bbox 2222 3784 3806 3870; baseline 0.008 -33"><span class='ocrx_word' id='word_1_574' title='bbox 2222 3784 2633 3843; x_wconf 61' lang='lat' dir='ltr'><strong>Thessalonicae</strong></span> <span class='ocrx_word' id='word_1_575' title='bbox 2660 3790 2790 3870; x_wconf 85' lang='lat' dir='ltr'><strong>suis</strong></span> <span class='ocrx_word' id='word_1_576' title='bbox 2825 3803 2878 3847; x_wconf 91' lang='lat' dir='ltr'><strong>et</strong></span> <span class='ocrx_word' id='word_1_577' title='bbox 2926 3792 3168 3847; x_wconf 82' lang='lat' dir='ltr'><strong>filiorum</strong></span> <span class='ocrx_word' id='word_1_578' title='bbox 3209 3799 3461 3865; x_wconf 88' lang='lat' dir='ltr'><strong>negotiis</strong></span> <span class='ocrx_word' id='word_1_579' title='bbox 3490 3797 3806 3854; x_wconf 74' lang='lat' dir='ltr'><strong>ordinandis</strong></span> 
     </span>
    </p>
   </div>
   <div class='ocr_carea' id='block_1_82' title="bbox 2218 3887 3806 3965">
    <p class='ocr_par' dir='ltr' id='par_1_82' title="bbox 2218 3887 3806 3965">
     <span class='ocr_line' id='line_1_82' title="bbox 2218 3887 3806 3965; baseline 0.003 -24"><span class='ocrx_word' id='word_1_580' title='bbox 2218 3887 2427 3941; x_wconf 84' lang='lat' dir='ltr'><strong>intenta</strong></span> <span class='ocrx_word' id='word_1_581' title='bbox 2478 3890 2816 3953; x_wconf 88' lang='lat' dir='ltr'><strong>morabatur,</strong></span> <span class='ocrx_word' id='word_1_582' title='bbox 2878 3892 3023 3946; x_wconf 90' lang='lat' dir='ltr'><strong>inter</strong></span> <span class='ocrx_word' id='word_1_583' title='bbox 3054 3907 3178 3959; x_wconf 69' lang='lat' dir='ltr'><strong>quae</strong></span> <span class='ocrx_word' id='word_1_584' title='bbox 3230 3908 3350 3948; x_wconf 88' lang='lat' dir='ltr'><strong>non</strong></span> <span class='ocrx_word' id='word_1_585' title='bbox 3399 3904 3685 3965; x_wconf 81' lang='lat' dir='ltr'><strong>postrema</strong></span> <span class='ocrx_word' id='word_1_586' title='bbox 3734 3892 3806 3947; x_wconf 89' lang='lat' dir='ltr'><strong>illi</strong></span> 
     </span>
    </p>
   </div>
   <div class='ocr_carea' id='block_1_83' title="bbox 2218 3980 3804 4056">
    <p class='ocr_par' dir='ltr' id='par_1_83' title="bbox 2218 3980 3804 4056">
     <span class='ocr_line' id='line_1_83' title="bbox 2218 3980 3804 4056; baseline 0.001 -23"><span class='ocrx_word' id='word_1_587' title='bbox 2218 3993 2350 4033; x_wconf 89' lang='lat' dir='ltr'><strong>cura</strong></span> <span class='ocrx_word' id='word_1_588' title='bbox 2402 3988 2521 4034; x_wconf 87' lang='lat' dir='ltr'><strong>erat</strong></span> <span class='ocrx_word' id='word_1_589' title='bbox 2571 3980 2990 4051; x_wconf 85' lang='lat' dir='ltr'><strong>splendidorum</strong></span> <span class='ocrx_word' id='word_1_590' title='bbox 3057 3985 3399 4056; x_wconf 80' lang='lat' dir='ltr'><strong>utiliumque</strong></span> <span class='ocrx_word' id='word_1_591' title='bbox 3448 4003 3570 4043; x_wconf 70' lang='lat' dir='ltr'><strong>sua:</strong></span> <span class='ocrx_word' id='word_1_592' title='bbox 3625 3982 3804 4040; x_wconf 87' lang='lat' dir='ltr'><strong>domui</strong></span> 
     </span>
    </p>
   </div>
   <div class='ocr_carea' id='block_1_84' title="bbox 2218 4072 3799 4147">
    <p class='ocr_par' dir='ltr' id='par_1_84' title="bbox 2218 4072 3799 4147">
     <span class='ocr_line' id='line_1_84' title="bbox 2218 4072 3799 4147; baseline 0.002 -22"><span class='ocrx_word' id='word_1_593' title='bbox 2218 4072 2545 4139; x_wconf 89' lang='lat' dir='ltr'><strong>nuptialium</strong></span> <span class='ocrx_word' id='word_1_594' title='bbox 2599 4073 2867 4128; x_wconf 62' lang='lat' dir='ltr'><strong>faderum</strong></span> <span class='ocrx_word' id='word_1_595' title='bbox 2927 4074 3378 4135; x_wconf 65' lang='lat' dir='ltr'><strong>tranetandorum.</strong></span> <span class='ocrx_word' id='word_1_596' title='bbox 3446 4078 3577 4135; x_wconf 60' lang='lat' dir='ltr'><strong>Haec</strong></span> <span class='ocrx_word' id='word_1_597' title='bbox 3645 4090 3799 4147; x_wconf 86' lang='lat' dir='ltr'><strong>porro</strong></span> 
     </span>
    </p>
   </div>
   <div class='ocr_carea' id='block_1_85' title="bbox 2218 4163 3804 4238">
    <p class='ocr_par' dir='ltr' id='par_1_85' title="bbox 2218 4163 3804 4238">
     <span class='ocr_line' id='line_1_85' title="bbox 2218 4163 3804 4238; baseline 0.003 -23"><span class='ocrx_word' id='word_1_598' title='bbox 2218 4163 2329 4216; x_wconf 89' lang='lat' dir='ltr'><strong>illic</strong></span> <span class='ocrx_word' id='word_1_599' title='bbox 2379 4163 2584 4232; x_wconf 82' lang='lat' dir='ltr'><strong>degens</strong></span> <span class='ocrx_word' id='word_1_600' title='bbox 2634 4164 2923 4219; x_wconf 87' lang='lat' dir='ltr'><strong>dicebatur</strong></span> <span class='ocrx_word' id='word_1_601' title='bbox 2956 4166 3183 4221; x_wconf 86' lang='lat' dir='ltr'><strong>inivisse</strong></span> <span class='ocrx_word' id='word_1_602' title='bbox 3214 4171 3530 4224; x_wconf 89' lang='lat' dir='ltr'><strong>consilium</strong></span> <span class='ocrx_word' id='word_1_603' title='bbox 3582 4167 3804 4238; x_wconf 76' lang='lat' dir='ltr'><strong>cogendi</strong></span> 
     </span>
    </p>
   </div>
   <div class='ocr_carea' id='block_1_86' title="bbox 2219 4254 3809 4329">
    <p class='ocr_par' dir='ltr' id='par_1_86' title="bbox 2219 4254 3809 4329">
     <span class='ocr_line' id='line_1_86' title="bbox 2219 4254 3809 4329; baseline 0.004 -23"><span class='ocrx_word' id='word_1_604' title='bbox 2219 4254 2413 4322; x_wconf 89' lang='lat' dir='ltr'><strong>copias</strong></span> <span class='ocrx_word' id='word_1_605' title='bbox 2472 4255 2796 4323; x_wconf 89' lang='lat' dir='ltr'><strong>imperatori</strong></span> <span class='ocrx_word' id='word_1_606' title='bbox 2830 4257 3254 4322; x_wconf 82' lang='lat' dir='ltr'><strong>submittendas,</strong></span> <span class='ocrx_word' id='word_1_607' title='bbox 3294 4264 3506 4329; x_wconf 89' lang='lat' dir='ltr'><strong>partim</strong></span> <span class='ocrx_word' id='word_1_608' title='bbox 3542 4261 3809 4315; x_wconf 66' lang='lat' dir='ltr'><strong>[tertianas</strong></span> 
     </span>
    </p>
   </div>
   <div class='ocr_carea' id='block_1_87' title="bbox 530 4334 3808 4425">
    <p class='ocr_par' dir='ltr' id='par_1_87' title="bbox 530 4334 3808 4425">
     <span class='ocr_line' id='line_1_87' title="bbox 530 4334 3808 4425; baseline -0.001 -20"><span class='ocrx_word' id='word_1_609' title='bbox 530 4354 625 4421; x_wconf 87' lang='lat' dir='ltr'><strong>qui</strong></span> <span class='ocrx_word' id='word_1_610' title='bbox 675 4362 808 4406; x_wconf 88' lang='lat' dir='ltr'><strong>sunt</strong></span> <span class='ocrx_word' id='word_1_611' title='bbox 861 4365 1026 4419; x_wconf 88' lang='lat' dir='ltr'><strong>supra</strong></span> <span class='ocrx_word' id='word_1_612' title='bbox 1072 4366 1241 4404; x_wconf 83' lang='lat' dir='ltr'><strong>naves</strong></span> <span class='ocrx_word' id='word_1_613' title='bbox 1291 4352 1676 4422; x_wconf 88' lang='lat' dir='ltr'><strong>nominatur),</strong></span> <span class='ocrx_word' id='word_1_614' title='bbox 1714 4354 1807 4424; x_wconf 91' lang='lat' dir='ltr'><strong>qui</strong></span> <span class='ocrx_word' id='word_1_615' title='bbox 1866 4354 2112 4409; x_wconf 79' lang='lat' dir='ltr'><strong>vicarius</strong></span> <span class='ocrx_word' id='word_1_616' title='bbox 2147 4334 2194 4390; x_wconf 80' lang='grc' dir='ltr'>Ῑ)</span> <span class='ocrx_word' id='word_1_617' title='bbox 2220 4363 2251 4402; x_wconf 89' lang='lat' dir='ltr'><strong>e</strong></span> <span class='ocrx_word' id='word_1_618' title='bbox 2282 4346 2525 4403; x_wconf 88' lang='lat' dir='ltr'><strong>subditis</strong></span> <span class='ocrx_word' id='word_1_619' title='bbox 2562 4350 2795 4418; x_wconf 89' lang='lat' dir='ltr'><strong>imperio</strong></span> <span class='ocrx_word' id='word_1_620' title='bbox 2841 4348 3378 4417; x_wconf 85' lang='lat' dir='ltr'><strong>Belegradensibus.</strong></span> <span class='ocrx_word' id='word_1_621' title='bbox 3420 4360 3624 4425; x_wconf 88' lang='lat' dir='ltr'><strong>partim</strong></span> <span class='ocrx_word' id='word_1_622' title='bbox 3654 4352 3808 4407; x_wconf 79' lang='lat' dir='ltr'><strong>auxi-</strong></span> 
     </span>
    </p>
   </div>
   <div class='ocr_carea' id='block_1_88' title="bbox 532 4441 2109 4514">
    <p class='ocr_par' dir='ltr' id='par_1_88' title="bbox 532 4441 2109 4514">
     <span class='ocr_line' id='line_1_88' title="bbox 532 4441 2109 4514; baseline 0.001 -15"><span class='ocrx_word' id='word_1_623' title='bbox 532 4447 731 4499; x_wconf 87' lang='lat' dir='ltr'><strong>summi</strong></span> <span class='ocrx_word' id='word_1_624' title='bbox 794 4442 1290 4512; x_wconf 73' lang='lat' dir='ltr'><strong>praefecti-classis</strong></span> <span class='ocrx_word' id='word_1_625' title='bbox 1335 4441 1450 4511; x_wconf 84' lang='lat' dir='ltr'><strong>jam</strong></span> <span class='ocrx_word' id='word_1_626' title='bbox 1514 4444 1727 4512; x_wconf 88' lang='lat' dir='ltr'><strong>pridem</strong></span> <span class='ocrx_word' id='word_1_627' title='bbox 1786 4445 2109 4514; x_wconf 78' lang='lat' dir='ltr'><strong>exstitisset,</strong></span> 
     </span>
    </p>
   </div>
   <div class='ocr_carea' id='block_1_89' title="bbox 529 4535 2111 4605">
    <p class='ocr_par' dir='ltr' id='par_1_89' title="bbox 529 4535 2111 4605">
     <span class='ocr_line' id='line_1_89' title="bbox 529 4535 2111 4605; baseline 0 -13"><span class='ocrx_word' id='word_1_628' title='bbox 529 4553 657 4592; x_wconf 91' lang='lat' dir='ltr'><strong>cum</strong></span> <span class='ocrx_word' id='word_1_629' title='bbox 711 4537 850 4591; x_wconf 91' lang='lat' dir='ltr'><strong>duas</strong></span> <span class='ocrx_word' id='word_1_630' title='bbox 893 4552 1032 4605; x_wconf 89' lang='lat' dir='ltr'><strong>quas</strong></span> <span class='ocrx_word' id='word_1_631' title='bbox 1063 4537 1326 4590; x_wconf 86' lang='lat' dir='ltr'><strong>ductabat</strong></span> <span class='ocrx_word' id='word_1_632' title='bbox 1372 4552 1543 4589; x_wconf 82' lang='lat' dir='ltr'><strong>naves</strong></span> <span class='ocrx_word' id='word_1_633' title='bbox 1588 4538 1893 4605; x_wconf 79' lang='lat' dir='ltr'><strong>appulisset</strong></span> <span class='ocrx_word' id='word_1_634' title='bbox 1932 4535 2111 4593; x_wconf 81' lang='lat' dir='ltr'><strong>Tene-</strong></span> 
     </span>
    </p>
   </div>
   <div class='ocr_carea' id='block_1_90' title="bbox 527 4610 2108 4697">
    <p class='ocr_par' dir='ltr' id='par_1_90' title="bbox 527 4610 2108 4697">
     <span class='ocr_line' id='line_1_90' title="bbox 527 4610 2108 4697; baseline 0.001 -17"><span class='ocrx_word' id='word_1_635' title='bbox 527 4626 684 4691; x_wconf 89' lang='lat' dir='ltr'><strong>dum,</strong></span> <span class='ocrx_word' id='word_1_636' title='bbox 720 4636 873 4680; x_wconf 88' lang='lat' dir='ltr'><strong>arcta</strong></span> <span class='ocrx_word' id='word_1_637' title='bbox 906 4627 1200 4681; x_wconf 87' lang='lat' dir='ltr'><strong>obsidione</strong></span> <span class='ocrx_word' id='word_1_638' title='bbox 1249 4610 1490 4680; x_wconf 85' lang='lat' dir='ltr'><strong>cinctam</strong></span> <span class='ocrx_word' id='word_1_639' title='bbox 1520 4626 1736 4681; x_wconf 80' lang='lat' dir='ltr'><strong>fortiter</strong></span> <span class='ocrx_word' id='word_1_640' title='bbox 1757 4631 2108 4697; x_wconf 80' lang='lat' dir='ltr'><strong>oppugnabat</strong></span> 
     </span>
    </p>
   </div>
   <div class='ocr_carea' id='block_1_91' title="bbox 527 4719 2110 4789">
    <p class='ocr_par' dir='ltr' id='par_1_91' title="bbox 527 4719 2110 4789">
     <span class='ocr_line' id='line_1_91' title="bbox 527 4719 2110 4789; baseline 0.001 -16"><span class='ocrx_word' id='word_1_641' title='bbox 527 4735 708 4773; x_wconf 89' lang='lat' dir='ltr'><strong>arcem</strong></span> <span class='ocrx_word' id='word_1_642' title='bbox 764 4719 877 4783; x_wconf 78' lang='lat' dir='ltr'><strong>illic</strong></span> <span class='ocrx_word' id='word_1_643' title='bbox 932 4721 1118 4783; x_wconf 87' lang='lat' dir='ltr'><strong>sitam,</strong></span> <span class='ocrx_word' id='word_1_644' title='bbox 1152 4721 1292 4773; x_wconf 88' lang='lat' dir='ltr'><strong>adeo</strong></span> <span class='ocrx_word' id='word_1_645' title='bbox 1340 4729 1399 4772; x_wconf 90' lang='lat' dir='ltr'><strong>ut</strong></span> <span class='ocrx_word' id='word_1_646' title='bbox 1456 4719 1612 4773; x_wconf 82' lang='lat' dir='ltr'><strong>brevi</strong></span> <span class='ocrx_word' id='word_1_647' title='bbox 1651 4732 1919 4788; x_wconf 85' lang='lat' dir='ltr'><strong>capturus</strong></span> <span class='ocrx_word' id='word_1_648' title='bbox 1951 4729 2110 4789; x_wconf 84' lang='lat' dir='ltr'><strong>puta-</strong></span> 
     </span>
    </p>
   </div>
   <div class='ocr_carea' id='block_1_92' title="bbox 526 4811 2109 4881">
    <p class='ocr_par' dir='ltr' id='par_1_92' title="bbox 526 4811 2109 4881">
     <span class='ocr_line' id='line_1_92' title="bbox 526 4811 2109 4881; baseline 0.004 -16"><span class='ocrx_word' id='word_1_649' title='bbox 526 4821 701 4866; x_wconf 87' lang='lat' dir='ltr'><strong>retur.</strong></span> <span class='ocrx_word' id='word_1_650' title='bbox 735 4811 806 4864; x_wconf 84' lang='lat' dir='ltr'><strong>Ea</strong></span> <span class='ocrx_word' id='word_1_651' title='bbox 854 4811 996 4866; x_wconf 85' lang='lat' dir='ltr'><strong>forte</strong></span> <span class='ocrx_word' id='word_1_652' title='bbox 1047 4812 1167 4866; x_wconf 88' lang='lat' dir='ltr'><strong>vice</strong></span> <span class='ocrx_word' id='word_1_653' title='bbox 1197 4827 1382 4866; x_wconf 89' lang='lat' dir='ltr'><strong>rerum</strong></span> <span class='ocrx_word' id='word_1_654' title='bbox 1421 4821 1818 4881; x_wconf 67' lang='lat' dir='ltr'><strong>praetereuntes</strong></span> <span class='ocrx_word' id='word_1_655' title='bbox 1854 4815 1980 4869; x_wconf 90' lang='lat' dir='ltr'><strong>illac</strong></span> <span class='ocrx_word' id='word_1_656' title='bbox 2006 4814 2109 4871; x_wconf 89' lang='lat' dir='ltr'><strong>Ge-</strong></span> 
     </span>
    </p>
   </div>
   <div class='ocr_carea' id='block_1_93' title="bbox 524 4905 2104 4972">
    <p class='ocr_par' dir='ltr' id='par_1_93' title="bbox 524 4905 2104 4972">
     <span class='ocr_line' id='line_1_93' title="bbox 524 4905 2104 4972; baseline 0.001 -13"><span class='ocrx_word' id='word_1_657' title='bbox 524 4921 763 4960; x_wconf 87' lang='lat' dir='ltr'><strong>nucnscs</strong></span> <span class='ocrx_word' id='word_1_658' title='bbox 800 4920 927 4959; x_wconf 88' lang='lat' dir='ltr'><strong>cum</strong></span> <span class='ocrx_word' id='word_1_659' title='bbox 972 4905 1358 4959; x_wconf 87' lang='lat' dir='ltr'><strong>obsidentibus</strong></span> <span class='ocrx_word' id='word_1_660' title='bbox 1391 4920 1680 4959; x_wconf 89' lang='lat' dir='ltr'><strong>sermones</strong></span> <span class='ocrx_word' id='word_1_661' title='bbox 1721 4909 2104 4972; x_wconf 85' lang='lat' dir='ltr'><strong>contulerunt,</strong></span> 
     </span>
    </p>
   </div>
   <div class='ocr_carea' id='block_1_94' title="bbox 525 4997 2110 5069">
    <p class='ocr_par' dir='ltr' id='par_1_94' title="bbox 525 4997 2110 5069">
     <span class='ocr_line' id='line_1_94' title="bbox 525 4997 2110 5069; baseline 0.001 -17"><span class='ocrx_word' id='word_1_662' title='bbox 525 5001 688 5067; x_wconf 85' lang='lat' dir='ltr'><strong>hujus</strong></span> <span class='ocrx_word' id='word_1_663' title='bbox 740 4998 914 5052; x_wconf 83' lang='lat' dir='ltr'><strong>ferme</strong></span> <span class='ocrx_word' id='word_1_664' title='bbox 956 4997 1266 5053; x_wconf 67' lang='lat' dir='ltr'><strong>sententiae.</strong></span> <span class='ocrx_word' id='word_1_665' title='bbox 1320 4998 1577 5059; x_wconf 85' lang='lat' dir='ltr'><strong>Aiebam,</strong></span> <span class='ocrx_word' id='word_1_666' title='bbox 1615 4999 1660 5052; x_wconf 87' lang='lat' dir='ltr'><strong>si</strong></span> <span class='ocrx_word' id='word_1_667' title='bbox 1696 5014 1758 5053; x_wconf 85' lang='lat' dir='ltr'><strong>se</strong></span> <span class='ocrx_word' id='word_1_668' title='bbox 1799 5000 1875 5052; x_wconf 91' lang='lat' dir='ltr'><strong>uti</strong></span> <span class='ocrx_word' id='word_1_669' title='bbox 1911 5015 2110 5069; x_wconf 89' lang='lat' dir='ltr'><strong>seque-</strong></span> 
     </span>
    </p>
   </div>
   <div class='ocr_carea' id='block_1_95' title="bbox 524 5092 2105 5161">
    <p class='ocr_par' dir='ltr' id='par_1_95' title="bbox 524 5092 2105 5161">
     <span class='ocr_line' id='line_1_95' title="bbox 524 5092 2105 5161; baseline 0.001 -16"><span class='ocrx_word' id='word_1_670' title='bbox 524 5094 657 5145; x_wconf 86' lang='lat' dir='ltr'><strong>stris</strong></span> <span class='ocrx_word' id='word_1_671' title='bbox 687 5093 885 5145; x_wconf 84' lang='lat' dir='ltr'><strong>vellent</strong></span> <span class='ocrx_word' id='word_1_672' title='bbox 913 5093 967 5145; x_wconf 90' lang='lat' dir='ltr'><strong>in</strong></span> <span class='ocrx_word' id='word_1_673' title='bbox 1008 5094 1300 5147; x_wconf 83' lang='lat' dir='ltr'><strong>tractando</strong></span> <span class='ocrx_word' id='word_1_674' title='bbox 1333 5108 1459 5145; x_wconf 90' lang='lat' dir='ltr'><strong>cum</strong></span> <span class='ocrx_word' id='word_1_675' title='bbox 1492 5092 1759 5156; x_wconf 84' lang='lat' dir='ltr'><strong>obsessis,</strong></span> <span class='ocrx_word' id='word_1_676' title='bbox 1795 5107 1923 5145; x_wconf 89' lang='lat' dir='ltr'><strong>arce</strong></span> <span class='ocrx_word' id='word_1_677' title='bbox 1950 5093 2105 5161; x_wconf 90' lang='lat' dir='ltr'><strong>ipsos</strong></span> 
     </span>
    </p>
   </div>
   <div class='ocr_carea' id='block_1_96' title="bbox 522 5185 2101 5252">
    <p class='ocr_par' dir='ltr' id='par_1_96' title="bbox 522 5185 2101 5252">
     <span class='ocr_line' id='line_1_96' title="bbox 522 5185 2101 5252; baseline -0.001 -12"><span class='ocrx_word' id='word_1_678' title='bbox 522 5187 661 5240; x_wconf 88' lang='lat' dir='ltr'><strong>citra</strong></span> <span class='ocrx_word' id='word_1_679' title='bbox 712 5186 958 5239; x_wconf 80' lang='lat' dir='ltr'><strong>laborem</strong></span> <span class='ocrx_word' id='word_1_680' title='bbox 998 5201 1060 5239; x_wconf 91' lang='lat' dir='ltr'><strong>ac</strong></span> <span class='ocrx_word' id='word_1_681' title='bbox 1095 5185 1401 5241; x_wconf 88' lang='lat' dir='ltr'><strong>discrimen</strong></span> <span class='ocrx_word' id='word_1_682' title='bbox 1455 5188 1732 5252; x_wconf 82' lang='lat' dir='ltr'><strong>petituros</strong></span> <span class='ocrx_word' id='word_1_683' title='bbox 1779 5200 1793 5237; x_wconf 89' lang='lat'><strong>:</strong></span> <span class='ocrx_word' id='word_1_684' title='bbox 1828 5186 1913 5239; x_wconf 90' lang='lat' dir='ltr'><strong>sin</strong></span> <span class='ocrx_word' id='word_1_685' title='bbox 1945 5185 2014 5238; x_wconf 87' lang='lat' dir='ltr'><strong>ad</strong></span> <span class='ocrx_word' id='word_1_686' title='bbox 2053 5187 2101 5239; x_wconf 87' lang='lat' dir='ltr'><strong>vi</strong></span> 
     </span>
    </p>
   </div>
   <div class='ocr_carea' id='block_1_97' title="bbox 521 5275 2096 5346">
    <p class='ocr_par' dir='ltr' id='par_1_97' title="bbox 521 5275 2096 5346">
     <span class='ocr_line' id='line_1_97' title="bbox 521 5275 2096 5346; baseline -0.001 -15"><span class='ocrx_word' id='word_1_687' title='bbox 521 5275 921 5346; x_wconf 63' lang='lat' dir='ltr'><strong>eXpugnantlos</strong></span> <span class='ocrx_word' id='word_1_688' title='bbox 951 5293 1094 5345; x_wconf 84' lang='lat' dir='ltr'><strong>quos</strong></span> <span class='ocrx_word' id='word_1_689' title='bbox 1145 5284 1533 5345; x_wconf 84' lang='lat' dir='ltr'><strong>oppugnarent</strong></span> <span class='ocrx_word' id='word_1_690' title='bbox 1576 5276 1940 5330; x_wconf 87' lang='lat' dir='ltr'><strong>oblirmarcnt</strong></span> <span class='ocrx_word' id='word_1_691' title='bbox 1977 5278 2096 5329; x_wconf 86' lang='lat' dir='ltr'><strong>ani-</strong></span> 
     </span>
    </p>
   </div>
   <div class='ocr_carea' id='block_1_98' title="bbox 524 5369 2101 5438">
    <p class='ocr_par' dir='ltr' id='par_1_98' title="bbox 524 5369 2101 5438">
     <span class='ocr_line' id='line_1_98' title="bbox 524 5369 2101 5438; baseline 0 -15"><span class='ocrx_word' id='word_1_692' title='bbox 524 5387 684 5437; x_wconf 89' lang='lat' dir='ltr'><strong>mos,</strong></span> <span class='ocrx_word' id='word_1_693' title='bbox 739 5370 882 5424; x_wconf 89' lang='lat' dir='ltr'><strong>haud</strong></span> <span class='ocrx_word' id='word_1_694' title='bbox 940 5370 1065 5424; x_wconf 87' lang='lat' dir='ltr'><strong>sine</strong></span> <span class='ocrx_word' id='word_1_695' title='bbox 1122 5386 1222 5423; x_wconf 85' lang='lat' dir='ltr'><strong>suo</strong></span> <span class='ocrx_word' id='word_1_696' title='bbox 1274 5369 1327 5421; x_wconf 92' lang='lat' dir='ltr'><strong>id</strong></span> <span class='ocrx_word' id='word_1_697' title='bbox 1383 5380 1744 5423; x_wconf 89' lang='lat' dir='ltr'><strong>assecuturos</strong></span> <span class='ocrx_word' id='word_1_698' title='bbox 1806 5372 2101 5438; x_wconf 77' lang='lat' dir='ltr'><strong>sanguine.</strong></span> 
     </span>
    </p>
   </div>
   <div class='ocr_carea' id='block_1_99' title="bbox 522 5457 2103 5530">
    <p class='ocr_par' dir='ltr' id='par_1_99' title="bbox 522 5457 2103 5530">
     <span class='ocr_line' id='line_1_99' title="bbox 522 5457 2103 5530; baseline 0.001 -16"><span class='ocrx_word' id='word_1_699' title='bbox 522 5462 704 5528; x_wconf 84' lang='lat' dir='ltr'><strong>Quare</strong></span> <span class='ocrx_word' id='word_1_700' title='bbox 739 5469 1129 5530; x_wconf 88' lang='lat' dir='ltr'><strong>percontantes</strong></span> <span class='ocrx_word' id='word_1_701' title='bbox 1172 5469 1299 5513; x_wconf 90' lang='lat' dir='ltr'><strong>utro</strong></span> <span class='ocrx_word' id='word_1_702' title='bbox 1333 5457 1500 5511; x_wconf 89' lang='lat' dir='ltr'><strong>modo</strong></span> <span class='ocrx_word' id='word_1_703' title='bbox 1543 5457 1662 5512; x_wconf 86' lang='lat' dir='ltr'><strong>fieri</strong></span> <span class='ocrx_word' id='word_1_704' title='bbox 1714 5459 1826 5512; x_wconf 84' lang='lat' dir='ltr'><strong>voti</strong></span> <span class='ocrx_word' id='word_1_705' title='bbox 1874 5476 2103 5529; x_wconf 88' lang='lat' dir='ltr'><strong>compo-</strong></span> 
     </span>
    </p>
   </div>
   <div class='ocr_carea' id='block_1_100' title="bbox 522 5552 2100 5621">
    <p class='ocr_par' dir='ltr' id='par_1_100' title="bbox 522 5552 2100 5621">
     <span class='ocr_line' id='line_1_100' title="bbox 522 5552 2100 5621; baseline 0.003 -15"><span class='ocrx_word' id='word_1_706' title='bbox 522 5565 604 5610; x_wconf 84' lang='lat' dir='ltr'><strong>tes</strong></span> <span class='ocrx_word' id='word_1_707' title='bbox 641 5557 893 5617; x_wconf 83' lang='lat' dir='ltr'><strong>mallent,</strong></span> <span class='ocrx_word' id='word_1_708' title='bbox 929 5554 1244 5618; x_wconf 88' lang='lat' dir='ltr'><strong>audierunt,</strong></span> <span class='ocrx_word' id='word_1_709' title='bbox 1293 5552 1439 5621; x_wconf 88' lang='lat' dir='ltr'><strong>quod</strong></span> <span class='ocrx_word' id='word_1_710' title='bbox 1473 5567 1708 5621; x_wconf 87' lang='lat' dir='ltr'><strong>pronqu</strong></span> <span class='ocrx_word' id='word_1_711' title='bbox 1742 5562 1884 5619; x_wconf 78' lang='lat' dir='ltr'><strong>erat,</strong></span> <span class='ocrx_word' id='word_1_712' title='bbox 1922 5556 2100 5611; x_wconf 87' lang='lat' dir='ltr'><strong>satius</strong></span> 
     </span>
    </p>
   </div>
   <div class='ocr_carea' id='block_1_101' title="bbox 520 5645 2101 5715">
    <p class='ocr_par' dir='ltr' id='par_1_101' title="bbox 520 5645 2101 5715">
     <span class='ocr_line' id='line_1_101' title="bbox 520 5645 2101 5715; baseline -0.002 -14"><span class='ocrx_word' id='word_1_713' title='bbox 520 5663 641 5701; x_wconf 75' lang='lat' dir='ltr'><strong>esse</strong></span> <span class='ocrx_word' id='word_1_714' title='bbox 703 5647 841 5715; x_wconf 88' lang='lat' dir='ltr'><strong>ipsis</strong></span> <span class='ocrx_word' id='word_1_715' title='bbox 899 5661 1022 5699; x_wconf 90' lang='lat' dir='ltr'><strong>cum</strong></span> <span class='ocrx_word' id='word_1_716' title='bbox 1058 5658 1190 5712; x_wconf 88' lang='lat' dir='ltr'><strong>pace</strong></span> <span class='ocrx_word' id='word_1_717' title='bbox 1235 5654 1300 5698; x_wconf 81' lang='lat' dir='ltr'><strong>ac</strong></span> <span class='ocrx_word' id='word_1_718' title='bbox 1350 5645 1567 5713; x_wconf 81' lang='lat' dir='ltr'><strong>placide</strong></span> <span class='ocrx_word' id='word_1_719' title='bbox 1619 5659 1731 5698; x_wconf 83' lang='lat' dir='ltr'><strong>rem</strong></span> <span class='ocrx_word' id='word_1_720' title='bbox 1775 5648 2101 5715; x_wconf 76' lang='lat' dir='ltr'><strong>transigere.</strong></span> 
     </span>
    </p>
   </div>
   <div class='ocr_carea' id='block_1_102' title="bbox 520 5738 2101 5806">
    <p class='ocr_par' dir='ltr' id='par_1_102' title="bbox 520 5738 2101 5806">
     <span class='ocr_line' id='line_1_102' title="bbox 520 5738 2101 5806; baseline 0.003 -17"><span class='ocrx_word' id='word_1_721' title='bbox 520 5739 671 5791; x_wconf 87' lang='lat' dir='ltr'><strong>Tunc</strong></span> <span class='ocrx_word' id='word_1_722' title='bbox 700 5739 1017 5794; x_wconf 79' lang='lat' dir='ltr'><strong>Genuenses</strong></span> <span class='ocrx_word' id='word_1_723' title='bbox 1041 5738 1320 5806; x_wconf 84' lang='lat' dir='ltr'><strong>colloquio</strong></span> <span class='ocrx_word' id='word_1_724' title='bbox 1343 5753 1467 5792; x_wconf 90' lang='lat' dir='ltr'><strong>cum</strong></span> <span class='ocrx_word' id='word_1_725' title='bbox 1498 5738 1693 5793; x_wconf 68' lang='lat' dir='ltr'><strong>insulae</strong></span> <span class='ocrx_word' id='word_1_726' title='bbox 1716 5740 1912 5795; x_wconf 89' lang='lat' dir='ltr'><strong>incolis</strong></span> <span class='ocrx_word' id='word_1_727' title='bbox 1944 5740 2101 5794; x_wconf 83' lang='lat' dir='ltr'><strong>babi-</strong></span> 
     </span>
    </p>
   </div>
   <div class='ocr_carea' id='block_1_103' title="bbox 2222 4442 3808 4517">
    <p class='ocr_par' dir='ltr' id='par_1_103' title="bbox 2222 4442 3808 4517">
     <span class='ocr_line' id='line_1_103' title="bbox 2222 4442 3808 4517; baseline 0.001 -22"><span class='ocrx_word' id='word_1_728' title='bbox 2222 4442 2390 4497; x_wconf 90' lang='lat' dir='ltr'><strong>liares</strong></span> <span class='ocrx_word' id='word_1_729' title='bbox 2420 4451 2639 4517; x_wconf 81' lang='lat' dir='ltr'><strong>exteras</strong></span> <span class='ocrx_word' id='word_1_730' title='bbox 2691 4458 2722 4497; x_wconf 90' lang='lat' dir='ltr'><strong>e</strong></span> <span class='ocrx_word' id='word_1_731' title='bbox 2772 4453 2937 4511; x_wconf 81' lang='lat' dir='ltr'><strong>gente</strong></span> <span class='ocrx_word' id='word_1_732' title='bbox 2969 4443 3295 4499; x_wconf 86' lang='lat' dir='ltr'><strong>Triballica.</strong></span> <span class='ocrx_word' id='word_1_733' title='bbox 3343 4447 3627 4503; x_wconf 79' lang='lat' dir='ltr'><strong>Caeterum</strong></span> <span class='ocrx_word' id='word_1_734' title='bbox 3664 4446 3808 4501; x_wconf 88' lang='lat' dir='ltr'><strong>hisce</strong></span> 
     </span>
    </p>
   </div>
   <div class='ocr_carea' id='block_1_104' title="bbox 2223 4533 3809 4604">
    <p class='ocr_par' dir='ltr' id='par_1_104' title="bbox 2223 4533 3809 4604">
     <span class='ocr_line' id='line_1_104' title="bbox 2223 4533 3809 4604; baseline 0.001 -18"><span class='ocrx_word' id='word_1_735' title='bbox 2223 4533 2428 4601; x_wconf 86' lang='lat' dir='ltr'><strong>spebus</strong></span> <span class='ocrx_word' id='word_1_736' title='bbox 2498 4533 2924 4599; x_wconf 86' lang='lat' dir='ltr'><strong>cunctantibus,</strong></span> <span class='ocrx_word' id='word_1_737' title='bbox 2966 4535 3182 4602; x_wconf 86' lang='lat' dir='ltr'><strong>imperii</strong></span> <span class='ocrx_word' id='word_1_738' title='bbox 3239 4537 3448 4594; x_wconf 85' lang='lat' dir='ltr'><strong>hostes</strong></span> <span class='ocrx_word' id='word_1_739' title='bbox 3502 4540 3670 4593; x_wconf 87' lang='lat' dir='ltr'><strong>iidem</strong></span> <span class='ocrx_word' id='word_1_740' title='bbox 3720 4534 3809 4604; x_wconf 87' lang='lat' dir='ltr'><strong>qui</strong></span> 
     </span>
    </p>
   </div>
   <div class='ocr_carea' id='block_1_105' title="bbox 2224 4623 3810 4700">
    <p class='ocr_par' dir='ltr' id='par_1_105' title="bbox 2224 4623 3810 4700">
     <span class='ocr_line' id='line_1_105' title="bbox 2224 4623 3810 4700; baseline 0.004 -23"><span class='ocrx_word' id='word_1_741' title='bbox 2224 4623 2380 4692; x_wconf 88' lang='lat' dir='ltr'><strong>prius</strong></span> <span class='ocrx_word' id='word_1_742' title='bbox 2410 4633 2568 4678; x_wconf 89' lang='lat' dir='ltr'><strong>erant</strong></span> <span class='ocrx_word' id='word_1_743' title='bbox 2603 4625 2907 4695; x_wconf 88' lang='lat' dir='ltr'><strong>eademque</strong></span> <span class='ocrx_word' id='word_1_744' title='bbox 2958 4640 3121 4697; x_wconf 78' lang='lat' dir='ltr'><strong>agere</strong></span> <span class='ocrx_word' id='word_1_745' title='bbox 3167 4631 3504 4699; x_wconf 74' lang='lat' dir='ltr'><strong>pergebant,</strong></span> <span class='ocrx_word' id='word_1_746' title='bbox 3536 4633 3644 4686; x_wconf 88' lang='lat' dir='ltr'><strong>nisi</strong></span> <span class='ocrx_word' id='word_1_747' title='bbox 3671 4627 3810 4700; x_wconf 88' lang='lat' dir='ltr'><strong>quod</strong></span> 
     </span>
    </p>
   </div>
   <div class='ocr_carea' id='block_1_106' title="bbox 2221 4718 3810 4791">
    <p class='ocr_par' dir='ltr' id='par_1_106' title="bbox 2221 4718 3810 4791">
     <span class='ocr_line' id='line_1_106' title="bbox 2221 4718 3810 4791; baseline 0.004 -22"><span class='ocrx_word' id='word_1_748' title='bbox 2221 4730 2370 4771; x_wconf 92' lang='lat' dir='ltr'><strong>nunc</strong></span> <span class='ocrx_word' id='word_1_749' title='bbox 2421 4719 2794 4772; x_wconf 77' lang='lat' dir='ltr'><strong>laxamentum</strong></span> <span class='ocrx_word' id='word_1_750' title='bbox 2856 4718 2990 4773; x_wconf 88' lang='lat' dir='ltr'><strong>belli</strong></span> <span class='ocrx_word' id='word_1_751' title='bbox 3039 4721 3274 4791; x_wconf 81' lang='lat' dir='ltr'><strong>contigit</strong></span> <span class='ocrx_word' id='word_1_752' title='bbox 3343 4725 3658 4785; x_wconf 86' lang='lat' dir='ltr'><strong>modicum,</strong></span> <span class='ocrx_word' id='word_1_753' title='bbox 3727 4736 3810 4775; x_wconf 87' lang='lat' dir='ltr'><strong>re-</strong></span> 
     </span>
    </p>
   </div>
   <div class='ocr_carea' id='block_1_107' title="bbox 2221 4809 3809 4884">
    <p class='ocr_par' dir='ltr' id='par_1_107' title="bbox 2221 4809 3809 4884">
     <span class='ocr_line' id='line_1_107' title="bbox 2221 4809 3809 4884; baseline 0.004 -24"><span class='ocrx_word' id='word_1_754' title='bbox 2221 4822 2410 4876; x_wconf 80' lang='lat' dir='ltr'><strong>pressa</strong></span> <span class='ocrx_word' id='word_1_755' title='bbox 2442 4809 2724 4878; x_wconf 85' lang='lat' dir='ltr'><strong>paulisper</strong></span> <span class='ocrx_word' id='word_1_756' title='bbox 2761 4809 2984 4865; x_wconf 90' lang='lat' dir='ltr'><strong>licentia</strong></span> <span class='ocrx_word' id='word_1_757' title='bbox 3010 4811 3197 4866; x_wconf 87' lang='lat' dir='ltr'><strong>hostili</strong></span> <span class='ocrx_word' id='word_1_758' title='bbox 3232 4828 3336 4880; x_wconf 88' lang='lat' dir='ltr'><strong>per</strong></span> <span class='ocrx_word' id='word_1_759' title='bbox 3370 4816 3636 4869; x_wconf 78' lang='lat' dir='ltr'><strong>adiuotas</strong></span> <span class='ocrx_word' id='word_1_760' title='bbox 3682 4826 3809 4884; x_wconf 86' lang='lat' dir='ltr'><strong>pro-</strong></span> 
     </span>
    </p>
   </div>
   <div class='ocr_carea' id='block_1_108' title="bbox 2218 4900 3815 4976">
    <p class='ocr_par' dir='ltr' id='par_1_108' title="bbox 2218 4900 3815 4976">
     <span class='ocr_line' id='line_1_108' title="bbox 2218 4900 3815 4976; baseline 0.004 -24"><span class='ocrx_word' id='word_1_761' title='bbox 2218 4900 2342 4969; x_wconf 90' lang='lat' dir='ltr'><strong>pius</strong></span> <span class='ocrx_word' id='word_1_762' title='bbox 2393 4903 2643 4970; x_wconf 83' lang='lat' dir='ltr'><strong>angustis</strong></span> <span class='ocrx_word' id='word_1_763' title='bbox 2695 4902 2949 4956; x_wconf 83' lang='lat' dir='ltr'><strong>faucibus</strong></span> <span class='ocrx_word' id='word_1_764' title='bbox 2991 4903 3170 4973; x_wconf 84' lang='lat' dir='ltr'><strong>Abydi</strong></span> <span class='ocrx_word' id='word_1_765' title='bbox 3216 4906 3490 4961; x_wconf 89' lang='lat' dir='ltr'><strong>triremes</strong></span> <span class='ocrx_word' id='word_1_766' title='bbox 3523 4907 3815 4976; x_wconf 87' lang='lat' dir='ltr'><strong>imperato-</strong></span> 
     </span>
    </p>
   </div>
   <div class='ocr_carea' id='block_1_109' title="bbox 2217 4992 3805 5068">
    <p class='ocr_par' dir='ltr' id='par_1_109' title="bbox 2217 4992 3805 5068">
     <span class='ocr_line' id='line_1_109' title="bbox 2217 4992 3805 5068; baseline 0.004 -25"><span class='ocrx_word' id='word_1_767' title='bbox 2217 4992 2352 5053; x_wconf 84' lang='lat' dir='ltr'><strong>rias,</strong></span> <span class='ocrx_word' id='word_1_768' title='bbox 2384 5005 2547 5045; x_wconf 88' lang='lat' dir='ltr'><strong>causa</strong></span> <span class='ocrx_word' id='word_1_769' title='bbox 2603 4994 2997 5061; x_wconf 61' lang='lat' dir='ltr'><strong>prohibenda,</strong></span> <span class='ocrx_word' id='word_1_770' title='bbox 3034 5011 3156 5064; x_wconf 72' lang='lat' dir='ltr'><strong>qua:</strong></span> <span class='ocrx_word' id='word_1_771' title='bbox 3199 4996 3319 5049; x_wconf 90' lang='lat' dir='ltr'><strong>illic</strong></span> <span class='ocrx_word' id='word_1_772' title='bbox 3369 5000 3561 5068; x_wconf 86' lang='lat' dir='ltr'><strong>parari</strong></span> <span class='ocrx_word' id='word_1_773' title='bbox 3601 4998 3805 5053; x_wconf 86' lang='lat' dir='ltr'><strong>fereba-</strong></span> 
     </span>
    </p>
   </div>
   <div class='ocr_carea' id='block_1_110' title="bbox 2218 5082 3810 5159">
    <p class='ocr_par' dir='ltr' id='par_1_110' title="bbox 2218 5082 3810 5159">
     <span class='ocr_line' id='line_1_110' title="bbox 2218 5082 3810 5159; baseline 0.003 -26"><span class='ocrx_word' id='word_1_774' title='bbox 2218 5090 2325 5143; x_wconf 91' lang='lat' dir='ltr'><strong>tur,</strong></span> <span class='ocrx_word' id='word_1_775' title='bbox 2362 5082 2710 5149; x_wconf 77' lang='lat' dir='ltr'><strong>trajectionis</strong></span> <span class='ocrx_word' id='word_1_776' title='bbox 2741 5099 2807 5136; x_wconf 79' lang='lat' dir='ltr'><strong>ex</strong></span> <span class='ocrx_word' id='word_1_777' title='bbox 2858 5084 3085 5140; x_wconf 88' lang='lat' dir='ltr'><strong>Oriente</strong></span> <span class='ocrx_word' id='word_1_778' title='bbox 3142 5086 3491 5154; x_wconf 76' lang='lat' dir='ltr'><strong>Persarum;</strong></span> <span class='ocrx_word' id='word_1_779' title='bbox 3537 5106 3703 5159; x_wconf 85' lang='lat' dir='ltr'><strong>quam</strong></span> <span class='ocrx_word' id='word_1_780' title='bbox 3748 5100 3810 5139; x_wconf 90' lang='lat' dir='ltr'><strong>ne</strong></span> 
     </span>
    </p>
   </div>
   <div class='ocr_carea' id='block_1_111' title="bbox 2211 5166 3809 5249">
    <p class='ocr_par' dir='ltr' id='par_1_111' title="bbox 2211 5166 3809 5249">
     <span class='ocr_line' id='line_1_111' title="bbox 2211 5166 3809 5249; baseline 0.005 -26"><span class='ocrx_word' id='word_1_781' title='bbox 2211 5171 2360 5242; x_wconf 88' lang='lat' dir='ltr'><strong>ipsos</strong></span> <span class='ocrx_word' id='word_1_782' title='bbox 2395 5174 2620 5242; x_wconf 84' lang='lat' dir='ltr'><strong>quidem</strong></span> <span class='ocrx_word' id='word_1_783' title='bbox 2651 5189 2855 5243; x_wconf 70' lang='lat' dir='ltr'><strong>cupere</strong></span> <span class='ocrx_word' id='word_1_784' title='bbox 2886 5185 2983 5229; x_wconf 85' lang='lat' dir='ltr'><strong>aut</strong></span> <span class='ocrx_word' id='word_1_785' title='bbox 3017 5178 3124 5229; x_wconf 90' lang='lat' dir='ltr'><strong>sibi</strong></span> <span class='ocrx_word' id='word_1_786' title='bbox 3158 5166 3357 5231; x_wconf 85' lang='lat' dir='ltr'><strong>utilem</strong></span> <span class='ocrx_word' id='word_1_787' title='bbox 3408 5189 3616 5249; x_wconf 85' lang='lat' dir='ltr'><strong>putare</strong></span> <span class='ocrx_word' id='word_1_788' title='bbox 3648 5181 3809 5233; x_wconf 80' lang='lat' dir='ltr'><strong>Amo-</strong></span> 
     </span>
    </p>
   </div>
   <div class='ocr_carea' id='block_1_112' title="bbox 2207 5268 3812 5343">
    <p class='ocr_par' dir='ltr' id='par_1_112' title="bbox 2207 5268 3812 5343">
     <span class='ocr_line' id='line_1_112' title="bbox 2207 5268 3812 5343; baseline 0.004 -24"><span class='ocrx_word' id='word_1_789' title='bbox 2207 5269 2443 5336; x_wconf 81' lang='lat' dir='ltr'><strong>gabaros</strong></span> <span class='ocrx_word' id='word_1_790' title='bbox 2494 5268 2642 5322; x_wconf 81' lang='lat' dir='ltr'><strong>fama</strong></span> <span class='ocrx_word' id='word_1_791' title='bbox 2675 5279 2817 5336; x_wconf 81' lang='lat' dir='ltr'><strong>erat,</strong></span> <span class='ocrx_word' id='word_1_792' title='bbox 2852 5272 3059 5327; x_wconf 90' lang='lat' dir='ltr'><strong>veritos</strong></span> <span class='ocrx_word' id='word_1_793' title='bbox 3087 5287 3156 5328; x_wconf 90' lang='lat' dir='ltr'><strong>ne</strong></span> <span class='ocrx_word' id='word_1_794' title='bbox 3178 5272 3395 5341; x_wconf 87' lang='lat' dir='ltr'><strong>quibus</strong></span> <span class='ocrx_word' id='word_1_795' title='bbox 3427 5291 3461 5328; x_wconf 89' lang='lat' dir='ltr'><strong>e</strong></span> <span class='ocrx_word' id='word_1_796' title='bbox 3488 5287 3655 5343; x_wconf 82' lang='lat' dir='ltr'><strong>gente</strong></span> <span class='ocrx_word' id='word_1_797' title='bbox 3687 5274 3812 5327; x_wconf 89' lang='lat' dir='ltr'><strong>Per-</strong></span> 
     </span>
    </p>
   </div>
   <div class='ocr_carea' id='block_1_113' title="bbox 2209 5362 3812 5437">
    <p class='ocr_par' dir='ltr' id='par_1_113' title="bbox 2209 5362 3812 5437">
     <span class='ocr_line' id='line_1_113' title="bbox 2209 5362 3812 5437; baseline 0.002 -23"><span class='ocrx_word' id='word_1_798' title='bbox 2209 5363 2324 5414; x_wconf 89' lang='lat' dir='ltr'><strong>sica</strong></span> <span class='ocrx_word' id='word_1_799' title='bbox 2363 5363 2611 5418; x_wconf 86' lang='lat' dir='ltr'><strong>evocatis</strong></span> <span class='ocrx_word' id='word_1_800' title='bbox 2653 5362 2774 5416; x_wconf 85' lang='lat' dir='ltr'><strong>fidis</strong></span> <span class='ocrx_word' id='word_1_801' title='bbox 2809 5365 3083 5421; x_wconf 89' lang='lat' dir='ltr'><strong>hactenus</strong></span> <span class='ocrx_word' id='word_1_802' title='bbox 3143 5374 3200 5419; x_wconf 90' lang='lat' dir='ltr'><strong>et</strong></span> <span class='ocrx_word' id='word_1_803' title='bbox 3234 5366 3611 5437; x_wconf 88' lang='lat' dir='ltr'><strong>obsequiosis</strong></span> <span class='ocrx_word' id='word_1_804' title='bbox 3660 5365 3812 5422; x_wconf 84' lang='lat' dir='ltr'><strong>auxi-</strong></span> 
     </span>
    </p>
   </div>
   <div class='ocr_carea' id='block_1_114' title="bbox 2208 5454 3807 5528">
    <p class='ocr_par' dir='ltr' id='par_1_114' title="bbox 2208 5454 3807 5528">
     <span class='ocr_line' id='line_1_114' title="bbox 2208 5454 3807 5528; baseline 0.003 -22"><span class='ocrx_word' id='word_1_805' title='bbox 2208 5454 2443 5510; x_wconf 90' lang='lat' dir='ltr'><strong>liaribus</strong></span> <span class='ocrx_word' id='word_1_806' title='bbox 2500 5457 2553 5509; x_wconf 90' lang='lat' dir='ltr'><strong>in</strong></span> <span class='ocrx_word' id='word_1_807' title='bbox 2598 5457 2827 5526; x_wconf 79' lang='lat' dir='ltr'><strong>agendis</strong></span> <span class='ocrx_word' id='word_1_808' title='bbox 2875 5457 3230 5528; x_wconf 88' lang='lat' dir='ltr'><strong>fcrendisque</strong></span> <span class='ocrx_word' id='word_1_809' title='bbox 3268 5462 3510 5517; x_wconf 87' lang='lat' dir='ltr'><strong>miseris</strong></span> <span class='ocrx_word' id='word_1_810' title='bbox 3545 5458 3807 5517; x_wconf 81' lang='lat' dir='ltr'><strong>Romanis</strong></span> 
     </span>
    </p>
   </div>
   <div class='ocr_carea' id='block_1_115' title="bbox 2209 5552 3809 5623">
    <p class='ocr_par' dir='ltr' id='par_1_115' title="bbox 2209 5552 3809 5623">
     <span class='ocr_line' id='line_1_115' title="bbox 2209 5552 3809 5623; baseline 0.001 -20"><span class='ocrx_word' id='word_1_811' title='bbox 2209 5552 2528 5613; x_wconf 73' lang='lat' dir='ltr'><strong>utebantur,</strong></span> <span class='ocrx_word' id='word_1_812' title='bbox 2556 5555 2702 5621; x_wconf 92' lang='lat' dir='ltr'><strong>quod</strong></span> <span class='ocrx_word' id='word_1_813' title='bbox 2731 5553 2924 5623; x_wconf 80' lang='lat' dir='ltr'><strong>majori</strong></span> <span class='ocrx_word' id='word_1_814' title='bbox 2955 5554 3135 5622; x_wconf 82' lang='lat' dir='ltr'><strong>gentis</strong></span> <span class='ocrx_word' id='word_1_815' title='bbox 3181 5553 3387 5609; x_wconf 70' lang='lat' dir='ltr'><strong>aliena:</strong></span> <span class='ocrx_word' id='word_1_816' title='bbox 3432 5570 3674 5611; x_wconf 89' lang='lat' dir='ltr'><strong>numero</strong></span> <span class='ocrx_word' id='word_1_817' title='bbox 3705 5554 3809 5608; x_wconf 83' lang='lat' dir='ltr'><strong>cir—</strong></span> 
     </span>
    </p>
   </div>
   <div class='ocr_carea' id='block_1_116' title="bbox 2210 5643 3811 5716">
    <p class='ocr_par' dir='ltr' id='par_1_116' title="bbox 2210 5643 3811 5716">
     <span class='ocr_line' id='line_1_116' title="bbox 2210 5643 3811 5716; baseline 0.001 -20"><span class='ocrx_word' id='word_1_818' title='bbox 2210 5644 2455 5696; x_wconf 86' lang='lat' dir='ltr'><strong>cumdati</strong></span> <span class='ocrx_word' id='word_1_819' title='bbox 2488 5643 2637 5698; x_wconf 89' lang='lat' dir='ltr'><strong>haud</strong></span> <span class='ocrx_word' id='word_1_820' title='bbox 2689 5644 2913 5713; x_wconf 90' lang='lat' dir='ltr'><strong>impune</strong></span> <span class='ocrx_word' id='word_1_821' title='bbox 2963 5646 3070 5700; x_wconf 82' lang='lat' dir='ltr'><strong>sibi</strong></span> <span class='ocrx_word' id='word_1_822' title='bbox 3104 5646 3371 5701; x_wconf 86' lang='lat' dir='ltr'><strong>viderent</strong></span> <span class='ocrx_word' id='word_1_823' title='bbox 3416 5648 3577 5716; x_wconf 88' lang='lat' dir='ltr'><strong>fore,</strong></span> <span class='ocrx_word' id='word_1_824' title='bbox 3614 5650 3661 5704; x_wconf 88' lang='lat' dir='ltr'><strong>si</strong></span> <span class='ocrx_word' id='word_1_825' title='bbox 3687 5644 3811 5716; x_wconf 90' lang='lat' dir='ltr'><strong>quid</strong></span> 
     </span>
    </p>
   </div>
   <div class='ocr_carea' id='block_1_117' title="bbox 2215 5736 3815 5811">
    <p class='ocr_par' dir='ltr' id='par_1_117' title="bbox 2215 5736 3815 5811">
     <span class='ocr_line' id='line_1_117' title="bbox 2215 5736 3815 5811; baseline -0.003 -15"><span class='ocrx_word' id='word_1_826' title='bbox 2215 5747 2487 5796; x_wconf 86' lang='lat' dir='ltr'><strong>attentare</strong></span> <span class='ocrx_word' id='word_1_827' title='bbox 2544 5754 2641 5811; x_wconf 87' lang='lat' dir='ltr'><strong>per</strong></span> <span class='ocrx_word' id='word_1_828' title='bbox 2686 5739 3093 5796; x_wconf 86' lang='lat' dir='ltr'><strong>contumaciam</strong></span> <span class='ocrx_word' id='word_1_829' title='bbox 3137 5740 3453 5809; x_wconf 84' lang='lat' dir='ltr'><strong>auderent,</strong></span> <span class='ocrx_word' id='word_1_830' title='bbox 3508 5744 3673 5800; x_wconf 87' lang='lat' dir='ltr'><strong>iidem</strong></span> <span class='ocrx_word' id='word_1_831' title='bbox 3730 5736 3815 5792; x_wconf 80' lang='lat' dir='ltr'><strong>ad-</strong></span> 
     </span>
    </p>
   </div>
  </div>
