4046 6380
340 311 446 376 (313
478 290 481 295 ’

1282 315 1381 375 DE
1418 312 1857 374 ANDRONICO
1895 306 2368 370 PALz‘EOLOGO
2412 250 2551 365 Llli.
2599 307 2704 367 VI.

3517 301 3625 368 614

339 394 495 478 αὐτοὶ
530 426 981 491 προσεποιοῦντο,
1027 426 1102 490 ὡς
1136 427 1376 494 ἐλέγετο,
1411 425 1800 496 Ἀμογάόαροι,
1845 423 1932 475 ἵνα
1957 424 2009 484 Α
2037 419 2253 488 ἔχοντα.
2284 420 2348 471 Οἳ
2375 418 2437 485 δὴ
2475 417 2569 468 καὶ
2599 415 2698 484 τὴν
2734 414 2890 467 πόλιν
2932 415 3334 478 καταλαϐόντες
3361 416 3624 486 βασιλέως

340 514 473 582 γοῦν
524 515 730 568 δυνατὰ
765 518 950 583 σφίσιν
993 517 1080 587 εἴη
1129 516 1287 585 ἄγειν
1317 517 1402 589 [Ρ.
1447 515 1576 589 587}
1617 519 1713 570 καὶ
1744 516 1933 586 φέρειν

341 604 436 669 οὓς
470 606 780 674 φθάσαντες
808 608 1164 677 διεπέρασαν,
1206 610 1349 662 κατὰ
1375 610 1436 661 τὸ
1467 610 1649 671 αὐτοῖς
1677 609 1932 679 ἀρέσκον,

345 701 408 767 τῇ
453 697 578 750 καθ’
625 700 824 762 αὐτοὺς
873 699 1074 767 πληθυῖ
1129 700 1701 768 δουλαγωγουμένους,
1742 702 1790 751 εἰ
1839 699 1936 752 καὶ

350 787 538 841 πολλοί
565 789 663 855 τὴν
704 791 939 859 περαίαν
986 791 1425 860 διακατέχοντες,
1472 792 1572 852 ἰοῖς
1606 792 1936 859 τιτυσκόμεσ

345 897 445 939 νοι.
472 879 572 946 τῆς
604 881 784 949 ﬁliive;
822 882 936 951 ἀπή
950 900 1091 951 ρτων
1127 883 1253 945 τοὺς
1286 884 1610 953 ἡμετέρους,
1645 882 1709 953 ἦν
1748 883 1802 934 τί
1834 899 1934 935 που

348 971 441 1020 καὶ
502 971 804 1038 ἐγχειροῖεν
851 971 957 1040 ὅπη
1018 972 1323 1042 παρατύχοι
1362 973 1688 1042 ὁρμίζεσθαι
1740 971 1772 1042 ἢ
1830 974 1935 1043 μὴν

348 1059 693 1126 ὑδρεύεσθαι.
733 1064 919 1116 Πᾶσαν
961 1066 1071 1134 γὰρ
1116 1066 1276 1135 ἠϊόνα.
1327 1067 1595 1136 διηνεκῶς
1634 1066 1934 1131 κξυνέὸαινε

348 1153 592 1222 Πέρσαις
621 1155 972 1224 κατέχεσθαι,
1003 1158 1143 1226 πλὴν
1175 1160 1286 1212 τῶν
1329 1160 1454 1213 ὅσον
1489 1160 1609 1213 κατ’
1662 1159 1936 1229 Ἀτραμύο

346 1262 460 1298 τιον
510 1246 607 1299 καὶ
635 1247 895 1301 Φώκαιαν
926 1245 1018 1320 ἦν,
1071 1251 1099 1303 ὃ
1139 1252 1203 1322 δὴ
1251 1251 1329 1322 τῷ
1376 1253 1635 1322 Μανουὴλ
1689 1253 1938 1323 Ζαχαρία

349 1339 657 1407 κατείχετο,
693 1341 754 1392 οὐ
782 1342 941 1394 τόσον
974 1345 1192 1412 χωρίων
1231 1346 1380 1414 ἰσχύϊ
1411 1346 1536 1398 ὅσον
1564 1347 1641 1415 τῷ
1665 1347 1775 1399 τῶν
1810 1346 1938 1412 περὶ

344 1436 558 1488 ἐκεῖνον
607 1435 825 1489 Ἰταλῶν
856 1436 1026 1491 ὄντων
1051 1440 1129 1501 εἰς
1161 1440 1402 1507 πόλεμον
1435 1439 1627 1507 θράσει
1656 1439 1940 1507 πεφυλαγ-

264 1600 271 1603 _
350 1530 532 1593 μένον.
568 1528 660 1596 Τῷ
694 1547 778 1583 τοι
842 1532 938 1583 καὶ
988 1521 1413 1602 ἀτημελημξνας
1458 1535 1557 1596 τὰς
1593 1533 1939 1602 ἑκατέρωθεν

342 1620 545 1685 νήσους
577 1618 812 1687 ὁρῶντες
843 1614 991 1674 οὗτοι
1042 1624 1470 1692 ὲπιμαχωτάτας
1523 1624 1782 1692 κειμένας
1825 1624 1939 1685 τοῖς

348 1711 741 1780 τολμησείουσι
773 1711 1071 1782 ξυμϐαλεῖν
1098 1712 1242 1781 (οὐδὲ
1263 1717 1375 1787 γὰρ
1407 1717 1589 1783 σφίσιν
1622 1716 1940 1783 ἀπόδραστα

2038 512 2305 579 εὐμενοῦς
2337 513 2634 581 ἐτύγχανον
2671 515 2726 574 ὲς
2763 511 2791 563 ὃ
2824 510 3031 580 πρᾶξαι
3064 511 3214 578 σφίσι
3235 512 3297 564 τὸ
3332 513 3476 566 κατὰ
3502 512 3626 583 βού-

2039 607 2217 675 λησιν,
2252 607 2300 658 εἰ
2335 606 2429 658 καὶ
2463 606 2635 657 ταῦτα
2666 607 2723 656 ὲν
2753 603 3045 664 ἀναϐολαῖς
3072 599 3141 674 ἦν
3171 604 3275 658 ἐτι.
3337 662 3343 671 ,

2039 722 2133 776 λε’.
2188 722 2327 789 Περί
2385 720 2504 774 τῶν
2544 721 2698 790 μετὰ
2749 721 2860 843 τῇς
2908 718 3303 788 Σμιλτζαίνης
3351 735 3631 776 συνοικε-

2748 810 2789 843 σ
2818 809 2920 843 ων.

2748 809 2920 845 σίων.

2111 884 2246 936 Τότε
2273 884 2367 936 καὶ
2400 883 2626 952 ἡπᾶιλαι
2667 884 2964 950 auc-system
2990 886 3067 953 τῷ
3107 882 3352 955 Σμίλτζῃ
3385 881 3632 937 καταλα-

2041 974 2211 1026 ϐοῦσα
2260 974 2358 1043 τὴν
2390 975 2564 1037 πόλιν,
2596 974 2671 1035 ὡς
2701 975 2895 1045 ἐλέχθη
2930 978 2986 1028 τὸ
3027 977 3316 1044 πρότερον,
3342 976 3443 1036 τὰς
3494 972 3633 1041 μετὰ

2040 1066 2132 1119 τοῦ
2168 1066 2434 1137 βασιλέως
2477 1068 2784 1136 ἐπιγαμίας
2816 1069 3273 1138 κατησφαλίζετο.
3309 1068 3374 1120 ’Ἀ
3407 1068 3472 1135 δὴ
3524 1082 3632 1135 μα-

2043 1159 2151 1211 Θὼν
2228 1160 2741 1228 Ὀσφεντίσθλαϐος,
2800 1161 2979 1227 ζητῶν
3035 1163 3131 1214 καὶ
3179 1162 3343 1222 αὐτὸς
3381 1157 3634 1228 λιπαρῶς

2041 1253 2202 1320 κῆδος
2236 1254 2299 1304 ἑκ
2336 1252 2623 1321 βασιλέως,
2660 1252 2749 1323 [Ρ.
2791 1251 2919 1323 588]
2962 1254 3056 1305 καὶ
3095 1253 3194 1323 ἤδη
3243 1252 3338 1302 τὸν
3379 1251 3636 1317 Ἐλτιμη-

2043 1346 2144 1413 ρῆν
2179 1346 2450 1410 ἀπογνοὺς
2502 1344 2577 1407 ὡς
2608 1346 2746 1414 πρὸς
2778 1344 3006 1414 βασιλέα
3049 1348 3142 1396 καὶ
3196 1342 3365 1397 αὑτὸν.
3406 1340 3635 1395 ἀποκλι-

2043 1439 2257 1499 νοῦντα,
2290 1439 2540 1507 γαμϐρόν
2589 1455 2651 1504 γε
2699 1439 2828 1489 ὄντα
2856 1437 3242 1505 Σμιλτςαίνης,
3280 1436 3503 1503 πέμψας
3538 1433 3634 1485 δύο

2043 1530 2279 1599 φρούρια
2319 1531 2428 1595 τῶν
2480 1530 2808 1593 καλλίστων,
2849 1530 3155 1599 Ὑάμπολιν
3198 1528 3292 1582 καὶ
3331 1522 3631 1597 Λαρδαίαν,

2043 1621 2078 1674 ἂ
2107 1620 2172 1692 δὴ
2232 1620 2537 1690 Ῥωμαίους
2582 1623 2917 1691 ἀφελόμενος
2959 1623 3224 1691 πρότερον
3270 1620 3441 1673 ἐδίδου
3490 1618 3635 1671 κατὰ

2044 1713 2205 1781 χάριν
2247 1711 2545 1781 Ἐλτιμηρῇ
2582 1712 2710 1781 Θείῳ
2744 1729 2807 1779 γε
2840 1712 2976 1781 πρὸς
3013 1711 3217 1779 πατρὸς
3241 1709 3378 1771 ὄντι,
3411 1709 3479 1762 δι’
3502 1710 3635 1776 ὀμο-

349 1797 419 1868 ἦν
446 1803 514 1856 τὰ
540 1803 599 1860 ἐς
630 1803 876 1859 κίνδυνον
908 1822 1059 1873 σφων
1091 1782 1411 1878 ἁλωμένῶν)
1441 1782 1939 1876 πέμψαντεςῖβασι-
1974 1782 2014 1837 Β
2045 1802 2232 1871 λογίας
2249 1804 2344 1856 καὶ
2368 1804 2917 1873 αὖθιςάναλαμὸάνει
2936 1805 3027 1857 καὶ
3051 1806 3312 1873 φρουροίς
3333 1798 3632 1868 εἰσαχθεῖσι

351 1896 449 1949 λέα
472 1895 658 1965 ἠξίουν
688 1895 719 1964 ἢ
753 1897 915 1950 αὑτὸν
941 1900 1063 1960 ταῖς
1088 1901 1272 1964 νήσοις
1300 1900 1360 1951 τι
1393 1900 1636 1970 ἀδῄωτον
1666 1903 1938 1970 προνοεῖν,

353 1986 386 2053 ἢ
418 1987 600 2046 αὐτοῖς
627 1987 952 2052 ὲπαγγείλαι
984 1994 1050 2042 τὰ
1085 1991 1141 2052 ἐς
1171 1991 1446 2061 φυλακὴν,
1487 1993 1684 2044 ἀνέντα
1718 1992 1816 2044 καὶ
1842 1992 1942 2054 τὰς

355 2079 572 2132 ἐκεῖθεν
606 2080 944 2147 εἰσπράξεις,
978 2076 1066 2140 αἷς
1110 2085 1199 2152 εῐη
1242 2081 1309 2136 ἂν
1334 2084 1575 2152 χρῆσθαι
1619 2083 1749 2143 ναῦς
1783 2083 1945 2152 ἐξαρ-

353 2173 642 2240 τυομένοις
677 2175 758 2236 εἰς
796 2173 894 2241 τὴν
934 2174 1046 2227 τῶν
1096 2174 1494 2241 ἐπιτιθεμένων
1536 2171 1901 2240 ἀνταγώνισιν
1924 2187 1941 2204 ·

354 2269 586 2331 ἐκείνοις
614 2267 727 2336 γὰρ
761 2269 858 2321 καὶ
883 2269 1019 2339 προς
1045 2268 1237 2336 χρόνον
1261 2269 1288 2318 ὁ
1316 2265 1569 2335 βασιλεὺς
1599 2264 1822 2335 Μιχαὴλ
1851 2262 1944 2316 τὸν

357 2364 524 2414 τόπον
553 2362 725 2416 ἐδίδου
762 2363 901 2431 πρὸς
931 2361 1200 2431 ἐργασίαν
1241 2358 1580 2428 στυπτηρίας
1622 2355 1946 2425 ἐπιτηδείως

352 2475 531 2544 juncti
564 2487 680 2526 suis
710 2474 1074 2541 pepularibus
1104 2473 1258 2542 justo
1290 2472 1543 2526 exercitu
1576 2468 1944 2539 transgressis

358 2569 743 2636 obtemperare
789 2568 906 2634 jam
976 2565 1047 2619 iis
1097 2563 1574 2633 dedignarentnr,
1630 2563 1834 2632 quibus
1884 2576 1946 2617 se

359 2660 507 2713 baud
543 2658 840 2712 inferiores
876 2657 1124 2727 potentia
1166 2655 1533 2710 confiderent.
1568 2653 1781 2708 Interea
1814 2667 1946 2707 vero

358 2762 564 2805 cuncta
595 2750 691 2804 illa
724 2765 822 2804 ora
852 2749 1110 2805 littoralis
1144 2746 1290 2802 Asia
1315 2745 1555 2801 Persicis
1587 2746 1748 2812 longa
1780 2743 1947 2798 ordi—

361 2846 509 2900 natis
561 2844 706 2898 serie
758 2842 1033 2912 prtesidiis
1085 2843 1300 2896 insessa
1335 2840 1534 2894 infesta
1568 2851 1702 2890 sane
1735 2835 1946 2890 nostris

361 2951 502 3004 erat,
539 2938 587 2992 si
637 2952 747 3007 quo
787 2933 952 3004 558
1003 2934 1284 3002 appellere
1337 2940 1432 2984 aut
1481 2928 1725 2997 aquandi
1771 2927 1947 2996 gratia

369 3031 711 3084 cxsccndere
752 3035 1070 3090 tentarent,
1103 3024 1289 3078 statim
1325 3022 1565 3089 repulsis
1602 3019 1947 3071 immissione

2047 1895 2537 1962 κατασφαλίςεται,
2572 1897 2818 1961 ἐπίδοξος
2847 1895 2922 1948 ὢν
2950 1896 3042 1948 καὶ
3069 1898 3185 1957 τοῖς
3211 1894 3418 1955 λοιποῖς
3443 1893 3632 1961 ἔγχει-

2050 1985 2251 2054 ρήσων.
2296 1987 2359 2038 Ἡ
2391 1987 2499 2054 γὰρ
2527 1987 2801 2057 ἁποτυχία
2829 1988 2924 2041 τοῦ
2961 1985 3241 2057 βασιλικοῦ
3289 1984 3426 2052 πρὸς
3466 1983 3634 2039 αὐτὸν

2050 2077 2246 2145 κήδους
2270 2077 2368 2139 τὰς
2398 2077 2576 2146 ὁρμὰς
2602 2070 2808 2146 ’ἐκείνῳ
2841 2078 3218 2150 παρώτρυνεν,
3250 2078 3299 2128 εἰ
3346 2076 3444 2129 καὶ
3471 2074 3634 2127 ﬂauo

2052 2184 2143 2236 ρον
2183 2172 2397 2238 καιροῖς
2434 2170 2588 2230 ἰδίοις
2622 2173 2720 2223 καὶ
2763 2171 2924 2223 τοῦτο
2952 2171 3192 2238 γεγόνει,
3224 2168 3318 2222 καὶ
3359 2169 3435 2229 ὡς
3463 2167 3636 2227 πάλαι

2048 2258 2375 2329 Βιυλγάρων
2417 2262 2546 2314 ὄντα
2574 2263 2640 2315 τὰ
2671 2262 2847 2332 χωρία
2892 2261 3295 2331 ὲσφετερίζετο.
3345 2259 3541 2329 Ἐᾠκει
3577 2257 3637 2311 δὲ

2046 2351 2109 2402 τὺ
2141 2351 2417 2421 δαιμόνιον
2461 2353 2769 2422 Ῥωμαίους
2800 2354 2894 2405 καὶ
2942 2353 3082 2406 κατὰ
3114 2352 3269 2406 δύσιν
3309 2351 3637 2421 εἰσπραττό-

2048 2464 2354 2534 pascebant
2400 2464 2791 2534 imperatorem
2845 2475 3196 2535 repererunt,
3231 2481 3549 2536 quanquam
3583 2473 3641 2521 et

2050 2556 2249 2610 horum
2287 2566 2569 2623 utcunque
2619 2557 2969 2613 decretorum
3003 2554 3291 2613 exsecutio
3341 2569 3514 2612 traCta
3551 2556 3640 2612 di-

2050 2648 2351 2702 lationibus
2377 2647 2659 2716 pendebat
2695 2650 2899 2704 adhuc.

2192 2740 2281 2794 55.
2317 2738 2390 2791 De
2416 2739 2692 2794 connubii;
2723 2757 2841 2793 cum
2887 2739 3197 2794 Smiltzazna
3224 2740 3499 2795 tractatis.

2123 2830 2238 2886 Hoc
2276 2846 2443 2901 porro
2494 2844 2778 2902 tempore,
2837 2848 2961 2903 quae
3000 2849 3140 2886 uxor
3200 2834 3330 2887 olim
3394 2831 3642 2886 Smiltza

2055 2927 2257 2990 fuerat,
2300 2942 2424 2981 cum
2461 2927 2573 2994 jam
2619 2935 2745 2979 ante
2779 2927 2833 2978 in
2870 2925 3062 2978 urbem
3095 2926 3430 2986 advenisset,
3477 2931 3643 2993 prout

2055 3020 2267 3073 dictum
2321 3019 2405 3073 e'st
2448 3017 2728 3084 superius,
2762 3015 2831 3069 de
2866 3017 2934 3069 iis
2983 3032 3106 3084 quae
3158 3022 3463 3069 tractatura
3492 3028 3639 3067 tcum

356 3124 698 3193 iaculorum.
737 3122 976 3177 Tantum
1013 3118 1103 3172 illa
1137 3133 1263 3186 pars
1295 3114 1496 3167 littoris
1541 3125 1665 3180 quae
1690 3110 1757 3163 ad
1790 3110 2022 3181 Διί-θρα
2056 3112 2385 3178 imperatore
2442 3117 2690 3173 venerat,
2747 3109 2866 3177 ipso
2918 3109 3282 3171 assentiente,
3341 3107 3636 3159 cunnubiis

374 3217 610 3289 inytium
658 3226 713 3269 et
745 3213 1034 3268 Phocaeam
1067 3209 1328 3279 pertinet,
1371 3202 1591 3257 Persica
1626 3201 1823 3256 militia
1860 3215 1951 3253 va-

366 3316 552 3374 cabat,
587 3312 733 3379 quod
771 3322 892 3362 eam
928 3307 981 3358 in
1025 3310 1299 3374 potestate
1347 3298 1573 3351 haberet
1604 3309 1705 3348 sua
1735 3291 1948 3346 Manuel

367 3405 692 3466 Zacharias,
723 3410 966 3456 nontam
1001 3399 1248 3450 iocorum
1284 3391 1589 3445 munitione
1609 3401 1774 3455 quam
1808 3386 1953 3436 fama

368 3498 590 3553 virtutis
623 3496 906 3559 Italorum,
963 3505 1103 3560 quos
1162 3488 1253 3540 ille
1298 3499 1462 3538 manu
1501 3490 1787 3549 promptos
1829 3476 1951 3530 ani-

370 3568 585 3659 misque
620 3594 843 3659 paratos
888 3584 957 3638 ad
1008 3581 1229 3652 quidvis
1259 3577 1571 3631 audendum
1619 3586 1805 3628 secmn
1855 3571 1956 3623 ba.-

368 3687 504 3741 bere
546 3684 852 3738 ferebatur.
892 3679 1070 3746 Atque
1109 3675 1199 3728 hic
1228 3672 1369 3724 idem
1398 3665 1615 3720 Manuel
1650 3679 1776 3717 cum
1813 3662 1952 3725 suis,

369 3762 575 3846 negligi
614 3773 860 3827 videntes
892 3768 1104 3823 insulas
1153 3765 1430 3830 utrimque
1467 3759 1735 3817 Phocaaze,
1788 3766 1954 3821 quam

373 3843 725 3927 obtinebant.
783 3862 1125 3930 adjacentes,
1188 3864 1244 3909 et
1295 3853 1516 3907 defectu
1577 3843 1957 3916 praesidiorum

373 3971 564 4033 patere
613 3954 927 4012 latrociniis
973 3950 1281 4019 expositas,
1346 3941 1616 3997 facillime
1672 3951 1956 4005 expugna-

371 4028 515 4112 biles
557 4052 734 4108 cuivis
786 4048 979 4108 modo.
1004 4046 1265 4096 invadere
1296 4034 1544 4100 audenti,
1583 4046 1648 4085 ac
1677 4029 1841 4085 simul
1875 4028 1960 4081 in-

377 4147 689 4216 telligentes
713 4181 729 4207 ,
771 4142 818 4197 si
851 4154 945 4193 eas
974 4131 1238 4202 occupari
1281 4132 1350 4182 ab
1394 4126 1647 4180 bosdbus
1679 4121 1962 4188 continge-

379 4248 486 4302 ret,
549 4237 693 4291 haud
757 4232 865 4287 sibi
928 4227 1197 4298 effugium
1252 4227 1486 4282 restare,
1548 4230 1650 4271 nec
1706 4226 1965 4267 recusare

379 4342 514 4388 tunc
576 4331 728 4398 ipsos
791 4338 953 4395 posse
1012 4320 1150 4388 quin
1202 4310 1457 4370 servituti
1513 4306 1961 4366 succumberent,

374 4427 566 4482 missis
596 4423 661 4476 ad
687 4422 1076 4488 imperatorem
1116 4406 1314 4478 legatis
1345 4417 1469 4457 eum
1495 4405 1730 4454 orarunt
1774 4402 1834 4479 ut
1869 4401 1964 4447 aut

2050 3200 2341 3255 convenit.
2384 3197 2541 3264 Quod
2582 3198 2748 3269 559
2790 3214 2915 3253 eum
2954 3198 3277 3252 rescivisset
3309 3193 3644 3264 Osphentis-

2056 3291 2302 3353 thlabus,
2338 3292 2429 3358 qui
2459 3300 2515 3343 et
2555 3291 2673 3356 ipse
2705 3298 2980 3342 instanter
3008 3287 3105 3341 sed
3138 3287 3370 3349 frustra,
3401 3284 3636 3339 atiinita-

2060 3388 2167 3434 tem
2216 3379 2324 3433 sibi
2363 3396 2486 3433 cum
2522 3380 2686 3434 domo
2733 3379 2983 3447 Augusta
3023 3392 3092 3431 ex
3136 3378 3469 3445 imperatore
3502 3389 3649 3442 qua-

2058 3471 2251 3533 sierat.
2286 3471 2588 3541 desperans
2634 3470 2748 3540 jam
2801 3486 2860 3525 se
2903 3480 3092 3524 tenere
3141 3469 3260 3523 suis
3302 3470 3465 3521 fidum
3515 3485 3643 3536 par-

2059 3564 2208 3617 tibus
2258 3562 2586 3618 Eltemerem
2648 3579 2832 3632 posse,
2884 3563 3088 3631 quippe
3139 3577 3304 3631 quem
3362 3562 3640 3616 inclinare

2059 3668 2255 3709 versus
2286 3654 2673 3722 imperatorem
2703 3661 2939 3725 noverat:
2960 3665 3151 3721 utpote
3179 3668 3443 3722 generum
3481 3650 3647 3706 Smil—

2060 3752 2272 3809 tzaenae,
2299 3744 2438 3799 duas
2471 3760 2631 3799 arces
2668 3761 2733 3799 ex
2773 3746 3024 3814 optimis,
3055 3743 3400 3814 Hyampolin)
3426 3752 3483 3795 et
3515 3741 3652 3795 Lar-

2062 3840 2257 3904 daaam,
2299 3854 2435 3905 quas
2477 3853 2506 3890 a
2559 3852 2619 3892 se
2669 3837 2936 3892 Rotnanis
2993 3837 3147 3906 prius
3194 3843 3416 3905 ereptas
3452 3837 3652 3891 deinde

2066 3935 2118 3988 in
2158 3932 2348 4002 gratia:
2388 3931 2589 4001 pignus
2625 3931 2930 3985 donaverat
2963 3930 3250 3983 Eltemerte
3280 3944 3386 3984 suo
3422 3939 3648 3997 patruo,

2066 4024 2251 4080 missis
2298 4023 2366 4077 ad
2415 4038 2540 4077 eum
2578 4023 2672 4091 qui
2706 4030 3035 4092 poscerent,
3067 4023 3236 4076 certis
3263 4021 3652 4077 conventioni-

2068 4119 2171 4172 bus
2226 4102 2426 4170 iterum
2466 4115 2678 4183 recepit
2747 4123 2801 4168 et
2867 4112 3145 4180 praesidiis
3209 4113 3487 4182 impositis
3543 4112 3651 4168 sibi

2065 4210 2325 4266 asseruit.
2367 4209 2478 4263 Nec
2517 4208 2883 4262 dubitabatur
2915 4207 3052 4275 quin
3097 4221 3263 4274 porro
3302 4217 3554 4275 pergeret
3591 4206 3644 4260 in

2066 4318 2133 4358 eo
2193 4316 2393 4371 genere
2435 4302 2667 4361 conari.
2731 4298 3061 4352 vindicando
3116 4298 3219 4352 sibi
3282 4312 3423 4367 quas
3463 4306 3653 4365 posset

2069 4395 2349 4449 Romanas
2405 4408 2560 4448 arces
2640 4391 2791 4445 illius
2852 4391 3047 4445 limitis
3091 4430 3106 4454 ,
3169 4401 3429 4458 tanquam
3519 4390 3650 4442 olim

376 4521 497 4589 ipse
524 4471 845 4586 providerret
875 4509 940 4561 iis
977 4503 1173 4558 insulis
1207 4496 1577 4552 necessariam
1612 4474 1960 4547 securitatem
1992 4471 2041 4529 Ῐ)
2069 4487 2137 4540 ad
2189 4485 2448 4553 Bulgaros
2494 4485 2619 4553 jure
2665 4497 2829 4553 quam
2864 4485 3078 4551 optimo
3113 4482 3478 4549 pertinentes.
3512 4479 3649 4533 Nam

378 4580 416 4663 τί
470 4580 772 4674 depraedari
828 4613 923 4652 eas
973 4591 1303 4649 tentantium
1342 4586 1681 4648 incursibus,
1714 4592 1808 4635 aut
1857 4580 1958 4634 sibi

380 4714 502 4753 eam
544 4672 697 4764 ipsis
751 4702 937 4743 curam
969 4683 1370 4743 committeret,
1404 4675 1655 4731 remissis
1686 4688 1807 4742 qua:
1837 4672 1964 4724 inde

385 4788 699 4860 imperiales
748 4779 989 4838 ministri
1041 4777 1287 4832 solerent
1326 4771 1548 4840 exigere
1576 4765 1961 4835 vectigalibus,

382 4885 588 4955 quibus
617 4879 719 4948 ipsi
764 4875 918 4929 usuri
960 4877 1153 4925 essent
1179 4867 1245 4919 ad
1284 4877 1452 4916 naves
1484 4862 1781 4914 armandas
1830 4870 1963 4926 pro-

386 4952 644 5031 bibendis
690 4966 979 5023 hostilium
1022 4959 1285 5016 classium
1323 4956 1375 5008 in
1426 4970 1490 5007 ea
1521 4952 1703 5005 littora
1733 4963 1967 5003 exscen-

382 5066 634 5123 sionibus
662 5056 1031 5115 necessarias.
1064 5049 1331 5104 Nimirum
1360 5047 1472 5114 jam
1521 5059 1551 5096 a
1589 5042 1780 5094 multis
1818 5047 1965 5092 retro

381 5160 547 5213 annis
578 5158 880 5224 imperator
909 5146 1166 5207 Michael,
1200 5142 1433 5210 Augusti
1466 5152 1614 5191 nunc
1639 5133 1966 5203 imperantis

382 5259 561 5321 pater,
597 5249 763 5299 istum
815 5242 922 5294 illis
959 5239 1139 5293 loeum
1175 5233 1402 5286 dederat
1450 5226 1708 5280 aluminis
1759 5239 1965 5293 praepa-

384 5316 587 5396 rationl
619 5346 832 5405 aptum,
870 5345 981 5401 quo
1027 5344 1151 5382 cum
1188 5320 1548 5393 expellendos
1599 5332 1658 5370 se
1695 5316 1967 5377 viderent,

386 5433 497 5489 nisi
547 5429 959 5501 prospiceretur
1009 5415 1322 5475 defensioni
1388 5412 1694 5466 vicinarum
1760 5407 1969 5462 insula-

387 5500 688 5593 rtim,ijure
735 5518 802 5572 ad
838 5519 1233 5585 imperatorem
1271 5506 1658 5567 recurrebant,
1696 5500 1765 5555 ad
1799 5512 1967 5570 quem

387 5628 670 5695 spectaret
701 5633 803 5673 sua
834 5612 1098 5669 beneficia
1141 5608 1279 5664 tueri
1327 5620 1392 5659 ac
1421 5601 1720 5658 clientibus
1752 5596 1971 5665 imperii

389 5688 705 5775 consulere.
750 5713 944 5777 Itaque
994 5705 1129 5759 talia
1187 5699 1535 5772 postulantes
1578 5691 1742 5761 legati
1773 5690 1867 5745 ubi
1903 5688 1970 5743 ad

395 5811 592 5870 urbem
626 5816 952 5878 pervenere,
990 5799 1206 5854 facilem
1251 5794 1318 5850 ad
1350 5785 1768 5847 concedendum
1824 5784 1974 5855 quod

2072 4582 2223 4635 illum
2256 4578 2321 4632 ad
2357 4590 2681 4644 quacunque
2722 4582 2912 4643 posset
2950 4573 3163 4627 ratione
3201 4570 3509 4626 nocendum
3548 4568 3658 4627 Ro-

2073 4686 2238 4725 mano
2268 4668 2501 4738 imperio
2529 4665 2830 4734 instigabat
2859 4679 3058 4719 sensus
3081 4678 3208 4718 acer
3232 4663 3464 4730 repulsae
3490 4675 3656 4728 quam

2073 4764 2143 4816 ab
2192 4762 2526 4830 imperatore
2571 4756 2772 4810 tulerat
2825 4757 3074 4811 ambiens
3133 4754 3436 4817 honorem,
3492 4768 3655 4815 quem

2074 4862 2260 4908 tamen
2295 4851 2477 4906 serius
2510 4855 2595 4903 est
2644 4847 2763 4902 suis
2797 4854 2988 4915 postea
3034 4844 3376 4914 temporibus
3406 4843 3656 4909 adeptus,

2075 4944 2505 5003 necessitudinis
2537 4942 2801 5010 nuptialis
2834 4956 2957 4994 cum
2988 4941 3153 4995 domo
3181 4940 3450 5008 Augusta.
3492 4934 3662 4991 Vide-

2076 5040 2239 5093 batur
2272 5044 2456 5090 autent
2496 5037 2611 5090 haec
2643 5036 2717 5087 ita
2750 5034 3051 5101 disponens
3082 5032 3327 5085 divinntn
3375 5044 3578 5083 numen
3631 5044 3660 5080 ιι

2074 5130 2339 5187 Romanis
2362 5145 2579 5198 quoque
2605 5137 2813 5181 tractus
2834 5124 3059 5179 Occidui
3080 5124 3346 5177 hactenus
3365 5120 3663 5175 barbaricae

2083 5221 2390 5279 vexationis
2427 5218 2693 5273 immunis
2722 5232 2915 5286 pce-nas
2950 5227 3200 5283 repetere
3231 5213 3500 5266 scelerum
3531 5211 3664 5278 ipsis

2080 5317 2445 5381 occultorum,
2479 5330 2601 5382 qua:
2630 5329 2701 5369 ne
2731 5311 2887 5366 sinus
2915 5311 3138 5377 quidem
3170 5310 3338 5362 animi
3369 5305 3666 5360 scrutando

2081 5407 2384 5473 intelligere
2412 5403 2702 5458 manifeste
2730 5411 3010 5472 poterant,
3045 5403 3268 5471 quando
3297 5415 3477 5466 quove
3504 5398 3666 5450 modo

2080 5499 2509 5559 conscivissmit,
2558 5495 2989 5566 quamtumlibet
3043 5494 3199 5545 urbis
3236 5495 3468 5543 antistes
3507 5502 3667 5539 mana

2082 5593 2264 5662 cipum
2317 5600 2372 5645 et
2426 5590 2836 5661 redemptorum
2878 5587 3264 5657 Augustalium
3299 5600 3362 5637 ex
3404 5584 3492 5635 illa
3544 5581 3667 5649 ipsa

2083 5696 2241 5757 gente
2294 5684 2692 5738 concussiones
2739 5683 2798 5736 in
2848 5682 2986 5737 suos
3042 5681 3330 5749 populares
3400 5682 3666 5742 praetextu

2086 5777 2488 5848 exigendorum
2516 5778 2857 5835 tributorqu
2896 5785 3064 5833 avare
3096 5790 3156 5826 ac
3186 5768 3482 5825 crudeliter
3513 5778 3673 5819 exer-
