4046 6444
400 362 518 428 ιιι)

403 488 564 544 μενον
615 468 771 529 δίκας
801 459 876 518 ὢν
916 456 1177 530 ἐμφανῶς
1211 453 1311 523 οὐχ
1354 444 1457 503 οἷοὶ

400 533 920 635 πλημμελημάτων,
969 555 1016 606 εἰ
1056 551 1151 606 καὶ
1194 550 1223 600 ὁ
1256 549 1356 617 τῆς
1407 542 1629 635 πόλεως
1676 538 1854 635 ἱερεὺς
1891 533 1992 635 τὰς

400 658 512 710 τῶν
563 651 1006 722 εἰσπραττόντων
1046 641 1375 714 ἐργολαϐίας
1430 634 1715 705 ὲπῃτιᾶτο,
1753 624 1831 681 ὧν
1881 624 1991 722 0-66‘

404 747 557 818 αὐτῷ
582 748 638 809 ὲς
675 714 846 805 άπαν,
876 742 953 804 ὡς
980 741 1106 800 τοὺς
1134 736 1340 795 πάντας
1369 729 1592 793 είδέναι,
1620 725 1682 777 οὑ
1713 722 1874 791 μετὸν

405 841 503 894 καὶ
528 812 732 909 μᾶλλον
763 835 857 888 ἐπὶ
883 834 997 894 τοῖς
1029 830 1127 898 τῆς
1163 822 1489 891 Ἐκκλησίας
1520 812 1997 909 πράγμασιν...οὐ-

405 934 495 987 δὲν
523 904 634 1000 γὰρ
684 925 754 999 ἦν
788 921 1070 991 ἐλλειφθὲν
1096 918 1206 972 τῶν
1251 914 1538 987 προτέρων
1586 907 1810 1000 ἐκείνων
1857 904 1995 1000 δπερ

408 1024 511 1077 οὐκ
538 995 720 1082 etet;
763 1018 924 1086 ἔχων,
974 1013 1067 1067 καὶ
1118 1008 1257 1064 αὐτὰ
1304 1006 1369 1074 δὴ
1399 1003 1469 1056 τὰ
1517 1000 1626 1053 τῶν
1667 995 1997 1065 ἀξιωμάτων

412 1114 686 1184 προνόμια
718 1107 965 1178 ἀκριϐῶς
1000 1104 1182 1163 αὐτοῖς
1210 1094 1601 1167 ἐνεργούμενα,
1638 1090 1714 1151 ὡς
1740 1089 1994 1141 ἀπαυανο

412 1177 807 1271 θῆναιτελέως
847 1195 1061 1257 τούτοις
1114 1191 1210 1243 καὶ
1255 1191 1355 1249 τὰς
1400 1186 1588 1253 τιμὰς,
1632 1179 1864 1249 πτωχῶν
1899 1177 1997 1245 μὲν

414 1268 728 1359 πολυωρίαν
754 1286 1068 1358 προΐσχετο,
1098 1280 1312 1350 τιμίους
1353 1277 1406 1330 δ’
1444 1274 1645 1342 ἇνδρας
1680 1273 1775 1323 καὶ
1817 1268 2000 1330 αίδοῦς

413 1383 679 1443 επιεικῶς
729 1380 912 1445 ἀξίους
963 1376 1097 1444 παρ’
1143 1372 1296 1426 οὐδὲν
1326 1370 1488 1437 ἔχων,
1546 1364 1712 1435 μηδὲν
1767 1360 1998 1422 ἐκείνοις

415 1477 561 1546 ζωῆς
589 1471 859 1544 προνοῶν,
894 1468 1032 1522 ἀλλὰ
1055 1466 1148 1519 καλ¹
1180 1462 1504 1531 ἀναλγήτως
1532 1457 1608 1521 ὡς
1651 1456 1778 1523 ἐνῆν
1828 1469 1999 1525 προσ-

418 1570 719 1641 φερόμενος
751 1568 815 1618 ὲκ
841 1560 1043 1632 πικροῦ
1084 1557 1179 1612 καὶ
1222 1555 1442 1613 ἀτενοῦς
1483 1551 1670 1622 ἦθους,
1696 1545 2001 1616 πτωχεύειν

418 1639 617 1726 ἐποίει,
649 1657 696 1710 ὣ
728 1654 1016 1725 συμφορᾶς
1046 1652 1145 1722 οὐχ
1188 1648 1304 1710 οἵας
1337 1646 1385 1699 τ’
1422 1644 1666 1712 ἐνεγκεῖν
1694 1639 2001 1709 ἐλευθέροις

417 1754 592 1815 ὅλωςί
646 1748 948 1820 πανταχόθι
994 1749 1092 1815 τῆς
1123 1743 1353 1803 πόλεως.
1389 1739 1480 1807 Τῷ
1524 1736 1632 1804 γὰρ
1665 1734 1788 1804 seu
1819 1730 2003 1801 πικρῷ

417 1859 481 1909 γε
536 1840 649 1894 δντι
688 1842 716 1893 ὁ
760 1838 868 1892 τῶν
927 1834 1094 1889 πάλαι
1159 1829 1546 1900 ξυμπεσόντων
1588 1824 1729 1878 κατὰ
1783 1822 2004 1891 μνήμην

421 1933 712 1993 συντακεὶς
734 1930 895 1990 κότος
922 1926 1109 1995 κοινὴν
1135 1923 1386 1992 Ἐριννὺν
1416 1921 1674 1986 ἄντικρυς
1705 1914 1880 1966 ὲποίει
1913 1911 2006 1964 τὸν

419 2024 733 2094 ἄνθρωπον,
790 2019 913 2088 μηδ’
976 2014 1140 2071 αὐτοῦ
1193 2012 1454 2082 βασιλέως
1512 2009 1647 2069 ὅλως
1700 2004 2006 2071 δυναμένου

427 2114 798 2187 μεταϐάλλειν
819 2111 880 2162 τὸ
900 2105 1054 2180 ἦθος,
1079 2106 1132 2157 εἴ
1159 2103 1259 2158 πού
1286 2120 1349 2169 γε
1383 2102 1478 2155 καὶ
1498 2098 1809 2162 οίκτίζοιτο.
1850 2095 2012 2165 '06?)-

428 2208 596 2277 μέραι
627 2205 736 2274 γὰρ
767 2200 1059 2271 ἀναφορῶν
1092 2198 1228 2267 πρὸς
1274 2195 1437 2248 αὑτὸν
1470 2192 1809 2260 γιγνομένων
1859 2187 2010 2277 οὐδὲν

423 2297 485 2349 τὸ
536 2295 805 2362 παράπαν
861 2290 1076 2361 ἠνύετο.
1114 2289 1223 2339 Καὶ
1263 2285 1338 2345 ὡς
1372 2283 1518 2344 εἰκὸς
1555 2280 1866 2333 κατενοείτο
1915 2276 2010 2327 καὶ

425 2386 696 2457 πρότερον
728 2382 905 2437 ταῦτα
936 2382 1202 2452 πράττειν
1250 2377 1441 2439 θέλων,
1480 2375 1530 2426 εί
1558 2374 1652 2425 καὶ
1690 2370 1841 2441 παρὰ
1879 2368 2011 2422 πολ-

428 2522 573 2575 citas
621 2518 1031 2577 criminaretur,
1078 2513 1146 2568 iis
1193 2524 1414 2565 causam
1460 2509 1739 2566 imputans
1777 2503 1872 2557 iraa
1900 2514 2015 2555 cm-

432 2610 609 2675 lestis,
657 2610 807 2678 paris
853 2608 970 2676 ipse
1024 2614 1233 2664 tamen,
1277 2601 1328 2653 id
1369 2598 1513 2666 quod
1562 2608 1756 2649 omnes
1790 2603 2014 2656 norant,

431 2702 578 2755 haud
604 2715 819 2768 expers
853 2698 1048 2765 culpm,
1087 2694 1323 2747 maxime
1356 2692 1409 2743 in
1458 2685 1849 2742 ecclesiasticis
1885 2697 2014 2752 pos-

430 2791 776 2844 sessiouibus
825 2796 880 2841 et
928 2785 1301 2855 proventibus.
1349 2780 1497 2834 Nihil
1545 2778 1691 2831 enim
1741 2779 1851 2844 jam
1898 2784 2017 2829 eral.

431 2878 597 2933 istius
655 2877 877 2948 generis
933 2890 964 2929 e
1010 2873 1289 2943 prioribus
1342 2870 1451 2925 illis
1503 2864 2017 2936 depeculationibus

431 2970 737 3038 reliquum,
799 2967 945 3036 quod
1006 2980 1117 3018 non
1174 2965 1290 3033 ipse
1350 2970 1666 3029 usurparet,
1724 2972 1899 3027 usque
1949 2962 2018 3010 ad

432 3062 586 3131 ipsos
608 3058 971 3128 dignitatibds
997 3054 1385 3109 ecclesiasticis
1404 3051 1746 3108 sustinendis
1770 3051 2018 3105 addictos

434 3151 568 3206 olim
608 3163 834 3212 census,
867 3146 1006 3201 adeo
1040 3158 1101 3199 ut
1131 3148 1199 3200 ad
1233 3145 1432 3199 incitas
1463 3143 1669 3198 redaCti
1701 3142 1798 3212 qui
1832 3157 2020 3198 sacro-

436 3257 559 3297 rum
614 3240 908 3297 'bonorum
978 3238 1172 3293 titulos
1248 3244 1540 3308 gererent,
1606 3236 2023 3291 obsolescerent

434 3348 666 3402 prorsus
717 3342 768 3387 et
822 3331 1074 3402 pudenda
1128 3330 1315 3383 illuvie
1365 3329 1676 3383 sordereut.
1710 3328 1776 3380 Et
1815 3328 2023 3395 rapinis

436 3426 530 3478 ille
557 3424 777 3493 quidem
816 3421 1131 3478 istiusmodi
1165 3436 1353 3475 curam
1391 3421 1765 3473 mendicarum
1801 3417 2026 3471 alendo-

436 3531 558 3570 rum
598 3516 958 3578 obtendebat,
1015 3514 1162 3567 haud
1214 3513 1656 3566 animadvertetis
1692 3510 1855 3581 560
1878 3510 2024 3563 ntul-

437 3609 690 3677 tiplicare
736 3623 796 3662 se
841 3606 950 3660 hoc
998 3605 1159 3659 modo
1200 3603 1580 3659 mendicoruth
1629 3616 1923 3655 numerum
1968 3600 2026 3655 itt

438 3715 676 3768 eumque
751 3697 1099 3767 compingere
1171 3698 1321 3750 viros
1384 3695 1653 3749 natalium
1710 3701 1765 3748 et
1815 3694 2025 3748 dotium

438 3792 735 3860 splendore
790 3805 993 3858 magna
1049 3789 1247 3858 dignos
1300 3790 1645 3855 reverentia,
1700 3802 1837 3857 quos
1876 3787 2027 3841 oumi

440 3886 572 3936 vita:
633 3883 936 3937 tolerandae
989 3882 1252 3936 facultate
1303 3879 1603 3935 destitutos
1654 3879 2024 3948 relinquebat,

441 3988 513 4027 ne
542 3974 595 4027 td
626 3972 849 4042 quidem
873 3973 1137 4028 solatium
1169 3971 1463 4041 indulgens
1491 3971 1729 4035 miseris,
1753 3974 1817 4024 ut’
1836 3985 2025 4024 eorum

445 4081 585 4134 quas
621 4067 800 4135 palam
830 4071 1081 4120 cerneret
1109 4064 1370 4118 aerumnis
1398 4063 1697 4118 eoudolere
1727 4062 2023 4117 videretur.

442 4157 687 4213 Crudum
720 4160 867 4212 enim
905 4165 960 4210 et
1008 4155 1273 4209 immitem
1322 4169 1421 4223 pro
1461 4168 1559 4207 sua
1603 4159 1797 4206 caetera
1842 4151 2030 4222 rigida:

445 4250 648 4306 indolis
708 4249 1013 4304 acerbitate
1060 4249 1350 4303 obvertere
1398 4247 1785 4317 perseverabat
1818 4247 2028 4299 vultum

446 4354 613 4413 atque
642 4346 902 4398 obtutum
935 4343 1004 4395 iis
1037 4341 1195 4410 ipsis,
1238 4355 1379 4407 quos
1421 4356 1450 4393 e
1483 4338 1769 4408 splendida
1811 4336 2029 4413 fortuna

445 4404 737 4504 spolianda
785 4404 1132 4502 compulerat
1180 4404 1268 4485 ad
1296 4404 1529 4484 victum—
1557 4429 1663 4484 sibi
1723 4404 2031 4484 metidicato

444 4526 851 4597 quaeritandum
889 4524 945 4594 (0
993 4523 1384 4577 contumeliam
1428 4522 1598 4575 libere
1630 4521 1771 4576 natis
1800 4531 1854 4576 et
1894 4522 2024 4575 edu-

446 4616 590 4670 catis
644 4628 875 4683 prorsus
936 4611 1418 4686 intolerandam!)
1479 4612 1683 4680 passim
1738 4628 1834 4680 per
1882 4613 2031 4667 vicos

448 4706 772 4775 plateasque
810 4704 1082 4779 civitatis.
1144 4702 1378 4756 Tantum
1420 4702 1675 4757 videlicet
1719 4704 1971 4758 abfuerat
2002 4721 2032 4759 a

451 4796 748 4851 minuenda
777 4796 1183 4865 molliendaque
1220 4795 1303 4850 vel
1347 4796 1627 4866 paululum
1658 4798 1863 4851 duritie
1895 4799 2035 4852 auti—

448 4903 579 4959 qua,
614 4896 673 4941 ut
698 4901 805 4957 qua
847 4901 908 4942 se
948 4888 1225 4955 quondam
1277 4885 1538 4956 ﬂagrasse
1565 4890 1636 4942 ob
1663 4904 1781 4943 eam
1827 4889 2034 4944 invidia

450 4981 798 5043 meminerat,
825 4992 944 5031 eam
972 4979 1131 5047 quasi
1157 4977 1269 5047 jam
1299 4977 1492 5033 ulcisci
1519 4979 1771 5045 Studens,
1795 4982 2035 5050 indeque

450 5085 720 5125 accensus
747 5070 1127 5141 indignatione
1145 5072 1384 5136 saeviori,
1410 5069 1630 5126 Furiam
1652 5074 1816 5143 plane
1841 5091 2037 5143 quam-

450 5163 577 5216 dam
631 5171 684 5217 et
742 5177 1092 5217 communem
1156 5163 1403 5236 Erinnyn
1462 5180 1523 5220 se
1585 5167 1853 5234 praeberet
1916 5168 2037 5222 vice

454 5256 729 5321 hominis;
753 5271 852 5309 nec
873 5271 997 5310 eum
1023 5255 1344 5325 imperator,
1371 5267 1671 5327 utcumque
1693 5259 2037 5316 calamitates

450 5348 704 5417 publicas
755 5347 1055 5416 miserans,
1107 5348 1402 5405 deflectere
1451 5351 1521 5405 ab
1571 5351 1800 5425 immani
1853 5355 2038 5425 rigore

453 5447 661 5509 posset,
679 5441 920 5509 querelis
943 5442 1011 5496 ad
1035 5440 1181 5496 hunc
1198 5443 1445 5512 quotidie
1465 5443 2039 5515 obtestationibusque

455 5533 754 5587 multorum
790 5533 908 5589 dira
937 5536 1258 5604 patientium
1287 5535 1408 5591 sine
1436 5536 1549 5590 ullo
1578 5550 1810 5605 prorsus
1837 5539 2037 5593 eﬂ'eclu

452 5623 671 5679 delatis.
741 5624 1234 5695 lntelligebantque
1287 5626 1381 5695 qtti
1454 5636 1658 5680 statum
1713 5640 2037 5695 praesentem

457 5729 640 5768 rerum
702 5731 824 5769 cum
887 5715 1163 5784 superiori
1216 5719 1615 5784 comparabant
1676 5719 2037 5787 prudentius,

460 5809 604 5876 quod
649 5824 796 5863 nunc
828 5807 1169 5864 Athanasius
1199 5808 1460 5865 licentius
1490 5826 1654 5881 quam
1686 5820 1849 5869 antea
1881 5828 2039 5883 gras-

1624 327 1947 391 GEOBGII
1998 318 2486 387 PACHYMERE

1513 447 1558 499 τ’
1605 441 1748 516 ἦσαν
1782 440 1984 494 ειδέναι
2013 446 2056 501 Α
2087 432 2195 485 λῶν
2224 430 2319 483 καὶ
2345 427 2609 499 μεγάλων
2646 422 2719 494 τῴ
2751 419 2963 492 βασιλεῖ
2991 412 3422 516 πλέησιαζόντων
3455 428 3723 516 κατεκωο

3621 299 3731 363 616

2094 525 2273 577 λύετο.
2310 520 2426 574 Νῦν
2455 519 2500 572 δ’
2549 516 2687 571 ἀλλὰ
2717 513 2831 567 τῶν
2869 512 2967 581 μὲν
3020 506 3080 574 ἐξ
3115 506 3432 578 ἀνθρώπων
3474 503 3724 571 γενομὲ-

2095 632 2224 679 νων,
2264 613 2373 665 τῶν
2405 612 2450 664 δ’
2483 606 2729 663 ἐκποδὼν
2764 605 3022 667 ἑκόντων,
3046 600 3155 653 τῶν
3183 599 3240 653 δὲ
3273 600 3373 652 καὶ
3412 597 3547 651 κατ’
3574 595 3724 663 ἐπή-

2101 722 2255 777 ρειαν
2314 698 2875 772 ἀπαλλοτριωθιντων
2928 695 3024 748 καὶ
3074 691 3364 764 βασιλέως,
3416 688 3600 747 αὐτὸς
3654 687 3720 739 τὸ

2097 800 2217 853 κατ’
2249 796 2367 858 ἔθος
2399 792 2598 865 πικρὸν
2643 791 2722 853 ὡς
2769 788 2917 850 είκὸς
2947 785 3174 855 θελητδν
3221 781 3431 853 ῥᾳδίως
3485 781 3721 849 ὲξήνυε,

2102 888 2331 960 μηδενὸς
2389 887 2482 940 τὸν
2543 881 2854 955 κρατοῦντα
2916 877 3226 947 τολμῶντος
3288 872 3546 927 νῦττειν.
3607 872 3723 923 Καὶ

2099 984 2290 1050 ὥσπερ
2317 978 2385 1033 ἂν
2411 979 2459 1031 εί
2484 975 2622 1031 Θεοῦ
2653 972 2979 1045 ἀργοῦντος,
3017 969 3161 1023 κατὰ
3198 967 3296 1037 τὴν
3328 963 3579 1035 δημώδη
3607 979 3723 1015 πα-

2102 1074 2344 1144 ροιμίαν,
2361 1069 2486 1125 τινὰ
2508 1069 2864 1138 πράττονται,
2887 1063 3033 1116 οὕτω
3051 1063 3146 1114 καὶ
3171 1057 3450 1129 βασιλέως
3466 1052 3722 1123 ἀργοῦν-

2099 1181 2213 1229 τος,
2253 1160 2648 1231 δικαιωμάτων
2684 1155 3098 1228 προϊσχομένων
3125 1152 3285 1233 Θεοῦ,
3315 1145 3406 1213 οἷς
3459 1147 3577 1202 οὐδ’
3619 1148 3727 1201 αὐ-

2099 1257 2191 1320 τὸς
2239 1254 2527 1324 ἄνθρωπος
2571 1249 2817 1322 γεγονὼς
2847 1248 3141 1318 ἐχρήσατο,
3185 1242 3341 1297 ταῦτ’
3394 1240 3726 1310 ἐγίγνοντο.

2102 1348 2214 1402 Καὶ
2238 1349 2318 1401 ὅτι
2348 1351 2445 1417 μὲν
2468 1346 2536 1400 δι’
2567 1345 2842 1416 ἁμαρτίας
2868 1344 2901 1411 ἡ
2929 1336 3359 1410 παραχώρησις,
3404 1333 3722 1405 πρόδηλον.

2102 1442 2255 1510 Πλὴν
2286 1441 2402 1495 ἀλλ’
2432 1443 2460 1494 ὁ
2501 1440 2635 1511 πρὸς
2666 1438 2752 1510 [Ρ.
2781 1432 2911 1506 589]
2951 1434 3010 1488 τὸ
3038 1431 3296 1495 κολάζειν
3341 1427 3587 1499 κληθεὶς
3621 1442 3727 1494 φο-

2105 1532 2310 1586 ϐείσθω
2336 1534 2434 1602 τὴν
2468 1530 2829 1601 πρόσκλησιν,
2856 1526 2936 1590 ὡς
2963 1525 3117 1579 οὐδὲν
3150 1525 3290 1586 ὅλως
3327 1522 3452 1575 τῶν
3486 1519 3724 1589 ἀγαθῶν

2104 1625 2351 1692 ἀγγέλων
2370 1622 2625 1686 κολάζειν
2653 1622 2782 1684 τοὺς
2808 1621 2888 1682 είς
2914 1618 3050 1672 Θεὸν
3072 1615 3533 1689 ἁμαρτάνοντας.
3574 1612 3727 1665 Ἀλλ’

2103 1712 2179 1777 ὼς
2209 1713 2377 1779 ἔοικε,
2409 1712 2572 1782 μέλον
2597 1706 2670 1783 ἦν
2699 1710 2820 1781 Θεῷ
2851 1710 3008 1779 κοινῇ
3048 1708 3145 1761 καὶ
3172 1707 3301 1769 τοὺς
3330 1705 3497 1768 ἐντὸς
3544 1705 3727 1776 κυρῆ-

2038 1803 2080 1857 Β
2113 1824 2204 1859 σαι
2229 1809 2341 1868 τοῖς
2365 1805 2643 1875 χαλεποῖς,
2678 1803 2728 1856 εί
2758 1804 2855 1856 καὶ
2885 1802 2960 1873 μὴ
2987 1802 3187 1872 ὁμοίως
3222 1802 3341 1864 τοῖς
3383 1799 3726 1870 προστιμῶ-

2110 1917 2197 1953 σιν
2220 1899 2462 1970 ἐχρῶντο
2485 1897 2625 1968 μηδὲ
2648 1897 2748 1958 τὰς
2775 1896 3026 1959 κολάσεις
3048 1895 3351 1965 ὑφίσταντο
3381 1894 3492 1957 τὰς
3524 1892 3725 1960 αὑτὰς,

2108 1993 2182 2056 ὡς
2214 1995 2333 2046 ἐκεῖ
2374 1992 2474 2059 μὲν
2504 1990 2786 2060 πολεμίων
2809 1990 2984 2043 ὄντων
3012 1989 3122 2043 τῶν
3157 1987 3602 2056 ἐπιτιθεμένων,
3634 1989 3725 2038 ἔνο

2110 2085 2289 2140 ταῦθα
2321 2084 2365 2137 δ’
2424 2084 2591 2149 ίδίων,
2626 2084 2788 2138 κάκεῖ
2833 2082 2934 2153 μὲν
2980 2084 3063 2145 είς
3096 2082 3256 2151 σῶμα
3288 2080 3395 2134 τοῦ
3458 2080 3721 2134 κινδύνου

2112 2177 2565 2249 περιισταμένου,
2586 2175 2822 2230 ἐνταῦθα
2834 2175 2889 2229 δὲ
2907 2176 3001 2229 καὶ
3014 2177 3093 2238 εἰς
3106 2175 3292 2245 ψυχὴν
3305 2174 3723 2238 διαϐαίνοντος.

2113 2270 2281 2323 Ἀλλά
2332 2269 2507 2322 ταῦτα
2558 2269 2657 2337 μὲν
2687 2269 2796 2337 ὅπη
2841 2265 2919 2336 τῷ
2950 2266 3070 2336 Θεῷ
3107 2267 3263 2334 φίλον
3299 2267 3568 2335 ἀγέσθω,
3603 2266 3718 2320 εἴθε

2113 2362 2171 2416 δὲ
2209 2379 2273 2432 γε
2302 2364 2398 2415 καὶ
2425 2362 2648 2432 ἄμεινον
2667 2376 2683 2392 ·
2716 2362 2850 2431 ἡμῖν
2883 2359 3093 2424 δἀῦθις
3115 2360 3310 2413 ἑκτέον
3347 2360 3467 2414 τῶν
3488 2360 3716 2430 ἐφεξῆς.

2116 2507 2353 2563 saretur,
2406 2499 2550 2553 haud
2600 2511 2724 2554 esse
2772 2497 3040 2554 indicium
3091 2506 3267 2553 aucta:
3329 2515 3489 2554 nunc
3543 2497 3721 2567 ipsius

2120 2593 2381 2647 maleficae
2431 2592 2757 2657 voluntatis,
2819 2590 2917 2645 sed
2965 2582 3091 2645 cum
3146 2589 3263 2658 pari
3323 2606 3553 2657 semper
3603 2591 3721 2659 ejus

2119 2694 2277 2739 atrox
2308 2685 2527 2740 animus
2555 2684 2907 2738 inclementia
2933 2682 3190 2747 ferretur,
3213 2683 3534 2737 cohibitum
3567 2682 3719 2735 illum

2120 2777 2526 2846 quadamtenus
2550 2785 2711 2831 antea
2740 2776 3030 2846 praesentia
3050 2763 3111 2830 ct
3135 2775 3374 2829 monitis
3399 2785 3718 2843 maguatum

2121 2872 2488 2940 plurimorum
2529 2870 2754 2940 propria
2785 2869 3076 2924 nobilitate
3124 2882 3188 2921 ac
3233 2869 3518 2935 principis
3559 2866 3722 2920 fami-

2124 2961 2247 3015 liari
2279 2960 2456 3029 gratia
2490 2960 2596 3029 ipsi
2635 2974 2856 3030 quoque
2902 2958 3271 3013 verendorum
3298 2975 3327 3024 ;
3361 2960 3560 3028 quales
3595 2971 3716 3013 cum

2126 3052 2288 3106 modo
2329 3068 2437 3106 non
2476 3051 2761 3112 adessent,
2796 3050 2993 3121 partim
3045 3057 3221 3103 morte
3253 3051 3556 3114 subtracti,
3595 3065 3719 3119 par-

2046 3148 2091 3207 (ζ
2127 3144 2220 3197 tim
2263 3144 2582 3198 voluntario
2635 3157 2857 3198 secessu
2889 3143 2996 3197 alio
3030 3143 3226 3205 delati,
3258 3145 3467 3212 partim
3502 3142 3717 3198 damnis

2126 3239 2371 3306 acceptis
2421 3237 2643 3292 alienati
2690 3252 2719 3291 a
2754 3238 3008 3306 principe
3056 3245 3473 3307 proptereaque
3521 3244 3717 3307 sponte

2127 3330 2252 3385 aula
2303 3338 2358 3384 et
2407 3331 2543 3384 urbe
2601 3329 2884 3398 digressi,
2928 3330 3044 3398 ipse
3084 3344 3229 3383 nunc
3286 3333 3492 3387 solutis
3541 3328 3716 3384 omnis

2126 3431 2413 3491 respectus
2452 3422 2684 3477 habenis
2734 3420 2907 3475 libere
2953 3429 3121 3474 totum
3171 3425 3474 3476 exserehat
3522 3422 3716 3473 innatze

2131 3513 2553 3568 inhumanitatis
2602 3512 2905 3577 feritatem,
2949 3514 3176 3567 nemine
3203 3513 3321 3576 jam
3355 3514 3448 3576 qui
3478 3510 3717 3566 auctori-

2130 3613 2242 3659 tate
2294 3604 2523 3673 polleret
2568 3603 2751 3671 aliqua
2794 3602 2862 3656 de
2899 3603 2983 3657 his
3018 3604 3382 3671 interpellare
3413 3605 3713 3672 Augustum

2131 3696 2389 3751 audente.
2426 3695 2621 3765 Itaque
2653 3696 2820 3758 sicut,
2847 3694 3006 3765 juxta
3036 3695 3307 3763 pupulare
3329 3696 3581 3756 verbum,
3611 3692 3713 3745 Deo

2131 3797 2385 3843 cessante
2416 3803 2480 3843 ac
2506 3790 2664 3858 quasi
2693 3787 3029 3844 dormitante
3061 3789 3322 3858 quaedam
3354 3798 3612 3855 aguntur,
3644 3786 3711 3839 ita

2133 3868 2281 3935 nunc
2309 3879 2546 3936 feriante
2570 3881 2997 3935 aC‘connivente
3027 3881 3281 3951 Augusto
3322 3882 3408 3936 hae
3435 3880 3586 3951 56]
3620 3877 3714 3932 im-

2132 3987 2280 4041 pune
2326 3986 2633 4041 secureque
2668 3971 3047 4028 immanitates
3106 3973 3549 4035 exercebantur,
3590 3983 3711 4039 spe—

2133 4064 2283 4116 cioso
2336 4063 2737 4118 commendatae
2791 4065 3023 4119 obtentu
3078 4067 3569 4133 exsequendarum
3623 4060 3712 4114 Dei

2126 4153 2614 4223 jnstiflcationum,
2647 4155 2851 4224 quibus
2885 4156 3002 4225 ipse
3038 4156 3131 4224 qui
3177 4157 3263 4211 sic
3295 4169 3511 4229 ageret,
3547 4166 3711 4220 quan-

2134 4247 2363 4309 tumvis,
2418 4255 2478 4301 ut
2533 4249 2723 4313 homo,
2782 4249 2954 4304 nihilo
3005 4264 3170 4320 quam
3224 4251 3491 4308 homines
3541 4245 3706 4304 caueri

2136 4338 2320 4392 minus
2337 4338 2636 4402 obnoxius,
2666 4339 2720 4393 itt
2747 4354 2806 4395 se
2834 4340 2954 4409 ipso
2986 4350 3165 4396 tamen
3192 4343 3428 4398 minime
3454 4350 3704 4397 uteretur.

2134 4428 2311 4499 Atque
2343 4430 2485 4484 hanc
2520 4431 2594 4485 illi
2622 4432 2843 4501 quidem
2878 4441 3103 4502 prepter
3133 4448 3363 4502 peccata
3394 4446 3579 4489 nostra
3611 4443 3706 4483 nos

2063 4507 2107 4562 ι)
2140 4524 2213 4575 ita
2262 4522 2626 4576 conculcandi
2678 4523 2957 4578 licentiam
2990 4540 3055 4578 ex
3087 4526 3200 4578 alto
3233 4539 3577 4591 concessam.
3605 4534 3705 4574 non

2135 4623 2220 4666 est
2251 4613 2504 4668 dubium.
2553 4613 2822 4668 Caeterum
2870 4616 2965 4683 qui
3014 4615 3081 4668 ad
3129 4617 3269 4671 alios
3305 4617 3707 4686 castigandosa
3810 4655 3813 4659 .

2137 4704 2248 4760 Deo
2283 4716 2541 4773 vocatur,
2581 4709 2774 4763 timeat
2810 4709 3189 4778 praejudicium
3222 4711 3447 4765 infamis
3477 4702 3711 4762 tttiniste-

2134 4800 2223 4863 rii,
2260 4804 2604 4869 peccantium
2638 4803 2693 4857 in
2731 4802 2903 4857 Deum
2933 4804 3361 4858 cruciandorum
3388 4821 3403 4869 ;
3431 4802 3624 4873 quippe
3645 4794 3706 4847 ad

2137 4892 2282 4961 quod
2322 4892 2402 4946 rei
2435 4895 2611 4947 solum
2644 4905 2698 4950 et
2730 4898 2883 4961 mali,
2912 4912 3022 4952 non
3063 4906 3246 4952 autem
3300 4897 3427 4951 boni
3471 4886 3706 4947 adhiberi

2139 4983 2317 5050 angeli
2342 4985 2757 5040 consueverint.
2788 4987 2990 5042 Verum
3026 4989 3106 5041 uti
3135 4996 3379 5058 apparet,
3415 4984 3466 5039 id
3491 4979 3709 5037 curabat

2140 5073 2281 5130 Deus
2328 5085 2389 5129 ut
2431 5076 2663 5131 Romani
2715 5094 2872 5148 mque
2906 5080 3252 5143 omnes,~imi
3286 5076 3508 5139 summi,
3546 5068 3710 5125 eccle-

2140 5168 2373 5231 siastici,
2433 5169 2599 5235 laici,
2652 5170 2799 5225 intra
2867 5173 3059 5226 urbem
3099 5181 3154 5227 et
3209 5182 3364 5227 extra
3418 5170 3707 5237 degentes.

2140 5259 2512 5326 plecterentur
2552 5260 2711 5316 malis
2746 5262 2800 5316 in
2830 5279 3033 5333 genere
3056 5263 3316 5318 dissimili
3359 5261 3448 5314 vix
3481 5250 3708 5322 disparis

2140 5354 2452 5423 gravitatis.
2512 5354 2642 5408 licet
2695 5353 2831 5410 foris
2885 5356 3107 5425 quidem
3160 5357 3274 5410 haec
3327 5354 3397 5408 ab
3445 5347 3706 5404 hostibus.

2142 5445 2291 5499 intus
2340 5461 2369 5498 a
2420 5446 2635 5500 civibus
2677 5447 3041 5512 inferrentur,
3073 5464 3219 5503 noxa
3248 5447 3364 5502 illic
3399 5444 3452 5497 in
3491 5444 3708 5503 ροτροτθ

2143 5538 2412 5605 luereute,
2437 5539 2526 5594 hic
2543 5539 2709 5594 etiam
2732 5550 3060 5612 penetrante
3081 5557 3258 5612 usque
3281 5535 3551 5590 adanima:
3590 5523 3708 5580 inti,

2144 5648 2317 5685 mum.
2336 5631 2439 5687 Sed
2461 5633 2564 5685 ista
2580 5649 2688 5703 quo
2712 5635 2819 5688 Deo
2840 5635 3019 5689 visum
3040 5635 3474 5704 fueritaguntor.
3498 5621 3703 5679 Utinam

2144 5734 2329 5780 autem
2358 5725 2710 5780 reﬂectantur
2732 5714 2784 5781 in
2813 5729 3028 5784 melius.
3056 5729 3252 5783 Nostra
3288 5735 3448 5795 porro
3464 5717 3708 5776 deinceps

2144 5816 2407 5873 reddatur
2429 5834 2596 5890 opera
2625 5820 2870 5891 reliquis,
2894 5834 3055 5893 prout
3084 5831 3210 5879 sunt
3231 5824 3377 5893 gesta
3399 5800 3716 5869 referendiso,
