  <div class='ocr_page' id='page_1' title='image "/cluster/home/n/w/nwhite01/storage/ocr_20150623/144:no.2/coo.31924054870492/317.png"; bbox 0 0 4046 6412; ppageno 0'>
   <div class='ocr_carea' id='block_1_1' title="bbox 434 327 656 442">
    <p class='ocr_par' dir='ltr' id='par_1_1' title="bbox 434 327 656 442">
     <span class='ocr_line' id='line_1_1' title="bbox 434 327 656 442; baseline -0.014 1"><span class='ocrx_word' id='word_1_1' title='bbox 434 327 439 331; x_wconf 56' lang='grc'><em>’</em></span> <span class='ocrx_word' id='word_1_2' title='bbox 532 375 656 442; x_wconf 71' lang='grc' dir='ltr'>-ειρ</span> 
     </span>
    </p>
   </div>
   <div class='ocr_carea' id='block_1_2' title="bbox 1773 381 2627 448">
    <p class='ocr_par' dir='ltr' id='par_1_2' title="bbox 1773 381 2627 448">
     <span class='ocr_line' id='line_1_2' title="bbox 1773 381 2627 448; baseline 0.005 -4"><span class='ocrx_word' id='word_1_3' title='bbox 1773 381 2105 445; x_wconf 70' lang='lat' dir='ltr'><strong>GEORGII</strong></span> <span class='ocrx_word' id='word_1_4' title='bbox 2150 381 2627 448; x_wconf 68' lang='lat' dir='ltr'><strong>PACHYMERAE</strong></span> 
     </span>
    </p>
   </div>
   <div class='ocr_carea' id='block_1_3' title="bbox 3692 399 3785 460">
    <p class='ocr_par' dir='ltr' id='par_1_3' title="bbox 3692 399 3785 460">
     <span class='ocr_line' id='line_1_3' title="bbox 3692 399 3785 460; baseline 0.022 -2"><span class='ocrx_word' id='word_1_5' title='bbox 3692 399 3785 460; x_wconf 72' lang='grc'><strong>620</strong></span> 
     </span>
    </p>
   </div>
   <div class='ocr_carea' id='block_1_4' title="bbox 535 499 3780 584">
    <p class='ocr_par' dir='ltr' id='par_1_4' title="bbox 535 499 3780 584">
     <span class='ocr_line' id='line_1_4' title="bbox 535 499 3780 584; baseline 0.004 -30"><span class='ocrx_word' id='word_1_6' title='bbox 535 501 592 555; x_wconf 73' lang='grc' dir='ltr'>δὲ</span> <span class='ocrx_word' id='word_1_7' title='bbox 616 501 711 554; x_wconf 76' lang='grc' dir='ltr'>καὶ</span> <span class='ocrx_word' id='word_1_8' title='bbox 745 499 1100 570; x_wconf 76' lang='grc' dir='ltr'>γραμματεὺς</span> <span class='ocrx_word' id='word_1_9' title='bbox 1131 500 1224 554; x_wconf 78' lang='grc' dir='ltr'>τοῦ</span> <span class='ocrx_word' id='word_1_10' title='bbox 1245 501 1542 574; x_wconf 79' lang='grc' dir='ltr'>Καίσαρος,</span> <span class='ocrx_word' id='word_1_11' title='bbox 1575 503 1828 566; x_wconf 74' lang='grc' dir='ltr'>Ἰάκωϐος</span> <span class='ocrx_word' id='word_1_12' title='bbox 1856 501 2119 572; x_wconf 74' lang='grc' dir='ltr'>τοῦνομα,</span> <span class='ocrx_word' id='word_1_13' title='bbox 2149 502 2202 562; x_wconf 82' lang='grc' dir='ltr'>Α</span> <span class='ocrx_word' id='word_1_14' title='bbox 2227 505 2631 575; x_wconf 76' lang='grc' dir='ltr'>κατελάμϐανε,</span> <span class='ocrx_word' id='word_1_15' title='bbox 2660 507 2752 562; x_wconf 74' lang='grc' dir='ltr'><strong>καὶ</strong></span> <span class='ocrx_word' id='word_1_16' title='bbox 2782 508 2877 560; x_wconf 70' lang='grc' dir='ltr'><strong>σὺν</strong></span> <span class='ocrx_word' id='word_1_17' title='bbox 2925 506 3074 578; x_wconf 79' lang='grc' dir='ltr'><strong>αὖτῷ</strong></span> <span class='ocrx_word' id='word_1_18' title='bbox 3111 507 3200 562; x_wconf 80' lang='grc' dir='ltr'>τὸν</span> <span class='ocrx_word' id='word_1_19' title='bbox 3227 508 3335 562; x_wconf 77' lang='grc' dir='ltr'>τῶν</span> <span class='ocrx_word' id='word_1_20' title='bbox 3386 509 3676 566; x_wconf 73' lang='grc' dir='ltr'>Λατινικῶν</span> <span class='ocrx_word' id='word_1_21' title='bbox 3704 516 3780 584; x_wconf 81' lang='grc' dir='ltr'>ἐρ-</span> 
     </span>
    </p>
   </div>
   <div class='ocr_carea' id='block_1_5' title="bbox 534 592 2120 664">
    <p class='ocr_par' dir='ltr' id='par_1_5' title="bbox 534 592 2120 664">
     <span class='ocr_line' id='line_1_5' title="bbox 534 592 2120 664; baseline 0 -18"><span class='ocrx_word' id='word_1_22' title='bbox 534 592 700 654; x_wconf 81' lang='grc' dir='ltr'>ἁλοὺς</span> <span class='ocrx_word' id='word_1_23' title='bbox 727 593 818 644; x_wconf 79' lang='grc' dir='ltr'><strong>ἐπὶ</strong></span> <span class='ocrx_word' id='word_1_24' title='bbox 849 592 1077 646; x_wconf 77' lang='grc' dir='ltr'><strong>Τενέδου</strong></span> <span class='ocrx_word' id='word_1_25' title='bbox 1103 593 1323 663; x_wconf 75' lang='grc' dir='ltr'>γραφὰς</span> <span class='ocrx_word' id='word_1_26' title='bbox 1358 598 1511 663; x_wconf 80' lang='grc' dir='ltr'>παρὰ</span> <span class='ocrx_word' id='word_1_27' title='bbox 1533 595 1657 658; x_wconf 82' lang='grc' dir='ltr'>τοὺς</span> <span class='ocrx_word' id='word_1_28' title='bbox 1685 595 1744 648; x_wconf 91' lang='grc' dir='ltr'><strong>ἐν</strong></span> <span class='ocrx_word' id='word_1_29' title='bbox 1775 595 1996 664; x_wconf 72' lang='grc' dir='ltr'>Σικελία</span> <span class='ocrx_word' id='word_1_30' title='bbox 2026 611 2120 646; x_wconf 79' lang='grc' dir='ltr'>κο·</span> 
     </span>
    </p>
   </div>
   <div class='ocr_carea' id='block_1_6' title="bbox 539 681 2123 754">
    <p class='ocr_par' dir='ltr' id='par_1_6' title="bbox 539 681 2123 754">
     <span class='ocr_line' id='line_1_6' title="bbox 539 681 2123 754; baseline 0.002 -19"><span class='ocrx_word' id='word_1_31' title='bbox 539 683 732 753; x_wconf 79' lang='grc' dir='ltr'>μίζων,</span> <span class='ocrx_word' id='word_1_32' title='bbox 767 681 828 734; x_wconf 87' lang='grc' dir='ltr'><strong>δν</strong></span> <span class='ocrx_word' id='word_1_33' title='bbox 850 683 1224 752; x_wconf 77' lang='grc' dir='ltr'>ἐπαναχθέντα</span> <span class='ocrx_word' id='word_1_34' title='bbox 1256 683 1394 753; x_wconf 81' lang='grc' dir='ltr'>πρὸς</span> <span class='ocrx_word' id='word_1_35' title='bbox 1422 683 1647 752; x_wconf 82' lang='grc' dir='ltr'><strong>βασιλέα</strong></span> <span class='ocrx_word' id='word_1_36' title='bbox 1674 684 1887 754; x_wconf 86' lang='grc' dir='ltr'><strong>βασιλεῖ</strong></span> <span class='ocrx_word' id='word_1_37' title='bbox 1915 684 2123 754; x_wconf 82' lang='grc' dir='ltr'>πληροο</span> 
     </span>
    </p>
   </div>
   <div class='ocr_carea' id='block_1_7' title="bbox 535 773 2120 849">
    <p class='ocr_par' dir='ltr' id='par_1_7' title="bbox 535 773 2120 849">
     <span class='ocr_line' id='line_1_7' title="bbox 535 773 2120 849; baseline 0.003 -23"><span class='ocrx_word' id='word_1_38' title='bbox 535 776 721 845; x_wconf 80' lang='grc' dir='ltr'><strong>φορεῖν</strong></span> <span class='ocrx_word' id='word_1_39' title='bbox 747 773 1079 842; x_wconf 78' lang='grc' dir='ltr'>ξυνέὗαινεν,</span> <span class='ocrx_word' id='word_1_40' title='bbox 1121 774 1206 848; x_wconf 86' lang='grc' dir='ltr'><strong>[Ρ.</strong></span> <span class='ocrx_word' id='word_1_41' title='bbox 1239 775 1368 849; x_wconf 73' lang='grc'><strong>594]</strong></span> <span class='ocrx_word' id='word_1_42' title='bbox 1400 775 1476 840; x_wconf 80' lang='grc' dir='ltr'><strong>ὡς</strong></span> <span class='ocrx_word' id='word_1_43' title='bbox 1510 777 1576 847; x_wconf 78' lang='grc' dir='ltr'>ἦν</span> <span class='ocrx_word' id='word_1_44' title='bbox 1624 777 1697 848; x_wconf 88' lang='grc' dir='ltr'><strong>μή</strong></span> <span class='ocrx_word' id='word_1_45' title='bbox 1734 793 1799 846; x_wconf 84' lang='grc' dir='ltr'><strong>γε</strong></span> <span class='ocrx_word' id='word_1_46' title='bbox 1841 778 1938 830; x_wconf 76' lang='grc' dir='ltr'>καὶ</span> <span class='ocrx_word' id='word_1_47' title='bbox 1968 777 2120 832; x_wconf 77' lang='grc' dir='ltr'>ἄλλοι</span> 
     </span>
    </p>
   </div>
   <div class='ocr_carea' id='block_1_8' title="bbox 533 851 2121 942">
    <p class='ocr_par' dir='ltr' id='par_1_8' title="bbox 533 851 2121 942">
     <span class='ocr_line' id='line_1_8' title="bbox 533 851 2121 942; baseline 0.004 -24"><span class='ocrx_word' id='word_1_48' title='bbox 533 851 888 936; x_wconf 74' lang='grc' dir='ltr'>προστεθεῖεν</span> <span class='ocrx_word' id='word_1_49' title='bbox 907 869 1060 937; x_wconf 79' lang='grc' dir='ltr'>σφίσι</span> <span class='ocrx_word' id='word_1_50' title='bbox 1088 870 1402 940; x_wconf 86' lang='grc' dir='ltr'>Σικελίηθεν</span> <span class='ocrx_word' id='word_1_51' title='bbox 1431 870 1783 941; x_wconf 79' lang='grc' dir='ltr'><strong>ἀναχθέντες,</strong></span> <span class='ocrx_word' id='word_1_52' title='bbox 1814 870 1912 933; x_wconf 70' lang='grc' dir='ltr'>τὰς</span> <span class='ocrx_word' id='word_1_53' title='bbox 1943 871 2121 942; x_wconf 74' lang='grc' dir='ltr'>ὁρμὰς</span> 
     </span>
    </p>
   </div>
   <div class='ocr_carea' id='block_1_9' title="bbox 532 958 2119 1032">
    <p class='ocr_par' dir='ltr' id='par_1_9' title="bbox 532 958 2119 1032">
     <span class='ocr_line' id='line_1_9' title="bbox 532 958 2119 1032; baseline 0.004 -23"><span class='ocrx_word' id='word_1_54' title='bbox 532 958 690 1010; x_wconf 82' lang='grc' dir='ltr'>αὐτοὶ</span> <span class='ocrx_word' id='word_1_55' title='bbox 719 959 1100 1029; x_wconf 78' lang='grc' dir='ltr'>ὑποκλὼμενοι</span> <span class='ocrx_word' id='word_1_56' title='bbox 1129 961 1339 1030; x_wconf 71' lang='grc' dir='ltr'>ἕτοιμοί</span> <span class='ocrx_word' id='word_1_57' title='bbox 1359 963 1502 1014; x_wconf 74' lang='grc' dir='ltr'>εἰσιν</span> <span class='ocrx_word' id='word_1_58' title='bbox 1529 962 1850 1032; x_wconf 82' lang='grc' dir='ltr'>εἰρηνεύειν.</span> <span class='ocrx_word' id='word_1_59' title='bbox 1883 963 1956 1021; x_wconf 72' lang='grc' dir='ltr'><strong>Ἰζὸ</strong></span> <span class='ocrx_word' id='word_1_60' title='bbox 1988 961 2119 1026; x_wconf 81' lang='grc' dir='ltr'>γοῦν</span> 
     </span>
    </p>
   </div>
   <div class='ocr_carea' id='block_1_10' title="bbox 531 1051 2120 1125">
    <p class='ocr_par' dir='ltr' id='par_1_10' title="bbox 531 1051 2120 1125">
     <span class='ocr_line' id='line_1_10' title="bbox 531 1051 2120 1125; baseline 0.003 -23"><span class='ocrx_word' id='word_1_61' title='bbox 531 1051 740 1104; x_wconf 84' lang='grc' dir='ltr'>ἐκεῖθεν</span> <span class='ocrx_word' id='word_1_62' title='bbox 779 1054 912 1105; x_wconf 75' lang='grc' dir='ltr'>ἰέναι</span> <span class='ocrx_word' id='word_1_63' title='bbox 937 1055 1108 1117; x_wconf 73' lang='grc' dir='ltr'>τινὰς.</span> <span class='ocrx_word' id='word_1_64' title='bbox 1142 1055 1265 1107; x_wconf 83' lang='grc' dir='ltr'>ὅσον</span> <span class='ocrx_word' id='word_1_65' title='bbox 1293 1055 1356 1107; x_wconf 79' lang='grc' dir='ltr'><strong>τὸ</strong></span> <span class='ocrx_word' id='word_1_66' title='bbox 1387 1056 1477 1124; x_wconf 79' lang='grc' dir='ltr'><strong>ἀφ’</strong></span> <span class='ocrx_word' id='word_1_67' title='bbox 1500 1053 1697 1108; x_wconf 82' lang='grc' dir='ltr'>ἑαυτοῦ</span> <span class='ocrx_word' id='word_1_68' title='bbox 1728 1055 2120 1125; x_wconf 84' lang='grc' dir='ltr'><strong>συνεργοῦντος</strong></span> 
     </span>
    </p>
   </div>
   <div class='ocr_carea' id='block_1_11' title="bbox 531 1141 2116 1213">
    <p class='ocr_par' dir='ltr' id='par_1_11' title="bbox 531 1141 2116 1213">
     <span class='ocr_line' id='line_1_11' title="bbox 531 1141 2116 1213; baseline 0.003 -19"><span class='ocrx_word' id='word_1_69' title='bbox 531 1143 581 1195; x_wconf 75' lang='grc' dir='ltr'>εἰ</span> <span class='ocrx_word' id='word_1_70' title='bbox 607 1143 887 1213; x_wconf 82' lang='grc' dir='ltr'>ἐπισταίη,</span> <span class='ocrx_word' id='word_1_71' title='bbox 919 1144 1139 1207; x_wconf 82' lang='grc' dir='ltr'>ἁλόντος</span> <span class='ocrx_word' id='word_1_72' title='bbox 1170 1144 1564 1213; x_wconf 78' lang='grc' dir='ltr'>ἀνακεκόςρθαι.</span> <span class='ocrx_word' id='word_1_73' title='bbox 1604 1141 1757 1198; x_wconf 83' lang='grc' dir='ltr'><strong>Εἶναι</strong></span> <span class='ocrx_word' id='word_1_74' title='bbox 1788 1144 1834 1196; x_wconf 90' lang='grc' dir='ltr'>δ’</span> <span class='ocrx_word' id='word_1_75' title='bbox 1866 1144 2116 1198; x_wconf 77' lang='grc' dir='ltr'>ἐντεῦθεν</span> 
     </span>
    </p>
   </div>
   <div class='ocr_carea' id='block_1_12' title="bbox 527 1235 2117 1306">
    <p class='ocr_par' dir='ltr' id='par_1_12' title="bbox 527 1235 2117 1306">
     <span class='ocr_line' id='line_1_12' title="bbox 527 1235 2117 1306; baseline 0.001 -19"><span class='ocrx_word' id='word_1_76' title='bbox 527 1235 753 1305; x_wconf 71' lang='grc' dir='ltr'>εὐχερὲς</span> <span class='ocrx_word' id='word_1_77' title='bbox 781 1236 979 1300; x_wconf 77' lang='grc' dir='ltr'>αὐτοὺς</span> <span class='ocrx_word' id='word_1_78' title='bbox 1021 1237 1298 1305; x_wconf 74' lang='grc' dir='ltr'>μετελθεῖν</span> <span class='ocrx_word' id='word_1_79' title='bbox 1327 1236 1505 1290; x_wconf 76' lang='grc' dir='ltr'>καὶτὸ</span> <span class='ocrx_word' id='word_1_80' title='bbox 1528 1239 1629 1306; x_wconf 80' lang='grc' dir='ltr'>τῆς</span> <span class='ocrx_word' id='word_1_81' title='bbox 1656 1236 1880 1306; x_wconf 74' lang='grc' dir='ltr'>εἰρήνης</span> <span class='ocrx_word' id='word_1_82' title='bbox 1916 1235 2117 1305; x_wconf 78' lang='grc' dir='ltr'>προϐε-</span> 
     </span>
    </p>
   </div>
   <div class='ocr_carea' id='block_1_13' title="bbox 529 1326 2110 1400">
    <p class='ocr_par' dir='ltr' id='par_1_13' title="bbox 529 1326 2110 1400">
     <span class='ocr_line' id='line_1_13' title="bbox 529 1326 2110 1400; baseline 0 -20"><span class='ocrx_word' id='word_1_83' title='bbox 529 1326 760 1397; x_wconf 63' lang='grc' dir='ltr'>σλῆσθαι</span> <span class='ocrx_word' id='word_1_84' title='bbox 794 1328 981 1398; x_wconf 81' lang='grc' dir='ltr'>σχῆμα</span> <span class='ocrx_word' id='word_1_85' title='bbox 1007 1328 1221 1400; x_wconf 85' lang='grc' dir='ltr'>βασιλεῖ</span> <span class='ocrx_word' id='word_1_86' title='bbox 1242 1329 1312 1383; x_wconf 75' lang='grc' dir='ltr'>τὰ</span> <span class='ocrx_word' id='word_1_87' title='bbox 1365 1328 1440 1400; x_wconf 78' lang='grc' dir='ltr'><strong>μὴ</strong></span> <span class='ocrx_word' id='word_1_88' title='bbox 1473 1329 1688 1400; x_wconf 81' lang='grc' dir='ltr'><strong>μάχιμα</strong></span> <span class='ocrx_word' id='word_1_89' title='bbox 1716 1327 2073 1394; x_wconf 82' lang='grc' dir='ltr'>ἐπαγέλλοντι</span> <span class='ocrx_word' id='word_1_90' title='bbox 2096 1346 2110 1360; x_wconf 77' lang='grc' dir='ltr'><strong><em>ο</em></strong></span> 
     </span>
    </p>
   </div>
   <div class='ocr_carea' id='block_1_14' title="bbox 528 1420 2114 1492">
    <p class='ocr_par' dir='ltr' id='par_1_14' title="bbox 528 1420 2114 1492">
     <span class='ocr_line' id='line_1_14' title="bbox 528 1420 2114 1492; baseline 0 -21"><span class='ocrx_word' id='word_1_91' title='bbox 528 1420 770 1489; x_wconf 76' lang='grc' dir='ltr'><strong>πέμπειν</strong></span> <span class='ocrx_word' id='word_1_92' title='bbox 798 1421 861 1473; x_wconf 68' lang='grc' dir='ltr'><strong>’δὲ</strong></span> <span class='ocrx_word' id='word_1_93' title='bbox 883 1421 1011 1484; x_wconf 76' lang='grc' dir='ltr'>τοὺς</span> <span class='ocrx_word' id='word_1_94' title='bbox 1037 1421 1264 1485; x_wconf 84' lang='grc' dir='ltr'>πιστοὺς</span> <span class='ocrx_word' id='word_1_95' title='bbox 1294 1422 1350 1483; x_wconf 86' lang='grc' dir='ltr'><strong>ἐς</strong></span> <span class='ocrx_word' id='word_1_96' title='bbox 1380 1420 1450 1474; x_wconf 75' lang='grc' dir='ltr'>τὰ</span> <span class='ocrx_word' id='word_1_97' title='bbox 1483 1422 1719 1492; x_wconf 78' lang='grc' dir='ltr'>μάλιστα</span> <span class='ocrx_word' id='word_1_98' title='bbox 1747 1421 1902 1490; x_wconf 65' lang='grc' dir='ltr'>σφίσι</span> <span class='ocrx_word' id='word_1_99' title='bbox 1930 1421 2114 1485; x_wconf 76' lang='grc' dir='ltr'>δόξαν·</span> 
     </span>
    </p>
   </div>
   <div class='ocr_carea' id='block_1_15' title="bbox 524 1505 2110 1583">
    <p class='ocr_par' dir='ltr' id='par_1_15' title="bbox 524 1505 2110 1583">
     <span class='ocr_line' id='line_1_15' title="bbox 524 1505 2110 1583; baseline 0.002 -19"><span class='ocrx_word' id='word_1_100' title='bbox 524 1524 646 1576; x_wconf 80' lang='grc' dir='ltr'>τας,</span> <span class='ocrx_word' id='word_1_101' title='bbox 671 1513 763 1564; x_wconf 73' lang='grc' dir='ltr'>καὶ</span> <span class='ocrx_word' id='word_1_102' title='bbox 794 1505 876 1575; x_wconf 72' lang='grc' dir='ltr'>οἷς</span> <span class='ocrx_word' id='word_1_103' title='bbox 900 1510 967 1582; x_wconf 85' lang='grc' dir='ltr'>ἦν</span> <span class='ocrx_word' id='word_1_104' title='bbox 1001 1513 1077 1576; x_wconf 86' lang='grc' dir='ltr'>ὡς</span> <span class='ocrx_word' id='word_1_105' title='bbox 1105 1513 1310 1582; x_wconf 72' lang='grc' dir='ltr'>ἥκιστα</span> <span class='ocrx_word' id='word_1_106' title='bbox 1333 1512 1716 1581; x_wconf 73' lang='grc' dir='ltr'><strong>διαψεύδεσθαι</strong></span> <span class='ocrx_word' id='word_1_107' title='bbox 1750 1513 2110 1583; x_wconf 77' lang='grc' dir='ltr'><strong>ὑπειλῆφθαι.</strong></span> 
     </span>
    </p>
   </div>
   <div class='ocr_carea' id='block_1_16' title="bbox 527 1604 2113 1676">
    <p class='ocr_par' dir='ltr' id='par_1_16' title="bbox 527 1604 2113 1676">
     <span class='ocr_line' id='line_1_16' title="bbox 527 1604 2113 1676; baseline -0.001 -18"><span class='ocrx_word' id='word_1_108' title='bbox 527 1604 692 1658; x_wconf 73' lang='grc' dir='ltr'><strong>Ταῦτ’</strong></span> <span class='ocrx_word' id='word_1_109' title='bbox 722 1605 830 1676; x_wconf 68' lang='grc' dir='ltr'><strong>ἄρα</strong></span> <span class='ocrx_word' id='word_1_110' title='bbox 854 1607 950 1659; x_wconf 64' lang='grc' dir='ltr'>καὶ</span> <span class='ocrx_word' id='word_1_111' title='bbox 989 1605 1201 1675; x_wconf 83' lang='grc' dir='ltr'>βασιλεῖ</span> <span class='ocrx_word' id='word_1_112' title='bbox 1228 1606 1354 1668; x_wconf 83' lang='grc' dir='ltr'>τοὺς</span> <span class='ocrx_word' id='word_1_113' title='bbox 1378 1604 1576 1675; x_wconf 74' lang='grc' dir='ltr'>λόγους</span> <span class='ocrx_word' id='word_1_114' title='bbox 1614 1605 2028 1675; x_wconf 64' lang='grc' dir='ltr'><strong>ἀποδειξαμένῳ,</strong></span> <span class='ocrx_word' id='word_1_115' title='bbox 2053 1604 2113 1657; x_wconf 83' lang='grc' dir='ltr'><strong>τὸ</strong></span> 
     </span>
    </p>
   </div>
   <div class='ocr_carea' id='block_1_17' title="bbox 529 1694 2112 1768">
    <p class='ocr_par' dir='ltr' id='par_1_17' title="bbox 529 1694 2112 1768">
     <span class='ocr_line' id='line_1_17' title="bbox 529 1694 2112 1768; baseline -0.002 -17"><span class='ocrx_word' id='word_1_116' title='bbox 529 1698 625 1767; x_wconf 83' lang='grc' dir='ltr'>μὲν</span> <span class='ocrx_word' id='word_1_117' title='bbox 655 1698 801 1766; x_wconf 83' lang='grc' dir='ltr'>αὐτῷ</span> <span class='ocrx_word' id='word_1_118' title='bbox 857 1697 1194 1751; x_wconf 69' lang='grc' dir='ltr'>ἐπιστέλλειν</span> <span class='ocrx_word' id='word_1_119' title='bbox 1225 1698 1294 1751; x_wconf 82' lang='grc' dir='ltr'>τὰ</span> <span class='ocrx_word' id='word_1_120' title='bbox 1328 1694 1430 1768; x_wconf 86' lang='grc' dir='ltr'>τῆς</span> <span class='ocrx_word' id='word_1_121' title='bbox 1486 1698 1712 1768; x_wconf 71' lang='grc' dir='ltr'>εἰρήνης</span> <span class='ocrx_word' id='word_1_122' title='bbox 1766 1695 1984 1766; x_wconf 76' lang='grc' dir='ltr'>σύναμα</span> <span class='ocrx_word' id='word_1_123' title='bbox 2018 1695 2112 1748; x_wconf 75' lang='grc' dir='ltr'>καὶ</span> 
     </span>
    </p>
   </div>
   <div class='ocr_carea' id='block_1_18' title="bbox 517 1788 2111 1860">
    <p class='ocr_par' dir='ltr' id='par_1_18' title="bbox 517 1788 2111 1860">
     <span class='ocr_line' id='line_1_18' title="bbox 517 1788 2111 1860; baseline -0.002 -17"><span class='ocrx_word' id='word_1_124' title='bbox 517 1788 703 1851; x_wconf 78' lang='grc' dir='ltr'>’ἄλλοις</span> <span class='ocrx_word' id='word_1_125' title='bbox 728 1789 1283 1860; x_wconf 78' lang='grc' dir='ltr'>διαπρεσῦεύσασθαι,</span> <span class='ocrx_word' id='word_1_126' title='bbox 1312 1791 1436 1844; x_wconf 80' lang='grc' dir='ltr'>ὅσον</span> <span class='ocrx_word' id='word_1_127' title='bbox 1469 1790 1578 1842; x_wconf 83' lang='grc' dir='ltr'>τῶν</span> <span class='ocrx_word' id='word_1_128' title='bbox 1607 1790 1894 1856; x_wconf 77' lang='grc' dir='ltr'>όνηῖστων,</span> <span class='ocrx_word' id='word_1_129' title='bbox 1923 1788 2111 1840; x_wconf 73' lang='grc' dir='ltr'>τοσοῦ-</span> 
     </span>
    </p>
   </div>
   <div class='ocr_carea' id='block_1_19' title="bbox 521 1880 2109 1952">
    <p class='ocr_par' dir='ltr' id='par_1_19' title="bbox 521 1880 2109 1952">
     <span class='ocr_line' id='line_1_19' title="bbox 521 1880 2109 1952; baseline -0.002 -20"><span class='ocrx_word' id='word_1_130' title='bbox 521 1897 612 1933; x_wconf 87' lang='grc' dir='ltr'><strong>τον</strong></span> <span class='ocrx_word' id='word_1_131' title='bbox 645 1882 745 1933; x_wconf 78' lang='grc' dir='ltr'>οὐκ</span> <span class='ocrx_word' id='word_1_132' title='bbox 775 1882 1035 1950; x_wconf 76' lang='grc' dir='ltr'>ἐχέγγυον</span> <span class='ocrx_word' id='word_1_133' title='bbox 1057 1883 1121 1934; x_wconf 83' lang='grc' dir='ltr'><strong>ἐκ</strong></span> <span class='ocrx_word' id='word_1_134' title='bbox 1143 1883 1241 1951; x_wconf 82' lang='grc' dir='ltr'><strong>τῆς</strong></span> <span class='ocrx_word' id='word_1_135' title='bbox 1271 1883 1407 1952; x_wconf 76' lang='grc' dir='ltr'>πρὸς</span> <span class='ocrx_word' id='word_1_136' title='bbox 1436 1881 1496 1936; x_wconf 81' lang='grc' dir='ltr'><strong>τὸ</strong></span> <span class='ocrx_word' id='word_1_137' title='bbox 1519 1882 1673 1950; x_wconf 80' lang='grc' dir='ltr'>γένος</span> <span class='ocrx_word' id='word_1_138' title='bbox 1697 1880 1745 1934; x_wconf 71' lang='grc' dir='ltr'>οἱ</span> <span class='ocrx_word' id='word_1_139' title='bbox 1775 1880 2109 1947; x_wconf 82' lang='grc' dir='ltr'>οἰκειότητος</span> 
     </span>
    </p>
   </div>
   <div class='ocr_carea' id='block_1_20' title="bbox 522 1955 2112 2044">
    <p class='ocr_par' dir='ltr' id='par_1_20' title="bbox 522 1955 2112 2044">
     <span class='ocr_line' id='line_1_20' title="bbox 522 1955 2112 2044; baseline -0.002 -18"><span class='ocrx_word' id='word_1_140' title='bbox 522 1977 901 2044; x_wconf 77' lang='grc' dir='ltr'>κατεφαίνετο,</span> <span class='ocrx_word' id='word_1_141' title='bbox 925 1955 1104 2038; x_wconf 74' lang='grc' dir='ltr'>ἄλλως</span> <span class='ocrx_word' id='word_1_142' title='bbox 1132 1975 1187 2029; x_wconf 83' lang='grc' dir='ltr'>δὲ</span> <span class='ocrx_word' id='word_1_143' title='bbox 1215 1975 1284 2028; x_wconf 72' lang='grc' dir='ltr'>τὰ</span> <span class='ocrx_word' id='word_1_144' title='bbox 1311 1975 1410 2043; x_wconf 84' lang='grc' dir='ltr'>τῆς</span> <span class='ocrx_word' id='word_1_145' title='bbox 1445 1975 1672 2043; x_wconf 78' lang='grc' dir='ltr'><strong>γνώμης</strong></span> <span class='ocrx_word' id='word_1_146' title='bbox 1701 1973 2112 2038; x_wconf 58' lang='grc' dir='ltr'>καταςξαλισα-</span> 
     </span>
    </p>
   </div>
   <div class='ocr_carea' id='block_1_21' title="bbox 515 2063 2112 2138">
    <p class='ocr_par' dir='ltr' id='par_1_21' title="bbox 515 2063 2112 2138">
     <span class='ocr_line' id='line_1_21' title="bbox 515 2063 2112 2138; baseline -0.004 -18"><span class='ocrx_word' id='word_1_147' title='bbox 515 2067 711 2137; x_wconf 69' lang='grc' dir='ltr'>μένου,</span> <span class='ocrx_word' id='word_1_148' title='bbox 746 2067 900 2121; x_wconf 74' lang='grc' dir='ltr'>οὐδὲν</span> <span class='ocrx_word' id='word_1_149' title='bbox 939 2067 1191 2138; x_wconf 86' lang='grc' dir='ltr'>ἐμποδὼν</span> <span class='ocrx_word' id='word_1_150' title='bbox 1216 2067 1529 2130; x_wconf 76' lang='grc' dir='ltr'>ὑπετόπςιζε</span> <span class='ocrx_word' id='word_1_151' title='bbox 1559 2065 1637 2137; x_wconf 81' lang='grc' dir='ltr'><strong>τῷ</strong></span> <span class='ocrx_word' id='word_1_152' title='bbox 1661 2063 1870 2128; x_wconf 82' lang='grc' dir='ltr'>τούτοις</span> <span class='ocrx_word' id='word_1_153' title='bbox 1902 2065 2112 2132; x_wconf 79' lang='grc' dir='ltr'>ἐπιχει-</span> 
     </span>
    </p>
   </div>
   <div class='ocr_carea' id='block_1_22' title="bbox 523 2156 2182 2233">
    <p class='ocr_par' dir='ltr' id='par_1_22' title="bbox 523 2156 2182 2233">
     <span class='ocr_line' id='line_1_22' title="bbox 523 2156 2182 2233; baseline -0.003 -22"><span class='ocrx_word' id='word_1_154' title='bbox 523 2161 638 2228; x_wconf 75' lang='grc' dir='ltr'>ρεῖν</span> <span class='ocrx_word' id='word_1_155' title='bbox 666 2159 833 2212; x_wconf 77' lang='grc' dir='ltr'>αὐτοῦ</span> <span class='ocrx_word' id='word_1_156' title='bbox 879 2172 954 2229; x_wconf 74' lang='grc' dir='ltr'>γε</span> <span class='ocrx_word' id='word_1_157' title='bbox 979 2159 1397 2230; x_wconf 76' lang='grc' dir='ltr'>πρεσϐεύοντος.</span> <span class='ocrx_word' id='word_1_158' title='bbox 1431 2157 1596 2210; x_wconf 83' lang='grc' dir='ltr'>Ὅθεν</span> <span class='ocrx_word' id='word_1_159' title='bbox 1630 2156 1726 2208; x_wconf 72' lang='grc' dir='ltr'>καὶ</span> <span class='ocrx_word' id='word_1_160' title='bbox 1757 2159 1941 2228; x_wconf 83' lang='grc' dir='ltr'>ὅρκοις</span> <span class='ocrx_word' id='word_1_161' title='bbox 1978 2167 2111 2225; x_wconf 82' lang='grc' dir='ltr'>προ·</span> <span class='ocrx_word' id='word_1_162' title='bbox 2177 2227 2182 2233; x_wconf 25' lang='grc' dir='ltr'><strong><em>ι</em></strong></span> 
     </span>
    </p>
   </div>
   <div class='ocr_carea' id='block_1_23' title="bbox 523 2263 2105 2341">
    <p class='ocr_par' dir='ltr' id='par_1_23' title="bbox 523 2263 2105 2341">
     <span class='ocr_line' id='line_1_23' title="bbox 523 2263 2105 2341; baseline -0.003 -16"><span class='ocrx_word' id='word_1_163' title='bbox 523 2284 625 2325; x_wconf 88' lang='lat' dir='ltr'><strong>nec</strong></span> <span class='ocrx_word' id='word_1_164' title='bbox 661 2271 776 2327; x_wconf 84' lang='lat' dir='ltr'><strong>suis</strong></span> <span class='ocrx_word' id='word_1_165' title='bbox 810 2273 1174 2341; x_wconf 55' lang='lat' dir='ltr'>praesentibus</span> <span class='ocrx_word' id='word_1_166' title='bbox 1206 2273 1370 2328; x_wconf 83' lang='lat' dir='ltr'><strong>fidere</strong></span> <span class='ocrx_word' id='word_1_167' title='bbox 1402 2273 1610 2327; x_wconf 88' lang='lat' dir='ltr'>viribus</span> <span class='ocrx_word' id='word_1_168' title='bbox 1637 2271 1789 2338; x_wconf 88' lang='lat' dir='ltr'><strong>satis,</strong></span> <span class='ocrx_word' id='word_1_169' title='bbox 1829 2263 2105 2325; x_wconf 85' lang='lat' dir='ltr'><strong>utbellum</strong></span> 
     </span>
    </p>
   </div>
   <div class='ocr_carea' id='block_1_24' title="bbox 521 2361 2111 2434">
    <p class='ocr_par' dir='ltr' id='par_1_24' title="bbox 521 2361 2111 2434">
     <span class='ocr_line' id='line_1_24' title="bbox 521 2361 2111 2434; baseline -0.001 -19"><span class='ocrx_word' id='word_1_170' title='bbox 521 2377 551 2415; x_wconf 90' lang='lat' dir='ltr'><strong>a</strong></span> <span class='ocrx_word' id='word_1_171' title='bbox 584 2361 848 2418; x_wconf 74' lang='lat' dir='ltr'><strong>Romanis</strong></span> <span class='ocrx_word' id='word_1_172' title='bbox 874 2364 1148 2419; x_wconf 84' lang='lat' dir='ltr'><strong>sustinere</strong></span> <span class='ocrx_word' id='word_1_173' title='bbox 1181 2379 1241 2419; x_wconf 89' lang='lat' dir='ltr'>se</span> <span class='ocrx_word' id='word_1_174' title='bbox 1268 2365 1550 2419; x_wconf 82' lang='lat' dir='ltr'><strong>confidant</strong></span> <span class='ocrx_word' id='word_1_175' title='bbox 1589 2376 1779 2434; x_wconf 83' lang='lat' dir='ltr'>posse,</span> <span class='ocrx_word' id='word_1_176' title='bbox 1847 2363 1947 2416; x_wconf 82' lang='lat' dir='ltr'><strong>nisi</strong></span> <span class='ocrx_word' id='word_1_177' title='bbox 2012 2375 2111 2415; x_wconf 79' lang='lat' dir='ltr'><strong>ex-</strong></span> 
     </span>
    </p>
   </div>
   <div class='ocr_carea' id='block_1_25' title="bbox 523 2453 2103 2526">
    <p class='ocr_par' dir='ltr' id='par_1_25' title="bbox 523 2453 2103 2526">
     <span class='ocr_line' id='line_1_25' title="bbox 523 2453 2103 2526; baseline -0.002 -17"><span class='ocrx_word' id='word_1_178' title='bbox 523 2457 692 2511; x_wconf 87' lang='lat' dir='ltr'>ternis</span> <span class='ocrx_word' id='word_1_179' title='bbox 723 2457 944 2511; x_wconf 79' lang='lat' dir='ltr'><strong>auxiliis</strong></span> <span class='ocrx_word' id='word_1_180' title='bbox 981 2459 1329 2523; x_wconf 79' lang='lat' dir='ltr'><strong>roborentur;</strong></span> <span class='ocrx_word' id='word_1_181' title='bbox 1384 2457 1565 2526; x_wconf 80' lang='lat' dir='ltr'><strong>qualia</strong></span> <span class='ocrx_word' id='word_1_182' title='bbox 1617 2473 1741 2511; x_wconf 90' lang='lat' dir='ltr'><strong>cum</strong></span> <span class='ocrx_word' id='word_1_183' title='bbox 1805 2473 1834 2511; x_wconf 90' lang='lat' dir='ltr'><strong>e</strong></span> <span class='ocrx_word' id='word_1_184' title='bbox 1896 2453 2103 2518; x_wconf 62' lang='lat' dir='ltr'><strong>Sicilia,</strong></span> 
     </span>
    </p>
   </div>
   <div class='ocr_carea' id='block_1_26' title="bbox 524 2549 2107 2618">
    <p class='ocr_par' dir='ltr' id='par_1_26' title="bbox 524 2549 2107 2618">
     <span class='ocr_line' id='line_1_26' title="bbox 524 2549 2107 2618; baseline -0.001 -16"><span class='ocrx_word' id='word_1_185' title='bbox 524 2549 667 2603; x_wconf 87' lang='lat' dir='ltr'><strong>unde</strong></span> <span class='ocrx_word' id='word_1_186' title='bbox 701 2552 994 2618; x_wconf 73' lang='lat' dir='ltr'><strong>petieram,</strong></span> <span class='ocrx_word' id='word_1_187' title='bbox 1032 2551 1338 2618; x_wconf 89' lang='lat' dir='ltr'><strong>intercepto</strong></span> <span class='ocrx_word' id='word_1_188' title='bbox 1396 2551 1526 2604; x_wconf 75' lang='lat' dir='ltr'>illuc</span> <span class='ocrx_word' id='word_1_189' title='bbox 1587 2552 1756 2603; x_wconf 86' lang='lat' dir='ltr'>misso</span> <span class='ocrx_word' id='word_1_190' title='bbox 1811 2557 2107 2602; x_wconf 87' lang='lat' dir='ltr'><strong>tractatore</strong></span> 
     </span>
    </p>
   </div>
   <div class='ocr_carea' id='block_1_27' title="bbox 522 2639 2106 2708">
    <p class='ocr_par' dir='ltr' id='par_1_27' title="bbox 522 2639 2106 2708">
     <span class='ocr_line' id='line_1_27' title="bbox 522 2639 2106 2708; baseline 0.001 -19"><span class='ocrx_word' id='word_1_191' title='bbox 522 2652 630 2689; x_wconf 87' lang='lat' dir='ltr'><strong>non</strong></span> <span class='ocrx_word' id='word_1_192' title='bbox 662 2646 1079 2706; x_wconf 82' lang='lat' dir='ltr'>exspectaturos</span> <span class='ocrx_word' id='word_1_193' title='bbox 1111 2639 1262 2707; x_wconf 90' lang='lat' dir='ltr'>ipsos</span> <span class='ocrx_word' id='word_1_194' title='bbox 1320 2639 1619 2694; x_wconf 83' lang='lat' dir='ltr'><strong>verisimile</strong></span> <span class='ocrx_word' id='word_1_195' title='bbox 1680 2641 1774 2702; x_wconf 87' lang='lat' dir='ltr'><strong>sit,</strong></span> <span class='ocrx_word' id='word_1_196' title='bbox 1841 2652 2106 2708; x_wconf 78' lang='lat' dir='ltr'><strong>apparere</strong></span> 
     </span>
    </p>
   </div>
   <div class='ocr_carea' id='block_1_28' title="bbox 521 2728 2107 2798">
    <p class='ocr_par' dir='ltr' id='par_1_28' title="bbox 521 2728 2107 2798">
     <span class='ocr_line' id='line_1_28' title="bbox 521 2728 2107 2798; baseline -0.001 -16"><span class='ocrx_word' id='word_1_197' title='bbox 521 2743 628 2782; x_wconf 90' lang='lat' dir='ltr'>non</span> <span class='ocrx_word' id='word_1_198' title='bbox 657 2729 865 2784; x_wconf 83' lang='lat' dir='ltr'><strong>alienos</strong></span> <span class='ocrx_word' id='word_1_199' title='bbox 894 2745 921 2782; x_wconf 87' lang='lat' dir='ltr'><strong>a</strong></span> <span class='ocrx_word' id='word_1_200' title='bbox 954 2730 1202 2784; x_wconf 84' lang='lat' dir='ltr'><strong>consiliis</strong></span> <span class='ocrx_word' id='word_1_201' title='bbox 1231 2733 1381 2798; x_wconf 84' lang='lat' dir='ltr'>pacis</span> <span class='ocrx_word' id='word_1_202' title='bbox 1414 2728 1548 2783; x_wconf 79' lang='lat' dir='ltr'><strong>fore.</strong></span> <span class='ocrx_word' id='word_1_203' title='bbox 1583 2729 1757 2794; x_wconf 86' lang='lat' dir='ltr'><strong>Quam</strong></span> <span class='ocrx_word' id='word_1_204' title='bbox 1794 2730 1844 2781; x_wconf 91' lang='lat' dir='ltr'><strong>in</strong></span> <span class='ocrx_word' id='word_1_205' title='bbox 1889 2738 2107 2782; x_wconf 87' lang='lat' dir='ltr'><strong>senten-</strong></span> 
     </span>
    </p>
   </div>
   <div class='ocr_carea' id='block_1_29' title="bbox 521 2811 2105 2892">
    <p class='ocr_par' dir='ltr' id='par_1_29' title="bbox 521 2811 2105 2892">
     <span class='ocr_line' id='line_1_29' title="bbox 521 2811 2105 2892; baseline -0.001 -20"><span class='ocrx_word' id='word_1_206' title='bbox 521 2821 653 2874; x_wconf 91' lang='lat' dir='ltr'>tiam</span> <span class='ocrx_word' id='word_1_207' title='bbox 692 2811 1219 2890; x_wconf 40' lang='lat' dir='ltr'><strong>Augustum&#39;Jacobi</strong></span> <span class='ocrx_word' id='word_1_208' title='bbox 1246 2837 1467 2892; x_wconf 86' lang='lat' dir='ltr'><strong>quoque</strong></span> <span class='ocrx_word' id='word_1_209' title='bbox 1500 2821 1689 2891; x_wconf 84' lang='lat' dir='ltr'><strong>hujus,</strong></span> <span class='ocrx_word' id='word_1_210' title='bbox 1742 2822 1934 2875; x_wconf 92' lang='lat' dir='ltr'>intime</span> <span class='ocrx_word' id='word_1_211' title='bbox 1965 2837 2105 2874; x_wconf 85' lang='lat' dir='ltr'><strong>cun-</strong></span> 
     </span>
    </p>
   </div>
   <div class='ocr_carea' id='block_1_30' title="bbox 518 2911 2102 2984">
    <p class='ocr_par' dir='ltr' id='par_1_30' title="bbox 518 2911 2102 2984">
     <span class='ocr_line' id='line_1_30' title="bbox 518 2911 2102 2984; baseline -0.002 -17"><span class='ocrx_word' id='word_1_212' title='bbox 518 2913 813 2968; x_wconf 87' lang='lat' dir='ltr'>sciistatus</span> <span class='ocrx_word' id='word_1_213' title='bbox 845 2915 1117 2984; x_wconf 91' lang='lat' dir='ltr'><strong>ipsorum,</strong></span> <span class='ocrx_word' id='word_1_214' title='bbox 1148 2915 1444 2968; x_wconf 83' lang='lat' dir='ltr'><strong>affirmatio</strong></span> <span class='ocrx_word' id='word_1_215' title='bbox 1483 2915 1751 2978; x_wconf 76' lang='lat' dir='ltr'><strong>trahebat,</strong></span> <span class='ocrx_word' id='word_1_216' title='bbox 1774 2913 1972 2966; x_wconf 82' lang='lat' dir='ltr'>aientis</span> <span class='ocrx_word' id='word_1_217' title='bbox 1998 2911 2102 2966; x_wconf 84' lang='lat' dir='ltr'>sibi</span> 
     </span>
    </p>
   </div>
   <div class='ocr_carea' id='block_1_31' title="bbox 516 3004 2105 3075">
    <p class='ocr_par' dir='ltr' id='par_1_31' title="bbox 516 3004 2105 3075">
     <span class='ocr_line' id='line_1_31' title="bbox 516 3004 2105 3075; baseline -0.001 -18"><span class='ocrx_word' id='word_1_218' title='bbox 516 3005 876 3060; x_wconf 86' lang='lat' dir='ltr'>commissum</span> <span class='ocrx_word' id='word_1_219' title='bbox 903 3009 994 3059; x_wconf 92' lang='lat' dir='ltr'><strong>uni</strong></span> <span class='ocrx_word' id='word_1_220' title='bbox 1027 3005 1078 3059; x_wconf 91' lang='lat' dir='ltr'>id</span> <span class='ocrx_word' id='word_1_221' title='bbox 1111 3006 1384 3075; x_wconf 65' lang='lat' dir='ltr'>negotium</span> <span class='ocrx_word' id='word_1_222' title='bbox 1425 3005 1618 3060; x_wconf 89' lang='lat' dir='ltr'><strong>fuisse:</strong></span> <span class='ocrx_word' id='word_1_223' title='bbox 1664 3021 1722 3060; x_wconf 88' lang='lat' dir='ltr'><strong>se</strong></span> <span class='ocrx_word' id='word_1_224' title='bbox 1767 3004 1879 3074; x_wconf 87' lang='lat' dir='ltr'><strong>jam</strong></span> <span class='ocrx_word' id='word_1_225' title='bbox 1945 3012 2105 3072; x_wconf 90' lang='lat' dir='ltr'>capto</span> 
     </span>
    </p>
   </div>
   <div class='ocr_carea' id='block_1_32' title="bbox 518 3097 2104 3168">
    <p class='ocr_par' dir='ltr' id='par_1_32' title="bbox 518 3097 2104 3168">
     <span class='ocr_line' id='line_1_32' title="bbox 518 3097 2104 3168; baseline -0.002 -17"><span class='ocrx_word' id='word_1_226' title='bbox 518 3107 812 3165; x_wconf 84' lang='lat' dir='ltr'><strong>antequam</strong></span> <span class='ocrx_word' id='word_1_227' title='bbox 837 3098 1118 3167; x_wconf 87' lang='lat' dir='ltr'>responsis</span> <span class='ocrx_word' id='word_1_228' title='bbox 1151 3098 1376 3168; x_wconf 78' lang='lat' dir='ltr'><strong>perlatis</strong></span> <span class='ocrx_word' id='word_1_229' title='bbox 1414 3097 1698 3152; x_wconf 85' lang='lat' dir='ltr'><strong>conveniri</strong></span> <span class='ocrx_word' id='word_1_230' title='bbox 1758 3099 1822 3151; x_wconf 88' lang='lat' dir='ltr'><strong>de</strong></span> <span class='ocrx_word' id='word_1_231' title='bbox 1881 3112 1939 3151; x_wconf 92' lang='lat' dir='ltr'><strong>re</strong></span> <span class='ocrx_word' id='word_1_232' title='bbox 1991 3105 2104 3150; x_wconf 90' lang='lat' dir='ltr'><strong>tota</strong></span> 
     </span>
    </p>
   </div>
   <div class='ocr_carea' id='block_1_33' title="bbox 2227 597 3782 672">
    <p class='ocr_par' dir='ltr' id='par_1_33' title="bbox 2227 597 3782 672">
     <span class='ocr_line' id='line_1_33' title="bbox 2227 597 3782 672; baseline 0.003 -22"><span class='ocrx_word' id='word_1_233' title='bbox 2227 597 2403 667; x_wconf 81' lang='grc' dir='ltr'>μηνέα</span> <span class='ocrx_word' id='word_1_234' title='bbox 2437 598 2682 668; x_wconf 82' lang='grc' dir='ltr'>Κορόνην</span> <span class='ocrx_word' id='word_1_235' title='bbox 2713 597 3127 663; x_wconf 80' lang='grc' dir='ltr'>ἐξαποστέλλων</span> <span class='ocrx_word' id='word_1_236' title='bbox 3161 598 3382 650; x_wconf 80' lang='grc' dir='ltr'>ἐκέλευε</span> <span class='ocrx_word' id='word_1_237' title='bbox 3414 599 3511 669; x_wconf 78' lang='grc' dir='ltr'><strong>τὴν</strong></span> <span class='ocrx_word' id='word_1_238' title='bbox 3540 603 3782 672; x_wconf 75' lang='grc' dir='ltr'>ταχίστην</span> 
     </span>
    </p>
   </div>
   <div class='ocr_carea' id='block_1_34' title="bbox 2227 684 3783 762">
    <p class='ocr_par' dir='ltr' id='par_1_34' title="bbox 2227 684 3783 762">
     <span class='ocr_line' id='line_1_34' title="bbox 2227 684 3783 762; baseline 0.001 -18"><span class='ocrx_word' id='word_1_239' title='bbox 2227 689 2364 744; x_wconf 76' lang='grc' dir='ltr'>ἰέναι</span> <span class='ocrx_word' id='word_1_240' title='bbox 2391 692 2484 745; x_wconf 70' lang='grc' dir='ltr'>καὶ</span> <span class='ocrx_word' id='word_1_241' title='bbox 2509 690 2578 744; x_wconf 77' lang='grc' dir='ltr'>τὰ</span> <span class='ocrx_word' id='word_1_242' title='bbox 2600 691 2702 761; x_wconf 85' lang='grc' dir='ltr'><strong>τῆς</strong></span> <span class='ocrx_word' id='word_1_243' title='bbox 2746 691 2971 762; x_wconf 84' lang='grc' dir='ltr'>εἰρήνης</span> <span class='ocrx_word' id='word_1_244' title='bbox 3001 691 3199 760; x_wconf 71' lang='grc' dir='ltr'>πειρᾷν</span> <span class='ocrx_word' id='word_1_245' title='bbox 3217 689 3294 754; x_wconf 81' lang='grc' dir='ltr'>ὡς</span> <span class='ocrx_word' id='word_1_246' title='bbox 3317 684 3430 744; x_wconf 75' lang='grc' dir='ltr'>οἷόν</span> <span class='ocrx_word' id='word_1_247' title='bbox 3461 709 3518 742; x_wconf 89' lang='grc' dir='ltr'><strong>τε</strong></span> <span class='ocrx_word' id='word_1_248' title='bbox 3544 691 3783 762; x_wconf 60' lang='grc' dir='ltr'>διαπράτα</span> 
     </span>
    </p>
   </div>
   <div class='ocr_carea' id='block_1_35' title="bbox 2221 780 3782 855">
    <p class='ocr_par' dir='ltr' id='par_1_35' title="bbox 2221 780 3782 855">
     <span class='ocr_line' id='line_1_35' title="bbox 2221 780 3782 855; baseline 0.001 -20"><span class='ocrx_word' id='word_1_249' title='bbox 2221 782 2428 836; x_wconf 84' lang='grc' dir='ltr'>τεσθαι.</span> <span class='ocrx_word' id='word_1_250' title='bbox 2450 783 2559 836; x_wconf 73' lang='grc' dir='ltr'><strong>Καὶ</strong></span> <span class='ocrx_word' id='word_1_251' title='bbox 2578 781 2642 855; x_wconf 81' lang='grc' dir='ltr'>δὴ</span> <span class='ocrx_word' id='word_1_252' title='bbox 2658 781 3097 853; x_wconf 80' lang='grc' dir='ltr'>παραγενόμενοι</span> <span class='ocrx_word' id='word_1_253' title='bbox 3113 782 3175 834; x_wconf 82' lang='grc' dir='ltr'><strong>οὑ</strong></span> <span class='ocrx_word' id='word_1_254' title='bbox 3196 781 3377 851; x_wconf 75' lang='grc' dir='ltr'>πολλῷ</span> <span class='ocrx_word' id='word_1_255' title='bbox 3405 780 3621 854; x_wconf 78' lang='grc' dir='ltr'>ὕστερον</span> <span class='ocrx_word' id='word_1_256' title='bbox 3645 785 3782 852; x_wconf 76' lang='grc' dir='ltr'>σφίσι</span> 
     </span>
    </p>
   </div>
   <div class='ocr_carea' id='block_1_36' title="bbox 2222 872 3788 944">
    <p class='ocr_par' dir='ltr' id='par_1_36' title="bbox 2222 872 3788 944">
     <span class='ocr_line' id='line_1_36' title="bbox 2222 872 3788 944; baseline 0.001 -19"><span class='ocrx_word' id='word_1_257' title='bbox 2222 877 2440 944; x_wconf 80' lang='grc' dir='ltr'>σύναμα</span> <span class='ocrx_word' id='word_1_258' title='bbox 2462 873 2558 926; x_wconf 83' lang='grc' dir='ltr'><strong>καί</strong></span> <span class='ocrx_word' id='word_1_259' title='bbox 2577 888 2720 928; x_wconf 83' lang='grc' dir='ltr'>τισιν</span> <span class='ocrx_word' id='word_1_260' title='bbox 2745 872 2927 936; x_wconf 77' lang='grc' dir='ltr'>ἄλλοις</span> <span class='ocrx_word' id='word_1_261' title='bbox 2947 873 3147 942; x_wconf 78' lang='grc' dir='ltr'>τρισὶν,</span> <span class='ocrx_word' id='word_1_262' title='bbox 3175 872 3497 941; x_wconf 80' lang='grc' dir='ltr'>καθημένων</span> <span class='ocrx_word' id='word_1_263' title='bbox 3533 873 3575 924; x_wconf 84' lang='grc' dir='ltr'>δ’</span> <span class='ocrx_word' id='word_1_264' title='bbox 3608 874 3663 926; x_wconf 76' lang='grc' dir='ltr'>ἓν</span> <span class='ocrx_word' id='word_1_265' title='bbox 3690 892 3788 927; x_wconf 83' lang='grc' dir='ltr'>τινι</span> 
     </span>
    </p>
   </div>
   <div class='ocr_carea' id='block_1_37' title="bbox 2219 963 3788 1038">
    <p class='ocr_par' dir='ltr' id='par_1_37' title="bbox 2219 963 3788 1038">
     <span class='ocr_line' id='line_1_37' title="bbox 2219 963 3788 1038; baseline -0.003 -18"><span class='ocrx_word' id='word_1_266' title='bbox 2219 966 2329 1020; x_wconf 87' lang='grc' dir='ltr'>τῶν</span> <span class='ocrx_word' id='word_1_267' title='bbox 2386 966 2661 1038; x_wconf 79' lang='grc' dir='ltr'>φρουρίων</span> <span class='ocrx_word' id='word_1_268' title='bbox 2710 967 2804 1019; x_wconf 73' lang='grc' dir='ltr'><strong>καὶ</strong></span> <span class='ocrx_word' id='word_1_269' title='bbox 2855 967 3067 1036; x_wconf 79' lang='grc' dir='ltr'>μηνυτῇ</span> <span class='ocrx_word' id='word_1_270' title='bbox 3121 963 3507 1034; x_wconf 82' lang='grc' dir='ltr'>χρησαμένων,</span> <span class='ocrx_word' id='word_1_271' title='bbox 3536 965 3586 1016; x_wconf 75' lang='grc' dir='ltr'><strong>οἱ</strong></span> <span class='ocrx_word' id='word_1_272' title='bbox 3637 968 3788 1035; x_wconf 75' lang='grc' dir='ltr'>ἐντῷ</span> 
     </span>
    </p>
   </div>
   <div class='ocr_carea' id='block_1_38' title="bbox 2221 1055 3785 1130">
    <p class='ocr_par' dir='ltr' id='par_1_38' title="bbox 2221 1055 3785 1130">
     <span class='ocr_line' id='line_1_38' title="bbox 2221 1055 3785 1130; baseline -0.003 -18"><span class='ocrx_word' id='word_1_273' title='bbox 2221 1059 2470 1130; x_wconf 77' lang='grc' dir='ltr'>φρουρίῳ</span> <span class='ocrx_word' id='word_1_274' title='bbox 2519 1057 2972 1120; x_wconf 80' lang='grc' dir='ltr'>Καλλιουπόλεως</span> <span class='ocrx_word' id='word_1_275' title='bbox 3027 1055 3331 1109; x_wconf 80' lang='grc' dir='ltr'>Κατέλανοι</span> <span class='ocrx_word' id='word_1_276' title='bbox 3363 1056 3595 1124; x_wconf 81' lang='grc' dir='ltr'>ὁμήρους</span> <span class='ocrx_word' id='word_1_277' title='bbox 3621 1057 3785 1119; x_wconf 75' lang='grc' dir='ltr'>δόντες</span> 
     </span>
    </p>
   </div>
   <div class='ocr_carea' id='block_1_39' title="bbox 2219 1145 3787 1218">
    <p class='ocr_par' dir='ltr' id='par_1_39' title="bbox 2219 1145 3787 1218">
     <span class='ocr_line' id='line_1_39' title="bbox 2219 1145 3787 1218; baseline -0.002 -14"><span class='ocrx_word' id='word_1_278' title='bbox 2219 1149 2364 1204; x_wconf 82' lang='grc' dir='ltr'>κατὰ</span> <span class='ocrx_word' id='word_1_279' title='bbox 2397 1150 2584 1204; x_wconf 83' lang='grc' dir='ltr'>πίστιν</span> <span class='ocrx_word' id='word_1_280' title='bbox 2611 1148 2704 1202; x_wconf 82' lang='grc' dir='ltr'><strong>τοῦ</strong></span> <span class='ocrx_word' id='word_1_281' title='bbox 2739 1149 2814 1218; x_wconf 87' lang='grc' dir='ltr'><strong>μή</strong></span> <span class='ocrx_word' id='word_1_282' title='bbox 2861 1165 2915 1202; x_wconf 86' lang='grc' dir='ltr'>τι</span> <span class='ocrx_word' id='word_1_283' title='bbox 2962 1147 3161 1201; x_wconf 85' lang='grc' dir='ltr'>παθεῖν</span> <span class='ocrx_word' id='word_1_284' title='bbox 3197 1145 3447 1208; x_wconf 74' lang='grc' dir='ltr'>ἐκείνους</span> <span class='ocrx_word' id='word_1_285' title='bbox 3482 1147 3787 1217; x_wconf 81' lang='grc' dir='ltr'>ἀνήκεστον,</span> 
     </span>
    </p>
   </div>
   <div class='ocr_carea' id='block_1_40' title="bbox 2219 1231 3790 1306">
    <p class='ocr_par' dir='ltr' id='par_1_40' title="bbox 2219 1231 3790 1306">
     <span class='ocr_line' id='line_1_40' title="bbox 2219 1231 3790 1306; baseline -0.004 -12"><span class='ocrx_word' id='word_1_286' title='bbox 2219 1242 2425 1304; x_wconf 75' lang='grc' dir='ltr'>ἵππους</span> <span class='ocrx_word' id='word_1_287' title='bbox 2477 1241 2640 1294; x_wconf 85' lang='grc' dir='ltr'>πέντε</span> <span class='ocrx_word' id='word_1_288' title='bbox 2699 1239 2851 1292; x_wconf 78' lang='grc' dir='ltr'>πέντ’</span> <span class='ocrx_word' id='word_1_289' title='bbox 2881 1234 3034 1293; x_wconf 79' lang='grc' dir='ltr'>οὖσιν</span> <span class='ocrx_word' id='word_1_290' title='bbox 3086 1234 3596 1304; x_wconf 79' lang='grc' dir='ltr'>ἐξαποστέλλουσιν,</span> <span class='ocrx_word' id='word_1_291' title='bbox 3651 1231 3790 1306; x_wconf 69' lang='grc' dir='ltr'>ἐφίἷι</span> 
     </span>
    </p>
   </div>
   <div class='ocr_carea' id='block_1_41' title="bbox 2218 1329 3794 1400">
    <p class='ocr_par' dir='ltr' id='par_1_41' title="bbox 2218 1329 3794 1400">
     <span class='ocr_line' id='line_1_41' title="bbox 2218 1329 3794 1400; baseline -0.006 -13"><span class='ocrx_word' id='word_1_292' title='bbox 2218 1335 2310 1387; x_wconf 68' lang='grc' dir='ltr'>καὶ</span> <span class='ocrx_word' id='word_1_293' title='bbox 2339 1335 2395 1395; x_wconf 76' lang='grc' dir='ltr'><strong>ἐς</strong></span> <span class='ocrx_word' id='word_1_294' title='bbox 2436 1334 2636 1396; x_wconf 79' lang='grc' dir='ltr'>αὐτοὺς</span> <span class='ocrx_word' id='word_1_295' title='bbox 2664 1333 2958 1400; x_wconf 80' lang='grc' dir='ltr'>γένωνται·</span> <span class='ocrx_word' id='word_1_296' title='bbox 2995 1329 3134 1400; x_wconf 82' lang='grc' dir='ltr'>πλὴν</span> <span class='ocrx_word' id='word_1_297' title='bbox 3182 1329 3401 1398; x_wconf 78' lang='grc' dir='ltr'>ἑκάστῳ</span> <span class='ocrx_word' id='word_1_298' title='bbox 3443 1329 3794 1397; x_wconf 80' lang='grc' dir='ltr'>συνεπωχεῖτο</span> 
     </span>
    </p>
   </div>
   <div class='ocr_carea' id='block_1_42' title="bbox 2215 1415 3790 1492">
    <p class='ocr_par' dir='ltr' id='par_1_42' title="bbox 2215 1415 3790 1492">
     <span class='ocr_line' id='line_1_42' title="bbox 2215 1415 3790 1492; baseline -0.005 -15"><span class='ocrx_word' id='word_1_299' title='bbox 2215 1424 2442 1477; x_wconf 76' lang='grc' dir='ltr'>ὄπισθεν</span> <span class='ocrx_word' id='word_1_300' title='bbox 2470 1424 2498 1475; x_wconf 85' lang='grc' dir='ltr'><strong>δ</strong></span> <span class='ocrx_word' id='word_1_301' title='bbox 2520 1421 2773 1492; x_wconf 78' lang='grc' dir='ltr'>φυλάξων</span> <span class='ocrx_word' id='word_1_302' title='bbox 2803 1421 2895 1474; x_wconf 81' lang='grc' dir='ltr'><strong>τὸν</strong></span> <span class='ocrx_word' id='word_1_303' title='bbox 2925 1420 3218 1488; x_wconf 74' lang='grc' dir='ltr'>ἐπιϐάτην,</span> <span class='ocrx_word' id='word_1_304' title='bbox 3253 1417 3333 1487; x_wconf 85' lang='grc' dir='ltr'>τῷ</span> <span class='ocrx_word' id='word_1_305' title='bbox 3375 1415 3483 1486; x_wconf 79' lang='grc' dir='ltr'>μὴν</span> <span class='ocrx_word' id='word_1_306' title='bbox 3505 1417 3697 1478; x_wconf 84' lang='grc' dir='ltr'>δοκεῖν,</span> <span class='ocrx_word' id='word_1_307' title='bbox 3725 1419 3790 1487; x_wconf 85' lang='grc' dir='ltr'><strong>μή</strong></span> 
     </span>
    </p>
   </div>
   <div class='ocr_carea' id='block_1_43' title="bbox 2216 1507 3794 1584">
    <p class='ocr_par' dir='ltr' id='par_1_43' title="bbox 2216 1507 3794 1584">
     <span class='ocr_line' id='line_1_43' title="bbox 2216 1507 3794 1584; baseline -0.004 -15"><span class='ocrx_word' id='word_1_308' title='bbox 2216 1530 2334 1580; x_wconf 88' lang='grc' dir='ltr'><strong>πως</strong></span> <span class='ocrx_word' id='word_1_309' title='bbox 2367 1515 2426 1580; x_wconf 78' lang='grc' dir='ltr'><strong>ἐξ</strong></span> <span class='ocrx_word' id='word_1_310' title='bbox 2457 1515 2650 1584; x_wconf 80' lang='grc' dir='ltr'>ἐφόδου</span> <span class='ocrx_word' id='word_1_311' title='bbox 2677 1531 2763 1576; x_wconf 89' lang='grc' dir='ltr'><strong>τις</strong></span> <span class='ocrx_word' id='word_1_312' title='bbox 2795 1513 3113 1584; x_wconf 84' lang='grc' dir='ltr'>ἐκπηδήσας</span> <span class='ocrx_word' id='word_1_313' title='bbox 3137 1510 3244 1564; x_wconf 84' lang='grc' dir='ltr'><strong>τῶν</strong></span> <span class='ocrx_word' id='word_1_314' title='bbox 3279 1508 3608 1563; x_wconf 86' lang='grc' dir='ltr'>Κατελάνων</span> <span class='ocrx_word' id='word_1_315' title='bbox 3639 1507 3794 1579; x_wconf 70' lang='grc' dir='ltr'>ἄχαρι</span> 
     </span>
    </p>
   </div>
   <div class='ocr_carea' id='block_1_44' title="bbox 2214 1601 3795 1678">
    <p class='ocr_par' dir='ltr' id='par_1_44' title="bbox 2214 1601 3795 1678">
     <span class='ocr_line' id='line_1_44' title="bbox 2214 1601 3795 1678; baseline -0.006 -16"><span class='ocrx_word' id='word_1_316' title='bbox 2214 1625 2266 1662; x_wconf 92' lang='grc' dir='ltr'>τι</span> <span class='ocrx_word' id='word_1_317' title='bbox 2290 1605 2482 1678; x_wconf 86' lang='grc' dir='ltr'>δράσοι</span> <span class='ocrx_word' id='word_1_318' title='bbox 2514 1610 2606 1660; x_wconf 80' lang='grc' dir='ltr'><strong>τὸν</strong></span> <span class='ocrx_word' id='word_1_319' title='bbox 2654 1605 3023 1678; x_wconf 79' lang='grc' dir='ltr'>πρεσϐευτὴν,</span> <span class='ocrx_word' id='word_1_320' title='bbox 3076 1602 3154 1675; x_wconf 86' lang='grc' dir='ltr'>τῷ</span> <span class='ocrx_word' id='word_1_321' title='bbox 3205 1602 3263 1656; x_wconf 83' lang='grc' dir='ltr'>δὲ</span> <span class='ocrx_word' id='word_1_322' title='bbox 3295 1601 3607 1672; x_wconf 80' lang='grc' dir='ltr'>βαθυτέρῳ,</span> <span class='ocrx_word' id='word_1_323' title='bbox 3634 1601 3704 1664; x_wconf 83' lang='grc' dir='ltr'><strong>ὡς</strong></span> <span class='ocrx_word' id='word_1_324' title='bbox 3734 1602 3795 1653; x_wconf 83' lang='grc' dir='ltr'><strong>ἂν</strong></span> 
     </span>
    </p>
   </div>
   <div class='ocr_carea' id='block_1_45' title="bbox 2217 1690 3797 1770">
    <p class='ocr_par' dir='ltr' id='par_1_45' title="bbox 2217 1690 3797 1770">
     <span class='ocr_line' id='line_1_45' title="bbox 2217 1690 3797 1770; baseline -0.006 -19"><span class='ocrx_word' id='word_1_325' title='bbox 2217 1699 2353 1770; x_wconf 84' lang='grc' dir='ltr'><strong>μηδέ</strong></span> <span class='ocrx_word' id='word_1_326' title='bbox 2383 1699 2573 1769; x_wconf 63' lang='grc' dir='ltr'>καιρὸν</span> <span class='ocrx_word' id='word_1_327' title='bbox 2603 1697 2836 1759; x_wconf 86' lang='grc' dir='ltr'>διδόντες</span> <span class='ocrx_word' id='word_1_328' title='bbox 2869 1698 3030 1765; x_wconf 80' lang='grc' dir='ltr'>σφίσι</span> <span class='ocrx_word' id='word_1_329' title='bbox 3059 1693 3369 1766; x_wconf 86' lang='grc' dir='ltr'>προμαθεῖν</span> <span class='ocrx_word' id='word_1_330' title='bbox 3407 1709 3464 1747; x_wconf 88' lang='grc' dir='ltr'>τι</span> <span class='ocrx_word' id='word_1_331' title='bbox 3507 1693 3635 1764; x_wconf 74' lang='grc' dir='ltr'>περὶ</span> <span class='ocrx_word' id='word_1_332' title='bbox 3665 1690 3797 1743; x_wconf 79' lang='grc' dir='ltr'>ἐκεῖ·</span> 
     </span>
    </p>
   </div>
   <div class='ocr_carea' id='block_1_46' title="bbox 2215 1788 3748 1860">
    <p class='ocr_par' dir='ltr' id='par_1_46' title="bbox 2215 1788 3748 1860">
     <span class='ocr_line' id='line_1_46' title="bbox 2215 1788 3748 1860; baseline -0.003 -17"><span class='ocrx_word' id='word_1_333' title='bbox 2215 1808 2321 1844; x_wconf 92' lang='grc' dir='ltr'><strong>νων</strong></span> <span class='ocrx_word' id='word_1_334' title='bbox 2345 1791 2409 1844; x_wconf 77' lang='grc' dir='ltr'><strong>ἐκ</strong></span> <span class='ocrx_word' id='word_1_335' title='bbox 2441 1806 2584 1852; x_wconf 80' lang='grc' dir='ltr'>τινος</span> <span class='ocrx_word' id='word_1_336' title='bbox 2613 1788 2938 1860; x_wconf 75' lang='grc' dir='ltr'>περιεργίας</span> <span class='ocrx_word' id='word_1_337' title='bbox 2974 1788 3414 1858; x_wconf 83' lang='grc' dir='ltr'>ἐπερωτήσασιν.</span> <span class='ocrx_word' id='word_1_338' title='bbox 3743 1789 3748 1794; x_wconf 58' lang='grc'><em>⁴</em></span> 
     </span>
    </p>
   </div>
   <div class='ocr_carea' id='block_1_47' title="bbox 2217 1897 3798 2025">
    <p class='ocr_par' dir='ltr' id='par_1_47' title="bbox 2217 1897 3798 2025">
     <span class='ocr_line' id='line_1_47' title="bbox 2217 1897 3798 2025; baseline -0.006 -65"><span class='ocrx_word' id='word_1_339' title='bbox 2217 1908 2283 1976; x_wconf 80' lang='grc' dir='ltr'><strong>β’.</strong></span> <span class='ocrx_word' id='word_1_340' title='bbox 2315 1903 2653 1972; x_wconf 76' lang='grc' dir='ltr'>Δημηγορία</span> <span class='ocrx_word' id='word_1_341' title='bbox 2680 1901 3019 2025; x_wconf 51' lang='grc' dir='ltr'>πεμφθεῗὲι</span> <span class='ocrx_word' id='word_1_342' title='bbox 3053 1899 3425 1967; x_wconf 75' lang='grc' dir='ltr'>Κατελάνοις</span> <span class='ocrx_word' id='word_1_343' title='bbox 3453 1897 3603 1969; x_wconf 79' lang='grc' dir='ltr'>πρὸς</span> <span class='ocrx_word' id='word_1_344' title='bbox 3623 1898 3798 1963; x_wconf 72' lang='lat' dir='ltr'><strong>ﬂam-</strong></span> 
     </span>
     <span class='ocr_line' id='line_1_48' title="bbox 3004 1990 3100 2025; baseline -0.01 0"><span class='ocrx_word' id='word_1_345' title='bbox 3004 1990 3100 2025; x_wconf 75' lang='grc' dir='ltr'>ως.</span> 
     </span>
    </p>
   </div>
   <div class='ocr_carea' id='block_1_48' title="bbox 3004 1990 3100 2036">
    <p class='ocr_par' dir='ltr' id='par_1_48' title="bbox 3004 1990 3100 2036">
     <span class='ocr_line' id='line_1_49' title="bbox 3004 1990 3100 2036; baseline -0.01 -12"><span class='ocrx_word' id='word_1_346' title='bbox 3004 1990 3100 2036; x_wconf 88' lang='grc' dir='ltr'>ως.</span> 
     </span>
    </p>
   </div>
   <div class='ocr_carea' id='block_1_49' title="bbox 2285 2061 3800 2136">
    <p class='ocr_par' dir='ltr' id='par_1_49' title="bbox 2285 2061 3800 2136">
     <span class='ocr_line' id='line_1_50' title="bbox 2285 2061 3800 2136; baseline -0.004 -19"><span class='ocrx_word' id='word_1_347' title='bbox 2285 2063 2371 2136; x_wconf 86' lang='grc' dir='ltr'><strong>[Ρ.</strong></span> <span class='ocrx_word' id='word_1_348' title='bbox 2407 2065 2535 2136; x_wconf 75' lang='grc'><strong>595]</strong></span> <span class='ocrx_word' id='word_1_349' title='bbox 2567 2066 2629 2118; x_wconf 84' lang='grc' dir='ltr'><strong>Οἳ</strong></span> <span class='ocrx_word' id='word_1_350' title='bbox 2658 2067 2748 2118; x_wconf 73' lang='grc' dir='ltr'>καὶ</span> <span class='ocrx_word' id='word_1_351' title='bbox 2778 2065 3101 2127; x_wconf 85' lang='grc' dir='ltr'>ἐπιστάντες</span> <span class='ocrx_word' id='word_1_352' title='bbox 3134 2061 3327 2127; x_wconf 75' lang='grc' dir='ltr'>ἔλεξαν</span> <span class='ocrx_word' id='word_1_353' title='bbox 3353 2061 3490 2116; x_wconf 82' lang='grc' dir='ltr'>τάδε</span> <span class='ocrx_word' id='word_1_354' title='bbox 3518 2078 3534 2095; x_wconf 77' lang='grc' dir='ltr'><strong>ο</strong></span> <span class='ocrx_word' id='word_1_355' title='bbox 3591 2080 3610 2113; x_wconf 76' lang='grc' dir='ltr'>ι</span> <span class='ocrx_word' id='word_1_356' title='bbox 3649 2061 3800 2114; x_wconf 54' lang='lat' dir='ltr'><strong>[tace</strong></span> 
     </span>
    </p>
   </div>
   <div class='ocr_carea' id='block_1_50' title="bbox 2211 2141 3800 2226">
    <p class='ocr_par' dir='ltr' id='par_1_50' title="bbox 2211 2141 3800 2226">
     <span class='ocr_line' id='line_1_51' title="bbox 2211 2141 3800 2226; baseline -0.003 -19"><span class='ocrx_word' id='word_1_357' title='bbox 2211 2155 2338 2218; x_wconf 73' lang='grc' dir='ltr'><strong>λείις</strong></span> <span class='ocrx_word' id='word_1_358' title='bbox 2378 2156 2716 2226; x_wconf 81' lang='grc' dir='ltr'>Ἀνδρόνικος</span> <span class='ocrx_word' id='word_1_359' title='bbox 2767 2155 3040 2226; x_wconf 77' lang='grc' dir='ltr'>ἡμέτερος</span> <span class='ocrx_word' id='word_1_360' title='bbox 3092 2154 3191 2224; x_wconf 84' lang='grc' dir='ltr'><strong>μὲν</strong></span> <span class='ocrx_word' id='word_1_361' title='bbox 3224 2153 3520 2225; x_wconf 87' lang='grc' dir='ltr'>δεσπότης,</span> <span class='ocrx_word' id='word_1_362' title='bbox 3577 2150 3721 2219; x_wconf 82' lang='grc' dir='ltr'>σφῶν</span> <span class='ocrx_word' id='word_1_363' title='bbox 3756 2141 3800 2202; x_wconf 79' lang='grc' dir='ltr'>δ’</span> 
     </span>
    </p>
   </div>
   <div class='ocr_carea' id='block_1_51' title="bbox 2211 2261 3801 2338">
    <p class='ocr_par' dir='ltr' id='par_1_51' title="bbox 2211 2261 3801 2338">
     <span class='ocr_line' id='line_1_52' title="bbox 2211 2261 3801 2338; baseline -0.006 -15"><span class='ocrx_word' id='word_1_364' title='bbox 2211 2282 2278 2323; x_wconf 91' lang='lat' dir='ltr'><strong>eo</strong></span> <span class='ocrx_word' id='word_1_365' title='bbox 2293 2267 2594 2337; x_wconf 81' lang='lat' dir='ltr'><strong>jurandum</strong></span> <span class='ocrx_word' id='word_1_366' title='bbox 2635 2269 2893 2338; x_wconf 75' lang='lat' dir='ltr'><strong>exegitct</strong></span> <span class='ocrx_word' id='word_1_367' title='bbox 2927 2268 3161 2337; x_wconf 88' lang='lat' dir='ltr'><strong>accepit,</strong></span> <span class='ocrx_word' id='word_1_368' title='bbox 3193 2280 3376 2337; x_wconf 85' lang='lat' dir='ltr'><strong>eoque</strong></span> <span class='ocrx_word' id='word_1_369' title='bbox 3417 2266 3500 2322; x_wconf 89' lang='lat' dir='ltr'>sic</span> <span class='ocrx_word' id='word_1_370' title='bbox 3551 2261 3801 2332; x_wconf 77' lang='lat' dir='ltr'><strong>religione</strong></span> 
     </span>
    </p>
   </div>
   <div class='ocr_carea' id='block_1_52' title="bbox 2212 2353 3799 2428">
    <p class='ocr_par' dir='ltr' id='par_1_52' title="bbox 2212 2353 3799 2428">
     <span class='ocr_line' id='line_1_53' title="bbox 2212 2353 3799 2428; baseline -0.006 -16"><span class='ocrx_word' id='word_1_371' title='bbox 2212 2368 2596 2428; x_wconf 53' lang='lat' dir='ltr'><strong>praloccupato</strong></span> <span class='ocrx_word' id='word_1_372' title='bbox 2632 2358 2897 2428; x_wconf 87' lang='lat' dir='ltr'>deinceps</span> <span class='ocrx_word' id='word_1_373' title='bbox 2929 2373 3162 2414; x_wconf 85' lang='lat' dir='ltr'><strong>securus</strong></span> <span class='ocrx_word' id='word_1_374' title='bbox 3191 2358 3459 2412; x_wconf 90' lang='lat' dir='ltr'>comitem</span> <span class='ocrx_word' id='word_1_375' title='bbox 3505 2370 3557 2409; x_wconf 83' lang='lat' dir='ltr'><strong>ei</strong></span> <span class='ocrx_word' id='word_1_376' title='bbox 3613 2353 3799 2422; x_wconf 86' lang='lat' dir='ltr'><strong>adjun—</strong></span> 
     </span>
    </p>
   </div>
   <div class='ocr_carea' id='block_1_53' title="bbox 2215 2450 3800 2522">
    <p class='ocr_par' dir='ltr' id='par_1_53' title="bbox 2215 2450 3800 2522">
     <span class='ocr_line' id='line_1_54' title="bbox 2215 2450 3800 2522; baseline -0.004 -16"><span class='ocrx_word' id='word_1_377' title='bbox 2215 2453 2296 2506; x_wconf 84' lang='lat' dir='ltr'><strong>xit</strong></span> <span class='ocrx_word' id='word_1_378' title='bbox 2321 2453 2576 2507; x_wconf 88' lang='lat' dir='ltr'><strong>Coronen</strong></span> <span class='ocrx_word' id='word_1_379' title='bbox 2629 2453 2944 2522; x_wconf 83' lang='lat' dir='ltr'><strong>quemdam,</strong></span> <span class='ocrx_word' id='word_1_380' title='bbox 2975 2467 3085 2522; x_wconf 89' lang='lat' dir='ltr'><strong>quo</strong></span> <span class='ocrx_word' id='word_1_381' title='bbox 3118 2450 3455 2506; x_wconf 90' lang='lat' dir='ltr'><strong>Latinarum</strong></span> <span class='ocrx_word' id='word_1_382' title='bbox 3503 2450 3800 2502; x_wconf 85' lang='lat' dir='ltr'>litterarum</span> 
     </span>
    </p>
   </div>
   <div class='ocr_carea' id='block_1_54' title="bbox 2211 2541 3803 2614">
    <p class='ocr_par' dir='ltr' id='par_1_54' title="bbox 2211 2541 3803 2614">
     <span class='ocr_line' id='line_1_55' title="bbox 2211 2541 3803 2614; baseline -0.003 -15"><span class='ocrx_word' id='word_1_383' title='bbox 2211 2547 2512 2614; x_wconf 74' lang='lat' dir='ltr'><strong>interprete</strong></span> <span class='ocrx_word' id='word_1_384' title='bbox 2539 2547 2816 2600; x_wconf 82' lang='lat' dir='ltr'><strong>utebatur.</strong></span> <span class='ocrx_word' id='word_1_385' title='bbox 2851 2545 2946 2600; x_wconf 82' lang='lat' dir='ltr'><strong>llis</strong></span> <span class='ocrx_word' id='word_1_386' title='bbox 2963 2545 3178 2600; x_wconf 87' lang='lat' dir='ltr'><strong>duobus</strong></span> <span class='ocrx_word' id='word_1_387' title='bbox 3201 2541 3664 2613; x_wconf 88' lang='lat' dir='ltr'><strong>tresinsuperalii</strong></span> <span class='ocrx_word' id='word_1_388' title='bbox 3683 2546 3803 2594; x_wconf 85' lang='lat' dir='ltr'>sunt</span> 
     </span>
    </p>
   </div>
   <div class='ocr_carea' id='block_1_55' title="bbox 2209 2635 3806 2710">
    <p class='ocr_par' dir='ltr' id='par_1_55' title="bbox 2209 2635 3806 2710">
     <span class='ocr_line' id='line_1_56' title="bbox 2209 2635 3806 2710; baseline -0.005 -18"><span class='ocrx_word' id='word_1_389' title='bbox 2209 2638 2400 2693; x_wconf 70' lang='lat' dir='ltr'><strong>additi.</strong></span> <span class='ocrx_word' id='word_1_390' title='bbox 2419 2640 2520 2704; x_wconf 76' lang='lat' dir='ltr'><strong>Qui</strong></span> <span class='ocrx_word' id='word_1_391' title='bbox 2548 2654 2737 2693; x_wconf 84' lang='lat' dir='ltr'><strong>omnes</strong></span> <span class='ocrx_word' id='word_1_392' title='bbox 2752 2638 3026 2694; x_wconf 75' lang='lat' dir='ltr'><strong>mandatis</strong></span> <span class='ocrx_word' id='word_1_393' title='bbox 3049 2639 3473 2710; x_wconf 88' lang='lat' dir='ltr'>abimperatore</span> <span class='ocrx_word' id='word_1_394' title='bbox 3493 2635 3702 2690; x_wconf 78' lang='lat' dir='ltr'><strong>onerati</strong></span> <span class='ocrx_word' id='word_1_395' title='bbox 3722 2647 3806 2686; x_wconf 76' lang='lat' dir='ltr'><strong>ur-</strong></span> 
     </span>
    </p>
   </div>
   <div class='ocr_carea' id='block_1_56' title="bbox 2208 2729 3802 2802">
    <p class='ocr_par' dir='ltr' id='par_1_56' title="bbox 2208 2729 3802 2802">
     <span class='ocr_line' id='line_1_57' title="bbox 2208 2729 3802 2802; baseline -0.005 -16"><span class='ocrx_word' id='word_1_396' title='bbox 2208 2733 2465 2802; x_wconf 78' lang='lat' dir='ltr'><strong>gentibus</strong></span> <span class='ocrx_word' id='word_1_397' title='bbox 2486 2732 2833 2801; x_wconf 85' lang='lat' dir='ltr'><strong>etiamatque</strong></span> <span class='ocrx_word' id='word_1_398' title='bbox 2850 2730 3014 2784; x_wconf 87' lang='lat' dir='ltr'><strong>etiam</strong></span> <span class='ocrx_word' id='word_1_399' title='bbox 3051 2731 3257 2800; x_wconf 81' lang='lat' dir='ltr'><strong>negotii</strong></span> <span class='ocrx_word' id='word_1_400' title='bbox 3293 2729 3590 2784; x_wconf 89' lang='lat' dir='ltr'>commissi</span> <span class='ocrx_word' id='word_1_401' title='bbox 3653 2739 3802 2795; x_wconf 88' lang='lat' dir='ltr'><strong>quam</strong></span> 
     </span>
    </p>
   </div>
   <div class='ocr_carea' id='block_1_57' title="bbox 2209 2821 3804 2895">
    <p class='ocr_par' dir='ltr' id='par_1_57' title="bbox 2209 2821 3804 2895">
     <span class='ocr_line' id='line_1_58' title="bbox 2209 2821 3804 2895; baseline -0.004 -17"><span class='ocrx_word' id='word_1_402' title='bbox 2209 2825 2449 2879; x_wconf 78' lang='lat' dir='ltr'><strong>maxima</strong></span> <span class='ocrx_word' id='word_1_403' title='bbox 2479 2834 2705 2895; x_wconf 85' lang='lat' dir='ltr'><strong>possent</strong></span> <span class='ocrx_word' id='word_1_404' title='bbox 2729 2835 2850 2879; x_wconf 84' lang='lat' dir='ltr'><strong>arte</strong></span> <span class='ocrx_word' id='word_1_405' title='bbox 2875 2833 3040 2894; x_wconf 87' lang='lat' dir='ltr'><strong>atque</strong></span> <span class='ocrx_word' id='word_1_406' title='bbox 3062 2825 3338 2879; x_wconf 89' lang='lat' dir='ltr'><strong>industria</strong></span> <span class='ocrx_word' id='word_1_407' title='bbox 3379 2821 3631 2894; x_wconf 78' lang='lat' dir='ltr'><strong>gerendi,</strong></span> <span class='ocrx_word' id='word_1_408' title='bbox 3685 2833 3804 2873; x_wconf 89' lang='lat' dir='ltr'><strong>con-</strong></span> 
     </span>
    </p>
   </div>
   <div class='ocr_carea' id='block_1_58' title="bbox 2209 2909 3805 2988">
    <p class='ocr_par' dir='ltr' id='par_1_58' title="bbox 2209 2909 3805 2988">
     <span class='ocr_line' id='line_1_59' title="bbox 2209 2909 3805 2988; baseline -0.006 -19"><span class='ocrx_word' id='word_1_409' title='bbox 2209 2917 2394 2972; x_wconf 86' lang='lat' dir='ltr'><strong>festim</strong></span> <span class='ocrx_word' id='word_1_410' title='bbox 2440 2918 2619 2972; x_wconf 86' lang='lat' dir='ltr'><strong>itineri</strong></span> <span class='ocrx_word' id='word_1_411' title='bbox 2655 2935 2715 2972; x_wconf 89' lang='lat' dir='ltr'><strong>se</strong></span> <span class='ocrx_word' id='word_1_412' title='bbox 2751 2919 2881 2972; x_wconf 85' lang='lat' dir='ltr'><strong>dare</strong></span> <span class='ocrx_word' id='word_1_413' title='bbox 2913 2925 3174 2988; x_wconf 83' lang='lat' dir='ltr'><strong>rectaque</strong></span> <span class='ocrx_word' id='word_1_414' title='bbox 3197 2916 3264 2970; x_wconf 88' lang='lat' dir='ltr'><strong>ad</strong></span> <span class='ocrx_word' id='word_1_415' title='bbox 3311 2915 3621 2971; x_wconf 86' lang='lat' dir='ltr'>Catelanos</span> <span class='ocrx_word' id='word_1_416' title='bbox 3670 2909 3805 2964; x_wconf 77' lang='lat' dir='ltr'><strong>cele-</strong></span> 
     </span>
    </p>
   </div>
   <div class='ocr_carea' id='block_1_59' title="bbox 2209 2997 3808 3078">
    <p class='ocr_par' dir='ltr' id='par_1_59' title="bbox 2209 2997 3808 3078">
     <span class='ocr_line' id='line_1_60' title="bbox 2209 2997 3808 3078; baseline -0.008 -15"><span class='ocrx_word' id='word_1_417' title='bbox 2209 3011 2344 3064; x_wconf 87' lang='lat' dir='ltr'><strong>riter</strong></span> <span class='ocrx_word' id='word_1_418' title='bbox 2379 3025 2438 3064; x_wconf 91' lang='lat' dir='ltr'><strong>se</strong></span> <span class='ocrx_word' id='word_1_419' title='bbox 2473 3009 2728 3063; x_wconf 88' lang='lat' dir='ltr'><strong>conferre</strong></span> <span class='ocrx_word' id='word_1_420' title='bbox 2753 3008 2896 3078; x_wconf 86' lang='lat' dir='ltr'><strong>jussi</strong></span> <span class='ocrx_word' id='word_1_421' title='bbox 2951 3015 3104 3063; x_wconf 89' lang='lat' dir='ltr'>sunt.</span> <span class='ocrx_word' id='word_1_422' title='bbox 3166 3007 3560 3061; x_wconf 83' lang='lat' dir='ltr'><strong>Admoverunt</strong></span> <span class='ocrx_word' id='word_1_423' title='bbox 3623 3017 3684 3057; x_wconf 85' lang='lat' dir='ltr'>se</span> <span class='ocrx_word' id='word_1_424' title='bbox 3738 2997 3808 3052; x_wconf 90' lang='lat' dir='ltr'>illi</span> 
     </span>
    </p>
   </div>
   <div class='ocr_carea' id='block_1_60' title="bbox 2207 3089 3808 3178">
    <p class='ocr_par' dir='ltr' id='par_1_60' title="bbox 2207 3089 3808 3178">
     <span class='ocr_line' id='line_1_61' title="bbox 2207 3089 3808 3178; baseline -0.009 -21"><span class='ocrx_word' id='word_1_425' title='bbox 2207 3101 2460 3172; x_wconf 85' lang='lat' dir='ltr'><strong>Gallipoli</strong></span> <span class='ocrx_word' id='word_1_426' title='bbox 2495 3101 2946 3178; x_wconf 72' lang='lat' dir='ltr'><strong>primum,quam</strong></span> <span class='ocrx_word' id='word_1_427' title='bbox 2981 3099 3232 3170; x_wconf 82' lang='lat' dir='ltr'><strong>proxime</strong></span> <span class='ocrx_word' id='word_1_428' title='bbox 3281 3107 3472 3154; x_wconf 87' lang='lat' dir='ltr'><strong>tutqu</strong></span> <span class='ocrx_word' id='word_1_429' title='bbox 3534 3095 3656 3160; x_wconf 84' lang='lat' dir='ltr'>fuit;</span> <span class='ocrx_word' id='word_1_430' title='bbox 3717 3089 3808 3144; x_wconf 86' lang='lat' dir='ltr'><strong>ad-</strong></span> 
     </span>
    </p>
   </div>
   <div class='ocr_carea' id='block_1_61' title="bbox 519 3182 3810 3266">
    <p class='ocr_par' dir='ltr' id='par_1_61' title="bbox 519 3182 3810 3266">
     <span class='ocr_line' id='line_1_62' title="bbox 519 3182 3810 3266; baseline -0.001 -26"><span class='ocrx_word' id='word_1_431' title='bbox 519 3187 810 3257; x_wconf 86' lang='lat' dir='ltr'><strong>potuisset,</strong></span> <span class='ocrx_word' id='word_1_432' title='bbox 851 3190 1074 3241; x_wconf 83' lang='lat' dir='ltr'><strong>fractam</strong></span> <span class='ocrx_word' id='word_1_433' title='bbox 1109 3189 1248 3241; x_wconf 83' lang='lat' dir='ltr'><strong>hanc</strong></span> <span class='ocrx_word' id='word_1_434' title='bbox 1275 3203 1502 3256; x_wconf 90' lang='lat' dir='ltr'><strong>prorsus</strong></span> <span class='ocrx_word' id='word_1_435' title='bbox 1539 3205 1637 3243; x_wconf 89' lang='lat' dir='ltr'><strong>nec</strong></span> <span class='ocrx_word' id='word_1_436' title='bbox 1676 3189 1818 3242; x_wconf 84' lang='lat' dir='ltr'><strong>ultra</strong></span> <span class='ocrx_word' id='word_1_437' title='bbox 1877 3202 2099 3255; x_wconf 87' lang='lat' dir='ltr'><strong>proces-</strong></span> <span class='ocrx_word' id='word_1_438' title='bbox 2132 3199 2176 3258; x_wconf 74' lang='grc' dir='ltr'>ο</span> <span class='ocrx_word' id='word_1_439' title='bbox 2211 3198 2475 3266; x_wconf 79' lang='lat' dir='ltr'><strong>missique</strong></span> <span class='ocrx_word' id='word_1_440' title='bbox 2503 3196 2555 3249; x_wconf 93' lang='lat' dir='ltr'>in</span> <span class='ocrx_word' id='word_1_441' title='bbox 2590 3195 2701 3250; x_wconf 87' lang='lat' dir='ltr'><strong>illic</strong></span> <span class='ocrx_word' id='word_1_442' title='bbox 2730 3193 2898 3248; x_wconf 85' lang='lat' dir='ltr'>situm</span> <span class='ocrx_word' id='word_1_443' title='bbox 2938 3191 3366 3260; x_wconf 88' lang='lat' dir='ltr'>imperatorium</span> <span class='ocrx_word' id='word_1_444' title='bbox 3401 3197 3653 3246; x_wconf 88' lang='lat' dir='ltr'><strong>castrum</strong></span> <span class='ocrx_word' id='word_1_445' title='bbox 3691 3182 3810 3240; x_wconf 85' lang='lat' dir='ltr'><strong>inde</strong></span> 
     </span>
    </p>
   </div>
   <div class='ocr_carea' id='block_1_62' title="bbox 518 3281 2108 3347">
    <p class='ocr_par' dir='ltr' id='par_1_62' title="bbox 518 3281 2108 3347">
     <span class='ocr_line' id='line_1_63' title="bbox 518 3281 2108 3347; baseline -0.001 -11"><span class='ocrx_word' id='word_1_446' title='bbox 518 3295 705 3336; x_wconf 85' lang='lat' dir='ltr'><strong>suram</strong></span> <span class='ocrx_word' id='word_1_447' title='bbox 775 3281 1203 3347; x_wconf 84' lang='lat' dir='ltr'><strong>negotiationem</strong></span> <span class='ocrx_word' id='word_1_448' title='bbox 1277 3296 1424 3336; x_wconf 87' lang='lat' dir='ltr'><strong>esse.</strong></span> <span class='ocrx_word' id='word_1_449' title='bbox 1478 3282 1727 3336; x_wconf 84' lang='lat' dir='ltr'><strong>Addebat</strong></span> <span class='ocrx_word' id='word_1_450' title='bbox 1783 3281 1949 3336; x_wconf 90' lang='lat' dir='ltr'><strong>videri</strong></span> <span class='ocrx_word' id='word_1_451' title='bbox 2002 3281 2108 3335; x_wconf 87' lang='lat' dir='ltr'>sibi</span> 
     </span>
    </p>
   </div>
   <div class='ocr_carea' id='block_1_63' title="bbox 519 3373 2105 3443">
    <p class='ocr_par' dir='ltr' id='par_1_63' title="bbox 519 3373 2105 3443">
     <span class='ocr_line' id='line_1_64' title="bbox 519 3373 2105 3443; baseline 0.001 -15"><span class='ocrx_word' id='word_1_452' title='bbox 519 3374 676 3429; x_wconf 85' lang='lat' dir='ltr'>facile</span> <span class='ocrx_word' id='word_1_453' title='bbox 698 3373 810 3443; x_wconf 86' lang='lat' dir='ltr'><strong>jam</strong></span> <span class='ocrx_word' id='word_1_454' title='bbox 841 3374 962 3429; x_wconf 91' lang='lat' dir='ltr'><strong>fore</strong></span> <span class='ocrx_word' id='word_1_455' title='bbox 990 3373 1173 3429; x_wconf 87' lang='lat' dir='ltr'>induci</span> <span class='ocrx_word' id='word_1_456' title='bbox 1196 3373 1489 3432; x_wconf 79' lang='lat' dir='ltr'><strong>Catelanos</strong></span> <span class='ocrx_word' id='word_1_457' title='bbox 1521 3376 1587 3431; x_wconf 89' lang='lat' dir='ltr'><strong>ad</strong></span> <span class='ocrx_word' id='word_1_458' title='bbox 1614 3377 1959 3436; x_wconf 84' lang='lat' dir='ltr'><strong>tractandum</strong></span> <span class='ocrx_word' id='word_1_459' title='bbox 1987 3376 2105 3429; x_wconf 91' lang='lat' dir='ltr'>dis-</span> 
     </span>
    </p>
   </div>
   <div class='ocr_carea' id='block_1_64' title="bbox 515 3464 2106 3538">
    <p class='ocr_par' dir='ltr' id='par_1_64' title="bbox 515 3464 2106 3538">
     <span class='ocr_line' id='line_1_65' title="bbox 515 3464 2106 3538; baseline 0.002 -19"><span class='ocrx_word' id='word_1_460' title='bbox 515 3464 922 3536; x_wconf 85' lang='lat' dir='ltr'><strong>quirendasquc</strong></span> <span class='ocrx_word' id='word_1_461' title='bbox 953 3469 1320 3522; x_wconf 81' lang='lat' dir='ltr'><strong>communiter</strong></span> <span class='ocrx_word' id='word_1_462' title='bbox 1366 3469 1515 3524; x_wconf 91' lang='lat' dir='ltr'>utilis</span> <span class='ocrx_word' id='word_1_463' title='bbox 1566 3470 1820 3538; x_wconf 86' lang='lat' dir='ltr'><strong>utrinque</strong></span> <span class='ocrx_word' id='word_1_464' title='bbox 1863 3484 2106 3522; x_wconf 85' lang='lat' dir='ltr'><strong>conven-</strong></span> 
     </span>
    </p>
   </div>
   <div class='ocr_carea' id='block_1_65' title="bbox 515 3559 2105 3630">
    <p class='ocr_par' dir='ltr' id='par_1_65' title="bbox 515 3559 2105 3630">
     <span class='ocr_line' id='line_1_66' title="bbox 515 3559 2105 3630; baseline -0.002 -17"><span class='ocrx_word' id='word_1_465' title='bbox 515 3560 686 3614; x_wconf 86' lang='lat' dir='ltr'>tionis</span> <span class='ocrx_word' id='word_1_466' title='bbox 710 3559 850 3623; x_wconf 88' lang='lat' dir='ltr'><strong>vias,</strong></span> <span class='ocrx_word' id='word_1_467' title='bbox 883 3562 1044 3614; x_wconf 90' lang='lat' dir='ltr'><strong>modo</strong></span> <span class='ocrx_word' id='word_1_468' title='bbox 1074 3560 1371 3629; x_wconf 82' lang='lat' dir='ltr'><strong>imperator</strong></span> <span class='ocrx_word' id='word_1_469' title='bbox 1411 3574 1511 3614; x_wconf 92' lang='lat' dir='ltr'>nec</span> <span class='ocrx_word' id='word_1_470' title='bbox 1537 3559 1716 3630; x_wconf 89' lang='lat' dir='ltr'>ipsum</span> <span class='ocrx_word' id='word_1_471' title='bbox 1767 3573 1827 3613; x_wconf 90' lang='lat' dir='ltr'><strong>se</strong></span> <span class='ocrx_word' id='word_1_472' title='bbox 1868 3574 2105 3628; x_wconf 87' lang='lat' dir='ltr'><strong>propen-</strong></span> 
     </span>
    </p>
   </div>
   <div class='ocr_carea' id='block_1_66' title="bbox 515 3650 2102 3722">
    <p class='ocr_par' dir='ltr' id='par_1_66' title="bbox 515 3650 2102 3722">
     <span class='ocr_line' id='line_1_67' title="bbox 515 3650 2102 3722; baseline -0.001 -15"><span class='ocrx_word' id='word_1_473' title='bbox 515 3650 648 3707; x_wconf 85' lang='lat' dir='ltr'><strong>dere</strong></span> <span class='ocrx_word' id='word_1_474' title='bbox 669 3652 735 3706; x_wconf 88' lang='lat' dir='ltr'><strong>ad</strong></span> <span class='ocrx_word' id='word_1_475' title='bbox 783 3651 1169 3708; x_wconf 81' lang='lat' dir='ltr'>bellic-cnsilia</span> <span class='ocrx_word' id='word_1_476' title='bbox 1221 3670 1326 3707; x_wconf 92' lang='lat' dir='ltr'><strong>non</strong></span> <span class='ocrx_word' id='word_1_477' title='bbox 1375 3662 1696 3722; x_wconf 81' lang='lat' dir='ltr'><strong>gravaretur</strong></span> <span class='ocrx_word' id='word_1_478' title='bbox 1743 3651 1907 3722; x_wconf 70' lang='grc'><strong>564.</strong></span> <span class='ocrx_word' id='word_1_479' title='bbox 1958 3652 2102 3706; x_wconf 85' lang='lat' dir='ltr'>ultro</span> 
     </span>
    </p>
   </div>
   <div class='ocr_carea' id='block_1_67' title="bbox 517 3743 2099 3807">
    <p class='ocr_par' dir='ltr' id='par_1_67' title="bbox 517 3743 2099 3807">
     <span class='ocr_line' id='line_1_68' title="bbox 517 3743 2099 3807; baseline 0 -9"><span class='ocrx_word' id='word_1_480' title='bbox 517 3753 845 3805; x_wconf 82' lang='lat' dir='ltr'>monstrare.</span> <span class='ocrx_word' id='word_1_481' title='bbox 879 3746 1068 3801; x_wconf 89' lang='lat' dir='ltr'>missis</span> <span class='ocrx_word' id='word_1_482' title='bbox 1107 3747 1171 3799; x_wconf 88' lang='lat' dir='ltr'><strong>ad</strong></span> <span class='ocrx_word' id='word_1_483' title='bbox 1208 3762 1302 3800; x_wconf 89' lang='lat' dir='ltr'><strong>eos</strong></span> <span class='ocrx_word' id='word_1_484' title='bbox 1335 3746 1658 3800; x_wconf 82' lang='lat' dir='ltr'><strong>hominibus</strong></span> <span class='ocrx_word' id='word_1_485' title='bbox 1689 3745 1930 3798; x_wconf 82' lang='lat' dir='ltr'><strong>tnaxime</strong></span> <span class='ocrx_word' id='word_1_486' title='bbox 1953 3743 2099 3807; x_wconf 86' lang='lat' dir='ltr'><strong>fidis,</strong></span> 
     </span>
    </p>
   </div>
   <div class='ocr_carea' id='block_1_68' title="bbox 514 3832 2101 3904">
    <p class='ocr_par' dir='ltr' id='par_1_68' title="bbox 514 3832 2101 3904">
     <span class='ocr_line' id='line_1_69' title="bbox 514 3832 2101 3904; baseline 0.001 -18"><span class='ocrx_word' id='word_1_487' title='bbox 514 3848 749 3903; x_wconf 88' lang='lat' dir='ltr'><strong>quorum</strong></span> <span class='ocrx_word' id='word_1_488' title='bbox 783 3836 1053 3903; x_wconf 91' lang='lat' dir='ltr'>promissa</span> <span class='ocrx_word' id='word_1_489' title='bbox 1098 3837 1231 3904; x_wconf 88' lang='lat' dir='ltr'><strong>quin</strong></span> <span class='ocrx_word' id='word_1_490' title='bbox 1280 3836 1558 3890; x_wconf 86' lang='lat' dir='ltr'><strong>secuturis</strong></span> <span class='ocrx_word' id='word_1_491' title='bbox 1607 3845 1759 3887; x_wconf 90' lang='lat' dir='ltr'><strong>certo</strong></span> <span class='ocrx_word' id='word_1_492' title='bbox 1816 3832 2101 3890; x_wconf 76' lang='lat' dir='ltr'>ellectibus</span> 
     </span>
    </p>
   </div>
   <div class='ocr_carea' id='block_1_69' title="bbox 513 3923 2096 3994">
    <p class='ocr_par' dir='ltr' id='par_1_69' title="bbox 513 3923 2096 3994">
     <span class='ocr_line' id='line_1_70' title="bbox 513 3923 2096 3994; baseline -0.001 -13"><span class='ocrx_word' id='word_1_493' title='bbox 513 3927 711 3981; x_wconf 88' lang='lat' dir='ltr'><strong>deinde</strong></span> <span class='ocrx_word' id='word_1_494' title='bbox 738 3927 1106 3991; x_wconf 89' lang='lat' dir='ltr'><strong>sancirentur,</strong></span> <span class='ocrx_word' id='word_1_495' title='bbox 1141 3925 1286 3979; x_wconf 79' lang='lat' dir='ltr'>nulla</span> <span class='ocrx_word' id='word_1_496' title='bbox 1321 3933 1508 3994; x_wconf 90' lang='lat' dir='ltr'>posset</span> <span class='ocrx_word' id='word_1_497' title='bbox 1558 3924 1773 3980; x_wconf 83' lang='lat' dir='ltr'><strong>ratione</strong></span> <span class='ocrx_word' id='word_1_498' title='bbox 1831 3923 2096 3979; x_wconf 85' lang='lat' dir='ltr'><strong>dubitari.</strong></span> 
     </span>
    </p>
   </div>
   <div class='ocr_carea' id='block_1_70' title="bbox 515 4017 2095 4090">
    <p class='ocr_par' dir='ltr' id='par_1_70' title="bbox 515 4017 2095 4090">
     <span class='ocr_line' id='line_1_71' title="bbox 515 4017 2095 4090; baseline -0.001 -18"><span class='ocrx_word' id='word_1_499' title='bbox 515 4019 627 4074; x_wconf 84' lang='lat' dir='ltr'><strong>Hac</strong></span> <span class='ocrx_word' id='word_1_500' title='bbox 660 4020 962 4090; x_wconf 87' lang='lat' dir='ltr'><strong>imperator</strong></span> <span class='ocrx_word' id='word_1_501' title='bbox 994 4020 1245 4074; x_wconf 89' lang='lat' dir='ltr'><strong>oratione</strong></span> <span class='ocrx_word' id='word_1_502' title='bbox 1270 4017 1461 4072; x_wconf 83' lang='lat' dir='ltr'><strong>Jacobi</strong></span> <span class='ocrx_word' id='word_1_503' title='bbox 1490 4017 1713 4087; x_wconf 89' lang='lat' dir='ltr'>penitus</span> <span class='ocrx_word' id='word_1_504' title='bbox 1747 4017 1800 4071; x_wconf 93' lang='lat' dir='ltr'>in</span> <span class='ocrx_word' id='word_1_505' title='bbox 1850 4018 2095 4072; x_wconf 90' lang='lat' dir='ltr'><strong>animum</strong></span> 
     </span>
    </p>
   </div>
   <div class='ocr_carea' id='block_1_71' title="bbox 511 4110 2099 4182">
    <p class='ocr_par' dir='ltr' id='par_1_71' title="bbox 511 4110 2099 4182">
     <span class='ocr_line' id='line_1_72' title="bbox 511 4110 2099 4182; baseline -0.001 -17"><span class='ocrx_word' id='word_1_506' title='bbox 511 4113 776 4177; x_wconf 85' lang='lat' dir='ltr'><strong>admissa,</strong></span> <span class='ocrx_word' id='word_1_507' title='bbox 816 4120 1182 4182; x_wconf 70' lang='lat' dir='ltr'><strong>prmlerquam</strong></span> <span class='ocrx_word' id='word_1_508' title='bbox 1209 4110 1368 4179; x_wconf 87' lang='lat' dir='ltr'><strong>plane</strong></span> <span class='ocrx_word' id='word_1_509' title='bbox 1393 4125 1652 4165; x_wconf 85' lang='lat' dir='ltr'>assensus</span> <span class='ocrx_word' id='word_1_510' title='bbox 1698 4110 1747 4164; x_wconf 94' lang='lat' dir='ltr'>ei</span> <span class='ocrx_word' id='word_1_511' title='bbox 1802 4123 1886 4165; x_wconf 90' lang='lat' dir='ltr'><strong>est</strong></span> <span class='ocrx_word' id='word_1_512' title='bbox 1941 4111 2099 4164; x_wconf 88' lang='lat' dir='ltr'>incu-</span> 
     </span>
    </p>
   </div>
   <div class='ocr_carea' id='block_1_72' title="bbox 511 4203 2091 4276">
    <p class='ocr_par' dir='ltr' id='par_1_72' title="bbox 511 4203 2091 4276">
     <span class='ocr_line' id='line_1_73' title="bbox 511 4203 2091 4276; baseline -0.001 -18"><span class='ocrx_word' id='word_1_513' title='bbox 511 4205 739 4276; x_wconf 87' lang='lat' dir='ltr'><strong>buitque</strong></span> <span class='ocrx_word' id='word_1_514' title='bbox 770 4205 1071 4259; x_wconf 91' lang='lat' dir='ltr'><strong>omninoin</strong></span> <span class='ocrx_word' id='word_1_515' title='bbox 1133 4203 1465 4257; x_wconf 89' lang='lat' dir='ltr'>voluntatem</span> <span class='ocrx_word' id='word_1_516' title='bbox 1520 4203 1918 4274; x_wconf 79' lang='lat' dir='ltr'>pacificationis</span> <span class='ocrx_word' id='word_1_517' title='bbox 1964 4220 2091 4259; x_wconf 89' lang='lat' dir='ltr'>cum</span> 
     </span>
    </p>
   </div>
   <div class='ocr_carea' id='block_1_73' title="bbox 509 4294 2091 4367">
    <p class='ocr_par' dir='ltr' id='par_1_73' title="bbox 509 4294 2091 4367">
     <span class='ocr_line' id='line_1_74' title="bbox 509 4294 2091 4367; baseline 0 -17"><span class='ocrx_word' id='word_1_518' title='bbox 509 4298 867 4367; x_wconf 82' lang='lat' dir='ltr'>Amogabaris</span> <span class='ocrx_word' id='word_1_519' title='bbox 920 4294 1211 4359; x_wconf 79' lang='lat' dir='ltr'><strong>tentandae,</strong></span> <span class='ocrx_word' id='word_1_520' title='bbox 1283 4297 1448 4349; x_wconf 82' lang='lat' dir='ltr'><strong>etiam</strong></span> <span class='ocrx_word' id='word_1_521' title='bbox 1499 4296 1739 4364; x_wconf 79' lang='lat' dir='ltr'><strong>cogitare</strong></span> <span class='ocrx_word' id='word_1_522' title='bbox 1796 4296 1961 4365; x_wconf 81' lang='lat' dir='ltr'>cmpit</span> <span class='ocrx_word' id='word_1_523' title='bbox 2025 4297 2091 4350; x_wconf 89' lang='lat' dir='ltr'><strong>de</strong></span> 
     </span>
    </p>
   </div>
   <div class='ocr_carea' id='block_1_74' title="bbox 510 4387 2084 4458">
    <p class='ocr_par' dir='ltr' id='par_1_74' title="bbox 510 4387 2084 4458">
     <span class='ocr_line' id='line_1_75' title="bbox 510 4387 2084 4458; baseline -0.001 -17"><span class='ocrx_word' id='word_1_524' title='bbox 510 4389 615 4444; x_wconf 90' lang='lat' dir='ltr'>isto</span> <span class='ocrx_word' id='word_1_525' title='bbox 644 4389 765 4458; x_wconf 89' lang='lat' dir='ltr'>ipso</span> <span class='ocrx_word' id='word_1_526' title='bbox 794 4389 919 4442; x_wconf 83' lang='lat' dir='ltr'><strong>talis</strong></span> <span class='ocrx_word' id='word_1_527' title='bbox 947 4395 1173 4441; x_wconf 86' lang='lat' dir='ltr'>auctore</span> <span class='ocrx_word' id='word_1_528' title='bbox 1197 4387 1415 4441; x_wconf 86' lang='lat' dir='ltr'>consilii</span> <span class='ocrx_word' id='word_1_529' title='bbox 1467 4390 1518 4439; x_wconf 94' lang='lat' dir='ltr'><strong>in</strong></span> <span class='ocrx_word' id='word_1_530' title='bbox 1561 4388 1682 4456; x_wconf 87' lang='lat' dir='ltr'><strong>ejus</strong></span> <span class='ocrx_word' id='word_1_531' title='bbox 1744 4388 2084 4456; x_wconf 82' lang='lat' dir='ltr'><strong>exsequendi</strong></span> 
     </span>
    </p>
   </div>
   <div class='ocr_carea' id='block_1_75' title="bbox 507 4478 2084 4550">
    <p class='ocr_par' dir='ltr' id='par_1_75' title="bbox 507 4478 2084 4550">
     <span class='ocr_line' id='line_1_76' title="bbox 507 4478 2084 4550; baseline -0.001 -15"><span class='ocrx_word' id='word_1_532' title='bbox 507 4488 856 4550; x_wconf 88' lang='lat' dir='ltr'><strong>sequestrum</strong></span> <span class='ocrx_word' id='word_1_533' title='bbox 888 4487 941 4532; x_wconf 90' lang='lat' dir='ltr'><strong>et</strong></span> <span class='ocrx_word' id='word_1_534' title='bbox 993 4478 1304 4532; x_wconf 90' lang='lat' dir='ltr'>ministrum</span> <span class='ocrx_word' id='word_1_535' title='bbox 1367 4479 1698 4542; x_wconf 86' lang='lat' dir='ltr'><strong>adhibendo,</strong></span> <span class='ocrx_word' id='word_1_536' title='bbox 1750 4480 2084 4550; x_wconf 83' lang='lat' dir='ltr'><strong>quibusdam</strong></span> 
     </span>
    </p>
   </div>
   <div class='ocr_carea' id='block_1_76' title="bbox 2215 3275 3811 3353">
    <p class='ocr_par' dir='ltr' id='par_1_76' title="bbox 2215 3275 3811 3353">
     <span class='ocr_line' id='line_1_77' title="bbox 2215 3275 3811 3353; baseline -0.009 -10"><span class='ocrx_word' id='word_1_537' title='bbox 2215 3290 2489 3344; x_wconf 90' lang='lat' dir='ltr'>miserunt</span> <span class='ocrx_word' id='word_1_538' title='bbox 2527 3287 2829 3341; x_wconf 90' lang='lat' dir='ltr'><strong>indicatum</strong></span> <span class='ocrx_word' id='word_1_539' title='bbox 2869 3285 3150 3340; x_wconf 87' lang='lat' dir='ltr'>Catelanis</span> <span class='ocrx_word' id='word_1_540' title='bbox 3183 3284 3405 3340; x_wconf 83' lang='lat' dir='ltr'>habere</span> <span class='ocrx_word' id='word_1_541' title='bbox 3431 3299 3493 3340; x_wconf 90' lang='lat' dir='ltr'>se</span> <span class='ocrx_word' id='word_1_542' title='bbox 3517 3297 3640 3353; x_wconf 73' lang='lat' dir='ltr'><strong>qua:</strong></span> <span class='ocrx_word' id='word_1_543' title='bbox 3689 3275 3811 3348; x_wconf 84' lang='lat' dir='ltr'><strong>ipsis</strong></span> 
     </span>
    </p>
   </div>
   <div class='ocr_carea' id='block_1_77' title="bbox 2211 3375 3814 3448">
    <p class='ocr_par' dir='ltr' id='par_1_77' title="bbox 2211 3375 3814 3448">
     <span class='ocr_line' id='line_1_78' title="bbox 2211 3375 3814 3448; baseline -0.007 -16"><span class='ocrx_word' id='word_1_544' title='bbox 2211 3385 2583 3448; x_wconf 57' lang='lat' dir='ltr'><strong>proponet-nt</strong></span> <span class='ocrx_word' id='word_1_545' title='bbox 2612 3376 2984 3444; x_wconf 75' lang='lat' dir='ltr'><strong>imperatoris,</strong></span> <span class='ocrx_word' id='word_1_546' title='bbox 3027 3388 3058 3427; x_wconf 93' lang='lat' dir='ltr'>a</span> <span class='ocrx_word' id='word_1_547' title='bbox 3105 3388 3216 3443; x_wconf 89' lang='lat' dir='ltr'><strong>quo</strong></span> <span class='ocrx_word' id='word_1_548' title='bbox 3279 3375 3672 3435; x_wconf 86' lang='lat' dir='ltr'><strong>mitterentur,</strong></span> <span class='ocrx_word' id='word_1_549' title='bbox 3723 3382 3814 3422; x_wconf 86' lang='lat' dir='ltr'><strong>no-</strong></span> 
     </span>
    </p>
   </div>
   <div class='ocr_carea' id='block_1_78' title="bbox 2212 3455 3808 3536">
    <p class='ocr_par' dir='ltr' id='par_1_78' title="bbox 2212 3455 3808 3536">
     <span class='ocr_line' id='line_1_79' title="bbox 2212 3455 3808 3536; baseline -0.008 -14"><span class='ocrx_word' id='word_1_550' title='bbox 2212 3470 2380 3532; x_wconf 91' lang='lat' dir='ltr'><strong>mine,</strong></span> <span class='ocrx_word' id='word_1_551' title='bbox 2414 3475 2635 3536; x_wconf 88' lang='lat' dir='ltr'><strong>paratos</strong></span> <span class='ocrx_word' id='word_1_552' title='bbox 2661 3466 2727 3520; x_wconf 88' lang='lat' dir='ltr'><strong>ad</strong></span> <span class='ocrx_word' id='word_1_553' title='bbox 2754 3465 2904 3535; x_wconf 80' lang='lat' dir='ltr'>ipsos</span> <span class='ocrx_word' id='word_1_554' title='bbox 2937 3463 3225 3530; x_wconf 88' lang='lat' dir='ltr'><strong>accedere,</strong></span> <span class='ocrx_word' id='word_1_555' title='bbox 3260 3464 3444 3518; x_wconf 88' lang='lat' dir='ltr'><strong>modo</strong></span> <span class='ocrx_word' id='word_1_556' title='bbox 3480 3460 3672 3517; x_wconf 88' lang='lat' dir='ltr'>missis</span> <span class='ocrx_word' id='word_1_557' title='bbox 3715 3455 3808 3512; x_wconf 85' lang='lat' dir='ltr'><strong>ob-</strong></span> 
     </span>
    </p>
   </div>
   <div class='ocr_carea' id='block_1_79' title="bbox 2208 3547 3806 3627">
    <p class='ocr_par' dir='ltr' id='par_1_79' title="bbox 2208 3547 3806 3627">
     <span class='ocr_line' id='line_1_80' title="bbox 2208 3547 3806 3627; baseline -0.005 -15"><span class='ocrx_word' id='word_1_558' title='bbox 2208 3557 2566 3627; x_wconf 22' lang='lat' dir='ltr'><strong>sidibuslsuae</strong></span> <span class='ocrx_word' id='word_1_559' title='bbox 2604 3556 2848 3625; x_wconf 90' lang='lat' dir='ltr'><strong>ipsorum</strong></span> <span class='ocrx_word' id='word_1_560' title='bbox 2910 3552 3196 3608; x_wconf 88' lang='lat' dir='ltr'><strong>securitati</strong></span> <span class='ocrx_word' id='word_1_561' title='bbox 3253 3561 3583 3608; x_wconf 88' lang='lat' dir='ltr'><strong>caveretur.</strong></span> <span class='ocrx_word' id='word_1_562' title='bbox 3642 3547 3806 3615; x_wconf 68' lang='lat' dir='ltr'><strong>Equa</strong></span> 
     </span>
    </p>
   </div>
   <div class='ocr_carea' id='block_1_80' title="bbox 2207 3637 3805 3718">
    <p class='ocr_par' dir='ltr' id='par_1_80' title="bbox 2207 3637 3805 3718">
     <span class='ocr_line' id='line_1_81' title="bbox 2207 3637 3805 3718; baseline -0.009 -14"><span class='ocrx_word' id='word_1_563' title='bbox 2207 3656 2262 3704; x_wconf 91' lang='lat' dir='ltr'>et</span> <span class='ocrx_word' id='word_1_564' title='bbox 2293 3647 2664 3718; x_wconf 89' lang='lat' dir='ltr'><strong>impetrabilia</strong></span> <span class='ocrx_word' id='word_1_565' title='bbox 2699 3646 2812 3715; x_wconf 87' lang='lat' dir='ltr'><strong>peti</strong></span> <span class='ocrx_word' id='word_1_566' title='bbox 2843 3645 2961 3700; x_wconf 88' lang='lat' dir='ltr'>visa</span> <span class='ocrx_word' id='word_1_567' title='bbox 2997 3653 3146 3701; x_wconf 90' lang='lat' dir='ltr'>sunt.</span> <span class='ocrx_word' id='word_1_568' title='bbox 3179 3641 3487 3699; x_wconf 82' lang='lat' dir='ltr'><strong>Mittuntur</strong></span> <span class='ocrx_word' id='word_1_569' title='bbox 3522 3656 3656 3712; x_wconf 75' lang='lat' dir='ltr'><strong>ergo</strong></span> <span class='ocrx_word' id='word_1_570' title='bbox 3689 3637 3805 3692; x_wconf 84' lang='lat' dir='ltr'>Cal-</span> 
     </span>
    </p>
   </div>
   <div class='ocr_carea' id='block_1_81' title="bbox 2205 3734 3804 3808">
    <p class='ocr_par' dir='ltr' id='par_1_81' title="bbox 2205 3734 3804 3808">
     <span class='ocr_line' id='line_1_82' title="bbox 2205 3734 3804 3808; baseline -0.008 -17"><span class='ocrx_word' id='word_1_571' title='bbox 2205 3737 2358 3808; x_wconf 92' lang='lat' dir='ltr'>lipoli</span> <span class='ocrx_word' id='word_1_572' title='bbox 2395 3736 2656 3807; x_wconf 90' lang='lat' dir='ltr'><strong>postulati</strong></span> <span class='ocrx_word' id='word_1_573' title='bbox 2689 3734 2934 3799; x_wconf 86' lang='lat' dir='ltr'><strong>obsides,</strong></span> <span class='ocrx_word' id='word_1_574' title='bbox 2970 3735 3025 3788; x_wconf 91' lang='lat' dir='ltr'><strong>in</strong></span> <span class='ocrx_word' id='word_1_575' title='bbox 3076 3742 3262 3788; x_wconf 89' lang='lat' dir='ltr'>castro</span> <span class='ocrx_word' id='word_1_576' title='bbox 3314 3734 3579 3788; x_wconf 80' lang='lat' dir='ltr'><strong>Romano</strong></span> <span class='ocrx_word' id='word_1_577' title='bbox 3632 3734 3804 3784; x_wconf 85' lang='lat' dir='ltr'>custo-</span> 
     </span>
    </p>
   </div>
   <div class='ocr_carea' id='block_1_82' title="bbox 2205 3818 3805 3898">
    <p class='ocr_par' dir='ltr' id='par_1_82' title="bbox 2205 3818 3805 3898">
     <span class='ocr_line' id='line_1_83' title="bbox 2205 3818 3805 3898; baseline -0.009 -13"><span class='ocrx_word' id='word_1_578' title='bbox 2205 3829 2416 3893; x_wconf 87' lang='lat' dir='ltr'><strong>diendi,</strong></span> <span class='ocrx_word' id='word_1_579' title='bbox 2449 3826 2629 3898; x_wconf 87' lang='lat' dir='ltr'><strong>quoad</strong></span> <span class='ocrx_word' id='word_1_580' title='bbox 2664 3829 2722 3884; x_wconf 90' lang='lat' dir='ltr'><strong>in</strong></span> <span class='ocrx_word' id='word_1_581' title='bbox 2753 3835 3030 3898; x_wconf 88' lang='lat' dir='ltr'>potestate</span> <span class='ocrx_word' id='word_1_582' title='bbox 3065 3826 3468 3882; x_wconf 87' lang='lat' dir='ltr'><strong>Catelanorum</strong></span> <span class='ocrx_word' id='word_1_583' title='bbox 3530 3822 3689 3879; x_wconf 86' lang='lat' dir='ltr'><strong>missi</strong></span> <span class='ocrx_word' id='word_1_584' title='bbox 3745 3818 3805 3872; x_wconf 87' lang='lat' dir='ltr'>ab</span> 
     </span>
    </p>
   </div>
   <div class='ocr_carea' id='block_1_83' title="bbox 2203 3910 3805 3995">
    <p class='ocr_par' dir='ltr' id='par_1_83' title="bbox 2203 3910 3805 3995">
     <span class='ocr_line' id='line_1_84' title="bbox 2203 3910 3805 3995; baseline -0.008 -18"><span class='ocrx_word' id='word_1_585' title='bbox 2203 3922 2537 3995; x_wconf 85' lang='lat' dir='ltr'>imperatore</span> <span class='ocrx_word' id='word_1_586' title='bbox 2567 3922 2960 3993; x_wconf 90' lang='lat' dir='ltr'>perstitissent,</span> <span class='ocrx_word' id='word_1_587' title='bbox 2996 3921 3051 3975; x_wconf 93' lang='lat' dir='ltr'>in</span> <span class='ocrx_word' id='word_1_588' title='bbox 3086 3919 3290 3990; x_wconf 78' lang='lat' dir='ltr'><strong>pignus</strong></span> <span class='ocrx_word' id='word_1_589' title='bbox 3327 3918 3464 3976; x_wconf 86' lang='lat' dir='ltr'><strong>fidei</strong></span> <span class='ocrx_word' id='word_1_590' title='bbox 3508 3931 3620 3988; x_wconf 89' lang='lat' dir='ltr'><strong>qua</strong></span> <span class='ocrx_word' id='word_1_591' title='bbox 3679 3910 3805 3968; x_wconf 85' lang='lat' dir='ltr'>nihil</span> 
     </span>
    </p>
   </div>
   <div class='ocr_carea' id='block_1_84' title="bbox 2203 4004 3803 4083">
    <p class='ocr_par' dir='ltr' id='par_1_84' title="bbox 2203 4004 3803 4083">
     <span class='ocr_line' id='line_1_85' title="bbox 2203 4004 3803 4083; baseline -0.009 -17"><span class='ocrx_word' id='word_1_592' title='bbox 2203 4013 2355 4083; x_wconf 87' lang='lat' dir='ltr'>ipsos</span> <span class='ocrx_word' id='word_1_593' title='bbox 2406 4026 2678 4081; x_wconf 88' lang='lat' dir='ltr'>passuros</span> <span class='ocrx_word' id='word_1_594' title='bbox 2754 4010 3014 4066; x_wconf 89' lang='lat' dir='ltr'><strong>acerbum</strong></span> <span class='ocrx_word' id='word_1_595' title='bbox 3064 4007 3320 4062; x_wconf 79' lang='lat' dir='ltr'><strong>Catelani</strong></span> <span class='ocrx_word' id='word_1_596' title='bbox 3387 4004 3803 4077; x_wconf 83' lang='lat' dir='ltr'>promittebant.</span> 
     </span>
    </p>
   </div>
   <div class='ocr_carea' id='block_1_85' title="bbox 2202 4104 3804 4174">
    <p class='ocr_par' dir='ltr' id='par_1_85' title="bbox 2202 4104 3804 4174">
     <span class='ocr_line' id='line_1_86' title="bbox 2202 4104 3804 4174; baseline -0.004 -14"><span class='ocrx_word' id='word_1_597' title='bbox 2202 4107 2494 4160; x_wconf 84' lang='lat' dir='ltr'><strong>Mittuntur</strong></span> <span class='ocrx_word' id='word_1_598' title='bbox 2525 4112 2579 4160; x_wconf 93' lang='lat' dir='ltr'>et</span> <span class='ocrx_word' id='word_1_599' title='bbox 2607 4105 2732 4174; x_wconf 91' lang='lat' dir='ltr'><strong>equi</strong></span> <span class='ocrx_word' id='word_1_600' title='bbox 2756 4104 2999 4174; x_wconf 86' lang='lat' dir='ltr'><strong>quinque</strong></span> <span class='ocrx_word' id='word_1_601' title='bbox 3043 4117 3142 4174; x_wconf 91' lang='lat' dir='ltr'>pro</span> <span class='ocrx_word' id='word_1_602' title='bbox 3202 4116 3454 4156; x_wconf 90' lang='lat' dir='ltr'>numero</span> <span class='ocrx_word' id='word_1_603' title='bbox 3483 4104 3804 4170; x_wconf 71' lang='lat' dir='ltr'><strong>legatorum.</strong></span> 
     </span>
    </p>
   </div>
   <div class='ocr_carea' id='block_1_86' title="bbox 2201 4191 3806 4268">
    <p class='ocr_par' dir='ltr' id='par_1_86' title="bbox 2201 4191 3806 4268">
     <span class='ocr_line' id='line_1_87' title="bbox 2201 4191 3806 4268; baseline -0.012 -13"><span class='ocrx_word' id='word_1_604' title='bbox 2201 4196 2362 4268; x_wconf 77' lang='lat'><strong>565</strong></span> <span class='ocrx_word' id='word_1_605' title='bbox 2386 4211 2510 4252; x_wconf 85' lang='lat' dir='ltr'>cum</span> <span class='ocrx_word' id='word_1_606' title='bbox 2533 4193 2798 4248; x_wconf 89' lang='lat' dir='ltr'>militibus</span> <span class='ocrx_word' id='word_1_607' title='bbox 2818 4194 3066 4256; x_wconf 80' lang='lat' dir='ltr'><strong>tatidem,</strong></span> <span class='ocrx_word' id='word_1_608' title='bbox 3086 4191 3293 4262; x_wconf 88' lang='lat' dir='ltr'><strong>quibus</strong></span> <span class='ocrx_word' id='word_1_609' title='bbox 3309 4201 3442 4248; x_wconf 84' lang='lat' dir='ltr'><strong>erat</strong></span> <span class='ocrx_word' id='word_1_610' title='bbox 3493 4191 3806 4246; x_wconf 84' lang='lat' dir='ltr'><strong>mandatum</strong></span> 
     </span>
    </p>
   </div>
   <div class='ocr_carea' id='block_1_87' title="bbox 2198 4276 3808 4353">
    <p class='ocr_par' dir='ltr' id='par_1_87' title="bbox 2198 4276 3808 4353">
     <span class='ocr_line' id='line_1_88' title="bbox 2198 4276 3808 4353; baseline -0.009 -11"><span class='ocrx_word' id='word_1_611' title='bbox 2198 4297 2258 4342; x_wconf 91' lang='lat' dir='ltr'><strong>ut</strong></span> <span class='ocrx_word' id='word_1_612' title='bbox 2288 4302 2320 4341; x_wconf 88' lang='lat' dir='ltr'><strong>a</strong></span> <span class='ocrx_word' id='word_1_613' title='bbox 2344 4296 2496 4353; x_wconf 80' lang='lat' dir='ltr'><strong>tergo</strong></span> <span class='ocrx_word' id='word_1_614' title='bbox 2536 4282 2898 4353; x_wconf 88' lang='lat' dir='ltr'>imperialium</span> <span class='ocrx_word' id='word_1_615' title='bbox 2932 4283 3224 4338; x_wconf 88' lang='lat' dir='ltr'>missormn</span> <span class='ocrx_word' id='word_1_616' title='bbox 3259 4285 3468 4339; x_wconf 87' lang='lat' dir='ltr'><strong>eodem</strong></span> <span class='ocrx_word' id='word_1_617' title='bbox 3511 4296 3640 4337; x_wconf 90' lang='lat' dir='ltr'><strong>cum</strong></span> <span class='ocrx_word' id='word_1_618' title='bbox 3685 4276 3808 4348; x_wconf 90' lang='lat' dir='ltr'>ipsis</span> 
     </span>
    </p>
   </div>
   <div class='ocr_carea' id='block_1_88' title="bbox 2198 4371 3808 4446">
    <p class='ocr_par' dir='ltr' id='par_1_88' title="bbox 2198 4371 3808 4446">
     <span class='ocr_line' id='line_1_89' title="bbox 2198 4371 3808 4446; baseline -0.007 -15"><span class='ocrx_word' id='word_1_619' title='bbox 2198 4393 2342 4446; x_wconf 89' lang='lat' dir='ltr'><strong>equo</strong></span> <span class='ocrx_word' id='word_1_620' title='bbox 2377 4376 2730 4431; x_wconf 76' lang='lat' dir='ltr'><strong>veherentur.</strong></span> <span class='ocrx_word' id='word_1_621' title='bbox 2757 4374 2919 4430; x_wconf 83' lang='lat' dir='ltr'>Ratio</span> <span class='ocrx_word' id='word_1_622' title='bbox 2957 4374 3357 4444; x_wconf 77' lang='lat' dir='ltr'><strong>inexspectata:</strong></span> <span class='ocrx_word' id='word_1_623' title='bbox 3375 4371 3808 4446; x_wconf 68' lang='lat' dir='ltr'>praescriptionis</span> 
     </span>
    </p>
   </div>
   <div class='ocr_carea' id='block_1_89' title="bbox 2196 4461 3809 4537">
    <p class='ocr_par' dir='ltr' id='par_1_89' title="bbox 2196 4461 3809 4537">
     <span class='ocr_line' id='line_1_90' title="bbox 2196 4461 3809 4537; baseline -0.014 -12"><span class='ocrx_word' id='word_1_624' title='bbox 2196 4469 2533 4537; x_wconf 80' lang='lat' dir='ltr'><strong>allegabatur</strong></span> <span class='ocrx_word' id='word_1_625' title='bbox 2565 4469 2836 4524; x_wconf 80' lang='lat' dir='ltr'><strong>securitas</strong></span> <span class='ocrx_word' id='word_1_626' title='bbox 2858 4467 3181 4537; x_wconf 75' lang='lat' dir='ltr'><strong>legatorum,</strong></span> <span class='ocrx_word' id='word_1_627' title='bbox 3199 4482 3352 4537; x_wconf 76' lang='lat' dir='ltr'><strong>quos</strong></span> <span class='ocrx_word' id='word_1_628' title='bbox 3393 4471 3478 4524; x_wconf 72' lang='lat' dir='ltr'><strong>sic</strong></span> <span class='ocrx_word' id='word_1_629' title='bbox 3503 4479 3694 4524; x_wconf 69' lang='grc' dir='ltr'><strong>ουειοε</strong></span> <span class='ocrx_word' id='word_1_630' title='bbox 3717 4461 3809 4515; x_wconf 68' lang='lat' dir='ltr'><strong>ad-</strong></span> 
     </span>
    </p>
   </div>
   <div class='ocr_carea' id='block_1_90' title="bbox 507 4544 3810 4641">
    <p class='ocr_par' dir='ltr' id='par_1_90' title="bbox 507 4544 3810 4641">
     <span class='ocr_line' id='line_1_91' title="bbox 507 4544 3810 4641; baseline -0.005 -15"><span class='ocrx_word' id='word_1_631' title='bbox 507 4544 602 4626; x_wconf 44' lang='lat' dir='ltr'>illi-</span> <span class='ocrx_word' id='word_1_632' title='bbox 621 4574 686 4625; x_wconf 85' lang='lat' dir='ltr'><strong>ad</strong></span> <span class='ocrx_word' id='word_1_633' title='bbox 716 4571 821 4626; x_wconf 87' lang='lat' dir='ltr'>hoc</span> <span class='ocrx_word' id='word_1_634' title='bbox 849 4569 1050 4624; x_wconf 88' lang='lat' dir='ltr'><strong>additis</strong></span> <span class='ocrx_word' id='word_1_635' title='bbox 1080 4571 1268 4634; x_wconf 74' lang='lat' dir='ltr'><strong>sociis,</strong></span> <span class='ocrx_word' id='word_1_636' title='bbox 1311 4568 1385 4624; x_wconf 83' lang='lat' dir='ltr'><strong>Ac</strong></span> <span class='ocrx_word' id='word_1_637' title='bbox 1423 4544 1820 4640; x_wconf 85' lang='lat' dir='ltr'><strong>peridoneusis</strong></span> <span class='ocrx_word' id='word_1_638' title='bbox 1842 4573 2084 4641; x_wconf 85' lang='lat' dir='ltr'><strong>quidem,</strong></span> <span class='ocrx_word' id='word_1_639' title='bbox 2119 4544 2162 4599; x_wconf 84' lang='grc' dir='ltr'><strong>Ῐ)</strong></span> <span class='ocrx_word' id='word_1_640' title='bbox 2197 4563 2410 4617; x_wconf 58' lang='lat' dir='ltr'><strong>haerens</strong></span> <span class='ocrx_word' id='word_1_641' title='bbox 2429 4563 2497 4616; x_wconf 92' lang='lat' dir='ltr'><strong>ab</strong></span> <span class='ocrx_word' id='word_1_642' title='bbox 2517 4560 2810 4615; x_wconf 90' lang='lat' dir='ltr'>insultibus</span> <span class='ocrx_word' id='word_1_643' title='bbox 2833 4558 2972 4614; x_wconf 92' lang='lat' dir='ltr'><strong>forte</strong></span> <span class='ocrx_word' id='word_1_644' title='bbox 2987 4560 3276 4613; x_wconf 90' lang='lat' dir='ltr'>obviorum</span> <span class='ocrx_word' id='word_1_645' title='bbox 3298 4561 3601 4615; x_wconf 85' lang='lat' dir='ltr'><strong>hominum</strong></span> <span class='ocrx_word' id='word_1_646' title='bbox 3622 4559 3705 4614; x_wconf 85' lang='lat' dir='ltr'><strong>sui</strong></span> <span class='ocrx_word' id='word_1_647' title='bbox 3725 4572 3810 4625; x_wconf 80' lang='lat' dir='ltr'><strong>ge-</strong></span> 
     </span>
    </p>
   </div>
   <div class='ocr_carea' id='block_1_91' title="bbox 507 4662 2092 4734">
    <p class='ocr_par' dir='ltr' id='par_1_91' title="bbox 507 4662 2092 4734">
     <span class='ocr_line' id='line_1_92' title="bbox 507 4662 2092 4734; baseline -0.002 -15"><span class='ocrx_word' id='word_1_648' title='bbox 507 4680 609 4733; x_wconf 87' lang='lat' dir='ltr'><strong>pro</strong></span> <span class='ocrx_word' id='word_1_649' title='bbox 637 4664 829 4734; x_wconf 89' lang='lat' dir='ltr'><strong>peri.ia</strong></span> <span class='ocrx_word' id='word_1_650' title='bbox 857 4662 1296 4718; x_wconf 87' lang='lat' dir='ltr'><strong>Catelauicarum</strong></span> <span class='ocrx_word' id='word_1_651' title='bbox 1327 4679 1533 4727; x_wconf 90' lang='lat' dir='ltr'><strong>rerum,</strong></span> <span class='ocrx_word' id='word_1_652' title='bbox 1565 4665 1609 4717; x_wconf 93' lang='lat' dir='ltr'>si</span> <span class='ocrx_word' id='word_1_653' title='bbox 1636 4678 1763 4733; x_wconf 37' lang='lat' dir='ltr'><strong>,par</strong></span> <span class='ocrx_word' id='word_1_654' title='bbox 1815 4677 1944 4732; x_wconf 78' lang='lat' dir='ltr'><strong>erga</strong></span> <span class='ocrx_word' id='word_1_655' title='bbox 2003 4678 2092 4717; x_wconf 89' lang='lat' dir='ltr'><strong>res</strong></span> 
     </span>
    </p>
   </div>
   <div class='ocr_carea' id='block_1_92' title="bbox 505 4755 2090 4826">
    <p class='ocr_par' dir='ltr' id='par_1_92' title="bbox 505 4755 2090 4826">
     <span class='ocr_line' id='line_1_93' title="bbox 505 4755 2090 4826; baseline -0.003 -14"><span class='ocrx_word' id='word_1_656' title='bbox 505 4756 719 4826; x_wconf 87' lang='lat' dir='ltr'>imperii</span> <span class='ocrx_word' id='word_1_657' title='bbox 755 4757 998 4811; x_wconf 90' lang='lat' dir='ltr'><strong>studium</strong></span> <span class='ocrx_word' id='word_1_658' title='bbox 1032 4771 1096 4810; x_wconf 88' lang='lat' dir='ltr'><strong>ac</strong></span> <span class='ocrx_word' id='word_1_659' title='bbox 1129 4755 1264 4810; x_wconf 85' lang='lat' dir='ltr'><strong>ﬁdes</strong></span> <span class='ocrx_word' id='word_1_660' title='bbox 1298 4772 1404 4809; x_wconf 89' lang='lat' dir='ltr'><strong>non</strong></span> <span class='ocrx_word' id='word_1_661' title='bbox 1428 4755 1660 4821; x_wconf 89' lang='lat' dir='ltr'><strong>deforet,</strong></span> <span class='ocrx_word' id='word_1_662' title='bbox 1693 4755 1761 4808; x_wconf 87' lang='lat' dir='ltr'><strong>ad</strong></span> <span class='ocrx_word' id='word_1_663' title='bbox 1817 4755 2090 4824; x_wconf 89' lang='lat' dir='ltr'><strong>ejusmodi</strong></span> 
     </span>
    </p>
   </div>
   <div class='ocr_carea' id='block_1_93' title="bbox 504 4846 2094 4916">
    <p class='ocr_par' dir='ltr' id='par_1_93' title="bbox 504 4846 2094 4916">
     <span class='ocr_line' id='line_1_94' title="bbox 504 4846 2094 4916; baseline -0.002 -13"><span class='ocrx_word' id='word_1_664' title='bbox 504 4848 784 4916; x_wconf 78' lang='lat' dir='ltr'>negotium</span> <span class='ocrx_word' id='word_1_665' title='bbox 819 4847 1040 4901; x_wconf 81' lang='lat' dir='ltr'><strong>futurus</strong></span> <span class='ocrx_word' id='word_1_666' title='bbox 1075 4846 1387 4902; x_wconf 84' lang='lat' dir='ltr'>videbatur.</span> <span class='ocrx_word' id='word_1_667' title='bbox 1417 4847 1634 4902; x_wconf 87' lang='lat' dir='ltr'><strong>Timere</strong></span> <span class='ocrx_word' id='word_1_668' title='bbox 1658 4859 1842 4900; x_wconf 88' lang='lat' dir='ltr'><strong>tamen</strong></span> <span class='ocrx_word' id='word_1_669' title='bbox 1862 4849 2094 4914; x_wconf 81' lang='lat' dir='ltr'><strong>cogebat</strong></span> 
     </span>
    </p>
   </div>
   <div class='ocr_carea' id='block_1_94' title="bbox 504 4939 2092 5010">
    <p class='ocr_par' dir='ltr' id='par_1_94' title="bbox 504 4939 2092 5010">
     <span class='ocr_line' id='line_1_95' title="bbox 504 4939 2092 5010; baseline -0.002 -13"><span class='ocrx_word' id='word_1_670' title='bbox 504 4940 964 5010; x_wconf 83' lang='lat' dir='ltr'><strong>consanguinitas</strong></span> <span class='ocrx_word' id='word_1_671' title='bbox 997 4941 1116 5008; x_wconf 90' lang='lat' dir='ltr'><strong>ejus</strong></span> <span class='ocrx_word' id='word_1_672' title='bbox 1147 4949 1202 4995; x_wconf 90' lang='lat' dir='ltr'><strong>et</strong></span> <span class='ocrx_word' id='word_1_673' title='bbox 1229 4941 1423 4994; x_wconf 90' lang='lat' dir='ltr'><strong>intima</strong></span> <span class='ocrx_word' id='word_1_674' title='bbox 1447 4939 1802 4994; x_wconf 88' lang='lat' dir='ltr'><strong>necessitudo</strong></span> <span class='ocrx_word' id='word_1_675' title='bbox 1823 4954 1947 4993; x_wconf 91' lang='lat' dir='ltr'><strong>cum</strong></span> <span class='ocrx_word' id='word_1_676' title='bbox 1995 4940 2092 4994; x_wconf 87' lang='lat' dir='ltr'><strong>ho-</strong></span> 
     </span>
    </p>
   </div>
   <div class='ocr_carea' id='block_1_95' title="bbox 503 5031 2088 5099">
    <p class='ocr_par' dir='ltr' id='par_1_95' title="bbox 503 5031 2088 5099">
     <span class='ocr_line' id='line_1_96' title="bbox 503 5031 2088 5099; baseline -0.002 -10"><span class='ocrx_word' id='word_1_677' title='bbox 503 5035 702 5099; x_wconf 83' lang='lat' dir='ltr'><strong>stibus,</strong></span> <span class='ocrx_word' id='word_1_678' title='bbox 735 5049 804 5087; x_wconf 89' lang='lat' dir='ltr'><strong>ne</strong></span> <span class='ocrx_word' id='word_1_679' title='bbox 840 5032 1096 5087; x_wconf 90' lang='lat' dir='ltr'>omniain</span> <span class='ocrx_word' id='word_1_680' title='bbox 1127 5031 1369 5088; x_wconf 83' lang='lat' dir='ltr'><strong>favorem</strong></span> <span class='ocrx_word' id='word_1_681' title='bbox 1404 5047 1631 5087; x_wconf 91' lang='lat' dir='ltr'>suorum</span> <span class='ocrx_word' id='word_1_682' title='bbox 1665 5032 1826 5086; x_wconf 87' lang='lat' dir='ltr'><strong>unice</strong></span> <span class='ocrx_word' id='word_1_683' title='bbox 1861 5033 2088 5087; x_wconf 88' lang='lat' dir='ltr'>trahens</span> 
     </span>
    </p>
   </div>
   <div class='ocr_carea' id='block_1_96' title="bbox 502 5125 2088 5198">
    <p class='ocr_par' dir='ltr' id='par_1_96' title="bbox 502 5125 2088 5198">
     <span class='ocr_line' id='line_1_97' title="bbox 502 5125 2088 5198; baseline 0 -17"><span class='ocrx_word' id='word_1_684' title='bbox 502 5129 722 5198; x_wconf 82' lang='lat' dir='ltr'><strong>aliquod</strong></span> <span class='ocrx_word' id='word_1_685' title='bbox 753 5127 990 5182; x_wconf 79' lang='lat' dir='ltr'><strong>fortasse</strong></span> <span class='ocrx_word' id='word_1_686' title='bbox 1023 5128 1101 5182; x_wconf 92' lang='lat' dir='ltr'>rei</span> <span class='ocrx_word' id='word_1_687' title='bbox 1129 5125 1393 5182; x_wconf 72' lang='lat' dir='ltr'><strong>Romana:</strong></span> <span class='ocrx_word' id='word_1_688' title='bbox 1438 5141 1602 5195; x_wconf 81' lang='lat' dir='ltr'>grave</span> <span class='ocrx_word' id='word_1_689' title='bbox 1659 5127 1921 5180; x_wconf 89' lang='lat' dir='ltr'>damnum</span> <span class='ocrx_word' id='word_1_690' title='bbox 1984 5128 2088 5181; x_wconf 92' lang='lat' dir='ltr'><strong>im-</strong></span> 
     </span>
    </p>
   </div>
   <div class='ocr_carea' id='block_1_97' title="bbox 505 5221 2097 5288">
    <p class='ocr_par' dir='ltr' id='par_1_97' title="bbox 505 5221 2097 5288">
     <span class='ocr_line' id='line_1_98' title="bbox 505 5221 2097 5288; baseline 0.003 -17"><span class='ocrx_word' id='word_1_691' title='bbox 505 5231 769 5288; x_wconf 78' lang='lat' dir='ltr'>portaret.</span> <span class='ocrx_word' id='word_1_692' title='bbox 807 5222 1007 5277; x_wconf 82' lang='lat' dir='ltr'><strong>Verum</strong></span> <span class='ocrx_word' id='word_1_693' title='bbox 1043 5233 1235 5276; x_wconf 87' lang='lat' dir='ltr'><strong>contra</strong></span> <span class='ocrx_word' id='word_1_694' title='bbox 1269 5223 1428 5275; x_wconf 88' lang='lat' dir='ltr'><strong>istam</strong></span> <span class='ocrx_word' id='word_1_695' title='bbox 1481 5221 1830 5276; x_wconf 90' lang='lat' dir='ltr'><strong>formidinem</strong></span> <span class='ocrx_word' id='word_1_696' title='bbox 1892 5222 2097 5276; x_wconf 89' lang='lat' dir='ltr'><strong>confir-</strong></span> 
     </span>
    </p>
   </div>
   <div class='ocr_carea' id='block_1_98' title="bbox 505 5314 2092 5382">
    <p class='ocr_par' dir='ltr' id='par_1_98' title="bbox 505 5314 2092 5382">
     <span class='ocr_line' id='line_1_99' title="bbox 505 5314 2092 5382; baseline 0.003 -17"><span class='ocrx_word' id='word_1_697' title='bbox 505 5315 672 5367; x_wconf 61' lang='lat' dir='ltr'>mivit</span> <span class='ocrx_word' id='word_1_698' title='bbox 707 5316 1002 5382; x_wconf 85' lang='lat' dir='ltr'>imperator</span> <span class='ocrx_word' id='word_1_699' title='bbox 1029 5315 1195 5369; x_wconf 88' lang='lat' dir='ltr'><strong>facile</strong></span> <span class='ocrx_word' id='word_1_700' title='bbox 1222 5314 1498 5380; x_wconf 91' lang='lat' dir='ltr'><strong>animum,</strong></span> <span class='ocrx_word' id='word_1_701' title='bbox 1531 5327 1820 5370; x_wconf 87' lang='lat' dir='ltr'>autumans</span> <span class='ocrx_word' id='word_1_702' title='bbox 1852 5317 1934 5370; x_wconf 87' lang='lat' dir='ltr'><strong>vel</strong></span> <span class='ocrx_word' id='word_1_703' title='bbox 1957 5317 2092 5369; x_wconf 85' lang='lat' dir='ltr'>alio-</span> 
     </span>
    </p>
   </div>
   <div class='ocr_carea' id='block_1_99' title="bbox 507 5405 2090 5475">
    <p class='ocr_par' dir='ltr' id='par_1_99' title="bbox 507 5405 2090 5475">
     <span class='ocr_line' id='line_1_100' title="bbox 507 5405 2090 5475; baseline 0.003 -16"><span class='ocrx_word' id='word_1_704' title='bbox 507 5423 622 5460; x_wconf 89' lang='lat' dir='ltr'>rum</span> <span class='ocrx_word' id='word_1_705' title='bbox 655 5407 758 5460; x_wconf 90' lang='lat' dir='ltr'>sibi</span> <span class='ocrx_word' id='word_1_706' title='bbox 791 5406 1184 5461; x_wconf 86' lang='lat' dir='ltr'><strong>fidissimorutn</strong></span> <span class='ocrx_word' id='word_1_707' title='bbox 1223 5405 1540 5460; x_wconf 89' lang='lat' dir='ltr'><strong>interventu</strong></span> <span class='ocrx_word' id='word_1_708' title='bbox 1596 5407 1938 5475; x_wconf 79' lang='lat' dir='ltr'><strong>collegarum</strong></span> <span class='ocrx_word' id='word_1_709' title='bbox 2005 5410 2090 5464; x_wconf 90' lang='lat' dir='ltr'><strong>vel</strong></span> 
     </span>
    </p>
   </div>
   <div class='ocr_carea' id='block_1_100' title="bbox 501 5497 2090 5568">
    <p class='ocr_par' dir='ltr' id='par_1_100' title="bbox 501 5497 2090 5568">
     <span class='ocr_line' id='line_1_101' title="bbox 501 5497 2090 5568; baseline 0.002 -16"><span class='ocrx_word' id='word_1_710' title='bbox 501 5511 700 5555; x_wconf 65' lang='lat' dir='ltr'><strong>caetera</strong></span> <span class='ocrx_word' id='word_1_711' title='bbox 738 5515 834 5552; x_wconf 87' lang='lat' dir='ltr'>sua</span> <span class='ocrx_word' id='word_1_712' title='bbox 869 5497 1152 5568; x_wconf 80' lang='lat' dir='ltr'><strong>vigilantia</strong></span> <span class='ocrx_word' id='word_1_713' title='bbox 1197 5498 1613 5566; x_wconf 67' lang='lat' dir='ltr'>praecavendum</span> <span class='ocrx_word' id='word_1_714' title='bbox 1661 5515 1825 5555; x_wconf 90' lang='lat' dir='ltr'><strong>omne</strong></span> <span class='ocrx_word' id='word_1_715' title='bbox 1879 5500 2090 5557; x_wconf 87' lang='lat' dir='ltr'>incom-</span> 
     </span>
    </p>
   </div>
   <div class='ocr_carea' id='block_1_101' title="bbox 502 5588 2090 5661">
    <p class='ocr_par' dir='ltr' id='par_1_101' title="bbox 502 5588 2090 5661">
     <span class='ocr_line' id='line_1_102' title="bbox 502 5588 2090 5661; baseline 0.002 -16"><span class='ocrx_word' id='word_1_716' title='bbox 502 5595 724 5646; x_wconf 89' lang='lat' dir='ltr'>modum</span> <span class='ocrx_word' id='word_1_717' title='bbox 763 5591 1056 5660; x_wconf 88' lang='lat' dir='ltr'><strong>ejusmodi.</strong></span> <span class='ocrx_word' id='word_1_718' title='bbox 1089 5588 1311 5644; x_wconf 80' lang='lat' dir='ltr'><strong>Minime</strong></span> <span class='ocrx_word' id='word_1_719' title='bbox 1343 5591 1511 5660; x_wconf 81' lang='lat' dir='ltr'><strong>igitur</strong></span> <span class='ocrx_word' id='word_1_720' title='bbox 1568 5591 1940 5661; x_wconf 88' lang='lat' dir='ltr'>periculosmn</span> <span class='ocrx_word' id='word_1_721' title='bbox 2000 5609 2090 5648; x_wconf 89' lang='lat' dir='ltr'><strong>ar-</strong></span> 
     </span>
    </p>
   </div>
   <div class='ocr_carea' id='block_1_102' title="bbox 504 5681 2088 5753">
    <p class='ocr_par' dir='ltr' id='par_1_102' title="bbox 504 5681 2088 5753">
     <span class='ocr_line' id='line_1_103' title="bbox 504 5681 2088 5753; baseline 0.003 -17"><span class='ocrx_word' id='word_1_722' title='bbox 504 5687 741 5739; x_wconf 78' lang='lat' dir='ltr'><strong>bitrutus</strong></span> <span class='ocrx_word' id='word_1_723' title='bbox 766 5691 818 5737; x_wconf 89' lang='lat' dir='ltr'>et</span> <span class='ocrx_word' id='word_1_724' title='bbox 843 5684 995 5742; x_wconf 77' lang='lat' dir='ltr'><strong>hunc</strong></span> <span class='ocrx_word' id='word_1_725' title='bbox 1027 5681 1082 5734; x_wconf 89' lang='lat' dir='ltr'>in</span> <span class='ocrx_word' id='word_1_726' title='bbox 1115 5690 1268 5749; x_wconf 88' lang='lat' dir='ltr'><strong>parte</strong></span> <span class='ocrx_word' id='word_1_727' title='bbox 1295 5683 1584 5753; x_wconf 75' lang='lat' dir='ltr'>legationis</span> <span class='ocrx_word' id='word_1_728' title='bbox 1614 5685 1682 5739; x_wconf 87' lang='lat' dir='ltr'><strong>ad</strong></span> <span class='ocrx_word' id='word_1_729' title='bbox 1707 5700 1897 5753; x_wconf 88' lang='lat' dir='ltr'><strong>pacem</strong></span> <span class='ocrx_word' id='word_1_730' title='bbox 1926 5685 2088 5740; x_wconf 87' lang='lat' dir='ltr'><strong>Cate-</strong></span> 
     </span>
    </p>
   </div>
   <div class='ocr_carea' id='block_1_103' title="bbox 502 5771 2088 5842">
    <p class='ocr_par' dir='ltr' id='par_1_103' title="bbox 502 5771 2088 5842">
     <span class='ocr_line' id='line_1_104' title="bbox 502 5771 2088 5842; baseline 0.002 -17"><span class='ocrx_word' id='word_1_731' title='bbox 502 5774 644 5828; x_wconf 81' lang='lat' dir='ltr'><strong>lanis</strong></span> <span class='ocrx_word' id='word_1_732' title='bbox 707 5771 1120 5842; x_wconf 88' lang='lat' dir='ltr'><strong>proponendam</strong></span> <span class='ocrx_word' id='word_1_733' title='bbox 1193 5771 1472 5826; x_wconf 62' lang='lat' dir='ltr'><strong>mittenda:</strong></span> <span class='ocrx_word' id='word_1_734' title='bbox 1503 5775 1739 5838; x_wconf 81' lang='lat' dir='ltr'><strong>censeri,</strong></span> <span class='ocrx_word' id='word_1_735' title='bbox 1787 5774 2088 5829; x_wconf 92' lang='lat' dir='ltr'><strong>dummodo</strong></span> 
     </span>
    </p>
   </div>
   <div class='ocr_carea' id='block_1_104' title="bbox 501 5863 2093 5937">
    <p class='ocr_par' dir='ltr' id='par_1_104' title="bbox 501 5863 2093 5937">
     <span class='ocr_line' id='line_1_105' title="bbox 501 5863 2093 5937; baseline 0.002 -16"><span class='ocrx_word' id='word_1_736' title='bbox 501 5865 606 5921; x_wconf 81' lang='lat' dir='ltr'>sibi</span> <span class='ocrx_word' id='word_1_737' title='bbox 638 5863 799 5918; x_wconf 84' lang='lat' dir='ltr'><strong>fidem</strong></span> <span class='ocrx_word' id='word_1_738' title='bbox 835 5863 904 5919; x_wconf 87' lang='lat' dir='ltr'><strong>ad</strong></span> <span class='ocrx_word' id='word_1_739' title='bbox 938 5863 993 5919; x_wconf 91' lang='lat' dir='ltr'><strong>id</strong></span> <span class='ocrx_word' id='word_1_740' title='bbox 1025 5872 1173 5920; x_wconf 85' lang='lat' dir='ltr'><strong>recte</strong></span> <span class='ocrx_word' id='word_1_741' title='bbox 1205 5863 1477 5934; x_wconf 82' lang='lat' dir='ltr'><strong>agendum</strong></span> <span class='ocrx_word' id='word_1_742' title='bbox 1500 5865 1886 5937; x_wconf 76' lang='lat' dir='ltr'><strong>obstringeret,</strong></span> <span class='ocrx_word' id='word_1_743' title='bbox 1915 5866 2007 5937; x_wconf 93' lang='lat' dir='ltr'><strong>jus</strong></span> <span class='ocrx_word' id='word_1_744' title='bbox 2022 5867 2093 5923; x_wconf 88' lang='lat' dir='ltr'><strong>ab</strong></span> 
     </span>
    </p>
   </div>
   <div class='ocr_carea' id='block_1_105' title="bbox 2201 4651 3810 4723">
    <p class='ocr_par' dir='ltr' id='par_1_105' title="bbox 2201 4651 3810 4723">
     <span class='ocr_line' id='line_1_106' title="bbox 2201 4651 3810 4723; baseline -0.007 -13"><span class='ocrx_word' id='word_1_745' title='bbox 2201 4656 2372 4717; x_wconf 87' lang='lat' dir='ltr'>neris,</span> <span class='ocrx_word' id='word_1_746' title='bbox 2397 4653 2466 4708; x_wconf 91' lang='lat' dir='ltr'><strong>ab</strong></span> <span class='ocrx_word' id='word_1_747' title='bbox 2488 4653 2686 4723; x_wconf 83' lang='lat' dir='ltr'>agnitis</span> <span class='ocrx_word' id='word_1_748' title='bbox 2708 4666 2738 4706; x_wconf 93' lang='lat' dir='ltr'><strong>e</strong></span> <span class='ocrx_word' id='word_1_749' title='bbox 2765 4659 2915 4706; x_wconf 88' lang='lat' dir='ltr'>veste</span> <span class='ocrx_word' id='word_1_750' title='bbox 2943 4651 3203 4706; x_wconf 81' lang='lat' dir='ltr'><strong>Romanis</strong></span> <span class='ocrx_word' id='word_1_751' title='bbox 3227 4651 3386 4706; x_wconf 86' lang='lat' dir='ltr'><strong>haud</strong></span> <span class='ocrx_word' id='word_1_752' title='bbox 3411 4652 3580 4706; x_wconf 84' lang='lat' dir='ltr'><strong>facile</strong></span> <span class='ocrx_word' id='word_1_753' title='bbox 3607 4660 3810 4718; x_wconf 85' lang='lat' dir='ltr'><strong>tempe-</strong></span> 
     </span>
    </p>
   </div>
   <div class='ocr_carea' id='block_1_106' title="bbox 2201 4740 3809 4812">
    <p class='ocr_par' dir='ltr' id='par_1_106' title="bbox 2201 4740 3809 4812">
     <span class='ocr_line' id='line_1_107' title="bbox 2201 4740 3809 4812; baseline -0.007 -9"><span class='ocrx_word' id='word_1_754' title='bbox 2201 4755 2513 4803; x_wconf 87' lang='lat' dir='ltr'><strong>raturorum</strong></span> <span class='ocrx_word' id='word_1_755' title='bbox 2536 4760 2749 4812; x_wconf 88' lang='lat' dir='ltr'><strong>manus,</strong></span> <span class='ocrx_word' id='word_1_756' title='bbox 2769 4741 3102 4799; x_wconf 84' lang='lat' dir='ltr'><strong>defenderet.</strong></span> <span class='ocrx_word' id='word_1_757' title='bbox 3122 4743 3227 4796; x_wconf 90' lang='lat' dir='ltr'><strong>Sed</strong></span> <span class='ocrx_word' id='word_1_758' title='bbox 3249 4754 3567 4811; x_wconf 73' lang='lat' dir='ltr'>prmtextus</span> <span class='ocrx_word' id='word_1_759' title='bbox 3587 4746 3675 4798; x_wconf 87' lang='lat' dir='ltr'><strong>hic</strong></span> <span class='ocrx_word' id='word_1_760' title='bbox 3691 4740 3809 4794; x_wconf 89' lang='lat' dir='ltr'><strong>fuit.</strong></span> 
     </span>
    </p>
   </div>
   <div class='ocr_carea' id='block_1_107' title="bbox 2208 4834 3808 4907">
    <p class='ocr_par' dir='ltr' id='par_1_107' title="bbox 2208 4834 3808 4907">
     <span class='ocr_line' id='line_1_108' title="bbox 2208 4834 3808 4907; baseline -0.006 -16"><span class='ocrx_word' id='word_1_761' title='bbox 2208 4837 2344 4892; x_wconf 87' lang='lat' dir='ltr'><strong>Vera</strong></span> <span class='ocrx_word' id='word_1_762' title='bbox 2360 4837 2528 4902; x_wconf 88' lang='lat' dir='ltr'>enim,</span> <span class='ocrx_word' id='word_1_763' title='bbox 2549 4849 2603 4890; x_wconf 89' lang='lat' dir='ltr'><strong>ut</strong></span> <span class='ocrx_word' id='word_1_764' title='bbox 2620 4836 2711 4904; x_wconf 91' lang='lat' dir='ltr'><strong>qui</strong></span> <span class='ocrx_word' id='word_1_765' title='bbox 2736 4835 2971 4905; x_wconf 87' lang='lat' dir='ltr'><strong>penitius</strong></span> <span class='ocrx_word' id='word_1_766' title='bbox 2987 4834 3808 4907; x_wconf 84' lang='lat' dir='ltr'><strong>introspiciebantjudicarunt,</strong></span> 
     </span>
    </p>
   </div>
   <div class='ocr_carea' id='block_1_108' title="bbox 2202 4925 3810 4998">
    <p class='ocr_par' dir='ltr' id='par_1_108' title="bbox 2202 4925 3810 4998">
     <span class='ocr_line' id='line_1_109' title="bbox 2202 4925 3810 4998; baseline -0.005 -14"><span class='ocrx_word' id='word_1_767' title='bbox 2202 4945 2369 4985; x_wconf 86' lang='lat' dir='ltr'><strong>causa</strong></span> <span class='ocrx_word' id='word_1_768' title='bbox 2392 4930 2512 4998; x_wconf 89' lang='lat' dir='ltr'>ejus</span> <span class='ocrx_word' id='word_1_769' title='bbox 2535 4929 2663 4984; x_wconf 87' lang='lat' dir='ltr'><strong>facti</strong></span> <span class='ocrx_word' id='word_1_770' title='bbox 2682 4937 2820 4994; x_wconf 88' lang='lat' dir='ltr'><strong>erat,</strong></span> <span class='ocrx_word' id='word_1_771' title='bbox 2845 4937 2902 4982; x_wconf 92' lang='lat' dir='ltr'><strong>ut</strong></span> <span class='ocrx_word' id='word_1_772' title='bbox 2929 4943 3023 4998; x_wconf 90' lang='lat' dir='ltr'><strong>per</strong></span> <span class='ocrx_word' id='word_1_773' title='bbox 3050 4926 3241 4981; x_wconf 80' lang='lat' dir='ltr'>allixos</span> <span class='ocrx_word' id='word_1_774' title='bbox 3264 4927 3412 4997; x_wconf 90' lang='lat' dir='ltr'>ipsis</span> <span class='ocrx_word' id='word_1_775' title='bbox 3439 4930 3690 4983; x_wconf 87' lang='lat' dir='ltr'><strong>arbitros</strong></span> <span class='ocrx_word' id='word_1_776' title='bbox 3739 4925 3810 4977; x_wconf 62' lang='lat' dir='ltr'><strong>leo</strong></span> 
     </span>
    </p>
   </div>
   <div class='ocr_carea' id='block_1_109' title="bbox 2193 5019 3810 5091">
    <p class='ocr_par' dir='ltr' id='par_1_109' title="bbox 2193 5019 3810 5091">
     <span class='ocr_line' id='line_1_110' title="bbox 2193 5019 3810 5091; baseline -0.004 -17"><span class='ocrx_word' id='word_1_777' title='bbox 2193 5021 2300 5091; x_wconf 81' lang='lat' dir='ltr'>gati</span> <span class='ocrx_word' id='word_1_778' title='bbox 2327 5020 2751 5090; x_wconf 89' lang='lat' dir='ltr'><strong>prohiberentur</strong></span> <span class='ocrx_word' id='word_1_779' title='bbox 2787 5021 3071 5088; x_wconf 82' lang='lat' dir='ltr'><strong>explorare</strong></span> <span class='ocrx_word' id='word_1_780' title='bbox 3103 5019 3633 5090; x_wconf 73' lang='lat' dir='ltr'><strong>circumspicienda</strong></span> <span class='ocrx_word' id='word_1_781' title='bbox 3691 5031 3810 5087; x_wconf 87' lang='lat' dir='ltr'><strong>per-</strong></span> 
     </span>
    </p>
   </div>
   <div class='ocr_carea' id='block_1_110' title="bbox 2193 5108 3812 5181">
    <p class='ocr_par' dir='ltr' id='par_1_110' title="bbox 2193 5108 3812 5181">
     <span class='ocr_line' id='line_1_111' title="bbox 2193 5108 3812 5181; baseline -0.005 -15"><span class='ocrx_word' id='word_1_782' title='bbox 2193 5111 2574 5181; x_wconf 87' lang='lat' dir='ltr'><strong>contandoque</strong></span> <span class='ocrx_word' id='word_1_783' title='bbox 2597 5118 2796 5166; x_wconf 89' lang='lat' dir='ltr'>statum</span> <span class='ocrx_word' id='word_1_784' title='bbox 2821 5111 3100 5177; x_wconf 89' lang='lat' dir='ltr'>Callipolis</span> <span class='ocrx_word' id='word_1_785' title='bbox 3159 5119 3508 5180; x_wconf 84' lang='lat' dir='ltr'><strong>praesentem</strong></span> <span class='ocrx_word' id='word_1_786' title='bbox 3537 5108 3812 5166; x_wconf 88' lang='lat' dir='ltr'>curiosius</span> 
     </span>
    </p>
   </div>
   <div class='ocr_carea' id='block_1_111' title="bbox 2195 5200 3808 5278">
    <p class='ocr_par' dir='ltr' id='par_1_111' title="bbox 2195 5200 3808 5278">
     <span class='ocr_line' id='line_1_112' title="bbox 2195 5200 3808 5278; baseline -0.002 -22"><span class='ocrx_word' id='word_1_787' title='bbox 2195 5219 2362 5274; x_wconf 87' lang='lat' dir='ltr'><strong>quam</strong></span> <span class='ocrx_word' id='word_1_788' title='bbox 2390 5212 2567 5257; x_wconf 87' lang='lat' dir='ltr'>tutum</span> <span class='ocrx_word' id='word_1_789' title='bbox 2597 5203 2688 5256; x_wconf 90' lang='lat' dir='ltr'>tali</span> <span class='ocrx_word' id='word_1_790' title='bbox 2715 5211 2963 5273; x_wconf 86' lang='lat' dir='ltr'>tempore</span> <span class='ocrx_word' id='word_1_791' title='bbox 2983 5202 3262 5256; x_wconf 84' lang='lat' dir='ltr'><strong>Catelanis</strong></span> <span class='ocrx_word' id='word_1_792' title='bbox 3287 5203 3346 5257; x_wconf 90' lang='lat' dir='ltr'>in</span> <span class='ocrx_word' id='word_1_793' title='bbox 3369 5218 3506 5259; x_wconf 89' lang='lat' dir='ltr'>arce</span> <span class='ocrx_word' id='word_1_794' title='bbox 3556 5218 3680 5278; x_wconf 18' lang='lat' dir='ltr'><strong>una.</strong></span> <span class='ocrx_word' id='word_1_795' title='bbox 3723 5200 3808 5252; x_wconf 73' lang='lat' dir='ltr'><strong>illa</strong></span> 
     </span>
    </p>
   </div>
   <div class='ocr_carea' id='block_1_112' title="bbox 2197 5293 3378 5352">
    <p class='ocr_par' dir='ltr' id='par_1_112' title="bbox 2197 5293 3378 5352">
     <span class='ocr_line' id='line_1_113' title="bbox 2197 5293 3378 5352; baseline 0 -1"><span class='ocrx_word' id='word_1_796' title='bbox 2197 5311 2464 5351; x_wconf 88' lang='lat' dir='ltr'><strong>summam</strong></span> <span class='ocrx_word' id='word_1_797' title='bbox 2492 5311 2676 5348; x_wconf 88' lang='lat' dir='ltr'><strong>rerum</strong></span> <span class='ocrx_word' id='word_1_798' title='bbox 2728 5295 3053 5350; x_wconf 82' lang='lat' dir='ltr'><strong>habentibus</strong></span> <span class='ocrx_word' id='word_1_799' title='bbox 3070 5293 3378 5352; x_wconf 80' lang='lat' dir='ltr'><strong>videretur.</strong></span> 
     </span>
    </p>
   </div>
   <div class='ocr_carea' id='block_1_113' title="bbox 2310 5409 3709 5477">
    <p class='ocr_par' dir='ltr' id='par_1_113' title="bbox 2310 5409 3709 5477">
     <span class='ocr_line' id='line_1_114' title="bbox 2310 5409 3709 5477; baseline 0.001 -13"><span class='ocrx_word' id='word_1_800' title='bbox 2310 5413 2367 5464; x_wconf 72' lang='grc'><strong>2.</strong></span> <span class='ocrx_word' id='word_1_801' title='bbox 2399 5409 2586 5464; x_wconf 77' lang='lat' dir='ltr'><strong>Oratio</strong></span> <span class='ocrx_word' id='word_1_802' title='bbox 2627 5409 2696 5462; x_wconf 86' lang='lat' dir='ltr'><strong>ad</strong></span> <span class='ocrx_word' id='word_1_803' title='bbox 2727 5409 3008 5464; x_wconf 77' lang='lat' dir='ltr'><strong>Cateldnos</strong></span> <span class='ocrx_word' id='word_1_804' title='bbox 3044 5410 3106 5463; x_wconf 89' lang='lat' dir='ltr'><strong>ab</strong></span> <span class='ocrx_word' id='word_1_805' title='bbox 3145 5412 3487 5477; x_wconf 81' lang='lat' dir='ltr'><strong>imperatore</strong></span> <span class='ocrx_word' id='word_1_806' title='bbox 3517 5412 3709 5466; x_wconf 72' lang='lat' dir='ltr'>missa.</span> 
     </span>
    </p>
   </div>
   <div class='ocr_carea' id='block_1_114' title="bbox 2279 5502 3808 5573">
    <p class='ocr_par' dir='ltr' id='par_1_114' title="bbox 2279 5502 3808 5573">
     <span class='ocr_line' id='line_1_115' title="bbox 2279 5502 3808 5573; baseline 0 -17"><span class='ocrx_word' id='word_1_807' title='bbox 2279 5502 2357 5557; x_wconf 87' lang='lat' dir='ltr'><strong>Illi</strong></span> <span class='ocrx_word' id='word_1_808' title='bbox 2387 5504 2679 5558; x_wconf 90' lang='lat' dir='ltr'><strong>introducti</strong></span> <span class='ocrx_word' id='word_1_809' title='bbox 2706 5507 2820 5557; x_wconf 65' lang='lat' dir='ltr'><strong>haec</strong></span> <span class='ocrx_word' id='word_1_810' title='bbox 2849 5505 3138 5561; x_wconf 77' lang='lat' dir='ltr'><strong>dixerunt:</strong></span> <span class='ocrx_word' id='word_1_811' title='bbox 3176 5525 3193 5555; x_wconf 75' lang='grc' dir='ltr'>ι</span> <span class='ocrx_word' id='word_1_812' title='bbox 3235 5503 3567 5573; x_wconf 83' lang='lat' dir='ltr'><strong>Imperator</strong></span> <span class='ocrx_word' id='word_1_813' title='bbox 3598 5505 3808 5562; x_wconf 80' lang='lat' dir='ltr'><strong>Andro—</strong></span> 
     </span>
    </p>
   </div>
   <div class='ocr_carea' id='block_1_115' title="bbox 2205 5592 3811 5661">
    <p class='ocr_par' dir='ltr' id='par_1_115' title="bbox 2205 5592 3811 5661">
     <span class='ocr_line' id='line_1_116' title="bbox 2205 5592 3811 5661; baseline -0.001 -13"><span class='ocrx_word' id='word_1_814' title='bbox 2205 5594 2383 5658; x_wconf 89' lang='lat' dir='ltr'><strong>nicus,</strong></span> <span class='ocrx_word' id='word_1_815' title='bbox 2417 5602 2610 5647; x_wconf 87' lang='lat' dir='ltr'><strong>noster</strong></span> <span class='ocrx_word' id='word_1_816' title='bbox 2641 5592 2860 5660; x_wconf 90' lang='lat' dir='ltr'><strong>quidem</strong></span> <span class='ocrx_word' id='word_1_817' title='bbox 2891 5595 3166 5661; x_wconf 89' lang='lat' dir='ltr'><strong>dominus,</strong></span> <span class='ocrx_word' id='word_1_818' title='bbox 3203 5607 3404 5650; x_wconf 79' lang='lat' dir='ltr'><strong>vester</strong></span> <span class='ocrx_word' id='word_1_819' title='bbox 3433 5608 3623 5652; x_wconf 81' lang='lat' dir='ltr'><strong>autem</strong></span> <span class='ocrx_word' id='word_1_820' title='bbox 3657 5607 3811 5648; x_wconf 81' lang='lat' dir='ltr'><strong>voca-</strong></span> 
     </span>
    </p>
   </div>
   <div class='ocr_carea' id='block_1_116' title="bbox 2205 5684 3816 5750">
    <p class='ocr_par' dir='ltr' id='par_1_116' title="bbox 2205 5684 3816 5750">
     <span class='ocr_line' id='line_1_117' title="bbox 2205 5684 3816 5750; baseline -0.001 -13"><span class='ocrx_word' id='word_1_821' title='bbox 2205 5693 2308 5750; x_wconf 90' lang='lat' dir='ltr'><strong>tor,</strong></span> <span class='ocrx_word' id='word_1_822' title='bbox 2343 5685 2456 5737; x_wconf 69' lang='lat' dir='ltr'><strong>haec</strong></span> <span class='ocrx_word' id='word_1_823' title='bbox 2495 5699 2595 5738; x_wconf 91' lang='lat' dir='ltr'>nos</span> <span class='ocrx_word' id='word_1_824' title='bbox 2629 5684 2784 5738; x_wconf 90' lang='lat' dir='ltr'>vobis</span> <span class='ocrx_word' id='word_1_825' title='bbox 2818 5684 2997 5740; x_wconf 87' lang='lat' dir='ltr'><strong>dicere</strong></span> <span class='ocrx_word' id='word_1_826' title='bbox 3032 5687 3350 5741; x_wconf 83' lang='lat' dir='ltr'><strong>mandavit.</strong></span> <span class='ocrx_word' id='word_1_827' title='bbox 3374 5688 3658 5743; x_wconf 79' lang='lat' dir='ltr'><strong>Convenit</strong></span> <span class='ocrx_word' id='word_1_828' title='bbox 3687 5685 3816 5738; x_wconf 86' lang='lat' dir='ltr'>viris</span> 
     </span>
    </p>
   </div>
   <div class='ocr_carea' id='block_1_117' title="bbox 2202 5774 3818 5850">
    <p class='ocr_par' dir='ltr' id='par_1_117' title="bbox 2202 5774 3818 5850">
     <span class='ocr_line' id='line_1_118' title="bbox 2202 5774 3818 5850; baseline -0.001 -22"><span class='ocrx_word' id='word_1_829' title='bbox 2202 5774 2298 5829; x_wconf 89' lang='lat' dir='ltr'><strong>Dei</strong></span> <span class='ocrx_word' id='word_1_830' title='bbox 2336 5777 2510 5830; x_wconf 91' lang='lat' dir='ltr'>vereri</span> <span class='ocrx_word' id='word_1_831' title='bbox 2541 5775 2812 5842; x_wconf 80' lang='lat' dir='ltr'><strong>justitiam</strong></span> <span class='ocrx_word' id='word_1_832' title='bbox 2849 5777 2989 5832; x_wconf 91' lang='lat' dir='ltr'><strong>ultro</strong></span> <span class='ocrx_word' id='word_1_833' title='bbox 3021 5779 3332 5847; x_wconf 76' lang='lat' dir='ltr'><strong>professis,</strong></span> <span class='ocrx_word' id='word_1_834' title='bbox 3360 5780 3612 5850; x_wconf 89' lang='lat' dir='ltr'><strong>principi</strong></span> <span class='ocrx_word' id='word_1_835' title='bbox 3643 5789 3818 5833; x_wconf 87' lang='lat' dir='ltr'><strong>autem</strong></span> 
     </span>
    </p>
   </div>
   <div class='ocr_carea' id='block_1_118' title="bbox 2201 5869 3814 5942">
    <p class='ocr_par' dir='ltr' id='par_1_118' title="bbox 2201 5869 3814 5942">
     <span class='ocr_line' id='line_1_119' title="bbox 2201 5869 3814 5942; baseline -0.002 -16"><span class='ocrx_word' id='word_1_836' title='bbox 2201 5883 2454 5940; x_wconf 82' lang='lat' dir='ltr'><strong>supremo</strong></span> <span class='ocrx_word' id='word_1_837' title='bbox 2485 5869 2740 5935; x_wconf 70' lang='lat' dir='ltr'><strong>maxime,</strong></span> <span class='ocrx_word' id='word_1_838' title='bbox 2775 5880 2960 5938; x_wconf 80' lang='lat' dir='ltr'>gratos</span> <span class='ocrx_word' id='word_1_839' title='bbox 3008 5886 3066 5927; x_wconf 86' lang='lat' dir='ltr'><strong>se</strong></span> <span class='ocrx_word' id='word_1_840' title='bbox 3097 5870 3362 5942; x_wconf 71' lang='lat' dir='ltr'><strong>praebere</strong></span> <span class='ocrx_word' id='word_1_841' title='bbox 3400 5875 3549 5931; x_wconf 86' lang='lat' dir='ltr'><strong>bene</strong></span> <span class='ocrx_word' id='word_1_842' title='bbox 3582 5871 3814 5934; x_wconf 82' lang='lat' dir='ltr'><strong>meritis,</strong></span> 
     </span>
    </p>
   </div>
  </div>
