4046 6426
353 491 451 558 621

1152 572 1158 578 _
1238 485 1337 556 DE
1379 478 1818 559 ANDRONICO
1859 475 2323 555 PALEOLOGO
2364 483 2508 556 Lm.
2554 482 2684 557 Vn.

3505 482 3613 548 ΜΞ

343 614 495 682 ὑμῶν
521 613 756 684 κλήτωρ,
791 611 908 666 τάδ’
939 609 1266 680 ἐπήγγειλεν
1294 612 1440 680 ὑμῖν.
1473 613 1664 678 Χρεὼν
1693 610 1923 680 ἀνδράσι
1952 614 2004 672 Α
2027 627 2134 662 των
2167 603 2244 663 ὧν
2290 611 2368 672 είς
2400 609 2545 678 ὑμᾶς
2571 606 3018 675 ἐδαπανῆσαμεν,
3060 601 3158 666 τάς
3185 601 3310 655 καθ’
3339 600 3498 671 ἡμῶν
3520 601 3612 671 ὅρη

341 706 480 761 Θεοῦ
507 707 606 775 μὲν
636 707 802 776 τιμᾷν
842 706 1191 773 αἱρουμένοις
1231 703 1411 770 δίκην,
1445 702 1659 771 βασιλεῖ
1687 701 1730 754 δ’
1766 703 1825 764 ἐς
1853 702 1920 753 τά

345 797 587 864 μάλιστα
637 795 947 866 μεμνῆσθαι
977 796 1214 865 χαρίτων
1247 794 1479 852 δικαίοις
1537 793 1678 858 οὖσι,
1715 794 1791 864 μὴ
1821 793 1849 845 ὃ
1869 809 1922 844 τι

347 886 694 958 βουλομένοις
727 887 792 940 ἂν
816 887 902 956 εἴη
933 887 1137 954 σφίσιν,
1177 887 1314 941 ἀλλὰ
1342 887 1434 939 καὶ
1465 887 1492 939 ὃ
1523 902 1575 937 τι
1607 886 1924 952 συνενέγκοι

343 979 409 1035 ἂν
432 981 491 1043 ἐς
533 980 595 1032 τὺ
620 979 761 1050 μετά
807 977 981 1031 ταῦτα
1022 981 1270 1035 σκοπεῖν.
1311 979 1384 1032 Τὸ
1416 980 1516 1049 μὲν
1545 979 1652 1046 γάρ
1695 976 1925 1030 ἀϐούλου

345 1073 442 1126 καὶ
469 1071 604 1142 πρὸς
626 1072 688 1124 τὸ
718 1071 1032 1139 παραυτίκα
1062 1070 1221 1136 μόνον
1267 1068 1556 1140 ἀφορώσης
1589 1067 1840 1139 γνώμης,
1867 1069 1928 1120 τὺ

342 1166 400 1218 δὲ
425 1166 526 1236 τὴν
550 1166 630 1227 είς
655 1164 715 1216 τὸ
747 1164 943 1233 μέλλον
969 1165 1228 1234 πρόνοιαν
1252 1162 1580 1233 ἀταμίευτον
1598 1161 1698 1214 οὐκ
1726 1161 1792 1231 ἐᾷ
1817 1162 1929 1214 κεί-

348 1257 492 1308 σθαι.
547 1253 658 1310 Καὶ
705 1256 836 1325 ὑμῖν
884 1255 1088 1320 τοίνυν,
1144 1256 1194 1306 εί
1231 1254 1330 1324 μὲν
1363 1253 1461 1324 τὴν
1501 1252 1672 1323 ἀρχὴν
1726 1254 1794 1306 τά
1819 1251 1929 1306 τῶν

345 1348 561 1418 ἐχθρῶν
610 1347 856 1417 ἑλόμενοι
912 1348 968 1408 ἐς
1014 1347 1114 1416 τὴν
1174 1345 1462 1414 Ῥωμαίων
1515 1345 1618 1412 γῆν
1682 1343 1930 1396 ἐσϐαλεῖν

348 1441 573 1509 ἔγνωτε,
616 1440 676 1492 οὐ
710 1438 931 1502 δικαίως
960 1439 1025 1491 ἂν
1055 1439 1293 1508 νεμεσᾷν
1345 1439 1457 1507 ἔχοι
1491 1453 1604 1500 τιςο
1649 1437 1784 1506 μηδὲ
1823 1436 1932 1506 γάρ

347 1530 655 1602 ἀνθρώποις
679 1531 949 1601 ἀσύνηθες
978 1529 1124 1582 τοῦτ’
1158 1524 1320 1593 εῖναι,
1355 1529 1453 1582 καὶ
1489 1528 1692 1598 μᾶλλον
1722 1529 1812 1581 ὅτε
1841 1528 1932 1580 καὶ

347 1622 420 1674 τά
450 1622 584 1690 γένη
613 1620 1006 1681 διαλλάττοιεν,
1034 1613 1117 1681 οἷς
1145 1618 1228 1672 ἔνι
1263 1619 1360 1688 μὲν
1392 1616 1646 1678 σπονδαῖς
1671 1617 1932 1685 χρῆσθαι,

349 1713 430 1765 ἔνι
464 1712 519 1765 δὲ
551 1712 648 1765 καὶ
701 1711 868 1780 ὁμόσε
911 1713 1030 1773 ταῖς
1085 1709 1286 1779 μάχαις
1322 1709 1483 1762 ἱέναι.
1533 1709 1689 1760 Ἐπεὶ
1717 1708 1772 1760 δὲ
1803 1706 1937 1777 ξύμ-

352 1819 516 1873 μαχοι
541 1801 978 1873 προσκληθέντες
1000 1801 1067 1852 τά
1094 1801 1202 1851 τῶν
1225 1798 1459 1875 ἐχθρῶν,
1489 1798 1549 1850 ού
1583 1797 1705 1850 δέον
1759 1796 1837 1856 ὃν,
1872 1799 1936 1849 ἐκ

348 1896 446 1950 τοῦ
480 1897 740 1964 ἐξαίφνης
761 1891 1094 1956 ἀνθείλεσθε,
1127 1892 1247 1955 πῶς
1271 1892 1337 1945 ἀν
1381 1893 1458 1961 μὴ
1489 1891 1661 1942 θέλων
1690 1908 1776 1954 τις
1809 1892 1937 1959 ὑμῖν

2031 702 2138 770 μάς
2183 698 2522 765 ἀντιδοῦναις
2574 700 2640 751 Τί
2685 699 2731 751 δ’
2779 701 2910 768 ὑμῖν
2937 697 3030 750 καὶ
3071 693 3403 765 ἀποκριθείη
3442 695 3500 754 ἐς
3545 693 3606 744 ea

2031 791 2329 860 μετέπειτα
2389 791 2594 860 δνομα;
2644 791 2964 859 συμμάχους
3016 786 3304 855 ὀνομάσειε
3365 783 3452 855 [Ρ.
3481 783 3610 855 596]

2027 902 2110 947 τις
2137 903 2152 950 ;
2196 885 2336 940 Ἀλλ’
2363 887 2588 955 αἱρετέα
2615 885 2684 938 τὰ
2711 883 2820 936 τῶν
2854 882 3063 953 ἐχθρῶν
3095 881 3224 949 ὑμῖν
3252 879 3453 944 ἔδοξεν.
3471 879 3615 932 Ἀλλ’
3694 918 3698 925 .

2031 973 2290 1044 ἐχθρούς;
2330 975 2437 1028 Καὶ
2466 973 2549 1038 τίς
2586 975 2651 1028 ἂν
2689 972 2963 1034 καὶτίνας
3001 970 3255 1040 μεγάλων
3289 968 3497 1039 μισθῶν
3525 969 3617 1021 ἐπὶ

2033 1065 2281 1132 σφετέρῳ
2300 1065 2521 1133 πονήρῳ
2545 1061 2982 1132 προσκαλεῖσθαι
3030 1061 3276 1126 δέξαιτος
3306 1059 3442 1112 ἀλλὰ
3475 1077 3616 1127 συμ-

2035 1153 2243 1224 μάχους
2279 1153 2380 1223 μὲν
2405 1155 2467 1206 τὸ
2497 1153 2740 1223 πρῶτον,
2770 1153 3062 1220 πολεμίους
3091 1151 3137 1204 δ’
3160 1152 3420 1204 ἐσέπειτα
3450 1167 3622 1204 κατα-

2035 1246 2294 1312 στάντας
2324 1245 2434 1298 Καὶ
2459 1247 2514 1298 τί
2561 1247 2614 1314 γ’
2639 1245 2768 1299 ἄλλο
2807 1247 2936 1314 ὑμῖν
2987 1261 3074 1307 τις
3097 1243 3390 1313 ἐπικαλοίη
3419 1243 3616 1304 δεινὸν,

2035 1341 2083 1392 εί
2133 1340 2413 1412 σύμμαχοι
2474 1341 2820 1403 ἐπιστάντες,
2881 1339 3096 1394 πολλῶν
3152 1341 3248 1393 καὶ
3300 1339 3473 1392 ταῦτα
3513 1338 3622 1391 τῶν

2035 1431 2438 1500 ἀναλωμάτων,
2467 1432 2660 1487 ἔπειτα
2690 1433 3024 1486 ἐσπείσασθε
3058 1434 3160 1502 μὲν
3185 1435 3297 1495 τοῖς
3319 1434 3534 1503 ἐχθροῖς
3551 1433 3622 1485 δι’

2036 1521 2129 1585 οὒς
2161 1522 2594 1594 προσεκλήθητε,
2613 1525 2734 1590 μετ’
2751 1525 2931 1577 αὐτῶν
2945 1525 3004 1578 δὲ
3025 1525 3122 1596 τὴν
3143 1526 3419 1595 ἡμετέραν
3443 1525 3625 1594 ληϊζε-

2040 1613 2135 1666 σθε
2157 1630 2174 1676 ς
2203 1613 2325 1666 τίδὲ
2347 1615 2443 1668 καὶ
2461 1605 2896 1686 ἀπολογούμενοι
2913 1617 3234 1686 Χριστιανοὶ
3255 1617 3620 1687 Χριστιανοὺς

2045 1705 2114 1757 τά
2137 1704 2708 1776 ἀνήκεσταδρᾶτε,τῷ
2742 1706 2817 1778 μὴ
2847 1708 2904 1770 ἐς
2924 1705 3192 1770 ἀναϐολάς
3207 1707 3422 1770 θέσθαι,
3457 1709 3620 1760 κακοὶ

2039 1796 2187 1862 δόξαι
2231 1796 2420 1867 ὥσπερ
2458 1797 2806 1868 αἱρούμενοι;
2844 1799 2910 1853 Τί
2958 1800 3066 1867 γάρ
3130 1801 3239 1852 τῶν
3278 1799 3468 1852 κακῶν
3520 1800 3624 1851 οὐκ

2041 1887 2334 1958 εἷργασθε;
2375 1890 2449 1942 Οὐ
2477 1892 2660 1960 χώρας
2681 1890 3145 1960 ἠνδραποδίσατε;
3206 1892 3307 1944 οὐκ
3338 1892 3539 1961 ἄνδρας
3572 1893 3628 1944 ἐ-

351 1993 593 2059 νεμεσᾷν
650 1987 879 2055 ἐκφύγοι
935 1985 996 2038 τὸ
1048 1975 1419 2053 venatricem;
1479 1983 1772 2053 Μνήσθητε
1833 1985 1941 2050 γάρ
1973 1965 2017 2023 Β
2048 1981 2328 2045 κτείνατε;
2377 1983 2437 2035 οὐ
2469 1983 2640 2051 νήπια
2665 1985 2760 2036 καὶ
2823 1982 3132 2052 πρεσϐύτας
3179 1982 3502 2052 ἀνθρώπους
3551 1982 3629 2034 ol-

353 2082 494 2150 πρὸς
527 2080 768 2142 ἐκείνους
805 2081 990 2149 χεῖρας
1045 2077 1420 2146 ἀνταίροντες,
1481 2075 1623 2146 ὑπὲρ
1660 2071 1736 2128 ὧν
1765 2079 1938 2128 κινεῖν

350 2173 497 2226 ὅπλα
538 2171 671 2242 πρὸς
699 2172 826 2232 τοὺς
852 2167 1006 2237 σφίσι
1035 2167 1407 2233 πολεμοῦντας
1453 2167 1706 2238 μεγάλων
1732 2166 1940 2236 ὡμολο-

352 2265 559 2335 γήσατε
605 2262 714 2315 τῶν
744 2262 978 2331 μισθῶν.
1029 2260 1150 2321 Πῶς
1197 2259 1256 2310 δὲ
1285 2259 1490 2339 δίκαιον
1528 2259 1628 2311 καὶ
1680 2258 1936 2326 νόμιμον,

353 2357 622 2424 κειμένων
649 2352 761 2407 εἴτε
808 2352 971 2405 θείων
1018 2352 1127 2404 είτε
1175 2352 1270 2404 καὶ
1324 2351 1705 2420 ἀνθρωπίνων,
1743 2348 1938 2402 θέσθαι

358 2445 458 2516 μὲν
487 2446 545 2497 ἐν
569 2443 761 2515 ἀλογίᾳ
789 2443 854 2496 τά
900 2439 1300 2513 ὀμωμοσμένα,
1339 2440 1594 2511 μεγάλων
1628 2440 1684 2493 δὲ
1719 2441 1938 2511 χρημά-

359 2646 466 2684 non
509 2629 686 2684 solum
719 2627 982 2698 quOniam
1025 2629 1099 2682 ita
1135 2627 1399 2683 deliniunt
1424 2636 1478 2681 et
1512 2627 1614 2683 sibi
1640 2627 1817 2698 magis
1846 2628 1940 2683 de-

357 2723 600 2778 vinciunt
653 2735 747 2776 eos
785 2720 981 2790 quibus
1036 2721 1341 2788 rependunt
1373 2729 1649 2789 acceptam
1682 2721 1935 2790 gratiam,

357 2823 452 2876 sed
480 2820 563 2874 vel
611 2820 656 2874 si
692 2835 935 2889 prassens
970 2818 1181 2872 fructus
1227 2815 1346 2884 ejus
1402 2814 1530 2870 facti
1562 2813 1741 2870 nullus
1777 2815 1936 2880 foret,

359 2915 615 2984 quoniam
648 2915 702 2968 id
736 2928 860 2970 esse
900 2913 953 2966 in
989 2920 1271 2982 posterum
1325 2907 1689 2971 conducibile,
1717 2906 1808 2975 qui
1845 2920 1936 2960 re-

358 3017 446 3062 cte
475 3006 728 3074 judicant
757 3004 1133 3075 praesentiunt,
1158 3003 1275 3072 ipsa
1305 3007 1601 3056 eventuum
1649 2997 1939 3066 experien-

363 3101 435 3154 tia
463 3112 681 3168 semper
712 3097 908 3152 deinde
961 3095 1319 3160 suffragante.
1372 3091 1546 3144 Porro
1579 3089 1938 3158 praesentibus

361 3193 628 3244 duntaxat
680 3190 962 3242 attendere
1021 3187 1212 3240 inertis
1251 3195 1334 3238 est
1373 3182 1540 3237 animi
1573 3189 1628 3234 et
1684 3181 1750 3234 ad
1808 3180 1935 3234 boni

360 3281 800 3351 prosecutionem
864 3279 1078 3332 inlirma
1152 3279 1470 3345 incertaque
1526 3273 1935 3340 languesceutis

362 3373 661 3426 voluntate.
697 3370 1028 3438 Prospectus
1074 3381 1202 3422 vero
1249 3365 1440 3430 futuri,
1466 3377 1523 3419 et
1572 3363 1940 3420 verisimiliter

360 3467 851 3533 exspectandorum
877 3467 1206 3528 praesumpta
1239 3457 1551 3511 sollicitudo
1566 3469 1939 3520 successuum,

359 3571 616 3625 campum
656 3555 764 3607 late
797 3552 1001 3620 detegit
1047 3550 1219 3604 oculis
1242 3547 1622 3617 rxploratricis
1652 3549 1942 3616 providen-

364 3649 476 3713 tiae,
503 3647 664 3715 eique
694 3645 852 3712 longe
879 3643 1182 3696 consulenti
1209 3641 1384 3694 nullas
1415 3638 1638 3693 umbras
1665 3649 1755 3692 aut
1773 3654 1946 3694 caecas

360 3740 627 3801 latebras,
656 3737 857 3807 quibus
905 3732 1150 3803 suspicio
1190 3734 1415 3788 subesse
1451 3733 1772 3788 insidiarum
1802 3747 1942 3802 pos-

362 3830 460 3893 sit,
507 3829 640 3882 nihil
690 3828 986 3881 obscurum
1015 3839 1078 3877 ac
1111 3838 1218 3877 non
1251 3822 1397 3877 clare
1431 3834 1779 3892 perspectum
1819 3838 1946 3878 esse

361 3924 519 3976 sinit.
553 3923 630 3974 Ac
677 3918 832 3971 vobis
865 3918 1077 3985 quidem
1115 3917 1158 3969 si
1201 3931 1230 3968 a
1265 3916 1534 3984 principio
1583 3917 1836 3970 hostilem
1890 3915 1944 3969 in

361 4029 466 4068 nos
500 4013 741 4066 animum
794 4008 1056 4079 professis
1102 4020 1388 4077 susceptus
1432 4009 1728 4062 deliberate
1755 4009 1947 4062 fuisset

364 4107 606 4174 impetus
631 4114 806 4156 terras
826 4101 1196 4154 Romanorum
1223 4116 1384 4152 manu
1406 4111 1612 4153 armata
1633 4100 1944 4163 invadendi,

360 4197 520 4266 queri
549 4197 694 4266 jnste
723 4209 883 4249 nemo
907 4203 1113 4262 posset.
1143 4191 1292 4244 Haud
1325 4195 1602 4247 insuetum
1639 4203 1722 4246 est
1745 4193 1943 4246 etenim

365 4289 704 4350 hominibus,
753 4285 1058 4361 praesertim
1114 4284 1328 4352 origine
1387 4285 1580 4340 divisis
1606 4295 1660 4338 et
1686 4300 1944 4354 generum

364 4381 736 4441 diversorum,
788 4378 1052 4432 dissidere
1086 4376 1381 4430 sententiis
1408 4378 1783 4445 committique
1809 4378 1950 4431 odiis

364 4488 710 4541 arcanosque
742 4471 876 4524 istos
909 4485 1102 4523 sensus
1133 4469 1418 4522 conatibus
1450 4483 1772 4535 expromere
1814 4470 1950 4522 iuvi-

363 4582 487 4622 mus
538 4563 769 4618 infestis.
813 4563 942 4617 Jure
993 4562 1198 4631 quippe
1235 4562 1511 4614 communi
1567 4562 1715 4629 genti
1774 4562 1949 4615 cuivis

1965 3319 2014 3384 C

2048 2076 2266 2145 κτροὺς,
2289 2076 2358 2128 τά
2392 2077 2492 2145 μὲν
2517 2077 2762 2147 ἀνηλεῶς
2782 2078 3173 2148 διεχρήσασθε,
3206 2078 3334 2139 τοὺς
3352 2076 3409 2127 δὲ
3443 2078 3628 2129 πᾶσαν

2049 2166 2194 2220 ίδέαν
2226 2165 2478 2237 βασάνων
2515 2169 2818 2238 διενεγκεῖν
2865 2171 3279 2237 ἀναγκάσαντες
3306 2169 3500 2222 ἔπειτα
3531 2172 3628 2222 ἐκ·

2048 2258 2226 2313 ποδῶν
2250 2261 2471 2328 έθεσθε;
2509 2263 2576 2316 Τί
2605 2265 2734 2333 ὑμῖν
2765 2263 3209 2335 τοῦπράκτορας
3243 2263 3516 2318 τοσούτων
3537 2280 3630 2332 γε·

2047 2349 2237 2403 νέσθαι
2274 2353 2462 2405 κακῶν
2503 2353 2710 2419 αίτιον;
2767 2357 2986 2423 Καῖσαρ
3037 2355 3309 2409 ἀπώλετο.
3355 2355 3498 2408 Ἀλλ’
3532 2356 3631 2426 οὐχ

2046 2442 2204 2512 ἡμῶν
2236 2461 2297 2512 γε
2327 2444 2614 2514 θελόντων,
2666 2439 2808 2500 οἶδεν
2838 2450 2866 2500 ὁ
2916 2448 3076 2502 πάνθ’
3123 2448 3266 2519 ὁρῶν
3319 2448 3625 2520 ὀφθαλμός·

2049 2627 2570 2697 ανοὺὶεῖριιοηοιη
2630 2645 2760 2688 vero
2794 2647 2893 2688 vos
2951 2633 3208 2702 deinceps
3265 2643 3391 2703 apto
3447 2635 3632 2704 appel-

2047 2717 2161 2773 lare
2191 2723 2411 2776 nomine
2461 2722 2682 2777 licebit?
2730 2740 2799 2778 an
2843 2729 3022 2780 socios
3053 2728 3176 2794 quis
3213 2725 3460 2780 dixerit?
3509 2725 3620 2779 Sed

2047 2813 2200 2867 vobis
2226 2814 2318 2869 isti
2350 2815 2618 2870 vocabulo
2668 2819 2988 2888 praeﬁgere
3024 2818 3377 2872 acerbitatem
3411 2816 3630 2871 hostilis

2047 2905 2282 2961 nominis
2311 2907 2532 2975 placuit.
2562 2906 2760 2963 Hostes
2791 2908 2956 2978 igitur
2985 2910 3274 2963 vocemus?
3313 2909 3420 2963 Sed
3451 2908 3634 2963 obSIat

2045 3000 2210 3067 quod,
2238 3013 2360 3053 cum
2403 3015 2563 3056 nemo
2595 3003 2784 3070 utique
2815 3001 3070 3058 mercede
3111 3015 3306 3071 magna
3337 3002 3525 3056 hostes
3559 3001 3628 3056 ad

2047 3090 2153 3146 sibi
2187 3093 2488 3146 nocendum
2525 3094 2880 3159 conduxerit,
2905 3109 3004 3149 vos
3051 3095 3259 3148 accitos
3299 3109 3328 3149 a
3369 3093 3530 3149 nobis
3577 3104 3634 3148 et

2046 3181 2212 3252 largis
2240 3195 2552 3240 auctoratos
2597 3187 2886 3256 stipendiis
2921 3185 3112 3241 hosws
3153 3186 3258 3240 dici
3305 3195 3499 3240 contra
3544 3200 3631 3238 ra-

2045 3276 2248 3330 tionem
2291 3291 2509 3332 omnem
2544 3289 2648 3334 est.
2693 3278 2860 3334 Forte
2905 3279 3248 3348 distinguens
3270 3279 3468 3347 aliquis
3489 3291 3630 3332 tem-

2048 3382 2200 3439 pora,
2235 3371 2386 3438 prius
2435 3373 2618 3426 socios
2648 3373 2821 3427 fuisse
2851 3383 2970 3434 vos,
3005 3371 3202 3426 deinde
3245 3372 3470 3426 mutatis
3509 3372 3629 3425 ani-

2049 3462 2152 3517 mis
2183 3463 2355 3518 l'actos
2387 3478 2508 3519 esse
2542 3465 2728 3520 hostes
2761 3465 2926 3520 dicet.
2961 3465 3128 3534 Atqui
3158 3466 3235 3519 ad
3269 3477 3502 3520 vestram
3542 3468 3630 3520 ni-

2049 3550 2124 3604 hil
2174 3553 2278 3607 hoc
2333 3557 2556 3624 quidem
2625 3557 2825 3614 fcedius
2879 3562 3177 3614 memorari
3239 3563 3630 3617 contumeliam

2047 3654 2231 3710 queat.
2261 3645 2399 3711 Quid
2429 3649 2574 3701 enim
2603 3651 2755 3704 vobis
2793 3651 2954 3720 objici
2987 3653 3232 3708 odiosius
3263 3654 3347 3708 vel
3385 3655 3453 3708 ab
3483 3669 3630 3707 ama-

2048 3733 2284 3789 rissimis
2333 3736 2799 3796 obtrectatoribus
2851 3745 3020 3810 possit
3050 3760 3214 3812 quam
3250 3746 3351 3798 lide
3383 3759 3478 3798 vos
3522 3743 3634 3798 fra-

2048 3835 2156 3892 cta,
2179 3841 2341 3897 quam
2387 3831 2576 3887 amicis
2628 3835 3153 3904 oppigneraveratis,
3187 3838 3442 3891 maximis
3475 3837 3528 3890 in
3559 3836 3633 3890 si-

2050 3933 2153 3971 nus
2184 3933 2280 3986 per
2334 3935 2525 3976 manus
2571 3923 2785 3978 illorum
2819 3936 3029 3981 vestros
3065 3929 3448 3997 largitionibus
3499 3929 3631 3983 elfu~

2049 4009 2144 4073 sis,
2207 4023 2429 4079 repente
2489 4016 2783 4084 depravata
2848 4019 3125 4074 voluntate
3179 4022 3354 4075 fat-dus
3408 4023 3629 4091 quidem

2051 4101 2209 4155 icisse
2241 4119 2364 4155 cum
2417 4103 2672 4159 hostibus
2701 4119 2895 4162 contra
2938 4123 3080 4177 quos
3125 4112 3300 4164 vocati
3350 4112 3632 4178 suppetias

2047 4191 2236 4256 eratis,
2282 4193 2574 4260 conjuncta
2612 4211 2742 4250 vero
2775 4213 2895 4250 cum
2946 4199 3140 4252 iisdem
3187 4199 3434 4254 hostibus
3465 4216 3629 4269 opera

2049 4292 2103 4334 et
2137 4283 2214 4335 ira
2251 4291 2425 4338 terras
2462 4287 2786 4353 amicorum,
2825 4289 2891 4344 ad
2934 4305 3072 4358 quos
3102 4291 3377 4360 juvandos
3407 4306 3630 4346 venera-

2053 4374 2143 4433 tis.
2176 4375 2267 4442 qui
2305 4376 2481 4445 ampla
2544 4379 2700 4433 vobis
2735 4394 3160 4436 numeraveram
3187 4385 3481 4451 stipendia,
3511 4387 3630 4453 pari

2056 4465 2242 4521 furore
2274 4469 2632 4525 devastasse?
2689 4474 2840 4542 Agite
2880 4473 3137 4542 proferte,
3170 4478 3214 4530 si
3262 4476 3390 4544 quid
3422 4476 3633 4528 habetis

2055 4560 2107 4612 in
2139 4562 2548 4617 excusationem
2575 4574 2841 4633 vestram,
2870 4583 2979 4635 quo
3004 4568 3295 4621 videamini
3327 4567 3409 4622 vel
3440 4569 3490 4621 in
3515 4583 3634 4636 spe-

365 4662 495 4714 licet
529 4667 622 4710 aut
648 4670 834 4725 pacem
868 4667 991 4706 cum
1027 4653 1130 4704 alia
1161 4652 1340 4705 colere
1370 4661 1464 4702 aut
1511 4649 1655 4705 bello
1693 4654 1941 4707 eamdem
1979 4666 2026 4723 υ
2050 4653 2186 4707 ciem
2235 4653 2526 4709 defendere
2594 4655 2806 4712 facinus
2859 4659 2962 4714 huc
3011 4672 3276 4724 vestrum,
3337 4675 3444 4728 quo
3475 4659 3635 4713 Citri-

364 4765 702 4822 oppugnare.
739 4747 1031 4814 Postquam
1077 4754 1255 4797 autem
1295 4744 1364 4794 ad
1407 4743 1786 4796 auxiliandum
1849 4760 1948 4797 no—

365 4847 455 4900 bis
493 4842 818 4896 bellantibus
875 4837 1052 4890 vocati
1090 4837 1277 4889 hostes
1332 4850 1430 4888 vos
1477 4835 1664 4888 statim
1731 4836 1949 4903 injuriis

368 4935 670 4998 atrocibus,
919 4929 1058 4997 quod
1116 4925 1267 4980 nefas
1316 4935 1420 4990 est,
1470 4927 1692 4994 polliciti
1745 4931 1946 4993 socios,

370 5025 737 5086 monstrastis,
797 5021 1075 5092 quotnodu
1119 5018 1212 5086 qui
1258 5031 1354 5071 vos
1403 5032 1632 5086 arguere
1686 5018 1944 5083 noluerit,

370 5116 623 5170 meritam
657 5112 771 5180 ipse
796 5108 985 5176 judicii
1039 5123 1228 5174 paruut
1261 5107 1400 5174 aequi
1455 5117 1507 5158 et
1542 5108 1683 5160 malo
1715 5110 1946 5165 faventis
1976 5125 2010 5147 κ

369 5203 846 5275 reprehensionem
908 5210 1015 5251 non
1067 5199 1352 5250 incurrat?
1399 5197 1802 5252 Conscientiam
1860 5202 1947 5256 hic

366 5311 608 5368 provoco
640 5304 904 5356 vestram,
949 5294 1135 5358 utique
1187 5289 1593 5343 recordantium
1626 5305 1722 5344 vos
1756 5305 1947 5346 manus

367 5389 422 5442 in
453 5405 550 5442 eos
581 5389 726 5455 ipsos
756 5385 1022 5438 violentas
1051 5382 1332 5451 injecisse,
1365 5393 1556 5435 contra
1588 5397 1817 5449 quorum
1851 5385 1947 5440 ho-

364 5491 474 5535 stes
505 5494 656 5531 artna
691 5487 959 5537 moturos,
1002 5475 1212 5543 magnis
1257 5475 1313 5531 iu
1361 5474 1468 5526 hoc
1493 5476 1763 5528 auctorati
1797 5491 1942 5529 mer-

365 5573 609 5633 cedibus,
637 5568 994 5638 receperatis.
1022 5566 1119 5619 Cui
1151 5574 1331 5619 autem
1356 5565 1525 5619 videri
1546 5563 1753 5635 justum
1781 5579 1947 5634 queat

363 5670 418 5716 et
447 5663 658 5731 legibus
689 5675 785 5714 seu
827 5660 1025 5713 divinis
1057 5674 1151 5712 seu
1204 5657 1456 5711 htunauis
1486 5669 1943 5723 consentaneum,

366 5754 571 5808 nullam
603 5753 820 5820 quidem
851 5762 1131 5821 pactorum
1177 5751 1484 5820 juratorum
1543 5750 1810 5803 rationem
1845 5751 1945 5804 du-

362 5860 511 5908 cere,
548 5860 647 5914 pro
690 5844 999 5914 ingentibus
1033 5852 1212 5896 autem
1251 5840 1496 5910 pecuniae
1527 5843 1778 5904 summis,
1806 5857 1944 5910 quas

367 5939 420 5994 iu
443 5947 541 5995 vos
560 5939 945 6008 impendimus,
971 5937 1202 5994 impetus
1246 5935 1300 5987 in
1333 5949 1430 5990 nos
1469 5935 1692 5988 hostiles
1718 5937 1940 6003 rependi

2057 4745 2220 4798 stiani
2249 4745 2589 4802 Christianos
2625 4752 3118 4804 vehementissimis
3148 4750 3362 4804 aliieitis
3382 4751 3634 4819 injuriis;

2059 4837 2158 4889 nisi
2196 4853 2302 4889 non
2333 4839 2600 4893 recusatis
2629 4841 2760 4910 quin
2793 4842 2999 4904 statim,
3024 4842 3163 4894 citra
3197 4841 3508 4895 ulteriorem
3552 4843 3636 4894 itt-

2056 4931 2303 4998 quirendi
2361 4948 2591 4996 moram,
2644 4934 2894 4988 crudeles
2959 4935 3256 5003 perfidiquc
3283 4934 3631 5003 judicemini,

2057 5023 2199 5088 quod
2251 5037 2374 5078 esse
2425 5024 2568 5079 ultro
2623 5025 2888 5094 elegistis.
2925 5026 3064 5091 Quid
3109 5027 3255 5080 enim
3298 5025 3425 5080 mali
3461 5040 3568 5080 non
3603 5044 3633 5078 a

2058 5114 2211 5167 vobis
2240 5116 2566 5169 actumcst?
2600 5133 2778 5172 nonne
2803 5117 2964 5188 567
2997 5135 3093 5174 vos
3125 5129 3266 5174 totas
3299 5119 3633 5188 provincias,

2056 5207 2240 5274 pueris
2280 5217 2335 5260 et
2365 5208 2682 5262 ntnlieribus
2732 5212 3000 5265 servitum
3051 5211 3325 5276 abductis,
3357 5211 3492 5266 viris
3524 5219 3638 5264 tru-

2057 5297 2272 5360 cidatis,
2299 5298 2634 5354 desolastis?
2668 5299 2856 5356 Nonne
2897 5303 2948 5357 in
2992 5303 3057 5357 iis
3111 5305 3367 5371 parvulos
3397 5313 3452 5357 et
3475 5317 3635 5358 senes

2056 5389 2341 5455 invalidos,
2389 5393 2601 5444 turbam
2662 5396 3055 5462 miserabilem,
3107 5398 3226 5451 illos
3279 5399 3497 5467 quidem
3533 5397 3634 5447 im-

2055 5483 2366 5539 manissitne
2395 5487 2768 5553 translixistis,
2796 5489 3187 5559 discerpsistis,
3224 5492 3323 5544 hos
3343 5496 3546 5551 autem,
3575 5502 3632 5540 ut

2045 5574 2342 5629 thesauros
2391 5578 2645 5632 videlicet
2693 5579 3008 5648 proderent,
3041 5580 3436 5636 crudelissimis
3481 5580 3632 5648 prius

2056 5668 2342 5722 tormentis
2379 5672 2743 5736 excruciatos,
2777 5673 3089 5728 enecastis?
3129 5673 3268 5739 Quid
3309 5687 3405 5726 vos
3446 5679 3627 5724 autem

2053 5757 2264 5826 impulit
2294 5759 2360 5814 ad
2397 5769 2508 5815 tam
2554 5765 2913 5819 exsecrabilia
2950 5764 3264 5844 patranda?
3297 5761 3481 5817 Caesar
3527 5779 3627 5831 pe-

2051 5851 2177 5912 riit;
2213 5851 2306 5905 sed
2352 5854 2510 5908 nobis
2559 5855 2778 5924 quidem
2820 5857 2966 5910 haud
3000 5857 3305 5911 volentibus
3357 5857 3484 5926 (scit
3537 5859 3626 5924 qui

2052 5952 2245 5997 cuncta
2276 5943 2422 6000 videt
2455 5946 2642 6002 oculus
2669 5946 2810 6018 Dei),
2838 5957 2893 6004 at
2925 5963 3088 6003 manu
3113 5949 3325 6005 illorum
3354 5950 3445 6020 qui
3464 5949 3626 6019 longa
