4046 6406
531 446 638 512 693

1759 446 2080 508 GEORGll
2122 428 2595 505 menmium

3661 442 3749 516 6:25

529 589 646 643 ἀλλ’
681 584 762 652 οἷς
798 591 1084 660 ὲντέτροφε
1134 586 1290 659 μῖσος
1339 590 1401 643 τὸ
1452 588 1575 643 κατ’
1610 587 1822 641 ἐκείνου
1851 586 1916 640 ἐκ
1942 603 2101 640 τινων
2127 589 2177 648 Α
2204 600 2365 653 χανον
2390 583 2482 636 τοῦ
2508 582 2599 635 καὶ
2614 582 2682 636 τὰ
2718 562 2922 653 συνήθη
2950 545 3338 654 παραϐαίνειν.
3363 584 3471 638 Καὶ
3491 578 3563 638 ὧν
3604 600 3756 657 πρατ-

531 681 775 734 παλαιῶν
812 684 1154 752 μηνιμάτων,
1184 682 1394 745 τούτοις
1436 679 1532 736 καὶ
1563 680 1744 752 μόνοις
1772 678 2099 735 αὑτόὸουλον

529 772 818 843 εἰργασται
842 774 905 826 τὸ
933 774 1196 844 πραχθέν.
1233 773 1308 828 Th
1333 773 1531 828 παθεῖν
1551 771 1644 825 οὖν
1665 773 1875 825 ἐκεῖνον
1900 770 1969 824 τὰ
1992 767 2104 838 χεί-

532 880 709 935 ριστα,
740 865 816 928 ὡς
864 867 959 935 οὐχ
987 867 1120 935 ἡμῖν
1160 867 1319 935 μετὸν
1347 867 1486 929 ὅλως
1517 866 1597 928 εἰς
1624 862 1827 934 ζημίας
1855 862 2098 931 δόκησιν.

532 958 719 1026 σφίσιν
751 959 933 1022 αὐτοῖς
963 960 1044 1021 εἰς
1077 957 1361 1030 ἐκδίκησιν
1393 957 1789 1029 περιγράφετι.
1826 952 1940 1008 Kal
1996 950 2103 1022 μὴν

530 1053 657 1114 παῖς
687 1047 755 1119 ἦν
775 1052 907 1121 ἡμῖν
933 1051 966 1121 ἡ
996 1050 1192 1117 ἐκείνῳ
1221 1047 1571 1114 συνοικοῦσα,
1594 1045 1726 1101 ὥστ’
1755 1045 1821 1099 ἂν
1850 1041 1945 1097 καὶ
1976 1058 2104 1110 συγ-

527 1142 740 1209 γνωτέι
767 1141 964 1205 ἐδόκει,
990 1140 1056 1212 ἦν
1083 1141 1185 1195 πού
1211 1141 1265 1193 τί
1297 1143 1344 1193 ol
1367 1141 1462 1194 καὶ
1501 1137 1956 1207 πεπλημμέλητο.
1994 1136 2104 1189 Kal

526 1234 589 1287 τὺ
614 1234 757 1288 οὕτω
795 1239 863 1287 τὰ
909 1232 1427 1303 πεπλημμελημένα
1466 1228 1823 1300 μετέρχεσθαι
1853 1229 1966 1289 τοῖς
1995 1226 2103 1278 τῶν

539 1326 824 1395 Ῥωμαίων
877 1326 1072 1395 ἡθεσιν
1121 1324 1325 1394 ἥκιστα
1381 1322 1654 1392 χωρητέα.
1707 1320 1822 1373 Kal
1864 1317 2008 1371 τοῦτ’
2034 1313 2103 1387 ἦν

528 1422 657 1481 ἴσως
682 1419 731 1469 si
764 1412 1036 1485 προῦπτον
1064 1410 1141 1485 ἦν
1159 1414 1219 1465 τὸ
1259 1412 1526 1482 ἀδίκημα.
1555 1410 1659 1463 ’Ἦν
1702 1408 1760 1461 δὲ
1793 1407 1962 1477 μηδὲν
1988 1406 2102 1475 ἔχοι

525 1526 609 1573 τις
643 1513 709 1578 ἐγ
728 1510 895 1562 ταλεῑν
916 1507 991 1569 ὡς
1021 1506 1114 1558 καὶ
1147 1505 1330 1564 αὐτοῖς
1359 1503 1492 1571 ἡμῖν
1526 1499 1873 1570 βουλομένοις
1902 1496 2103 1549 εἰδέναι

527 1602 594 1654 ἂν
621 1602 730 1670 εἴη,
763 1599 877 1660 πῶς
911 1596 978 1651 ἂν
1002 1594 1224 1665 αἱρετέα
1256 1595 1387 1663 ἡμῖν
1411 1591 1480 1644 τὰ
1529 1592 1603 1660 μὴ
1633 1589 1953 1655 ξυνοίσοντα
1979 1587 2104 1652 ξυν-

525 1697 740 1748 έϐαινεν
767 1688 945 1757 εῖναις
982 1691 1152 1759 χωρὶς
1194 1687 1250 1740 δὲ
1281 1686 1510 1751 τούτων,
1538 1686 1651 1746 τεῖς
1688 1683 1787 1752 μὲν
1815 1681 1915 1733 οὐκ
1948 1678 2105 1749 ἐχου-

527 1803 610 1839 σιν
626 1784 689 1839 ἂν
717 1785 827 1853 ὅπη
856 1783 1134 1852 τραπεῑεν,
1164 1780 1229 1849 ἦν
1262 1776 1365 1831 πού
1396 1794 1447 1831 τι
1480 1776 1591 1829 τῶν
1610 1774 1928 1843 ἀϐουλήτων
1954 1771 2107 1842 παρὰ

525 1892 685 1931 τινων
710 1876 940 1944 γένοιτο,
972 1872 1202 1934 ἐκείνοις
1233 1870 1299 1924 ἂν
1334 1868 1572 1938 ξυμϐαίη
1599 1866 1695 1920 καὶ
1726 1865 1878 1936 παρὰ
1920 1863 1993 1917 τὰ
2029 1864 2106 1915 οἶ-

525 1970 649 2023 κεϊα
668 1967 773 2039 ἢθη
810 1964 1184 2033 παρατολμᾷν.
1213 1955 1309 2023 Οἷς
1338 1960 1447 2029 γὰρ
1492 1958 1679 2027 σφίσιν
1711 1958 1770 2011 έν
1802 1954 1973 2025 στενῷ
2015 1971 2104 2007 κο-

529 2061 657 2130 μιδῆ
679 2060 748 2112 τὰ
774 2058 870 2128 τῆς
900 2056 1253 2125 ἐκδικήσεως,
1296 2050 1653 2121 έπιχειρητέα
1671 2049 1768 2103 καὶ
1798 2049 1868 2102 τὰ
1898 2048 2103 2118 ἥκιστα

524 2154 593 2207 ἂν
620 2154 679 2215 ές
708 2150 854 2204 ἅπαν
890 2147 1100 2216 συνήθη
1121 2160 1135 2176 ·
1168 2144 1327 2214 φέρει
1356 2144 1463 2215 γὰρ
1493 2143 1576 2205 τίς
1605 2142 1798 2211 καιρὸν
1826 2138 2001 2193 ταῦτα
2043 2138 2104 2193 τὸ

526 2242 841 2313 ἀπογνῶναι
863 2239 958 2295 καὶ
983 2239 1045 2292 τδ
1072 2236 1180 2290 τῶν
1204 2233 1562 2307 δρασειόντων
1589 2231 1817 2294 ἀσθενὲς
1841 2231 1934 2285 καὶ
1961 2230 2105 2299 ἁμίλ-

528 2424 583 2478 in
613 2436 736 2477 eum
769 2434 834 2473 ea
869 2415 1110 2485 antiquis
1135 2412 1532 2468 offensionibus
1568 2411 1648 2467 ira
1682 2412 1956 2468 inanimo
2005 2426 2105 2465 nu-

532 2515 684 2576 trita,
707 2509 945 2565 oblatam
972 2505 1178 2561 veteris
1201 2504 1408 2559 doloris
1440 2503 1734 2558 ulciscendi
1756 2502 2103 2559 occasionem

530 2606 809 2659 incautum
837 2595 1195 2668 opprimendo
1224 2596 1530 2663 arripuere.
1560 2591 1643 2648 illi
1687 2594 1791 2648 hoc
1817 2593 1919 2648 soli
1965 2591 2104 2647 faci-

530 2709 630 2748 nus
662 2692 885 2763 proprio
935 2688 1189 2752 consilio,
1224 2686 1400 2741 libera
1443 2684 1725 2740 voluntate
1763 2698 2054 2753 suscepere
2085 2701 2101 2749 ;

528 2787 614 2843 his
648 2787 769 2839 unis
796 2797 1010 2853 aequum
1048 2790 1132 2836 est
1160 2780 1278 2850 ejus
1309 2778 1571 2834 invidiam
1594 2777 1848 2833 criminis
1878 2777 2105 2843 ascribi,

531 2892 635 2932 non
671 2886 851 2930 autem
914 2873 1094 2937 nobis,
1149 2880 1513 2941 praeterquam
1564 2871 1886 2934 inconsciis,
1936 2869 2104 2924 etiam

531 2968 625 3023 illo
658 2968 771 3036 ipso
816 2966 1021 3020 scelere
1071 2963 1308 3018 violatis.
1355 2960 1636 3028 Nosuum,
1686 2961 1929 3032 inquam,
1959 2960 2105 3029 quod

532 3058 721 3114 insciis
754 3067 809 3113 et
837 3055 1182 3111 invitissimis
1225 3052 1384 3109 nobis
1413 3053 1596 3108 Caesar
1646 3068 1837 3122 passus
1869 3061 1976 3115 est,
2010 3067 2108 3109 no-

531 3161 705 3209 strum
728 3151 970 3220 ipsorum
989 3156 1044 3204 et
1063 3147 1279 3217 quidem
1300 3159 1464 3216 grave
1486 3152 1800 3215 reputatuus
1820 3145 2105 3209 damnum,

2204 674 2451 743 τομένων
2502 673 2535 742 ὴ
2579 672 2786 742 μέμψις
2839 674 3104 743 ἐφῆπται,
3156 675 3450 728 αἰτιάσαιτ’
3481 675 3544 728 ἄν
3571 692 3649 739 τις
3686 677 3756 729 δι-

2204 766 2407 830 καίωςο
2446 761 2527 830 οἷς
2549 767 2594 820 δ’
2630 769 2689 820 έν
2720 766 2868 837 luxti?
2897 767 2961 827 τὸ
2993 768 3274 835 μετελθεῖν
3308 769 3383 832 ὡς
3411 769 3657 838 βούλοιντ’
3677 770 3757 835 ἂν,

2203 858 2265 911 τὸ
2287 856 2510 928 αἱρετὴν
2565 858 2834 928 αἰσχύνην
2891 859 3291 928 περιὸαλέσθαι
3348 861 3532 927 σφίσιν
3562 860 3755 921 ἑαυτοῖς

2204 948 2323 1012 πῶς
2355 950 2457 1003 οὐκ
2472 948 2807 1017 ἀϐούλητον;
2839 949 2961 1002 Τῶν
2997 952 3095 1019 μὲν
3125 946 3219 1004 οὖν
3254 951 3648 1022 πεπραγμένων
3668 952 3756 1022 οὐχ

2202 1035 2365 1111 ἦττον
2395 1040 2784 1109 ξυγγνώμονας
2812 1038 2951 1095 εἶναι
2978 1042 3106 1112 χρὴ,
3136 1043 3168 1112 ἦ
3196 1042 3486 1112 ἑκδιιιητὰς
3520 1041 3757 1111 βούλεσθε

2202 1134 2512 1202 γίγνεσθαι,
2561 1134 2687 1196 τοὺς
2715 1135 2815 1186 οὐκ
2844 1134 2913 1186 ἂν
2941 1136 2990 1185 εἰ
3027 1136 3102 1203 μὴ
3134 1134 3373 1203 αἱροῖντο
3404 1135 3561 1186 κακοὶ
3592 1136 3762 1201 φαίνε-

2206 1229 2332 1284 σθαι
2378 1229 2475 1282 καὶ
2532 1228 2842 1281 ἐκσπόνδων
2897 1228 3114 1298 χείρους
3164 1228 3678 1298 ζημιωθησομένους
3706 1230 3759 1279 τὸ

2205 1319 2444 1376 σύνολον.
2480 1319 2545 1371 Εἰ
2566 1318 2611 1372 δ’
2643 1318 2757 1383 οὖν,
2787 1318 2904 1371 ἀλλ’
2929 1321 2993 1371 ὲκ
3020 1319 3109 1390 [Ρ.
3157 1318 3289 1391 597]
3317 1320 3429 1373 τῶν
3455 1319 3761 1388 φθασάντων

2206 1412 2447 1465 σκεπτέα
2484 1410 2550 1464 ἂν
2603 1410 2690 1479 εῐη
2722 1411 2853 1474 ὑμῖν
2907 1411 3163 1476 ὁπόσοις,
3221 1412 3340 1465 δέον
3391 1412 3522 1482 παρ’
3568 1412 3763 1482 ἐχθρῶν

2206 1504 2484 1567 πλουτεῖν,
2509 1505 2573 1556 ἐκ
2590 1503 2696 1556 τῶν
2716 1503 3003 1573 ἡμετέρων
3023 1503 3411 1574 ὲξωλὸισθητι.
3442 1504 3550 1558 Καὶ
3573 1504 3767 1572 ἀφίημι

2204 1597 2305 1649 ὅσα
2332 1595 2665 1665 ὴλογηκότες
2693 1596 2800 1647 τῶν
2825 1595 2904 1656 είς
2940 1594 3247 1664 Ῥωμαίους
3269 1596 3512 1649 σπονδῶν
3538 1594 3631 1648 καὶ
3652 1612 3763 1647 suv-

2206 1688 2391 1758 θηκῶν
2448 1685 2914 1755 ὴνδραποδίσασθε
2942 1703 2958 1717 ο
2994 1686 3114 1739 ἀλλ’
3144 1687 3377 1751 ὁπόσους
3423 1686 3579 1758 ἡμῶν
3615 1685 3767 1740 διδόν-

2206 1796 2313 1832 των
2347 1779 2381 1847 ἢ
2414 1778 2506 1830 καὶ
2531 1778 3000 1847 ὲκκεχωρηκότων
3025 1778 3328 1848 λαμϐάνειν
3362 1776 3667 1834 ἀπώνασθε.
3700 1777 3764 1831 Τὸ

2206 1871 2315 1940 γὰρ
2344 1871 2453 1923 τῶν
2486 1870 2796 1939 συμμάχων
2839 1868 3049 1939 σχῆμα,
3106 1871 3287 1925 καὶτὸ
3320 1871 3401 1926 ἔτι
3452 1873 3627 1927 δοκεῖν
3668 1869 3767 1924 τῶν

2206 1961 2491 2032 ἡμετέρων
2516 1960 2869 2029 ὑπερπονεῖν,
2889 1961 2964 2024 ὡς
2996 1961 3379 2032 λαμσάνοντας
3408 1963 3629 2017 διετίθει
3656 1962 3767 2020 τοὺς

2204 2054 2355 2106 οὐδὲν
2381 2049 2546 2125 ἦττον
2566 2053 2843 2117 διδόνταςμ
2881 2053 2986 2107 κᾶν
3011 2071 3096 2118 τις
3125 2057 3218 2108 καὶ
3249 2056 3403 2111 ἄκων
3448 2051 3586 2109 εῖναι
3610 2051 3771 2107 ἐδίδου

2206 2145 2773 2215 προσαφαιρούμενος.
2824 2143 3043 2198 Τούτων
3088 2146 3395 2217 μνήσθητι,
3445 2147 3540 2200 καὶ
3579 2143 3671 2205 τὰς
3716 2143 3768 2207 ἐξ

2204 2235 2381 2307 ἀρχῆς
2407 2235 2699 2305 ὁμολογίας
2724 2234 3071 2299 αἰδεσθέντες
3090 2231 3179 2301 αἷς
3203 2237 3616 2309 έμπεπέδωσθε,
3651 2234 3776 2289 Καί-ν

2209 2417 2348 2471 rium
2379 2415 2706 2486 gravissimo
2769 2427 2957 2473 nostro
2989 2425 3234 2485 tempore
3270 2416 3583 2488 pmidium
3615 2415 3768 2482 impe-

2208 2510 2274 2565 rii
2303 2525 2411 2563 uno
2443 2517 2716 2563 momento
2760 2510 3134 2577 perdidimus?
3160 2510 3370 2565 Praeter
3395 2514 3516 2575 hoc,
3544 2508 3608 2562 ad
3628 2506 3768 2574 plane

2208 2618 2312 2658 nos
2342 2602 2491 2657 omni
2523 2602 2838 2670 suspicione
2868 2615 3173 2671 procurata
3208 2605 3363 2660 necis
3411 2601 3607 2657 Caesari
3659 2612 3767 2665 pur-

2207 2697 2417 2767 gandos
2469 2693 2928 2750 ellieacissimumi
2958 2698 3102 2764 apud
3157 2707 3310 2752 recte
3362 2696 3660 2766 iudicantes
3688 2703 3766 2745 ar-

2207 2798 2521 2857 gumentum
2551 2788 2646 2852 sit,
2677 2788 2818 2853 quod
2853 2788 2907 2842 in
2961 2789 3266 2844 istiusmodi
3326 2787 3583 2844 immania
3630 2795 3770 2839 ruere

2206 2878 2438 2935 consilia
2471 2893 2661 2934 eorum
2704 2887 2788 2933 est
2821 2881 2911 2947 qui
2967 2879 3113 2948 passi
3143 2895 3171 2933 a
3207 2882 3471 2950 quopiam
3505 2876 3640 2948 quod
3674 2889 3764 2928 non

2209 2972 2430 3034 vellent,
2465 2985 2574 3040 quo
2600 2985 2660 3025 se
2709 2978 2926 3025 vertant
2954 2987 3063 3027 non
3094 2971 3318 3039 habent,
3358 2970 3505 3028 omni
3547 2963 3773 3024 destituti

2207 3060 2474 3117 facultate
2501 3062 2826 3117 desideratas
2854 3062 2959 3117 sibi
3006 3061 3432 3129 satisfactionis,
3469 3068 3561 3117 aut
3601 3066 3773 3127 prose:

2208 3152 2439 3220 queudm
2480 3154 2621 3220 apud
2657 3153 2990 3223 potentiores
3021 3153 3126 3209 viis
3175 3153 3464 3221 legitimis,
3497 3161 3585 3207 aut
3612 3158 3777 3219 perse

528 3253 740 3318 gratum
774 3244 898 3299 ideo
940 3239 1177 3299 habituri
1218 3240 1262 3295 si
1297 3238 1473 3310 pretiis
1530 3252 1627 3308 per
1680 3251 1797 3303 vos,
1826 3236 1918 3309 qui
1946 3245 2096 3306 pote«

2210 3245 2389 3317 ΡΜοω
2407 3244 2559 3315 iusta
2584 3256 2853 3315 potestate
2872 3247 3217 3316 usurpandae.
3257 3246 3339 3302 Na
3355 3265 3406 3304 ω
3428 3247 3582 3311 rales,
3602 3252 3777 3298 meum

527 3337 654 3402 stis,
676 3333 960 3405 condignis
995 3329 1305 3386 afﬁciantur
1363 3337 1616 3385 auctores
1667 3328 1853 3392 credis,
1906 3334 2108 3381 nostra:

528 3441 744 3499 quoque
790 3425 973 3481 domui
1017 3424 1431 3486 funestissima,
1465 3435 1563 3491 per
1598 3435 1759 3489 quam
1789 3418 1968 3474 orbati
2010 3432 2107 3488 ge-

532 3535 665 3577 nero
690 3533 899 3574 sumus.
940 3514 1101 3569 Scitis
1135 3514 1278 3568 enim
1323 3524 1569 3567 nostram
1603 3510 1775 3566 fuisse
1810 3509 1977 3564 filiam
2039 3509 2107 3564 il-

532 3614 636 3667 lius
687 3612 998 3679 coniugem.
1047 3608 1178 3674 Quae
1219 3614 1329 3660 tam
1371 3616 1489 3658 arta
1546 3603 1894 3659 necessitudo
1945 3600 2109 3656 facile

531 3706 876 3775 suspiciones
903 3702 1061 3757 diluit
1084 3710 1284 3753 nostra:
1310 3696 1596 3766 cujusdam
1618 3699 1685 3751 ab
1711 3710 1781 3751 eo
1802 3695 2109 3750 eversionis

531 3798 604 3849 ob
638 3793 891 3849 nonnulla
925 3790 1283 3860 prmcedentia
1325 3790 1569 3845 dissidia.
1619 3789 1751 3854 Quis
1794 3791 1963 3850 enim,
2021 3787 2108 3842 cui

535 3900 716 3940 mores
749 3882 1022 3954 perspeeti
1055 3881 1168 3936 sint
1217 3882 1414 3943 nostri,
1466 3897 1574 3937 non
1611 3881 1770 3935 facile
1824 3881 2105 3950 intelligit.

531 3979 696 4034 etiam
729 3977 775 4030 si
804 3976 934 4046 quid
967 3975 1035 4030 ab
1068 3973 1160 4028 illo
1209 3972 1473 4028 molestiae
1519 3975 1852 4042 accepimus,
1885 3983 2109 4043 paratos

506 4072 708 4139 magis
745 4082 844 4122 nos
875 4065 1093 4121 futuros
1130 4064 1203 4120 ad
1241 4064 1395 4119 venia
1431 4066 1851 4135 impertiendum
1889 4076 1996 4119 tam
2027 4068 2111 4119 in-

532 4161 724 4215 timum
759 4157 973 4213 affinem
1025 4165 1199 4228 qnam'
1233 4156 1544 4227 praeeuntes
1577 4158 1643 4211 ad
1677 4156 1992 4225 rapiendam
2042 4171 2108 4210 cx

532 4268 598 4307 co
656 4249 881 4321 perfidia
929 4259 986 4305 et
1038 4250 1364 4305 crudelitate
1398 4250 1729 4305 cumulatam
1762 4248 2049 4314 ultionem,
2077 4264 2105 4302 a

532 4360 641 4417 qua
678 4344 905 4399 Romani
949 4344 1166 4413 propria
1193 4342 1409 4411 generis
1439 4342 1637 4397 lenitas
1670 4341 1911 4396 inunane
1935 4356 2108 4410 quan~

536 4448 648 4492 turn
684 4437 978 4492 abhorret?
1009 4436 1144 4491 Hine
1175 4445 1322 4504 patet
1362 4449 1538 4502 neque
1570 4433 1617 4489 si
1655 4433 1942 4489 manifesta
1971 4450 2111 4504 pra:-

533 4528 791 4584 eessisset
841 4530 895 4581 in
952 4543 1049 4583 nos
1084 4525 1320 4582 Caesaris
1365 4523 1585 4591 injuria,
1635 4525 1886 4580 debuisse
1916 4540 2106 4594 quent-

2213 3339 2361 3393 intus
2395 3338 2611 3407 injuria:
2642 3338 2851 3402 dolore,
2877 3336 3022 3393 ultra
3052 3353 3259 3394 morem
3304 3340 3587 3395 interdum
3607 3348 3668 3390 ac
3707 3332 3775 3385 fas

2210 3424 2396 3485 efferri
2436 3429 2507 3483 ad
2535 3440 2791 3484 conatum
2813 3430 3062 3499 quamvis
3095 3430 3313 3500 injustas
3355 3429 3589 3491 ultionis,
3616 3437 3781 3480 exeru-

2212 3521 2341 3592 plis,
2361 3536 2524 3590 quam
2559 3531 2705 3577 esset
2758 3521 3087 3591 optandum,
3116 3522 3493 3578 crebrioribus
3518 3517 3766 3574 cernitur.

2212 3613 2357 3683 quod
2389 3613 2487 3668 hos
2512 3613 2742 3667 efferare
2774 3613 2946 3669 soleat
2988 3614 3296 3685 desperatio
3325 3615 3466 3684 juris
3501 3620 3592 3665 aut
3619 3609 3768 3662 hono-

2213 3706 2290 3761 ris
2337 3706 2602 3760 imminuti
2644 3705 2748 3759 alia
2796 3707 3009 3761 ratione
3049 3703 3602 3774 reparandihQuibus
3634 3709 3767 3757 vero.

2212 3799 2390 3868 qualis
2437 3808 2620 3853 nostra
2672 3798 2769 3852 Dei
2811 3798 3077 3852 beneficio
3126 3799 3379 3855 conditio
3422 3808 3526 3861 est,
3570 3791 3764 3862 quibus.

2214 3892 2458 3960 inquam,
2494 3891 2792 3944 auctoritas
2832 3900 2888 3947 et
2911 3892 2994 3944 ris
3032 3888 3097 3942 ad
3135 3904 3359 3947 manum
3392 3895 3632 3960 prompta
3656 3895 3766 3943 διινο

2214 3980 2350 4050 petit
2377 3979 2857 4047 contumeliarum,
2883 3980 2930 4034 si
2954 3993 3092 4049 quas
3112 3982 3451 4049 accepimus,
3477 3974 3699 4046 legitima
3721 3975 3767 4019 ei

2212 4072 2490 4141 inculpata
2522 4071 2732 4126 ratione
2780 4070 3250 4135 vindicandarum,
3311 4072 3412 4126 bos
3461 4080 3613 4123 nemo
3652 4070 3772 4116 sane

2213 4165 2490 4235 sapienter
2528 4165 2812 4218 aestimans
2862 4164 3249 4226 autumaverit,
3307 4158 3580 4234 probrosis
3608 4150 3773 4225 potius

2214 4257 2591 4328 pariendisque
2648 4270 2809 4325 quam
2859 4254 3023 4310 rectis
3050 4267 3104 4310 et
3140 4255 3390 4312 honestis
3441 4254 3584 4308 ultro
3627 4241 3772 4299 malle

2217 4351 2396 4406 modis
2434 4350 2513 4405 uti
2549 4351 2623 4404 rei
2652 4358 2747 4403 ant
2773 4349 3050 4417 dignitatis
3094 4363 3319 4418 quoquo
3349 4349 3508 4403 modo
3538 4344 3769 4397 detracta:

2216 4443 2563 4512 reponenda.
2596 4440 2812 4496 Maneat
2837 4441 3001 4511 igitur
3032 4455 3101 4496 ex
3134 4441 3220 4494 bis
3246 4440 3488 4495 evictum
3514 4433 3775 4490 evidenter

2219 4553 2328 4592 non
2366 4536 2468 4590 nisi
2497 4550 2593 4605 per
2632 4534 3029 4605 iniquissimam
3053 4532 3385 4588 calumniam
3418 4521 3663 4600 imputari
3684 4530 3775 4573 noo-

532 4636 697 4690 quam
729 4619 1003 4690 susipicari
1032 4620 1096 4672 de
1130 4618 1288 4671 nobis
1318 4624 1524 4670 tantam
1557 4617 1610 4669 in
1655 4631 1779 4669 eum
1813 4616 2109 4681 saevitiam;
2140 4601 2194 4661 Ῑ)
2220 4626 2303 4681 his
2337 4601 2510 4694 posse
2539 4601 2749 4694 partem
2802 4631 2896 4677 aut
2927 4622 3326 4678 conscientiam
3371 4621 3534 4676 uuam
3565 4605 3775 4669 sceleri!

535 4712 677 4765 unde
707 4711 885 4779 quivis
917 4709 1160 4779 prudens
1198 4708 1493 4776 perspiciat
1548 4717 1757 4777 quanto
1810 4708 2108 4763 incredibi-

534 4806 726 4860 liorem
755 4803 901 4857 illam
929 4802 1003 4856 sit
1034 4812 1467 4856 consentaneum
1505 4799 1721 4865 haberi,
1743 4816 1866 4856 cum
1899 4815 1964 4855 eo
1988 4800 2109 4869 qui—

532 4897 653 4951 dem
687 4904 930 4964 tempore
966 4908 1075 4963 quo
1112 4891 1297 4948 Cresar
1323 4907 1620 4963 oppressus
1669 4900 1781 4959 est,
1817 4892 2019 4946 nullam
2057 4893 2107 4949 ei

535 4988 816 5051 nobiscum
856 4986 1234 5042 intercessisse
1292 4986 1748 5051 controversiam,
1813 4986 1951 5040 nihil
2009 5002 2108 5041 nos

532 5080 681 5152 quod
735 5077 813 5132 illi
868 5092 1319 5133 succenseremus
1373 5078 1651 5143 habuisse,
1690 5079 1842 5133 vobis
1898 5094 2115 5148 quoque

537 5171 692 5242 ipsis,
735 5171 781 5226 si
839 5171 1125 5227 volueritis
1179 5173 1481 5241 inquirere,
1510 5182 1767 5227 constare
1819 5173 2114 5226 manifesto

535 5275 724 5333 queat.
757 5264 861 5319 Sed
904 5264 1091 5332 fingite
1121 5279 1222 5319 nos
1251 5265 1386 5318 adeo
1415 5263 1562 5318 feros
1601 5276 1658 5317 ut
1685 5265 1805 5319 sine
1836 5278 1997 5318 causa
2029 5263 2116 5316 lu-

537 5357 776 5411 dibunde
800 5355 852 5409 in
882 5354 1230 5409 familiarium
1261 5370 1673 5423 prorumpamus
1688 5356 1864 5410 caedes
1884 5373 1898 5409 :
1921 5356 2119 5409 etiam.

535 5465 604 5503 ne
664 5459 771 5501 tam
836 5446 1211 5515 imprudentes
1240 5446 1620 5515 opinaliimini,
1649 5455 1708 5501 ut
1736 5446 1881 5500 ultro
1931 5454 2113 5499 atten-

535 5551 713 5596 temus
730 5538 896 5612 568
915 5554 1035 5608 qua:
1066 5538 1290 5594 minime
1319 5538 1705 5600 eorrtlut-ibilia,
1739 5538 1849 5591 imo
1875 5538 2110 5591 rnaxime

536 5635 797 5688 damnosa
833 5631 990 5686 nobis
1018 5630 1153 5699 ipsis
1181 5631 1362 5687 futura
1390 5631 1537 5686 clare
1568 5630 1956 5699 providcautur
1979 5629 2003 5681 ’ἰ
2026 5629 2109 5682 cui

537 5735 718 5779 autem
746 5733 910 5795 queat
944 5738 1067 5779 esse
1095 5722 1316 5778 dubium
1352 5722 1502 5792 gravi
1536 5731 1719 5776 nostra
1752 5719 1990 5787 pernicie
2016 5734 2109 5772 ce-

534 5814 736 5871 cidisse
782 5814 1075 5881 Cresarem,
1133 5817 1185 5869 in
1224 5832 1333 5886 quo
1374 5825 1459 5879 tot,
1501 5830 1626 5885 spes
1675 5812 1868 5876 futuri,
1933 5822 2111 5866 tantos

537 5905 735 5962 effusos
765 5907 816 5960 in
852 5922 977 5964 eum
1014 5909 1315 5964 ornandum
1372 5918 1641 5976 sumptus,
1694 5914 1802 5960 tam
1853 5918 2111 5961 necessa~

2216 4714 2595 4771 interficiendo
2626 4711 2842 4769 Casare
2878 4714 3120 4782 patrati;
3148 4727 3357 4781 vosque
3387 4710 3520 4767 nihil
3546 4705 3657 4761 fere
3678 4696 3773 4752 tui-

2218 4821 2322 4860 nus
2351 4820 2537 4874 grave,
2569 4818 2733 4875 quam
2784 4806 2927 4873 quod
2960 4805 3151 4860 ulcisci
3182 4806 3320 4860 velle
3355 4796 3628 4858 videmini,
3652 4802 3773 4847 ctm'

2217 4898 2457 4953 scituros
2486 4898 2718 4960 crimen,
2749 4897 2794 4951 si
2824 4911 3014 4965 pinnas
3044 4895 3191 4951 illius
3218 4897 3383 4951 raedis
3432 4893 3500 4953 ab
3531 4889 3598 4945 iis
3635 4893 3773 4950 πορθ·

2221 4997 2338 5043 tere
2385 4990 2643 5058 pergulis,
2692 5003 2830 5058 quos
2873 4988 2926 5042 in
2963 4988 3109 5042 illam
3161 4986 3530 5047 consensisse,
3562 4991 3679 5035 cum
3726 4969 3771 5025 id

2219 5081 2402 5135 facere
2459 5080 2810 5148 nequiverint
2842 5080 2948 5134 nisi
2992 5094 3100 5134 non
3148 5079 3329 5133 solum
3362 5077 3541 5146 iurata
3586 5068 3775 5124 fmderl

2218 5171 2668 5240 perﬁdiosissime
2718 5172 2997 5236 violando,
3039 5173 3134 5225 sed
3181 5172 3347 5225 etiam
3407 5158 3769 5237 capitalissima

2219 5263 2362 5317 ultro
2392 5262 2447 5315 in
2477 5278 2534 5317 se
2574 5263 2726 5331 ipsos
2756 5263 3083 5318 stultissime
3113 5264 3444 5317 attrahenda
3474 5248 3769 5313 infortunia.

2220 5355 2569 5425 perspicuum
2626 5356 2837 5409 ratione
2883 5356 3056 5408 utenti
3107 5355 3285 5409 cuivis
3327 5359 3412 5406 est
3456 5346 3600 5403 nullo
3628 5347 3775 5412 posse

2218 5457 2378 5514 pacto
2405 5445 2704 5501 verisimile
2734 5447 2926 5501 videri.
2960 5446 3118 5502 Nune
3146 5447 3213 5500 ad
3244 5461 3339 5500 vos
3360 5451 3646 5507 vestraque
3663 5436 3772 5487 acia

2218 5537 2423 5591 referre
2440 5537 2744 5592 oratimrent
2765 5537 3043 5601 convenit,
3062 5536 3515 5603 considerateque
3536 5543 3598 5584 ex
3621 5517 3771 5594 εθδιίθ

2218 5629 2324 5682 huc
2336 5642 2507 5697 usque
2521 5636 2782 5697 quantum
2804 5642 2923 5695 vos,
2934 5643 3072 5697 quos
3087 5628 3355 5684 ditescere
3394 5639 3461 5679 ex
3481 5615 3684 5675 damnis
3699 5609 3775 5664 ho-

2217 5719 2382 5774 stium
2400 5734 2495 5787 par
2513 5727 2658 5782 erat,
2677 5731 2742 5772 ex
2767 5719 2995 5783 irostris,
3017 5720 3298 5775 sociorum
3322 5725 3381 5769 ut
3404 5698 3772 5780 loquebamini.

2219 5821 2545 5873 vestrorum,
2588 5822 2619 5863 e
2654 5805 3057 5876 Romanorum,
3107 5810 3359 5879 inquam,
3390 5803 3581 5874 quibus
3605 5793 3775 5852 defen—

2220 5900 2409 5956 dendis
2428 5900 2639 5957 evocati
2658 5902 2954 5967 veneratis,
2968 5902 3299 5959 avarissime
3319 5895 3510 5966 iniuria
3530 5896 3694 5946 vestra
3707 5879 3782 5935 di-
