4046 6420
178 5234 207 5259 ο

286 363 391 424 (3‘25

1172 369 1269 428 DE
1310 365 1763 429 ANDRON‘ICO-
1793 362 2255 425 PALIEOLOGO
2296 367 2444 429 LIB.
2487 368 2619 428 VII.

3437 365 3544 426 636

282 491 424 544 σαρα
471 475 570 544 μὲν
604 479 880 548 πρόφασιν
910 481 1234 536 τούντεῦθεν
1262 481 1556 545 ἀπόθεσθε,
1596 482 1781 537 ἔννοια
1802 482 1858 536 δὲ
1889 482 1934 536 Α
1964 479 2059 534 καὶ
2101 480 2176 550 μὴ
2201 479 2395 544 θέλων,
2452 482 2663 545 ἐκεῖνος
2713 479 2810 536 καὶ
2838 480 2937 552 τὴν
2988 480 3086 533 τού
3138 482 3546 550 παρασπονδεῖν

282 567 472 619 είσίτω
492 567 598 635 ὅπη
631 569 733 637 γῆς
763 572 1210 643 προσκαθήμενοι
1233 576 1388 630 ταῦτ’
1412 576 1733 647 ἐργάζεσθε,
1768 577 1864 628 καὶ

194 674 207 688 ‘
232 724 249 745 ‘
282 660 331 712 εί
362 660 620 713 ἀκίνδυνα
658 662 843 729 σφίσιν
871 664 1059 727 αὐτοῖς
1081 666 1138 719 τὸ
1179 668 1236 730 ἐς
1262 668 1439 722 νέωτα
1477 666 1652 722 ἔσται.
1701 668 1865 736 Ἡμῖν

284 750 387 821 μὲν
433 751 543 819 γὰρ
572 752 667 804 καὶ
695 752 752 817 ἒς
781 754 898 807 τόδε
938 755 1162 824 δόκησιν
1212 758 1739 828 παρασπονδήσεως,
1787 757 1865 821 ὼς

281 841 467 911 ἥκισθ’
497 844 630 911 ἡμῖν
660 844 997 914 πρέπουσαν,
1049 849 1408 903 ἀποκλίνουσι
1468 849 1868 920 μαλακώτερον

282 934 352 986 τὰ
376 932 477 999 τῆς
510 933 692 1003 μάχης
735 939 1179 1011 ἐπικεχείρηταιο
1209 940 1362 995 δεινὰ
1392 942 1500 1012 γὰρ
1530 945 1598 995 τὰ
1648 941 1868 1011 ξυγκεί-

287 1040 428 1091 μενα
454 1028 757 1107 ᾲπρακτεῖν
787 1029 966 1084 πείθει
997 1031 1091 1084 καὶ
1123 1032 1194 1084 τὰ
1217 1033 1497 1087 δεινότατα
1528 1037 1864 1104 πάσχοντας,

289 1118 388 1170 καὶ
409 1117 713 1187 πάσχουσιν
736 1121 850 1174 ἐστι
878 1123 1172 1193 καταφυγὴ
1200 1124 1234 1195 ή
1263 1124 1372 1178 τῶν
1399 1124 1869 1196 διομωμοσμένιιιν

283 1208 476 1274 αἰδὼς,
506 1211 573 1279 ἦν
601 1229 682 1275 τις
720 1214 815 1266 καὶ
848 1215 1142 1284 μέμφοιτο.
1180 1215 1345 1285 Ὑμῖν
1371 1216 1429 1269 δὲ
1456 1218 1581 1270 ὅποι
1609 1216 1871 1286 περιστή-

290 1320 449 1357 σεται
478 1305 545 1358 τὰ
566 1308 666 1374 τῆς
697 1306 927 1377 τόλμης,
951 1308 1052 1363 οὐκ
1077 1313 1158 1373 εις
1192 1310 1433 1381 μακρὰν,
1470 1311 1520 1363 si
1554 1310 1630 1381 μὴ
1661 1309 1875 1378 παύσηε

281 1393 408 1461 abs,
445 1395 681 1450 εἴσεσθε.
748 1398 893 1452 Ἀλλ’
917 1400 1071 1469 ὅμως
1100 1401 1207 1473 χρὴ
1262 1402 1359 1455 καὶ
1408 1399 1870 1470 προαναστέλλειν

288 1487 550 1554 λέγοντας
568 1503 584 1519 ’
612 1487 759 1544 οὕτω
787 1491 898 1562 γὰρ
926 1494 1020 1546 καὶ
1048 1493 1147 1564 τὴν
1189 1494 1284 1547 τοῦ
1315 1494 1538 1557 ἐσαῦθις
1586 1493 1870 1562 λελεῖφθαι

289 1577 425 1644 ἡμῖν
451 1576 611 1643 λόγον
635 1579 970 1652 συγγνώμης
999 1584 1150 1655 παρὰ
1170 1586 1279 1646 τοῖς
1305 1583 1375 1638 τὰ
1404 1584 1591 1639 δίκαια
1621 1583 1868 1655 κρίνουσι

286 1665 449 1732 δόξαν
476 1668 830 1741 ἄποισαίμεθ’
867 1674 958 1740 ἂν,
998 1675 1093 1727 καὶ
1120 1676 1417 1745 προσέσται
1440 1676 1500 1728 τὸ
1532 1676 1743 1729 δίκαιον
1778 1669 1874 1727 αὖ-

288 1759 399 1823 θις,
427 1763 525 1824 τὰς
553 1761 706 1826 δίκας
735 1765 1059 1834 λαμϐάνειν,
1091 1766 1247 1835 ὑμῶν
1280 1766 1531 1820 διδόντων
1584 1768 1679 1819 καὶ
1715 1766 1874 1820 ἀκόν-

286 1868 435 1916 των,
473 1853 572 1906 σὺν
601 1854 796 1924 ἀρήξει
824 1855 949 1928 θείᾳ
988 1857 1469 1928 προαιρουμένοις,
1517 1859 1750 1928 ἐπείπερ
1777 1858 1877 1929 ἄρ-

291 1960 411 2015 χειν
446 1945 546 2014 τῆς
599 1947 781 2016 μάχης
834 1947 895 2000 οὕ
946 1950 1283 2003 κατοκνεῖτε.
1334 1951 1426 2002 Δεῖ
1476 1948 1584 2018 γὰρ
1625 1948 1725 2016 τὴν
1779 1947 1875 2001 τοῦ

293 2036 702 2107 παρασπονδεῖν
720 2038 948 2106 δόκησιν
981 2042 1038 2104 ἐς
1063 2040 1208 2094 ἅπαν
1234 2040 1528 2096 ἰκκλίνειν.
1572 2040 1632 2093 '0
1654 2041 1764 2111 γὰρ
1786 2040 1879 2093 επὶ

294 2125 574 2191 τοσούτοις
603 2127 798 2193 δεινοῖς
826 2129 929 2200 τὴν
956 2129 1132 2203 ἀρχὴν
1159 2132 1217 2196 ες
1247 2132 1530 2203 εἰρηνικὰς
1554 2131 1878 2201 ἀξιούμενος

296 2322 576 2378 reptorum
596 2313 793 2381 praedis
811 2312 1109 2382 spoliisque
1125 2310 1435 2381 locupletati
1456 2310 1720 2365 hactenus
1762 2309 1880 2365 fue-

298 2403 441 2458 ritis.
455 2402 728 2458 Praetereo
744 2419 865 2473 qua:
887 2414 1074 2459 contra
1092 2403 1180 2472 jus
1201 2403 1392 2472 fasque
1406 2402 1712 2471 usurpastis
1735 2400 1881 2455 nulla

298 2494 466 2566 569
486 2495 700 2550 ratione
728 2494 914 2549 habita
934 2495 1212 2551 societatis
1233 2506 1358 2550 cum
1390 2496 1646 2548 Romanis
1677 2496 1823 2548 initae
1864 2510 1878 2547 :

298 2588 392 2641 illa
443 2587 617 2641 solum
665 2603 811 2642 nunc
866 2587 1138 2642 recordari
1174 2603 1270 2643 vos
1318 2588 1520 2654 velim,
1559 2603 1680 2656 quae
1728 2586 1883 2641 nobis

296 2679 719 2735 cauniventibus
775 2688 870 2732 aut
924 2681 1365 2749 permittentibus
1427 2681 1733 2750 accepistis.
1784 2678 1881 2731 Diu

296 2769 448 2822 enim
474 2764 597 2823 ’nos
647 2770 974 2824 verecundia
1026 2770 1247 2826 foederis
1292 2780 1346 2825 et
1396 2787 1591 2826 nomen
1630 2769 1885 2823 amicitias

300 2859 583 2915 vobiscum
630 2860 983 2917 dissimulare
1024 2864 1222 2932 coegit,
1275 2864 1403 2918 dum
1448 2863 1654 2931 rapina:
1693 2872 1885 2917 vestrae

303 2964 687 3021 narrarentur,
715 2952 978 3024 judicium
1009 2955 1360 3019 doloremque
1389 2956 1457 3011 de
1487 2956 1571 3010 his
1595 2966 1845 3009 nostrum
1866 2991 1882 3016 ,

302 3055 513 3110 nosque
557 3042 628 3095 ita
674 3057 883 3110 gerere,
914 3043 1069 3113 quasi
1103 3045 1449 3100 crederemus
1482 3045 1606 3113 jure
1634 3045 1839 3114 acquiri
1866 3083 1882 3108 ,

1963 572 2062 644 τὴν
2105 572 2283 643 ἀρχὴν
2309 571 2532 642 δόκησιν
2572 569 2799 634 δικαίως
2827 569 2893 624 ἂν
2920 569 3270 638 ἅπενέγκαιτ’
3297 568 3381 622 ἄν.
3416 569 3547 633 Τοῖς

1963 664 2074 733 γὰρ
2104 663 2318 717 ἐπιοῦσι
2345 660 2405 715 τὸ
2435 660 2674 731 πρῶτον,
2720 660 2782 714 οὐ
2815 660 2930 723 τοῖς
2957 660 3320 731 ἀμυνομένας
3345 658 3551 713 τδᾶδο-

1969 755 2060 822 εον
2080 754 2241 809 τοῦτο
2268 754 2570 825 πρόσρημα
2603 755 3021 825 περιστήσεται,
3072 753 3136 822 ἣν
3188 753 3291 805 πού
3324 768 3408 815 τις
3437 750 3551 805 ἀδι-

1969 847 2081 900 κῶν
2112 847 2213 910 τὰς
2253 847 2531 917 συνθήκας
2565 844 2664 916 τήν
2700 844 2918 915 ἄμυναν
2967 843 3354 913 προσκαλοῖτο.
3391 845 3552 895 Δυοῖν

1965 939 2060 993 οὖν
2095 938 2315 994 ἑλέσθαι
2357 940 2589 1009 θάτερον
2622 938 2925 1006 ἀναγκαῖον
2979 939 3111 998 ίσως
3162 935 3258 989 καὶ
3290 935 3391 987 οὐκ
3444 935 3553 989 ἀπὸ

1967 1028 2061 1084 τοῦ
2090 1029 2170 1100 τῷ
2204 1030 2431 1101 παρόντι
2458 1028 2635 1099 καιρῷ
2660 1028 2991 1100 πρέποντος,
3019 1027 3053 1097 ἢ
3084 1027 3262 1081 πάντα
3286 1024 3553 1088 λαϐόντας

1969 1121 2109 1194 πρὸς
2137 1123 2211 1176 τὰ
2246 1124 2492 1190 ὑμέτερα
2542 1123 2841 1194 ἑπανήκειν
2874 1121 3007 1192 ήθη,
3042 1119 3077 1190 ἢ
3133 1120 3291 1172 πάντ’
3327 1119 3554 1190 ἔχοντας

1970 1216 2107 1285 ἡμῖν
2139 1216 2502 1286 προσφοιτᾷν,
2533 1214 2611 1278 ὡς
2642 1213 2743 1268 ἐπὶ
2767 1211 2984 1285 μισθοῖς
3031 1212 3129 1265 καὶ
3160 1210 3321 1273 αὖθις
3358 1209 3557 1293 ἐσομέ-

1972 1324 2119 1374 νους,
2161 1310 2229 1380 τῇ
2278 1308 2386 1361 τῶν
2431 1307 2722 1376 Ῥωμαίων
2756 1303 3157 1374 ὑπηρετεῖσθαι
3187 1303 3353 1374 ἀρχῇ.
3397 1301 3557 1356 οὕτω

1970 1399 2079 1469 γὰρ
2109 1400 2229 1452 κατ’
2257 1399 2424 1469 ἄμφω
2446 1399 2540 1452 καὶ
2564 1398 2656 1452 ἐπὶ
2682 1395 2891 1469 βεϐαίῳ
2914 1396 3012 1464 τῆς
3036 1394 3285 1465 κτήσεως
3310 1391 3554 1463 συμϐαίη

1973 1492 2040 1545 ἂν
2067 1490 2137 1543 τὰ
2159 1490 2335 1543 πάντα
2358 1490 2686 1559 κεκτῆσθαι,
2711 1490 2805 1542 καὶ
2832 1488 2894 1541 τὸ
2913 1489 2994 1551 είς
3015 1487 3159 1554 ἄγαν
3191 1485 3292 1549 τὰς
3321 1483 3559 1544 σπονδὰς

1972 1579 2282 1650 ἠμελῆσθαι
2300 1580 2486 1650 ἥκιστ’
2509 1580 2578 1634 ἂν
2600 1579 2795 1645 δόξειε.
2841 1578 2952 1631 Καὶ
2985 1577 3115 1631 ὅποι
3140 1574 3261 1629 ποτ’
3288 1574 3354 1629 ἂν
3387 1588 3561 1643 προσ·-

1974 1672 2260 1743 χωρήσητε
2286 1708 2302 1735 ,
2355 1671 2456 1740 τὴν
2490 1670 2591 1738 τῆς
2641 1671 2701 1724 ὲν
2734 1668 2974 1736 ἀσφαλεῖ
3024 1666 3352 1737 συμμαχίας
3397 1664 3559 1728 δόξαν

1975 1762 2076 1817 οὐκ
2103 1763 2160 1826 ἐς
2188 1762 2338 1817 ἅπαν
2365 1760 2812 1830 ἀποϐεϐληκότες
2844 1762 3013 1829 εἴητε,
3037 1760 3161 1812 ἐπεὶ
3200 1756 3302 1810 τίν’
3325 1756 3443 1827 ἔχει
3474 1755 3563 1808 λό-

1979 1870 2079 1923 γον
2121 1854 2520 1924 ἐφισταμένους
2548 1853 2881 1924 ἀμύντορας,
2929 1850 3126 1905 ἔπειτα
3152 1848 3413 1919 ἐπίκλημ’
3446 1848 3475 1900 ὃ
3505 1864 3559 1901 τι

1978 1946 2131 2019 τύχοι
2148 1946 2625 2017 προϐεϐλημένους
2650 1944 2859 2017 ἐχθρῶν
2880 1942 3242 1998 καθίστασθαι
3270 1941 3340 1994 τὰ
3365 1942 3563 2008 πικρό-

1979 2053 2154 2103 τατα;
2187 2035 2274 2109 [Ρ.
2292 2034 2423 2108 ⁸598]
2452 2035 2513 2090 El
2540 2035 2598 2089 δὲ
2621 2036 2714 2089 καὶ
2748 2033 3131 2105 μισθοφορίας,
3151 2032 3228 2095 ὡς
3247 2032 3561 2101 πέπυσμαι,

1982 2129 2315 2197 προτενεῖτε,
2363 2125 2528 2192 αἰδὼς
2558 2124 2652 2180 καὶ
2681 2125 2845 2195 μόνον
2869 2123 2930 2179 τὸ
2952 2124 3155 2193 λέγειν.
3192 2123 3367 2176 Τίνων
3400 2139 3564 2175 σπου-

1985 2321 2074 2361 ma
2107 2306 2327 2375 quidem
2362 2306 2558 2360 damna
2608 2303 3044 2361 recusaverimus
3089 2299 3310 2373 pacisci.
3353 2298 3567 2354 Remis-

1985 2399 2097 2454 sius
2126 2412 2258 2469 ergo
2292 2398 2564 2453 hactenus
2595 2396 2844 2453 bellando
2883 2395 3171 2450 adversum
3205 2406 3304 2447 vos
3334 2391 3567 2459 egimus,

1987 2491 2165 2545 minus
2197 2497 2516 2558 reputantes
2547 2488 2678 2557 quid
2722 2501 2817 2542 vos
2864 2484 3208 2540 mercremini
3236 2497 3399 2551 quam
3437 2480 3569 2550 quid

1988 2600 2088 2639 nos
2107 2586 2349 2641 deceret.
2392 2582 2683 2650 Deinceps,
2719 2579 2874 2634 vobis
2907 2579 3056 2633 clare
3096 2576 3389 2640 denuntio,
3423 2574 3570 2629 nulla

1988 2693 2087 2732 nos
2117 2675 2279 2730 nimis
2304 2673 2416 2741 jam
2443 2688 2473 2726 a
2509 2672 2665 2727 vobis
2694 2672 2838 2739 rupti
2872 2669 3158 2724 manifeste
3199 2667 3428 2724 finieris
3463 2681 3559 2721 ve-

1989 2769 2250 2824 recundia
2298 2765 2573 2831 tardabit;
2604 2773 2769 2833 atque
2813 2763 2947 2817 adeo
2994 2770 3255 2832 quantam
3291 2760 3345 2814 iu
3386 2758 3571 2829 perni-

1989 2862 2127 2915 ciem
2158 2873 2337 2913 rerum
2374 2872 2438 2912 ac
2465 2857 2704 2926 capitum
2737 2863 3041 2910 vestrorum
3080 2864 3261 2908 vestra
3292 2853 3398 2907 ista
3417 2892 3433 2917 ,
3463 2852 3568 2907 nisi

1989 2950 2104 3018 ejus
2138 2957 2340 3003 temere
2371 2946 2579 3003 ruentis
2605 2944 2865 3013 impetum
2894 2943 3056 3014 57o
3085 2944 3297 3009 sistitis,
3322 2941 3573 3011 praeipi-

1994 3050 2071 3096 tet
2103 3041 2352 3103 sudaria,
2378 3039 2487 3095 cito
2511 3039 2781 3094 sentietis.
2807 3037 3069 3093 Ultimum
3098 3040 3224 3103 hoc,
3250 3045 3308 3091 ut
3342 3035 3569 3091 exitium

303 3131 585 3185 sociorum
621 3142 747 3185 tunc
773 3133 951 3189 adhuc
985 3149 1178 3189 nomen
1220 3135 1538 3202 gerentibus
1568 3144 1624 3189 et
1652 3137 1885 3189 militare
1916 3149 1959 3206 ο
1992 3143 2448 3203 pra-verteremus
2501 3141 2760 3197 vestrum,
2813 3131 2968 3187 vobis
3018 3130 3063 3185 si
3110 3139 3295 3198 posset
3344 3129 3461 3186 fieri
3502 3130 3570 3182 ad

304 3232 497 3278 nostro
544 3222 776 3290 imperio
801 3223 954 3289 visis,
990 3241 1111 3294 qua:
1142 3226 1219 3281 illi
1253 3243 1358 3282 non
1388 3244 1415 3278 a
1451 3228 1681 3284 libenter
1710 3230 1886 3282 danti-

301 3316 409 3369 bus
438 3316 803 3386 accipiebant,
838 3318 934 3373 sed
986 3318 1036 3371 vi
1071 3328 1164 3373 aut
1194 3319 1358 3374 minis
1389 3322 1783 3389 cxtorquebaut
1818 3324 1886 3376 ab

306 3404 652 3462 invitissimis
686 3406 1117 3476 miserrimisque
1153 3408 1431 3464 Romanis.
1462 3409 1599 3474 ista,
1630 3413 1760 3480 inqu
1782 3429 1881 3472 tm.

301 3495 423 3553 sola
443 3498 745 3565 computari
775 3514 804 3553 a
834 3500 985 3553 vobis
1011 3499 1243 3567 postulo,
1265 3515 1384 3569 quae
1412 3501 1573 3568 longo
1594 3502 1683 3555 illo
1714 3504 1886 3557 nostri

300 3589 514 3644 silentii
548 3597 742 3644 vestra:
774 3590 1006 3645 licentia:
1048 3593 1440 3660 patrocinantis
1488 3604 1751 3657 tempore,
1794 3593 1886 3648 de-

302 3680 739 3749 pmdationibus
778 3697 983 3748 rerum,
1008 3683 1420 3753 captivitatibus
1468 3686 1748 3741 hominum
1778 3737 1793 3758 ,
1839 3687 1891 3741 in

304 3772 468 3826 lucra
494 3784 674 3825 vestra
703 3773 1084 3841 congessistis.
1130 3775 1212 3829 Ex
1252 3774 1338 3829 his
1370 3779 1654 3845 reperietis
1687 3778 1737 3831 in
1775 3793 1889 3831 cam

308 3880 411 3919 vos
443 3874 629 3919 auctos
655 3863 1013 3933 opulentiam,
1048 3875 1104 3919 ut
1132 3876 1184 3921 et
1220 3870 1751 3937 quiestttosissitnutn
1793 3887 1889 3925 voc

306 3957 398 4012 bis
427 3954 598 4013 fuisse
627 3956 804 4013 [indos
828 3956 1113 4013 nobiscum
1147 3958 1310 4014 ictum
1344 3959 1505 4015 fateri
1544 3961 1813 4023 debeatis.
1843 3972 1899 4016 et

310 4054 517 4102 nostra
548 4045 806 4101 admirari
838 4047 1201 4105 constantiam
1237 4049 1360 4104 fidei
1397 4049 1451 4104 in
1495 4049 1589 4105 illo
1635 4051 1774 4105 inter
1822 4060 1899 4105 tot

300 4151 383 4194 iac
408 4146 517 4191 tam
549 4138 898 4193 vehementes
930 4140 1210 4209 rumpendi
1252 4156 1448 4196 causas
1486 4152 1594 4195 tant
1644 4158 1898 4211 persevc-

308 4239 508 4286 ranter
545 4230 905 4307 observando.
938 4229 1101 4287 Unde
1138 4234 1343 4299 patebit
1396 4233 1687 4288 manifesto
1734 4249 1896 4287 uuam

312 4318 545 4390 allegari
570 4334 791 4375 causam
837 4334 998 4389 posse
1028 4336 1126 4375 cur
1156 4322 1350 4377 deinde
1381 4323 1558 4390 palam
1586 4324 1899 4378 defeceritis

312 4427 346 4467 a
402 4411 582 4475 nobis,
634 4411 779 4481 quod
830 4412 963 4467 nihil
1015 4412 1262 4469 reveritis
1314 4414 1567 4482 antiquas
1618 4418 1898 4473 nobiscum

1993 3226 2203 3296 frugem
2237 3224 2583 3287 revocandis.
2618 3224 2855 3295 experiri
2881 3223 3140 3278 monitum
3165 3223 3388 3294 placuit.
3418 3222 3572 3288 Quod

1994 3317 2171 3384 ipsum
2213 3314 2407 3382 pignus
2442 3315 2695 3369 habetote
2727 3312 2967 3369 nondum
3005 3328 3231 3384 prorsus
3253 3313 3468 3383 obsepti
3504 3314 3572 3367 ad

1994 3421 2234 3463 nostram
2267 3408 2499 3479 gratiam
2531 3408 2759 3474 reditus,
2785 3407 2832 3464 si
2863 3422 2984 3462 eam
3013 3408 3096 3462 vel
3126 3423 3247 3462 sera
3274 3408 3571 3476 promereri

1995 3502 2315 3573 pteuitentia
2361 3499 2562 3555 velitis.
2601 3499 2657 3554 lu
2701 3515 2808 3570 quo
2850 3500 3081 3570 potestis
3120 3514 3416 3568 agnoscere
3446 3499 3575 3553 reli-

1995 3599 2149 3666 quias
2183 3609 2316 3649 mena
2349 3593 2550 3648 veteris
2597 3607 2742 3663 aegre
2777 3592 3156 3661 abrumpentis
3183 3606 3246 3647 se
3274 3607 3305 3646 a
3335 3591 3489 3645 vobis
3519 3600 3577 3645 et

1994 3689 2177 3743 adhuc
2202 3687 2254 3740 iu
2286 3700 2383 3741 vos
2423 3699 2610 3754 pronae.
2639 3683 2955 3739 voluntatis.
2986 3683 3109 3751 Quo
3138 3683 3573 3752 vituperabilior,

1995 3780 2206 3850 judicio
2237 3792 2394 3847 :eque
2418 3776 2833 3839 arbitrantium,
2865 3782 3052 3830 vestra
3082 3775 3401 3830 censebitur
3427 3775 3580 3829 duri-

1998 3874 2127 3936 ties,
2158 3873 2204 3924 si
2251 3884 2396 3924 nunc
2423 3883 2643 3939 quoque
2687 3868 2929 3922 oblatam
2981 3882 3011 3921 a
3062 3877 3251 3922 nostra
3295 3866 3579 3934 majestate

2002 3977 2108 4018 tam
2142 3965 2380 4035 graviter
2405 3963 2530 4017 lwsa
2563 3960 2733 4015 veniae
2768 3970 2879 4013 tam
2921 3959 3167 4029 benigna
3209 3959 3576 4014 conditionem

1999 4055 2456 4126 aspcrttabitttitti;
2490 4053 2779 4122 minusque
2812 4052 3167 4107 miseratione
3199 4052 3364 4120 digna
3399 4059 3576 4105 vestra

2000 4149 2272 4203 videbitur
2318 4146 2625 4210 calamitas,
2666 4158 2789 4200 cum
2837 4159 2983 4207 mox,
3027 4146 3171 4214 quod
3214 4142 3329 4198 Deo
3351 4143 3582 4211 juvante

2000 4241 2282 4302 faciemus,
2323 4236 2548 4290 meritas
2571 4251 2600 4289 ιι
2629 4235 2786 4290 vobis
2814 4248 3008 4303 pinnas
3038 4233 3404 4304 exegerimus,
3441 4234 3581 4288 bello

1996 4326 2109 4393 jam
2143 4325 2262 4379 sine
2300 4323 2404 4377 ulla
2436 4322 2774 4379 dubitatione
2815 4324 3144 4393 justissima,
3188 4332 3476 4393 postquam
3530 4324 3580 4376 id

2004 4418 2164 4486 primi
2211 4431 2305 4471 vos
2351 4415 2623 4470 lacessere
2672 4413 2831 4470 nobis
2866 4414 3008 4468 ultro
3054 4415 3436 4484 impugnandis
3480 4428 3584 4468 non

313 4504 710 4560 conventioues
753 4515 964 4560 vestras
994 4506 1136 4560 ultro
1176 4521 1240 4559 ac
1277 4506 1570 4562 ludibundo
1604 4510 1751 4562 vobis
1779 4526 1901 4577 pro-
1935 4491 1976 4546 θ
2005 4512 2140 4565 estis
2179 4509 2362 4576 veriti,
2411 4507 2555 4564 utilia
2606 4518 2816 4577 sumpta
2867 4523 2996 4561 cura
3038 4508 3221 4563 colore
3250 4506 3440 4562 saltem
3476 4546 3492 4570 ,
3529 4515 3590 4559 ut

312 4597 472 4654 silire
499 4597 806 4654 collibuerit
826 4599 877 4651 in
908 4606 1157 4667 apertum
1189 4613 1381 4653 earnm
1415 4608 1471 4655 et
1499 4601 1897 4668 iniquissimum
2005 4611 2347 4675 oportuerat,
2378 4602 2563 4672 aliquo
2590 4602 2837 4657 velandae
2875 4599 3097 4656 nefaria:
3133 4600 3589 4671 transgressionis

316 4698 717 4758 contemptum.
755 4689 1002 4745 Desinite
1030 4688 1197 4758 igitur
1229 4692 1463 4759 allegare
1492 4706 1677 4745 necem
1717 4690 1897 4746 Caesae
2009 4707 2293 4768 pactorum
2325 4697 2655 4765 juratorum.
2689 4694 2861 4763 Cujus
2889 4710 2957 4750 ne
2989 4694 3100 4751 ulla
3141 4693 3593 4765 tergiversatione.

319 4786 425 4841 ris.
461 4780 767 4839 Praetestus
814 4783 901 4838 hic
947 4798 1129 4839 merus
1161 4792 1217 4838 et
1247 4784 1575 4841 vanissimas
1621 4793 1727 4841 est.
1769 4786 1900 4841 illud
2004 4791 2284 4845 declinare
2317 4788 2470 4843 vobis
2512 4785 2768 4856 probrum
2823 4786 2984 4842 liceat
3013 4797 3292 4852 utcunque
3342 4786 3593 4841 conanti-

314 4876 559 4947 cogitate
588 4877 787 4946 potius,
819 4877 872 4930 in
903 4889 1138 4946 eamque
1170 4886 1349 4933 vestra
1386 4890 1548 4932 eausa
1587 4893 1776 4933 curaui
1822 4880 1901 4933 in-
2010 4883 2137 4948 bus,
2158 4892 2466 4937 extremum
2503 4881 2604 4935 hoc
2635 4877 2701 4932 ad
2734 4894 2854 4933 eam
2897 4877 3311 4932 lneluctabiliter
3332 4878 3595 4931 evincem

318 4969 634 5040 gredimini,
660 4969 755 5025 ubi
799 4969 1015 5025 tandem
1063 4977 1334 5026 terrarum
1384 4969 1734 5026 considentes
1779 4970 1905 5025 talia
2013 4978 2138 5029 dam
2189 4974 2411 5045 accedet
2455 4979 2856 5040 argumentum,
2907 4986 2939 5024 e
2996 4970 3341 5025 recusatione
3398 4968 3595 5025 oblata:

319 5078 428 5117 non
459 5062 719 5117 dubitetis
746 5076 930 5131 agere,
962 5073 1017 5117 et
1052 5077 1182 5118 tium
1222 5077 1317 5118 vos
1348 5062 1548 5131 putetis
1580 5064 1802 5132 impune
1840 5066 1906 5119 ad
2019 5081 2160 5121 nunc
2190 5081 2220 5120 a
2254 5081 2360 5129 me,
2387 5065 2437 5120 si
2471 5063 2795 5131 resipiscere
2834 5062 3029 5125 Velitis,
3065 5062 3235 5116 venia
3264 5062 3593 5117 ducendum.

313 5163 625 5209 extremum
659 5164 769 5209 tam
803 5154 1021 5210 infanda
1054 5155 1262 5211 scelera
1295 5153 1647 5210 laturos.Nec
1672 5166 1907 5213 vestram
2016 5160 2152 5227 Quis
2195 5160 2338 5213 enim
2377 5172 2487 5211 non
2518 5170 2641 5210 eum
2697 5156 2985 5210 manifeste
3035 5171 3187 5210 reum
3226 5156 3427 5226 injuste
3461 5156 3594 5210 illati

317 5247 374 5301 in
407 5248 513 5302 hoc
546 5263 748 5316 genere
774 5247 1158 5303 confidentiam
1190 5248 1302 5303 alat
1331 5247 1666 5318 experientia
1694 5264 1912 5306 succes-
2016 5253 2087 5308 ab
2126 5252 2283 5307 initio
2308 5249 2431 5305 belli
2464 5250 2684 5314 habeat,
2714 5248 2806 5318 qui
2840 5264 2943 5302 nec
2970 5248 3223 5303 idoneam
3254 5249 3488 5317 allegare
3515 5250 3597 5303 ul-

319 5355 481 5392 suum
515 5354 706 5408 parum
744 5341 922 5402 vobis,
957 5355 1022 5394 ex
1057 5354 1168 5407 quo
1193 5354 1292 5395 nos
1324 5340 1681 5411 oppugnatis.
1715 5340 1909 5395 adver-
2021 5346 2126 5400 lam
2160 5343 2283 5411 ejus
2317 5341 2556 5411 suscepti
2595 5354 2815 5397 causam
2846 5341 3106 5409 quiverit,
3144 5351 3200 5396 et
3247 5342 3317 5397 ab
3366 5342 3431 5396 iis
3459 5356 3597 5409 quos

321 5446 534 5487 eorum.
560 5430 808 5486 Nondum
835 5435 980 5488 enim
1012 5434 1063 5487 in
1103 5448 1197 5488 vos
1232 5432 1311 5488 uti
1344 5434 1472 5488 totis
1500 5434 1702 5489 nostris
1734 5432 1911 5489 volui-

324 5540 450 5578 mus
489 5524 719 5589 viribus,
747 5524 1010 5594 religione
1048 5525 1229 5579 adhuc
1259 5524 1491 5595 quadam
1519 5523 1717 5596 juratre
1755 5524 1912 5579 vobis

318 5615 452 5671 olim
482 5616 737 5671 amicitia:
768 5616 1017 5673 cohibiti.
1056 5614 1233 5671 Grave
1267 5616 1465 5685 quippe
1491 5632 1555 5672 ac
1584 5626 1737 5684 turpe
1771 5619 1912 5672 adeo

320 5703 625 5774 fredifragte
656 5705 901 5774 perfidia:
923 5706 1130 5759 crimen
1163 5706 1566 5769 existimamus,
1592 5716 1650 5761 ιιι
1677 5721 1776 5776 pro
1797 5706 1914 5776 cjus

321 5813 354 5853 a
393 5796 556 5854 nobis
589 5797 895 5853 amolienda
928 5796 1011 5867 vel
1041 5798 1145 5853 levi
1173 5808 1230 5853 et
1255 5813 1391 5855 vana
1418 5799 1601 5869 specie.
1632 5814 1698 5853 nc
1731 5800 1910 5856 maxi-

2018 5436 2354 5492 voluntarius
2387 5434 2665 5502 impugnet
2697 5433 2952 5488 invitatus
2978 5435 3047 5488 ad
3072 5434 3591 5501 redintegrationem

2022 5526 2212 5597 gratiae
2251 5525 2484 5596 superbe
2539 5524 2591 5579 id
2645 5535 2837 5595 pergat
2889 5525 3212 5595 aspernari?
3259 5526 3424 5578 Arma
3465 5536 3598 5591 ergo

2021 5627 2234 5679 nostra,
2258 5615 2456 5685 quibus
2484 5625 2606 5683 post
2631 5616 2845 5687 longam
2877 5615 3192 5686 patientiam
3226 5613 3397 5667 tritum
3440 5612 3598 5667 deni-

2022 5726 2129 5781 que
2162 5710 2361 5764 ibimus
2390 5709 2672 5779 pcrlidiam
2708 5707 3007 5781 fmdil‘ragm
3047 5706 3358 5764 rebellionis
3381 5713 3597 5770 vestrm,

2012 5816 2171 5856 nemo
2207 5810 2317 5855 tam
2345 5799 2563 5869 iniquus
2591 5797 2894 5869 reperietur
2922 5799 3011 5867 qui
3061 5806 3290 5867 arguere
3320 5792 3492 5868 possit
3517 5793 3599 5849 iu-
