4046 6424
513 345 620 406 827

1745 353 2064 412 csonou
2107 338 2587 419 rAcnvnane

3660 363 3758 427 628

509 456 808 522 ὃασμάτων
841 457 1002 526 χάριν
1027 459 1120 510 καὶ
1150 458 1361 524 πόνων;
1395 461 1553 513 Καλά
1578 478 1638 527 γε
1675 462 1730 523 ἐς
1766 462 2096 532 Ῥωμαίους,
2133 473 2168 524 Α
2203 469 2444 538 κορύζης
2477 470 2748 538 Ἰταλικῆς
2769 469 2960 536 λόγους
2994 469 3270 539 ἐξέφερον.
3293 469 3405 524 Καὶ
3435 469 3580 533 τέλος
3615 485 3632 525 t
3671 473 3763 528 Ἦν

509 548 653 602 καλὰ
699 550 795 602 καὶ
848 550 1033 604 δίκαια.
1076 552 1348 620 μεγάλους
1411 555 1664 620 ὲφέλκειν
1723 557 1974 624 μισθούς.
2023 557 2096 610 Τὸ

509 644 775 714 πράττειν
832 644 965 712 γοῦν
997 644 1172 697 ταῦτα
1210 645 1607 714 ὁμολογοῦντες
1658 648 1930 718 ὲχθρῶδες
1955 644 2094 704 εἶναι

507 736 636 798 τοὺς
671 737 812 805 ὑπὲρ
846 738 1048 791 τούτων
1083 739 1310 808 μισθοὺς
1332 740 1408 802 ὡς
1431 740 1708 810 σύμμαχοι
1730 743 2094 812 ἀπαιτήσετες

511 828 622 881 Καὶ
650 829 809 882 ποίαν
831 829 937 898 ἄρα
956 829 1353 900 ἀγνωμοσύνης
1379 833 1477 902 οὐχ
1497 833 1896 904 ὑπερϐαλεῖσθε
1927 835 2096 903 ὑπερ-

509 919 708 990 6ολήν;
766 923 830 973 Ἀ
861 922 970 991 γὰρ
1019 923 1161 993 ὑπὲρ
1214 924 1508 994 Ῥωμαίων
1557 927 1877 996 πεπρᾶχθαι
1908 927 2093 992 σφίσιν

509 1015 642 1080 ἡμῖν
670 1013 843 1080 ἔδοξε,
893 1015 988 1069 καὶ
1021 1017 1161 1085 ὑπὲρ
1193 1017 1256 1070 τὸ
1301 1017 1512 1071 δίκαιον
1541 1019 1765 1088 ἔμμισῖν
1793 1019 1858 1073 ἂν
1891 1019 2092 1089 εὕροιτ’

508 1102 574 1154 ἂν
605 1105 1009 1172 σκοπούμενοι·
1042 1107 1112 1158 τά
1135 1106 1192 1161 δὲ
1239 1108 1360 1160 κατ’
1390 1109 1570 1162 αὐτῶν
1609 1113 1979 1179 πεπραγμένα
2007 1111 2096 1164 τό-

511 1213 604 1248 σον
635 1197 888 1264 ὲφέλκειν
924 1198 1155 1266 μισθοὺς
1181 1199 1368 1254 δίκαιά
1402 1203 1542 1254 εἰσιν
1574 1202 1673 1254 ὅσα
1695 1203 1787 1256 καὶ
1818 1203 1975 1266 δίκας
1997 1204 2094 1256 αὐο-

510 1289 618 1342 τῶν
650 1291 907 1360 ὑποσχεῖν
930 1291 1130 1346 δίκαιοι
1178 1293 1243 1346 ἂν
1275 1294 1634 1365 λογισθείητε.
1669 1294 1861 1367 Χρεὼν
1890 1295 1982 1348 οὖν
2010 1297 2093 1350 ὲν-

509 1381 871 1450 τελεχέστατα
924 1384 1384 1454 βουλευσαμένοις
1415 1389 1520 1457 ὅπη
1555 1389 1703 1441 δοκεῖ
1739 1390 1971 1456 ποιητέα
2018 1384 2093 1442 εἷ-

511 1489 622 1537 ναι,
654 1473 810 1525 ταῦθ’
843 1474 1082 1535 ἑλέσθαι,
1115 1476 1191 1539 ὡς
1225 1475 1357 1546 ἡμῖν
1395 1494 1459 1545 γε
1494 1477 1555 1530 τὸ
1583 1478 1694 1530 ἀπὸ
1733 1479 1892 1532 τοῐδε
1933 1479 2092 1547 λόγος

510 1565 684 1628 οὐδεὶς
703 1566 841 1635 πρὸς
870 1567 1038 1634 ὑμᾶς,
1071 1567 1134 1636 ἦν
1165 1569 1238 1637 πή
1267 1584 1330 1634 γε
1356 1567 1530 1631 ἄλλως
1571 1569 1700 1636 ἢὼς
1721 1573 1857 1640 ἡμῖν
1886 1571 2090 1644 ἀνδάνῃ

511 1658 748 1726 γνοίητε.
787 1677 806 1710 ι
843 1660 904 1711 Οί
937 1659 1036 1727 μὲν
1063 1659 1157 1712 οὖν
1185 1660 1448 1729 πρέσϐεις
1464 1661 1702 1715 τοσαῦτα
1731 1659 1907 1724 εἷπον,
1944 1665 2101 1728 ὲκεῖ-,

510 1745 589 1802 νοι
623 1749 677 1801 δὲ
700 1751 828 1812 τοὺς
863 1749 1052 1818 λόγους·
1084 1751 1432 1820 ἐνδεξάμενοι
1465 1754 1620 1808 οὐδὲν
1645 1755 1671 1808 ὅ
1691 1772 1741 1807 τι
1775 1755 1910 1825 πρὸς
1942 1758 2090 1826 εξρη-

510 1842 667 1904 νικάς
723 1843 900 1899 ἐδόκει
940 1845 1178 1908 σπονδὰς
1235 1846 1618 1918 ὑπεκρίνοντο,
1677 1848 1813 1911 ἀλλὰ
1861 1849 2090 1919 πλήρεις

510 2021 790 2077 fractionis
827 2024 1090 2078 initornm
1125 2025 1403 2080 vobiscum
1427 2025 1714 2082 fcederum.
1747 2027 1880 2082 Nam
1907 2029 1974 2083 ils
1998 2030 2089 2098 qui

510 2113 670 2178 primi
708 2124 865 2178 pacta
896 2115 1241 2184 infringendo
1266 2117 1373 2170 vim
1403 2116 1707 2181 intulerint,
1740 2134 1845 2172 non
1871 2119 1976 2174 illis
1998 2121 2089 2187 qui

512 2203 616 2256 vim
654 2205 733 2257 sic
764 2206 968 2258 illatam
1001 2218 1095 2259 aut
1131 2210 1437 2262 necessaria
1471 2209 1786 2265 defensioue
1827 2212 2092 2280 repellere

509 2308 600 2349 aut
634 2298 868 2365 legitima
906 2301 1110 2354 ultione
1147 2302 1426 2356 vindicare
1453 2303 1565 2356 sint
1597 2305 1775 2356 conati
1806 2342 1822 2364 ,
1861 2304 2090 2372 probro-

509 2405 630 2444 som
669 2391 803 2445 illud
836 2404 890 2445 et
927 2393 1171 2446 odiosum
1204 2393 1610 2462 ftedifragorum
1642 2397 1963 2449 vocabulum
1998 2398 2092 2450 ad-

506 2481 775 2550 jnngitnr.
815 2480 1063 2549 Totaque
1095 2483 1298 2536 invidia
1328 2484 1596 2537 malorum
1628 2495 1682 2538 et
1718 2486 2089 2540 calamitatum

510 2589 541 2627 e
569 2574 661 2626 tali
695 2575 835 2628 bello
872 2587 1188 2629 secutarutn
1223 2576 1288 2629 iis
1318 2576 1449 2630 solis
1485 2578 1804 2645 imputatur,
1836 2580 1928 2648 qui
1964 2596 2093 2649 pro-

512 2676 854 2720 vocaverunt
882 2666 1152 2721 violandis
1185 2667 1385 2737 injuste
1431 2669 1904 2724 conventionibus.
1934 2670 2092 2736 Quod

511 2766 787 2826 superest,
819 2756 1228 2811 duarum‘vobis
1248 2758 1523 2824 optionem
1551 2759 1920 2812 conditionum
1952 2759 2090 2825 fero,

508 2864 737 2917 quarum
779 2849 1006 2904 alteram
1041 2849 1164 2917 eligi
1216 2863 1245 2900 a
1297 2849 1470 2912 vobis,
1521 2849 1569 2903 si
1618 2851 1778 2904 rebus
1808 2851 2004 2905 vestris
2033 2851 2088 2905 in

513 2941 701 2994 barum
735 2941 987 3009 praesenti
1022 2949 1163 2999 statu
1211 2941 1497 2996 consulere
1540 2941 1856 2996 salutariter
1884 2945 2087 3006 velitis,

515 3032 672 3098 plane
709 3032 944 3086 arbitror
989 3035 1380 3092 necessarium.
1428 3048 1622 3101 nempe
1669 3043 1728 3086 ut
1762 3042 1856 3086 aut
1887 3033 2088 3102 praedis

2202 559 2513 631 βουλομένῳ
2539 562 2760 632 βασιλεῖ
2791 562 2907 632 εἴην
2945 561 3188 630 ἔφασκον
3221 578 3241 612 ι
3279 561 3600 624 ἐνσπόνδους
3627 565 3765 632 ἡμᾶς

2199 654 2669 714 ἀπαλλάσσεσθαι,
2720 655 3002 723 παρεκτέα
3037 655 3138 722 μὲν
3173 653 3298 714 τοὺς
3334 654 3558 722 μισθοὺς
3586 649 3658 706 ὧν
3687 655 3763 709 δει-

2195 746 2588 815 δουλεύκαμεν,
2619 747 2897 800 ἀπολυτέα
2927 745 2982 797 δὲ
3012 746 3107 798 καὶ
3140 745 3270 808 τοὺς
3307 746 3631 815 ἡμετέρους,
3648 745 3765 808 τούς

2196 837 2245 888 τ’
2272 837 2511 906 ἀλλαχοῦ
2553 838 2806 899 καὶτοὺς
2863 838 3008 890 κατὰ
3066 837 3245 900 πόλιν,
3309 837 3509 898 αὐτούς
3557 853 3616 888 τε
3681 841 3766 891 καὶ

2195 929 2354 997 νῆας,
2380 930 2705 993 Γεννουΐτας
2732 929 3007 983 πείσαντι,
3025 927 3299 998 ἐξωνητέα
3328 927 3386 980 δὲ
3419 929 3511 980 atati.
3539 929 3660 990 τοὺς
3686 929 3768 980 ἵπ-

2197 1036 2331 1081 πους
2357 1021 2524 1089 τιμῆς
2553 1022 2792 1084 δικαίας,
2832 1019 2990 1072 ἔτιδὲ
3024 1019 3211 1071 καὶτὰ
3238 1018 3341 1070 ἀνὰ
3388 1020 3575 1088 χεῖρας
3606 1018 3766 1070 σκῦλα

2195 1114 2289 1165 καὶ
2323 1111 2730 1182 αἰχμαλώτους.
2759 1113 2871 1165 Καὶ
2892 1110 3068 1174 οὕτως
3092 1109 3324 1178 ἀφέντες
3360 1110 3488 1178 ὑμῖν
3525 1109 3767 1176 πολεμεῖν

2193 1204 2292 1272 τὴν
2343 1205 2608 1275 ταχίστην
2639 1202 3089 1270 ἀπαλλαξόμεθα.
3133 1202 3222 1262 Ὠς
3251 1203 3382 1270 ἡμῖν
3429 1201 3502 1269 μὴ
3537 1200 3655 1268 οὖχὶ
3680 1199 3766 1251 τοῦ

2196 1296 2312 1365 βίου
2340 1297 2441 1365 τὴν
2475 1296 2676 1366 ἀρετὴν
2703 1293 3189 1355 ἀνταλλάττεσθαι,
3233 1294 3300 1363 ἢν
3337 1293 3548 1363 αἵρεσις
3575 1295 3770 1360 ἀμφοῖν

2194 1393 2414 1461 κέηται,
2455 1391 2620 1453 αἰδὼς
2650 1392 2746 1442 καὶ
2769 1389 2932 1451 πόνος
2962 1389 3084 1458 οὐχ).
3111 1388 3329 1458 μικρός.
3361 1405 3380 1439 r
3419 1385 3583 1439 Ταῦτ’
3604 1385 3773 1438 εἰπόν-

2192 1502 2319 1548 τες,
2362 1485 2458 1536 καὶ
2502 1484 2603 1553 τὴν
2653 1481 2958 1552 πρεσϐείαν
2990 1483 3050 1544 ἐξ
3108 1481 3280 1550 αὐτῆς
3330 1478 3770 1548 ἀποπέμψαντες,

2193 1578 2423 1648 ἐρασταὶ
2456 1575 2806 1646 πραγμάτων
2842 1573 3060 1626 ἀτόπων
3095 1572 3345 1634 ἐκτόπως
3367 1567 3535 1642 ἦσαν.

2195 1691 2264 1756 γ’.
2301 1687 2432 1754 Πῶς
2466 1691 2519 1742 οἱ
2562 1687 2786 1756 Πέρσαι
2827 1685 3162 1753 ἀντιπερᾷν
3187 1687 3271 1751 εἰς
3306 1683 3622 1753 ἀνατολὴν
3641 1684 3772 1739 ἐκω-

2835 1757 3141 1820 λύθησαν.
3472 1810 3482 1819 ,

2269 1849 2351 1924 [Ρ.
2378 1850 2509 1923 400]
2534 1847 2850 1920 Ξυνηνέχθη
2880 1848 2937 1900 δὲ
2964 1848 3059 1900 καί
3086 1865 3139 1900 τι
3169 1847 3260 1899 ἐπὶ
3289 1845 3370 1918 τῷ
3405 1846 3557 1916 σφῶν
3590 1849 3645 1909 ὲς
3673 1846 3773 1913 μά-

2193 2035 2331 2090 nlhil
2360 2032 2502 2088 aliud
2546 2046 2645 2087 nos
2675 2031 2872 2084 debere
2899 2028 3052 2082 vobis
3091 2027 3191 2080 nisi
3224 2041 3416 2096 pmnas
3448 2025 3649 2080 inferre
3679 2039 3774 2094 pa-

2197 2138 2462 2181 tratorum
2493 2126 2544 2178 in
2576 2139 2673 2178 nos
2697 2123 2966 2178 scelerum
2993 2120 3138 2175 clare
3164 2105 3483 2187 perspiciat.
3514 2118 3776 2188 Optimum

2194 2235 2323 2288 ergo
2357 2217 2544 2281 fuerit,
2577 2217 2661 2270 his
2713 2214 2926 2267 cunctis
2979 2221 3188 2265 attente
3229 2210 3619 2275 consideratis,
3654 2223 3774 2276 pru-

2196 2315 2386 2367 denter
2428 2318 2668 2362 statuere
2699 2305 2826 2374 quid
2855 2303 3064 2358 consilii
3096 2300 3250 2354 vobis
3283 2299 3547 2365 deinceps
3571 2298 3780 2365 capicno

2194 2406 2321 2457 dum
2349 2445 2362 2466 ,
2403 2402 2455 2454 in
2506 2413 2669 2466 quam
2727 2395 2918 2464 agendi
2956 2394 3098 2446 viam
3139 2391 3208 2443 ab
3245 2391 3353 2444 hoc
3386 2388 3534 2442 velut
3569 2386 3779 2440 cardine

2196 2491 2641 2547 deliberationem
2680 2482 3058 2538 inllectendam
3095 2477 3464 2533 arbitremini.
3499 2475 3607 2528 Hoc
3631 2472 3778 2527 vobis

2198 2587 2451 2640 ultimum
2495 2583 2561 2636 de
2595 2580 2682 2633 bis
2728 2573 3054 2631 decernendi
3110 2583 3325 2640 tempus
3370 2577 3475 2624 est.
3515 2568 3648 2622 Nam
3682 2563 3777 2617 nisi

2195 2687 2317 2740 qua:
2377 2667 2764 2738 proposuimus
2823 2661 3095 2729 accipitis,
3145 2659 3357 2712 nullam
3415 2659 3469 2711 in
3517 2664 3780 2724 posterum

2195 2765 2392 2819 scitote
2436 2756 2778 2827 colloquendi
2831 2753 2994 2824 5³12
3037 2767 3133 2805 vos
3181 2750 3476 2802 nol.iscum
3515 2746 3782 2800 habituros

2193 2855 2432 2923 copiam.
2469 2873 2488 2904 ι
2526 2850 2653 2904 Haec
2694 2859 2752 2900 ut
2787 2845 3001 2899 inerant
3051 2846 3120 2895 ab
3166 2841 3506 2908 imperatore
3551 2837 3779 2903 scripta.

2195 2945 2358 3014 legati
2395 2941 2671 2999 Catolanis
2707 2949 2902 2992 cuncta
2931 2937 3250 2989 recitarunt.
3283 2933 3501 2997 Quibus
3536 2931 3613 2985 illi
3641 2927 3784 2982 audi-

2197 3041 2264 3094 tis
2296 3038 2432 3092 nihil
2461 3050 2592 3091 sane
2638 3033 2811 3100 pacati
2869 3043 3182 3096 reposuere,
3231 3029 3331 3078 sed
3388 3039 3554 3078 voces
3606 3022 3784 3076 Italico

511 3138 648 3192 quas
690 3124 1040 3191 congessistis
1075 3124 1352 3178 vobiscum
1386 3125 1638 3178 omnibus
1669 3124 1866 3179 ablatis
1897 3125 2088 3179 domos

2196 3135 2338 3189 fastu
2378 3143 2433 3186 et
2465 3129 2774 3196 arrogantia
2809 3123 3178 3194 plenissimas.
3217 3117 3332 3170 Per
3362 3132 3506 3184 quas
3533 3111 3782 3168 iracunde

512 3223 726 3269 vestras
752 3216 1033 3283 repetatis,
1070 3226 1162 3267 aut
1191 3215 1304 3268 haec
1335 3215 1446 3282 ipsa
1474 3224 1530 3267 ttt
1555 3217 1709 3269 vobis
1727 3215 1840 3284 jam
1872 3216 2089 3285 propria

511 3305 683 3374 spolia
719 3317 1000 3360 servantes
1047 3305 1321 3360 aceedatis
1354 3305 1511 3376 571
1549 3305 1729 3360 denuo
1775 3307 1842 3359 ad
1885 3322 2003 3371 nos,
2038 3315 2094 3362 et

512 3413 649 3451 nova
676 3398 1041 3452 conventione
1075 3399 1311 3451 ineunda
1353 3398 1456 3452 sub
1489 3399 1663 3466 pactis
1693 3407 1910 3452 statuta:
1944 3413 2092 3454 mer-

509 3491 657 3546 redis
691 3493 895 3546 nostris
926 3491 1184 3560 deinceps
1209 3506 1306 3545 vos
1340 3491 1664 3546 militaturos
1684 3491 1944 3558 auspiciis
1971 3508 2092 3560 pro-

511 3584 796 3638 titeamini.
823 3583 938 3637 Hoc
960 3583 1104 3637 enim
1128 3582 1337 3638 utrovis
1363 3583 1523 3638 modo
1549 3593 1694 3638 certa
1731 3583 1884 3638 vobis
1918 3593 1971 3638 ct
1995 3599 2094 3654 per

510 3688 752 3731 nostram
799 3675 912 3743 jam
959 3676 1260 3729 cessionem
1294 3675 1439 3742 jnsta
1495 3675 1774 3744 continget
1816 3678 2094 3744 possessio

511 3771 732 3823 istarum
773 3782 934 3838 opum
969 3767 1165 3837 injuria
1211 3777 1526 3836 partarum;
1564 3775 1621 3822 et
1670 3767 2091 3836 ignominiosum

511 3867 772 3928 praeterea
823 3859 1057 3914 dedecus
1110 3858 1480 3928 neglectorum
1539 3871 1567 3908 a
1621 3855 1770 3910 vobis
1826 3857 2092 3911 fmderum

511 3955 592 4007 sic
628 3966 892 4022 purgasse
923 3950 1326 4022 quodammodo
1357 3947 1692 4001 videbimini.
1728 3947 1881 4014 Quod
1911 3950 1961 4004 ni
1998 3949 2084 4003 fa-

510 4044 656 4110 citis,
693 4059 1020 4114 qnocunque
1061 4058 1158 4097 vos
1187 4041 1463 4110 continget
1495 4040 1595 4106 ire,
1624 4040 1748 4097 odia
1791 4041 1844 4095 in
1877 4057 1972 4096 vos
1997 4042 2093 4095 lto-

513 4139 716 4190 minmn
746 4137 1049 4192 concitabit
1083 4151 1148 4189 eo
1191 4134 1340 4202 prius
1369 4134 1544 4194 delata
1589 4141 1786 4187 vestrae
1824 4131 2090 4187 foederum

511 4229 973 4299 transgressionis
999 4226 1242 4283 infamia.
1261 4226 1459 4292 Quodsi
1483 4239 1647 4294 snper
1664 4226 1766 4279 ista
1789 4240 1905 4294 qua:
1931 4236 2090 4295 raptu

519 4324 651 4378 licet
675 4323 948 4392 acquisita
978 4321 1293 4374 condonare
1324 4319 1477 4373 vobis
1507 4318 1680 4389 parati
1716 4333 1922 4383 sumus,
1956 4320 2090 4374 alias

511 4419 675 4469 etiam
699 4456 714 4478 ,
750 4423 900 4467 rctro
930 4410 1183 4466 videlicet
1213 4408 1523 4462 debitorum
1557 4407 1952 4476 stipendiorum
1983 4422 2088 4461 no-

513 4507 678 4571 mine,
715 4505 874 4573 pendi
901 4501 1056 4556 vobis
1093 4516 1124 4555 e
1153 4510 1336 4554 nostro
1361 4498 1556 4552 :crario
1579 4499 1822 4566 pecuniae
1848 4513 2093 4553 summas

514 4595 804 4665 petieritis,
841 4590 986 4660 quod
1017 4605 1111 4643 vos
1146 4588 1305 4642 audio
1337 4588 1473 4642 velle
1506 4585 1722 4653 facere,
1756 4588 1808 4642 id
1845 4590 2091 4657 profecto

514 4691 652 4743 adeo
685 4685 994 4754 pudendum
1037 4681 1189 4735 vobis
1225 4689 1304 4736 est
1327 4723 1344 4747 ,
1376 4689 1433 4735 ut
1464 4681 1508 4734 si
1541 4681 1710 4736 vestri
1740 4695 1838 4736 vos
1870 4681 2092 4736 honoris

515 4793 646 4834 cura
683 4775 856 4842 tangit
888 4772 1092 4842 aliqua,
1117 4771 1304 4826 sedulo
1336 4770 1615 4826 abstinere
1645 4772 1728 4828 vel
1759 4789 1788 4826 a
1809 4774 1986 4842 prima
2015 4772 2089 4826 rei

513 4870 639 4925 talis
670 4867 946 4922 mentione
979 4861 1246 4919 debeatis.
1281 4861 1573 4917 Enimvero
1597 4877 1851 4931 quorum,
1882 4876 2088 4930 quaeso,

512 4973 661 5017 recte
722 4960 1014 5018 factorum,
1069 4971 1300 5024 quorum
1359 4955 1630 5018 laborum,
1691 4955 1850 5024 cujus
1907 4969 2093 5022 operae

517 5054 776 5108 Romanae
829 5049 1138 5118 reipublicae
1190 5057 1398 5100 navata:
1446 5045 1726 5101 mercedes
1769 5045 2092 5113 reposcitis?

516 5143 595 5194 An
631 5139 907 5194 hostilium
939 5137 1150 5191 illarum
1195 5136 1594 5206 grassationum
1621 5176 1637 5203 ,
1674 5135 1873 5204 quibus
1906 5150 2003 5189 vos
2037 5140 2088 5189 In

517 5233 792 5285 Romanos
835 5244 960 5284 usos
990 5229 1090 5299 ipsi
1122 5244 1340 5298 quoque
1372 5227 1650 5293 fatemini,
1687 5228 1906 5297 praemia
1945 5243 2090 5288 nunc

517 5326 592 5378 uti
619 5323 968 5378 nihilominus
998 5323 1163 5377 sociis
1197 5321 1351 5379 vobis
1375 5321 1596 5387 rependi
1622 5335 1837 5389 aequum
1869 5321 2093 5375 ducitis?

514 5417 667 5486 Quod
715 5431 878 5484 quam
918 5413 1121 5483 ingrati
1161 5427 1226 5466 ac
1264 5412 1515 5466 scelerati
1564 5411 1733 5466 animi
1789 5425 1895 5466 non
1943 5420 2090 5465 tran-

514 5515 736 5569 scendat
773 5508 1157 5583 byperbolem?
1188 5509 1327 5562 Nam
1373 5507 1418 5561 si
1465 5507 1595 5577 quid
1647 5507 1801 5562 vobis
1830 5507 2090 5562 videmini

514 5608 802 5678 pugnando
827 5620 1063 5675 unquam
1111 5618 1208 5673 pro
1247 5603 1509 5658 Romanis
1538 5604 1823 5664 meruisse,
1857 5602 2015 5668 hujus
2039 5612 2094 5655 et

515 5704 614 5770 ipsi
657 5700 811 5757 vobis
849 5699 983 5754 estis
1033 5697 1239 5753 conscii
1275 5697 1422 5766 justo
1464 5696 1628 5750 etiam
1689 5694 1950 5764 ampliora
1991 5693 2092 5748 sti-

517 5792 712 5870 pendia
745 5790 966 5858 tulisse;
1003 5797 1059 5844 ttt
1085 5789 1196 5859 jam
1238 5789 1330 5860 qui
1360 5799 1506 5846 recte
1536 5789 1775 5850 calculos
1803 5787 2090 5858 posuerit,

2197 3241 2260 3281 ac
2297 3223 2584 3280 minaciter
2615 3217 2928 3274 debacchati
2969 3215 3101 3268 satis
3128 3253 3143 3278 ,
3190 3211 3326 3263 illud
3379 3210 3447 3262 ad
3483 3217 3783 3262 extremum

2197 3335 2295 3390 pro
2331 3317 2519 3370 ultima
2549 3327 2602 3368 et
2646 3308 2992 3366 irrevocabili
3049 3303 3360 3360 voluntatis
3414 3304 3656 3372 ipsorum
3698 3297 3784 3348 de-

2194 3414 2496 3469 claratione
2527 3407 2854 3474 subjeccre:
2889 3420 2908 3452 ι
2953 3400 3009 3454 Si
3059 3397 3171 3449 vult
3215 3397 3529 3462 imperator
3557 3390 3789 3460 placatos

2192 3517 2295 3558 nos
2330 3499 2730 3565 benevolosque
2773 3509 2802 3548 e
2845 3492 3002 3546 terris
3033 3489 3149 3543 suis
3180 3488 3452 3540 recedere
3473 3525 3490 3548 ,
3523 3480 3788 3551 persolvat

2198 3604 2348 3650 retro
2379 3592 2561 3647 debita
2599 3587 2866 3656 stipendia
2924 3598 3022 3653 pro
3074 3591 3324 3646 tempore
3363 3592 3475 3644 quo
3529 3576 3627 3644 ipsi
3661 3569 3791 3625 mili-

2195 3688 2364 3744 tando
2397 3683 2761 3739 set-vivimus;
2792 3677 3006 3732 emittat
3042 3670 3285 3727 custodia
3332 3671 3651 3736 liberosque
3675 3660 3789 3716 red-

2196 3783 2290 3836 dat
2330 3778 2486 3833 nobis
2512 3780 2778 3845 quotquot
2823 3770 2994 3822 nostri
3049 3764 3118 3818 ab
3167 3765 3286 3830 ipso
3323 3775 3380 3817 et
3415 3763 3534 3815 suis
3571 3761 3624 3813 in
3661 3757 3786 3810 urbe

2195 3883 2290 3927 attt
2324 3871 2532 3939 uspiam
2571 3867 2697 3919 alibi
2736 3863 3083 3922 detinentur;
3135 3869 3304 3910 naves
3356 3865 3581 3910 nostras
3623 3869 3650 3904 a
3687 3848 3785 3903 Ge-

2195 3962 2493 4018 nueusibns
2531 3963 2740 4024 captas,
2788 3954 3104 4019 impetratae
3130 3956 3224 4000 aut
3254 3948 3584 4016 redemptus
3626 3956 3690 3995 ex
3723 3939 3786 3992 iis

2193 4057 2284 4124 qtti
2319 4059 2606 4122 ceperunt.
2650 4047 2806 4101 nobis
2841 4043 3123 4106 restituat;
3162 4055 3337 4110 equos
3373 4049 3624 4101 nostros,
3658 4044 3786 4133 quos

2193 4142 2499 4211 navigaturi
2569 4139 2966 4205 relinquemus,
3013 4133 3177 4202 justo
3251 4139 3551 4186 numer-ato
3621 4131 3787 4196 pretio

2191 4248 2368 4304 emat;
2409 4251 2505 4303 pro
2537 4233 2718 4302 praeda
2750 4239 2805 4285 et
2829 4227 3038 4297 spoliis,
3070 4239 3191 4290 qute
3228 4225 3284 4277 in
3337 4223 3602 4277 manibus
3627 4217 3787 4273 babe-

2193 4347 2337 4396 mus,
2371 4339 2486 4383 tum
2514 4334 2775 4396 praeterea
2813 4336 2914 4390 pro
2943 4321 3083 4390 lytro
3115 4317 3465 4387 captivorum
3502 4327 3640 4384 quos
3675 4321 3786 4364 scr-

2195 4437 2406 4482 vamus,
2440 4433 2592 4488 aequa
2616 4414 2976 4471 aestimatione
3006 4419 3242 4464 laxatam
3269 4410 3575 4478 pecuniam
3609 4416 3792 4470 repen-

2125 4484 2168 4539 D
2205 4519 2319 4571 dat.
2353 4513 2484 4568 Haec
2506 4484 2612 4564 dubi
2640 4505 2854 4572 fecerit,
2892 4503 3200 4559 desinentes
3222 4500 3372 4556 bello
3405 4514 3510 4554 vos
3543 4490 3790 4564 persequi

2199 4606 2380 4661 statim
2411 4601 2700 4656 abibimus.
2736 4597 2834 4652 Sin
2876 4595 3130 4658 noluerit,
3165 4592 3246 4647 sic
3284 4593 3520 4654 habeat,
3561 4593 3615 4644 in
3648 4594 3795 4658 parte

2201 4710 2393 4768 magna
2442 4690 2623 4761 probri
2672 4704 2737 4744 ac
2783 4686 3067 4742 dedecoris
3117 4683 3358 4756 pudendi
3411 4688 3795 4738 numeraturos

2201 4803 2321 4851 nos,
2356 4786 2400 4840 si
2438 4783 2656 4852 optione
2688 4780 2869 4834 oblata
2905 4777 3030 4831 vitae
3073 4777 3266 4846 ignave
3295 4790 3365 4829 ac
3398 4774 3658 4844 precario
3687 4783 3797 4824 ser-

2199 4878 2388 4931 vanda:
2418 4883 2511 4928 ant
2543 4873 2760 4928 fortiter
2793 4870 3044 4924 bellando
3071 4867 3365 4931 moriendi,
3399 4866 3487 4920 vel
3523 4862 3793 4919 tantillum

2200 4976 2588 5024 cunctaremur
2633 4964 2688 5017 in
2739 4959 3084 5031 pmoptanda
3124 4956 3286 5011 saluti
3339 4958 3577 5012 virtute.
3631 4973 3651 5006 ι
3705 4951 3796 5005 His

2200 5063 2381 5126 dictis,
2429 5059 2766 5126 dimissaque
2797 5053 3087 5109 confestim
3119 5050 3422 5119 legatione,
3468 5066 3568 5103 sua
3614 5062 3673 5102 se
3702 5046 3796 5100 im-

2201 5154 2471 5222 probitate
2501 5149 2868 5211 involverunt,
2900 5144 3036 5200 nihil
3067 5143 3217 5212 pensi
3248 5141 3528 5196 habentes
3565 5143 3795 5194 demon-

2198 5254 2374 5297 strat'e
2415 5242 2588 5310 palam
2638 5239 2855 5309 placere
2897 5235 3030 5303 ipsis
3071 5249 3191 5302 qua!
3220 5247 3394 5301 prave
3422 5231 3713 5291 fecerant,
3741 5231 3792 5278 et

2200 5336 2482 5387 abundare
2545 5330 2808 5384 nefariam
2861 5327 3192 5382 voluntatem
3233 5323 3425 5379 adhuc
3475 5324 3672 5392 pejora
3705 5317 3796 5374 Ja-

2202 5425 2401 5480 cicutli.

2201 5537 2255 5590 5.
2295 5534 2361 5588 Ut
2417 5533 2593 5590 Persa:
2634 5531 3009 5600 transfretare,
3042 5544 3224 5582 rursus
3253 5529 3315 5580 in
3369 5527 3638 5582 orientem
3685 5537 3804 5593 pro-

2780 5599 2932 5655 hibiti
2983 5599 3204 5667 fuerint.

2278 5695 2353 5746 Ad
2383 5695 2571 5749 bot'utn
2608 5707 2769 5762 porro
2794 5690 3032 5745 rationes
3064 5691 3656 5758 peraccutnumdatntn
3681 5696 3799 5738 mox

2205 5785 2429 5853 cuntigit
2484 5783 2758 5855 quippiam
2783 5821 2797 5848 ,
2841 5785 2984 5851 quod
3018 5781 3174 5834 modo
3211 5777 3480 5831 referant.
3532 5779 3632 5845 Qui
3669 5787 3787 5832 cum
