4046 6406
260 399 374 462 629‘

1148 406 1244 466 DE
1289 403 1729 466 ANDRONICO
1762 403 2232 466 PALIEOLOGO‘
2267 409 2412 471 LIB.
2455 407 2596 471 VII.

3412 406 3524 470 630

261 512 415 565 λιστα
441 511 652 583 ἀγαθῷ,
673 511 703 566 δ
732 513 824 568 καὶ
851 516 1054 570 αὐτίκα
1076 517 1150 579 ὠς
1177 518 1345 581 λέξων
1374 516 1628 586 ἔρχομαι.
1655 513 1720 567 Οἱ
1747 511 1846 580 μὲν
1879 514 1919 568 Α
1947 513 2028 567 λοὶ
2065 516 2121 568 δὲ
2183 517 2276 571 καὶ
2333 518 2538 587 Πέρσαι
2567 557 2582 581 ,
2633 514 2760 569 ἐπεὶ
2809 513 3036 585 οὐδεμία
3067 512 3175 567 τῶν
3225 514 3525 584 βασιλικῶν

260 600 353 660 οὖν
387 605 508 675 μετ’
536 605 714 660 αὐτῶν
750 607 957 676 Πέρσαι
992 611 1211 679 μερῖται
1239 610 1350 662 τῶν
1375 609 1586 662 σκύλων
1607 607 1838 670 ἐκείνοις
1940 609 2211 679 τριήρεων
2240 611 2421 662 ἐκεῖσέ
2453 627 2531 678 πη
2561 607 2970 678 προσεκώχευε,
3004 607 3074 662 τὰ
3125 607 3292 662 πιστὰ
3326 608 3418 660 ἐπὶ
3444 605 3524 676 τῷ

262 700 546 768 γενόμενοι
577 700 680 768 τῆς
713 702 835 770 ἴσης
871 699 1170 770 ὴτέμὸοντο
1197 702 1288 754 καὶ
1318 702 1471 772 παρὰ
1495 701 1587 754 δύο
1603 700 1672 753 ιὲν
1703 699 1840 770 λαμ-

264 791 452 846 ϐάνειν
479 791 836 857 ἐδικαιοῦντο,
869 795 965 856 τὰς
991 796 1078 846 ἐπ’
1112 793 1242 848 ἴσων
1279 797 1338 848 ἐν
1367 797 1503 849 πᾶσι
1531 795 1756 864 μερίδας
1773 792 1840 845 τὰ

266 886 605 955 συγκείμενα
645 887 882 956 ἔχοντες.
923 888 1116 940 Ἰταλοὶ
1148 887 1203 941 δὲ
1246 889 1434 951 ἱππεῖς
1475 889 1616 958 σφᾶς
1642 886 1840 951 αὐτοὺς

265 978 418 1049 παρὰ
470 976 672 1038 πεζοὺς
706 977 948 1037 ἐκείνους
993 979 1120 1040 τοὺς
1175 975 1461 1040 πλείστους
1501 979 1841 1046 συνέκρινον,

265 1071 363 1123 καὶ
408 1067 526 1122 ἄλλ’
573 1069 710 1122 ἄττα
757 1067 1254 1136 δικαιολογούμενοι
1286 1108 1301 1134 ,
1356 1069 1503 1123 δεινὰ
1544 1070 1845 1124 ποιούντων

264 1160 490 1212 ἐκείνων
537 1162 586 1236 εί
621 1159 730 1211 τῶν
765 1160 898 1213 ἴσων
931 1163 1233 1230 στεροῖντο,
1302 1161 1544 1230 ἠμέλουν
1573 1161 1630 1225 ἐς
1679 1162 1843 1230 ἄγαν.

266 1250 431 1302 Ὅθεν
466 1250 560 1302 καί
594 1267 737 1303 τισιν
771 1252 994 1303 ἐκείνων
1037 1253 1340 1323 ἀντι-περᾷν
1387 1253 1586 1322 ἐδόκει,
1620 1254 1715 1308 καὶ
1739 1254 1850 1311 τῶν

263 1358 372 1394 τινι
423 1341 725 1411 Ῥωμαίων
768 1345 1167 1413 προστυχόντες
1195 1347 1253 1396 ἐν
1293 1347 1484 1414 ῥηταῖς
1535 1346 1848 1414 ὁμολογίαις

265 1434 360 1485 καὶ
388 1434 574 1501 ὅρκοις
628 1433 973 1500 συνεφώνουν
1033 1433 1190 1486 αὐτοὶ
1238 1433 1338 1503 μὲν
1368 1434 1566 1488 διδόναι
1609 1434 1760 1498 ἄξιον
1787 1434 1849 1486 τὸ

267 1526 588 1594 πορθμεῖον,
617 1525 824 1587 ἐκεῖνος
854 1526 911 1578 δὲ
944 1526 1692 1596 ἀκακουργήτωςδιαπερᾷν.
1711 1525 1864 1578 Ἀλλ’·

267 1619 332 1669 ἐκ
361 1615 456 1668 τοῦ
513 1617 772 1685 αἱφνηδὸν
823 1617 1244 1686 περαιουμένοις
1273 1617 1302 1669 ὁ
1341 1617 1595 1690 Ἀνδρέας
1648 1618 1855 1686 Μουρί-

271 1725 400 1771 σκος
443 1707 754 1776 ἐφίσταται,
790 1709 882 1761 καὶ
923 1709 1087 1778 μέσον
1117 1708 1210 1760 τοῦ
1249 1709 1496 1780 πορθμοῦ
1528 1710 1854 1780 προστυχὼν

269 1801 397 1862 τοὺς
432 1799 531 1869 μὲν
574 1799 884 1870 Ῥωμαίους
912 1803 1305 1870 περιποιεῖται,
1347 1801 1564 1868 Πέρσας
1593 1801 1648 1854 δέ
1680 1802 1755 1863 ὡς
1786 1801 1852 1854 ἂν

273 1888 348 1958 μὴ
391 1887 468 1940 ὢν
496 1889 657 1951 αὑτὸς
705 1889 990 1960 ἐπώμοτος
1053 1890 1213 1960 ἔργον
1262 1890 1540 1961 μαχαίρας
1594 1894 1850 1944 ποιεῖται.

271 1981 443 2033 Τοῦτο
485 1982 727 2050 γνωσθὲν
759 1985 996 2053 Πέρσαις
1027 1987 1124 2054 τῆς
1156 1987 1249 2036 ἐπί
1271 1985 1341 2036 τὰ
1373 1967 1552 2038 οἰκεῖα
1580 1985 1687 2055 ἢθη
1723 1985 1856 2054 ἀφί-

271 2075 408 2140 ξεως
458 2077 554 2130 καὶ
610 2077 731 2130 λίαν
761 2077 1046 2147 ἀνείργει,
1101 2079 1198 2132 καὶ
1233 2077 1406 2142 οὕτως
1453 2077 1674 2141 ἐσαῦθις
1719 2077 1858 2147 πρὸς

286 2169 520 2233 Ἰταλοὺς
549 2171 829 2234 κλίναντες
870 2173 966 2224 σὺν
993 2172 1178 2236 αὐτοῖς
1225 2173 1323 2236 τὰς
1351 2171 1634 2243 Θρᾳκικὰς
1687 2187 1860 2224 κατα-

275 2262 530 2332 τρέχουσι
556 2261 760 2332 χώρας.
806 2260 948 2313 Ἀλλ’
975 2265 1002 2315 ὁ
1035 2264 1132 2332 μὲν
1163 2263 1480 2333 Μουρίσκος
1515 2260 1726 2331 βασιλεῖ
1755 2279 1858 2314 πα·

281 2352 614 2422 ραγεγονὼς,
653 2355 768 2423 ἅμα
796 2356 852 2408 δὲ
908 2356 1004 2407 καὶ
1043 2354 1152 2407 τῶν
1197 2355 1471 2424 τριήρεων
1511 2354 1612 2422 τῆς
1657 2353 1751 2403 ἐπὶ
1779 2351 1858 2422 τῷ

281 2447 517 2518 πορθμῷ
541 2448 798 2518 ἀσχολίας
822 2447 1268 2516 ἀπαλλαγεισῶν,
1293 2447 1496 2508 ἐκεῖνος
1519 2446 1619 2515 μὲν
1634 2446 1734 2516 τὴν
1763 2443 1857 2498 τοῦ

279 2539 537 2622 ἁμηραλῇ
559 2539 714 2605 ἀξίαν
739 2539 890 2608 παρὰ
907 2538 1002 2592 τοῦ
1034 2537 1364 2609 κρατοῦντος
1389 2537 1661 2608 λαμϐάνει
1677 2554 1690 2568 ·
1729 2538 1862 2591 Ἰτα-

283 2719 416 2790 ipsis
459 2729 618 2775 erant
655 2721 836 2775 Persa:
866 2717 918 2770 in
951 2717 1222 2773 divisione
1271 2717 1570 2788 spoliorum
1615 2715 1860 2772 fraudati

282 2823 440 2878 aqua
469 2820 622 2876 parte
665 2809 903 2863 fuerant.
940 2807 1076 2862 Cum
1112 2809 1254 2862 enim
1296 2810 1442 2878 pacti
1493 2819 1676 2864 essent
1721 2823 1862 2876 pra:-

280 2902 405 2956 dam
438 2911 645 2971 partam
679 2902 1046 2955 communiter
1074 2915 1228 2969 aequa
1260 2901 1393 2970 ipsis
1422 2911 1476 2956 et
1498 2901 1708 2957 Latinis
1739 2917 1865 2970 por-

283 2990 434 3044 tione
469 2991 829 3054 sortieudam,
875 2991 948 3044 ita
999 2999 1058 3044 ut
1110 3005 1175 3044 ex
1230 2990 1440 3045 duobus
1502 2993 1650 3061 paris
1703 2992 1863 3060 pretii

281 3096 448 3136 unum
508 3082 644 3151 ipsis
691 3090 1067 3151 competeret,
1115 3080 1232 3135 Itali
1280 3082 1599 3138 cavillantes
1654 3083 1755 3138 sibi
1807 3093 1866 3140 ut

279 3174 558 3244 equitibus
584 3172 744 3243 573
781 3173 899 3239 plus
927 3187 1089 3242 quam
1131 3172 1236 3230 illis
1285 3173 1558 3243 plerisque
1591 3178 1864 3245 peditibus
1889 3215 1934 3274 ε

282 3266 337 3319 in
369 3265 664 3336 partitione
707 3265 915 3331 deberi,
950 3275 1211 3334 quantum
1249 3267 1572 3322 collibuerat
1618 3284 1864 3338 sumpse-

280 3369 426 3423 rant,
461 3357 729 3426 particula
771 3359 1056 3424 duntaxat,
1089 3359 1402 3426 quantulam
1433 3371 1517 3414 sat
1568 3359 1686 3416 fore
1712 3376 1866 3431 qua:-

279 3461 471 3507 stuoso
499 3450 633 3519 ipsis
676 3451 780 3505 sibi
831 3451 1126 3504 faventium
1168 3452 1394 3506 arbitrio
1412 3433 1761 3516 statuerunt,
1812 3455 1864 3510 in

278 3545 482 3600 Persas
508 3545 790 3607 socios,uti
826 3544 957 3598 nihil
984 3545 1102 3614 plus
1122 3559 1280 3612 quam
1305 3545 1604 3615 gregarios,
1625 3561 1866 3615 aspersa.

281 3639 378 3694 Sic
412 3655 472 3694 se
515 3639 716 3707 injuste
763 3654 826 3694 ac
857 3622 1253 3693 contumeliose
1288 3637 1603 3715 defraudari
1634 3655 1744 3694 non
1788 3639 1870 3694 fe-

277 3740 471 3786 r.-utes
491 3731 688 3796 Persae,
711 3731 776 3784 de
799 3730 902 3784 hac
926 3729 1124 3798 injuria
1149 3737 1202 3783 et
1230 3729 1552 3799 quibusdam
1589 3730 1710 3785 aliis
1734 3730 1873 3785 mul-

281 3833 430 3879 tum,
466 3821 559 3873 sed
595 3819 792 3873 frustra
827 3819 1220 3886 querebantur,
1253 3818 1435 3873 surdis
1477 3820 1543 3875 ad
1569 3821 1775 3886 omnia,
1817 3830 1870 3878 et

281 3911 550 3982 quidquid
568 3910 681 3964 laesi
698 3911 1080 3975 obtenderent,
1113 3911 1512 3980 susquejdeque
1541 3913 1869 3969 habentibus

284 4017 482 4058 secure
509 4017 572 4056 ac
601 4003 837 4072 superbe
868 4001 1162 4057 Catelanis.
1192 4000 1331 4056 Hinc
1377 4011 1560 4058 natum
1580 4001 1868 4059 Persarum

289 4095 570 4151 nonnullis
623 4095 907 4150 consilium
937 4102 1082 4150 retro
1119 4109 1196 4161 se,
1224 4095 1372 4150 unde
1399 4105 1686 4163 venerant,
1720 4106 1873 4152 trans

289 4201 447 4241 mare
477 4184 773 4240 referendi.
818 4183 961 4252 Ergo
1003 4199 1126 4240 cum
1161 4184 1300 4242 forte
1328 4199 1648 4242 occurrente
1673 4201 1875 4242 navar-

288 4281 398 4334 cho
430 4278 684 4347 quopiam
719 4275 964 4332 liomano
996 4277 1137 4332 clam
1170 4277 1481 4348 transigunt
1515 4286 1574 4332 ut
1598 4293 1657 4334 se
1686 4287 1872 4335 taxato

291 4370 477 4435 uaulo,
518 4379 580 4425 et!
604 4370 770 4426 certis
802 4371 1207 4426 conditionibus
1239 4372 1291 4426 in
1319 4385 1456 4441 quas
1500 4372 1755 4442 utrinque
1780 4371 1870 4440 ju—

290 4461 586 4531 rejurando
619 4464 746 4517 dato
773 4471 856 4517 est
883 4471 1232 4532 conventum,
1257 4473 1406 4520 trans
1432 4466 1628 4520 fretum
1652 4467 1873 4521 innoxie

1943 700 2189 772 φρουρίῳ
2208 702 2286 772 τῷ
2308 701 2408 770 τῆς
2432 701 2667 754 Καλλίου
2695 701 2937 770 σχόντες,
2964 699 3181 768 ὀλίγους
3209 701 3360 763 τινὰς
3382 702 3526 755 κατὰ

1945 794 2195 863 φυλακὴν
2245 794 2475 862 ἀφέντες
2507 793 2658 857 ὅλαις
2698 795 2896 863 ὁρμαῖς
2937 793 3007 848 τὰ
3039 795 3524 864 προστυγχάνοντα

1944 884 2325 954 ὲξεληῖζοντο.
2384 883 2583 952 ἄνδρας
2643 883 2972 946 κτείνοντες,
3020 881 3121 945 τὰς
3173 883 3219 935 δ’
3253 885 3310 936 ἐν
3338 882 3526 952 ἡλικία

1945 977 2214 1044 γυναῖκας
2240 975 2336 1028 καὶ
2357 975 2554 1037 παῖδας
2583 975 2796 1027 ἀνοικτὶ
2823 975 3402 1046 ἐξανδραποδιζόμενοι
3433 976 3529 1030 καὶ

1945 1073 2207 1141 χρήματα
2244 1068 2412 1138 μυρία
2463 1067 2839 1136 συλλέγοντες,
2891 1067 3046 1133 ζώων
3078 1069 3258 1122 αὐτῶν
3293 1069 3528 1122 καὶτῶν

1947 1163 2169 1216 εὐώνων
2215 1159 2303 1233 [P'.
2357 1160 2496 1233 401]
2519 1161 2868 1232 πραγμάτων
2904 1160 3339 1231 παρορωμένων.
3384 1162 3529 1230 Λήῖα

1948 1254 2116 1308 δὲκαὶ
2147 1252 2401 1324 θημονίαι
2429 1253 2645 1324 μυρίαι,
2677 1253 2742 1305 τὰ
2773 1253 2870 1320 μὲν
2901 1253 3318 1322 παρηϐηκυίαις
3345 1252 3534 1325 ἔφριτ-

1949 1364 2042 1400 τον
2076 1349 2198 1410 ταῖς
2251 1347 2513 1416 ἁθέραις,
2583 1348 2639 1400 αί
2689 1345 2745 1400 δὲ
2798 1346 3216 1417 ἀτημελημέναι
3280 1345 3535 1414 κείμεναι

1950 1437 2331 1510 καθεωρῶντο.

1951 1553 2010 1608 δ’.
2057 1554 2433 1610 Ἀποστασία
2479 1553 2598 1608 τῶν
2645 1551 2919 1608 Ἀλανῶν
2963 1552 3061 1607 καί
3103 1552 3226 1607 τῶν
3279 1558 3534 1622 Τουρκο-

2605 1625 2875 1678 πούλων.

2027 1718 2100 1771 Οὐ
2129 1716 2235 1788 μὴν
2259 1717 2314 1771 δὲ
2347 1717 2442 1770 καὶ
2475 1715 2720 1778 Ἀλανοῖς
2754 1715 3045 1785 ἑτέρωθεν,
3099 1715 3179 1769 ἔτι
3208 1716 3264 1769 δέ
3297 1717 3392 1770 καλ¹
3425 1719 3538 1779 τοῖς

1958 1810 2015 1875 ἐξ
2044 1809 2283 1878 ὑπογύου
2305 1810 2654 1880 Χριστιανοῖς
2684 1808 3142 1876 Τουρκοπούλοις,
3175 1808 3320 1878 οίδὴ
3354 1809 3446 1860 καὶ
3473 1809 3534 1860 οὐ

1959 1901 2140 1971 πολλῷ
2165 1903 2431 1972 πρότερον
2461 1901 2639 1970 χρόνῳ
2669 1899 2858 1953 ἐκτῶν
2891 1899 3118 1970 βορείων
3145 1899 3539 1970 βασιλεῒπροσ-

1957 1994 2274 2062 εφοίτησαν,
2339 1993 2450 2046 οὐδ’
2478 1994 2661 2056 αὐτοῖς
2690 1993 2978 2063 ἁλώὸητον
3005 1995 3314 2062 διετηρεῖτο
3359 1992 3421 2046 τὸ
3449 1993 3537 2044 ἕν-

1959 2085 2208 2149 σπονδον,
2247 2084 2385 2137 ἀλλὰ
2420 2084 2550 2154 μίαν
2604 2086 2706 2155 μὲν
2732 2080 2880 2156 εἶχον
2904 2085 3003 2156 τὴν
3032 2085 3258 2155 γνώμην
3301 2088 3541 2148 ἀποστα-

1957 2178 2198 2243 τοῦντες,
2258 2179 2509 2248 ἑκάτεροι
2567 2178 2623 2231 δὲ
2669 2179 2736 2232 τὰ
2789 2176 3112 2249 ὀχυρώτατα
3146 2177 3540 2248 κατασχόντες,

1959 2272 2113 2325 οὐδὲν
2141 2273 2280 2340 ὅπερ
2314 2272 2373 2324 ού
2409 2271 2770 2334 καταθέοντες
2799 2270 3148 2340 ἐξηφάνιζον.
3187 2271 3298 2323 Καὶ
3342 2271 3390 2324 οἱ
3444 2272 3545 2340 μὲν

1961 2361 2369 2431 Τουρκὸπουλοι
2393 2361 2528 2432 ἄλλῃ
2557 2379 2632 2433 πη
2663 2361 2913 2432 ὠχύρουν
2943 2361 3042 2424 τὰς
3071 2363 3381 2429 μετοικίας,
3413 2364 3545 2415 ὁπό-

1962 2451 2054 2504 θεν
2086 2451 2162 2515 ώς
2205 2450 2266 2514 ἐξ
2309 2451 2652 2522 ὀρμητηρίου
2708 2449 2994 2512 ἐκθέοντες
3049 2449 3198 2502 δεινὰ
3235 2448 3545 2517 Ῥωμαίους

1964 2544 2320 2616 εξργάζοντοο
2387 2544 2632 2606 Ἀλανοῖς
2661 2543 2718 2596 δὲ
2754 2542 3195 2614 Κουτζίμπαξις,
3230 2542 3415 2605 καθὼς
3446 2544 3545 2614 ἐρ’

1965 2704 2146 2769 rediit,
2179 2702 2267 2759 ubi
2315 2701 2578 2758 benevole
2607 2710 2870 2771 exceptus
2920 2702 2988 2756 ab
3012 2703 3371 2770 imperatore,
3401 2715 3542 2768 prie-

1966 2797 2134 2851 mium
2196 2795 2274 2850 rei
2317 2796 2456 2849 bene
2508 2804 2676 2864 gestae
2733 2793 2985 2849 ameralis
3033 2794 3349 2863 dignitatem
3400 2792 3543 2846 tulit.

1965 2889 2166 2946 Verum
2205 2887 2323 2943 itali
2372 2901 2434 2940 ac
2465 2885 2644 2941 Persae
2683 2899 2903 2940 recessu
2953 2885 3359 2938 animadverso.
3387 2884 3548 2938 trire-

1967 2982 2156 3046 mium,
2190 2994 2419 3049 quarum
2472 2978 2602 3047 ipsis
2652 2977 2833 3031 fuerat
2883 2976 3078 3030 vicinia
3131 2976 3366 3040 terrori,
3415 2975 3560 3029 nihil’

1965 3073 2080 3144 jam
2133 3072 2391 3143 deinceps
2435 3071 2548 3126 arei
2597 3069 2923 3140 Callipoleos
2979 3069 3268 3123 imminere
3321 3069 3568 3137 periculi»

1971 3175 2279 3232 cernentes,
2325 3165 2516 3234 paucis
2560 3177 2786 3218 suorum
2841 3163 2917 3216 uti
2965 3161 3078 3232 jam
3123 3160 3442 3216 suffecturis
3478 3162 3544 3216 ad

1968 3261 2083 3330 ejus
2113 3258 2412 3316 custodiam
2444 3256 2517 3311 ibi
2546 3255 2772 3319 relictis,
2796 3253 2968 3309 effuso
2993 3255 3199 3325 impetu
3233 3255 3389 3308 obvia
3419 3265 3545 3308 sunt

1967 3364 2162 3410 cuncta
2192 3349 2530 3422 depopulati,
2553 3349 2700 3404 viros
2731 3347 2945 3416 quidem
2970 3347 3304 3411 occidentes,
3335 3345 3548 3401 adultas

1965 3461 2098 3503 vero
2133 3447 2393 3501 mulieres
2426 3452 2476 3498 et
2509 3456 2704 3513 pueros
2738 3440 3243 3495 immisericorditer
3283 3439 3546 3495 servitum

1969 3541 2320 3602 abducentes,
2348 3535 2513 3607 574
2545 3534 2786 3605 pecuniae
2813 3541 2992 3588 autem
3025 3533 3550 3602 immensos-conge-

1968 3640 2150 3685 rentes
2179 3630 2450 3694 cumulos,
2483 3628 2617 3682 adeo
2661 3635 2720 3681 ut
2753 3625 3006 3680 animalia
3039 3633 3092 3678 et
3127 3636 3322 3680 caetera
3353 3632 3552 3678 utcun-

1969 3737 2076 3793 que
2108 3737 2307 3791 rnagno
2335 3732 2386 3777 et
2429 3720 2588 3776 facile
2625 3719 2941 3785 vendibilis,
2966 3718 3114 3774 ultro
3143 3718 3199 3772 iu
3229 3734 3424 3772 manus
3460 3720 3547 3772 in-

1969 3817 2268 3880 currentia,
2307 3831 2408 3871 nec
2436 3814 2627 3870 tollere
2658 3819 2937 3879 curarent,
2961 3810 3143 3866 ditiori
3177 3811 3316 3880 pleni
3350 3811 3551 3882 praeda;

1969 3923 2076 3978 qua
2111 3908 2273 3962 etiam
2329 3920 2394 3960 ex
2451 3919 2618 3960 causa
2685 3911 2898 3972 segetes
2955 3902 3008 3957 in
3065 3903 3274 3976 campis
3327 3913 3554 3958 maturae

1970 4009 2260 4071 struesque
2292 3997 2692 4070 manipulorum
2737 3996 2792 4050 in
2826 3995 2993 4061 areis,
3028 3995 3132 4050 illa:
3172 3995 3355 4066 perire
3402 3995 3554 4052 defe-

1971 4103 2062 4150 ctu
2097 4093 2440 4160 metentium,
2479 4091 2564 4148 hae
2605 4089 2868 4162 neglectae
2892 4091 3080 4161 jacere
3113 4089 3319 4160 passim
3359 4103 3553 4146 cerne-

1972 4185 2193 4242 bantur.

2149 4279 2206 4331 4.
2241 4277 2475 4349 Deiectio
2515 4276 2811 4331 Alanorum
2855 4283 2904 4331 et
2933 4274 3374 4341 Turcopulorum.

2045 4370 2277 4426 Aliunde
2307 4384 2471 4440 porro
2507 4384 2685 4440 neque
2707 4369 2894 4425 Alanis
2916 4384 3097 4438 neque
3113 4369 3438 4431 Tureopulis
3474 4386 3534 4424 re

1976 4478 2106 4519 cens
2135 4463 2202 4518 ad
2227 4462 2592 4518 Christianam
2627 4461 2896 4517 traductis
2928 4461 3267 4532 religionem,
3312 4462 3549 4531 quinon

287 4570 356 4610 ac
385 4555 491 4609 title
517 4555 658 4610 bona
699 4557 1034 4626 deportaret.
1066 4557 1204 4611 Dum
1239 4557 1319 4613 sic
1351 4557 1663 4629 trajiciunt,
1694 4558 1870 4614 medio
1903 4559 1947 4615 D
1975 4557 2148 4612 multo
2181 4567 2310 4612 ante
2335 4555 2456 4610 haec
2479 4565 2720 4622 tempore
2743 4570 2773 4610 e
2796 4554 3557 4624 septemtrionalibus.tracti.

285 4649 344 4702 in
399 4662 562 4703 cursu
595 4664 785 4702 navem
818 4664 922 4718 qua
959 4650 1296 4705 vehebantur
1322 4651 1571 4706 Andreas
1601 4649 1871 4707 Muriscus

285 4739 558 4794 invadens
585 4754 966 4809 oceupansque
992 4741 1270 4798 Romanos
1310 4741 1529 4812 quidem
1573 4741 1626 4796 in
1669 4757 1734 4798 ca
1779 4758 1872 4798 re-

290 4840 480 4900 pertos
508 4835 764 4898 servavit,
800 4831 1001 4888 Persas
1027 4842 1233 4899 autem,
1264 4842 1326 4888 ut
1354 4835 1552 4902 quibus
1579 4833 1726 4888 nulla
1757 4835 1875 4902 ipse

285 4924 628 4978 Sacramenti'
659 4924 917 4994 religione
949 4925 1203 4992 cavisset,
1233 4926 1414 4997 gladio
1440 4928 1688 4997 peremit.
1721 4927 1875 4983 Nun-

291 5017 484 5069 tiatum
520 5017 568 5070 id
619 5015 800 5072 Persis
843 5018 1064 5088 reliquis
1097 5019 1238 5089 apud
1282 5030 1460 5075 castra
1491 5019 1872 5076 Catelanorum

290 5109 496 5169 similia
550 5111 856 5162 revertendi
905 5110 1133 5165 consilia
1170 5110 1510 5166 versantibus
1535 5150 1552 5175 ,
1585 5109 1745 5182 longe
1777 5111 1874 5169 hos

291 5199 559 5267 deinceps
599 5199 666 5252 ab
692 5200 961 5268 ejusmodi
1004 5201 1434 5271 cogitationibus
1468 5203 1707 5271 avertit,
1743 5218 1874 5258 coa-

289 5301 526 5359 ctosque
579 5291 654 5345 ad
708 5294 976 5358 patienter
1028 5293 1365 5348 tolerandam
1436 5295 1879 5366 qualemcunque

292 5379 674 5435 conditionqu
715 5380 1013 5451 peregrinat-
1050 5381 1274 5445 militiae,
1308 5382 1394 5436 cui
1441 5393 1629 5439 essent
1671 5385 1878 5439 insolu-

295 5471 487 5525 biliter
531 5473 798 5539 impliciti,
847 5473 1080 5542 perpulit
1116 5475 1181 5528 ad
1215 5474 1646 5545 conjungendam
1699 5478 1876 5533 denuo

292 5577 423 5615 cum
455 5561 604 5616 italis
640 5563 926 5617 militarem
955 5579 1200 5632 operam,
1243 5565 1526 5620 Thracicis
1567 5568 1874 5622 communi-

295 5665 382 5709 ter
419 5656 730 5725 regionibus
774 5657 1138 5712 incursaudis.
1168 5659 1280 5715 Sub
1325 5661 1441 5716 haec
1485 5659 1752 5717 Muriscus
1789 5678 1873 5717 re-

289 5747 459 5802 missa
509 5748 821 5827 triremibus
854 5749 976 5803 freti
1024 5753 1357 5805 custodiendi
1392 5753 1609 5807 tauliosa
1650 5753 1780 5821 ipsis
1810 5769 1874 5809 ac

293 5839 510 5908 publice
542 5840 764 5896 salutari
793 5843 1046 5910 statione,
1083 5859 1204 5898 cum
1238 5844 1304 5900 iis
1337 5844 1867 5919 Constantinopolim

1979 4651 2082 4706 bus
2116 4650 2182 4703 ad
2212 4648 2456 4703 militiam
2487 4647 2844 4718 imperatoris.
2865 4649 3220 4714 advenerant,
3255 4649 3384 4705 fides
3415 4659 3472 4705 et
3503 4650 3556 4703 in

1979 4738 2362 4796 observatione
2391 4735 2615 4793 foederis
2652 4736 2771 4791 initi
2796 4737 3556 4806 perseverantiaconstabat:

1979 4847 2168 4888 verum
2218 4831 2338 4901 pari
2371 4839 2598 4899 utraque
2636 4845 2770 4899 gens
2808 4829 3036 4885 consilio
3080 4829 3282 4885 defecit
3313 4830 3488 4900 palam
3527 4846 3556 4882 a

1978 4922 2207 4986 nostris,
2235 4931 2291 4976 et
2325 4921 2707 4975 munitissimis
2733 4919 2868 4974 locis
2899 4920 3179 4988 orcupatis
3211 4930 3558 4989 erumpentes

1955 4994 2104 5068 'inde
2135 5013 2266 5067 nihil
2319 5022 2495 5067 tutum
2525 5021 2617 5065 aut
2647 5027 2898 5066 securum
2940 5027 3037 5080 per
3076 5011 3365 5067 circuitum
3415 5012 3559 5067 sine-

1977 5107 2130 5171 bant,
2164 5106 2565 5161 incursionibus
2598 5103 2808 5158 infestis
2835 5102 2944 5158 late
2977 5114 3172 5165 cuncta
3200 5120 3561 5174 corrumpen-

1984 5211 2088 5256 tes.
2123 5200 2202 5260 Ac
2227 5198 2518 5268 Turcopuli
2548 5198 2766 5267 quidem
2794 5197 2920 5253 alibi
2949 5197 3048 5251 sibi
3080 5200 3415 5269 receptacula
3445 5216 3560 5251 llllt-

1983 5293 2224 5356 nierunt,
2261 5292 2404 5345 unde
2440 5300 2501 5344 ut
2523 5307 2588 5344 ex
2620 5306 2746 5346 arce
2771 5298 3154 5359 procurrentes
3183 5290 3420 5360 iugentia
3447 5287 3556 5344 Ro-

1982 5385 2159 5440 manis
2187 5381 2490 5437 inferebant
2517 5382 2681 5435 mala.
2717 5382 2903 5437 Alanis
2927 5398 3055 5437 vero
3086 5381 3480 5449 Cntzimpaxis,
3501 5393 3558 5434 ut

1981 5486 2064 5532 est
2100 5475 2251 5545 prius
2279 5473 2510 5539 dictum,
2536 5475 2928 5543 superveniens
2957 5474 3107 5529 brevi
3139 5473 3287 5530 dedit
3315 5474 3558 5528 occasio-

1979 5584 2104 5623 nem
2143 5567 2424 5636 Opinandi,
2459 5567 2603 5621 haud
2642 5567 2803 5622 istum
2835 5584 2956 5622 cum
2991 5569 3058 5623 iis
3098 5579 3450 5637 congressum
3489 5566 3554 5619 ad

1979 5660 2322 5730 procuranda
2354 5658 2725 5713 Romanorum
2757 5658 3065 5723 commoda,
3093 5659 3158 5712 ad
3192 5660 3335 5726 quod
3369 5670 3556 5711 untur.-

1976 5754 2138 5806 batur
2163 5791 2178 5816 ,
2213 5751 2378 5804 fuisse
2408 5751 2688 5806 collatum.
2718 5750 3013 5819 Coeperunt
3056 5753 3199 5806 enim
3253 5748 3439 5805 statim
3487 5749 3556 5802 ab

1977 5847 2077 5902 hoc
2124 5845 2308 5900 audito
2362 5844 2518 5898 Alani
2579 5843 2882 5902 animosius
2935 5859 3096 5914 quam
3160 5854 3318 5900 antea
3374 5854 3558 5915 partes
