4046 6434
427 336 534 399 633

568 447 632 502 ε’.
662 449 800 515 Περὶ
848 448 953 502 τοῦ
973 448 1264 518 ῥιφέντος
1287 448 1618 518 ξεαμούσον
1668 449 1873 516 τόμον.

508 541 596 593 Ἐν
630 540 808 611 τούτῳ
852 540 962 603 ’καὶ
1009 540 1293 610 φάμουσος
1342 542 1509 610 τόμος
1554 540 1772 612 πλήρης
1808 540 2010 611 χλεύης

432 634 731 701 ριπτεῖται.
771 634 879 687 Καὶ
901 633 961 685 οὐ
996 633 1104 702 γὰρ
1139 632 1316 696 ἄλλως
1361 633 1441 702 τῷ
1474 633 1747 704 τολμῶντι
1796 633 2011 704 ῥίπτειν

434 723 629 793 ὐπεελη
643 739 741 778 mo
768 726 849 786 εἰς
869 725 1057 795 χεῖρας
1083 724 1331 778 δεδόσθαι
1353 724 1444 778 τὸν
1470 724 1638 794 τόμον
1669 725 1748 796 τῷ
1778 724 2009 793 βασιλεῖ,

432 816 502 886 ἦν
532 816 611 886 μὴ
651 817 711 867 ἐν
746 817 931 881 αὐτοῖς
960 815 1056 869 τοῦ
1092 816 1203 869 τῶν
1237 817 1557 885 ἀνακτόρων
1592 815 1679 890 ῘΡ.
1714 818 1845 890 405]
1873 820 2006 873 ἄλλο

429 925 516 972 τις
552 906 736 961 λαθὼν
766 906 1017 975 ἐκτεθείη
1052 908 1146 960 ἐπὶ
1174 910 1268 962 τὸν
1302 909 1467 961 αὑτὸν
1500 910 1697 978 θρόνον
1729 904 1791 962 οὗ
1826 909 2011 963 εἰώθει

433 998 765 1061 καθέζεσθαι
798 998 1076 1068 βασιλεὺς.
1116 999 1212 1052 τοῦ
1257 1001 1646 1069 ἀμφικεφάλου
1687 1001 2010 1055 ὑπεντεθει-

437 1091 603 1160 μένου
631 1094 704 1155 οἱ,
748 1091 951 1162 πολλὴν
978 1092 1075 1144 τοῦ
1105 1092 1293 1165 λαθεῖν
1324 1095 1589 1163 πρόνοιαν
1631 1095 2008 1164 ποιησαμένου

432 1182 528 1234 τοῦ
557 1182 736 1236 θεῖναι
762 1182 1163 1251 τολμήσαντος.
1199 1181 1287 1244 Ὠς
1315 1184 1369 1235 δὲ
1403 1186 1430 1236 ὁ
1458 1182 1551 1236 τοῦ
1590 1184 1848 1241 κοιτῶνος
1878 1201 2012 1254 προ·-

435 1274 754 1343 καθημενος
778 1277 805 1328 ὁ
838 1274 1118 1344 Χατζίγης
1151 1275 1359 1339 εἰωθὼς
1395 1280 1460 1329 ὲκ
1495 1275 1588 1329 τοῦ
1633 1276 1725 1329 ἐπὶ
1758 1277 2010 1330 πλεῖστον

432 1365 608 1436 εἰσῄει
637 1367 706 1419 τὰ
730 1367 827 1436 τῆς
859 1368 1131 1438 καθέδρας
1152 1368 1478 1431 διενοετεῖν,
1513 1368 1825 1437 φιλοκαλῶν
1857 1369 2012 1438 συνή-

433 1461 541 1522 θως
590 1458 684 1512 τὸν
729 1461 918 1530 δίφρον
946 1462 1389 1532 προστετυχήκει
1432 1462 1511 1531 τῷ
1542 1462 1716 1532 τόμῳ,
1762 1462 1921 1526 δόξαν
1960 1461 2013 1514 οἱ

432 1555 570 1622 πρὸς
615 1551 885 1621 βασιλέως
940 1553 1103 1605 αὑτὸν
1147 1554 1371 1623 τεθῆναι
1423 1554 1508 1608 ἆτ’
1546 1555 1841 1625 ἀπόρρητά
1886 1571 2010 1607 τινα

431 1644 781 1714 περιέχοντα.
818 1645 988 1713 μηδὲν
1013 1647 1578 1717 πολυπραγμονήσας,
1616 1649 1691 1717 μὴ
1717 1649 2011 1716 ἀναγνοὺς,

429 1734 507 1797 ὡς
534 1729 683 1804 εἶχεν
707 1735 767 1800 ἐξ
786 1737 980 1806 αὐτῆς,
1012 1737 1184 1802 οὕτως
1213 1741 1512 1809 ἐγχειρίζει
1533 1739 1609 1809 τῷ
1637 1741 1864 1809 βασιλεῖ.
1899 1743 2012 1796 Καὶ

428 1826 492 1897 δὴ
521 1827 673 1895 ἔδοξε
703 1830 805 1899 μὲν
838 1833 901 1882 ἐκ
950 1830 1045 1887 τοῦ
1089 1832 1407 1902 παραυτίκα
1441 1833 1645 1900 ἀγνῶτ’
1680 1834 2009 1904 ἐγχειρίζων

432 1919 589 1985 ξένον
618 1936 672 1972 τι
700 1920 797 1973 καὶ
826 1921 1108 1990 φροντίδος
1130 1921 1283 1987 ἄξιον
1318 1923 1709 1993 ἐργαζόμενος,
1734 1926 1782 1976 εί
1814 1923 1873 1975 ὃν
1907 1923 2007 1993 βα-

431 2008 613 2072 σιλεὺς
636 2012 736 2062 οὐκ
762 2011 878 2081 ᾔδει
906 2011 1156 2079 τεθέντα,
1183 2013 1260 2077 ὡς
1291 2015 1438 2067 θέντι
1478 2014 1527 2068 οἱ
1561 2015 1817 2085 παρέχοι.
1854 2015 2007 2078 Τέως

426 2101 484 2154 δὲ
506 2099 689 2153 λαϐὼν
734 2101 990 2171 βασιλεὺς
1037 2105 1131 2156 καὶ
1158 2106 1258 2174 τὴν
1298 2106 1473 2175 ἀρχὴν
1507 2106 1756 2171 διελθὼν,
1788 2107 1848 2160 τὸ
1897 2109 2008 2161 πᾶν

427 2191 526 2257 τῆς
554 2191 775 2259 γραφῆς
821 2191 895 2254 ὡς
926 2194 991 2246 ὲκ
1025 2196 1337 2263 κρασπέδου
1371 2197 1434 2255 τὸ
1479 2195 1707 2265 ὕφασμα
1734 2199 2004 2263 κατενόει,

427 2280 727 2337 κάντεῦθεν
779 2287 985 2356 μεταξὺ
1019 2287 1114 2339 τοῦ
1153 2286 1330 2341 θέλειν
1357 2290 1562 2357 γνῶναι
1600 2295 1692 2343 καὶ
1731 2289 1806 2360 μὴ
1833 2291 1908 2354 ὡς
1944 2291 2008 2344 τὸ

424 2377 573 2440 εἰκὸς
608 2377 935 2448 γιγνόμενος
967 2378 1120 2432 δεινὰ
1161 2382 1337 2433 ἐποίει
1375 2382 1469 2434 καὶ
1496 2383 1554 2435 ἐν
1599 2383 1869 2453 ἀμηχάνῳ
1912 2379 2004 2453 ἦν.

425 2470 487 2527 εἰ
514 2471 623 2541 γὰρ
651 2470 855 2533 πάντες
897 2470 1178 2543 ἄνθρωποι
1214 2472 1309 2525 τοῦ
1334 2473 1537 2527 εἰδέναι
1572 2474 1733 2543 φύσει
1777 2475 2001 2545 ὀρέγον-

709 2654 763 2708 5.
796 2654 873 2708 De
909 2656 1086 2709 libell’o
1123 2659 1331 2726 famoso
1369 2663 1503 2714 ctam
1542 2662 1714 2730 jacio.

494 2746 788 2801 Interme
829 2747 1070 2802 famosus
1106 2748 1317 2804 libellus
1350 2752 1541 2819 plenus
1588 2754 1843 2809 irrisione
1867 2754 2007 2821 iacis,

421 2846 531 2891 tur.
560 2838 695 2890 rium
729 2838 818 2907 qui
844 2838 1031 2907 jacere
1066 2856 1233 2895 ausus
1254 2853 1357 2906 est,
1392 2858 1516 2896 cum
1552 2845 1714 2899 aliter
1739 2861 1845 2899 non
1876 2861 2007 2915 spc-

427 2939 573 2985 raret
600 2931 652 2985 in
679 2947 875 2985 manus
907 2932 1275 2998 imperatoris,
1317 2934 1464 3001 quod
1503 2936 1777 3005 cupiebat,
1811 2949 2009 2993 ventu-

422 3037 564 3087 rum,
598 3025 711 3089 ipse
743 3022 928 3077 furtim
952 3022 1005 3075 in
1027 3022 1212 3076 intima
1240 3025 1425 3093 palatii
1447 3029 1723 3082 eoiiclavia
1751 3041 2003 3098 penetra-

1326 337 1423 395 DE
1453 334 1894 397 ANDRONLCO
1936 337 2403 399 ΡΜ.)ΕοΙῶῦο
2438 340 2587 399 LIB.
2617 340 2753 403 VII.

2043 449 2093 509 Α
2118 468 2228 517 ται,
2258 452 2333 515 ὡς
2363 453 2458 505 καὶ
2505 454 2535 521 ἡ
2569 450 2679 504 τῶν
2722 449 3033 519 αίσθήσεων
3081 446 3366 515 ἀγάπησις
3403 463 3693 515 μαρτυρει.

3586 328 3697 392 634

2116 543 2179 597 τὸ
2211 543 2343 613 περὶ
2366 543 2583 609 ἑαυτοῦ,
2620 542 2848 614 βασιὶέα
2878 543 2969 594 καὶ
3001 540 3174 593 ταῦτα
3211 539 3365 600 ὄντα,
3402 537 3623 599 εἰδέναι,

2115 639 2195 692 ενι
2235 638 2335 707 μὲν
2370 640 2467 694 καὶ
2507 636 2800 697 κολακείας
2841 631 3232 703 ἐνεδρευούσης
3277 630 3430 699 παρὰ
3469 628 3695 698 μηδενὸς

2117 731 2346 784 ἀκούειν
2374 731 2442 782 τὰ
2475 729 2740 782 δοκοῦντα
2774 727 3054 795 ξύμφορα,
3084 725 3151 794 ἦν
3181 723 3233 774 οἱ
3274 721 3426 790 παρὰ
3466 719 3695 787 γνώμης

2115 819 2249 889 εἷεν,
2280 823 2361 875 ἔνι
2389 822 2445 875 δὲ
2478 823 2573 875 καὶ
2602 822 2807 890 κράτος
2850 818 3035 888 ἰσχύος
3075 816 3136 881 ἐξ
3165 815 3478 882 ἀξιώματος
3509 813 3572 864 τὸ
3600 811 3697 865 0s-

2113 916 2275 986 λητὺν
2325 917 2382 977 ἐς
2420 917 2570 969 ἆπαν
2624 912 2992 982 ἐξομαλίζειν,
3045 908 3277 978 μηδενὸς
3320 904 3695 968 ἅντιξοοῦντος

2112 1009 2200 1062 διὰ
2228 1009 2327 1079 τὴν
2366 1011 2432 1061 ὲκ
2465 1007 2761 1076 συνηθείας
2795 1003 3099 1073 ὑποστολὴν
3135 1001 3229 1054 τοῦ
3268 999 3344 1068 μὴ
3386 998 3568 1051 δοκεῖν
3599 996 3698 1065 βα·-

2117 1104 2259 1154 σιλεῖ
2292 1098 2687 1171 προσκρούειν,
2720 1100 2839 1163 πῶς
2886 1098 2948 1151 οὐ
3003 1094 3300 1166 μανθάνειν
3336 1092 3592 1144 κάκεῖνον
3632 1087 3696 1141 τὸ

2114 1197 2351 1266 πρᾶγμα
2408 1193 2699 1262 γ)ίχεσθαι
2750 1190 3134 1261 παρεσκεύαζε
3185 1187 3278 1240 τὸν
3313 1184 3537 1238 τοιαῦτα
3571 1180 3690 1235 τολ-

2117 1288 2345 1359 μῶντα;
2397 1286 2561 1339 Ἀλλὰ
2606 1285 2781 1338 ταῦτα
2834 1283 2934 1351 μὲν
2984 1285 3041 1336 ἐν
3090 1279 3472 1351 παρατηρήσει
3525 1275 3693 1329 ἐτίθει

2113 1381 2426 1451 ἀνίχνευτον
2463 1380 2553 1431 τὸν
2583 1375 2910 1447 δεδρακότα.

2149 1522 2224 1578 ς’.
2255 1514 2395 1585 Περὶ
2419 1515 2531 1584 τῆς
2570 1513 2875 1576 Μαδύτου,
2902 1510 2982 1576 ὡς
3017 1509 3175 1563 ἑάλω
3209 1506 3654 1574 Ἀμογαεάροις.

2185 1653 2247 1706 Ol
2274 1651 2330 1703 δὲ
2368 1649 2765 1721 Ἀμογάὸαροι,
2797 1647 2874 1710 ὡς
2903 1642 3167 1706 πολλάκις
3190 1642 3291 1710 ἤδη
3326 1641 3692 1713 προείπομεν.

2115 1744 2398 1804 ἐκθέοντες
2446 1739 2726 1810 πανταχοῦ
2763 1740 2858 1792 καὶ
2906 1736 2976 1790 τὰ
3012 1737 3166 1789 δεινὰ
3211 1735 3518 1801 Ῥωμαίους
3548 1731 3693 1785 τιθέ-

2042 1809 2083 1864 B
2116 1852 2271 1905 μενοι
2307 1833 2730 1905 περικαθίζουσι
2756 1829 3019 1900 φρούριον
3047 1828 3176 1896 περὶ
3203 1827 3294 1878 τὸν
3330 1825 3488 1893 Σιγὸν
3526 1840 3695 1876 ποτα-

2112 1931 2212 1998 μὸν
2248 1927 2502 2003 Μὰδθυτον
2525 1924 2810 1996 ἐγχωρὶως
2841 1922 3160 1989 λεγόμενον.
3195 1918 3260 1991 [Ρ
3295 1917 3423 1989 4οη
3466 1917 3695 1987 Ὀχυρὸν

2108 2017 2167 2070 δὲ
2203 2015 2285 2081 ὃν,
2313 2015 2388 2078 ὡς
2414 2014 2585 2076 εἰκὸς,
2628 2015 2688 2067 οὐ
2718 2012 2951 2065 δυνατὸν
2984 2007 3053 2080 ἦν
3093 2011 3276 2072 αὐτοῖς
3324 2007 3692 2079 κρατηθῆναι.

2111 2109 2513 2180 Πολιορκήσεις
2545 2106 2601 2159 δὲ
2633 2103 2758 2159 καθ’
2793 2103 3033 2172 ἑκάστην
3065 2102 3346 2163 ποιοῦντες
3379 2101 3473 2154 καὶ
3514 2117 3697 2170 μηχα-

2111 2201 2227 2264 νὰς,
2288 2199 2359 2252 τὰ
2408 2199 2588 2252 πάντα
2648 2199 2856 2265 μάταια
2902 2194 3260 2262 διεφαίνοντο.
3307 2193 3462 2245 Ἐπεὶ
3501 2191 3558 2245 δὲ
3621 2196 3695 2261 μὴ

2112 2292 2322 2345 ἀνυστά
2346 2293 2461 2353 τοῖς
2513 2288 2735 2351 Ἰταλοῖς
2760 2284 2854 2359 ἦν,
2883 2284 3030 2355 )ιμῷ
3063 2287 3122 2338 τὸ
3153 2285 3416 2354 φρούριον
3447 2283 3696 2349 ἔγνωσαν

2113 2384 2450 2455 πολιορκεῖν.
2498 2382 2709 2453 Χρόνου
2759 2379 3054 2451 τοιγαροῦν
3097 2378 3426 2448 τριϐομένου
3466 2378 3494 2428 ὁ
3537 2373 3696 2443 λιμὸς

2112 2477 2263 2539 ἐντὸς
2294 2476 2577 2548 κραταιῶς
2612 2475 2908 2546 ἐπήρχετο,
2944 2472 3084 2527 ὥστε
3116 2472 3208 2525 καὶ
3235 2472 3344 2525 τῶν
3378 2471 3700 2540 ἀπηγορευ-

2108 2679 2225 2729 quae
2258 2678 2287 2716 a
2319 2659 2466 2714 nullo
2498 2673 2736 2728 unquam
2782 2657 3046 2711 audisset.
3077 2654 3193 2708 Non
3219 2653 3365 2708 enim
3415 2650 3697 2720 praesentis

2108 2769 2243 2809 voce
2272 2752 2511 2807 auctoris
2541 2754 2592 2805 in
2648 2750 2952 2817 principum
3004 2760 3163 2800 aures
3223 2744 3326 2797 nisi
3378 2741 3565 2796 laudes
3630 2753 3693 2794 ac

2107 2845 2371 2915 praiconia
2405 2843 2774 2914 perferuntur,
2831 2841 2975 2893 circa
3028 2839 3252 2891 thronos
3315 2828 3499 2905 utique
3553 2833 3698 2903 ipso-

2108 2952 2227 2992 rum
2254 2935 2566 2991 adulatione
2594 2933 2927 2996 subsidente,
2962 2926 3273 2997 litterasque
3308 2927 3464 2996 longe
3513 2925 3696 2979 moui.

2108 3030 2284 3085 tiones
2320 3038 2562 3092 arcente,
2594 3026 2719 3078 dum
2749 3034 2938 3076 omnes
2963 3021 3069 3076 illic
3119 3021 3368 3073 certatim
3426 3016 3693 3070 obseeun-

421 3117 521 3180 vit,
560 3114 823 3168 simulans
874 3131 932 3169 se
968 3113 1158 3183 alium,
1187 3126 1241 3168 et
1286 3119 1337 3171 in
1393 3118 1532 3188 ipso,
1579 3121 1668 3177 ubi
1715 3124 2074 3194 considerec
2108 3126 2240 3176 dant
2277 3119 2609 3175 dominantis
2661 3116 2905 3179 nutibus,
2964 3122 3267 3178 cunctaque
3290 3123 3388 3162 sua
3458 3108 3522 3161 ad
3576 3106 3693 3174 ejus

419 3209 696 3278 Angustus
722 3206 956 3269 solebat,
986 3214 1182 3262 throno
1204 3209 1457 3279 deposuit
1481 3230 1499 3277 ;
1527 3214 1752 3268 multam
1777 3216 1828 3268 in
1853 3215 2001 3269 aditu

417 3309 473 3352 et
508 3313 751 3365 recessu,
784 3300 960 3368 capite
1004 3299 1254 3355 videlicet
1303 3303 1594 3372 diligenter
1624 3305 1886 3372 obuupto,
1936 3307 2003 3362 ad

421 3392 698 3446 latendum
733 3407 920 3444 curam
947 3391 1236 3448 adhibens.
1268 3393 1539 3451 Utautem
1566 3412 1633 3451 eo
1668 3398 1830 3464 paulo
1857 3406 2002 3466 post.

420 3492 578 3547 prout
608 3493 727 3537 erat
754 3497 899 3551 stepe
927 3483 1144 3550 solitus,
1180 3486 1473 3553 praefectus
1513 3490 1745 3543 cubiculi
1778 3491 2002 3545 (Ihatzi-

417 3588 510 3628 ces
569 3575 761 3641 subiit,
823 3573 1080 3629 familiari
1145 3577 1455 3633 ministerio
1507 3581 1679 3636 sedile
1738 3584 2003 3651 principis

415 3665 808 3731 atlurnaturtts,
841 3667 894 3719 in
930 3682 1038 3736 quo
1070 3667 1432 3723 solebat-esse
1468 3669 1723 3740 diligens,
1769 3675 2003 3728 incurrit

417 3758 470 3810 iu
510 3757 790 3825 libellum;
844 3774 1005 3828 quem
1037 3775 1065 3813 a
1114 3776 1218 3815 non
1259 3762 1366 3816 alio
1404 3778 1568 3832 quam
1601 3766 1717 3834 ipso
1751 3766 1998 3837 Augusto

414 3849 664 3904 relictum
699 3849 813 3905 illic
838 3860 1157 3916 autumans,
1197 3864 1248 3908 et
1284 3855 1486 3910 veritus
1534 3871 1603 3909 ne
1634 3871 1832 3911 arcana
1862 3873 1999 3911 con-

420 3943 617 3998 tineret
655 3957 778 4010 quae
811 3943 1032 3997 minime
1071 3945 1115 3997 is
1146 3945 1306 4001 vellet
1333 3950 1587 4017 cognosci
1633 3966 1662 4002 a
1699 3966 1995 4019 quoquam,

419 4033 473 4089 vi
515 4035 818 4090 curiositati
852 4034 1014 4106 577
1051 4036 1187 4090 facta
1231 4039 1609 4101 convolutum,
1645 4051 1703 4095 ut
1727 4052 1868 4107 erat,
1899 4058 2000 4098 nec

416 4126 500 4183 vel
524 4128 772 4200 coniectu
806 4129 956 4184 intus
992 4130 1131 4185 oculi
1160 4131 1409 4197 libatum,
1441 4148 1600 4202 quam
1622 4136 1798 4201 putuit
1820 4136 1998 4191 celer-

413 4222 552 4276 rit'ne
578 4222 897 4292 imperatori
935 4222 1158 4276 tradidit
1199 4223 1251 4277 in
1303 4240 1515 4279 manus.
1560 4224 1618 4279 in
1658 4242 1764 4295 quo
1791 4229 1882 4283 ille
1922 4230 1999 4284 vi-

410 4314 526 4369 deri
574 4313 751 4382 potuit
798 4314 953 4383 quasi
990 4313 1287 4367 sedulitate
1317 4314 1486 4369 nimia
1535 4331 1819 4384 peccasse.
1860 4323 1996 4374 scri-

412 4416 564 4474 ptum
612 4406 856 4474 ignotum
881 4417 935 4459 et
971 4406 1112 4459 forte
1150 4405 1689 4477 ittgratttnrt'eddens
1738 4412 1990 4482 principi,

411 4500 559 4568 quod
578 4498 625 4553 ei
654 4498 919 4552 occultari
953 4499 1159 4569 quietis
1185 4500 1353 4570 ipsius
1387 4501 1700 4570 interesset,
1734 4513 1990 4576 tanquam

408 4591 662 4647 videlicet
700 4592 768 4646 ab
812 4592 931 4659 ipso
961 4592 1236 4660 positum;
1265 4595 1408 4659 quod
1456 4611 1557 4652 nec
1606 4613 1795 4653 verum
1825 4613 1990 4661 esset,

368 4658 427 4687 κ

409 4684 507 4739 iter
537 4684 659 4740 sine
696 4693 1017 4754 argumento
1049 4694 1147 4739 aut
1195 4688 1517 4745 testimonio
1550 4689 1747 4745 idoneo
1772 4693 1922 4748 credi
1956 4708 1987 4747 a

406 4778 676 4846 prudente
724 4778 977 4832 ministro
1040 4780 1341 4834 debuisset.
1399 4779 1535 4835 Utut
1583 4784 1676 4846 sit,
1720 4786 1991 4854 explicato

404 4870 687 4939 Augustus
722 4869 1022 4936 volumine,
1045 4880 1099 4924 et
1130 4872 1331 4941 primis
1363 4875 1560 4942 raptim
1617 4877 1781 4930 oculo
1813 4879 1987 4933 versi—

406 4963 507 5016 bus
537 4963 805 5024 decursis,
835 4977 1009 5030 geuus
1037 4973 1092 5016 et
1142 4977 1523 5033 argumentum
1582 4969 1770 5035 scripti
1807 4977 1981 5024 tutum

405 5053 694 5116 intellexit,
726 5054 877 5106 velut
907 5069 972 5107 ex
1009 5052 1207 5108 lacinia
1243 5056 1310 5110 de
1340 5058 1505 5125 panni
1539 5059 1797 5113 universo
1851 5076 1984 5116 con-

405 5151 555 5197 textu
583 5146 888 5199 aestimans.
941 5142 1083 5199 Hinc
1134 5145 1287 5200 illum
1335 5148 1482 5202 acris
1521 5149 1748 5206 incessit
1787 5155 1984 5222 cupido

403 5237 662 5292 noscendi
691 5237 1001 5306 scriptoris,
1029 5254 1138 5307 quo
1166 5239 1219 5292 in
1243 5239 1600 5308 disquirendu
1631 5260 1753 5297 cum
1787 5261 1979 5313 parun

402 5329 715 5396 proliceret.
787 5330 1078 5400 indignans
1125 5331 1479 5417 {ingensque
1523 5335 1846 5405 angebatur.
1916 5338 1977 5393 Si

399 5425 543 5482 enim
569 5438 760 5479 omnes
789 5422 1039 5482 homines
1066 5435 1260 5480 natura
1314 5427 1456 5481 scire
1520 5426 1859 5499 desiderant,
1922 5442 1979 5486 ut

298 5582 313 5591 _
399 5528 559 5580 quam
585 5528 649 5567 ex
687 5528 787 5566 usu
822 5528 1078 5568 sensuum
1107 5516 1416 5585 percipiunt
1467 5519 1756 5576 delectatio
1811 5531 1977 5577 testa-

400 5613 507 5670 tur,
551 5605 748 5658 tnirum
782 5620 997 5661 nonest
1030 5606 1413 5676 imperatorem
1443 5622 1551 5667 tam
1585 5613 1804 5671 incensa
1850 5626 1980 5671 tunc

402 5697 564 5751 fuisse
589 5708 845 5766 punctum
872 5699 1189 5757 curiositate
1236 5707 1624 5774 cognoscenda:
1671 5709 1744 5762 rei
1798 5709 1864 5764 ad
1917 5726 1979 5765 se

324 5838 331 5843 .
395 5790 718 5853 pertinentis
752 5791 960 5859 intime,
989 5793 1224 5855 hominis
1254 5796 1347 5871 qui
1394 5797 1494 5854 sibi
1517 5799 1725 5868 primus
1773 5804 1975 5861 diceret
2030 5856 2036 5863 .

2106 3215 2311 3284 quinis
2335 3213 2535 3269 iudicia
2569 3210 2859 3265 voluntatis
2881 3220 3039 3260 sensa
3078 3204 3262 3257 statim
3314 3212 3369 3257 et
3426 3198 3691 3266 obsequia

2106 3307 2390 3371 inclinant,
2427 3303 2643 3360 nemine
2675 3302 2905 3356 frontem
2933 3297 3217 3352 adversam
3257 3306 3534 3363 opponere
3558 3305 3681 3343 sus-

2109 3400 2311 3454 tinente
2334 3407 2447 3461 aut,
2478 3397 2621 3465 quod
2661 3392 3005 3449 temerarium
3041 3397 3096 3443 et
3140 3387 3358 3442 audenti
3405 3385 3692 3438 exitiosum

2108 3506 2384 3555 censetur,
2416 3486 2703 3559 petentiuri
2736 3500 2917 3537 coram
2956 3481 3151 3537 obniti.
3206 3479 3312 3533 ista
3369 3478 3532 3548 igitur
3592 3493 3694 3529 nu-

2104 3586 2247 3636 vitas
2279 3598 2455 3637 rerum
2487 3581 2698 3634 furtiva:
2728 3578 2854 3630 huic
2886 3575 3174 3627 inditarum
3226 3572 3429 3625 charta:
3477 3570 3696 3623 Andro-

2105 3678 2285 3730 nicum
2320 3672 2716 3728 slimulabutin
2766 3667 3116 3740 cupiditatem
3180 3662 3386 3720 sciendi
3444 3663 3693 3734 quisnam

2105 3766 2193 3820 hic
2227 3764 2439 3819 tandem
2468 3770 2609 3818 esset
2643 3777 2747 3816 non
2774 3759 2932 3814 modo
2954 3773 3151 3812 censor
3179 3757 3371 3819 audax,
3410 3752 3504 3808 sed
3530 3754 3692 3807 etiam

2103 3870 2321 3910 amarus
2351 3856 2542 3910 irrisdr
2567 3851 2908 3909 sui.,Atisto
2955 3850 3074 3918 ipso
3115 3863 3235 3902 sese
3292 3846 3508 3899 indiciis
3565 3828 3694 3895 cile

2104 3961 2257 4003 rente
2285 3947 2545 4015 principis
2573 3945 2752 3999 studio
2781 3946 2826 3997 is
2855 3941 2945 4011 qui
2980 3941 3234 3996 conscius
3265 3938 3367 3994 sibi
3416 3943 3535 3989 erat
3590 3950 3692 3988 an~

2100 4040 2282 4111 cipitis
2312 4040 2461 4103 facti,
2492 4038 2557 4091 ad
2585 4051 2705 4090 sese
2736 4035 2947 4089 cautius
2974 4033 3184 4088 scilicet
3244 4030 3688 4084 ahscomlenduut

2101 4109 2450 4193 incitabatur;
2475 4125 2617 4196 quod
2650 4132 2784 4180 elex
2826 4133 2948 4179 voto
2999 4132 3283 4176 assecutus
3341 4109 3532 4172 oniues
3576 4134 3693 4169 svse

2100 4221 2546 4290 iuvcstigautinm
2604 4218 2979 4286 iudagatiunes
3089 4228 3305 4279 semper
3384 4212 3693 4282 incognitus

2097 4313 2280 4368 elusit.

2170 4452 2225 4507 6.
2261 4451 2337 4505 De
2366 4449 2607 4520 Madgto,
2644 4459 2701 4504 ιιι
2735 4458 2895 4518 capta
2930 4447 3093 4517 luerit
3143 4445 3208 4499 ab
3239 4444 3619 4516 Amogabaris.

2201 4587 2366 4660 578
2399 4589 2460 4641 At
2492 4586 2841 4658 Amngabari,
2875 4595 2930 4639 ut
2956 4583 3283 4655 sacpiusjam
3332 4595 3492 4638 antea
3547 4582 3692 4638 dixi-

2096 4698 2238 4746 mus,
2273 4696 2710 4752 quoquoversum
2741 4688 3095 4735 escurrentes
3127 4689 3181 4733 et
3234 4674 3514 4732 Romanos
3573 4679 3689 4729 dire

2095 4784 2378 4838 vexantes,
2414 4773 2699 4828 obsidione
2731 4772 2960 4840 cingunt
3001 4784 3180 4825 arcem
3211 4770 3339 4836 Sigo
3372 4767 3515 4821 amni
3548 4767 3690 4822 adsi-

2094 4877 2230 4930 tam,
2264 4865 2424 4934 vulgo
2448 4863 2723 4935 Madytum
2777 4872 3049 4919 vocatam.
3117 4860 3320 4917 Verum
3379 4862 3499 4915 haec
3549 4859 3686 4915 adeu

2096 4959 2297 5014 munita
2325 4968 2531 5013 eratut
2563 4959 2764 5013 frustra
2816 4962 2995 5012 omnis
3047 4966 3197 5013 esset
3259 4955 3687 5026 Oppttguantinm

2092 5052 2267 5121 labor,
2296 5064 2570 5122 utcunque
2603 5051 2675 5105 illi
2726 5050 3057 5119 quotidianis
3110 5047 3424 5109 assultibus.
3480 5048 3690 5101 machi—

2094 5149 2175 5204 nis
2204 5148 2335 5216 quin
2361 5145 2527 5199 etiam
2564 5142 2848 5207 adhibitis,
2880 5142 3010 5196 nihil
3041 5142 3355 5195 omitterent
3390 5139 3533 5201 quoi
3559 5138 3607 5191 ei
3637 5138 3686 5187 vi

2092 5237 2406 5307 subigendae
2431 5245 2619 5306 posset
2645 5233 2777 5289 utile
2804 5233 2994 5288 videri.
3026 5231 3207 5298 Quare
3244 5233 3460 5286 tandem
3496 5231 3687 5286 decre-

2089 5342 2310 5393 verunt,
2345 5345 2481 5398 quos
2517 5341 2832 5398 expugnare
2861 5329 3030 5382 armis
3058 5327 3366 5397 nequirent,
3415 5323 3559 5379 fume
3597 5323 3690 5377 de-

2092 5424 2312 5477 bellare.
2348 5422 2443 5476 Din
2471 5436 2603 5492 ergo
2632 5421 3103 5488 cirentusidentes,
3128 5421 3277 5475 omni
3320 5416 3468 5473 aditu
3531 5430 3687 5471 cmu-

2092 5514 2358 5569 meatibns
2380 5513 2625 5581 ubscpto,
2652 5528 2720 5568 eo
2749 5512 2987 5581 penuria;
3005 5511 3345 5581 Madyteuses
3363 5506 3687 5576 redegerunt

2092 5613 2285 5679 utinm
2316 5625 2403 5665 res
2436 5624 2655 5680 quoque
2676 5608 2852 5665 {indas
2878 5620 2931 5662 et
2965 5618 3171 5663 naturte
3232 5608 3484 5660 humanas
3534 5603 3688 5659 fasti-

2090 5707 2232 5760 ditas
2260 5713 2474 5760 vertere
2523 5703 2579 5758 in
2619 5702 2800 5759 cibum
2842 5702 3173 5758 dicerentur.
3226 5697 3490 5753 Processu
3546 5704 3687 5748 tem-

2086 5802 2232 5869 poris
2261 5816 2383 5857 cum
2420 5809 2702 5857 crescente
2738 5797 3064 5859 necessitate
3105 5811 3231 5865 spes
3278 5790 3506 5848 subsidii
3554 5787 3685 5849 deli-
