4046 6444
402 325 508 386 635

1642 335 1963 399 GEORGII
2013 336 2170 397 PACI
2187 343 2200 398 l
2215 343 2309 400 ῩΜ
2328 344 2500 401 ΕΗΒ

3589 337 3703 400 636

406 437 583 505 μένων
631 444 754 506 τοὺς
810 446 1068 511 ἐποίκους
1115 449 1357 519 ἅψασθαι
1398 452 1578 520 λόγος.
1615 453 1781 514 Τέλος
1834 451 1965 518 γοῦν
1998 452 2042 508 Α
2075 454 2406 522 πραχθεῖσιν
2437 457 2530 508 ἐπὶ
2571 454 2665 507 τοῦ
2715 431 3061 522 πατριάρχου
3103 450 3476 504 Ἀθανασίου.
3524 451 3592 501 ὐ
3642 449 3708 502 δὲ

396 530 602 603 ἀπορίᾳ
635 539 993 604 συσχεθέντες
1019 543 1104 610 ἐφ’
1125 543 1438 611 ὁμολογίαις
1474 545 1571 597 τοῦ
1601 547 1674 612 μή
1697 562 1850 605 τινας
1873 544 1975 612 ήδη

400 626 755 694 φονευθῆναι,
789 630 966 694 ἄλλως
1010 632 1068 685 δὲ
1100 635 1176 695 ὡς
1210 635 1442 698 ἐκείνοις
1493 636 1724 705 ἀρεστὸν
1769 636 1977 704 χρήσα-

395 716 546 783 σθαι,
583 719 642 769 τὸ
671 720 936 790 φρούριον
963 724 1065 794 ἤδη
1111 726 1466 796 παρέχουσιν.
1502 726 1852 790 Είσελθόντες
1879 722 1975 781 οὖν

394 810 644 876 ἅπαντας
675 816 973 879 ἐξοίκισαν,
1009 819 1206 882 ἄλλους
1242 819 1482 891 ἀλλαχοῦ
1531 821 1972 891 διασπείραντες.

399 906 565 956 Αὐτοὶ
621 907 676 958 δὲ
725 907 801 969 ὡς
861 910 1190 980 ὁρμητηρίῳ
1228 911 1403 981 τούτῳ
1437 912 1714 982 χρώμενοι
1759 912 1976 978 ἐξέθεον

399 997 678 1065 πανταχοῦ
705 998 803 1066 τῆς
834 1000 1079 1069 Θρᾴκης,
1110 1002 1180 1055 τὰ
1211 1004 1476 1058 πάνδεινα
1509 1007 1890 1075 ἐργαζόμενοι.

479 1105 545 1168 ξ’.
599 1107 896 1176 Ἀπαγωγὴ
930 1113 1336 1180 Μπυμγερίου
1371 1115 1520 1181 πρὸς
1543 1115 1876 1171 Γέννουαν.

473 1215 532 1266 '0
569 1217 623 1268 δὲ
652 1219 1060 1288 Μπυριγέριος,
1087 1222 1161 1285 ὡς
1188 1223 1286 1292 ἤδη
1321 1229 1687 1294 προείπομεν,
1719 1231 1975 1284 Γεννουῖ-

389 1324 511 1368 ταις
563 1309 860 1378 κρατηθεὶς
915 1312 1007 1364 καὶ
1055 1315 1133 1375 είς
1186 1315 1584 1384 Τραπεζοῦντα
1614 1319 1872 1389 ἀναχθεὶς
1901 1321 1978 1384 ὡς

390 1401 758 1469 αἰχμάλωτος,
793 1404 986 1456 ἔπειτα
1043 1406 1210 1458 πάλιν
1249 1410 1549 1478 καταχθεὶς
1605 1412 1726 1479 μετ’
1768 1413 1973 1478 αὐτῶν,

391 1493 487 1544 καὶ
517 1494 611 1546 δύο
640 1496 817 1562 μῆνας
859 1500 1317 1566 προσμεινάντων
1349 1503 1628 1571 τριήρεων
1656 1504 1751 1558 δύο
1784 1506 1977 1574 μισθο-

391 1582 608 1651 φορίαις
639 1585 733 1637 τοῦ
770 1586 1036 1654 βασιλέως
1067 1590 1162 1640 ἐπὶ
1192 1590 1252 1641 τὸ
1285 1593 1475 1645 στενὸν
1501 1593 1972 1660 Καλλιουπόλεως,

389 1675 736 1745 τελεσθείσης
765 1677 821 1730 δὲ
842 1681 942 1744 τῆς
967 1679 1076 1731 τῶν
1100 1679 1194 1732 δύο
1232 1681 1422 1751 μηνῶν
1461 1683 1806 1751 προθεσμίας
1834 1685 1980 1738 ἀπά-

391 1779 549 1829 γεται
578 1764 696 1833 μετ’
733 1767 914 1819 αὐτῶν
939 1767 1078 1838 πρὸς
1105 1770 1206 1840 τὴν
1237 1771 1524 1825 Γέννουαν.
1565 1773 1688 1825 Τῶν
1715 1774 1771 1826 δὲ
1806 1775 1981 1827 Κατε-
2012 1784 2054 1840 Β

389 1857 568 1908 λάνων
629 1859 902 1928 πρότερον
973 1864 1251 1932 τριήρεων
1312 1865 1780 1934 πρεσϐευσάντων
1844 1867 1975 1936 περὶ⁷

387 1947 601 2010 τούτου,
639 1948 795 2002 οὐδὲν
823 1951 1052 2019 ἤνυσαν.
1453 1941 1456 1944 ’

479 2070 549 2132 η’.
598 2064 671 2116 Τὰ
702 2066 833 2134 περὶ
866 2067 971 2122 τοῦ
1003 2067 1373 2138 πατριάρχου
1410 2071 1880 2140 Ἀλεξανδρείας.

470 2176 530 2226 '0
557 2177 612 2229 δὲ
643 2178 902 2247 βασιλεὺς
934 2183 1070 2250 πρὸς
1105 2185 1218 2247 τοῖς
1262 2184 1447 2249 ἄλλοις
1479 2183 1559 2248 οἷς
1600 2181 1716 2257 εἶχε
1762 2189 1859 2242 καὶ
1903 2190 1980 2252 ὡς

390 2266 616 2319 δυνατὸν
647 2269 953 2333 ἐσπούδαζε
1006 2270 1180 2326 ταῦτα
1217 2273 1572 2344 Θεραπεύειν,
1623 2283 1719 2332 καὶ
1769 2281 1837 2332 τὰ
1884 2279 1979 2334 τοῦ

394 2360 868 2430 πατριάρχοῦντος
905 2363 1229 2418 Ἀθανασίου
1261 2365 1591 2436 θεραπεύειν
1623 2373 1753 2442 περὶ
1783 2373 1981 2426 πολλοῦ

389 2454 650 2507 ἐποιεῖτο.
694 2455 794 2506 Διά
830 2455 992 2508 τοῦτο
1040 2458 1313 2523 παντοίως
1365 2463 1675 2533 μετήρχετο
1729 2466 1824 2518 τὸν
1875 2483 1984 2520 πα-

387 2543 660 2613 τριάρχην
720 2544 1131 2616 Ἀλεξανδρείας
1178 2551 1498 2606 Ἀθανάσιον
1532 2555 1831 2626 ὁμονοῆσαι
1867 2560 1980 2622 τοῖς

389 2733 556 2788 reret,
593 2723 914 2779 dediderunt
955 2742 1017 2781 se
1063 2728 1294 2796 obsessi,
1330 2731 1500 2786 solam
1531 2734 1654 2788 vitae
1699 2736 1988 2792 incolumi-

389 2825 552 2870 tltem
586 2817 746 2886 pacti,
797 2825 1008 2874 caeteris
1051 2824 1307 2878 omnibus
1366 2825 1729 2880 obsidentium
1759 2830 1987 2886 arbitrio

391 2911 693 2976 permissis.
724 2911 814 2965 Sic
843 2911 1061 2983 Madyto
1112 2915 1438 2985 Antogabari
1488 2923 1664 2990 potiti,
1722 2935 1990 2994 quotquot

390 3002 500 3056 illic
533 3018 803 3068 reperere,
837 3005 987 3059 foras
1013 3005 1313 3076 eiecerunt,
1349 3011 1487 3066 alios
1520 3015 1627 3070 alio
1658 3017 1986 3089 dispergen-

2078 547 2139 600 οὐ
2168 547 2242 618 μὴ
2269 548 2429 616 μόνον
2459 548 2674 617 συνῄνει
2697 549 2809 608 τοῖς
2833 546 3181 614 πραχθεῖσιν,
3212 542 3350 597 ἀλλὰ
3379 543 3710 613 προφανῶς

2078 639 2430 708 ἀπεσχίζετο.
2477 639 2636 693 Ἐπεὶ
2685 638 2744 690 δὲ
2777 638 2876 690 οὐκ
2903 633 2972 708 ἦν
3016 635 3144 688 ἄλλο
3183 653 3234 688 τι
3273 637 3503 688 ἐκεῖνον
3557 635 3704 704 δρᾷν

2078 731 2206 784 καθ’
2234 731 2300 802 [Ρ
2341 731 2470 801 405]
2526 730 2722 784 ἑαυτὸν
2775 728 3255 798 ποιμεναρχοῦντα
3302 726 3408 780 καὶ
3480 727 3703 796 μᾶλλον

2077 823 2238 887 δόξαν
2259 823 2351 874 ἐπὶ
2383 821 2594 874 συνέσει
2625 821 2723 874 καὶ
2769 819 3030 889 ἀγχινοίᾳ
3062 817 3280 888 ἔχοντα,
3323 817 3480 888 πρὸς
3512 819 3589 871 τὰ
3615 819 3702 870 oi-

2080 914 2206 964 κεία
2235 911 2330 979 τῆς
2373 909 2574 963 ἑαυτοῦ
2616 908 2945 978 Ἐκκλησίας
2975 908 3323 978 χρησάμενον
3373 906 3509 977 στλῷ
3548 908 3698 962 ίὲναι

2078 1001 2366 1073 ἠπείγετο.
2399 1004 2508 1054 Καὶ
2545 1001 2602 1064 ὃς
2633 1001 2690 1066 ἐξ
2723 1001 2891 1070 αὐτῆς
2927 999 3454 1069 συσκευασάμενος,
3490 1000 3698 1069 ἐπειδὴ

2077 1097 2180 1150 οὐκ
2235 1091 2305 1166 ἦν
2363 1096 2588 1148 δυνατὸν
2634 1094 2783 1164 αὐτῷ
2828 1093 2916 1145 ἐπ’
2955 1091 3368 1162 Ἀλεξανδρείας
3415 1093 3503 1162 τῷ
3540 1094 3698 1160 τότε,

2079 1187 2174 1240 ἐπὶ
2217 1188 2522 1256 Βενετικῆς
2556 1189 2816 1257 τριήρεος
2843 1189 2900 1249 ὲς
2933 1187 3162 1257 Κρήτην
3191 1187 3529 1240 ἐστέλλετο*
3575 1189 3701 1239 ἐκεῖ

2079 1281 2190 1348 γὰρ
2221 1281 2463 1346 ἔγνωστο
2495 1281 2642 1350 αὐτῷ
2690 1281 2830 1333 κατὰ
2863 1282 2922 1334 τὸ
2959 1281 3054 1334 τοῦ
3085 1282 3216 1333 Σινᾶ
3247 1281 3546 1350 (Σιναῒτης
3580 1281 3698 1351 γὰρ

2077 1367 2148 1443 ἦν
2173 1373 2440 1443 ἀρχῆθεν)
2474 1373 2887 1443 παραγενέσθαι
2915 1374 3188 1443 μετόχιον.
3228 1373 3434 1442 Ὅμως
3459 1389 3528 1439 γε
3567 1375 3700 1442 μέν·

2076 1481 2162 1517 τοι
2197 1463 2404 1533 μεταξύ
2453 1482 2558 1518 που
2614 1465 2972 1534 διερχόμενος
3013 1465 3095 1526 είς
3138 1464 3238 1534 τὴν
3271 1463 3406 1516 κατ’
3446 1463 3696 1516 Εὔϐοιαν

2078 1557 2338 1626 Μάκρην,
2390 1560 2417 1608 ὁ
2465 1557 2626 1626 λόγος
2668 1554 2805 1626 εἶχε,
2861 1557 3222 1626 κατήντησεν.
3268 1556 3338 1608 ¹Ἀ
3394 1556 3459 1608 δὲ
3508 1555 3697 1624 τούτῳ

2081 1651 2287 1720 συνέϐη
2321 1651 2824 1720 περιπλανωμένῳ,
2856 1649 2977 1718 μετ’
3019 1648 3200 1716 ὀλίγον
3236 1649 3586 1717 ῥηθήσεται.
3631 1648 3694 1701 ὐ

2081 1740 2138 1792 δὲ
2173 1741 2599 1810 πατριαρχεύων
2647 1741 2966 1802 Ἀθανάσιος
2995 1740 3095 1801 τάς
3131 1739 3345 1792 ἐκείνου
3382 1740 3452 1790 ἐκ
3486 1757 3698 1808 χρυσον

2083 1829 2324 1884 ϐούλλων
2383 1832 2566 1900 μονὰς,
2599 1832 2700 1901 τήν
2744 1849 2805 1883 τε
2863 1829 3008 1884 κατὰ
3061 1831 3155 1884 τὸν
3214 1829 3538 1883 Ἀνάπλουν
3594 1829 3692 1881 τοῦ

2079 1924 2528 1995 ἀρχιστρατήγου
2560 1923 2658 1978 καὶ
2678 1923 2776 1993 τὴν
2803 1923 2956 1984 ὲντδς
2977 1921 3071 1975 τοῦ
3100 1923 3397 1991 εὐεργέτου
3437 1920 3696 1988 Χριστοῦ

2081 2016 2518 2086 χειρωσάμενος,
2578 2014 2676 2068 τοῦ
2741 2015 3009 2084 βασιλέως
3062 2013 3318 2082 ἀφιέντος
3395 2013 3698 2084 σφραγῖδα.

2079 2110 2245 2173 ,ίδίαν,
2286 2110 2380 2162 καὶ
2404 2108 2823 2179 καθηγούμενον
2847 2107 2936 2160 ἐπ’
2958 2107 3150 2169 αὐταῖς
3175 2104 3446 2159 καθίστα.
3480 2105 3697 2158 ’Υστε-

2084 2221 2178 2274 ρον
2225 2204 2282 2256 δὲ
2344 2204 2440 2256 καὶ
2471 2203 2570 2273 τὴν
2621 2203 2734 2254 τῶν
2779 2199 3026 2269 Ὀδηγῶν
3080 2198 3247 2268 μονὴν
3287 2197 3480 2262 οὕτως
3533 2199 3693 2267 ἔδρα,

2082 2295 2246 2358 αὐτὸς
2280 2294 2548 2357 ἐπιστὰς,
2597 2294 2762 2356 αὐτὸς
2814 2293 3172 2362 καταστήσας
3210 2291 3273 2344 ἐκ
3325 2291 3695 2360 χειροτονίας

2085 2391 2414 2460 ἡγούμενον,
2451 2388 2615 2450 αὐτὸς
2657 2385 3070 2454 καινουργὴοας
3100 2385 3195 2436 καὶ⁵
3236 2383 3339 2451 τὴν
3394 2382 3702 2452 ἀναφορὰν

2085 2483 2181 2536 τοῦ
2212 2483 2345 2536 ἰδίου
2380 2481 2672 2550 ὀνόματος,
2711 2480 2834 2532 τότε
2883 2476 3225 2548 χηρευούσης
3270 2476 3552 2545 ποιμένος
3595 2474 3698 2542 τῆς
3776 2519 3779 2521 ,

2098 2575 2454 2646 Ἀντιοχείας,
2483 2574 2558 2637 ὡς
2599 2572 2854 2626 ἐντεῦθεν
2910 2571 3004 2624 καὶ
3037 2568 3244 2622 τούτων
3277 2567 3364 2630 ὡς
3421 2569 3524 2621 καὶ
3582 2567 3696 2620 τῶν

2089 2751 2196 2806 lam
2226 2751 2531 2806 abscissum
2567 2749 2806 2804 tenebat.
2830 2747 3034 2803 Verum
3065 2745 3452 2800 Alexandrino
3485 2745 3691 2800 invicta

2091 2842 2145 2897 in
2177 2841 2532 2912 praeiudicato
2557 2853 2659 2894 usu
2689 2852 2754 2892 ac
2780 2851 2944 2892 sensu
2973 2833 3271 2902 pertinacia
3297 2847 3506 2887 omnes
3534 2833 3694 2886 Istius

2090 2935 2306 3004 generis
2345 2931 2699 2987 invitationes
2734 2927 3011 2991 eludente,
3069 2927 3402 2995 imperator,
3435 2924 3534 2992 qui
3587 2938 3689 2977 nec

2091 3028 2193 3082 alia
2223 3027 2437 3080 ratione
2467 3033 2649 3092 posset
2674 3035 2868 3090 cogere
2909 3018 3184 3073 hominem
3212 3015 3447 3069 aliunde
3475 3027 3541 3068 ac
3567 3014 3688 3069 sine

388 3103 490 3150 ωδ·
525 3093 603 3148 De
629 3107 826 3150 caetero
857 3112 920 3149 εκ
951 3113 1074 3152 “me
1105 3100 1194 3152 in“
1246 3103 1423 3158 valido
1483 3121 1700 3162 ευοτιηη
1770 3111 1975 3165 insessa
2005 3127 2050 3186 C.
2082 3135 2182 3177 suo
2218 3118 2488 3174 beneﬁcio
2509 3097 2894 3185 'patriarchatu
2930 3109 3162 3166 illustris
3195 3108 3347 3164 sedis
3377 3110 3683 3178 insignem,

390 3187 642 3253 praesidio
673 3196 1042 3256 erumpentes,
1073 3207 1195 3244 cum
1257 3196 1431 3249 securi
1461 3197 1650 3253 ﬁducia
1679 3215 1975 3272 regressus,

387 3295 601 3334 omnem
639 3282 743 3335 late
773 3280 1059 3336 Thraciam
1095 3284 1329 3342 assiduis
1359 3297 1412 3343 et
1440 3291 1596 3347 strvis
1656 3295 1980 3352 incursioni.

391 3373 489 3426 bus
530 3373 837 3428 vastabant.

527 3489 581 3544 7.
614 3489 689 3543 De
725 3491 1048 3564 Mpyrigerio
1073 3504 1133 3549 ut
1171 3495 1408 3551 Genuam
1448 3500 1518 3552 sit
1553 3501 1833 3558 abductus.

496 3606 854 3679 Mpyrigerius
880 3622 1080 3676 autem,
1117 3621 1175 3666 ut
1206 3618 1458 3684 superius
1509 3618 1761 3685 diximus,
1812 3635 1839 3672 a
1870 3618 1979 3675 Ge-

393 3702 685 3756 nncnsibus
703 3713 890 3770 captus
910 3714 959 3757 et
985 3703 1384 3774 Trapezuntem
1410 3709 1622 3765 delatus
1641 3711 1694 3765 in
1721 3713 1977 3778 vinculis,

394 3811 585 3848 rimus
626 3796 750 3850 inde
781 3799 1014 3853 reversis
1045 3815 1165 3868 quae
1201 3801 1346 3872 illum
1403 3807 1692 3872 portabant
1749 3809 1980 3863 navibus

393 3887 616 3953 relatus,
653 3902 749 3955 per
783 3888 920 3944 duos
939 3894 1220 3946 mensesin
1241 3893 1377 3948 freto
1415 3898 1688 3966 Callipolis
1722 3901 1978 3968 perstitit,

391 3976 480 4031 ubi
520 3979 770 4032 mercede
799 3981 1118 4035 conductam
1151 3983 1220 4037 ab
1256 3984 1584 4050 imperatore
1637 4003 1800 4043 naves
1863 3993 1981 4046 dua:

389 4070 706 4126 Genucnses
739 4074 1028 4129 stationem
1055 4076 1382 4132 habuerunt.
1413 4077 1508 4132 illo
1570 4081 1712 4144 quod
1760 4083 1978 4151 pepige-

393 4174 514 4215 rant
543 4164 719 4232 spatio
751 4173 1047 4229 transacm,
1081 4169 1252 4222 teneri
1286 4185 1390 4223 non
1422 4181 1644 4239 potuere
1687 4176 1820 4244 quin
1860 4178 1980 4231 abi-

393 4266 534 4321 rent,
569 4271 758 4311 versus
793 4257 1035 4312 Genuam
1085 4260 1384 4330 dirigentes
1434 4277 1675 4331 cursum,
1742 4276 1797 4319 et
1855 4267 1981 4323 illuc

391 4351 717 4417 perinvitum
748 4350 1132 4422 Mpyrigerium
1185 4355 1465 4418 ducentes,
1518 4356 1792 4412 Catelanis
1857 4376 1982 4416 nec-

390 4441 686 4511 qttidquam
711 4445 921 4497 conatis
953 4446 1243 4514 impetrare
1277 4447 1652 4503 liberationem
1674 4452 1812 4519 ejus.
1844 4453 1978 4508 Nam
2021 4486 2065 4541 υ

393 4535 584 4586 horum
615 4535 680 4588 ad
717 4536 769 4588 id
827 4536 1009 4591 missze
1037 4538 1336 4606 legationes
1399 4542 1463 4595 ad
1496 4545 1801 4602 navarchos
1861 4547 1976 4604 Ge-

393 4641 626 4682 nuenscs
649 4628 807 4696 plane
827 4643 1080 4684 successu
1112 4646 1358 4688 caruere.

735 4745 789 4802 8.
821 4746 898 4802 De
925 4748 1236 4818 patriarcha
1265 4749 1633 4808 Alexandria.

466 4859 810 4931 579Porro
834 4863 1132 4934 imperator
1150 4865 1296 4920 inter
1315 4881 1474 4935 opem
1497 4867 1616 4935 ejus
1633 4882 1696 4922 ex
1707 4870 1986 4936 poscentia

395 4959 635 5027 undique
661 4959 849 5022 multa,
875 4957 1071 5027 quibus
1101 4959 1303 5014 mederi
1338 4975 1434 5028 pro
1460 4959 1667 5014 viribus
1699 4961 1979 5027 studebat,

399 5050 820 5117 haudquaquam
858 5049 1170 5120 negligebat
1217 5065 1410 5104 curam
1449 5051 1533 5105 sui
1570 5052 1718 5106 cbari
1751 5055 1988 5123 suscepti

400 5141 728 5208 patriarchae
803 5140 1405 5211 Constantinopolitani
1487 5143 1796 5200 Athanasii.
1844 5145 1989 5215 Ergo

395 5235 443 5287 ei
476 5233 763 5288 consulere
792 5249 953 5303 quam
989 5236 1367 5290 eﬂicacissime
1391 5237 1638 5306 cupiens,
1668 5239 1839 5292 variis
1871 5255 1988 5293 am—

399 5328 580 5382 biebat
613 5325 914 5382 ciliciorum
955 5330 1168 5384 artibus
1202 5329 1275 5382 ibi
1327 5329 1709 5397 cognominem
1744 5331 1986 5386 Alexan-

397 5422 612 5475 drinum
663 5421 1055 5490 patriarcham,
1099 5421 1369 5476 eblandiri
1400 5423 1467 5473 ab
1493 5421 1596 5475 hoc
1627 5425 1987 5496 satagens‘gut

406 5517 621 5568 tandem
655 5514 999 5568 reconciliari
1025 5528 1086 5567 se
1115 5514 1320 5568 sineret
1351 5513 1984 5586 Constantinopolitano,

397 5607 843 5674 evectionemque
890 5605 1070 5676 ipsius
1117 5605 1172 5659 in
1234 5605 1492 5660 thronum
1537 5617 1593 5660 et
1624 5617 1747 5662 acta
1790 5617 1986 5664 caetera

401 5701 680 5769 probaret.
712 5699 988 5754 llactenus
1036 5700 1234 5768 quippe
1265 5698 1354 5754 ille
1393 5714 1499 5754 non
1536 5702 1696 5756 modo
1729 5717 1989 5758 assensus

410 5788 566 5849 istius
597 5794 928 5862 promotioni
960 5807 1070 5849 non
1107 5791 1306 5860 fuerat,
1341 5795 1433 5851 scd
1469 5805 1524 5851 ct
1573 5795 1641 5851 ab
1681 5795 1770 5851 illo
1805 5811 1863 5852 sc
1895 5811 1988 5866 pa-

2089 3223 2144 3269 et
2187 3211 2390 3281 alioqui
2419 3219 2705 3264 vereretur
2733 3206 3032 3274 quidquam
3072 3204 3377 3258 decernere
3437 3203 3688 3258 severius

2089 3309 2141 3361 in
2167 3308 2343 3360 virum
2367 3300 2672 3371 prudentiae
2696 3309 2863 3366 atque
2890 3297 3090 3366 ingenii
3113 3295 3252 3348 fama
3279 3294 3682 3363 percelebrem,

2087 3400 2154 3455 ad
2181 3395 2577 3453 ultimumillud
2604 3393 2893 3449 consilium
2919 3389 3346 3444 descenditeum
3383 3386 3680 3442 amovendi

2086 3510 2155 3548 ex
2189 3493 2344 3555 urbe,
2375 3491 2462 3545 ubi
2495 3487 2746 3558 exemplo
2773 3485 3023 3548 nocebat,
3059 3475 3304 3552 urgendo
3334 3489 3396 3536 ut
3425 3483 3494 3535 ad
3520 3495 3680 3535 sttam

2086 3586 2387 3642 Ecclesiam
2417 3598 2578 3651 quam
2618 3581 2854 3651 primum
2890 3577 3012 3632 navi
3046 3591 3106 3630 se
3134 3574 3441 3631 conferret.
3466 3575 3549 3629 Ad
3577 3575 3679 3627 hoc

2087 3681 2177 3734 ille
2205 3693 2327 3734 sese
2355 3675 2612 3745 expedire
2660 3673 2802 3727 haud
2836 3679 3058 3740 gravate
3089 3669 3236 3723 visus
3296 3677 3424 3735 est;
3475 3681 3679 3722 conva-

2087 3781 2318 3842 sataque
2349 3767 2694 3838 supellectili,
2720 3765 2978 3833 quoniam
3013 3760 3368 3816 Alexandriae
3422 3771 3556 3815 tunc
3591 3771 3679 3828 pc-

2089 3866 2264 3921 tendze
2314 3865 2468 3932 copia
2533 3876 2638 3916 non
2700 3857 2823 3921 fuit,
2876 3871 3174 3912 conscensa
3215 3854 3434 3909 triremi
3474 3853 3687 3907 Veneta.

2087 3956 2248 4012 solvit
2299 3956 2512 4010 Cretam
2562 3966 2787 4006 versus:
2829 3949 2901 4004 ibi
2939 3947 3082 4002 enim
3117 3961 3239 4001 cum
3293 3961 3422 4002 esse
3457 3946 3684 4001 domum}

2089 4050 2256 4104 sciret
2305 4049 2528 4104 Sinaita:
2582 4044 2940 4108 monasterio,
2994 4043 3136 4096 unde
3191 4042 3308 4111 ipse
3375 4041 3686 4112 prodierat,

2088 4143 2412 4211 subjectum,
2447 4141 2499 4193 in
2528 4153 2588 4193 ea
2641 4137 2904 4192 diversari
2955 4134 3344 4191 constituerat.
3384 4134 3494 4189 Sed
3526 4133 3579 4188 in
3614 4144 3676 4185 eo

2090 4248 2252 4287 cursu
2285 4233 2494 4286 delatus
2529 4230 2710 4284 obiter
2741 4230 2794 4281 in
2838 4227 3097 4282 Euboeam
3132 4226 3353 4295 longam
3389 4224 3560 4278 variis
3612 4221 3678 4274 il-

2092 4325 2159 4377 lic
2202 4333 2286 4377 est
2323 4320 2540 4377 casibus
2566 4321 2827 4390 jactatus,
2867 4327 2920 4372 et
2959 4316 3247 4372 occasione
3285 4315 3492 4370 borum
3528 4328 3677 4368 erro-

2093 4416 2243 4470 ribus
2278 4414 2536 4468 itinerum
2571 4410 2756 4465 multis
2807 4409 3128 4479 implicitus,
3171 4421 3309 4475 quos
3342 4415 3472 4477 post
3518 4401 3685 4473 paulo-

2095 4505 2413 4563 referemus.
2455 4503 2568 4558 Nec
2595 4511 2897 4559 cunctatus.
2922 4511 3002 4556 est
3027 4498 3674 4567 Cunstantiuopolitanus

2092 4600 2425 4655 Athanasius
2467 4598 2715 4652 discessu
2747 4593 2927 4649 aemuli
2990 4593 3258 4662 prolicere
3290 4608 3455 4662 quam
3503 4587 3673 4660 potuit

2091 4689 2699 4762 plurimum,siquidem
2741 4701 2861 4756 qua:
2911 4683 3313 4739 Alexandrinus
3363 4685 3483 4739 loca
3533 4682 3673 4736 dono

2091 4783 2460 4851 Augustorum
2516 4778 2684 4834 bullis
2706 4777 2886 4832 aureis
2927 4775 3152 4830 sancito-
3172 4775 3224 4829 in
3256 4775 3392 4831 urbe
3418 4773 3672 4844 possede-

2093 4881 2201 4934 rat,
2233 4886 2430 4939 ncmpe
2457 4869 2850 4926 monasterium
2879 4867 3260 4937 aroltistrategi
3303 4868 3370 4921 ad
3402 4863 3664 4934 Anaplum

2091 4974 2146 5020 et
2178 4965 2321 5018 aliud
2378 4965 2524 5017 intra
2577 4965 2767 5016 urbem
2809 4961 3012 5016 Christi
3059 4959 3358 5031 Evergetae,
3412 4957 3670 5014 continuo

2094 5056 2316 5121 invasit,
2377 5054 2609 5109 revulsis
2658 5053 2822 5108 etiam
2873 5052 3250 5117 Alexandrini,
3303 5067 3425 5121 qua:
3483 5049 3668 5103 abiens

2093 5165 2359 5206 concessu
2392 5149 2742 5218 imperatoris
2785 5149 3162 5216 impresserat,
3200 5147 3415 5217 sigillis,
3445 5157 3543 5213 pro
3571 5139 3670 5194 iis-

2093 5257 2199 5312 que
2231 5255 2327 5296 sua
2362 5241 2531 5308 ipsius
2560 5239 2839 5308 signacula
2888 5237 3251 5302 substituens,
3303 5252 3367 5293 ac
3415 5228 3670 5306 praeposi-

2097 5345 2180 5389 tos
2215 5335 2380 5405 580
2414 5349 2441 5386 a
2478 5348 2536 5388 se
2579 5333 2882 5404 pendentes
2926 5331 2992 5386 iis
3041 5331 3311 5386 ctenobiis
3367 5329 3667 5394 imponens.

2093 5426 2261 5482 Paulo
2296 5435 2419 5496 post
2444 5425 2587 5480 idem
2636 5424 2766 5479 iecit
2820 5433 2876 5478 et
2921 5423 2974 5479 in
3013 5423 3357 5492 Hodegorum
3395 5422 3662 5474 monaste'

2096 5520 2196 5580 rio.
2234 5534 2329 5588 per
2359 5533 2419 5573 sc
2457 5517 2585 5572 illud
2615 5517 2729 5586 ipse
2757 5517 2964 5582 adiens,
2995 5516 3110 5585 ipse
3139 5511 3498 5570 ordinationis
3544 5514 3664 5574 pro.

2094 5615 2225 5682 Ρτίω
2256 5605 2611 5681 prmpositum
2643 5610 2992 5681 praeticiens;
3028 5609 3158 5678 quin
3195 5609 3340 5663 etde
3373 5616 3509 5658 novo
3559 5593 3663 5647 illic

2094 5719 2386 5774 usurpans,
2451 5715 2509 5757 ut
2542 5713 2770 5757 vacante
2809 5712 2920 5757 tum
2966 5701 3104 5756 forte
3150 5699 3489 5755 Aulioclteua
3522 5685 3660 5742 sede.

2096 5799 2251 5871 Cujus
2298 5798 2406 5870 juri
2451 5797 2700 5867 praesulis
2733 5797 2784 5854 id
2834 5807 2950 5852 erat
2985 5794 3296 5851 cmuobium
3347 5783 3662 5854 subjectum:
