4046 6420
341 320 446 385 637

1197 325 1289 382 DE
1322 325 1768 385 ANDRONICO
1811 325 2272 388 PAL/EOLOGO
2313 329 2460 390 LlB.
2520 328 2650 390 νιι.

3478 325 3587 386 638

341 429 520 483 ἅλ)ων
549 429 903 492 ἐξουσιάζων,
942 430 1132 486 καὶτὰ
1161 433 1366 486 δυνατὰ
1398 434 1492 485 καὶ
1533 432 1744 504 εῦπορα
1772 451 1908 504 καρ-
1943 440 1984 495 Α
2016 453 2096 489 νοι
2138 437 2230 505 τῆς
2279 439 2372 490 ἐπὶ
2404 439 2729 507 Λάμψακον,
2772 437 3164 505 ἐντυγχάνουσι
3217 435 3410 501 πλήθει
3451 434 3592 488 Ῥω-

346 520 635 584 πίζεσοαι.
652 521 817 574 Ἀλλά
835 523 1010 576 ταῦτα
1044 524 1145 592 μὲν
1173 523 1348 588 οὕτως
1373 521 1510 595 εἶχε.

445 655 512 714 θ’.
557 657 634 711 Τὰ
662 662 1058 728 συμπεσόντα
1117 658 1285 714 δεινὰ
1331 661 1814 727 Κουὸουκλείοις.

417 794 694 846 Συνέπεσε
745 795 804 847 δέ
860 796 1111 849 ἐντεῦθεν
1140 795 1293 848 δεινά
1343 797 1590 866 φρουρίῳ
1641 799 1751 850 τινὶ
1781 798 1922 851 κατὰ

348 883 448 953 τὴν
495 883 714 936 Μυσίαν
745 883 842 953 τὴν
891 885 950 936 ἐν
987 884 1067 953 τῷ
1105 884 1387 959 Ὀλύμπῳ,
1445 887 1513 937 τὰ
1547 885 1922 940 Κουδούκλεια

349 977 652 1045 λεγομένῳ.
688 976 910 1046 Ἐπειδὴ
943 978 1052 1043 γάρ
1089 979 1142 1030 οἱ
1185 979 1243 1028 ἐν
1279 977 1356 1047 τῷ
1387 978 1634 1048 φρουρίῳ
1664 976 1924 1046 ἐπιθεμέ-

348 1087 455 1122 νων
487 1069 596 1120 τῶν
625 1071 754 1137 περὶ
788 1068 878 1121 τὸν
909 1069 1124 1139 Πέρσην
1149 1069 1386 1139 Ἀτάρην
1425 1071 1482 1121 ἐν
1513 1069 1631 1140 χρῷ
1671 1069 1920 1125 κινδύνου

347 1162 617 1227 ἐγένοντο,
672 1158 1086 1228 ἀμηχανοῦντες
1134 1161 1296 1230 μόνον
1347 1160 1632 1228 σύμφορον
1675 1163 1923 1214 ἐνενόουν

345 1251 444 1318 τὴν
483 1252 546 1301 ὲκ
580 1248 849 1301 Λοπαὸίου
882 1249 1144 1317 ἀρωγήν.
1194 1248 1342 1300 Ἐκεῖ
1388 1251 1496 1316 γὰρ
1529 1247 1760 1316 διῆγενό
1809 1247 1926 1299 Μα-

351 1342 550 1411 κρηνδς
586 1342 682 1394 σὺν
705 1340 910 1407 ὀλίγοις
948 1340 1061 1392 τισὶ
1094 1328 1331 1401 καὶτοῖς
1371 1338 1656 1406 περιοῦσιν
1681 1341 1922 1407 ’Δμογα-

349 1435 562 1502 ῆάροις,
616 1432 710 1497 οὓς
749 1433 962 1500 φθάσας
1006 1435 1033 1484 ὁ
1084 1433 1303 1502 Καῖσαρ
1355 1430 1418 1502 [Ρ
1448 1431 1573 1502 406]
1605 1433 1926 1486 ἀπέστειλεν

349 1528 440 1586 ἐπὶ
473 1527 689 1596 φυλακῇ
724 1526 832 1578 τῶν
860 1529 996 1580 ἐκεῖ.
1044 1525 1372 1594 Πέμψαντες
1401 1523 1496 1578 οῦν
1528 1525 1742 1593 βοηθεῖν
1774 1527 1924 1594 ἡντι-

349 1621 540 1672 ὅόλουν
590 1621 666 1689 τῷ
722 1618 1028 1688 Μακρηνῷ.
1065 1619 1280 1688 Πέμπει
1325 1617 1592 1686 ἐξήκοντα
1622 1616 1925 1684 Ἀμογαὸά-

349 1729 478 1780 ρους
510 1712 586 1774 ὡς
615 1713 839 1772 πιστοὺς
863 1714 976 1775 τοῖς
1012 1710 1326 1779 Ῥωμαίοις.
1356 1711 1554 1768 οἵτινες
1573 1711 1637 1778 δὴ
1669 1724 1920 1779 παραγε-

349 1804 573 1870 γονότες
604 1805 873 1874 πρότερον
897 1804 1138 1874 Πέρσαις
1169 1804 1310 1856 κατά
1340 1804 1400 1856 τὸ
1429 1803 1653 1871 λεληθὸς
1682 1803 1924 1854 κοινολο·

349 1897 676 1966 γησάμενοι,
719 1897 818 1950 καὶ
856 1895 925 1949 τὰ
968 1899 1136 1949 πιστὰ
1185 1895 1366 1957 δόντες
1420 1895 1514 1948 καὶ
1561 1893 1842 1955 λαϐόντες,
1886 1887 1922 1962 ἦ

351 1989 459 2058 μὴν
513 1989 712 2048 αὐτοὺς
758 1987 858 2057 μὲν
890 1989 976 2039 ἐπ’
1021 1986 1216 2055 ἀγαθῷ
1267 1984 1343 2054 τῷ
1397 1985 1515 2054 ἰδίῳ
1556 1982 1924 2052 συμπράξειν,

349 2081 595 2142 ἐκείνους
628 2079 684 2133 δέ
724 2079 860 2149 πρὸς
884 2079 1186 2149 Λάμψακον
1221 2077 1297 2140 ὡς
1323 2077 1692 2145 περαιωθεϊεν
1731 2075 1928 2128 διασώ-

350 2175 572 2237 σασθαι,
601 2173 934 2233 εἰσελθόντες
964 2171 1020 2224 δὲ
1064 2169 1124 2223 τὸ
1156 2168 1420 2238 φρούριον
1452 2169 1606 2220 οὐδὲν
1636 2164 1703 2237 ἦν
1746 2167 1923 2220 δεινὸν

347 2269 488 2336 ὅπερ
533 2268 614 2326 εἰς
667 2264 793 2326 τοὺς
845 2264 1104 2323 ἐποίκους
1149 2263 1251 2314 οὐκ
1299 2260 1582 2328 ἐποίησαν.
1621 2258 1734 2312 Καὶ
1771 2260 1925 2322 τέλος

348 2359 472 2424 τοὺς
506 2358 658 2421 ἐντὸς
693 2355 1156 2422 κατασφάξαντες
1189 2353 1464 2422 φύλακας,
1507 2353 1634 2414 τοὺς
1673 2351 1928 2414 ἐποίκους

349 2454 561 2515 πάντας
595 2451 975 2515 ἐξελάσαντες,
1021 2448 1366 2518 προδιδοῦσιν
1397 2448 1490 2500 ἐπὶ
1528 2447 1777 2518 ἀπωλείᾳ
1812 2451 1926 2510 τοῖς

352 2543 594 2612 Πέρσαις
622 2543 682 2597 τὸ
716 2543 998 2613 φρούριον.
1030 2541 1196 2596 Αὐτοὶ
1222 2541 1278 2594 δὲ
1309 2541 1409 2593 σὺν
1441 2540 1677 2602 ἐκείνοις
1705 2539 1923 2608 ἁψάμε-

351 2737 510 2777 somn
543 2722 651 2777 illic
682 2737 876 2776 nomen
933 2722 1074 2776 inter
1119 2735 1276 2776 sacra
1325 2721 1664 2774 recitaretur.
1721 2717 1796 2773 Ita
1841 2720 1928 2775 il'e

352 2814 440 2870 hic
468 2823 526 2868 ut
555 2813 680 2869 alibi
709 2813 909 2883 jurium
938 2828 1164 2868 securus
1197 2826 1294 2879 pro
1325 2813 1553 2866 arbitrio
1585 2823 1781 2866 cuncta
1811 2813 1927 2866 dis-

352 2908 646 2976 pensabat,
705 2906 880 2974 quoad
931 2914 1136 2972 posset,
1165 2907 1232 2958 ad
1278 2919 1337 2958 se
1382 2905 1606 2959 trahens
1646 2906 1925 2969 universa,

351 3009 405 3052 et
433 2999 640 3054 reditus
679 2999 891 3065 epimos
917 2997 982 3050 ad
1038 2997 1276 3050 fructum
1312 2995 1586 3064 prOpriutn
1622 2995 1924 3050 vindicans.

351 3094 528 3161 Atque
550 3092 663 3145 hac
689 3090 904 3159 quidem
932 3088 1011 3144 sic
1043 3105 1102 3143 se
1135 3087 1428 3141 habebant.

454 3223 510 3279 9.
551 3223 682 3290 Quae
710 3221 853 3274 mala
888 3219 1174 3274 acciderint
1209 3217 1322 3270 arci
1351 3217 1506 3270 dicta
1534 3215 1816 3272 Cubuclea.

423 3361 551 3415 Post
581 3359 700 3412 haec
729 3366 910 3411 autem
965 3355 1279 3408 acciderunt
1323 3352 1460 3405 mala
1492 3353 1676 3421 gravia
1713 3354 1925 3407 cuidam

352 3452 465 3510 arci
498 3451 684 3520 Mysize
725 3449 778 3502 in
815 3447 1045 3516 Olympo
1083 3445 1222 3508 sitae,
1278 3445 1362 3498 cui
1407 3443 1679 3498 Cllllllt'lea
1728 3458 1923 3496 nomen

353 3555 453 3600 est.
490 3543 621 3599 Cum
658 3541 802 3598 enim
832 3539 951 3608 eius
1005 3538 1196 3591 incola:
1236 3536 1437 3590 acriter
1476 3545 1928 3604 oppugnarentur

354 3635 424 3694 ab
447 3632 690 3688 exercitu
723 3630 898 3684 Persa
931 3625 1133 3686 Ataris,
1165 3636 1218 3680 et
1249 3627 1300 3677 in
1331 3634 1634 3679 extremum
1676 3623 1787 3692 jam
1836 3640 1930 3688 pe-

354 3725 508 3780 riculi
541 3722 840 3784 venissent,
885 3733 1045 3773 unam
1107 3717 1210 3772 sibi
1253 3731 1539 3785 superesse
1567 3732 1718 3786 spem
1766 3718 1926 3770 auxi-

355 3818 410 3873 lii
443 3817 696 3870 viderunt
725 3829 755 3867 a
784 3813 1048 3880 Lopadio,
1102 3811 1190 3862 ubi
1240 3807 1526 3863 Macrenus
1573 3809 1679 3862 dux
1733 3809 1930 3862 Roma-

355 3926 462 3968 nus
489 3923 612 3963 cum
645 3905 834 3976 paucis
866 3903 946 3956 sui
985 3901 1201 3971 generis
1231 3903 1481 3971 degebat,
1510 3901 1712 3954 habens
1741 3916 1927 3954 senum

354 4011 413 4060 et
460 4002 728 4073 quosdam
772 3997 1149 4062 Amogabaros
1189 4010 1251 4050 ex
1292 3994 1374 4048 his
1409 4009 1544 4061 quos
1575 3994 1700 4046 olim
1750 3994 1932 4047 (ἔπεσι-

357 4094 684 4150 Rontzerius
710 4091 777 4147 ad
824 4090 876 4144 id
927 4096 1168 4144 castrum
1213 4085 1624 4140 custodiendum
1685 4085 1928 4140 miserat.

356 4190 592 4241 Orarunt
625 4197 757 4252 ergo
796 4181 1103 4235 Macrenum
1144 4178 1414 4246 legatione
1443 4177 1668 4246 supplici
1710 4192 1773 4229 ne
1801 4178 1928 4230 se'iu

355 4290 570 4331 summo
599 4271 916 4328 discrimine
943 4269 1268 4337 despiceret,
1303 4267 1400 4322 sed
1437 4282 1544 4336 quo
1573 4277 1756 4335 posset
1780 4267 1932 4318 auxi-

357 4369 433 4434 lio
461 4373 726 4420 servaret.
759 4360 1051 4415 Macrenus
1083 4359 1324 4412 delectos
1353 4356 1636 4424 sexaginta
1668 4372 1733 4410 ex
1763 4356 1931 4408 Amo-

2029 529 2207 596 μαίων
2255 530 2376 582 καθ’
2432 530 2552 583 ὁδὸν
2605 529 2802 591 ἄλλους
2844 525 3078 597 ἀλλαχοῦ
3137 525 3459 594 φεύγοντας.
3496 525 3594 578 καὶ

2021 619 2246 682 τούτους
2277 621 2862 690 ἐξανδραποδισάμενοι
2894 619 2994 672 σὺν
3038 619 3185 687 ἄγρᾳ
3235 618 3464 688 πλείστῃ
3496 616 3594 670 καὶ

2025 712 2272 780 μεγίστῳ
2304 713 2522 782 ἐρμαίῳ
2547 713 2642 766 τὸν
2682 711 3079 781 Ἑλλήσποντον
3111 708 3485 779 περαιοῦνται.

2025 829 2080 876 ι’.
2141 825 2283 891 Περὶ
2327 823 2436 878 τοῦ
2492 825 2825 948 γεγονότῗᾶ
2867 823 3225 892 ἐμπρησμοῦ
3277 825 3430 876 κατὰ
3484 823 3596 891 τὴν

2709 910 2751 945 π
2833 911 2910 947 ιν.

2709 910 2825 947 πολ
2833 911 2910 947 ιν.

2098 984 2389 1040 Ἐντεῦθεν
2412 989 2506 1040 καὶ
2537 987 2930 1057 ἀμφοτέρωθεν
2952 987 3282 1042 ἐστενῶσθαι
3308 987 3370 1041 τὸ
3394 987 3600 1050 Βυζάν-

2027 1095 2143 1129 τιον
2175 1078 2540 1139 ἐκινδύνευεν,
2574 1079 2634 1142 ἐξ
2673 1079 2942 1148 ἀνατολῆς
2976 1096 3036 1131 τε
3067 1080 3161 1131 καὶ
3194 1078 3422 1144 δύσεως,
3456 1078 3596 1130 ὥστε

2025 1169 2340 1236 ἀπόγνωσις
2391 1171 2487 1222 καὶ
2519 1172 2725 1238 ἀπορία
2760 1169 2987 1239 πλείστη
3028 1170 3324 1239 Ῥωμαίοις
3367 1169 3598 1221 συνέπε-

2025 1278 2138 1314 σεν.
2181 1261 2239 1313 '0
2282 1262 2337 1312 δέ
2373 1277 2435 1329 γε
2488 1263 2838 1330 πατριάρχης
2868 1261 3192 1324 Ἀθανάσιος
3226 1263 3360 1331 πρὸς
3386 1261 3597 1323 τούτοις

2024 1353 2121 1404 καὶ
2154 1353 2231 1423 τῷ
2276 1352 2390 1420 λαῷ
2439 1355 2767 1420 ὲπεγκαλεῖν
2815 1354 3138 1424 ἐγκλήματα
3183 1353 3446 1423 διηνεκῶς
3499 1355 3600 1406 οὐκ

2024 1445 2293 1508 ἀπώκνει,
2329 1446 2404 1507 ὡς
2441 1446 2604 1514 δῆθεν
2649 1451 2750 1508 τὰς
2792 1447 2972 1510 αἰτίας
3029 1447 3141 1499 τῶν
3193 1447 3601 1516 συμϐαινόντων

2026 1536 2279 1589 ἐντεῦθεν
2308 1537 2686 1606 ἐπερχομένας
2712 1539 2775 1589 ἐκ
2800 1538 2900 1606 τῆς
2920 1537 3014 1590 τοῦ
3041 1537 3171 1589 λαοῦ
3197 1537 3596 1606 πλημμελείας.

2026 1627 2118 1680 Διὸ
2148 1627 2244 1680 καὶ
2270 1629 2467 1696 συχναὶ
2487 1629 2754 1682 λιτανεῖαι
2787 1631 2920 1698 παρ’
2944 1630 3154 1682 ἐκείνου
3189 1630 3327 1698 μετὰ
3351 1630 3601 1698 μοναχῶν

2027 1721 2124 1771 καὶ
2150 1718 2430 1790 κληρικῶν
2465 1724 2559 1773 καὶ
2599 1721 2797 1782 παντὸς
2827 1721 3068 1790 πλήθους
3097 1721 3472 1781 ἐπετελοῦντο,
3507 1723 3602 1774 καὶ

2028 1813 2291 1881 συχνάκις
2321 1812 2621 1880 ἐπαιτιῷτο
2661 1816 2754 1865 ποῖ
2787 1815 2884 1882 μὲν
2921 1815 3197 1882 μοναχοῖς,
3233 1819 3324 1865 ποτ
3356 1813 3400 1864 δ’
3443 1814 3601 1882 ἱερω-

2029 1903 2236 1969 μένοις,
2279 1904 2374 1955 ποῖ
2406 1902 2462 1954 δέ
2498 1903 2730 1964 λαῖκοῖς,
2765 1903 2861 1954 καὶ
2892 1903 3171 1971 πρόστιμα
3215 1902 3474 1962 πολλάκις
3507 1904 3602 1954 καὶ

2026 1993 2228 2059 φόϐους
2252 1995 2347 2046 καὶ
2387 1994 2592 2063 ζημίας
2627 1994 2901 2062 ἐπιτιθείη
2950 1996 3064 2056 τοῖς
3109 1994 3478 2062 ταλαιπώροις
3507 1995 3604 2045 καὶ

2024 2084 2202 2147 ἄλλως
2227 2085 2412 2148 κακῶς
2443 2087 2650 2155 ἔχουσι.
2682 2086 2792 2139 Καὶ
2828 2087 2921 2138 ἐπὶ
2952 2086 3218 2155 τούτοιςῆ
3258 2104 3315 2138 τε
3341 2085 3604 2153 φιλενδει-

2027 2175 2116 2239 ξία
2145 2177 2242 2228 καὶ
2262 2177 2322 2228 τὸ
2353 2177 2560 2230 οἴεσθαι
2591 2177 2692 2246 τὴν
2727 2177 2940 2246 φθορὰν
2980 2178 3252 2246 ξυμϐῆναι
3280 2178 3345 2229 ἐκ
3374 2177 3473 2245 τῆς
3495 2176 3606 2228 τῶν

2030 2267 2322 2336 προτέρων
2375 2268 2673 2336 ποιμένων,
2731 2269 2827 2320 καὶ
2869 2268 3071 2337 μᾶλλον
3124 2267 3218 2320 τοῦ
3273 2268 3388 2336 μετ’
3445 2267 3606 2319 αὐτὸν

2026 2357 2302 2421 Ἰωάννου,
2326 2359 2727 2430 ἀτημελησίας,
2753 2361 2815 2412 τὺ
2843 2360 3113 2432 προσηνὲς
3155 2359 3250 2413 καὶ
3275 2359 3606 2426 ἀγαθοθελές

2027 2451 2170 2504 οὕτω
2199 2452 2516 2516 καλοῦντος,
2547 2453 2644 2522 τὴν
2675 2453 2722 2505 δ’
2756 2455 2815 2515 ἐς
2854 2453 2916 2506 τὸ
2959 2455 3211 2519 κρεῖττον
3256 2451 3514 2504 ἐπάνοδον
3543 2454 3608 2503 ἐκ

2027 2544 2126 2612 τῆς
2149 2543 2317 2596 αὐτοῦ
2365 2545 2932 2616 σπουδαιοτριδὴσεως
2973 2543 3404 2615 προσδοκᾶσθαι.
3442 2545 3508 2596 Ὃ
3541 2544 3608 2614 δὴ

2029 2727 2251 2779 donant.
2280 2724 2384 2793 Ipsi
2423 2725 2720 2777 deducentc
2759 2723 3010 2792 pratsidio
3041 2709 3328 2776 Persarum
3380 2721 3484 2775 iter
3510 2722 3594 2775 in-

2029 2816 2200 2883 gressi
2249 2831 2440 2870 versus
2493 2814 2875 2883 Lampsacum,
2933 2815 3198 2883 plurimos
3233 2813 3605 2867 Romanorum

2031 2909 2139 2963 huc
2173 2908 2408 2972 illucque
2436 2907 2706 2973 fugientes
2734 2907 2900 2960 variis
2921 2907 3093 2960 obiter
3117 2907 3246 2961 locis
3273 2915 3464 2976 captos
3490 2919 3608 2959 ser-

2031 3002 2200 3054 vitum
2231 3003 2540 3064 abducunt;
2569 3014 2632 3052 ac
2658 3014 2780 3053 cum
2812 2999 2912 3050 alia
2948 2998 3148 3052 diversi
3181 2999 3394 3067 generis
3421 2999 3603 3066 praeda

1955 3096 2000 3154 (Ξ
2040 3096 2326 3154 immensa,
2361 3091 2565 3162 ingrnli
2597 3091 2750 3160 potiti
2780 3090 3003 3146 sceleris
3027 3091 3268 3160 prtemio,
3290 3089 3612 3160 Hellespon-

2037 3195 2147 3239 tum
2182 3185 2561 3239 transfretant.

2245 3320 2332 3375 10.
2378 3320 2452 3373 De
2479 3319 2718 3373 incendio
2739 3318 2878 3388 quod
2915 3317 2968 3370 in
3003 3316 3127 3370 urbe
3156 3317 3398 3384 contigit.

2104 3455 2208 3509 Per
2244 3457 2384 3508 hunc
2425 3457 2643 3509 modum
2700 3451 3195 3520 Constantinopolis
3247 3450 3315 3502 ab
3362 3460 3596 3517 utraque

2035 3554 2206 3613 parte,
2237 3545 2546 3598 continente
2577 3541 2835 3597 Orientali
2865 3550 2917 3595 et
2947 3540 3210 3602 Occidua,
3243 3539 3370 3593 dntn
3405 3539 3608 3606 premi-

2038 3651 2144 3696 tur.
2196 3637 2476 3706 angustias
2521 3650 2724 3689 sensun
2756 3635 2821 3686 ad
2873 3645 3150 3687 extremas
3199 3630 3612 3699 periclitabatur

2039 3729 2225 3797 redigi,
2256 3742 2320 3780 eo
2366 3727 2746 3794 plerorumque
2776 3738 3010 3778 mmrore
3048 3723 3414 3775 Romanorum
3455 3729 3512 3772 ut
3555 3721 3610 3770 in

2037 3837 2246 3874 summa
2276 3820 2458 3885 inopia
2495 3818 2706 3873 consilii
2737 3831 2927 3886 parum
2957 3829 2986 3868 a
3020 3813 3400 3875 desperatione
3425 3810 3614 3862 ultima

2037 3912 2310 3965 abessent.
2353 3910 2422 3963 Et
2459 3918 2577 3963 erat
2623 3909 2730 3962 isto
2774 3907 2926 3960 velut
2952 3907 3182 3974 quodam
3222 3904 3414 3972 unguis
3450 3905 3504 3957 in
3534 3903 3617 3953 ul-

2037 4017 2162 4055 cere
2198 4003 2347 4056 zelus
2382 4001 2612 4054 acerbus
2641 3998 2926 4053 Athanasii
2977 3996 3300 4067 patriarcha:
3331 4033 3344 4057 ,
3373 3993 3462 4060 qui
3503 3993 3618 4046 nul-

2038 4092 2144 4145 lum
2181 4093 2416 4146 l'aciebat
2461 4091 2619 4144 ﬁnem
2651 4089 2930 4144 incusandi
2982 4087 3262 4157 populum,
3295 4100 3512 4148 causas,
3560 4095 3623 4136 ut

2041 4183 2244 4244 aiebat,
2281 4183 2393 4236 suis
2423 4181 2722 4236 sceleribus
2753 4180 2862 4233 Deo
2890 4179 3132 4247 prazbere
3171 4192 3277 4231 non
3310 4183 3616 4229 cessantem

2039 4270 2506 4324 immittendarum
2538 4272 2770 4325 cladium
2805 4281 3097 4323 tantarum.
3131 4269 3188 4322 In
3221 4282 3411 4322 earum
3447 4280 3612 4334 porro

2040 4364 2251 4432 piacula
2289 4365 2571 4432 culparum
2619 4364 2824 4417 crebra:
2873 4361 3074 4415 litanias
3103 4359 3522 4414 celebrabantur
3554 4357 3622 4410 ab

358 4455 594 4524 gabaris,
632 4453 770 4506 ﬁdos
801 4463 895 4503 eos
923 4456 977 4501 et
1011 4446 1300 4502 benevolos
1345 4444 1630 4510 l'toutanis,
1657 4444 1843 4512 quales
1877 4459 1929 4498 se

2039 4455 2252 4518 eodem,
2307 4456 2666 4522 praesentibus
2698 4470 2806 4508 una
2837 4453 3120 4507 monachis
3147 4461 3202 4504 et
3231 4450 3463 4514 clericis,
3494 4465 3617 4504 cum

357 4546 626 4610 ferebant,
689 4543 943 4607 credens,
1000 4540 1081 4593 ire
1143 4538 1423 4606 suppetias
1472 4535 1934 4590 Cubucleensibus

352 4636 540 4704 jussit.
567 4634 629 4689 Hi
666 4633 897 4703 primum
928 4629 1161 4701 profecti
1195 4629 1260 4682 ad
1307 4627 1503 4682 Persas
1543 4629 1683 4680 clam
1717 4642 1837 4680 cum
1867 4627 1934 4680 il-

359 4731 428 4792 lis
473 4735 866 4787 convencrunt,
921 4725 1024 4778 lide
1055 4725 1177 4777 data
1215 4730 1267 4774 et
1295 4730 1538 4790 accepta,
1568 4735 1627 4774 se
1657 4721 1936 4789 ingressos

360 4825 416 4879 in
442 4837 622 4877 arcem
663 4821 946 4876 obsessam
987 4832 1084 4887 pro
1119 4815 1259 4870 virili
1312 4816 1601 4868 anuisuros
1650 4822 1709 4866 ut
1755 4813 1938 4868 Persis

361 4915 694 4980 traderetur,
722 4911 964 4965 vicissim
997 4917 1180 4963 autem
1226 4906 1360 4961 velle
1394 4905 1613 4975 perduci
1647 4903 1936 4958 Persarum

358 5023 523 5077 opera
555 5021 616 5060 se
645 5004 824 5058 salvos
855 5002 1237 5071 Lampsacum,
1267 4999 1408 5074 unde
1437 4999 1690 5066 trajicere
1721 4997 1787 5048 ad
1813 5011 1940 5050 suos

360 5105 604 5165 possent.
633 5096 718 5150 Ab
748 5094 854 5155 hoc
886 5107 1090 5150 arcano
1119 5089 1390 5158 colloquio
1436 5089 1575 5145 intra
1608 5087 1939 5142 munitiones

361 5187 818 5249 Cubucleensium
852 5194 908 5241 ut
938 5184 1069 5239 socii
1103 5181 1358 5249 admissi,
1387 5181 1519 5235 nihil
1550 5181 1802 5235 immanis
1835 5182 1939 5232 ho-

361 5281 606 5337 stilitatis
639 5280 942 5336 omiserunt
977 5292 1086 5346 quo
1120 5290 1224 5330 non
1259 5274 1310 5330 in
1339 5275 1573 5332 miseros
1600 5272 1759 5340 longe
1789 5271 1935 5325 aliud

361 5379 748 5440 exspectantes
809 5370 1090 5438 indigenas
1144 5367 1226 5421 vel
1284 5366 1576 5436 inquilinos
1633 5365 1733 5420 loci
1791 5365 1944 5416 vario

364 5474 628 5534 praetextu
678 5461 839 5531 581
895 5469 1296 5530 grassarentur.
1339 5457 1420 5515 Ad
1449 5467 1751 5511 extremum
1781 5463 1942 5521 capto

365 5564 627 5624 tempore,
678 5562 948 5623 quotquot
1001 5551 1111 5605 illic
1180 5557 1531 5618 supererant,
1589 5545 1941 5614 praesidiariis

363 5647 558 5703 occisis
595 5645 740 5699 cives
767 5645 978 5712 eiectos
1015 5642 1249 5712 produnt
1280 5639 1482 5701 Persis,
1531 5639 1600 5693 ab
1645 5639 1710 5691 iis
1740 5637 1936 5691 crude-

373 5738 857 5825 litchnactandos,
901 5750 1190 5803 arcemque
1222 5733 1409 5790 iisdem
1439 5732 1588 5800 juxta
1616 5740 1769 5810 pacta
1800 5745 1932 5802 (Ὀῃο

2040 4545 2338 4614 frequentis
2387 4554 2657 4601 conventu
2708 4545 2914 4615 populi.
2970 4543 3078 4598 Nec
3135 4558 3325 4610 preces
3383 4543 3621 4596 indicere

2047 4645 2338 4690 contentus
2369 4635 2840 4705 objurgationibus
2873 4638 3074 4688 amaris
3110 4633 3494 4703 suppliciisque
3522 4648 3623 4686 sae-

2044 4726 2248 4788 viebat,
2272 4741 2417 4780 nunc
2445 4725 2745 4780 monachos
2762 4723 3082 4787 criminans,
3109 4738 3255 4776 nunc
3285 4722 3620 4783 sacerdotes,

2047 4830 2190 4868 nunc
2223 4816 2408 4879 laicos,
2441 4831 2586 4884 saepe
2621 4824 2862 4870 terrores
2896 4814 2985 4878 iis,
3025 4812 3222 4866 multas
3252 4821 3308 4864 et
3353 4811 3405 4864 id
3447 4823 3617 4878 genus

2045 4916 2208 4958 sensu
2237 4906 2382 4959 acria
2418 4906 2470 4958 in
2504 4920 2720 4975 pinnam
2754 4912 2838 4959 sat
2866 4902 3080 4956 aliunde
3113 4901 3417 4955 infelicibus
3455 4901 3625 4969 impo-

2051 5011 2204 5050 nens.
2237 4995 2294 5049 lu
2330 4996 2412 5050 his
2452 4995 2544 5051 ille
2575 4995 2850 5051 ferebatur
2872 4996 2987 5049 sive
3031 4991 3338 5046 ostentandi
3373 4989 3455 5044 sui
3495 5005 3622 5057 pru-

2049 5088 2240 5157 rigine,
2277 5088 2390 5144 sive
2436 5089 2689 5157 Opinione
2720 5102 2822 5155 qua
2867 5086 2968 5140 sibi
3016 5093 3358 5154 persuaserat
3405 5096 3622 5151 pessum

2047 5179 2127 5230 ire
2157 5179 2336 5232 omnia
2380 5187 2601 5248 propter
2633 5179 2872 5246 priorum
2909 5178 3362 5244 patriarcharum,
3391 5173 3626 5227 maxime

2044 5282 2224 5324 autem
2259 5269 2484 5324 Joannis
2513 5270 2722 5325 Cosmaz
2761 5271 2851 5340 qui
2887 5270 2991 5324 sibi
3032 5269 3425 5330 successisset,
3453 5265 3623 5332 negli-

2047 5362 2284 5433 gentiam
2338 5361 2463 5432 (hoc
2503 5362 2648 5415 enim
2697 5361 3019 5416 traducebat
3050 5359 3273 5414 nomine
3312 5359 3376 5412 ad
3414 5355 3625 5425 gratiﬁ-

2046 5455 2279 5509 candum
2318 5468 2541 5522 pronam
2579 5463 2634 5507 et
2667 5453 2982 5508 benevolam
3016 5451 3116 5505 viri
3157 5451 3276 5517 ejus
3319 5448 3576 5511 indolem)
3603 5483 3620 5509 ,

2044 5544 2442 5601 restitutionem
2472 5555 2650 5598 autem
2680 5556 2998 5598 cunctorum
3029 5543 3082 5596 in
3115 5543 3304 5595 melius
3332 5555 3360 5592 a
3383 5553 3478 5592 sua
3517 5537 3619 5590 ista

2041 5637 2265 5692 instanti
2315 5637 2534 5705 acrique
2583 5635 2748 5706 582
2788 5635 3064 5701 diligentia
3111 5629 3434 5700 exspectari.
3483 5627 3615 5694 Quae

2040 5728 2253 5804 quidem
2289 5728 2626 5797 exspectatio
2655 5727 2706 5779 in
2730 5725 3061 5780 contrarium
3090 5722 3266 5792 potius
3286 5719 3466 5783 vertit,
3492 5732 3619 5771 cum
