  <div class='ocr_page' id='page_1' title='image "/cluster/home/n/w/nwhite01/storage/ocr_20150623/144:no.2/coo.31924054870492/327.png"; bbox 0 0 4046 6438; ppageno 0'>
   <div class='ocr_carea' id='block_1_1' title="bbox 444 289 553 352">
    <p class='ocr_par' dir='ltr' id='par_1_1' title="bbox 444 289 553 352">
     <span class='ocr_line' id='line_1_1' title="bbox 444 289 553 352; baseline 0.018 -4"><span class='ocrx_word' id='word_1_1' title='bbox 444 289 553 352; x_wconf 66' lang='grc'><strong>639</strong></span> 
     </span>
    </p>
   </div>
   <div class='ocr_carea' id='block_1_2' title="bbox 1636 304 2473 389">
    <p class='ocr_par' dir='ltr' id='par_1_2' title="bbox 1636 304 2473 389">
     <span class='ocr_line' id='line_1_2' title="bbox 1636 304 2473 389; baseline 0.005 -26"><span class='ocrx_word' id='word_1_2' title='bbox 1636 305 1685 363; x_wconf 84' lang='lat' dir='ltr'>G</span> <span class='ocrx_word' id='word_1_3' title='bbox 1701 304 1962 389; x_wconf 80' lang='lat' dir='ltr'><strong>EORGll</strong></span> <span class='ocrx_word' id='word_1_4' title='bbox 1996 308 2473 370; x_wconf 66' lang='lat' dir='ltr'><strong>PACHYMERE</strong></span> 
     </span>
    </p>
   </div>
   <div class='ocr_carea' id='block_1_3' title="bbox 3600 317 3709 382">
    <p class='ocr_par' dir='ltr' id='par_1_3' title="bbox 3600 317 3709 382">
     <span class='ocr_line' id='line_1_3' title="bbox 3600 317 3709 382; baseline 0.037 -5"><span class='ocrx_word' id='word_1_5' title='bbox 3600 317 3709 382; x_wconf 53' lang='lat' dir='ltr'><strong>(iqu</strong></span> 
     </span>
    </p>
   </div>
   <div class='ocr_carea' id='block_1_4' title="bbox 449 406 3704 498">
    <p class='ocr_par' dir='ltr' id='par_1_4' title="bbox 449 406 3704 498">
     <span class='ocr_line' id='line_1_4' title="bbox 449 406 3704 498; baseline 0.007 -36"><span class='ocrx_word' id='word_1_6' title='bbox 449 407 545 461; x_wconf 78' lang='grc' dir='ltr'><strong>καὶ</strong></span> <span class='ocrx_word' id='word_1_7' title='bbox 586 406 791 476; x_wconf 68' lang='grc' dir='ltr'>μᾶλλον</span> <span class='ocrx_word' id='word_1_8' title='bbox 819 409 899 473; x_wconf 80' lang='grc' dir='ltr'><strong>εἰς</strong></span> <span class='ocrx_word' id='word_1_9' title='bbox 929 411 1242 467; x_wconf 75' lang='grc' dir='ltr'>τούναντίον</span> <span class='ocrx_word' id='word_1_10' title='bbox 1278 416 1630 481; x_wconf 80' lang='grc' dir='ltr'>συνέπιπτεν.</span> <span class='ocrx_word' id='word_1_11' title='bbox 1675 422 1748 485; x_wconf 83' lang='grc' dir='ltr'>ὡς</span> <span class='ocrx_word' id='word_1_12' title='bbox 1791 424 1884 476; x_wconf 75' lang='grc' dir='ltr'><strong>ἐπὶ</strong></span> <span class='ocrx_word' id='word_1_13' title='bbox 1914 427 2029 488; x_wconf 82' lang='grc' dir='ltr'>τοῖς</span> <span class='ocrx_word' id='word_1_14' title='bbox 2059 436 2102 491; x_wconf 75' lang='grc' dir='ltr'><strong>Α</strong></span> <span class='ocrx_word' id='word_1_15' title='bbox 2135 427 2323 481; x_wconf 74' lang='grc' dir='ltr'>πολλοὶ</span> <span class='ocrx_word' id='word_1_16' title='bbox 2358 428 2458 491; x_wconf 71' lang='grc' dir='ltr'>τῆς</span> <span class='ocrx_word' id='word_1_17' title='bbox 2494 426 2683 487; x_wconf 84' lang='grc' dir='ltr'>νυκτὸς</span> <span class='ocrx_word' id='word_1_18' title='bbox 2713 425 3118 497; x_wconf 77' lang='grc' dir='ltr'><strong>ξυνδραμόντες</strong></span> <span class='ocrx_word' id='word_1_19' title='bbox 3141 426 3359 497; x_wconf 69' lang='grc' dir='ltr'>ἐκείνης</span> <span class='ocrx_word' id='word_1_20' title='bbox 3391 429 3492 494; x_wconf 81' lang='grc' dir='ltr'>τὰς</span> <span class='ocrx_word' id='word_1_21' title='bbox 3523 435 3704 498; x_wconf 79' lang='grc' dir='ltr'>ουσξας</span> 
     </span>
    </p>
   </div>
   <div class='ocr_carea' id='block_1_5' title="bbox 446 501 2030 581">
    <p class='ocr_par' dir='ltr' id='par_1_5' title="bbox 446 501 2030 581">
     <span class='ocr_line' id='line_1_5' title="bbox 446 501 2030 581; baseline 0.01 -27"><span class='ocrx_word' id='word_1_22' title='bbox 446 502 591 563; x_wconf 72' lang='grc' dir='ltr'>ὅλοις</span> <span class='ocrx_word' id='word_1_23' title='bbox 624 501 717 553; x_wconf 74' lang='grc' dir='ltr'><strong>ἐπὶ</strong></span> <span class='ocrx_word' id='word_1_24' title='bbox 768 501 960 557; x_wconf 80' lang='grc' dir='ltr'>τούτου</span> <span class='ocrx_word' id='word_1_25' title='bbox 1009 504 1079 561; x_wconf 76' lang='grc' dir='ltr'>τὰ</span> <span class='ocrx_word' id='word_1_26' title='bbox 1120 504 1415 576; x_wconf 64' lang='grc' dir='ltr'>Ῥωμαίων</span> <span class='ocrx_word' id='word_1_27' title='bbox 1460 512 1758 581; x_wconf 75' lang='grc' dir='ltr'>ἐφθάρθαι.</span> <span class='ocrx_word' id='word_1_28' title='bbox 1784 516 1912 568; x_wconf 82' lang='grc' dir='ltr'>ὅσον</span> <span class='ocrx_word' id='word_1_29' title='bbox 1950 520 2030 579; x_wconf 80' lang='grc' dir='ltr'>εἰς</span> 
     </span>
    </p>
   </div>
   <div class='ocr_carea' id='block_1_6' title="bbox 448 595 2031 681">
    <p class='ocr_par' dir='ltr' id='par_1_6' title="bbox 448 595 2031 681">
     <span class='ocr_line' id='line_1_6' title="bbox 448 595 2031 681; baseline 0.011 -35"><span class='ocrx_word' id='word_1_30' title='bbox 448 595 725 664; x_wconf 75' lang='grc' dir='ltr'>διέγερσιν</span> <span class='ocrx_word' id='word_1_31' title='bbox 751 596 828 667; x_wconf 79' lang='grc' dir='ltr'>τῷ</span> <span class='ocrx_word' id='word_1_32' title='bbox 875 596 1051 660; x_wconf 73' lang='grc' dir='ltr'>οὕτως</span> <span class='ocrx_word' id='word_1_33' title='bbox 1097 600 1510 672; x_wconf 55' lang='grc' dir='ltr'>αὐτονομοῶτι.</span> <span class='ocrx_word' id='word_1_34' title='bbox 1546 604 1712 659; x_wconf 81' lang='grc' dir='ltr'>Ὥστε</span> <span class='ocrx_word' id='word_1_35' title='bbox 1744 608 1841 662; x_wconf 74' lang='grc' dir='ltr'><strong>καὶ</strong></span> <span class='ocrx_word' id='word_1_36' title='bbox 1879 611 1937 662; x_wconf 79' lang='grc' dir='ltr'><strong>ἐν</strong></span> <span class='ocrx_word' id='word_1_37' title='bbox 1969 608 2031 681; x_wconf 83' lang='grc' dir='ltr'>[Ρ</span> 
     </span>
    </p>
   </div>
   <div class='ocr_carea' id='block_1_7' title="bbox 448 686 2030 770">
    <p class='ocr_par' dir='ltr' id='par_1_7' title="bbox 448 686 2030 770">
     <span class='ocr_line' id='line_1_7' title="bbox 448 686 2030 770; baseline 0.009 -30"><span class='ocrx_word' id='word_1_38' title='bbox 448 686 576 759; x_wconf 64' lang='grc'><strong>407]</strong></span> <span class='ocrx_word' id='word_1_39' title='bbox 611 689 710 759; x_wconf 80' lang='grc' dir='ltr'>μιᾷ</span> <span class='ocrx_word' id='word_1_40' title='bbox 759 688 1083 754; x_wconf 77' lang='grc' dir='ltr'>λιτανεύσας</span> <span class='ocrx_word' id='word_1_41' title='bbox 1127 694 1249 746; x_wconf 82' lang='grc' dir='ltr'>κατ’</span> <span class='ocrx_word' id='word_1_42' title='bbox 1285 695 1457 766; x_wconf 76' lang='grc' dir='ltr'>αὐτὴν</span> <span class='ocrx_word' id='word_1_43' title='bbox 1502 697 1719 767; x_wconf 74' lang='grc' dir='ltr'>ἡμέραν</span> <span class='ocrx_word' id='word_1_44' title='bbox 1770 700 2030 770; x_wconf 77' lang='grc' dir='ltr'>ἑσπέρας,</span> 
     </span>
    </p>
   </div>
   <div class='ocr_carea' id='block_1_8' title="bbox 444 780 2034 861">
    <p class='ocr_par' dir='ltr' id='par_1_8' title="bbox 444 780 2034 861">
     <span class='ocr_line' id='line_1_8' title="bbox 444 780 2034 861; baseline 0.009 -29"><span class='ocrx_word' id='word_1_45' title='bbox 444 781 558 832; x_wconf 72' lang='grc' dir='ltr'><strong>ἀπὸ</strong></span> <span class='ocrx_word' id='word_1_46' title='bbox 587 780 688 847; x_wconf 72' lang='grc' dir='ltr'>τῆς</span> <span class='ocrx_word' id='word_1_47' title='bbox 720 782 831 834; x_wconf 83' lang='grc' dir='ltr'>τῶν</span> <span class='ocrx_word' id='word_1_48' title='bbox 864 784 1118 850; x_wconf 74' lang='grc' dir='ltr'><strong>κυνηγῶν</strong></span> <span class='ocrx_word' id='word_1_49' title='bbox 1151 783 1456 856; x_wconf 80' lang='grc' dir='ltr'><strong>λεγομένης</strong></span> <span class='ocrx_word' id='word_1_50' title='bbox 1506 788 1684 859; x_wconf 74' lang='grc' dir='ltr'>πύλης</span> <span class='ocrx_word' id='word_1_51' title='bbox 1734 792 1898 861; x_wconf 80' lang='grc' dir='ltr'>μέχρι</span> <span class='ocrx_word' id='word_1_52' title='bbox 1938 794 2034 847; x_wconf 74' lang='grc' dir='ltr'><strong>καὶ</strong></span> 
     </span>
    </p>
   </div>
   <div class='ocr_carea' id='block_1_9' title="bbox 452 870 2035 954">
    <p class='ocr_par' dir='ltr' id='par_1_9' title="bbox 452 870 2035 954">
     <span class='ocr_line' id='line_1_9' title="bbox 452 870 2035 954; baseline -0.011 -4"><span class='ocrx_word' id='word_1_53' title='bbox 452 872 691 945; x_wconf 61' lang='grc' dir='ltr'><strong>τῆς.τ⁰δ</strong></span> <span class='ocrx_word' id='word_1_54' title='bbox 734 870 1052 944; x_wconf 65' lang='grc' dir='ltr'><strong>Προδρόμου</strong></span> <span class='ocrx_word' id='word_1_55' title='bbox 1110 876 1299 946; x_wconf 77' lang='grc' dir='ltr'>μονῆς,</span> <span class='ocrx_word' id='word_1_56' title='bbox 1360 881 1542 932; x_wconf 68' lang='grc' dir='ltr'>πᾶσαν</span> <span class='ocrx_word' id='word_1_57' title='bbox 1593 886 1691 948; x_wconf 79' lang='grc' dir='ltr'>τὴν</span> <span class='ocrx_word' id='word_1_58' title='bbox 1755 882 2035 954; x_wconf 80' lang='grc' dir='ltr'>ὑπώρειαν</span> 
     </span>
    </p>
   </div>
   <div class='ocr_carea' id='block_1_10' title="bbox 449 964 2032 1040">
    <p class='ocr_par' dir='ltr' id='par_1_10' title="bbox 449 964 2032 1040">
     <span class='ocr_line' id='line_1_10' title="bbox 449 964 2032 1040; baseline 0.008 -25"><span class='ocrx_word' id='word_1_59' title='bbox 449 965 668 1035; x_wconf 75' lang='grc' dir='ltr'>ἐκείνην</span> <span class='ocrx_word' id='word_1_60' title='bbox 712 964 775 1018; x_wconf 85' lang='grc' dir='ltr'>τδ</span> <span class='ocrx_word' id='word_1_61' title='bbox 831 966 943 1038; x_wconf 83' lang='grc' dir='ltr'><strong>πῦρ</strong></span> <span class='ocrx_word' id='word_1_62' title='bbox 993 968 1256 1023; x_wconf 77' lang='grc' dir='ltr'>ὲπιλοῦὸν</span> <span class='ocrx_word' id='word_1_63' title='bbox 1320 972 1676 1040; x_wconf 64' lang='grc' dir='ltr'><strong>ἐπημάουνε,</strong></span> <span class='ocrx_word' id='word_1_64' title='bbox 1729 975 1958 1028; x_wconf 76' lang='grc' dir='ltr'>πλοῦτον</span> <span class='ocrx_word' id='word_1_65' title='bbox 1988 975 2032 1028; x_wconf 79' lang='grc' dir='ltr'><strong>δ’</strong></span> 
     </span>
    </p>
   </div>
   <div class='ocr_carea' id='block_1_11' title="bbox 451 1056 2035 1135">
    <p class='ocr_par' dir='ltr' id='par_1_11' title="bbox 451 1056 2035 1135">
     <span class='ocr_line' id='line_1_11' title="bbox 451 1056 2035 1135; baseline 0.008 -29"><span class='ocrx_word' id='word_1_66' title='bbox 451 1056 662 1108; x_wconf 81' lang='grc' dir='ltr'>ἐκεῖνον</span> <span class='ocrx_word' id='word_1_67' title='bbox 700 1057 825 1109; x_wconf 81' lang='grc' dir='ltr'>ὅσον</span> <span class='ocrx_word' id='word_1_68' title='bbox 873 1060 1179 1128; x_wconf 65' lang='grc' dir='ltr'>ὲμπορικῖν</span> <span class='ocrx_word' id='word_1_69' title='bbox 1211 1064 1305 1113; x_wconf 71' lang='grc' dir='ltr'><strong>καὶ</strong></span> <span class='ocrx_word' id='word_1_70' title='bbox 1357 1064 1542 1119; x_wconf 81' lang='grc' dir='ltr'>πᾶσαν</span> <span class='ocrx_word' id='word_1_71' title='bbox 1596 1064 1763 1135; x_wconf 79' lang='grc' dir='ltr'>ἄλλην</span> <span class='ocrx_word' id='word_1_72' title='bbox 1809 1066 2035 1118; x_wconf 75' lang='grc' dir='ltr'>πολυτέ-</span> 
     </span>
    </p>
   </div>
   <div class='ocr_carea' id='block_1_12' title="bbox 451 1147 2035 1225">
    <p class='ocr_par' dir='ltr' id='par_1_12' title="bbox 451 1147 2035 1225">
     <span class='ocr_line' id='line_1_12' title="bbox 451 1147 2035 1225; baseline 0.008 -29"><span class='ocrx_word' id='word_1_73' title='bbox 451 1147 603 1199; x_wconf 84' lang='grc' dir='ltr'>λειαν</span> <span class='ocrx_word' id='word_1_74' title='bbox 626 1149 865 1214; x_wconf 82' lang='grc' dir='ltr'><strong>εὐγενῶν</strong></span> <span class='ocrx_word' id='word_1_75' title='bbox 891 1152 973 1214; x_wconf 81' lang='grc' dir='ltr'><strong>εἰς</strong></span> <span class='ocrx_word' id='word_1_76' title='bbox 1000 1151 1060 1203; x_wconf 72' lang='grc' dir='ltr'>τὸ</span> <span class='ocrx_word' id='word_1_77' title='bbox 1097 1152 1266 1220; x_wconf 75' lang='grc' dir='ltr'>μηδὲν</span> <span class='ocrx_word' id='word_1_78' title='bbox 1297 1154 1667 1222; x_wconf 82' lang='grc' dir='ltr'>ἀπηκόντισεν</span> <span class='ocrx_word' id='word_1_79' title='bbox 1689 1196 1702 1209; x_wconf 94' lang='grc'><strong>.</strong></span> <span class='ocrx_word' id='word_1_80' title='bbox 1758 1155 1815 1209; x_wconf 88' lang='lat'><strong>&#39;0</strong></span> <span class='ocrx_word' id='word_1_81' title='bbox 1844 1156 1907 1225; x_wconf 74' lang='grc' dir='ltr'><strong>δὴ</strong></span> <span class='ocrx_word' id='word_1_82' title='bbox 1942 1156 2035 1208; x_wconf 76' lang='grc' dir='ltr'><strong>καὶ</strong></span> 
     </span>
    </p>
   </div>
   <div class='ocr_carea' id='block_1_13' title="bbox 456 1239 2034 1318">
    <p class='ocr_par' dir='ltr' id='par_1_13' title="bbox 456 1239 2034 1318">
     <span class='ocr_line' id='line_1_13' title="bbox 456 1239 2034 1318; baseline 0.008 -30"><span class='ocrx_word' id='word_1_83' title='bbox 456 1239 723 1309; x_wconf 68' lang='grc' dir='ltr'>πρίτερον</span> <span class='ocrx_word' id='word_1_84' title='bbox 756 1242 848 1294; x_wconf 73' lang='grc' dir='ltr'><strong>ἐπὶ</strong></span> <span class='ocrx_word' id='word_1_85' title='bbox 870 1241 970 1309; x_wconf 79' lang='grc' dir='ltr'>τῆς</span> <span class='ocrx_word' id='word_1_86' title='bbox 992 1243 1159 1297; x_wconf 86' lang='grc' dir='ltr'>αὑτοῦ</span> <span class='ocrx_word' id='word_1_87' title='bbox 1184 1249 1559 1317; x_wconf 85' lang='grc' dir='ltr'>πατριαρχίας</span> <span class='ocrx_word' id='word_1_88' title='bbox 1580 1247 1816 1313; x_wconf 77' lang='grc' dir='ltr'>ἐγένετο.</span> <span class='ocrx_word' id='word_1_89' title='bbox 1848 1246 2034 1318; x_wconf 79' lang='grc' dir='ltr'>Ταύτῃ</span> 
     </span>
    </p>
   </div>
   <div class='ocr_carea' id='block_1_14' title="bbox 452 1330 2037 1406">
    <p class='ocr_par' dir='ltr' id='par_1_14' title="bbox 452 1330 2037 1406">
     <span class='ocr_line' id='line_1_14' title="bbox 452 1330 2037 1406; baseline 0.006 -27"><span class='ocrx_word' id='word_1_90' title='bbox 452 1346 534 1381; x_wconf 85' lang='grc' dir='ltr'><strong>τοι</strong></span> <span class='ocrx_word' id='word_1_91' title='bbox 568 1330 665 1382; x_wconf 83' lang='grc' dir='ltr'>καὶ</span> <span class='ocrx_word' id='word_1_92' title='bbox 695 1330 1118 1402; x_wconf 80' lang='grc' dir='ltr'>διελοιδοροῦντό</span> <span class='ocrx_word' id='word_1_93' title='bbox 1149 1352 1294 1396; x_wconf 88' lang='grc' dir='ltr'>τινες</span> <span class='ocrx_word' id='word_1_94' title='bbox 1332 1336 1407 1398; x_wconf 81' lang='grc' dir='ltr'>ὡς</span> <span class='ocrx_word' id='word_1_95' title='bbox 1450 1336 1542 1390; x_wconf 69' lang='grc' dir='ltr'>διὰ</span> <span class='ocrx_word' id='word_1_96' title='bbox 1585 1337 1684 1406; x_wconf 83' lang='grc' dir='ltr'>τὴν</span> <span class='ocrx_word' id='word_1_97' title='bbox 1715 1332 1926 1391; x_wconf 73' lang='grc' dir='ltr'>ἐκείνου</span> <span class='ocrx_word' id='word_1_98' title='bbox 1958 1338 2037 1389; x_wconf 78' lang='grc' dir='ltr'>λι-</span> 
     </span>
    </p>
   </div>
   <div class='ocr_carea' id='block_1_15' title="bbox 453 1422 2035 1499">
    <p class='ocr_par' dir='ltr' id='par_1_15' title="bbox 453 1422 2035 1499">
     <span class='ocr_line' id='line_1_15' title="bbox 453 1422 2035 1499; baseline 0.008 -27"><span class='ocrx_word' id='word_1_99' title='bbox 453 1422 678 1476; x_wconf 86' lang='grc' dir='ltr'>τανείαν</span> <span class='ocrx_word' id='word_1_100' title='bbox 704 1425 1033 1493; x_wconf 81' lang='grc' dir='ltr'>γεγενῆσθαι</span> <span class='ocrx_word' id='word_1_101' title='bbox 1061 1427 1159 1496; x_wconf 82' lang='grc' dir='ltr'>τὴν</span> <span class='ocrx_word' id='word_1_102' title='bbox 1182 1428 1452 1499; x_wconf 82' lang='grc' dir='ltr'><strong>τοσαύτην</strong></span> <span class='ocrx_word' id='word_1_103' title='bbox 1483 1429 1848 1499; x_wconf 81' lang='grc' dir='ltr'>πυρπόλησιν.</span> <span class='ocrx_word' id='word_1_104' title='bbox 1894 1432 1953 1483; x_wconf 85' lang='grc' dir='ltr'><em>Ὀ</em></span> <span class='ocrx_word' id='word_1_105' title='bbox 1977 1430 2035 1484; x_wconf 74' lang='grc' dir='ltr'><strong>δὲ.</strong></span> 
     </span>
    </p>
   </div>
   <div class='ocr_carea' id='block_1_16' title="bbox 451 1513 2038 1592">
    <p class='ocr_par' dir='ltr' id='par_1_16' title="bbox 451 1513 2038 1592">
     <span class='ocr_line' id='line_1_16' title="bbox 451 1513 2038 1592; baseline 0.008 -30"><span class='ocrx_word' id='word_1_106' title='bbox 451 1513 551 1580; x_wconf 77' lang='grc' dir='ltr'><strong>τὴν</strong></span> <span class='ocrx_word' id='word_1_107' title='bbox 595 1513 824 1567; x_wconf 79' lang='grc' dir='ltr'><strong>ἐκείνων</strong></span> <span class='ocrx_word' id='word_1_108' title='bbox 877 1516 1014 1585; x_wconf 81' lang='grc' dir='ltr'>πρὸς</span> <span class='ocrx_word' id='word_1_109' title='bbox 1053 1520 1150 1582; x_wconf 79' lang='grc' dir='ltr'>τὰς</span> <span class='ocrx_word' id='word_1_110' title='bbox 1190 1520 1433 1583; x_wconf 75' lang='grc' dir='ltr'><strong>ἱκετείας</strong></span> <span class='ocrx_word' id='word_1_111' title='bbox 1485 1522 1776 1592; x_wconf 75' lang='grc' dir='ltr'><strong>ῥᾳστώνην</strong></span> <span class='ocrx_word' id='word_1_112' title='bbox 1831 1528 1926 1575; x_wconf 71' lang='grc' dir='ltr'><strong>καὶ</strong></span> <span class='ocrx_word' id='word_1_113' title='bbox 1974 1523 2038 1576; x_wconf 84' lang='grc' dir='ltr'>τδ</span> 
     </span>
    </p>
   </div>
   <div class='ocr_carea' id='block_1_17' title="bbox 451 1605 2037 1684">
    <p class='ocr_par' dir='ltr' id='par_1_17' title="bbox 451 1605 2037 1684">
     <span class='ocr_line' id='line_1_17' title="bbox 451 1605 2037 1684; baseline 0.011 -33"><span class='ocrx_word' id='word_1_114' title='bbox 451 1605 972 1675; x_wconf 71' lang='grc' dir='ltr'>ὲῤῥᾳστωνευμένον</span> <span class='ocrx_word' id='word_1_115' title='bbox 1028 1607 1122 1662; x_wconf 80' lang='grc' dir='ltr'>τοῦ</span> <span class='ocrx_word' id='word_1_116' title='bbox 1187 1610 1301 1681; x_wconf 85' lang='grc' dir='ltr'>βίου</span> <span class='ocrx_word' id='word_1_117' title='bbox 1356 1613 1453 1665; x_wconf 78' lang='grc' dir='ltr'><strong>καὶ</strong></span> <span class='ocrx_word' id='word_1_118' title='bbox 1504 1613 1705 1683; x_wconf 81' lang='grc' dir='ltr'>ἀμελὲς</span> <span class='ocrx_word' id='word_1_119' title='bbox 1752 1615 1894 1684; x_wconf 78' lang='grc' dir='ltr'><strong>ὑπὲρ</strong></span> <span class='ocrx_word' id='word_1_120' title='bbox 1928 1616 2037 1669; x_wconf 83' lang='grc' dir='ltr'>πᾶν</span> 
     </span>
    </p>
   </div>
   <div class='ocr_carea' id='block_1_18' title="bbox 453 1697 2034 1775">
    <p class='ocr_par' dir='ltr' id='par_1_18' title="bbox 453 1697 2034 1775">
     <span class='ocr_line' id='line_1_18' title="bbox 453 1697 2034 1775; baseline 0.007 -26"><span class='ocrx_word' id='word_1_121' title='bbox 453 1697 582 1749; x_wconf 80' lang='grc' dir='ltr'>ἄλλο</span> <span class='ocrx_word' id='word_1_122' title='bbox 629 1697 727 1763; x_wconf 80' lang='grc' dir='ltr'>τῆς</span> <span class='ocrx_word' id='word_1_123' title='bbox 774 1699 1067 1771; x_wconf 78' lang='grc' dir='ltr'>θεομηνίας</span> <span class='ocrx_word' id='word_1_124' title='bbox 1118 1706 1441 1775; x_wconf 69' lang='grc' dir='ltr'>κατῃτιᾶτο.</span> <span class='ocrx_word' id='word_1_125' title='bbox 1500 1706 1787 1774; x_wconf 67' lang='grc' dir='ltr'>Ὀπέτεροι</span> <span class='ocrx_word' id='word_1_126' title='bbox 1844 1707 1899 1760; x_wconf 74' lang='grc' dir='ltr'><strong>δὲ</strong></span> <span class='ocrx_word' id='word_1_127' title='bbox 1941 1707 2034 1761; x_wconf 82' lang='grc' dir='ltr'>τοῦ</span> 
     </span>
    </p>
   </div>
   <div class='ocr_carea' id='block_1_19' title="bbox 453 1789 2036 1871">
    <p class='ocr_par' dir='ltr' id='par_1_19' title="bbox 453 1789 2036 1871">
     <span class='ocr_line' id='line_1_19' title="bbox 453 1789 2036 1871; baseline 0.009 -32"><span class='ocrx_word' id='word_1_128' title='bbox 453 1789 691 1859; x_wconf 77' lang='grc' dir='ltr'><strong>ἀληθοῦς</strong></span> <span class='ocrx_word' id='word_1_129' title='bbox 723 1794 1154 1866; x_wconf 82' lang='grc' dir='ltr'>κατηυστόχουν,</span> <span class='ocrx_word' id='word_1_130' title='bbox 1188 1798 1370 1866; x_wconf 76' lang='grc' dir='ltr'>λέγειν</span> <span class='ocrx_word' id='word_1_131' title='bbox 1393 1801 1494 1853; x_wconf 80' lang='grc' dir='ltr'><strong>οὐκ</strong></span> <span class='ocrx_word' id='word_1_132' title='bbox 1528 1799 1656 1870; x_wconf 69' lang='grc' dir='ltr'><strong>ἔχις).</strong></span> <span class='ocrx_word' id='word_1_133' title='bbox 1688 1800 1833 1854; x_wconf 84' lang='grc' dir='ltr'><strong>Ἀλλ’</strong></span> <span class='ocrx_word' id='word_1_134' title='bbox 1870 1801 2036 1871; x_wconf 83' lang='grc' dir='ltr'>ἀφορ-</span> 
     </span>
    </p>
   </div>
   <div class='ocr_carea' id='block_1_20' title="bbox 457 1882 2037 1964">
    <p class='ocr_par' dir='ltr' id='par_1_20' title="bbox 457 1882 2037 1964">
     <span class='ocr_line' id='line_1_20' title="bbox 457 1882 2037 1964; baseline 0.008 -32"><span class='ocrx_word' id='word_1_135' title='bbox 457 1882 556 1939; x_wconf 77' lang='grc' dir='ltr'>μαὶ</span> <span class='ocrx_word' id='word_1_136' title='bbox 587 1883 696 1937; x_wconf 82' lang='grc' dir='ltr'>τῶν</span> <span class='ocrx_word' id='word_1_137' title='bbox 734 1883 1109 1957; x_wconf 79' lang='grc' dir='ltr'><strong>δικαστηρίων</strong></span> <span class='ocrx_word' id='word_1_138' title='bbox 1137 1889 1215 1959; x_wconf 82' lang='grc' dir='ltr'><strong>τῷ</strong></span> <span class='ocrx_word' id='word_1_139' title='bbox 1242 1892 1563 1964; x_wconf 77' lang='grc' dir='ltr'>πατριάρχῃ</span> <span class='ocrx_word' id='word_1_140' title='bbox 1593 1892 1846 1946; x_wconf 81' lang='grc' dir='ltr'>ἐντεῦθεν</span> <span class='ocrx_word' id='word_1_141' title='bbox 1881 1897 2037 1963; x_wconf 74' lang='grc' dir='ltr'>ἐσχε-</span> 
     </span>
    </p>
   </div>
   <div class='ocr_carea' id='block_1_21' title="bbox 451 1973 2034 2052">
    <p class='ocr_par' dir='ltr' id='par_1_21' title="bbox 451 1973 2034 2052">
     <span class='ocr_line' id='line_1_21' title="bbox 451 1973 2034 2052; baseline 0.007 -28"><span class='ocrx_word' id='word_1_142' title='bbox 451 1973 743 2041; x_wconf 70' lang='grc' dir='ltr'>διάζοντο,</span> <span class='ocrx_word' id='word_1_143' title='bbox 794 1978 855 2032; x_wconf 88' lang='grc' dir='ltr'>οὐ</span> <span class='ocrx_word' id='word_1_144' title='bbox 918 1979 1081 2049; x_wconf 82' lang='grc' dir='ltr'>μόνον</span> <span class='ocrx_word' id='word_1_145' title='bbox 1131 1982 1598 2052; x_wconf 78' lang='grc' dir='ltr'>πυρποληθέντων</span> <span class='ocrx_word' id='word_1_146' title='bbox 1646 1984 1759 2038; x_wconf 86' lang='grc' dir='ltr'><strong>τῶν</strong></span> <span class='ocrx_word' id='word_1_147' title='bbox 1808 1986 1867 2038; x_wconf 82' lang='grc' dir='ltr'>ὲν</span> <span class='ocrx_word' id='word_1_148' title='bbox 1912 1986 2034 2048; x_wconf 82' lang='grc' dir='ltr'>ταῖς</span> 
     </span>
    </p>
   </div>
   <div class='ocr_carea' id='block_1_22' title="bbox 454 2067 2038 2145">
    <p class='ocr_par' dir='ltr' id='par_1_22' title="bbox 454 2067 2038 2145">
     <span class='ocr_line' id='line_1_22' title="bbox 454 2067 2038 2145; baseline 0.006 -27"><span class='ocrx_word' id='word_1_149' title='bbox 454 2067 751 2136; x_wconf 70' lang='grc' dir='ltr'><strong>ἐμπορίαις</strong></span> <span class='ocrx_word' id='word_1_150' title='bbox 808 2069 1161 2139; x_wconf 72' lang='grc' dir='ltr'>συμϐολαίων</span> <span class='ocrx_word' id='word_1_151' title='bbox 1208 2075 1592 2145; x_wconf 78' lang='grc' dir='ltr'><strong>γραμμάτων,</strong></span> <span class='ocrx_word' id='word_1_152' title='bbox 1643 2074 1760 2129; x_wconf 72' lang='grc' dir='ltr'><strong>ἀλλ’</strong></span> <span class='ocrx_word' id='word_1_153' title='bbox 1807 2076 1893 2129; x_wconf 81' lang='grc' dir='ltr'>ὅτι</span> <span class='ocrx_word' id='word_1_154' title='bbox 1941 2075 2038 2129; x_wconf 70' lang='grc' dir='ltr'><strong>καὶ</strong></span> 
     </span>
    </p>
   </div>
   <div class='ocr_carea' id='block_1_23' title="bbox 462 2245 2038 2317">
    <p class='ocr_par' dir='ltr' id='par_1_23' title="bbox 462 2245 2038 2317">
     <span class='ocr_line' id='line_1_23' title="bbox 462 2245 2038 2317; baseline 0.006 -18"><span class='ocrx_word' id='word_1_155' title='bbox 462 2246 560 2299; x_wconf 91' lang='lat' dir='ltr'><strong>hoc</strong></span> <span class='ocrx_word' id='word_1_156' title='bbox 589 2245 710 2314; x_wconf 85' lang='lat' dir='ltr'><strong>ejus</strong></span> <span class='ocrx_word' id='word_1_157' title='bbox 744 2245 959 2301; x_wconf 87' lang='lat' dir='ltr'><strong>demum</strong></span> <span class='ocrx_word' id='word_1_158' title='bbox 994 2249 1365 2317; x_wconf 83' lang='lat' dir='ltr'><strong>patriarcbatu</strong></span> <span class='ocrx_word' id='word_1_159' title='bbox 1399 2267 1486 2307; x_wconf 87' lang='lat' dir='ltr'><strong>res</strong></span> <span class='ocrx_word' id='word_1_160' title='bbox 1520 2269 1730 2308; x_wconf 89' lang='lat' dir='ltr'><strong>summa</strong></span> <span class='ocrx_word' id='word_1_161' title='bbox 1762 2253 2038 2309; x_wconf 79' lang='lat' dir='ltr'><strong>Romano-</strong></span> 
     </span>
    </p>
   </div>
   <div class='ocr_carea' id='block_1_24' title="bbox 462 2339 2040 2415">
    <p class='ocr_par' dir='ltr' id='par_1_24' title="bbox 462 2339 2040 2415">
     <span class='ocr_line' id='line_1_24' title="bbox 462 2339 2040 2415; baseline 0.008 -28"><span class='ocrx_word' id='word_1_162' title='bbox 462 2355 578 2391; x_wconf 85' lang='lat' dir='ltr'><strong>rum</strong></span> <span class='ocrx_word' id='word_1_163' title='bbox 620 2339 769 2404; x_wconf 90' lang='lat' dir='ltr'><strong>prius</strong></span> <span class='ocrx_word' id='word_1_164' title='bbox 818 2353 1082 2395; x_wconf 56' lang='lat' dir='ltr'><strong>cuuzussa</strong></span> <span class='ocrx_word' id='word_1_165' title='bbox 1132 2341 1287 2408; x_wconf 81' lang='lat' dir='ltr'><strong>plane</strong></span> <span class='ocrx_word' id='word_1_166' title='bbox 1325 2343 1440 2413; x_wconf 88' lang='lat' dir='ltr'><strong>jam</strong></span> <span class='ocrx_word' id='word_1_167' title='bbox 1496 2344 2040 2415; x_wconf 80' lang='lat' dir='ltr'><strong>irreparabiliterque</strong></span> 
     </span>
    </p>
   </div>
   <div class='ocr_carea' id='block_1_25' title="bbox 457 2430 2040 2508">
    <p class='ocr_par' dir='ltr' id='par_1_25' title="bbox 457 2430 2040 2508">
     <span class='ocr_line' id='line_1_25' title="bbox 457 2430 2040 2508; baseline 0.005 -23"><span class='ocrx_word' id='word_1_168' title='bbox 457 2430 778 2508; x_wconf 82' lang='lat' dir='ltr'><strong>conciderit,</strong></span> <span class='ocrx_word' id='word_1_169' title='bbox 809 2431 924 2498; x_wconf 90' lang='lat' dir='ltr'><strong>ipsa</strong></span> <span class='ocrx_word' id='word_1_170' title='bbox 953 2433 1118 2487; x_wconf 90' lang='lat' dir='ltr'><strong>etiam</strong></span> <span class='ocrx_word' id='word_1_171' title='bbox 1167 2433 1325 2502; x_wconf 87' lang='lat' dir='ltr'><strong>hujus</strong></span> <span class='ocrx_word' id='word_1_172' title='bbox 1370 2450 1563 2490; x_wconf 87' lang='lat' dir='ltr'><strong>secura</strong></span> <span class='ocrx_word' id='word_1_173' title='bbox 1617 2437 1795 2504; x_wconf 77' lang='lat' dir='ltr'><strong>legum</strong></span> <span class='ocrx_word' id='word_1_174' title='bbox 1840 2448 1897 2492; x_wconf 91' lang='lat' dir='ltr'><strong>et</strong></span> <span class='ocrx_word' id='word_1_175' title='bbox 1943 2453 2040 2508; x_wconf 90' lang='lat' dir='ltr'><strong>pro</strong></span> 
     </span>
    </p>
   </div>
   <div class='ocr_carea' id='block_1_26' title="bbox 456 2506 2042 2598">
    <p class='ocr_par' dir='ltr' id='par_1_26' title="bbox 456 2506 2042 2598">
     <span class='ocr_line' id='line_1_26' title="bbox 456 2506 2042 2598; baseline 0.007 -24"><span class='ocrx_word' id='word_1_176' title='bbox 456 2506 613 2576; x_wconf 82' lang='lat' dir='ltr'><strong>libitu</strong></span> <span class='ocrx_word' id='word_1_177' title='bbox 654 2532 844 2577; x_wconf 89' lang='lat' dir='ltr'><strong>ruente</strong></span> <span class='ocrx_word' id='word_1_178' title='bbox 882 2525 1224 2593; x_wconf 77' lang='lat' dir='ltr'><strong>gubernandi</strong></span> <span class='ocrx_word' id='word_1_179' title='bbox 1276 2528 1451 2582; x_wconf 87' lang='lat' dir='ltr'><strong>forma</strong></span> <span class='ocrx_word' id='word_1_180' title='bbox 1502 2529 1796 2597; x_wconf 87' lang='lat' dir='ltr'><strong>impulsum</strong></span> <span class='ocrx_word' id='word_1_181' title='bbox 1843 2531 1894 2586; x_wconf 89' lang='lat' dir='ltr'><strong>ei</strong></span> <span class='ocrx_word' id='word_1_182' title='bbox 1943 2506 2042 2598; x_wconf 80' lang='lat' dir='ltr'><strong>pro</strong></span> 
     </span>
    </p>
   </div>
   <div class='ocr_carea' id='block_1_27' title="bbox 457 2614 2040 2687">
    <p class='ocr_par' dir='ltr' id='par_1_27' title="bbox 457 2614 2040 2687">
     <span class='ocr_line' id='line_1_27' title="bbox 457 2614 2040 2687; baseline 0.005 -21"><span class='ocrx_word' id='word_1_183' title='bbox 457 2628 550 2666; x_wconf 89' lang='lat' dir='ltr'><strong>sua</strong></span> <span class='ocrx_word' id='word_1_184' title='bbox 599 2620 753 2681; x_wconf 90' lang='lat' dir='ltr'><strong>parte</strong></span> <span class='ocrx_word' id='word_1_185' title='bbox 782 2614 1013 2671; x_wconf 89' lang='lat' dir='ltr'><strong>addente</strong></span> <span class='ocrx_word' id='word_1_186' title='bbox 1050 2617 1116 2671; x_wconf 87' lang='lat' dir='ltr'><strong>ad</strong></span> <span class='ocrx_word' id='word_1_187' title='bbox 1154 2616 1364 2671; x_wconf 87' lang='lat' dir='ltr'><strong>ruinam</strong></span> <span class='ocrx_word' id='word_1_188' title='bbox 1393 2629 1446 2672; x_wconf 90' lang='lat' dir='ltr'><strong>et</strong></span> <span class='ocrx_word' id='word_1_189' title='bbox 1482 2618 1536 2672; x_wconf 91' lang='lat' dir='ltr'><strong>in</strong></span> <span class='ocrx_word' id='word_1_190' title='bbox 1567 2633 1809 2687; x_wconf 64' lang='lat' dir='ltr'><strong>praeceps</strong></span> <span class='ocrx_word' id='word_1_191' title='bbox 1852 2620 2040 2673; x_wconf 84' lang='lat' dir='ltr'><strong>omnia</strong></span> 
     </span>
    </p>
   </div>
   <div class='ocr_carea' id='block_1_28' title="bbox 461 2704 2040 2779">
    <p class='ocr_par' dir='ltr' id='par_1_28' title="bbox 461 2704 2040 2779">
     <span class='ocr_line' id='line_1_28' title="bbox 461 2704 2040 2779; baseline 0.005 -22"><span class='ocrx_word' id='word_1_192' title='bbox 461 2706 726 2761; x_wconf 89' lang='lat' dir='ltr'><strong>trudente.</strong></span> <span class='ocrx_word' id='word_1_193' title='bbox 754 2704 864 2762; x_wconf 82' lang='lat' dir='ltr'><strong>Nec</strong></span> <span class='ocrx_word' id='word_1_194' title='bbox 893 2714 1098 2762; x_wconf 89' lang='lat' dir='ltr'><strong>temere</strong></span> <span class='ocrx_word' id='word_1_195' title='bbox 1129 2709 1246 2774; x_wconf 84' lang='lat' dir='ltr'><strong>rapi</strong></span> <span class='ocrx_word' id='word_1_196' title='bbox 1281 2708 1422 2763; x_wconf 87' lang='lat' dir='ltr'><strong>forte</strong></span> <span class='ocrx_word' id='word_1_197' title='bbox 1467 2720 1631 2779; x_wconf 93' lang='lat' dir='ltr'><strong>queat</strong></span> <span class='ocrx_word' id='word_1_198' title='bbox 1672 2711 1724 2764; x_wconf 91' lang='lat' dir='ltr'><strong>in</strong></span> <span class='ocrx_word' id='word_1_199' title='bbox 1772 2710 1932 2778; x_wconf 80' lang='lat' dir='ltr'><strong>hujus</strong></span> <span class='ocrx_word' id='word_1_200' title='bbox 1962 2712 2040 2765; x_wconf 88' lang='lat' dir='ltr'><strong>rei</strong></span> 
     </span>
    </p>
   </div>
   <div class='ocr_carea' id='block_1_29' title="bbox 460 2796 2040 2868">
    <p class='ocr_par' dir='ltr' id='par_1_29' title="bbox 460 2796 2040 2868">
     <span class='ocr_line' id='line_1_29' title="bbox 460 2796 2040 2868; baseline 0.005 -20"><span class='ocrx_word' id='word_1_201' title='bbox 460 2796 671 2864; x_wconf 84' lang='lat' dir='ltr'><strong>signum</strong></span> <span class='ocrx_word' id='word_1_202' title='bbox 723 2805 777 2851; x_wconf 87' lang='lat' dir='ltr'><strong>et</strong></span> <span class='ocrx_word' id='word_1_203' title='bbox 820 2798 1097 2867; x_wconf 74' lang='lat' dir='ltr'><strong>Specimen</strong></span> <span class='ocrx_word' id='word_1_204' title='bbox 1152 2800 1361 2854; x_wconf 86' lang='lat' dir='ltr'><strong>fructus</strong></span> <span class='ocrx_word' id='word_1_205' title='bbox 1411 2802 1637 2857; x_wconf 87' lang='lat' dir='ltr'><strong>istarum</strong></span> <span class='ocrx_word' id='word_1_206' title='bbox 1688 2802 2040 2868; x_wconf 86' lang='lat' dir='ltr'><strong>litaniarum,</strong></span> 
     </span>
    </p>
   </div>
   <div class='ocr_carea' id='block_1_30' title="bbox 462 2888 2041 2965">
    <p class='ocr_par' dir='ltr' id='par_1_30' title="bbox 462 2888 2041 2965">
     <span class='ocr_line' id='line_1_30' title="bbox 462 2888 2041 2965; baseline 0.008 -26"><span class='ocrx_word' id='word_1_207' title='bbox 462 2891 603 2957; x_wconf 82' lang='lat' dir='ltr'><strong>quod</strong></span> <span class='ocrx_word' id='word_1_208' title='bbox 632 2888 863 2959; x_wconf 89' lang='lat' dir='ltr'><strong>quadam</strong></span> <span class='ocrx_word' id='word_1_209' title='bbox 886 2890 1118 2954; x_wconf 91' lang='lat' dir='ltr'><strong>dierum,</strong></span> <span class='ocrx_word' id='word_1_210' title='bbox 1148 2906 1254 2959; x_wconf 89' lang='lat' dir='ltr'><strong>qua</strong></span> <span class='ocrx_word' id='word_1_211' title='bbox 1288 2893 1405 2947; x_wconf 83' lang='lat' dir='ltr'><strong>illas</strong></span> <span class='ocrx_word' id='word_1_212' title='bbox 1438 2894 1552 2961; x_wconf 87' lang='lat' dir='ltr'><strong>ipse</strong></span> <span class='ocrx_word' id='word_1_213' title='bbox 1585 2909 1828 2962; x_wconf 59' lang='lat' dir='ltr'><strong>praesens</strong></span> <span class='ocrx_word' id='word_1_214' title='bbox 1846 2909 2041 2965; x_wconf 86' lang='lat' dir='ltr'><strong>magno</strong></span> 
     </span>
    </p>
   </div>
   <div class='ocr_carea' id='block_1_31' title="bbox 458 2978 2043 3053">
    <p class='ocr_par' dir='ltr' id='par_1_31' title="bbox 458 2978 2043 3053">
     <span class='ocr_line' id='line_1_31' title="bbox 458 2978 2043 3053; baseline 0.003 -21"><span class='ocrx_word' id='word_1_215' title='bbox 458 2979 666 3032; x_wconf 86' lang='lat' dir='ltr'><strong>ambitu</strong></span> <span class='ocrx_word' id='word_1_216' title='bbox 703 2978 967 3045; x_wconf 87' lang='lat' dir='ltr'><strong>obiverat,</strong></span> <span class='ocrx_word' id='word_1_217' title='bbox 1008 2980 1178 3037; x_wconf 79' lang='lat' dir='ltr'><strong>ferale</strong></span> <span class='ocrx_word' id='word_1_218' title='bbox 1227 2985 1327 3037; x_wconf 91' lang='lat' dir='ltr'><strong>sub</strong></span> <span class='ocrx_word' id='word_1_219' title='bbox 1378 2999 1661 3053; x_wconf 75' lang='lat' dir='ltr'><strong>vesperam</strong></span> <span class='ocrx_word' id='word_1_220' title='bbox 1705 2985 1912 3039; x_wconf 84' lang='lat' dir='ltr'><strong>exarsit</strong></span> <span class='ocrx_word' id='word_1_221' title='bbox 1964 2986 2043 3037; x_wconf 82' lang='lat' dir='ltr'><strong>in-</strong></span> 
     </span>
    </p>
   </div>
   <div class='ocr_carea' id='block_1_32' title="bbox 2134 519 3702 594">
    <p class='ocr_par' dir='ltr' id='par_1_32' title="bbox 2134 519 3702 594">
     <span class='ocr_line' id='line_1_32' title="bbox 2134 519 3702 594; baseline 0.001 -20"><span class='ocrx_word' id='word_1_222' title='bbox 2134 522 2243 574; x_wconf 86' lang='grc' dir='ltr'>τῶν</span> <span class='ocrx_word' id='word_1_223' title='bbox 2264 521 2360 574; x_wconf 82' lang='grc' dir='ltr'><strong>ἀνθ</strong></span> <span class='ocrx_word' id='word_1_224' title='bbox 2370 521 2569 591; x_wconf 87' lang='grc' dir='ltr'>ρώπων</span> <span class='ocrx_word' id='word_1_225' title='bbox 2592 520 2885 589; x_wconf 76' lang='grc' dir='ltr'>ἑξεφὸρουν</span> <span class='ocrx_word' id='word_1_226' title='bbox 2910 519 3308 589; x_wconf 74' lang='grc' dir='ltr'><strong>διαρπάζοντες</strong></span> <span class='ocrx_word' id='word_1_227' title='bbox 3327 536 3342 550; x_wconf 90' lang='grc'><strong>·</strong></span> <span class='ocrx_word' id='word_1_228' title='bbox 3366 523 3397 590; x_wconf 80' lang='grc' dir='ltr'><strong>ἠ</strong></span> <span class='ocrx_word' id='word_1_229' title='bbox 3419 523 3529 594; x_wconf 80' lang='grc' dir='ltr'><strong>γὰρ</strong></span> <span class='ocrx_word' id='word_1_230' title='bbox 3556 527 3702 579; x_wconf 75' lang='grc' dir='ltr'>πᾶσα</span> 
     </span>
    </p>
   </div>
   <div class='ocr_carea' id='block_1_33' title="bbox 2135 607 3702 679">
    <p class='ocr_par' dir='ltr' id='par_1_33' title="bbox 2135 607 3702 679">
     <span class='ocr_line' id='line_1_33' title="bbox 2135 607 3702 679; baseline 0.006 -19"><span class='ocrx_word' id='word_1_231' title='bbox 2135 608 2318 677; x_wconf 83' lang='grc' dir='ltr'>κρίσις</span> <span class='ocrx_word' id='word_1_232' title='bbox 2360 608 2602 678; x_wconf 81' lang='grc' dir='ltr'><strong>ἀρχῆθεν</strong></span> <span class='ocrx_word' id='word_1_233' title='bbox 2653 607 2732 678; x_wconf 81' lang='grc' dir='ltr'>τῷ</span> <span class='ocrx_word' id='word_1_234' title='bbox 2761 607 3083 679; x_wconf 72' lang='grc' dir='ltr'>πατριάρχῃ</span> <span class='ocrx_word' id='word_1_235' title='bbox 3117 610 3564 679; x_wconf 73' lang='grc' dir='ltr'>προσανετίθετο,</span> <span class='ocrx_word' id='word_1_236' title='bbox 3610 617 3702 669; x_wconf 79' lang='grc' dir='ltr'>τοῦ</span> 
     </span>
    </p>
   </div>
   <div class='ocr_carea' id='block_1_34' title="bbox 2141 696 3708 777">
    <p class='ocr_par' dir='ltr' id='par_1_34' title="bbox 2141 696 3708 777">
     <span class='ocr_line' id='line_1_34' title="bbox 2141 696 3708 777; baseline 0.006 -27"><span class='ocrx_word' id='word_1_237' title='bbox 2141 697 2405 767; x_wconf 81' lang='grc' dir='ltr'>βασιλέως</span> <span class='ocrx_word' id='word_1_238' title='bbox 2435 696 2698 761; x_wconf 76' lang='grc' dir='ltr'>ἐνδόντος,</span> <span class='ocrx_word' id='word_1_239' title='bbox 2719 697 2797 767; x_wconf 83' lang='grc' dir='ltr'>τῷ</span> <span class='ocrx_word' id='word_1_240' title='bbox 2829 699 2926 768; x_wconf 83' lang='grc' dir='ltr'>μὲν</span> <span class='ocrx_word' id='word_1_241' title='bbox 2947 700 3263 771; x_wconf 72' lang='grc' dir='ltr'>φαινομένῳ</span> <span class='ocrx_word' id='word_1_242' title='bbox 3281 703 3367 755; x_wconf 69' lang='grc' dir='ltr'><strong>διὰ</strong></span> <span class='ocrx_word' id='word_1_243' title='bbox 3393 706 3453 756; x_wconf 77' lang='grc' dir='ltr'>τὸ</span> <span class='ocrx_word' id='word_1_244' title='bbox 3473 705 3708 777; x_wconf 76' lang='grc' dir='ltr'>καθαρὸν</span> 
     </span>
    </p>
   </div>
   <div class='ocr_carea' id='block_1_35' title="bbox 2136 788 3707 863">
    <p class='ocr_par' dir='ltr' id='par_1_35' title="bbox 2136 788 3707 863">
     <span class='ocr_line' id='line_1_35' title="bbox 2136 788 3707 863; baseline 0.006 -21"><span class='ocrx_word' id='word_1_245' title='bbox 2136 788 2249 842; x_wconf 80' lang='grc' dir='ltr'><strong>τῶν</strong></span> <span class='ocrx_word' id='word_1_246' title='bbox 2286 789 2616 859; x_wconf 73' lang='grc' dir='ltr'><strong>λημμάτων,</strong></span> <span class='ocrx_word' id='word_1_247' title='bbox 2655 790 2733 861; x_wconf 82' lang='grc' dir='ltr'>τῷ</span> <span class='ocrx_word' id='word_1_248' title='bbox 2764 790 2809 843; x_wconf 79' lang='grc' dir='ltr'>δ’</span> <span class='ocrx_word' id='word_1_249' title='bbox 2840 792 3226 863; x_wconf 79' lang='grc' dir='ltr'>ὑπονοουμένῳ</span> <span class='ocrx_word' id='word_1_250' title='bbox 3266 795 3326 848; x_wconf 76' lang='grc' dir='ltr'>τὸ</span> <span class='ocrx_word' id='word_1_251' title='bbox 3351 795 3460 848; x_wconf 80' lang='grc' dir='ltr'><strong>ἀπὸ</strong></span> <span class='ocrx_word' id='word_1_252' title='bbox 3485 799 3707 852; x_wconf 83' lang='grc' dir='ltr'>πάντων</span> 
     </span>
    </p>
   </div>
   <div class='ocr_carea' id='block_1_36' title="bbox 2135 879 3709 957">
    <p class='ocr_par' dir='ltr' id='par_1_36' title="bbox 2135 879 3709 957">
     <span class='ocr_line' id='line_1_36' title="bbox 2135 879 3709 957; baseline 0.008 -25"><span class='ocrx_word' id='word_1_253' title='bbox 2135 879 2339 932; x_wconf 79' lang='grc' dir='ltr'>αἰδοῖον</span> <span class='ocrx_word' id='word_1_254' title='bbox 2371 881 2465 933; x_wconf 76' lang='grc' dir='ltr'><strong>καὶ</strong></span> <span class='ocrx_word' id='word_1_255' title='bbox 2498 881 2630 950; x_wconf 80' lang='grc' dir='ltr'>φοσε</span> <span class='ocrx_word' id='word_1_256' title='bbox 2643 883 2733 953; x_wconf 78' lang='grc' dir='ltr'><strong>ρὸν</strong></span> <span class='ocrx_word' id='word_1_257' title='bbox 2765 885 3186 954; x_wconf 63' lang='grc' dir='ltr'>πριποιοῦντος</span> <span class='ocrx_word' id='word_1_258' title='bbox 3225 886 3304 955; x_wconf 79' lang='grc' dir='ltr'><strong>τῷ</strong></span> <span class='ocrx_word' id='word_1_259' title='bbox 3336 888 3598 957; x_wconf 81' lang='grc' dir='ltr'>κρίνοντι,</span> <span class='ocrx_word' id='word_1_260' title='bbox 3636 891 3709 954; x_wconf 81' lang='grc' dir='ltr'>ὡς</span> 
     </span>
    </p>
   </div>
   <div class='ocr_carea' id='block_1_37' title="bbox 2134 969 3710 1048">
    <p class='ocr_par' dir='ltr' id='par_1_37' title="bbox 2134 969 3710 1048">
     <span class='ocr_line' id='line_1_37' title="bbox 2134 969 3710 1048; baseline 0.009 -27"><span class='ocrx_word' id='word_1_261' title='bbox 2134 969 2392 1023; x_wconf 60' lang='grc' dir='ltr'>ἐντεῦθεν</span> <span class='ocrx_word' id='word_1_262' title='bbox 2414 972 2494 1036; x_wconf 71' lang='grc' dir='ltr'><strong>,ὲκ</strong></span> <span class='ocrx_word' id='word_1_263' title='bbox 2523 973 2741 1042; x_wconf 78' lang='grc' dir='ltr'>πρωῖας</span> <span class='ocrx_word' id='word_1_264' title='bbox 2773 974 2967 1043; x_wconf 83' lang='grc' dir='ltr'><strong>μέχρις</strong></span> <span class='ocrx_word' id='word_1_265' title='bbox 3003 976 3245 1048; x_wconf 71' lang='grc' dir='ltr'>ἑσπέρας</span> <span class='ocrx_word' id='word_1_266' title='bbox 3276 978 3710 1047; x_wconf 74' lang='grc' dir='ltr'>ὀχλαγωγεῖσθαι</span> 
     </span>
    </p>
   </div>
   <div class='ocr_carea' id='block_1_38' title="bbox 2135 1062 3710 1138">
    <p class='ocr_par' dir='ltr' id='par_1_38' title="bbox 2135 1062 3710 1138">
     <span class='ocr_line' id='line_1_38' title="bbox 2135 1062 3710 1138; baseline 0.008 -25"><span class='ocrx_word' id='word_1_267' title='bbox 2135 1062 2227 1114; x_wconf 77' lang='grc' dir='ltr'>τὸν</span> <span class='ocrx_word' id='word_1_268' title='bbox 2256 1062 2430 1132; x_wconf 70' lang='grc' dir='ltr'>ἱερέα,</span> <span class='ocrx_word' id='word_1_269' title='bbox 2464 1064 2627 1132; x_wconf 75' lang='grc' dir='ltr'>ὄχλου</span> <span class='ocrx_word' id='word_1_270' title='bbox 2664 1066 2863 1135; x_wconf 81' lang='grc' dir='ltr'>μυρίον</span> <span class='ocrx_word' id='word_1_271' title='bbox 2896 1067 2989 1120; x_wconf 73' lang='grc' dir='ltr'><strong>ἐπὶ</strong></span> <span class='ocrx_word' id='word_1_272' title='bbox 3017 1069 3118 1136; x_wconf 71' lang='grc' dir='ltr'>τὴν</span> <span class='ocrx_word' id='word_1_273' title='bbox 3150 1070 3319 1137; x_wconf 81' lang='grc' dir='ltr'>μονὴν</span> <span class='ocrx_word' id='word_1_274' title='bbox 3351 1070 3442 1122; x_wconf 80' lang='grc' dir='ltr'><strong>τοῦ</strong></span> <span class='ocrx_word' id='word_1_275' title='bbox 3475 1072 3710 1138; x_wconf 79' lang='grc' dir='ltr'>μεγάλου</span> 
     </span>
    </p>
   </div>
   <div class='ocr_carea' id='block_1_39' title="bbox 2135 1152 3711 1234">
    <p class='ocr_par' dir='ltr' id='par_1_39' title="bbox 2135 1152 3711 1234">
     <span class='ocr_line' id='line_1_39' title="bbox 2135 1152 3711 1234; baseline 0.008 -29"><span class='ocrx_word' id='word_1_276' title='bbox 2135 1152 2503 1224; x_wconf 71' lang='grc' dir='ltr'>λογαριαστοῦ</span> <span class='ocrx_word' id='word_1_277' title='bbox 2550 1157 2692 1225; x_wconf 78' lang='grc' dir='ltr'><strong>(ἐκεῖ</strong></span> <span class='ocrx_word' id='word_1_278' title='bbox 2721 1157 2832 1227; x_wconf 68' lang='grc' dir='ltr'><strong>γὰρ</strong></span> <span class='ocrx_word' id='word_1_279' title='bbox 2863 1161 2927 1211; x_wconf 83' lang='grc' dir='ltr'><strong>ὲκ</strong></span> <span class='ocrx_word' id='word_1_280' title='bbox 2957 1159 3053 1214; x_wconf 81' lang='grc' dir='ltr'>τοῦ</span> <span class='ocrx_word' id='word_1_281' title='bbox 3089 1161 3183 1212; x_wconf 74' lang='grc' dir='ltr'><strong>ἐπὶ</strong></span> <span class='ocrx_word' id='word_1_282' title='bbox 3220 1160 3474 1215; x_wconf 77' lang='grc' dir='ltr'>πλεῖστον</span> <span class='ocrx_word' id='word_1_283' title='bbox 3502 1163 3711 1234; x_wconf 81' lang='grc' dir='ltr'><strong>δ.ἧγεν)</strong></span> 
     </span>
    </p>
   </div>
   <div class='ocr_carea' id='block_1_40' title="bbox 2138 1243 2772 1316">
    <p class='ocr_par' dir='ltr' id='par_1_40' title="bbox 2138 1243 2772 1316">
     <span class='ocr_line' id='line_1_40' title="bbox 2138 1243 2772 1316; baseline 0.013 -21"><span class='ocrx_word' id='word_1_284' title='bbox 2138 1243 2323 1297; x_wconf 64' lang='grc' dir='ltr'>ίλαδῦν</span> <span class='ocrx_word' id='word_1_285' title='bbox 2360 1247 2772 1316; x_wconf 80' lang='grc' dir='ltr'>συντρέχοντος.</span> 
     </span>
    </p>
   </div>
   <div class='ocr_carea' id='block_1_41' title="bbox 2362 1386 3507 1461">
    <p class='ocr_par' dir='ltr' id='par_1_41' title="bbox 2362 1386 3507 1461">
     <span class='ocr_line' id='line_1_41' title="bbox 2362 1386 3507 1461; baseline 0.011 -25"><span class='ocrx_word' id='word_1_286' title='bbox 2362 1390 2453 1437; x_wconf 77' lang='grc' dir='ltr'>ια’.</span> <span class='ocrx_word' id='word_1_287' title='bbox 2496 1386 2637 1453; x_wconf 75' lang='grc' dir='ltr'>Περὶ</span> <span class='ocrx_word' id='word_1_288' title='bbox 2672 1386 2778 1441; x_wconf 87' lang='grc' dir='ltr'>τοῦ</span> <span class='ocrx_word' id='word_1_289' title='bbox 2811 1388 3096 1459; x_wconf 82' lang='grc' dir='ltr'><strong>Ἀνδρέου</strong></span> <span class='ocrx_word' id='word_1_290' title='bbox 3132 1396 3507 1461; x_wconf 79' lang='grc' dir='ltr'>Μουρίσκου.</span> 
     </span>
    </p>
   </div>
   <div class='ocr_carea' id='block_1_42' title="bbox 2209 1516 3714 1599">
    <p class='ocr_par' dir='ltr' id='par_1_42' title="bbox 2209 1516 3714 1599">
     <span class='ocr_line' id='line_1_42' title="bbox 2209 1516 3714 1599; baseline 0.008 -29"><span class='ocrx_word' id='word_1_291' title='bbox 2209 1516 2273 1589; x_wconf 83' lang='grc' dir='ltr'><strong>[Ρ</strong></span> <span class='ocrx_word' id='word_1_292' title='bbox 2299 1517 2427 1590; x_wconf 71' lang='grc'><strong>408]</strong></span> <span class='ocrx_word' id='word_1_293' title='bbox 2458 1519 2570 1587; x_wconf 77' lang='grc' dir='ltr'><strong>Πρὸ</strong></span> <span class='ocrx_word' id='word_1_294' title='bbox 2591 1520 2650 1573; x_wconf 75' lang='grc' dir='ltr'><strong>δὲ</strong></span> <span class='ocrx_word' id='word_1_295' title='bbox 2675 1522 2770 1575; x_wconf 82' lang='grc' dir='ltr'>τοῦ</span> <span class='ocrx_word' id='word_1_296' title='bbox 2802 1522 3077 1595; x_wconf 80' lang='grc' dir='ltr'>ἀλωθῆναι</span> <span class='ocrx_word' id='word_1_297' title='bbox 3109 1526 3363 1580; x_wconf 79' lang='grc' dir='ltr'>Μάδυτον</span> <span class='ocrx_word' id='word_1_298' title='bbox 3397 1529 3714 1599; x_wconf 81' lang='grc' dir='ltr'>πολιορκου-</span> 
     </span>
    </p>
   </div>
   <div class='ocr_carea' id='block_1_43' title="bbox 2140 1611 3715 1692">
    <p class='ocr_par' dir='ltr' id='par_1_43' title="bbox 2140 1611 3715 1692">
     <span class='ocr_line' id='line_1_43' title="bbox 2140 1611 3715 1692; baseline 0.01 -30"><span class='ocrx_word' id='word_1_299' title='bbox 2140 1612 2309 1680; x_wconf 81' lang='grc' dir='ltr'><strong>μένην</strong></span> <span class='ocrx_word' id='word_1_300' title='bbox 2339 1612 2443 1663; x_wconf 80' lang='grc' dir='ltr'><strong>ὐπὺ</strong></span> <span class='ocrx_word' id='word_1_301' title='bbox 2473 1611 2566 1664; x_wconf 84' lang='grc' dir='ltr'>τοῦ</span> <span class='ocrx_word' id='word_1_302' title='bbox 2594 1614 2840 1684; x_wconf 75' lang='grc' dir='ltr'>Φαρέντα</span> <span class='ocrx_word' id='word_1_303' title='bbox 2877 1616 3083 1688; x_wconf 75' lang='grc' dir='ltr'><strong>Τζιμῆ,</strong></span> <span class='ocrx_word' id='word_1_304' title='bbox 3117 1619 3405 1687; x_wconf 75' lang='grc' dir='ltr'>ἐφίσταται</span> <span class='ocrx_word' id='word_1_305' title='bbox 3428 1620 3715 1692; x_wconf 78' lang='grc' dir='ltr'><strong>ἀμηράλης</strong></span> 
     </span>
    </p>
   </div>
   <div class='ocr_carea' id='block_1_44' title="bbox 2151 1703 3713 1783">
    <p class='ocr_par' dir='ltr' id='par_1_44' title="bbox 2151 1703 3713 1783">
     <span class='ocr_line' id='line_1_44' title="bbox 2151 1703 3713 1783; baseline 0.008 -28"><span class='ocrx_word' id='word_1_306' title='bbox 2151 1703 2406 1774; x_wconf 70' lang='grc' dir='ltr'>Ἀνδρέας</span> <span class='ocrx_word' id='word_1_307' title='bbox 2470 1706 2787 1774; x_wconf 82' lang='grc' dir='ltr'>Μουρίσκος</span> <span class='ocrx_word' id='word_1_308' title='bbox 2854 1710 3186 1774; x_wconf 72' lang='grc' dir='ltr'>ἀποσταλεὶς</span> <span class='ocrx_word' id='word_1_309' title='bbox 3247 1712 3400 1783; x_wconf 84' lang='grc' dir='ltr'>παρὰ</span> <span class='ocrx_word' id='word_1_310' title='bbox 3456 1713 3713 1783; x_wconf 73' lang='grc' dir='ltr'>βασιλέως</span> 
     </span>
    </p>
   </div>
   <div class='ocr_carea' id='block_1_45' title="bbox 2065 1783 3717 1874">
    <p class='ocr_par' dir='ltr' id='par_1_45' title="bbox 2065 1783 3717 1874">
     <span class='ocr_line' id='line_1_45' title="bbox 2065 1783 3717 1874; baseline 0.009 -31"><span class='ocrx_word' id='word_1_311' title='bbox 2065 1783 2110 1843; x_wconf 83' lang='grc' dir='ltr'><strong>Β</strong></span> <span class='ocrx_word' id='word_1_312' title='bbox 2140 1796 2492 1866; x_wconf 84' lang='grc' dir='ltr'>σιταρκήσων</span> <span class='ocrx_word' id='word_1_313' title='bbox 2539 1796 2601 1849; x_wconf 79' lang='grc' dir='ltr'>τὸ</span> <span class='ocrx_word' id='word_1_314' title='bbox 2651 1798 2913 1869; x_wconf 80' lang='grc' dir='ltr'>φρούριον</span> <span class='ocrx_word' id='word_1_315' title='bbox 2960 1800 3327 1868; x_wconf 80' lang='grc' dir='ltr'>λειποσιτοῦν,</span> <span class='ocrx_word' id='word_1_316' title='bbox 3366 1804 3585 1874; x_wconf 80' lang='grc' dir='ltr'>σύναμα</span> <span class='ocrx_word' id='word_1_317' title='bbox 3628 1804 3717 1858; x_wconf 78' lang='grc' dir='ltr'>δύο</span> 
     </span>
    </p>
   </div>
   <div class='ocr_carea' id='block_1_46' title="bbox 2141 1887 3715 1963">
    <p class='ocr_par' dir='ltr' id='par_1_46' title="bbox 2141 1887 3715 1963">
     <span class='ocr_line' id='line_1_46' title="bbox 2141 1887 3715 1963; baseline 0.006 -23"><span class='ocrx_word' id='word_1_318' title='bbox 2141 1887 2370 1941; x_wconf 81' lang='grc' dir='ltr'>ναυσίν·</span> <span class='ocrx_word' id='word_1_319' title='bbox 2427 1889 2523 1942; x_wconf 72' lang='grc' dir='ltr'><strong>καὶ</strong></span> <span class='ocrx_word' id='word_1_320' title='bbox 2561 1888 2626 1959; x_wconf 85' lang='grc' dir='ltr'><strong>δὴ</strong></span> <span class='ocrx_word' id='word_1_321' title='bbox 2674 1892 2903 1953; x_wconf 78' lang='grc' dir='ltr'>ἐπιστὰς</span> <span class='ocrx_word' id='word_1_322' title='bbox 2965 1893 3117 1963; x_wconf 78' lang='grc' dir='ltr'>μόλις</span> <span class='ocrx_word' id='word_1_323' title='bbox 3160 1897 3376 1963; x_wconf 75' lang='grc' dir='ltr'><strong>εἰσάγει</strong></span> <span class='ocrx_word' id='word_1_324' title='bbox 3422 1897 3516 1950; x_wconf 80' lang='grc' dir='ltr'>τὸν</span> <span class='ocrx_word' id='word_1_325' title='bbox 3556 1899 3715 1952; x_wconf 85' lang='grc' dir='ltr'>σῖτον.</span> 
     </span>
    </p>
   </div>
   <div class='ocr_carea' id='block_1_47' title="bbox 2153 1976 3715 2056">
    <p class='ocr_par' dir='ltr' id='par_1_47' title="bbox 2153 1976 3715 2056">
     <span class='ocr_line' id='line_1_47' title="bbox 2153 1976 3715 2056; baseline 0.007 -28"><span class='ocrx_word' id='word_1_326' title='bbox 2153 1978 2395 2031; x_wconf 77' lang='grc' dir='ltr'><strong>Ἐκεῖθεν</strong></span> <span class='ocrx_word' id='word_1_327' title='bbox 2430 1978 2475 2032; x_wconf 86' lang='grc' dir='ltr'>δ’</span> <span class='ocrx_word' id='word_1_328' title='bbox 2529 1976 2687 2041; x_wconf 79' lang='grc' dir='ltr'>αὖθις</span> <span class='ocrx_word' id='word_1_329' title='bbox 2723 1982 2852 2049; x_wconf 77' lang='grc' dir='ltr'>περί</span> <span class='ocrx_word' id='word_1_330' title='bbox 2904 1999 3011 2035; x_wconf 85' lang='grc' dir='ltr'><strong>που</strong></span> <span class='ocrx_word' id='word_1_331' title='bbox 3060 1983 3161 2054; x_wconf 75' lang='grc' dir='ltr'>τὴν</span> <span class='ocrx_word' id='word_1_332' title='bbox 3215 1983 3448 2056; x_wconf 79' lang='grc' dir='ltr'>Ἴμϐρον</span> <span class='ocrx_word' id='word_1_333' title='bbox 3489 1985 3715 2056; x_wconf 76' lang='grc' dir='ltr'>ἐχώρει·</span> 
     </span>
    </p>
   </div>
   <div class='ocr_carea' id='block_1_48' title="bbox 2141 2067 3716 2146">
    <p class='ocr_par' dir='ltr' id='par_1_48' title="bbox 2141 2067 3716 2146">
     <span class='ocr_line' id='line_1_48' title="bbox 2141 2067 3716 2146; baseline 0.004 -23"><span class='ocrx_word' id='word_1_334' title='bbox 2141 2067 2300 2140; x_wconf 76' lang='grc' dir='ltr'>ἔτυχε</span> <span class='ocrx_word' id='word_1_335' title='bbox 2330 2071 2440 2140; x_wconf 82' lang='grc' dir='ltr'>γὰρ</span> <span class='ocrx_word' id='word_1_336' title='bbox 2469 2070 2660 2141; x_wconf 70' lang='grc' dir='ltr'>μαθὼν</span> <span class='ocrx_word' id='word_1_337' title='bbox 2680 2073 2756 2136; x_wconf 83' lang='grc' dir='ltr'>ὡς</span> <span class='ocrx_word' id='word_1_338' title='bbox 2786 2074 3084 2143; x_wconf 79' lang='grc' dir='ltr'>ἀνάγονται</span> <span class='ocrx_word' id='word_1_339' title='bbox 3108 2075 3203 2133; x_wconf 83' lang='grc' dir='ltr'>δύο</span> <span class='ocrx_word' id='word_1_340' title='bbox 3231 2077 3360 2146; x_wconf 81' lang='grc' dir='ltr'>νῆες</span> <span class='ocrx_word' id='word_1_341' title='bbox 3378 2080 3453 2132; x_wconf 64' lang='grc' dir='ltr'><strong>ἐκ</strong></span> <span class='ocrx_word' id='word_1_342' title='bbox 3473 2078 3716 2140; x_wconf 79' lang='grc' dir='ltr'>Σικελίας</span> 
     </span>
    </p>
   </div>
   <div class='ocr_carea' id='block_1_49' title="bbox 2142 2248 3720 2324">
    <p class='ocr_par' dir='ltr' id='par_1_49' title="bbox 2142 2248 3720 2324">
     <span class='ocr_line' id='line_1_49' title="bbox 2142 2248 3720 2324; baseline 0.003 -23"><span class='ocrx_word' id='word_1_343' title='bbox 2142 2248 2398 2317; x_wconf 83' lang='lat' dir='ltr'><strong>deinteps</strong></span> <span class='ocrx_word' id='word_1_344' title='bbox 2425 2249 2586 2321; x_wconf 72' lang='lat'><strong>583</strong></span> <span class='ocrx_word' id='word_1_345' title='bbox 2612 2257 2669 2305; x_wconf 89' lang='lat' dir='ltr'><strong>ut</strong></span> <span class='ocrx_word' id='word_1_346' title='bbox 2690 2251 2904 2321; x_wconf 87' lang='lat' dir='ltr'><strong>propria</strong></span> <span class='ocrx_word' id='word_1_347' title='bbox 2928 2262 3229 2308; x_wconf 77' lang='lat' dir='ltr'><strong>servantes.</strong></span> <span class='ocrx_word' id='word_1_348' title='bbox 3253 2254 3380 2308; x_wconf 87' lang='lat' dir='ltr'><strong>Inde</strong></span> <span class='ocrx_word' id='word_1_349' title='bbox 3405 2256 3564 2324; x_wconf 78' lang='lat' dir='ltr'><strong>igitur</strong></span> <span class='ocrx_word' id='word_1_350' title='bbox 3590 2264 3720 2309; x_wconf 76' lang='lat' dir='ltr'><strong>naue</strong></span> 
     </span>
    </p>
   </div>
   <div class='ocr_carea' id='block_1_50' title="bbox 2142 2342 3722 2428">
    <p class='ocr_par' dir='ltr' id='par_1_50' title="bbox 2142 2342 3722 2428">
     <span class='ocr_line' id='line_1_50' title="bbox 2142 2342 3722 2428; baseline 0.001 -31"><span class='ocrx_word' id='word_1_351' title='bbox 2142 2344 2532 2397; x_wconf 65' lang='lat' dir='ltr'><strong>controversia:</strong></span> <span class='ocrx_word' id='word_1_352' title='bbox 2545 2342 2846 2428; x_wconf 69' lang='lat' dir='ltr'><strong>Athanasio</strong></span> <span class='ocrx_word' id='word_1_353' title='bbox 2864 2344 3225 2413; x_wconf 68' lang='lat' dir='ltr'><strong>dijudicandaa</strong></span> <span class='ocrx_word' id='word_1_354' title='bbox 3256 2347 3566 2402; x_wconf 79' lang='lat' dir='ltr'><strong>veniebant.</strong></span> <span class='ocrx_word' id='word_1_355' title='bbox 3590 2345 3722 2400; x_wconf 78' lang='lat' dir='ltr'><strong>Nam</strong></span> 
     </span>
    </p>
   </div>
   <div class='ocr_carea' id='block_1_51' title="bbox 2140 2432 3725 2505">
    <p class='ocr_par' dir='ltr' id='par_1_51' title="bbox 2140 2432 3725 2505">
     <span class='ocr_line' id='line_1_51' title="bbox 2140 2432 3725 2505; baseline 0.003 -18"><span class='ocrx_word' id='word_1_356' title='bbox 2140 2432 2233 2502; x_wconf 87' lang='lat' dir='ltr'><strong>jus</strong></span> <span class='ocrx_word' id='word_1_357' title='bbox 2260 2448 2425 2489; x_wconf 85' lang='lat' dir='ltr'><strong>omne</strong></span> <span class='ocrx_word' id='word_1_358' title='bbox 2459 2434 2858 2504; x_wconf 67' lang='lat' dir='ltr'><strong>arbitriumque</strong></span> <span class='ocrx_word' id='word_1_359' title='bbox 2902 2437 3265 2505; x_wconf 66' lang='lat' dir='ltr'><strong>quaestionum</strong></span> <span class='ocrx_word' id='word_1_360' title='bbox 3313 2437 3616 2493; x_wconf 85' lang='lat' dir='ltr'><strong>forensium</strong></span> <span class='ocrx_word' id='word_1_361' title='bbox 3658 2439 3725 2492; x_wconf 83' lang='lat' dir='ltr'><strong>ab</strong></span> 
     </span>
    </p>
   </div>
   <div class='ocr_carea' id='block_1_52' title="bbox 2147 2525 3723 2595">
    <p class='ocr_par' dir='ltr' id='par_1_52' title="bbox 2147 2525 3723 2595">
     <span class='ocr_line' id='line_1_52' title="bbox 2147 2525 3723 2595; baseline 0.002 -16"><span class='ocrx_word' id='word_1_362' title='bbox 2147 2525 2304 2580; x_wconf 85' lang='lat' dir='ltr'><strong>initio</strong></span> <span class='ocrx_word' id='word_1_363' title='bbox 2341 2526 2562 2581; x_wconf 87' lang='lat' dir='ltr'><strong>secundi</strong></span> <span class='ocrx_word' id='word_1_364' title='bbox 2599 2527 3003 2595; x_wconf 83' lang='lat' dir='ltr'><strong>patriarchatus</strong></span> <span class='ocrx_word' id='word_1_365' title='bbox 3037 2528 3340 2584; x_wconf 74' lang='lat' dir='ltr'><strong>Athanasio</strong></span> <span class='ocrx_word' id='word_1_366' title='bbox 3392 2530 3451 2584; x_wconf 91' lang='lat' dir='ltr'><strong>in</strong></span> <span class='ocrx_word' id='word_1_367' title='bbox 3499 2530 3723 2584; x_wconf 88' lang='lat' dir='ltr'><strong>solidum</strong></span> 
     </span>
    </p>
   </div>
   <div class='ocr_carea' id='block_1_53' title="bbox 2146 2617 3726 2689">
    <p class='ocr_par' dir='ltr' id='par_1_53' title="bbox 2146 2617 3726 2689">
     <span class='ocr_line' id='line_1_53' title="bbox 2146 2617 3726 2689; baseline 0.001 -17"><span class='ocrx_word' id='word_1_368' title='bbox 2146 2625 2425 2681; x_wconf 91' lang='lat' dir='ltr'><strong>cesserat,</strong></span> <span class='ocrx_word' id='word_1_369' title='bbox 2475 2617 2784 2685; x_wconf 86' lang='lat' dir='ltr'><strong>indulgente</strong></span> <span class='ocrx_word' id='word_1_370' title='bbox 2815 2619 3061 2688; x_wconf 86' lang='lat' dir='ltr'><strong>Augusto</strong></span> <span class='ocrx_word' id='word_1_371' title='bbox 3101 2619 3173 2674; x_wconf 88' lang='lat' dir='ltr'><strong>ob</strong></span> <span class='ocrx_word' id='word_1_372' title='bbox 3213 2636 3331 2674; x_wconf 90' lang='lat' dir='ltr'><strong>eam</strong></span> <span class='ocrx_word' id='word_1_373' title='bbox 3364 2623 3587 2689; x_wconf 80' lang='lat' dir='ltr'><strong>quidem</strong></span> <span class='ocrx_word' id='word_1_374' title='bbox 3613 2663 3629 2685; x_wconf 89' lang='lat'><strong>,</strong></span> <span class='ocrx_word' id='word_1_375' title='bbox 3670 2627 3726 2673; x_wconf 84' lang='grc' dir='ltr'><strong>ιιι</strong></span> 
     </span>
    </p>
   </div>
   <div class='ocr_carea' id='block_1_54' title="bbox 2146 2708 3728 2780">
    <p class='ocr_par' dir='ltr' id='par_1_54' title="bbox 2146 2708 3728 2780">
     <span class='ocr_line' id='line_1_54' title="bbox 2146 2708 3728 2780; baseline 0.003 -20"><span class='ocrx_word' id='word_1_376' title='bbox 2146 2708 2315 2762; x_wconf 85' lang='lat' dir='ltr'><strong>videri</strong></span> <span class='ocrx_word' id='word_1_377' title='bbox 2347 2710 2585 2772; x_wconf 83' lang='lat' dir='ltr'><strong>volebat,</strong></span> <span class='ocrx_word' id='word_1_378' title='bbox 2620 2709 2914 2776; x_wconf 83' lang='lat' dir='ltr'><strong>rationem,</strong></span> <span class='ocrx_word' id='word_1_379' title='bbox 2942 2711 3082 2777; x_wconf 90' lang='lat' dir='ltr'><strong>quod</strong></span> <span class='ocrx_word' id='word_1_380' title='bbox 3118 2724 3146 2763; x_wconf 88' lang='lat' dir='ltr'><strong>a</strong></span> <span class='ocrx_word' id='word_1_381' title='bbox 3176 2712 3465 2766; x_wconf 79' lang='lat' dir='ltr'><strong>notissima</strong></span> <span class='ocrx_word' id='word_1_382' title='bbox 3494 2711 3611 2780; x_wconf 85' lang='lat' dir='ltr'><strong>ejus</strong></span> <span class='ocrx_word' id='word_1_383' title='bbox 3639 2710 3728 2765; x_wconf 51' lang='lat' dir='ltr'><strong>ab.</strong></span> 
     </span>
    </p>
   </div>
   <div class='ocr_carea' id='block_1_55' title="bbox 2144 2800 3724 2873">
    <p class='ocr_par' dir='ltr' id='par_1_55' title="bbox 2144 2800 3724 2873">
     <span class='ocr_line' id='line_1_55' title="bbox 2144 2800 3724 2873; baseline 0 -19"><span class='ocrx_word' id='word_1_384' title='bbox 2144 2800 2403 2855; x_wconf 85' lang='lat' dir='ltr'><strong>stinentia</strong></span> <span class='ocrx_word' id='word_1_385' title='bbox 2450 2816 2642 2870; x_wconf 89' lang='lat' dir='ltr'><strong>puram</strong></span> <span class='ocrx_word' id='word_1_386' title='bbox 2692 2810 2746 2856; x_wconf 89' lang='lat' dir='ltr'><strong>et</strong></span> <span class='ocrx_word' id='word_1_387' title='bbox 2801 2802 3002 2856; x_wconf 82' lang='lat' dir='ltr'><strong>nullius</strong></span> <span class='ocrx_word' id='word_1_388' title='bbox 3046 2812 3352 2871; x_wconf 82' lang='lat' dir='ltr'><strong>suspectam</strong></span> <span class='ocrx_word' id='word_1_389' title='bbox 3404 2803 3724 2873; x_wconf 84' lang='lat' dir='ltr'><strong>acceptionis</strong></span> 
     </span>
    </p>
   </div>
   <div class='ocr_carea' id='block_1_56' title="bbox 2147 2894 3723 2965">
    <p class='ocr_par' dir='ltr' id='par_1_56' title="bbox 2147 2894 3723 2965">
     <span class='ocr_line' id='line_1_56' title="bbox 2147 2894 3723 2965; baseline 0.001 -21"><span class='ocrx_word' id='word_1_390' title='bbox 2147 2907 2431 2948; x_wconf 89' lang='lat' dir='ltr'><strong>munerum</strong></span> <span class='ocrx_word' id='word_1_391' title='bbox 2465 2894 2891 2962; x_wconf 78' lang='lat' dir='ltr'><strong>exspectandam</strong></span> <span class='ocrx_word' id='word_1_392' title='bbox 2941 2908 3067 2949; x_wconf 81' lang='lat' dir='ltr'><strong>esse</strong></span> <span class='ocrx_word' id='word_1_393' title='bbox 3114 2895 3558 2965; x_wconf 72' lang='lat' dir='ltr'><strong>iurisdictionem</strong></span> <span class='ocrx_word' id='word_1_394' title='bbox 3613 2907 3723 2947; x_wconf 84' lang='lat' dir='ltr'><strong>ere-</strong></span> 
     </span>
    </p>
   </div>
   <div class='ocr_carea' id='block_1_57' title="bbox 2146 2984 3801 3055">
    <p class='ocr_par' dir='ltr' id='par_1_57' title="bbox 2146 2984 3801 3055">
     <span class='ocr_line' id='line_1_57' title="bbox 2146 2984 3801 3055; baseline -0.001 -17"><span class='ocrx_word' id='word_1_395' title='bbox 2146 2985 2349 3039; x_wconf 88' lang='lat' dir='ltr'><strong>deret:</strong></span> <span class='ocrx_word' id='word_1_396' title='bbox 2382 2984 2474 3038; x_wconf 85' lang='lat' dir='ltr'><strong>sed</strong></span> <span class='ocrx_word' id='word_1_397' title='bbox 2517 3000 2622 3040; x_wconf 91' lang='lat' dir='ltr'><strong>non</strong></span> <span class='ocrx_word' id='word_1_398' title='bbox 2659 2984 2863 3038; x_wconf 82' lang='lat' dir='ltr'><strong>latebat</strong></span> <span class='ocrx_word' id='word_1_399' title='bbox 2907 2987 3251 3055; x_wconf 80' lang='lat' dir='ltr'><strong>perspicaces</strong></span> <span class='ocrx_word' id='word_1_400' title='bbox 3299 2988 3411 3041; x_wconf 87' lang='lat' dir='ltr'><strong>alia</strong></span> <span class='ocrx_word' id='word_1_401' title='bbox 3457 2986 3716 3042; x_wconf 89' lang='lat' dir='ltr'><strong>occultata</strong></span> <span class='ocrx_word' id='word_1_402' title='bbox 3786 3006 3801 3011; x_wconf 61' lang='lat'><strong>~</strong></span> 
     </span>
    </p>
   </div>
   <div class='ocr_carea' id='block_1_58' title="bbox 458 3073 3713 3178">
    <p class='ocr_par' dir='ltr' id='par_1_58' title="bbox 458 3073 3713 3178">
     <span class='ocr_line' id='line_1_58' title="bbox 458 3073 3713 3178; baseline 0 -51"><span class='ocrx_word' id='word_1_403' title='bbox 458 3073 738 3137; x_wconf 87' lang='lat' dir='ltr'><strong>cendium,</strong></span> <span class='ocrx_word' id='word_1_404' title='bbox 770 3090 876 3142; x_wconf 89' lang='lat' dir='ltr'><strong>quo</strong></span> <span class='ocrx_word' id='word_1_405' title='bbox 904 3091 932 3127; x_wconf 90' lang='lat' dir='ltr'><strong>a</strong></span> <span class='ocrx_word' id='word_1_406' title='bbox 974 3086 1127 3146; x_wconf 86' lang='lat' dir='ltr'><strong>porta</strong></span> <span class='ocrx_word' id='word_1_407' title='bbox 1174 3076 1516 3147; x_wconf 84' lang='lat' dir='ltr'><strong>Cynegorum</strong></span> <span class='ocrx_word' id='word_1_408' title='bbox 1569 3078 1713 3133; x_wconf 89' lang='lat' dir='ltr'><strong>dicta</strong></span> <span class='ocrx_word' id='word_1_409' title='bbox 1760 3094 1931 3147; x_wconf 84' lang='lat' dir='ltr'><strong>usque</strong></span> <span class='ocrx_word' id='word_1_410' title='bbox 1972 3079 2039 3131; x_wconf 92' lang='lat' dir='ltr'><strong>ad</strong></span> <span class='ocrx_word' id='word_1_411' title='bbox 2069 3122 2111 3178; x_wconf 63' lang='grc' dir='ltr'>α</span> <span class='ocrx_word' id='word_1_412' title='bbox 2149 3074 2463 3144; x_wconf 81' lang='lat' dir='ltr'><strong>profundius</strong></span> <span class='ocrx_word' id='word_1_413' title='bbox 2491 3075 2647 3129; x_wconf 84' lang='lat' dir='ltr'><strong>istius</strong></span> <span class='ocrx_word' id='word_1_414' title='bbox 2673 3074 3050 3128; x_wconf 88' lang='lat' dir='ltr'><strong>altributionis</strong></span> <span class='ocrx_word' id='word_1_415' title='bbox 3080 3089 3269 3128; x_wconf 86' lang='lat' dir='ltr'><strong>causa.</strong></span> <span class='ocrx_word' id='word_1_416' title='bbox 3303 3074 3516 3144; x_wconf 84' lang='lat' dir='ltr'><strong>Nempe</strong></span> <span class='ocrx_word' id='word_1_417' title='bbox 3549 3073 3713 3141; x_wconf 83' lang='lat' dir='ltr'><strong>impe-</strong></span> 
     </span>
    </p>
   </div>
   <div class='ocr_carea' id='block_1_59' title="bbox 467 3170 2041 3239">
    <p class='ocr_par' dir='ltr' id='par_1_59' title="bbox 467 3170 2041 3239">
     <span class='ocr_line' id='line_1_59' title="bbox 467 3170 2041 3239; baseline 0.003 -16"><span class='ocrx_word' id='word_1_418' title='bbox 467 3170 854 3223; x_wconf 86' lang='lat' dir='ltr'><strong>monasterium</strong></span> <span class='ocrx_word' id='word_1_419' title='bbox 886 3170 1195 3235; x_wconf 85' lang='lat' dir='ltr'><strong>Prodromi,</strong></span> <span class='ocrx_word' id='word_1_420' title='bbox 1230 3181 1376 3228; x_wconf 91' lang='lat' dir='ltr'><strong>totus</strong></span> <span class='ocrx_word' id='word_1_421' title='bbox 1407 3172 1497 3228; x_wconf 92' lang='lat' dir='ltr'><strong>ille</strong></span> <span class='ocrx_word' id='word_1_422' title='bbox 1529 3173 1677 3226; x_wconf 89' lang='lat' dir='ltr'><strong>urbis</strong></span> <span class='ocrx_word' id='word_1_423' title='bbox 1722 3187 1880 3239; x_wconf 80' lang='lat' dir='ltr'><strong>quant</strong></span> <span class='ocrx_word' id='word_1_424' title='bbox 1930 3170 2041 3228; x_wconf 82' lang='lat' dir='ltr'><strong>late</strong></span> 
     </span>
    </p>
   </div>
   <div class='ocr_carea' id='block_1_60' title="bbox 465 3261 2043 3334">
    <p class='ocr_par' dir='ltr' id='par_1_60' title="bbox 465 3261 2043 3334">
     <span class='ocr_line' id='line_1_60' title="bbox 465 3261 2043 3334; baseline 0.003 -23"><span class='ocrx_word' id='word_1_425' title='bbox 465 3272 608 3326; x_wconf 78' lang='lat' dir='ltr'><strong>patet</strong></span> <span class='ocrx_word' id='word_1_426' title='bbox 644 3261 1083 3327; x_wconf 70' lang='lat' dir='ltr'><strong>frequentissime</strong></span> <span class='ocrx_word' id='word_1_427' title='bbox 1117 3263 1392 3318; x_wconf 91' lang='lat' dir='ltr'><strong>habitatus</strong></span> <span class='ocrx_word' id='word_1_428' title='bbox 1424 3264 1595 3317; x_wconf 83' lang='lat' dir='ltr'><strong>clivus</strong></span> <span class='ocrx_word' id='word_1_429' title='bbox 1630 3263 1842 3316; x_wconf 76' lang='lat' dir='ltr'><strong>flamma</strong></span> <span class='ocrx_word' id='word_1_430' title='bbox 1887 3278 2043 3334; x_wconf 86' lang='lat' dir='ltr'><strong>gras-</strong></span> 
     </span>
    </p>
   </div>
   <div class='ocr_carea' id='block_1_61' title="bbox 462 3353 2042 3424">
    <p class='ocr_par' dir='ltr' id='par_1_61' title="bbox 462 3353 2042 3424">
     <span class='ocr_line' id='line_1_61' title="bbox 462 3353 2042 3424; baseline 0.001 -17"><span class='ocrx_word' id='word_1_431' title='bbox 462 3365 615 3409; x_wconf 77' lang='lat' dir='ltr'><strong>Sante</strong></span> <span class='ocrx_word' id='word_1_432' title='bbox 651 3353 856 3409; x_wconf 77' lang='lat' dir='ltr'><strong>deletus</strong></span> <span class='ocrx_word' id='word_1_433' title='bbox 886 3363 989 3420; x_wconf 90' lang='lat' dir='ltr'><strong>est,</strong></span> <span class='ocrx_word' id='word_1_434' title='bbox 1020 3358 1239 3409; x_wconf 89' lang='lat' dir='ltr'><strong>redacta</strong></span> <span class='ocrx_word' id='word_1_435' title='bbox 1275 3357 1326 3408; x_wconf 94' lang='lat' dir='ltr'><strong>in</strong></span> <span class='ocrx_word' id='word_1_436' title='bbox 1360 3356 1598 3410; x_wconf 85' lang='lat' dir='ltr'><strong>cinerem</strong></span> <span class='ocrx_word' id='word_1_437' title='bbox 1635 3371 1696 3409; x_wconf 90' lang='lat' dir='ltr'><strong>ac</strong></span> <span class='ocrx_word' id='word_1_438' title='bbox 1737 3355 1894 3423; x_wconf 83' lang='lat' dir='ltr'><strong>plane</strong></span> <span class='ocrx_word' id='word_1_439' title='bbox 1922 3370 2042 3424; x_wconf 87' lang='lat' dir='ltr'><strong>per-</strong></span> 
     </span>
    </p>
   </div>
   <div class='ocr_carea' id='block_1_62' title="bbox 466 3446 2042 3516">
    <p class='ocr_par' dir='ltr' id='par_1_62' title="bbox 466 3446 2042 3516">
     <span class='ocr_line' id='line_1_62' title="bbox 466 3446 2042 3516; baseline 0.003 -20"><span class='ocrx_word' id='word_1_440' title='bbox 466 3446 573 3497; x_wconf 78' lang='lat' dir='ltr'><strong>dita</strong></span> <span class='ocrx_word' id='word_1_441' title='bbox 605 3447 692 3499; x_wconf 87' lang='lat' dir='ltr'><strong>illa</strong></span> <span class='ocrx_word' id='word_1_442' title='bbox 720 3447 994 3515; x_wconf 79' lang='lat' dir='ltr'><strong>opulentia</strong></span> <span class='ocrx_word' id='word_1_443' title='bbox 1028 3446 1139 3501; x_wconf 86' lang='lat' dir='ltr'><strong>illic</strong></span> <span class='ocrx_word' id='word_1_444' title='bbox 1189 3458 1447 3515; x_wconf 78' lang='lat' dir='ltr'><strong>congesta</strong></span> <span class='ocrx_word' id='word_1_445' title='bbox 1494 3448 1756 3503; x_wconf 87' lang='lat' dir='ltr'><strong>mercium</strong></span> <span class='ocrx_word' id='word_1_446' title='bbox 1800 3462 1831 3501; x_wconf 89' lang='lat' dir='ltr'><strong>e</strong></span> <span class='ocrx_word' id='word_1_447' title='bbox 1878 3447 2042 3516; x_wconf 79' lang='lat' dir='ltr'><strong>longo</strong></span> 
     </span>
    </p>
   </div>
   <div class='ocr_carea' id='block_1_63' title="bbox 465 3538 2038 3607">
    <p class='ocr_par' dir='ltr' id='par_1_63' title="bbox 465 3538 2038 3607">
     <span class='ocr_line' id='line_1_63' title="bbox 465 3538 2038 3607; baseline 0.003 -19"><span class='ocrx_word' id='word_1_448' title='bbox 465 3540 831 3603; x_wconf 71' lang='lat' dir='ltr'><strong>advectarum,</strong></span> <span class='ocrx_word' id='word_1_449' title='bbox 862 3538 947 3591; x_wconf 91' lang='lat' dir='ltr'><strong>illa</strong></span> <span class='ocrx_word' id='word_1_450' title='bbox 980 3539 1378 3607; x_wconf 82' lang='lat' dir='ltr'><strong>magnificentia</strong></span> <span class='ocrx_word' id='word_1_451' title='bbox 1409 3540 1769 3606; x_wconf 86' lang='lat' dir='ltr'><strong>superbarum</strong></span> <span class='ocrx_word' id='word_1_452' title='bbox 1802 3540 2001 3594; x_wconf 78' lang='lat' dir='ltr'><strong>:edium</strong></span> <span class='ocrx_word' id='word_1_453' title='bbox 2022 3579 2038 3604; x_wconf 90' lang='lat'><strong>,</strong></span> 
     </span>
    </p>
   </div>
   <div class='ocr_carea' id='block_1_64' title="bbox 464 3630 2045 3702">
    <p class='ocr_par' dir='ltr' id='par_1_64' title="bbox 464 3630 2045 3702">
     <span class='ocr_line' id='line_1_64' title="bbox 464 3630 2045 3702; baseline 0.003 -20"><span class='ocrx_word' id='word_1_454' title='bbox 464 3630 666 3698; x_wconf 83' lang='lat' dir='ltr'><strong>pariter</strong></span> <span class='ocrx_word' id='word_1_455' title='bbox 690 3646 796 3685; x_wconf 89' lang='lat' dir='ltr'><strong>una</strong></span> <span class='ocrx_word' id='word_1_456' title='bbox 832 3646 954 3685; x_wconf 88' lang='lat' dir='ltr'><strong>cum</strong></span> <span class='ocrx_word' id='word_1_457' title='bbox 987 3633 1385 3699; x_wconf 87' lang='lat' dir='ltr'><strong>pretiosissima</strong></span> <span class='ocrx_word' id='word_1_458' title='bbox 1414 3632 1731 3702; x_wconf 86' lang='lat' dir='ltr'><strong>supellectili</strong></span> <span class='ocrx_word' id='word_1_459' title='bbox 1761 3631 2045 3702; x_wconf 84' lang='lat' dir='ltr'><strong>splendide</strong></span> 
     </span>
    </p>
   </div>
   <div class='ocr_carea' id='block_1_65' title="bbox 463 3723 2048 3795">
    <p class='ocr_par' dir='ltr' id='par_1_65' title="bbox 463 3723 2048 3795">
     <span class='ocr_line' id='line_1_65' title="bbox 463 3723 2048 3795; baseline 0.002 -19"><span class='ocrx_word' id='word_1_460' title='bbox 463 3723 519 3776; x_wconf 87' lang='lat' dir='ltr'><strong>in</strong></span> <span class='ocrx_word' id='word_1_461' title='bbox 553 3724 621 3778; x_wconf 89' lang='lat' dir='ltr'><strong>iis</strong></span> <span class='ocrx_word' id='word_1_462' title='bbox 649 3724 1037 3778; x_wconf 71' lang='lat' dir='ltr'><strong>divorsantium</strong></span> <span class='ocrx_word' id='word_1_463' title='bbox 1076 3725 1336 3780; x_wconf 78' lang='lat' dir='ltr'><strong>nobilium</strong></span> <span class='ocrx_word' id='word_1_464' title='bbox 1382 3724 1746 3791; x_wconf 81' lang='lat' dir='ltr'><strong>familiarum;</strong></span> <span class='ocrx_word' id='word_1_465' title='bbox 1789 3725 1967 3795; x_wconf 87' lang='lat' dir='ltr'><strong>qualis</strong></span> <span class='ocrx_word' id='word_1_466' title='bbox 1991 3733 2048 3779; x_wconf 88' lang='lat' dir='ltr'><strong>et</strong></span> 
     </span>
    </p>
   </div>
   <div class='ocr_carea' id='block_1_66' title="bbox 464 3815 2043 3887">
    <p class='ocr_par' dir='ltr' id='par_1_66' title="bbox 464 3815 2043 3887">
     <span class='ocr_line' id='line_1_66' title="bbox 464 3815 2043 3887; baseline 0 -18"><span class='ocrx_word' id='word_1_467' title='bbox 464 3825 626 3870; x_wconf 83' lang='lat' dir='ltr'><strong>antea</strong></span> <span class='ocrx_word' id='word_1_468' title='bbox 661 3815 942 3871; x_wconf 88' lang='lat' dir='ltr'><strong>calamitas</strong></span> <span class='ocrx_word' id='word_1_469' title='bbox 985 3817 1082 3871; x_wconf 85' lang='lat' dir='ltr'><strong>sub</strong></span> <span class='ocrx_word' id='word_1_470' title='bbox 1130 3818 1247 3885; x_wconf 86' lang='lat' dir='ltr'><strong>ejus</strong></span> <span class='ocrx_word' id='word_1_471' title='bbox 1295 3819 1667 3887; x_wconf 78' lang='lat' dir='ltr'><strong>patriarchatu</strong></span> <span class='ocrx_word' id='word_1_472' title='bbox 1716 3818 2043 3886; x_wconf 86' lang='lat' dir='ltr'><strong>contigerat.</strong></span> 
     </span>
    </p>
   </div>
   <div class='ocr_carea' id='block_1_67' title="bbox 465 3906 2045 3980">
    <p class='ocr_par' dir='ltr' id='par_1_67' title="bbox 465 3906 2045 3980">
     <span class='ocr_line' id='line_1_67' title="bbox 465 3906 2045 3980; baseline 0.002 -20"><span class='ocrx_word' id='word_1_473' title='bbox 465 3906 597 3962; x_wconf 84' lang='lat' dir='ltr'><strong>inde</strong></span> <span class='ocrx_word' id='word_1_474' title='bbox 644 3924 747 3964; x_wconf 90' lang='lat' dir='ltr'><strong>non</strong></span> <span class='ocrx_word' id='word_1_475' title='bbox 780 3909 1004 3966; x_wconf 83' lang='lat' dir='ltr'><strong>defuere</strong></span> <span class='ocrx_word' id='word_1_476' title='bbox 1036 3913 1127 3980; x_wconf 92' lang='lat' dir='ltr'><strong>qui</strong></span> <span class='ocrx_word' id='word_1_477' title='bbox 1177 3912 1480 3966; x_wconf 84' lang='lat' dir='ltr'><strong>Athanasio</strong></span> <span class='ocrx_word' id='word_1_478' title='bbox 1511 3927 1696 3968; x_wconf 88' lang='lat' dir='ltr'><strong>coram</strong></span> <span class='ocrx_word' id='word_1_479' title='bbox 1731 3910 1783 3965; x_wconf 92' lang='lat' dir='ltr'><strong>in</strong></span> <span class='ocrx_word' id='word_1_480' title='bbox 1831 3926 1895 3967; x_wconf 89' lang='lat' dir='ltr'><strong>os</strong></span> <span class='ocrx_word' id='word_1_481' title='bbox 1942 3910 2045 3979; x_wconf 84' lang='lat' dir='ltr'><strong>ipsi</strong></span> 
     </span>
    </p>
   </div>
   <div class='ocr_carea' id='block_1_68' title="bbox 466 3999 2044 4069">
    <p class='ocr_par' dir='ltr' id='par_1_68' title="bbox 466 3999 2044 4069">
     <span class='ocr_line' id='line_1_68' title="bbox 466 3999 2044 4069; baseline -0.001 -17"><span class='ocrx_word' id='word_1_482' title='bbox 466 3999 797 4067; x_wconf 70' lang='lat' dir='ltr'><strong>exprobrare</strong></span> <span class='ocrx_word' id='word_1_483' title='bbox 829 4014 937 4054; x_wconf 91' lang='lat' dir='ltr'><strong>non</strong></span> <span class='ocrx_word' id='word_1_484' title='bbox 984 4001 1297 4056; x_wconf 88' lang='lat' dir='ltr'><strong>dubitarent</strong></span> <span class='ocrx_word' id='word_1_485' title='bbox 1341 4002 1631 4069; x_wconf 68' lang='lat' dir='ltr'><strong>praeclaras</strong></span> <span class='ocrx_word' id='word_1_486' title='bbox 1667 4002 1803 4056; x_wconf 84' lang='lat' dir='ltr'><strong>istas</strong></span> <span class='ocrx_word' id='word_1_487' title='bbox 1832 4001 1950 4069; x_wconf 81' lang='lat' dir='ltr'><strong>ejus</strong></span> <span class='ocrx_word' id='word_1_488' title='bbox 1982 3999 2044 4052; x_wconf 88' lang='lat' dir='ltr'><strong>li-</strong></span> 
     </span>
    </p>
   </div>
   <div class='ocr_carea' id='block_1_69' title="bbox 469 4088 2045 4161">
    <p class='ocr_par' dir='ltr' id='par_1_69' title="bbox 469 4088 2045 4161">
     <span class='ocr_line' id='line_1_69' title="bbox 469 4088 2045 4161; baseline 0.001 -20"><span class='ocrx_word' id='word_1_489' title='bbox 469 4088 647 4143; x_wconf 86' lang='lat' dir='ltr'><strong>tanias</strong></span> <span class='ocrx_word' id='word_1_490' title='bbox 684 4088 853 4149; x_wconf 86' lang='lat' dir='ltr'><strong>facem</strong></span> <span class='ocrx_word' id='word_1_491' title='bbox 909 4089 1077 4144; x_wconf 81' lang='lat' dir='ltr'><strong>fuisse</strong></span> <span class='ocrx_word' id='word_1_492' title='bbox 1121 4091 1454 4145; x_wconf 88' lang='lat' dir='ltr'><strong>luculentam</strong></span> <span class='ocrx_word' id='word_1_493' title='bbox 1483 4108 1602 4161; x_wconf 67' lang='lat' dir='ltr'><strong>quin</strong></span> <span class='ocrx_word' id='word_1_494' title='bbox 1645 4102 1848 4147; x_wconf 83' lang='lat' dir='ltr'><strong>tantam</strong></span> <span class='ocrx_word' id='word_1_495' title='bbox 1887 4092 2045 4145; x_wconf 90' lang='lat' dir='ltr'><strong>istam</strong></span> 
     </span>
    </p>
   </div>
   <div class='ocr_carea' id='block_1_70' title="bbox 470 4179 2050 4253">
    <p class='ocr_par' dir='ltr' id='par_1_70' title="bbox 470 4179 2050 4253">
     <span class='ocr_line' id='line_1_70' title="bbox 470 4179 2050 4253; baseline 0.002 -21"><span class='ocrx_word' id='word_1_496' title='bbox 470 4179 620 4234; x_wconf 84' lang='lat' dir='ltr'><strong>urbis</strong></span> <span class='ocrx_word' id='word_1_497' title='bbox 660 4190 870 4249; x_wconf 87' lang='lat' dir='ltr'><strong>partem</strong></span> <span class='ocrx_word' id='word_1_498' title='bbox 901 4179 1292 4236; x_wconf 80' lang='lat' dir='ltr'><strong>inflammando</strong></span> <span class='ocrx_word' id='word_1_499' title='bbox 1325 4185 1680 4253; x_wconf 84' lang='lat' dir='ltr'><strong>corrupisset.</strong></span> <span class='ocrx_word' id='word_1_500' title='bbox 1709 4184 1920 4250; x_wconf 81' lang='lat' dir='ltr'><strong>Quibus</strong></span> <span class='ocrx_word' id='word_1_501' title='bbox 1961 4183 2050 4235; x_wconf 79' lang='lat' dir='ltr'><strong>ille</strong></span> 
     </span>
    </p>
   </div>
   <div class='ocr_carea' id='block_1_71' title="bbox 469 4275 2051 4347">
    <p class='ocr_par' dir='ltr' id='par_1_71' title="bbox 469 4275 2051 4347">
     <span class='ocr_line' id='line_1_71' title="bbox 469 4275 2051 4347; baseline 0 -18"><span class='ocrx_word' id='word_1_502' title='bbox 469 4275 765 4344; x_wconf 83' lang='lat' dir='ltr'><strong>reponebat</strong></span> <span class='ocrx_word' id='word_1_503' title='bbox 803 4290 910 4329; x_wconf 92' lang='lat' dir='ltr'><strong>non</strong></span> <span class='ocrx_word' id='word_1_504' title='bbox 943 4275 1189 4339; x_wconf 82' lang='lat' dir='ltr'><strong>litanias,</strong></span> <span class='ocrx_word' id='word_1_505' title='bbox 1239 4278 1332 4331; x_wconf 88' lang='lat' dir='ltr'><strong>sed</strong></span> <span class='ocrx_word' id='word_1_506' title='bbox 1369 4277 1608 4347; x_wconf 86' lang='lat' dir='ltr'><strong>ipsorum</strong></span> <span class='ocrx_word' id='word_1_507' title='bbox 1641 4278 1732 4346; x_wconf 87' lang='lat' dir='ltr'><strong>qtti</strong></span> <span class='ocrx_word' id='word_1_508' title='bbox 1787 4277 1869 4332; x_wconf 85' lang='lat' dir='ltr'><strong>sic</strong></span> <span class='ocrx_word' id='word_1_509' title='bbox 1902 4293 2051 4330; x_wconf 87' lang='lat' dir='ltr'><strong>mur-</strong></span> 
     </span>
    </p>
   </div>
   <div class='ocr_carea' id='block_1_72' title="bbox 469 4368 2050 4440">
    <p class='ocr_par' dir='ltr' id='par_1_72' title="bbox 469 4368 2050 4440">
     <span class='ocr_line' id='line_1_72' title="bbox 469 4368 2050 4440; baseline 0.001 -17"><span class='ocrx_word' id='word_1_510' title='bbox 469 4382 772 4435; x_wconf 83' lang='lat' dir='ltr'><strong>murarcnt,</strong></span> <span class='ocrx_word' id='word_1_511' title='bbox 804 4370 855 4423; x_wconf 91' lang='lat' dir='ltr'><strong>in</strong></span> <span class='ocrx_word' id='word_1_512' title='bbox 901 4384 963 4424; x_wconf 87' lang='lat' dir='ltr'><strong>ea</strong></span> <span class='ocrx_word' id='word_1_513' title='bbox 999 4370 1313 4440; x_wconf 85' lang='lat' dir='ltr'><strong>precatione</strong></span> <span class='ocrx_word' id='word_1_514' title='bbox 1345 4384 1410 4423; x_wconf 91' lang='lat' dir='ltr'><strong>ac</strong></span> <span class='ocrx_word' id='word_1_515' title='bbox 1453 4368 1664 4422; x_wconf 85' lang='lat' dir='ltr'><strong>caeteris</strong></span> <span class='ocrx_word' id='word_1_516' title='bbox 1710 4370 1813 4436; x_wconf 84' lang='lat' dir='ltr'><strong>piis</strong></span> <span class='ocrx_word' id='word_1_517' title='bbox 1860 4368 2050 4425; x_wconf 77' lang='lat' dir='ltr'><strong>officiis</strong></span> 
     </span>
    </p>
   </div>
   <div class='ocr_carea' id='block_1_73' title="bbox 2148 3164 3719 3236">
    <p class='ocr_par' dir='ltr' id='par_1_73' title="bbox 2148 3164 3719 3236">
     <span class='ocr_line' id='line_1_73' title="bbox 2148 3164 3719 3236; baseline -0.003 -15"><span class='ocrx_word' id='word_1_518' title='bbox 2148 3177 2296 3222; x_wconf 88' lang='lat' dir='ltr'><strong>rator</strong></span> <span class='ocrx_word' id='word_1_519' title='bbox 2332 3166 2605 3221; x_wconf 87' lang='lat' dir='ltr'><strong>hominem</strong></span> <span class='ocrx_word' id='word_1_520' title='bbox 2642 3166 2818 3235; x_wconf 89' lang='lat' dir='ltr'><strong>palam</strong></span> <span class='ocrx_word' id='word_1_521' title='bbox 2859 3181 3079 3220; x_wconf 79' lang='lat' dir='ltr'><strong>exosum</strong></span> <span class='ocrx_word' id='word_1_522' title='bbox 3110 3205 3128 3233; x_wconf 86' lang='lat'><strong>,</strong></span> <span class='ocrx_word' id='word_1_523' title='bbox 3175 3182 3334 3235; x_wconf 84' lang='lat' dir='ltr'><strong>quem</strong></span> <span class='ocrx_word' id='word_1_524' title='bbox 3385 3183 3415 3222; x_wconf 87' lang='lat' dir='ltr'><strong>a</strong></span> <span class='ocrx_word' id='word_1_525' title='bbox 3457 3164 3719 3236; x_wconf 82' lang='lat' dir='ltr'><strong>popularis</strong></span> 
     </span>
    </p>
   </div>
   <div class='ocr_carea' id='block_1_74' title="bbox 2144 3256 3719 3328">
    <p class='ocr_par' dir='ltr' id='par_1_74' title="bbox 2144 3256 3719 3328">
     <span class='ocr_line' id='line_1_74' title="bbox 2144 3256 3719 3328; baseline -0.004 -14"><span class='ocrx_word' id='word_1_526' title='bbox 2144 3259 2431 3315; x_wconf 89' lang='lat' dir='ltr'><strong>insultibus</strong></span> <span class='ocrx_word' id='word_1_527' title='bbox 2459 3258 2673 3313; x_wconf 62' lang='lat' dir='ltr'><strong>invidiae</strong></span> <span class='ocrx_word' id='word_1_528' title='bbox 2708 3268 2763 3312; x_wconf 93' lang='lat' dir='ltr'><strong>et</strong></span> <span class='ocrx_word' id='word_1_529' title='bbox 2788 3256 3023 3328; x_wconf 88' lang='lat' dir='ltr'><strong>querelis</strong></span> <span class='ocrx_word' id='word_1_530' title='bbox 3052 3258 3583 3313; x_wconf 88' lang='lat' dir='ltr'><strong>increbrescentibus</strong></span> <span class='ocrx_word' id='word_1_531' title='bbox 3611 3270 3719 3309; x_wconf 83' lang='lat' dir='ltr'><strong>om-</strong></span> 
     </span>
    </p>
   </div>
   <div class='ocr_carea' id='block_1_75' title="bbox 2146 3348 3717 3422">
    <p class='ocr_par' dir='ltr' id='par_1_75' title="bbox 2146 3348 3717 3422">
     <span class='ocr_line' id='line_1_75' title="bbox 2146 3348 3717 3422; baseline -0.008 -15"><span class='ocrx_word' id='word_1_532' title='bbox 2146 3353 2300 3407; x_wconf 90' lang='lat' dir='ltr'><strong>nium</strong></span> <span class='ocrx_word' id='word_1_533' title='bbox 2331 3365 2473 3422; x_wconf 65' lang='lat' dir='ltr'><strong>aegre</strong></span> <span class='ocrx_word' id='word_1_534' title='bbox 2517 3360 2628 3406; x_wconf 90' lang='lat' dir='ltr'><strong>tota</strong></span> <span class='ocrx_word' id='word_1_535' title='bbox 2662 3351 2713 3402; x_wconf 87' lang='lat' dir='ltr'><strong>vi</strong></span> <span class='ocrx_word' id='word_1_536' title='bbox 2750 3364 2842 3402; x_wconf 88' lang='lat' dir='ltr'><strong>sua</strong></span> <span class='ocrx_word' id='word_1_537' title='bbox 2877 3348 3228 3415; x_wconf 83' lang='lat' dir='ltr'><strong>defenderet,</strong></span> <span class='ocrx_word' id='word_1_538' title='bbox 3260 3348 3478 3404; x_wconf 79' lang='lat' dir='ltr'><strong>efficere</strong></span> <span class='ocrx_word' id='word_1_539' title='bbox 3509 3348 3606 3402; x_wconf 85' lang='lat' dir='ltr'><strong>hac</strong></span> <span class='ocrx_word' id='word_1_540' title='bbox 3636 3360 3717 3397; x_wconf 88' lang='lat' dir='ltr'><strong>ra-</strong></span> 
     </span>
    </p>
   </div>
   <div class='ocr_carea' id='block_1_76' title="bbox 2147 3441 3718 3512">
    <p class='ocr_par' dir='ltr' id='par_1_76' title="bbox 2147 3441 3718 3512">
     <span class='ocr_line' id='line_1_76' title="bbox 2147 3441 3718 3512; baseline -0.006 -15"><span class='ocrx_word' id='word_1_541' title='bbox 2147 3446 2296 3499; x_wconf 90' lang='lat' dir='ltr'><strong>tione</strong></span> <span class='ocrx_word' id='word_1_542' title='bbox 2319 3444 2571 3500; x_wconf 85' lang='lat' dir='ltr'><strong>studebat</strong></span> <span class='ocrx_word' id='word_1_543' title='bbox 2598 3454 2659 3496; x_wconf 88' lang='grc' dir='ltr'><strong>ιιι</strong></span> <span class='ocrx_word' id='word_1_544' title='bbox 2690 3442 2937 3512; x_wconf 86' lang='lat' dir='ltr'><strong>plerique</strong></span> <span class='ocrx_word' id='word_1_545' title='bbox 2960 3450 3352 3496; x_wconf 85' lang='lat' dir='ltr'><strong>venerarentur</strong></span> <span class='ocrx_word' id='word_1_546' title='bbox 3372 3449 3429 3496; x_wconf 88' lang='lat' dir='ltr'><strong>et</strong></span> <span class='ocrx_word' id='word_1_547' title='bbox 3457 3441 3718 3497; x_wconf 85' lang='lat' dir='ltr'><strong>timerent.</strong></span> 
     </span>
    </p>
   </div>
   <div class='ocr_carea' id='block_1_77' title="bbox 2146 3531 3723 3605">
    <p class='ocr_par' dir='ltr' id='par_1_77' title="bbox 2146 3531 3723 3605">
     <span class='ocr_line' id='line_1_77' title="bbox 2146 3531 3723 3605; baseline -0.007 -13"><span class='ocrx_word' id='word_1_548' title='bbox 2146 3537 2226 3592; x_wconf 92' lang='lat' dir='ltr'><strong>uti</strong></span> <span class='ocrx_word' id='word_1_549' title='bbox 2257 3552 2381 3592; x_wconf 90' lang='lat' dir='ltr'><strong>eum</strong></span> <span class='ocrx_word' id='word_1_550' title='bbox 2429 3551 2459 3590; x_wconf 89' lang='lat' dir='ltr'><strong>a</strong></span> <span class='ocrx_word' id='word_1_551' title='bbox 2510 3551 2618 3605; x_wconf 90' lang='lat' dir='ltr'><strong>quo</strong></span> <span class='ocrx_word' id='word_1_552' title='bbox 2672 3549 2982 3603; x_wconf 84' lang='lat' dir='ltr'><strong>supremam</strong></span> <span class='ocrx_word' id='word_1_553' title='bbox 3032 3536 3424 3589; x_wconf 86' lang='lat' dir='ltr'><strong>auctoritatem</strong></span> <span class='ocrx_word' id='word_1_554' title='bbox 3459 3531 3723 3586; x_wconf 87' lang='lat' dir='ltr'><strong>obtinente</strong></span> 
     </span>
    </p>
   </div>
   <div class='ocr_carea' id='block_1_78' title="bbox 2141 3629 3721 3705">
    <p class='ocr_par' dir='ltr' id='par_1_78' title="bbox 2141 3629 3721 3705">
     <span class='ocr_line' id='line_1_78' title="bbox 2141 3629 3721 3705; baseline -0.006 -18"><span class='ocrx_word' id='word_1_555' title='bbox 2141 3634 2443 3705; x_wconf 69' lang='lat' dir='ltr'><strong>iudicandi,</strong></span> <span class='ocrx_word' id='word_1_556' title='bbox 2468 3647 2597 3687; x_wconf 85' lang='lat' dir='ltr'><strong>suas</strong></span> <span class='ocrx_word' id='word_1_557' title='bbox 2621 3645 2763 3702; x_wconf 64' lang='lat' dir='ltr'><strong>saepe</strong></span> <span class='ocrx_word' id='word_1_558' title='bbox 2793 3632 3034 3702; x_wconf 89' lang='lat' dir='ltr'><strong>pendere</strong></span> <span class='ocrx_word' id='word_1_559' title='bbox 3063 3629 3311 3685; x_wconf 84' lang='lat' dir='ltr'><strong>fortunas</strong></span> <span class='ocrx_word' id='word_1_560' title='bbox 3339 3631 3721 3700; x_wconf 78' lang='lat' dir='ltr'><strong>intelligerent.</strong></span> 
     </span>
    </p>
   </div>
   <div class='ocr_carea' id='block_1_79' title="bbox 2148 3722 3719 3795">
    <p class='ocr_par' dir='ltr' id='par_1_79' title="bbox 2148 3722 3719 3795">
     <span class='ocr_line' id='line_1_79' title="bbox 2148 3722 3719 3795; baseline -0.006 -16"><span class='ocrx_word' id='word_1_561' title='bbox 2148 3727 2321 3794; x_wconf 83' lang='lat' dir='ltr'><strong>Quam</strong></span> <span class='ocrx_word' id='word_1_562' title='bbox 2365 3741 2514 3795; x_wconf 89' lang='lat' dir='ltr'><strong>spem</strong></span> <span class='ocrx_word' id='word_1_563' title='bbox 2568 3725 2744 3793; x_wconf 85' lang='lat' dir='ltr'><strong>ipsum</strong></span> <span class='ocrx_word' id='word_1_564' title='bbox 2792 3738 3005 3792; x_wconf 86' lang='lat' dir='ltr'><strong>quoque</strong></span> <span class='ocrx_word' id='word_1_565' title='bbox 3040 3724 3341 3793; x_wconf 84' lang='lat' dir='ltr'><strong>apparebat</strong></span> <span class='ocrx_word' id='word_1_566' title='bbox 3379 3722 3719 3778; x_wconf 81' lang='lat' dir='ltr'><strong>Athanasium</strong></span> 
     </span>
    </p>
   </div>
   <div class='ocr_carea' id='block_1_80' title="bbox 2150 3807 3717 3888">
    <p class='ocr_par' dir='ltr' id='par_1_80' title="bbox 2150 3807 3717 3888">
     <span class='ocr_line' id='line_1_80' title="bbox 2150 3807 3717 3888; baseline -0.008 -15"><span class='ocrx_word' id='word_1_567' title='bbox 2150 3818 2334 3888; x_wconf 88' lang='lat' dir='ltr'><strong>sequi,</strong></span> <span class='ocrx_word' id='word_1_568' title='bbox 2366 3816 2494 3871; x_wconf 91' lang='lat' dir='ltr'><strong>dum</strong></span> <span class='ocrx_word' id='word_1_569' title='bbox 2527 3814 2845 3870; x_wconf 84' lang='lat' dir='ltr'><strong>assiduitate</strong></span> <span class='ocrx_word' id='word_1_570' title='bbox 2878 3815 3327 3870; x_wconf 83' lang='lat' dir='ltr'><strong>constantissima</strong></span> <span class='ocrx_word' id='word_1_571' title='bbox 3360 3828 3535 3885; x_wconf 83' lang='lat' dir='ltr'><strong>usque</strong></span> <span class='ocrx_word' id='word_1_572' title='bbox 3561 3826 3589 3865; x_wconf 91' lang='lat' dir='ltr'><strong>a</strong></span> <span class='ocrx_word' id='word_1_573' title='bbox 3617 3807 3717 3879; x_wconf 87' lang='lat' dir='ltr'><strong>pri-</strong></span> 
     </span>
    </p>
   </div>
   <div class='ocr_carea' id='block_1_81' title="bbox 2154 3906 3721 3975">
    <p class='ocr_par' dir='ltr' id='par_1_81' title="bbox 2154 3906 3721 3975">
     <span class='ocr_line' id='line_1_81' title="bbox 2154 3906 3721 3975; baseline -0.005 -11"><span class='ocrx_word' id='word_1_574' title='bbox 2154 3924 2242 3965; x_wconf 91' lang='lat' dir='ltr'><strong>mo</strong></span> <span class='ocrx_word' id='word_1_575' title='bbox 2294 3923 2454 3964; x_wconf 89' lang='lat' dir='ltr'><strong>mane</strong></span> <span class='ocrx_word' id='word_1_576' title='bbox 2492 3908 2558 3961; x_wconf 90' lang='lat' dir='ltr'><strong>ad</strong></span> <span class='ocrx_word' id='word_1_577' title='bbox 2592 3906 2770 3962; x_wconf 87' lang='lat' dir='ltr'><strong>noctis</strong></span> <span class='ocrx_word' id='word_1_578' title='bbox 2809 3906 3188 3975; x_wconf 87' lang='lat' dir='ltr'><strong>crepusculum</strong></span> <span class='ocrx_word' id='word_1_579' title='bbox 3238 3906 3417 3961; x_wconf 85' lang='lat' dir='ltr'><strong>turbis</strong></span> <span class='ocrx_word' id='word_1_580' title='bbox 3458 3916 3577 3959; x_wconf 87' lang='lat' dir='ltr'><strong>sese</strong></span> <span class='ocrx_word' id='word_1_581' title='bbox 3621 3910 3721 3951; x_wconf 82' lang='lat' dir='ltr'><strong>lm-</strong></span> 
     </span>
    </p>
   </div>
   <div class='ocr_carea' id='block_1_82' title="bbox 2151 3992 3719 4066">
    <p class='ocr_par' dir='ltr' id='par_1_82' title="bbox 2151 3992 3719 4066">
     <span class='ocr_line' id='line_1_82' title="bbox 2151 3992 3719 4066; baseline -0.01 -11"><span class='ocrx_word' id='word_1_582' title='bbox 2151 4002 2403 4057; x_wconf 87' lang='lat' dir='ltr'><strong>dentibus</strong></span> <span class='ocrx_word' id='word_1_583' title='bbox 2437 3999 2814 4054; x_wconf 82' lang='lat' dir='ltr'><strong>altercantium</strong></span> <span class='ocrx_word' id='word_1_584' title='bbox 2847 4011 3215 4066; x_wconf 78' lang='lat' dir='ltr'><strong>compressus,</strong></span> <span class='ocrx_word' id='word_1_585' title='bbox 3257 4012 3432 4053; x_wconf 70' lang='lat' dir='ltr'><strong>sacrae</strong></span> <span class='ocrx_word' id='word_1_586' title='bbox 3463 3992 3719 4063; x_wconf 79' lang='lat' dir='ltr'><strong>fastigium</strong></span> 
     </span>
    </p>
   </div>
   <div class='ocr_carea' id='block_1_83' title="bbox 2152 4080 3722 4165">
    <p class='ocr_par' dir='ltr' id='par_1_83' title="bbox 2152 4080 3722 4165">
     <span class='ocr_line' id='line_1_83' title="bbox 2152 4080 3722 4165; baseline -0.013 -14"><span class='ocrx_word' id='word_1_587' title='bbox 2152 4093 2434 4165; x_wconf 79' lang='lat' dir='ltr'><strong>dignitatis</strong></span> <span class='ocrx_word' id='word_1_588' title='bbox 2466 4090 2534 4145; x_wconf 89' lang='lat' dir='ltr'><strong>ad</strong></span> <span class='ocrx_word' id='word_1_589' title='bbox 2568 4089 2930 4159; x_wconf 89' lang='lat' dir='ltr'><strong>cognitionem</strong></span> <span class='ocrx_word' id='word_1_590' title='bbox 2968 4087 3271 4141; x_wconf 83' lang='lat' dir='ltr'><strong>recularum</strong></span> <span class='ocrx_word' id='word_1_591' title='bbox 3303 4089 3494 4143; x_wconf 83' lang='lat' dir='ltr'><strong>vitium</strong></span> <span class='ocrx_word' id='word_1_592' title='bbox 3534 4080 3722 4138; x_wconf 83' lang='lat' dir='ltr'><strong>demit-</strong></span> 
     </span>
    </p>
   </div>
   <div class='ocr_carea' id='block_1_84' title="bbox 2155 4168 3720 4255">
    <p class='ocr_par' dir='ltr' id='par_1_84' title="bbox 2155 4168 3720 4255">
     <span class='ocr_line' id='line_1_84' title="bbox 2155 4168 3720 4255; baseline -0.009 -17"><span class='ocrx_word' id='word_1_593' title='bbox 2155 4197 2269 4242; x_wconf 88' lang='lat' dir='ltr'><strong>tere</strong></span> <span class='ocrx_word' id='word_1_594' title='bbox 2300 4184 2539 4255; x_wconf 73' lang='lat' dir='ltr'><strong>pootifex</strong></span> <span class='ocrx_word' id='word_1_595' title='bbox 2577 4181 2885 4238; x_wconf 83' lang='lat' dir='ltr'><strong>sustinebat</strong></span> <span class='ocrx_word' id='word_1_596' title='bbox 2912 4220 2927 4243; x_wconf 96' lang='lat'><strong>,</strong></span> <span class='ocrx_word' id='word_1_597' title='bbox 2977 4180 3246 4235; x_wconf 87' lang='lat' dir='ltr'><strong>immensa</strong></span> <span class='ocrx_word' id='word_1_598' title='bbox 3290 4192 3506 4249; x_wconf 87' lang='lat' dir='ltr'><strong>semper</strong></span> <span class='ocrx_word' id='word_1_599' title='bbox 3551 4168 3720 4244; x_wconf 85' lang='lat' dir='ltr'><strong>populi</strong></span> 
     </span>
    </p>
   </div>
   <div class='ocr_carea' id='block_1_85' title="bbox 2155 4258 3721 4346">
    <p class='ocr_par' dir='ltr' id='par_1_85' title="bbox 2155 4258 3721 4346">
     <span class='ocr_line' id='line_1_85' title="bbox 2155 4258 3721 4346; baseline -0.011 -13"><span class='ocrx_word' id='word_1_600' title='bbox 2155 4281 2280 4334; x_wconf 86' lang='lat' dir='ltr'><strong>lites</strong></span> <span class='ocrx_word' id='word_1_601' title='bbox 2312 4276 2587 4346; x_wconf 89' lang='lat' dir='ltr'><strong>sequentis</strong></span> <span class='ocrx_word' id='word_1_602' title='bbox 2624 4274 2972 4328; x_wconf 86' lang='lat' dir='ltr'><strong>multitudine</strong></span> <span class='ocrx_word' id='word_1_603' title='bbox 3003 4273 3069 4327; x_wconf 90' lang='lat' dir='ltr'><strong>ad</strong></span> <span class='ocrx_word' id='word_1_604' title='bbox 3121 4274 3511 4327; x_wconf 87' lang='lat' dir='ltr'><strong>monasterium</strong></span> <span class='ocrx_word' id='word_1_605' title='bbox 3554 4258 3721 4330; x_wconf 80' lang='lat' dir='ltr'><strong>magni</strong></span> 
     </span>
    </p>
   </div>
   <div class='ocr_carea' id='block_1_86' title="bbox 2160 4361 3723 4441">
    <p class='ocr_par' dir='ltr' id='par_1_86' title="bbox 2160 4361 3723 4441">
     <span class='ocr_line' id='line_1_86' title="bbox 2160 4361 3723 4441; baseline -0.013 -15"><span class='ocrx_word' id='word_1_606' title='bbox 2160 4373 2465 4441; x_wconf 76' lang='lat' dir='ltr'><strong>logariastae</strong></span> <span class='ocrx_word' id='word_1_607' title='bbox 2497 4369 2595 4438; x_wconf 90' lang='lat' dir='ltr'><strong>(ibi</strong></span> <span class='ocrx_word' id='word_1_608' title='bbox 2625 4368 2767 4422; x_wconf 89' lang='lat' dir='ltr'><strong>enim</strong></span> <span class='ocrx_word' id='word_1_609' title='bbox 2815 4366 3137 4436; x_wconf 85' lang='lat' dir='ltr'><strong>plerumque</strong></span> <span class='ocrx_word' id='word_1_610' title='bbox 3183 4363 3433 4434; x_wconf 83' lang='lat' dir='ltr'><strong>degebat)</strong></span> <span class='ocrx_word' id='word_1_611' title='bbox 3480 4361 3723 4431; x_wconf 84' lang='lat' dir='ltr'><strong>perpetuo</strong></span> 
     </span>
    </p>
   </div>
   <div class='ocr_carea' id='block_1_87' title="bbox 474 4460 3148 4530">
    <p class='ocr_par' dir='ltr' id='par_1_87' title="bbox 474 4460 3148 4530">
     <span class='ocr_line' id='line_1_87' title="bbox 474 4460 3148 4530; baseline -0.001 -16"><span class='ocrx_word' id='word_1_612' title='bbox 474 4460 579 4515; x_wconf 89' lang='lat' dir='ltr'><strong>rite</strong></span> <span class='ocrx_word' id='word_1_613' title='bbox 622 4461 995 4530; x_wconf 82' lang='lat' dir='ltr'><strong>persolvendis</strong></span> <span class='ocrx_word' id='word_1_614' title='bbox 1029 4476 1093 4515; x_wconf 88' lang='lat' dir='ltr'><strong>ac</strong></span> <span class='ocrx_word' id='word_1_615' title='bbox 1141 4460 1432 4528; x_wconf 79' lang='lat' dir='ltr'><strong>ftmgcndis</strong></span> <span class='ocrx_word' id='word_1_616' title='bbox 1458 4460 1705 4527; x_wconf 86' lang='lat' dir='ltr'><strong>supinam</strong></span> <span class='ocrx_word' id='word_1_617' title='bbox 1740 4463 2043 4514; x_wconf 85' lang='lat' dir='ltr'><strong>socordiam</strong></span> <span class='ocrx_word' id='word_1_618' title='bbox 2079 4462 2123 4516; x_wconf 86' lang='lat' dir='ltr'><strong>D</strong></span> <span class='ocrx_word' id='word_1_619' title='bbox 2152 4483 2270 4521; x_wconf 82' lang='lat' dir='ltr'><strong>eam</strong></span> <span class='ocrx_word' id='word_1_620' title='bbox 2301 4464 2371 4521; x_wconf 92' lang='lat' dir='ltr'><strong>ob</strong></span> <span class='ocrx_word' id='word_1_621' title='bbox 2404 4478 2515 4518; x_wconf 88' lang='lat' dir='ltr'><strong>rem</strong></span> <span class='ocrx_word' id='word_1_622' title='bbox 2543 4460 2741 4515; x_wconf 79' lang='lat' dir='ltr'><strong>aflluxu</strong></span> <span class='ocrx_word' id='word_1_623' title='bbox 2770 4469 3148 4513; x_wconf 90' lang='lat' dir='ltr'><strong>concurrente.</strong></span> 
     </span>
    </p>
   </div>
   <div class='ocr_carea' id='block_1_88' title="bbox 465 4550 2047 4620">
    <p class='ocr_par' dir='ltr' id='par_1_88' title="bbox 465 4550 2047 4620">
     <span class='ocr_line' id='line_1_88' title="bbox 465 4550 2047 4620; baseline -0.003 -12"><span class='ocrx_word' id='word_1_624' title='bbox 465 4568 693 4608; x_wconf 80' lang='lat' dir='ltr'><strong>causam</strong></span> <span class='ocrx_word' id='word_1_625' title='bbox 734 4553 966 4608; x_wconf 86' lang='lat' dir='ltr'><strong>incendii</strong></span> <span class='ocrx_word' id='word_1_626' title='bbox 1005 4550 1194 4606; x_wconf 83' lang='lat' dir='ltr'><strong>fuisse.</strong></span> <span class='ocrx_word' id='word_1_627' title='bbox 1229 4550 1475 4605; x_wconf 69' lang='lat' dir='ltr'><strong>Addebat</strong></span> <span class='ocrx_word' id='word_1_628' title='bbox 1507 4551 1707 4620; x_wconf 80' lang='lat' dir='ltr'><strong>impetu</strong></span> <span class='ocrx_word' id='word_1_629' title='bbox 1735 4552 1859 4606; x_wconf 86' lang='lat' dir='ltr'><strong>hinc</strong></span> <span class='ocrx_word' id='word_1_630' title='bbox 1890 4563 2047 4618; x_wconf 85' lang='lat' dir='ltr'><strong>capto</strong></span> 
     </span>
    </p>
   </div>
   <div class='ocr_carea' id='block_1_89' title="bbox 471 4644 2038 4712">
    <p class='ocr_par' dir='ltr' id='par_1_89' title="bbox 471 4644 2038 4712">
     <span class='ocr_line' id='line_1_89' title="bbox 471 4644 2038 4712; baseline -0.004 -9"><span class='ocrx_word' id='word_1_631' title='bbox 471 4650 730 4703; x_wconf 78' lang='lat' dir='ltr'><strong>ardentes</strong></span> <span class='ocrx_word' id='word_1_632' title='bbox 763 4644 1061 4700; x_wconf 82' lang='lat' dir='ltr'><strong>invectivas</strong></span> <span class='ocrx_word' id='word_1_633' title='bbox 1095 4644 1146 4697; x_wconf 90' lang='lat' dir='ltr'><strong>in</strong></span> <span class='ocrx_word' id='word_1_634' title='bbox 1184 4644 1446 4712; x_wconf 87' lang='lat' dir='ltr'><strong>reliquam</strong></span> <span class='ocrx_word' id='word_1_635' title='bbox 1490 4658 1680 4698; x_wconf 83' lang='lat' dir='ltr'><strong>eorum</strong></span> <span class='ocrx_word' id='word_1_636' title='bbox 1716 4645 2038 4701; x_wconf 86' lang='lat' dir='ltr'><strong>dissolutam</strong></span> 
     </span>
    </p>
   </div>
   <div class='ocr_carea' id='block_1_90' title="bbox 472 4737 2051 4809">
    <p class='ocr_par' dir='ltr' id='par_1_90' title="bbox 472 4737 2051 4809">
     <span class='ocr_line' id='line_1_90' title="bbox 472 4737 2051 4809; baseline -0.003 -16"><span class='ocrx_word' id='word_1_637' title='bbox 472 4741 842 4809; x_wconf 75' lang='lat' dir='ltr'><strong>voluptatibus</strong></span> <span class='ocrx_word' id='word_1_638' title='bbox 885 4748 940 4793; x_wconf 90' lang='lat' dir='ltr'><strong>et</strong></span> <span class='ocrx_word' id='word_1_639' title='bbox 988 4738 1351 4807; x_wconf 77' lang='lat' dir='ltr'><strong>negligentem</strong></span> <span class='ocrx_word' id='word_1_640' title='bbox 1400 4752 1578 4791; x_wconf 87' lang='lat' dir='ltr'><strong>rerum</strong></span> <span class='ocrx_word' id='word_1_641' title='bbox 1628 4739 1934 4793; x_wconf 83' lang='lat' dir='ltr'><strong>divinarum</strong></span> <span class='ocrx_word' id='word_1_642' title='bbox 1966 4737 2051 4789; x_wconf 88' lang='lat' dir='ltr'><strong>vi-</strong></span> 
     </span>
    </p>
   </div>
   <div class='ocr_carea' id='block_1_91' title="bbox 473 4829 2054 4901">
    <p class='ocr_par' dir='ltr' id='par_1_91' title="bbox 473 4829 2054 4901">
     <span class='ocr_line' id='line_1_91' title="bbox 473 4829 2054 4901; baseline -0.003 -13"><span class='ocrx_word' id='word_1_643' title='bbox 473 4845 607 4896; x_wconf 87' lang='lat' dir='ltr'><strong>tam,</strong></span> <span class='ocrx_word' id='word_1_644' title='bbox 644 4850 675 4888; x_wconf 89' lang='lat' dir='ltr'><strong>e</strong></span> <span class='ocrx_word' id='word_1_645' title='bbox 702 4846 807 4901; x_wconf 86' lang='lat' dir='ltr'><strong>qua</strong></span> <span class='ocrx_word' id='word_1_646' title='bbox 836 4843 1002 4899; x_wconf 85' lang='lat' dir='ltr'><strong>super</strong></span> <span class='ocrx_word' id='word_1_647' title='bbox 1028 4843 1190 4883; x_wconf 87' lang='lat' dir='ltr'><strong>omne</strong></span> <span class='ocrx_word' id='word_1_648' title='bbox 1211 4829 1351 4882; x_wconf 84' lang='lat' dir='ltr'><strong>aliud</strong></span> <span class='ocrx_word' id='word_1_649' title='bbox 1384 4829 1463 4883; x_wconf 90' lang='lat' dir='ltr'><strong>ira</strong></span> <span class='ocrx_word' id='word_1_650' title='bbox 1496 4829 1586 4884; x_wconf 86' lang='lat' dir='ltr'><strong>Del</strong></span> <span class='ocrx_word' id='word_1_651' title='bbox 1618 4830 1848 4884; x_wconf 81' lang='lat' dir='ltr'><strong>vindicis</strong></span> <span class='ocrx_word' id='word_1_652' title='bbox 1879 4831 1929 4883; x_wconf 91' lang='lat' dir='ltr'><strong>in</strong></span> <span class='ocrx_word' id='word_1_653' title='bbox 1955 4844 2054 4883; x_wconf 90' lang='lat' dir='ltr'><strong>nos</strong></span> 
     </span>
    </p>
   </div>
   <div class='ocr_carea' id='block_1_92' title="bbox 473 4908 2052 4980">
    <p class='ocr_par' dir='ltr' id='par_1_92' title="bbox 473 4908 2052 4980">
     <span class='ocr_line' id='line_1_92' title="bbox 473 4908 2052 4980; baseline -0.004 -1"><span class='ocrx_word' id='word_1_654' title='bbox 473 4924 730 4980; x_wconf 76' lang='lat' dir='ltr'><strong>szeviendi</strong></span> <span class='ocrx_word' id='word_1_655' title='bbox 763 4936 956 4976; x_wconf 84' lang='lat' dir='ltr'><strong>causas</strong></span> <span class='ocrx_word' id='word_1_656' title='bbox 990 4908 1230 4977; x_wconf 72' lang='lat' dir='ltr'><strong>duceret.</strong></span> <span class='ocrx_word' id='word_1_657' title='bbox 1259 4920 1376 4977; x_wconf 87' lang='lat' dir='ltr'><strong>Utri</strong></span> <span class='ocrx_word' id='word_1_658' title='bbox 1418 4923 1609 4978; x_wconf 85' lang='lat' dir='ltr'><strong>horum</strong></span> <span class='ocrx_word' id='word_1_659' title='bbox 1644 4938 1756 4977; x_wconf 89' lang='lat' dir='ltr'><strong>rem</strong></span> <span class='ocrx_word' id='word_1_660' title='bbox 1793 4937 1890 4975; x_wconf 87' lang='lat' dir='ltr'><strong>acu</strong></span> <span class='ocrx_word' id='word_1_661' title='bbox 1926 4924 2052 4975; x_wconf 82' lang='lat' dir='ltr'><strong>teti-</strong></span> 
     </span>
    </p>
   </div>
   <div class='ocr_carea' id='block_1_93' title="bbox 476 5016 2054 5085">
    <p class='ocr_par' dir='ltr' id='par_1_93' title="bbox 476 5016 2054 5085">
     <span class='ocr_line' id='line_1_93' title="bbox 476 5016 2054 5085; baseline -0.002 -14"><span class='ocrx_word' id='word_1_662' title='bbox 476 5021 676 5085; x_wconf 66' lang='lat' dir='ltr'><strong>grrinl,</strong></span> <span class='ocrx_word' id='word_1_663' title='bbox 705 5016 934 5072; x_wconf 87' lang='lat' dir='ltr'><strong>definire</strong></span> <span class='ocrx_word' id='word_1_664' title='bbox 966 5030 1197 5084; x_wconf 85' lang='lat' dir='ltr'><strong>nequeo.</strong></span> <span class='ocrx_word' id='word_1_665' title='bbox 1226 5016 1490 5072; x_wconf 66' lang='lat' dir='ltr'><strong>Cmterum</strong></span> <span class='ocrx_word' id='word_1_666' title='bbox 1521 5018 1839 5071; x_wconf 89' lang='lat' dir='ltr'><strong>occasiones</strong></span> <span class='ocrx_word' id='word_1_667' title='bbox 1877 5016 2054 5069; x_wconf 83' lang='lat' dir='ltr'><strong>litium</strong></span> 
     </span>
    </p>
   </div>
   <div class='ocr_carea' id='block_1_94' title="bbox 476 5109 2057 5179">
    <p class='ocr_par' dir='ltr' id='par_1_94' title="bbox 476 5109 2057 5179">
     <span class='ocr_line' id='line_1_94' title="bbox 476 5109 2057 5179; baseline 0.001 -16"><span class='ocrx_word' id='word_1_668' title='bbox 476 5113 542 5164; x_wconf 88' lang='lat' dir='ltr'><strong>ad</strong></span> <span class='ocrx_word' id='word_1_669' title='bbox 573 5111 799 5165; x_wconf 87' lang='lat' dir='ltr'><strong>densius</strong></span> <span class='ocrx_word' id='word_1_670' title='bbox 829 5110 1083 5176; x_wconf 87' lang='lat' dir='ltr'><strong>deinceps</strong></span> <span class='ocrx_word' id='word_1_671' title='bbox 1134 5111 1554 5178; x_wconf 85' lang='lat' dir='ltr'><strong>constipandnm</strong></span> <span class='ocrx_word' id='word_1_672' title='bbox 1607 5111 1930 5179; x_wconf 59' lang='lat' dir='ltr'><strong>patriarchae</strong></span> <span class='ocrx_word' id='word_1_673' title='bbox 1975 5109 2057 5165; x_wconf 80' lang='lat' dir='ltr'><strong>fu-</strong></span> 
     </span>
    </p>
   </div>
   <div class='ocr_carea' id='block_1_95' title="bbox 480 5202 2055 5272">
    <p class='ocr_par' dir='ltr' id='par_1_95' title="bbox 480 5202 2055 5272">
     <span class='ocr_line' id='line_1_95' title="bbox 480 5202 2055 5272; baseline 0 -15"><span class='ocrx_word' id='word_1_674' title='bbox 480 5218 596 5257; x_wconf 89' lang='lat' dir='ltr'><strong>rum</strong></span> <span class='ocrx_word' id='word_1_675' title='bbox 629 5203 756 5257; x_wconf 85' lang='lat' dir='ltr'><strong>hinc</strong></span> <span class='ocrx_word' id='word_1_676' title='bbox 779 5204 1063 5264; x_wconf 82' lang='lat' dir='ltr'><strong>exstitere,</strong></span> <span class='ocrx_word' id='word_1_677' title='bbox 1095 5217 1199 5256; x_wconf 85' lang='lat' dir='ltr'><strong>non</strong></span> <span class='ocrx_word' id='word_1_678' title='bbox 1232 5204 1404 5257; x_wconf 85' lang='lat' dir='ltr'><strong>solum</strong></span> <span class='ocrx_word' id='word_1_679' title='bbox 1428 5204 1681 5271; x_wconf 87' lang='lat' dir='ltr'><strong>quoniam</strong></span> <span class='ocrx_word' id='word_1_680' title='bbox 1715 5202 2055 5272; x_wconf 90' lang='lat' dir='ltr'><strong>consumptis</strong></span> 
     </span>
    </p>
   </div>
   <div class='ocr_carea' id='block_1_96' title="bbox 477 5292 2059 5365">
    <p class='ocr_par' dir='ltr' id='par_1_96' title="bbox 477 5292 2059 5365">
     <span class='ocr_line' id='line_1_96' title="bbox 477 5292 2059 5365; baseline 0 -17"><span class='ocrx_word' id='word_1_681' title='bbox 477 5292 801 5365; x_wconf 81' lang='lat' dir='ltr'><strong>syngraphis</strong></span> <span class='ocrx_word' id='word_1_682' title='bbox 827 5302 882 5347; x_wconf 91' lang='lat' dir='ltr'><strong>et</strong></span> <span class='ocrx_word' id='word_1_683' title='bbox 916 5292 1119 5347; x_wconf 86' lang='lat' dir='ltr'><strong>chartis</strong></span> <span class='ocrx_word' id='word_1_684' title='bbox 1153 5293 1400 5362; x_wconf 85' lang='lat' dir='ltr'><strong>plurimis</strong></span> <span class='ocrx_word' id='word_1_685' title='bbox 1436 5292 1578 5361; x_wconf 86' lang='lat' dir='ltr'><strong>apud</strong></span> <span class='ocrx_word' id='word_1_686' title='bbox 1609 5292 1754 5347; x_wconf 71' lang='lat' dir='ltr'><strong>mdes</strong></span> <span class='ocrx_word' id='word_1_687' title='bbox 1778 5294 1900 5362; x_wconf 88' lang='lat' dir='ltr'><strong>ignc</strong></span> <span class='ocrx_word' id='word_1_688' title='bbox 1926 5307 2059 5348; x_wconf 82' lang='lat' dir='ltr'><strong>con-</strong></span> 
     </span>
    </p>
   </div>
   <div class='ocr_carea' id='block_1_97' title="bbox 476 5384 2051 5456">
    <p class='ocr_par' dir='ltr' id='par_1_97' title="bbox 476 5384 2051 5456">
     <span class='ocr_line' id='line_1_97' title="bbox 476 5384 2051 5456; baseline -0.003 -13"><span class='ocrx_word' id='word_1_689' title='bbox 476 5399 718 5456; x_wconf 82' lang='lat' dir='ltr'><strong>sumptas</strong></span> <span class='ocrx_word' id='word_1_690' title='bbox 740 5397 1104 5441; x_wconf 82' lang='lat' dir='ltr'><strong>mercatorum</strong></span> <span class='ocrx_word' id='word_1_691' title='bbox 1134 5384 1372 5438; x_wconf 85' lang='lat' dir='ltr'><strong>confusae</strong></span> <span class='ocrx_word' id='word_1_692' title='bbox 1400 5385 1712 5439; x_wconf 82' lang='lat' dir='ltr'><strong>necessario</strong></span> <span class='ocrx_word' id='word_1_693' title='bbox 1733 5395 1859 5438; x_wconf 89' lang='lat' dir='ltr'><strong>sunt</strong></span> <span class='ocrx_word' id='word_1_694' title='bbox 1886 5385 2051 5438; x_wconf 84' lang='lat' dir='ltr'><strong>debttt</strong></span> 
     </span>
    </p>
   </div>
   <div class='ocr_carea' id='block_1_98' title="bbox 479 5476 2056 5547">
    <p class='ocr_par' dir='ltr' id='par_1_98' title="bbox 479 5476 2056 5547">
     <span class='ocr_line' id='line_1_98' title="bbox 479 5476 2056 5547; baseline -0.002 -11"><span class='ocrx_word' id='word_1_695' title='bbox 479 5492 531 5536; x_wconf 87' lang='lat' dir='ltr'><strong>et</strong></span> <span class='ocrx_word' id='word_1_696' title='bbox 567 5480 725 5536; x_wconf 88' lang='lat' dir='ltr'><strong>soluti</strong></span> <span class='ocrx_word' id='word_1_697' title='bbox 761 5482 1020 5543; x_wconf 80' lang='lat' dir='ltr'><strong>rationes,</strong></span> <span class='ocrx_word' id='word_1_698' title='bbox 1054 5480 1148 5533; x_wconf 88' lang='lat' dir='ltr'><strong>sed</strong></span> <span class='ocrx_word' id='word_1_699' title='bbox 1183 5479 1346 5530; x_wconf 85' lang='lat' dir='ltr'><strong>etiam</strong></span> <span class='ocrx_word' id='word_1_700' title='bbox 1378 5476 1503 5547; x_wconf 88' lang='lat' dir='ltr'><strong>quia</strong></span> <span class='ocrx_word' id='word_1_701' title='bbox 1537 5489 1694 5532; x_wconf 86' lang='lat' dir='ltr'><strong>nocte.</strong></span> <span class='ocrx_word' id='word_1_702' title='bbox 1729 5477 1819 5531; x_wconf 86' lang='lat' dir='ltr'><strong>illa</strong></span> <span class='ocrx_word' id='word_1_703' title='bbox 1873 5478 2056 5546; x_wconf 86' lang='lat' dir='ltr'><strong>plures</strong></span> 
     </span>
    </p>
   </div>
   <div class='ocr_carea' id='block_1_99' title="bbox 478 5572 2055 5644">
    <p class='ocr_par' dir='ltr' id='par_1_99' title="bbox 478 5572 2055 5644">
     <span class='ocr_line' id='line_1_99' title="bbox 478 5572 2055 5644; baseline -0.002 -14"><span class='ocrx_word' id='word_1_704' title='bbox 478 5585 868 5630; x_wconf 86' lang='lat' dir='ltr'><strong>concurrentes</strong></span> <span class='ocrx_word' id='word_1_705' title='bbox 902 5572 1083 5644; x_wconf 89' lang='lat' dir='ltr'><strong>specie</strong></span> <span class='ocrx_word' id='word_1_706' title='bbox 1111 5572 1521 5627; x_wconf 71' lang='lat' dir='ltr'><strong>commodanda:</strong></span> <span class='ocrx_word' id='word_1_707' title='bbox 1550 5588 1730 5641; x_wconf 73' lang='lat' dir='ltr'><strong>operte</strong></span> <span class='ocrx_word' id='word_1_708' title='bbox 1760 5583 2055 5642; x_wconf 72' lang='lat' dir='ltr'><strong>exportan-</strong></span> 
     </span>
    </p>
   </div>
   <div class='ocr_carea' id='block_1_100' title="bbox 470 5662 2058 5731">
    <p class='ocr_par' dir='ltr' id='par_1_100' title="bbox 470 5662 2058 5731">
     <span class='ocr_line' id='line_1_100' title="bbox 470 5662 2058 5731; baseline -0.004 -8"><span class='ocrx_word' id='word_1_709' title='bbox 470 5670 559 5723; x_wconf 88' lang='lat' dir='ltr'><strong>dis</strong></span> <span class='ocrx_word' id='word_1_710' title='bbox 616 5670 667 5721; x_wconf 93' lang='lat' dir='ltr'><strong>in</strong></span> <span class='ocrx_word' id='word_1_711' title='bbox 724 5676 895 5721; x_wconf 90' lang='lat' dir='ltr'><strong>tntum</strong></span> <span class='ocrx_word' id='word_1_712' title='bbox 941 5665 1105 5719; x_wconf 88' lang='lat' dir='ltr'><strong>rebus</strong></span> <span class='ocrx_word' id='word_1_713' title='bbox 1151 5663 1217 5717; x_wconf 90' lang='lat' dir='ltr'><strong>ab</strong></span> <span class='ocrx_word' id='word_1_714' title='bbox 1265 5663 1388 5731; x_wconf 70' lang='lat' dir='ltr'><strong>igne</strong></span> <span class='ocrx_word' id='word_1_715' title='bbox 1423 5663 1862 5731; x_wconf 89' lang='lat' dir='ltr'><strong>periclitantibus</strong></span> <span class='ocrx_word' id='word_1_716' title='bbox 1913 5662 2058 5717; x_wconf 87' lang='lat' dir='ltr'><strong>furta</strong></span> 
     </span>
    </p>
   </div>
   <div class='ocr_carea' id='block_1_101' title="bbox 474 5754 2058 5827">
    <p class='ocr_par' dir='ltr' id='par_1_101' title="bbox 474 5754 2058 5827">
     <span class='ocr_line' id='line_1_101' title="bbox 474 5754 2058 5827; baseline -0.003 -12"><span class='ocrx_word' id='word_1_717' title='bbox 474 5761 642 5823; x_wconf 72' lang='lat' dir='ltr'><strong>multa</strong></span> <span class='ocrx_word' id='word_1_718' title='bbox 688 5758 951 5823; x_wconf 80' lang='lat' dir='ltr'><strong>fecerant,</strong></span> <span class='ocrx_word' id='word_1_719' title='bbox 1005 5755 1183 5810; x_wconf 86' lang='lat' dir='ltr'><strong>aliena</strong></span> <span class='ocrx_word' id='word_1_720' title='bbox 1226 5754 1279 5810; x_wconf 88' lang='lat' dir='ltr'><strong>in</strong></span> <span class='ocrx_word' id='word_1_721' title='bbox 1346 5764 1522 5811; x_wconf 68' lang='lat' dir='ltr'><strong>tumea</strong></span> <span class='ocrx_word' id='word_1_722' title='bbox 1554 5755 1799 5827; x_wconf 78' lang='lat' dir='ltr'><strong>proprias</strong></span> <span class='ocrx_word' id='word_1_723' title='bbox 1845 5764 2058 5825; x_wconf 83' lang='lat' dir='ltr'><strong>portata</strong></span> 
     </span>
    </p>
   </div>
   <div class='ocr_carea' id='block_1_102' title="bbox 2582 4592 3313 4652">
    <p class='ocr_par' dir='ltr' id='par_1_102' title="bbox 2582 4592 3313 4652">
     <span class='ocr_line' id='line_1_102' title="bbox 2582 4592 3313 4652; baseline -0.005 -1"><span class='ocrx_word' id='word_1_724' title='bbox 2582 4597 2669 4652; x_wconf 85' lang='lat' dir='ltr'><strong>ll.</strong></span> <span class='ocrx_word' id='word_1_725' title='bbox 2710 4595 2785 4651; x_wconf 84' lang='lat' dir='ltr'><strong>De</strong></span> <span class='ocrx_word' id='word_1_726' title='bbox 2814 4595 3025 4648; x_wconf 80' lang='lat' dir='ltr'><strong>Andrea</strong></span> <span class='ocrx_word' id='word_1_727' title='bbox 3058 4592 3313 4648; x_wconf 76' lang='lat' dir='ltr'><strong>Murisco.</strong></span> 
     </span>
    </p>
   </div>
   <div class='ocr_carea' id='block_1_103' title="bbox 2226 4725 3721 4805">
    <p class='ocr_par' dir='ltr' id='par_1_103' title="bbox 2226 4725 3721 4805">
     <span class='ocr_line' id='line_1_103' title="bbox 2226 4725 3721 4805; baseline -0.014 -14"><span class='ocrx_word' id='word_1_728' title='bbox 2226 4737 2383 4792; x_wconf 87' lang='lat' dir='ltr'><strong>Prius</strong></span> <span class='ocrx_word' id='word_1_729' title='bbox 2425 4747 2587 4805; x_wconf 88' lang='lat' dir='ltr'><strong>porro</strong></span> <span class='ocrx_word' id='word_1_730' title='bbox 2630 4746 2791 4802; x_wconf 89' lang='lat' dir='ltr'><strong>quam</strong></span> <span class='ocrx_word' id='word_1_731' title='bbox 2825 4738 3115 4799; x_wconf 88' lang='lat' dir='ltr'><strong>caperetur</strong></span> <span class='ocrx_word' id='word_1_732' title='bbox 3155 4729 3404 4801; x_wconf 84' lang='lat' dir='ltr'><strong>Madytus</strong></span> <span class='ocrx_word' id='word_1_733' title='bbox 3445 4725 3659 4779; x_wconf 84' lang='lat' dir='ltr'><strong>obsessa</strong></span> <span class='ocrx_word' id='word_1_734' title='bbox 3696 4727 3721 4764; x_wconf 82' lang='lat' dir='ltr'><strong>a</strong></span> 
     </span>
    </p>
   </div>
   <div class='ocr_carea' id='block_1_104' title="bbox 2158 4805 3725 4887">
    <p class='ocr_par' dir='ltr' id='par_1_104' title="bbox 2158 4805 3725 4887">
     <span class='ocr_line' id='line_1_104' title="bbox 2158 4805 3725 4887; baseline -0.017 -6"><span class='ocrx_word' id='word_1_735' title='bbox 2158 4825 2439 4881; x_wconf 83' lang='lat' dir='ltr'><strong>Pbarenda</strong></span> <span class='ocrx_word' id='word_1_736' title='bbox 2487 4823 2697 4887; x_wconf 82' lang='lat' dir='ltr'><strong>Tzime,</strong></span> <span class='ocrx_word' id='word_1_737' title='bbox 2740 4820 2986 4876; x_wconf 78' lang='lat' dir='ltr'><strong>Andreas</strong></span> <span class='ocrx_word' id='word_1_738' title='bbox 3042 4819 3307 4876; x_wconf 81' lang='lat' dir='ltr'><strong>Muriscus</strong></span> <span class='ocrx_word' id='word_1_739' title='bbox 3359 4819 3426 4872; x_wconf 89' lang='lat' dir='ltr'><strong>ad</strong></span> <span class='ocrx_word' id='word_1_740' title='bbox 3456 4815 3573 4883; x_wconf 84' lang='lat' dir='ltr'><strong>ejus</strong></span> <span class='ocrx_word' id='word_1_741' title='bbox 3601 4805 3725 4861; x_wconf 83' lang='lat' dir='ltr'><strong>vici-</strong></span> 
     </span>
    </p>
   </div>
   <div class='ocr_carea' id='block_1_105' title="bbox 2158 4899 3722 4984">
    <p class='ocr_par' dir='ltr' id='par_1_105' title="bbox 2158 4899 3722 4984">
     <span class='ocr_line' id='line_1_105' title="bbox 2158 4899 3722 4984; baseline -0.012 -11"><span class='ocrx_word' id='word_1_742' title='bbox 2158 4920 2303 4973; x_wconf 88' lang='lat' dir='ltr'><strong>niam</strong></span> <span class='ocrx_word' id='word_1_743' title='bbox 2347 4932 2406 4973; x_wconf 88' lang='lat' dir='ltr'><strong>se</strong></span> <span class='ocrx_word' id='word_1_744' title='bbox 2440 4916 2742 4971; x_wconf 88' lang='lat' dir='ltr'><strong>contulerat</strong></span> <span class='ocrx_word' id='word_1_745' title='bbox 2776 4914 3119 4984; x_wconf 85' lang='lat' dir='ltr'><strong>imperatoris</strong></span> <span class='ocrx_word' id='word_1_746' title='bbox 3148 4914 3304 4983; x_wconf 77' lang='lat' dir='ltr'><strong>jussu</strong></span> <span class='ocrx_word' id='word_1_747' title='bbox 3345 4922 3469 4967; x_wconf 88' lang='lat' dir='ltr'><strong>cum</strong></span> <span class='ocrx_word' id='word_1_748' title='bbox 3507 4899 3722 4958; x_wconf 78' lang='lat' dir='ltr'><strong>navibus</strong></span> 
     </span>
    </p>
   </div>
   <div class='ocr_carea' id='block_1_106' title="bbox 2158 4987 3721 5077">
    <p class='ocr_par' dir='ltr' id='par_1_106' title="bbox 2158 4987 3721 5077">
     <span class='ocr_line' id='line_1_106' title="bbox 2158 4987 3721 5077; baseline -0.016 -10"><span class='ocrx_word' id='word_1_749' title='bbox 2158 5012 2394 5072; x_wconf 71' lang='lat' dir='ltr'><strong>duabus,</strong></span> <span class='ocrx_word' id='word_1_750' title='bbox 2423 5017 2782 5070; x_wconf 79' lang='lat' dir='ltr'><strong>commeatus,</strong></span> <span class='ocrx_word' id='word_1_751' title='bbox 2806 5006 2989 5074; x_wconf 81' lang='lat' dir='ltr'><strong>siqua</strong></span> <span class='ocrx_word' id='word_1_752' title='bbox 3023 5014 3225 5077; x_wconf 88' lang='lat' dir='ltr'><strong>posset,</strong></span> <span class='ocrx_word' id='word_1_753' title='bbox 3262 5003 3647 5074; x_wconf 87' lang='lat' dir='ltr'><strong>importaturus</strong></span> <span class='ocrx_word' id='word_1_754' title='bbox 3666 4987 3721 5077; x_wconf 83' lang='lat' dir='ltr'><strong>i_n</strong></span> 
     </span>
    </p>
   </div>
   <div class='ocr_carea' id='block_1_107' title="bbox 2159 5073 3775 5164">
    <p class='ocr_par' dir='ltr' id='par_1_107' title="bbox 2159 5073 3775 5164">
     <span class='ocr_line' id='line_1_107' title="bbox 2159 5073 3775 5164; baseline -0.017 -6"><span class='ocrx_word' id='word_1_755' title='bbox 2159 5116 2339 5158; x_wconf 87' lang='lat' dir='ltr'><strong>arcem</strong></span> <span class='ocrx_word' id='word_1_756' title='bbox 2388 5100 2535 5154; x_wconf 88' lang='lat' dir='ltr'><strong>illam</strong></span> <span class='ocrx_word' id='word_1_757' title='bbox 2577 5073 2961 5151; x_wconf 85' lang='lat' dir='ltr'><strong>alimentorum</strong></span> <span class='ocrx_word' id='word_1_758' title='bbox 3004 5096 3227 5164; x_wconf 88' lang='lat' dir='ltr'><strong>penuria</strong></span> <span class='ocrx_word' id='word_1_759' title='bbox 3269 5093 3621 5148; x_wconf 84' lang='lat' dir='ltr'><strong>laborantem.</strong></span> <span class='ocrx_word' id='word_1_760' title='bbox 3666 5073 3723 5127; x_wconf 74' lang='grc' dir='ltr'><strong>Εῑ</strong></span> <span class='ocrx_word' id='word_1_761' title='bbox 3766 5108 3775 5125; x_wconf 65' lang='grc' dir='ltr'><strong>τ</strong></span> 
     </span>
    </p>
   </div>
   <div class='ocr_carea' id='block_1_108' title="bbox 2160 5171 3720 5263">
    <p class='ocr_par' dir='ltr' id='par_1_108' title="bbox 2160 5171 3720 5263">
     <span class='ocr_line' id='line_1_108' title="bbox 2160 5171 3720 5263; baseline -0.008 -13"><span class='ocrx_word' id='word_1_762' title='bbox 2160 5198 2425 5251; x_wconf 86' lang='lat' dir='ltr'><strong>hactenus</strong></span> <span class='ocrx_word' id='word_1_763' title='bbox 2446 5193 2662 5263; x_wconf 89' lang='lat' dir='ltr'><strong>quidem</strong></span> <span class='ocrx_word' id='word_1_764' title='bbox 2692 5189 2979 5244; x_wconf 85' lang='lat' dir='ltr'><strong>consilium</strong></span> <span class='ocrx_word' id='word_1_765' title='bbox 3006 5187 3297 5250; x_wconf 87' lang='lat' dir='ltr'><strong>successit,</strong></span> <span class='ocrx_word' id='word_1_766' title='bbox 3327 5193 3404 5246; x_wconf 92' lang='lat' dir='ltr'><strong>ut,</strong></span> <span class='ocrx_word' id='word_1_767' title='bbox 3428 5190 3566 5246; x_wconf 69' lang='lat' dir='ltr'><strong>aegre</strong></span> <span class='ocrx_word' id='word_1_768' title='bbox 3588 5171 3720 5263; x_wconf 64' lang='lat' dir='ltr'><strong>&quot;ce&quot;</strong></span> 
     </span>
    </p>
   </div>
   <div class='ocr_carea' id='block_1_109' title="bbox 2160 5262 3722 5349">
    <p class='ocr_par' dir='ltr' id='par_1_109' title="bbox 2160 5262 3722 5349">
     <span class='ocr_line' id='line_1_109' title="bbox 2160 5262 3722 5349; baseline -0.02 -7"><span class='ocrx_word' id='word_1_769' title='bbox 2160 5288 2379 5342; x_wconf 88' lang='lat' dir='ltr'><strong>tandem</strong></span> <span class='ocrx_word' id='word_1_770' title='bbox 2415 5295 2597 5340; x_wconf 86' lang='lat' dir='ltr'><strong>tamen</strong></span> <span class='ocrx_word' id='word_1_771' title='bbox 2627 5282 2863 5349; x_wconf 85' lang='lat' dir='ltr'><strong>aliquam</strong></span> <span class='ocrx_word' id='word_1_772' title='bbox 2907 5266 3164 5334; x_wconf 87' lang='lat' dir='ltr'><strong>frumenti</strong></span> <span class='ocrx_word' id='word_1_773' title='bbox 3200 5281 3413 5347; x_wconf 83' lang='lat' dir='ltr'><strong>copiam</strong></span> <span class='ocrx_word' id='word_1_774' title='bbox 3470 5262 3722 5324; x_wconf 76' lang='lat' dir='ltr'><strong>Muriscus</strong></span> 
     </span>
    </p>
   </div>
   <div class='ocr_carea' id='block_1_110' title="bbox 2161 5358 3720 5454">
    <p class='ocr_par' dir='ltr' id='par_1_110' title="bbox 2161 5358 3720 5454">
     <span class='ocr_line' id='line_1_110' title="bbox 2161 5358 3720 5454; baseline -0.017 -19"><span class='ocrx_word' id='word_1_775' title='bbox 2161 5381 2215 5435; x_wconf 91' lang='lat' dir='ltr'><strong>in</strong></span> <span class='ocrx_word' id='word_1_776' title='bbox 2247 5381 2299 5435; x_wconf 91' lang='lat' dir='ltr'><strong>id</strong></span> <span class='ocrx_word' id='word_1_777' title='bbox 2321 5389 2558 5432; x_wconf 84' lang='lat' dir='ltr'><strong>castrum</strong></span> <span class='ocrx_word' id='word_1_778' title='bbox 2590 5375 2931 5429; x_wconf 86' lang='lat' dir='ltr'><strong>immitteret.</strong></span> <span class='ocrx_word' id='word_1_779' title='bbox 2959 5373 3078 5439; x_wconf 83' lang='lat' dir='ltr'><strong>Quo</strong></span> <span class='ocrx_word' id='word_1_780' title='bbox 3101 5372 3245 5427; x_wconf 89' lang='lat' dir='ltr'><strong>facto</strong></span> <span class='ocrx_word' id='word_1_781' title='bbox 3266 5384 3389 5428; x_wconf 91' lang='lat' dir='ltr'><strong>cum</strong></span> <span class='ocrx_word' id='word_1_782' title='bbox 3411 5364 3476 5418; x_wconf 88' lang='lat' dir='ltr'><strong>ad</strong></span> <span class='ocrx_word' id='word_1_783' title='bbox 3501 5358 3720 5454; x_wconf 49' lang='lat' dir='ltr'><strong>Imbruﬂi</strong></span> 
     </span>
    </p>
   </div>
   <div class='ocr_carea' id='block_1_111' title="bbox 2164 5447 3723 5540">
    <p class='ocr_par' dir='ltr' id='par_1_111' title="bbox 2164 5447 3723 5540">
     <span class='ocr_line' id='line_1_111' title="bbox 2164 5447 3723 5540; baseline -0.024 -12"><span class='ocrx_word' id='word_1_784' title='bbox 2164 5472 2503 5536; x_wconf 80' lang='lat' dir='ltr'><strong>recessisset,</strong></span> <span class='ocrx_word' id='word_1_785' title='bbox 2537 5469 2752 5540; x_wconf 85' lang='lat' dir='ltr'><strong>cognito</strong></span> <span class='ocrx_word' id='word_1_786' title='bbox 2789 5468 2899 5524; x_wconf 83' lang='lat' dir='ltr'><strong>illic</strong></span> <span class='ocrx_word' id='word_1_787' title='bbox 2930 5468 3069 5522; x_wconf 89' lang='lat' dir='ltr'><strong>duas</strong></span> <span class='ocrx_word' id='word_1_788' title='bbox 3097 5465 3291 5521; x_wconf 87' lang='lat' dir='ltr'><strong>adduci</strong></span> <span class='ocrx_word' id='word_1_789' title='bbox 3321 5447 3667 5524; x_wconf 78' lang='lat' dir='ltr'><strong>Amogabaris</strong></span> <span class='ocrx_word' id='word_1_790' title='bbox 3696 5447 3723 5486; x_wconf 76' lang='grc' dir='ltr'>θ</span> 
     </span>
    </p>
   </div>
   <div class='ocr_carea' id='block_1_112' title="bbox 2162 5540 3725 5630">
    <p class='ocr_par' dir='ltr' id='par_1_112' title="bbox 2162 5540 3725 5630">
     <span class='ocr_line' id='line_1_112' title="bbox 2162 5540 3725 5630; baseline -0.02 -9"><span class='ocrx_word' id='word_1_791' title='bbox 2162 5564 2347 5621; x_wconf 89' lang='lat' dir='ltr'><strong>Sicilia</strong></span> <span class='ocrx_word' id='word_1_792' title='bbox 2383 5578 2573 5629; x_wconf 85' lang='lat' dir='ltr'><strong>naves,</strong></span> <span class='ocrx_word' id='word_1_793' title='bbox 2616 5562 2807 5617; x_wconf 86' lang='lat' dir='ltr'><strong>harum</strong></span> <span class='ocrx_word' id='word_1_794' title='bbox 2850 5558 3031 5615; x_wconf 88' lang='lat' dir='ltr'><strong>studio</strong></span> <span class='ocrx_word' id='word_1_795' title='bbox 3082 5548 3629 5630; x_wconf 83' lang='lat' dir='ltr'><strong>praeoccupandarnm</strong></span> <span class='ocrx_word' id='word_1_796' title='bbox 3668 5540 3725 5580; x_wconf 70' lang='lat'><strong>00</strong></span> 
     </span>
    </p>
   </div>
   <div class='ocr_carea' id='block_1_113' title="bbox 2164 5629 3723 5731">
    <p class='ocr_par' dir='ltr' id='par_1_113' title="bbox 2164 5629 3723 5731">
     <span class='ocr_line' id='line_1_113' title="bbox 2164 5629 3723 5731; baseline -0.004 -22"><span class='ocrx_word' id='word_1_797' title='bbox 2164 5675 2269 5731; x_wconf 86' lang='lat' dir='ltr'><strong>qua</strong></span> <span class='ocrx_word' id='word_1_798' title='bbox 2298 5657 2586 5712; x_wconf 86' lang='lat' dir='ltr'><strong>veniebant</strong></span> <span class='ocrx_word' id='word_1_799' title='bbox 2608 5670 2827 5709; x_wconf 89' lang='lat' dir='ltr'><strong>cursum</strong></span> <span class='ocrx_word' id='word_1_800' title='bbox 2853 5651 3108 5708; x_wconf 83' lang='lat' dir='ltr'><strong>intendit.</strong></span> <span class='ocrx_word' id='word_1_801' title='bbox 3140 5652 3250 5705; x_wconf 70' lang='lat' dir='ltr'><strong>Illa:</strong></span> <span class='ocrx_word' id='word_1_802' title='bbox 3283 5655 3468 5703; x_wconf 85' lang='lat' dir='ltr'><strong>autem</strong></span> <span class='ocrx_word' id='word_1_803' title='bbox 3495 5629 3723 5731; x_wconf 38' lang='lat' dir='ltr'><strong>indm)?</strong></span> 
     </span>
    </p>
   </div>
   <div class='ocr_carea' id='block_1_114' title="bbox 2168 5717 3725 5821">
    <p class='ocr_par' dir='ltr' id='par_1_114' title="bbox 2168 5717 3725 5821">
     <span class='ocr_line' id='line_1_114' title="bbox 2168 5717 3725 5821; baseline -0.013 -11"><span class='ocrx_word' id='word_1_804' title='bbox 2168 5717 2299 5807; x_wconf 55' lang='lat' dir='ltr'><strong>ratae</strong></span> <span class='ocrx_word' id='word_1_805' title='bbox 2330 5751 2545 5821; x_wconf 82' lang='lat' dir='ltr'><strong>longius</strong></span> <span class='ocrx_word' id='word_1_806' title='bbox 2592 5762 2755 5819; x_wconf 84' lang='lat' dir='ltr'><strong>quam</strong></span> <span class='ocrx_word' id='word_1_807' title='bbox 2810 5745 2981 5802; x_wconf 83' lang='lat' dir='ltr'><strong>nostri</strong></span> <span class='ocrx_word' id='word_1_808' title='bbox 3020 5745 3303 5801; x_wconf 84' lang='lat' dir='ltr'><strong>crederent</strong></span> <span class='ocrx_word' id='word_1_809' title='bbox 3355 5717 3725 5808; x_wconf 60' lang='lat' dir='ltr'><strong>prttCCSSUam&#39;</strong></span> 
     </span>
    </p>
   </div>
   <div class='ocr_carea' id='block_1_115' title="bbox 3972 2170 3980 3090">
    <p class='ocr_par' dir='ltr' id='par_1_115' title="bbox 3972 2170 3977 3090">
     <span class='ocr_line' id='line_1_115' title="bbox 3975 2170 3977 2253; baseline 0 0"><span class='ocrx_word' id='word_1_810' title='bbox 3975 2170 3977 2253; x_wconf 73' lang='grc'><strong><em>4</em></strong></span> 
     </span>
     <span class='ocr_line' id='line_1_116' title="bbox 3975 2496 3977 2607; baseline 0 0"><span class='ocrx_word' id='word_1_811' title='bbox 3975 2496 3977 2607; x_wconf 72' lang='lat' dir='ltr'><strong>l</strong></span> 
     </span>
     <span class='ocr_line' id='line_1_117' title="bbox 3972 2848 3975 2949; baseline 0 0"><span class='ocrx_word' id='word_1_812' title='bbox 3972 2848 3975 2949; x_wconf 65' lang='grc' dir='ltr'><em>λ</em></span> 
     </span>
     <span class='ocr_line' id='line_1_118' title="bbox 3972 3026 3973 3090; baseline 0 0"><span class='ocrx_word' id='word_1_813' title='bbox 3972 3026 3973 3090; x_wconf 63' lang='grc' dir='ltr'><strong>ι</strong></span> 
     </span>
    </p>
   </div>
  </div>
