4046 6444
384 422 481 494 Gil

1238 424 1336 494 DE
1378 427 1824 493 ANDRONICO
1854 428 2319 489 PALPEOLOGO
2360 431 2506 494 LIB.
2547 424 2684 493 VH.

3533 430 3646 497 65.7

403 546 841 616 Ἀμογαὸἀροις,
910 549 1004 602 καὶ
1078 548 1514 620 προκαταλαϐεῖν
1587 547 1676 601 τὶν
1738 546 1962 598 ἐκείνων
1990 546 2039 605 Α
2066 548 2264 616 γυμνοῖ
2294 546 2611 616 ξύμπαντας
2654 547 2759 599 τῶν
2803 546 2981 600 ὃπλων
3030 546 3329 617 Ῥωμαίους
3359 547 3451 611 οὓς
3496 545 3642 619 εἶχεν

390 637 620 689 ἔσπευδε
648 637 871 707 δρόμον.
901 639 966 691 Δί
995 639 1052 693 δὲ
1081 639 1140 703 ἐξ
1165 639 1403 707 ἀφανοῦς
1442 638 1729 708 διαδρᾶσαι
1763 638 1857 689 καὶ
1887 636 1964 705 τῷ

389 728 624 798 πορθμῷ
656 731 948 784 ἐπιστᾶσαι
977 730 1119 782 κατὰ
1142 731 1242 798 τὴν
1269 729 1503 782 Καλλίου
1527 727 1834 798 χειροῦνται
1867 726 1965 796 μὲν

387 819 450 885 ἐξ
478 820 671 886 ἐσόδου
709 820 944 890 θατέραν
984 838 1091 875 των
1114 821 1206 874 τοῦ
1236 821 1549 890 Μουρίσκου
1583 820 1762 871 ἑκοντὶ
1800 834 1967 887 προσο

391 910 628 980 σχοῦσαν
656 912 734 981 τῷ
760 913 862 981 τὴν
893 913 1157 982 πολεμίαν
1188 912 1535 966 ὑποτοπάσαι
1574 907 1714 964 εἶναι
1744 911 1841 981 τὴν
1876 910 1966 962 τὸν

388 1001 699 1071 Μουρίσκον
726 1003 1019 1071 φέρουσαν.
1051 1004 1113 1055 Oi
1137 1004 1191 1057 δὲ
1217 1003 1290 1066 ὼς
1317 1003 1536 1073 ἕτοιμον
1563 1002 1739 1073 Θήραν
1770 1002 1966 1053 αὔταν-

387 1090 512 1159 δρον
548 1092 901 1161 περισχόντες
929 1093 1028 1163 τὴν
1054 1092 1213 1158 ναῦν,
1239 1094 1470 1155 πάντας,
1511 1093 1635 1162 δίχα
1669 1091 1829 1145 τινῶν
1857 1090 1968 1142 τῶν

388 1180 635 1251 θαλάσσῃ
691 1184 1131 1247 ἀποκειλάντων,
1190 1183 1349 1253 ἔργον
1402 1182 1614 1236 ποιοῦσι
1671 1183 1964 1252 μαχαίρας,

389 1272 554 1341 μόνον
577 1274 669 1324 τὸν
700 1274 973 1343 ναύαρχον
1007 1275 1535 1343 περιποιησάμενον
1571 1276 1597 1326 ὁ
1619 1274 1728 1343 γὰρ
1768 1274 1971 1342 meap-

386 1381 477 1433 χος
519 1363 661 1426 θεῖος
695 1361 762 1436 ἦν
810 1364 907 1418 τοῦ
956 1366 1297 1436 Μουρίσκου.
1353 1367 1579 1418 Ἐκεῖνοι
1613 1366 1668 1418 δὲ
1703 1364 1857 1435 μόλις
1888 1364 1967 1432 τῷ

387 1453 602 1522 σώματι
632 1455 1079 1522 διαπλεύσαντες,
1116 1457 1176 1511 τὸ
1211 1457 1453 1527 πραχθὲν
1498 1458 1821 1520 ἐπιστάντες
1861 1456 1965 1507 Teo

386 1545 522 1615 νέδῳ
551 1547 881 1615 ἀγγέλλουσι
926 1548 1003 1617 τῷ
1044 1550 1343 1619 Μουρίσκῳ
1367 1565 1380 1576 ·
1435 1547 1573 1617 πλὴν
1608 1549 1702 1599 καὶ
1737 1548 1828 1599 τὸν
1857 1548 1965 1599 τῶν

384 1634 531 1703 νηῶν
566 1637 765 1706 φόρτον
797 1638 1070 1707 δηλοῦσιν,
1120 1637 1195 1701 ὼς
1245 1636 1436 1698 κώπας
1475 1638 1587 1701 τοῖς
1636 1635 1967 1698 Κατελάνοις

382 1728 775 1797 ὅιακομίζοιεν.
847 1729 1033 1783 Ταῦτα
1086 1729 1247 1797 γνοὺς
1313 1728 1668 1798 Μουρίσκος,
1739 1731 1834 1781 καὶ
1891 1729 1966 1791 ὡς

386 1818 720 1886 κατάσχεσιν
739 1819 972 1872 ἐπύθετο
996 1820 1089 1871 καὶ
1112 1820 1305 1889 ἑτέρας
1330 1821 1457 1889 νηὸς
1482 1821 1548 1888 ἢν
1571 1820 1965 1891 προαπέστειλε

2069 638 2216 701 ἐντὸς
2247 640 2587 708 συμμάχους,
2634 637 2873 707 γυμνούς
2915 655 2973 691 τε
3023 639 3116 691 καὶ
3163 639 3431 701 ἀνόπλους
3481 641 3642 707 ἀφεὶς

2074 730 2210 783 ἰέναι
2251 747 2307 783 τε
2344 731 2715 799 παραγγέλλει
2747 731 2880 800 πρὸς
2911 731 3134 800 βασιλέα
3186 733 3279 784 καὶ
3322 732 3563 802 δηλῶσαί
3593 735 3642 787 οἱ

2069 823 2136 873 τὰ
2175 823 2454 890 γεγονότα.
2488 821 2654 875 Ταῦτ’
2691 822 3011 884 ἐπιστάντες
3052 824 3276 887 ἐκεῖνοι,
3310 824 3451 894 πλὴν
3486 827 3642 892 μόλις

2070 914 2167 967 καὶ
2204 913 2343 982 μετὰ
2372 912 2512 982 βίας,
2547 914 2939 975 Γεννουῖτικῶν
2990 915 3129 967 ἑπτὰ
3177 915 3449 983 φανεισῶν
3480 915 3651 977 νεῶνΓ

2069 998 2156 1065 αἷς
2212 1002 2587 1074 θαρρήσαντες
2646 1005 2743 1056 καὶ
2794 1005 2947 1079 αὐτοὶ
2993 1005 3382 1058 συνεκπλέουσι
3432 1008 3523 1059 καὶ
3566 1006 3642 1074 τῷ

2070 1093 2283 1163 βασιλεῖ
2315 1095 2674 1162 ἀγγέλλουσιν
2732 1097 2806 1158 ὡς
2859 1095 2967 1148 οὐδ’
3005 1096 3165 1155 αὐτὸς
3214 1097 3545 1164 Μουρίσκοθ,
3595 1099 3645 1148 εἰ

2072 1186 2146 1257 μὴ
2175 1186 2300 1254 νῆες
2326 1187 2555 1255 ἀρκεταὶ
2580 1187 2718 1257 πρὸς
2744 1187 3187 1256 ἁντιπαλάμησιν
3210 1188 3496 1239 ὲπισταῖεν
3536 1187 3644 1239 τῶν

2069 1279 2350 1340 ἐναντίων,
2401 1279 2461 1329 οὐ
2518 1279 2798 1347 πρόθυμος
2850 1277 2918 1330 ἂν
2958 1280 3042 1346 εἴη
3102 1280 3158 1340 ἐς
3210 1277 3306 1348 τὴν
3361 1277 3644 1349 βασ.λικὴν

2067 1367 2335 1430 δουλείαν,
2372 1367 2470 1437 τὴν
2504 1368 2827 1436 πειρατικὴν
2856 1368 3256 1437 περιπλὰνησιν
3291 1368 3383 1419 καὶ
3410 1370 3475 1419 τὰ
3505 1370 3649 1418 ἐκεῖ-

2070 1458 2162 1510 θεν
2228 1458 2398 1528 κέρδη
2460 1460 2588 1526 περὶ
2645 1457 2898 1509 πλείστου
2960 1457 3306 1524 ποιούμενος.
3374 1456 3645 1510 Ἀλλόὑκ

2069 1547 2326 1600 ἀπώνατο
2347 1548 2454 1602 τῶν
2481 1546 2738 1600 τοιούτων
2766 1547 2828 1617 δὴ
2852 1547 3259 1615 βουλευμάτων,
3288 1546 3405 1599 ἀλλ’
3433 1551 3554 1600 ἐπεὶ
3580 1547 3643 1618 [Ρ

2068 1640 2197 1711 409]
2227 1639 2323 1693 δύο
2344 1640 2479 1708 νῆας
2502 1639 2942 1709 ὲξαρτυσάμενος
2981 1640 3107 1710 περί
3140 1657 3245 1691 που
3268 1641 3360 1692 τὸν
3386 1642 3486 1711 τῆς
3524 1642 3647 1694 Ἐλ-

2067 1731 2367 1800 λησπόντου
2407 1728 2673 1798 πορθμὸν,
2716 1730 2976 1798 μαθόντες
3024 1730 3073 1789 pi
3105 1729 3334 1782 ἐναντίοι
3367 1733 3495 1800 περὶ
3516 1730 3643 1782 τού-

2068 1838 2186 1885 του.
2223 1822 2319 1874 σὺν
2360 1814 2441 1883 οἷς
2472 1820 2740 1883 Φίλιππος
2769 1821 3011 1890 ἀρχηγὸς
3058 1821 3302 1886 ἐκείνων,
3326 1821 3449 1872 ὅσοι
3478 1821 3643 1891 τάχος

384 1911 661 1981 βασιλεὺς,
689 1912 880 1977 δεινῶς
909 1913 1063 1984 ἤλυε,
1086 1914 1185 1967 καὶ
1211 1913 1491 1978 διενοεῖτο,
1514 1913 1586 1977 ὡς
1623 1912 1813 1978 ἔδειξε,
1848 1915 1964 1977 τοῖς
2000 1895 2040 1949 Β
2070 1913 2156 1964 ἐπ’
2184 1914 2390 1964 ἐκεῖνον
2435 1912 2751 1979 ἐξήλαυνον,
2783 1914 2878 1965 καὶ
2911 1913 3039 1982 περί
3088 1930 3189 1965 που
3239 1912 3331 1964 τὸν
3369 1912 3642 1982 Ἀρτάκην

385 2004 506 2071 μετ’
538 2003 704 2056 αὐτοῦ
753 2006 822 2057 τὰ
857 2006 932 2078 μὴ
966 2007 1275 2078 πρόσφορα.
1317 2006 1536 2076 *Επειδὴ
1567 2009 1675 2077 γὰρ
1710 2007 1872 2070 αὑτός
1904 2023 1963 2059 τε

382 2095 478 2147 mi
506 2098 554 2147 oi
576 2097 639 2149 ἐκ
666 2096 936 2166 βασιλέως
961 2099 1305 2169 πεμφθέντες
1345 2099 1608 2169 Ῥωμαῖοι
1636 2102 1694 2154 ιν
1719 2100 1842 2154 δυσῖ¹
1870 2100 1964 2152 καὶ

386 2187 577 2255 μόναις
593 2190 785 2243 ναυσὶν
804 2189 1135 2258 ἐπώκελλον,
1149 2192 1256 2243 τῶν
1274 2193 1476 2244 λοιπῶν
1492 2193 1605 2245 ἅλω
1612 2188 1808 2261 μένων,
1824 2192 1968 2246 ἀπά-

385 2297 486 2349 ρας
511 2285 610 2334 σὺν
628 2283 812 2347 αὐτοῖς
831 2282 1043 2337 ἐκεῖθεν
1062 2286 1156 2337 καὶ
1172 2287 1239 2354 τῇ
1255 2286 1638 2355 Προικοννήσιρ
1655 2285 1966 2355 προσσχὼν,

378 2459 640 2528 Adeoque
689 2462 741 2514 in
778 2460 976 2515 fretum
1026 2461 1141 2531 jam
1187 2475 1391 2519 evecta:
1446 2480 1615 2535 prope
1663 2466 1965 2536 Callipolim

378 2561 679 2607 occurrunt
730 2553 1025 2621 improviso
1053 2569 1163 2608 non
1219 2557 1526 2611 advertenti
1582 2569 1636 2611 et
1681 2558 1966 2615 festinanti

382 2645 612 2698 ulterius
643 2644 893 2700 Andreae.
929 2645 1031 2702 ilic
1066 2648 1205 2702 forte
1243 2649 1469 2718 coatigit
1501 2660 1697 2705 nautas
1736 2652 1964 2708 alterius

380 2736 601 2794 Ilurisci
628 2740 850 2795 navium
885 2742 1029 2797 ultro
1051 2758 1110 2798 se
1130 2743 1426 2813 admovere
1448 2745 1587 2798 hosti
1618 2760 1722 2800 nou
1752 2746 1960 2814 agnito,

379 2837 523 2904 quod
557 2852 752 2891 navem
803 2839 1105 2905 conspicati
1142 2839 1380 2894 Siculam
1437 2839 1584 2894 illam
1623 2855 1745 2894 esse
1787 2841 1958 2906 ipsam

380 2928 672 2984 crederent
703 2944 808 2999 qua
867 2931 976 2985 dux
1033 2932 1272 3001 ipsorum
1308 2931 1576 2987 amerales
1635 2933 1958 2987 vehebatur.

382 3015 536 3075 [laud
586 3019 701 3087 pari
763 3035 949 3076 errore
1012 3022 1184 3076 delusi
1248 3022 1441 3089 Siculi,
1495 3021 1662 3093 584
1713 3032 1962 3090 paratam

381 3120 604 3168 strenue
660 3112 989 3180 arripientes
1045 3115 1304 3180 praedam,
1359 3115 1479 3169 navi
1539 3114 1783 3170 Romana
1837 3124 1964 3171 sunt

382 3192 562 3277 potiti,
600 3210 926 3270 nostrosque
979 3202 1088 3259 illic
1119 3214 1364 3273 repertos
1394 3206 1736 3272 occiderunt,
1766 3218 1967 3277 praeter
1993 3237 2038 3296 ρ

382 3296 651 3363 quosdam
691 3295 782 3363 qui
819 3292 968 3363 jaetn
1003 3295 1058 3349 in
1096 3312 1245 3351 mare
1278 3299 1543 3369 praecipiti
1576 3299 1739 3368 gladii
1785 3300 1960 3355 aciem

382 3387 658 3453 ingerunt,
690 3396 744 3439 et
778 3387 1113 3441 navzrchum
1155 3401 1351 3457 sponte
1407 3405 1436 3442 a
1495 3391 1793 3446 victoribus
1847 3405 1963 3445 ser-

380 3486 589 3530 vatum.
617 3474 717 3530 Hic
739 3486 860 3531 erat
886 3477 1108 3533 Murisci
1140 3493 1390 3548 patruus.
1420 3480 1498 3534 llli
1528 3492 1708 3538 autem
1739 3497 1877 3552 quos
1900 3496 1963 3536 se

382 3569 439 3623 iu
473 3584 670 3638 aquam
702 3570 957 3640 injecisse
990 3571 1253 3645 diximus,
1281 3573 1397 3627 solo
1433 3584 1692 3628 manuum
1735 3573 1960 3641 remigio

379 3677 527 3731 aegre
599 3664 811 3717 tandem
868 3662 1030 3718 nudis
1096 3665 1417 3731 corporibus
1474 3664 1611 3719 salvi
1681 3663 1960 3719 Tenedum

381 3756 618 3826 appulsi,
640 3771 756 3810 rem
784 3756 893 3810 illic
924 3766 1134 3825 gestam
1175 3755 1412 3810 Muriseo
1441 3757 1787 3822 nuntiarunt,
1824 3773 1961 3825 prte-

382 3861 642 3917 tereaque
694 3849 1096 3918 signiticarunt,
1157 3848 1289 3916 quid
1329 3849 1527 3903 Siculae
1563 3865 1728 3904 naves
1779 3852 1962 3906 oneris

384 3942 672 4005 haberent,
697 3948 751 3993 ct
775 3951 832 3992 ut
860 3954 1037 3994 remos
1065 3948 1227 4008 aulue
1259 3940 1310 3992 id
1343 3953 1513 4007 genus
1539 3954 1691 3993 arma
1720 3942 1957 4007 nautica,

382 4031 700 4086 triremibus
747 4031 958 4085 scilicet
1004 4031 1363 4093 instruendis,
1417 4041 1770 4101 apportarent
1799 4031 1961 4086 Cate-

380 4121 541 4175 lnnis.
578 4118 670 4174 llis
703 4119 973 4176 Muriscus
1007 4110 1261 4191 cognitis,
1317 4121 1477 4176 simul
1509 4123 1678 4177 etiam
1730 4123 1961 4179 audiens

382 4214 544 4269 aliam
585 4228 617 4268 e
654 4213 839 4269 missis
866 4214 937 4266 ab
968 4212 1302 4281 imperatore
1358 4213 1590 4269 navibus
1639 4223 1853 4282 captam
1904 4223 1962 4270 et

382 4307 557 4375 ipsam
610 4303 798 4368 fuisse,
840 4304 894 4358 in
944 4318 1165 4373 gravem
1218 4304 1463 4373 dejectus
1512 4319 1802 4359 maerorem
1853 4317 1956 4371 est,

382 4398 716 4464 anxiumque
758 4395 848 4450 sic
878 4396 1117 4449 animum
1151 4409 1248 4463 per
1274 4395 1429 4449 varia
1462 4410 1689 4450 versans
1722 4397 1956 4452 consilia

382 4489 437 4541 in
466 4499 532 4539 eo
564 4487 801 4553 denique
830 4484 1127 4553 acquievit,
1154 4483 1301 4553 quod
1335 4484 1558 4539 minime
1591 4485 1955 4551 conducibile,

2070 2004 2178 2057 τῶν
2211 2006 2532 2076 Κυζικηνῶν
2577 2005 2813 2059 ἐπίνειον
2855 2007 2996 2057 κατὰ
3046 2005 3106 2058 τὸ
3146 2005 3401 2057 Ἀλὼνιον
3437 2007 3645 2073 συμϐα-

2070 2097 2253 2159 λόντες
2275 2097 2359 2164 ἐφ’
2389 2098 2569 2151 ἱκανδν
2607 2097 2948 2168 διεμάχοντο,
2987 2098 3080 2149 καὶ
3127 2098 3508 2166 περιεγένοντο
3551 2097 3641 2147 τοῦ

2068 2185 2401 2256 Μουρίσκου,
2454 2188 2564 2242 τῶν
2621 2190 2751 2258 περὶ
2798 2190 3007 2240 ἐκεῖνον
3070 2188 3476 2257 ἀπειρηκότων.
3538 2188 3645 2237 Καὶ

2069 2277 2278 2346 γίνεται
2313 2280 2473 2347 φόνος
2509 2279 2699 2348 πολὺς,
2736 2280 2904 2333 αὐτοῦ
2939 2281 3100 2350 μόνου
3138 2282 3457 2351 Μουρίσκου
3484 2297 3644 2351 περι-

2070 2475 2191 2516 eum
2216 2475 2311 2528 spe
2343 2460 2623 2514 verisimili
2650 2459 2894 2515 victoria.-
2921 2469 3112 2514 contra
3132 2459 3360 2515 classem
3396 2459 3645 2513 hostilem

2073 2569 2195 2608 mox
2229 2552 2656 2622 potentissimam
2694 2552 2949 2614 luturam,
2989 2561 3043 2605 et
3072 2552 3272 2607 etedem
3322 2553 3424 2605 sibi
3479 2567 3646 2606 naves

2073 2660 2194 2700 cum
2246 2646 2400 2713 plena
2453 2651 2723 2711 potestate
2778 2645 3224 2711 permitterentur
3281 2643 3511 2696 ducendi
3552 2660 3645 2697 eas

2073 2753 2398 2807 quocunque
2450 2738 2612 2793 vellet
2657 2738 2764 2791 late
2815 2752 2911 2806 per
2964 2738 3135 2790 maria
3175 2739 3243 2790 ad
3291 2739 3646 2812 excursiones

2075 2830 2350 2898 piraticas,
2386 2829 2627 2898 qualium
2651 2845 2679 2882 a
2704 2844 2765 2883 se
2788 2828 2917 2882 olim
2945 2837 3187 2881 actarum
3218 2828 3424 2881 lucrum
3449 2843 3646 2890 exper-

2077 2932 2161 2977 tus
2197 2921 2357 2991 585
2392 2921 2582 2991 ingens
2628 2920 2869 2973 fraudari
2907 2935 2972 2974 eo
3008 2935 3106 2988 per
3144 2934 3364 2973 causam
3399 2929 3645 2989 angusta:

2072 3029 2135 3067 ac
2168 3015 2372 3067 sterilis
2401 3015 2605 3067 circum
2639 3011 2950 3066 suburbana
2984 3010 3166 3064 littora
3199 3011 3406 3065 navalis
3438 3011 3646 3066 militia:

2070 3105 2216 3161 haud
2244 3122 2303 3160 se
2350 3106 2405 3159 in
2449 3115 2725 3175 posterum
2773 3106 2882 3174 pati
2916 3104 3119 3157 diceret
3162 3118 3342 3171 posse.
3375 3103 3644 3158 Caeterum

2071 3215 2176 3253 non
2211 3199 2403 3270 longus
2433 3200 2562 3254 huic
2610 3213 2832 3252 suorum
2869 3197 3225 3252 consiliorum
3273 3195 3489 3252 fructus
3514 3212 3644 3253 con-

2067 3293 2224 3347 stitit.
2254 3292 2386 3347 Nam
2426 3307 2493 3347 ex
2531 3305 2638 3362 quo
2669 3291 3024 3356 renuntiavit,
3055 3305 3163 3361 quo
3195 3290 3356 3344 modo
3380 3290 3642 3355 diximus,

2061 3386 2380 3457 obsequium
2438 3387 2703 3452 Augusto,
2754 3381 2982 3435 armatis
3025 3390 3246 3449 sumptu
3292 3394 3395 3434 suo
3431 3380 3642 3435 duabus

2062 3481 2309 3541 navibus,
2343 3477 2397 3530 in
2440 3477 2508 3532 iis
2536 3476 2662 3530 dum
2695 3473 2976 3542 opperitur
3007 3470 3427 3538 inﬂellesponlo
3459 3479 3643 3525 trans-

2063 3571 2195 3624 itum
2255 3569 2600 3624 commodum
2645 3569 2697 3620 in
2741 3578 2929 3632 aequor
2968 3564 3183 3633 plenum
3214 3563 3305 3617 ubi
3353 3577 3503 3618 more
3540 3577 3644 3616 suo

2062 3680 2126 3719 ac
2161 3675 2371 3732 quaestu
2415 3661 2583 3717 veteri
2630 3660 2863 3729 piratam
2915 3666 3128 3728 ageret,
3194 3659 3493 3726 conspicati
3549 3673 3645 3712 eas

2062 3757 2383 3820 adversarii,
2405 3769 2590 3809 secum
2610 3752 2878 3807 habentes
2901 3749 3159 3819 appulsas
3182 3763 3375 3803 recens
3399 3762 3429 3802 e
3455 3748 3643 3803 Sicilia

2062 3866 2228 3906 naves
2271 3849 2467 3918 quibus
2516 3846 2798 3916 Philippus
2854 3846 3074 3917 quidam
3107 3853 3378 3914 praeerat,
3419 3857 3643 3897 cursum

2061 3940 2350 3998 confeStnn
2395 3941 2449 3994 in
2495 3940 2619 3994 illas
2651 3938 2974 4007 expediunt.
3013 3936 3080 3988 Et
3117 3950 3329 3989 summa
3361 3935 3645 3988 celeritate

2061 4035 2295 4092 insecuti
2313 4033 2729 4099 deprehendunt
2752 4031 2958 4083 circum
2982 4027 3217 4082 Artacen
3240 4026 3639 4096 Cyzicenorum

2061 4121 2271 4183 navale,
2309 4120 2398 4173 ubi
2439 4132 2605 4186 prope
2650 4117 2904 4171 Aloninm
2935 4130 3113 4183 pugna
3148 4116 3510 4170 committitur
3543 4118 3638 4170 diu

2060 4227 2282 4280 anceps,
2336 4210 2538 4263 acriter
2589 4206 2828 4263 Murisco
2878 4207 3197 4269 resistente,
3235 4208 3410 4276 quoad
3475 4210 3643 4278 hujus

2061 4302 2323 4357 militibus
2353 4301 2566 4353 animos
2591 4298 3054 4367 despondentibus
3090 4297 3378 4367 Philippus
3410 4313 3638 4368 supcra-

2061 4395 2161 4459 vit,
2187 4403 2239 4447 et
2263 4393 2409 4446 caede
2457 4406 2521 4444 ac
2554 4400 2738 4459 strage
2766 4389 2971 4444 circum
3007 4389 3304 4445 Muriscum
3345 4392 3493 4447 edita
3525 4407 3637 4446 non

2061 4503 2226 4557 parva
2257 4500 2376 4539 cum
2411 4486 2588 4552 ipsum
2618 4485 2788 4552 cepit,
2825 4494 2939 4538 tum
2971 4484 3162 4539 ambas
3185 4484 3301 4555 ejus
3328 4501 3496 4540 naves
3522 4487 3641 4537 suis

382 4588 440 4633 ut
477 4588 704 4631 eventus
726 4577 1075 4640 monetravit,
1107 4576 1396 4630 comitibus
1428 4577 1599 4645 ipsius
1622 4577 1785 4631 foret.
1820 4576 1957 4633 Cum
1992 4575 2035 4630 D
2067 4578 2370 4646 adjungcns
2419 4575 2595 4630 victor
2637 4584 2722 4628 est
2769 4588 3042 4628 reversus.
3084 4573 3194 4628 Nec
3233 4577 3527 4645 quidquam
3575 4595 3645 4630 eo

379 4675 526 4727 enim
561 4684 671 4727 tam
707 4673 823 4741 ipse
847 4684 1010 4739 quam
1043 4669 1136 4738 qui
1170 4670 1273 4725 sub
1308 4684 1374 4724 eo
1403 4670 1557 4724 missi
1609 4675 1678 4724 ab
1712 4672 1952 4740 impera-

383 4776 502 4818 tore
532 4763 762 4816 Romani
797 4760 1124 4824 militabant,
1155 4759 1208 4812 in
1236 4761 1371 4814 duas
1399 4759 1511 4826 jam
1543 4758 1690 4814 solas
1718 4761 1958 4825 relictas,

378 4857 594 4912 caeteris
619 4855 689 4909 ab
735 4853 890 4907 hoste
915 4851 1220 4921 occupatis,
1271 4851 1523 4905 contrusi
1557 4866 1721 4907 naves
1751 4862 1957 4920 essent,

380 4963 504 5002 eum
573 4946 660 5000 his
723 4945 940 4999 solvens
1001 4946 1129 4998 inde
1201 4941 1631 4997 Prmcmmesum
1701 4944 1971 5012 appulsus.

380 5038 581 5109 spoliat
621 5037 791 5090 armis
819 5034 1099 5090 Romanos
1131 5048 1346 5097 omnes,
1374 5043 1427 5087 et
1475 5033 1624 5089 nullo
1656 5035 1957 5089 instructos

382 5132 584 5185 viatico
632 5129 882 5193 dimittit,
918 5128 999 5182 ire
1035 5127 1104 5180 ad
1156 5127 1541 5196 imperatorem
1583 5126 1782 5195 juhens
1821 5134 1876 5179 et
1907 5127 1959 5182 ei

380 5237 610 5276 narrare
631 5235 749 5289 qua:
774 5220 1111 5274 acciderant.
1147 5217 1527 5272 Pervenerunt
1557 5218 1611 5271 hi
1641 5220 1858 5273 tandem
1891 5222 1958 5275 ad

380 5318 708 5385 Augustum,
743 5328 885 5383 agre
914 5314 1158 5383 quidem,
1211 5323 1266 5367 et
1297 5313 1386 5367 diu
1415 5314 1640 5382 quaesita
1677 5315 1731 5367 itt
1768 5319 1958 5368 urbem

381 5408 768 5464 transfretandi
814 5404 1098 5458 facultate.
1137 5403 1244 5458 Sed
1292 5405 1681 5471 apparentibus
1720 5420 1958 5458 commo-

381 5504 510 5558 dum
561 5510 767 5568 septem
799 5497 1169 5552 Genuensium
1222 5498 1471 5563 navibus,
1504 5508 1733 5552 exorato
1766 5500 1819 5552 in
1860 5514 1960 5554 eas

381 5608 640 5654 ascensu,
669 5591 939 5659 deportati
969 5603 1036 5643 eo
1066 5589 1302 5657 denique
1340 5588 1658 5654 imperatori
1694 5606 1963 5660 exposue—

381 5697 510 5745 runt
563 5688 696 5753 quid
751 5686 882 5756 ipsis
917 5683 1228 5746 accidisset,
1261 5684 1421 5750 eique
1454 5685 1776 5736 nuntiarunt
1818 5685 1969 5737 nolle

379 5783 616 5852 amplius
666 5779 962 5832 Muriscum
1011 5775 1111 5844 ipsi
1152 5773 1383 5839 servire,
1421 5774 1525 5827 nisi
1555 5786 1612 5828 et
1656 5790 1819 5829 naves
1854 5776 1984 5845 ipsi.

384 5880 644 5931 darentur
687 5874 884 5928 idoneo
918 5883 1146 5923 numero
1176 5879 1237 5919 ac
1272 5864 1467 5920 robore
1491 5865 1557 5918 ad
1598 5871 1944 5935 pugnandum

2064 4681 2304 4742 tempore
2360 4671 2530 4722 vitam
2597 4667 2837 4722 Murisco
2901 4668 3003 4721 nisi
3068 4667 3311 4738 Philippi
3364 4672 3643 4736 gratitude

2062 4762 2327 4821 servavit.
2379 4760 2704 4816 Metninerat
2749 4758 2837 4813 hic
2899 4758 3046 4812 enim
3098 4758 3235 4812 alias
3281 4773 3344 4813 se
3396 4759 3449 4812 in
3501 4760 3641 4812 mari

2062 4868 2276 4929 captum
2311 4871 2340 4909 a
2369 4855 2607 4910 Murisco
2630 4853 2842 4913 eodem,
2872 4853 3160 4920 piraticam
3180 4862 3309 4906 tunc
3326 4850 3641 4918 factitante,

2064 4958 2354 5006 tractatum
2380 4951 2446 5002 ab
2466 4948 2583 5016 ipso
2610 4947 2917 4999 humaniter
2937 4943 3105 4999 fuisse
3121 4944 3381 5012 brevique
3406 4944 3634 4999 liberum

2060 5041 2373 5103 dimissum,
2411 5038 2550 5107 lytro
2580 5052 2686 5091 non
2710 5050 2928 5106 magno.
2964 5036 3105 5106 Ergo
3141 5051 3327 5104 parem
3360 5036 3441 5092 illi
3472 5036 3640 5091 modo

2061 5135 2291 5204 gratiam
2345 5132 2644 5200 rependere
2695 5129 2978 5198 Philippus
3037 5129 3234 5195 voluit,
3295 5144 3400 5184 non
3462 5129 3637 5182 multo

2059 5235 2187 5294 post
2220 5222 2410 5276 redimi
2451 5236 2573 5273 eum
2624 5220 2765 5288 apud
2817 5219 3094 5274 Tenedum
3134 5223 3322 5276 sineus
3373 5235 3404 5275 a
3445 5231 3644 5291 patruo

2061 5319 2180 5386 ejus
2205 5313 2318 5367 illic
2357 5312 2501 5367 ferte
2527 5321 2765 5380 reperto,
2804 5313 2978 5365 tribus
3012 5327 3304 5369 aureorum
3340 5328 3631 5380 parvorum

2064 5406 2324 5460 millibus.
2377 5403 2479 5459 Per
2513 5408 2996 5458 hunc’snecessum
3035 5405 3253 5459 Murisci
3285 5414 3431 5458 metu
3472 5408 3640 5457 Amu-

2061 5500 2245 5570 gabari
2272 5498 2461 5562 soluti,
2492 5499 2748 5553 ﬁdentius
2780 5498 2894 5567 jam
2935 5509 3307 5552 commeantes
3329 5499 3382 5551 in
3417 5497 3624 5558 Asiam,

2062 5593 2258 5647 Persas
2295 5592 2403 5645 illic
2438 5606 2543 5643 non
2576 5606 2780 5661 paucos
2830 5590 2933 5645 sub
2958 5592 3096 5645 duce
3125 5591 3286 5643 Atina
3334 5596 3637 5648 merentes,

2061 5682 2227 5737 certis
2261 5683 2319 5736 in
2351 5697 2478 5736 suas
2508 5693 2689 5750 partes
2716 5683 3120 5738 conditionibus
3172 5690 3460 5744 attractus,
3494 5678 3635 5732 freto

2065 5774 2296 5842 traiecto
2353 5774 2419 5827 ad
2473 5788 2571 5827 sua
2628 5787 2806 5830 castra
2866 5774 3247 5842 deportarunt.
3306 5769 3371 5823 lli
3422 5771 3645 5822 caeteris

2065 5866 2332 5933 adiuncti,
2360 5866 2450 5934 qui
2480 5867 2721 5936 iamillic
2743 5877 2920 5933 erant,
2954 5865 3065 5921 suis
3094 5860 3471 5933 popularibus,
3501 5860 3643 5914 Per»
