4046 6420
458 435 562 501 64Ἱ

1641 431 1962 495 GEORGII
2011 421 2490 492 l‘ACllYMER/E
3602 421 3703 494 διά

461 552 725 614 σωθέντος
763 554 824 605 ἐκ
887 548 1118 615 παλαιᾶς
1180 553 1359 622 φιλίας
1411 551 1717 604 Φιλίππου·
1782 553 2032 606 κάκεῖνος
2069 554 2108 606 Α
2139 547 2230 600 τοῦ
2259 545 2614 613 πολίσματος.
2655 543 2821 612 πυρὸς
2877 543 2932 595 δὲ
2985 544 3050 596 τὰ
3103 543 3278 597 πάντα
3315 544 3501 597 θέσθαι
3531 545 3705 598 δαπά-

459 646 569 714 γάρ
605 645 769 698 πάλαι
802 647 930 698 ποτὲ
967 646 1070 698 ὑπὸ
1101 646 1415 716 Μουρίσκου
1450 645 1612 706 ἁλοὺς
1647 645 1789 698 κατά
1831 643 2029 696 θάλατο

458 753 556 786 ταν
586 736 1002 806 πειρατεύοντος
1024 737 1215 807 ἔτυχεν
1254 735 1538 804 εὐμενοῦς,
1567 737 1710 788 ὥστε
1749 742 1844 789 xa‘t
1882 736 2027 804 ὠνῆς

461 824 924 896 ἀπεμποληθῆναι
957 829 1207 897 μετρίας.
1253 829 1352 882 Διά
1391 845 1475 880 τοι
1510 827 1683 881 ταῦτα
1734 827 1828 879 καὶ
1871 827 2032 890 αὐτὸς

461 920 676 972 ἐκείνου
710 919 782 979 ὼς
813 915 1015 986 ἥκιστα
1061 920 1248 988 ἔτυχεν
1292 919 1608 988 ἀχαρίστου,
1655 917 1790 971 ἀλλὰ
1818 918 2030 988 μικρῶν

459 1011 628 1079 τριῶν
670 1009 924 1078 χιλιάδων
974 1010 1203 1079 χρυσίου
1253 1010 1615 1079 ἀπεμπολησε
1660 1010 1848 1062 τοῦτον
1895 1011 2031 1079 πρὸς

461 1101 683 1152 Τένεδον
717 1101 846 1170 θείῳ
883 1101 1094 1153 ἐκείνου
1125 1101 1241 1152 ἐκεῖ
1269 1101 1517 1170 παρόντι.
1563 1101 1938 1171 Ἀμογάὸαροι
1973 1102 2033 1154 δὲ

460 1193 580 1252 ταῖς
611 1191 839 1258 τόλμαις
879 1190 1367 1260 ἀναθαρρήσαντες
1393 1192 1495 1243 οὒκ
1525 1190 1739 1258 ὀλίγους
1771 1190 1878 1242 τῶν
1905 1192 2034 1262 περὶ

489 1284 687 1349 Ατίνην
744 1283 968 1351 Περσῶν
1036 1283 1362 1352 συμμάχους
1416 1283 1848 1352 διεπεραῖωσαν,
1909 1283 2034 1352 περί

460 1391 563 1425 που
615 1373 859 1442 χιλιάδας
917 1370 1030 1428 δύο.
1064 1368 1473 1443 Ἐπιμιξάντων
1502 1376 1593 1426 καὶ
1632 1373 1923 1442 Ῥωμαίων
1977 1373 2036 1438 ἐξ

459 1466 745 1533 ἀνατολῆς,
776 1466 975 1534 ἄθρουν
1005 1467 1290 1534 γεγονότες
1317 1467 1517 1535 πλῆθος
1553 1465 1900 1535 ἐξώρμησαν.
1927 1467 2036 1519 Καὶ

457 1558 556 1616 τὰς
606 1558 706 1626 μὲν
746 1557 1050 1627 δυσχωρίας
1097 1552 1191 1610 τοῦ
1231 1559 1402 1612 Γάνου
1450 1559 1544 1610 καὶ
1590 1557 1710 1610 λίαν
1751 1557 2036 1626 διεφυλάτ-

459 1667 650 1715 τοντο,
708 1649 777 1702 τὰ
840 1651 1000 1720 πέριξ
1051 1651 1106 1702 δέ
1147 1651 1242 1702 καὶ
1297 1648 1711 1720 διαδραμόντες,
1747 1649 1855 1702 ἀπὸ
1905 1649 2036 1717 γοῦν

463 1741 695 1793 Καλλίου
725 1742 887 1811 μέχρι
912 1744 1006 1795 καὶ
1038 1743 1399 1812 Τζουρουλοῦ,
1427 1744 1490 1796 τὸ
1511 1744 1657 1806 ἐντὸς
1679 1745 1826 1796 άπαν
1850 1741 2036 1804 κακῶς

458 1833 743 1896 διετίθουν,
777 1834 1083 1897 κτείνοντες
1137 1836 1459 1904 παμπληθεῖ
1518 1835 1594 1898 ὡς
1657 1837 1734 1897 είς
1786 1835 2034 1904 χιλιάδας

2136 654 2300 706 νημα,
2337 636 2479 687 κατὰ
2523 635 2826 704 Σηλυϐρίαν
2879 635 2925 687 δ’
2962 635 3402 705 ἐγκλεισθῆναι),
3454 636 3529 697 ὡς
3562 633 3705 704 εἶχον

2133 727 2295 789 εὐθὺς
2341 724 2634 792 Ῥαιδεστῷ
2661 724 3086 794 προσϐάλλουσι.
3121 725 3230 777 Καὶ
3260 727 3384 778 ὅσον
3417 725 3517 793 μὲν
3547 725 3705 788 ἐκτὸς

2133 816 2561 887 προκατέλαϐον,
2587 817 2795 870 ἀνοικτὶ
2825 815 3128 869 κτείνουσιν
3157 815 3233 878 ὡς
3268 815 3481 868 κεῖσθαι
3514 816 3705 867 πεσόνδ

2132 927 2230 972 τας
2254 913 2320 962 ἐκ
2343 910 2452 961 τῶν
2482 909 2650 978 τριῶν
2685 907 2990 977 ἐκκλησιῶν
3029 909 3192 978 μέχρι
3234 907 3322 960 καὶ
3359 907 3522 961 αὖτοῦ
3562 906 3706 959 Ῥαι-

2133 1001 2322 1056 δεστοῦ
2347 1000 2699 1071 παμπόλλους
2726 999 2824 1052 ἀνθ
2834 1000 3051 1070 ρώπων,
3074 1000 3166 1054 τὸν
3187 998 3243 1052 δὲ
3266 999 3477 1069 πύργον
3493 999 3702 1050 πολλῶν

2132 1091 2557 1156 ἐγκλεισθέντων
2591 1090 3049 1159 περικαθίσαντες
3096 1089 3290 1160 ἤθελον
3336 1088 3558 1153 ἐξελεῖν.
3594 1091 3704 1142 Καὶ

2134 1181 2258 1232 ἐπεὶ
2319 1181 2561 1236 ἀδύνατα
2611 1178 2680 1254 ἦν
2741 1182 2922 1250 σφίσιν
2956 1183 3131 1252 αἱρεῖν
3191 1181 3548 1250 μαχομένοις,
3583 1181 3700 1234 καθ’

2135 1275 2423 1342 ὁμολογίας
2475 1277 2779 1346 ἐπειρῶντο
2819 1276 3156 1346 χειροῦσθαι.
3191 1273 3338 1326 Ἃλλ*
3381 1273 3493 1326 οὐδ’
3536 1273 3701 1336 οὕτως

2135 1363 2280 1437 εἶχον
2299 1386 2312 1400 ·
2344 1367 2518 1436 ταύτῃ
2537 1385 2617 1420 τοι
2643 1371 2736 1422 καὶ
2764 1369 3091 1436 ἀπογνόντες
3130 1368 3494 1436 ὑπέστρεφονι

2331 1501 2414 1569 νβ’.
2451 1502 2591 1568 Περὶ
2617 1500 2724 1554 τοῦ
2768 1499 3170 1570 Ῥομοςρορτου
3210 1501 3496 1557 Λατίνου.

2207 1634 2271 1707 [Ρ
2299 1635 2427 1708 MO]
2455 1638 2587 1689 Τότε
2620 1638 2842 1706 καὶτῆς
2876 1638 3196 1708 Αὐγούστης
3226 1638 3470 1708 Εἰρήνης
3509 1640 3703 1692 ἐπανα-

2137 1727 2505 1797 ζευγνυούσης
2541 1732 2605 1782 ὲκ
2649 1730 3046 1799 Θεσσαλονίκης
3080 1733 3173 1783 καὶ
3215 1731 3476 1798 σταθμοῖς
3506 1730 3704 1800 βασιλι-

2137 1822 2253 1881 κοῖς
2296 1819 2427 1872 dio-si
2456 1821 2584 1874 δέκα
2636 1819 2966 1886 ὲξανυούσης
2995 1822 3064 1874 τὰ
3107 1822 3204 1891 τῆς
3246 1821 3388 1884 ὀδοῦ,
3441 1821 3703 1888 ἀγγελθὲν

459 1925 702 1989 πίπτειν,
740 1926 857 1989 ζῶα
888 1927 980 1980 καὶ⁸
1013 1927 1138 1996 βοῦς
1169 1929 1443 1998 ἀροτῆρας
1471 1929 1725 1992 ζευγίτας
1758 1929 2028 1998 ἀνδρα-πο·
2067 1936 2104 1988 Β
2139 1911 2346 1980 βασιλεῖ
2377 1912 2600 1980 πέμψας
2621 1913 2956 1982 ἀπήγγειλεν
2982 1915 3344 1981 ὑποστρέφειν
3367 1931 3380 1943 ⁸
3433 1915 3572 1983 μηδὲ
3600 1914 3702 1982 γὰρ

456 2017 722 2079 δίζοντες,
751 2020 844 2070 καὶ
889 2020 1062 2072 ταῦτα
1095 2023 1153 2072 ἐν
1199 2019 1377 2088 καιρῷ
1426 2021 1640 2090 ἀρότου,
1697 2021 1782 2072 ὅτε
1833 2021 1880 2072 οἱ
1933 2020 2030 2087 μὲν

456 2108 808 2176 ἐσφάττοντο,
837 2111 953 2162 ὅσοι
989 2112 1042 2163 δὲ
1071 2113 1164 2163 καὶ
1203 2111 1448 2179 ἔφθασαν
1481 2113 1910 2181 προσφυγόντες,
1947 2119 2032 2162 ὲν-

455 2199 547 2260 τδς
580 2201 678 2269 τῆς
713 2201 922 2263 πόλεως
973 2203 1326 2271 παρεδύοντο.
1380 2204 1546 2256 Αὐτοὶ
1586 2202 1640 2256 δὲ
1685 2205 1751 2256 τὰ
1801 2205 2034 2274 μέγιστα

454 2287 565 2338 τῶν
618 2289 805 2341 κακῶν
871 2290 1264 2359 εἰργασμένοι,
1345 2293 1469 2344 ἐπεὶ
1527 2294 2034 2362 ἀποκεκλεισμένην

467 2372 798 2446 Ἡράκλειαν
826 2379 1027 2447 ἤκουον
1052 2381 1344 2450 ζ(ἐφθασαν
1374 2382 1484 2451 γὰρ
1529 2385 1576 2435 οί
1624 2383 1749 2452 τῇδε
1794 2383 1870 2452 τῷ
1902 2386 2034 2435 ἀπο-

461 2467 663 2532 γνῶναι
696 2472 796 2539 τὴν
835 2471 1163 2537 ἀσφάλειαν,
1197 2473 1290 2525 καὶ
1330 2471 1530 2542 μᾶλλον
1565 2473 1719 2542 παρά
1760 2474 1867 2525 τῶν
1906 2473 2034 2541 ἡγε-

459 2557 634 2624 μόνων
661 2557 1092 2630 ὲξοτρυνόμενοι,
1123 2563 1457 2616 καταϐαλεῖν
1498 2566 1596 2633 μὲν
1627 2564 1750 2615 ὅσον
1801 2564 2034 2632 ἴσχυσαν

455 2755 638 2793 sarum
676 2739 790 2794 fere
841 2739 1005 2794 duum
1068 2741 1300 2795 millium
1361 2757 1647 2796 numerum
1715 2745 2030 2814 explebant.

455 2831 658 2897 Quibus
693 2833 843 2884 multi
875 2847 1091 2900 quoque
1133 2833 1277 2886 misti
1310 2833 1606 2888 Orientalis
1639 2835 1770 2889 olim
1821 2846 2029 2894 tractus

455 2919 646 2973 incolae
672 2920 926 2986 Romani,
959 2937 1100 2976 nunc
1147 2925 1389 2985 omnium
1441 2924 1631 3001 inopes
1677 2941 1854 2995 eoque
1885 2945 2030 2997 qua-

454 3010 783 3080 lemcunque
866 3012 1102 3066 oblatam
1156 3015 1369 3068 vivendi
1418 3017 1782 3070 conditionem
1833 3019 2035 3088 ample-

453 3113 687 3165 ctentes,
763 3104 947 3172 cepias
1019 3104 1072 3157 in
1147 3104 1550 3161 formidabilem
1633 3109 2030 3164 multitudinem

451 3195 882 3264 Amogabarieas
935 3207 1226 3251 auxerunt.
1265 3196 1380 3252 Hac
1421 3199 1504 3253 usi
1537 3203 1942 3268 opportunitate
1976 3203 2026 3256 in

453 3299 568 3336 rem
597 3299 749 3337 suam
780 3285 945 3339 duces
985 3286 1133 3341 illius
1174 3287 1349 3352 gentis
1380 3303 1740 3358 praaterquam
1769 3291 1944 3345 Saltus
1974 3301 2027 3344 et
2053 3265 2096 3322 Ο

448 3375 576 3444 jnga
607 3385 882 3444 prterupta
939 3378 1141 3432 montis
1169 3378 1310 3432 Gani
1367 3379 1560 3434 validis
1588 3396 1809 3436 suorum
1863 3381 2030 3453 586

452 3466 720 3531 praisidiis
752 3469 964 3520 insessa
1010 3468 1214 3522 nostris
1258 3469 1406 3522 invia
1454 3469 1721 3537 fecerunt,
1767 3474 1930 3526 etiam
1963 3489 2030 3527 ex

452 3553 768 3610 abundante
801 3559 956 3611 turba
1009 3560 1193 3613 varias
1244 3559 1510 3614 conﬂatus
1565 3576 1760 3615 manus
1788 3578 2031 3632 quoquo-

452 3655 673 3695 versum
722 3645 1055 3708 emittentes,
1086 3656 1282 3700 cuncta
1324 3663 1445 3716 qua:
1472 3650 1619 3703 circa
1663 3651 1874 3706 Canum
1902 3663 2031 3707 sunt

452 3747 624 3802 usque
676 3733 973 3789 Tzurulum
1037 3739 1201 3792 saevis
1269 3739 1668 3795 incursionibus
1723 3743 2028 3811 vastabant,

455 3823 789 3878 trucidantes
833 3827 1029 3893 passim
1064 3829 1278 3893 obvios,
1319 3839 1375 3882 ttt
1412 3831 1659 3897 pluribus
1703 3835 2030 3889 cadaverum

454 3911 691 3966 millibus
721 3917 881 3969 strati
905 3927 1027 3985 post
1050 3919 1241 3971 horum
1282 3921 1568 3975 transitum
1601 3925 1777 3993 campi
1804 3939 2033 3993 apparea

456 4017 598 4073 rent,
660 4020 850 4073 greges
901 4019 1258 4077 armentaque
1317 4011 1674 4076 abducentes,
1737 4027 1804 4066 ne
1859 4015 2033 4069 bobus

451 4097 671 4165 quidem
705 4099 993 4152 arantihus
1025 4101 1318 4166 parcendo,
1354 4117 1493 4170 quos
1527 4105 1594 4158 ab
1628 4118 1792 4172 opere
1819 4104 2032 4160 abstra-

453 4189 670 4252 hebanl,
700 4189 823 4246 licet
864 4191 1075 4259 publice
1117 4194 1234 4246 utili
1259 4205 1312 4248 ct
1357 4197 1425 4248 ob
1450 4196 1575 4248 anni
1602 4206 1812 4265 tempus
1835 4213 2034 4267 oppor-

453 4291 603 4333 tuno.
666 4279 804 4335 Hinc
861 4297 1060 4351 magna
1115 4284 1317 4336 scilicet
1389 4293 1763 4342 consternatio
1817 4289 2032 4344 miserae

451 4368 622 4436 plebis
665 4386 759 4438 per
794 4383 1021 4424 cuncias
1053 4372 1176 4424 illus
1213 4374 1460 4440 regiones
1500 4386 1638 4438 erat,
1690 4380 1904 4432 cunctis
1938 4381 2028 4446 qui

453 4475 640 4514 necem
672 4461 906 4514 evadere
935 4472 1222 4528 potuerant
1258 4465 1309 4516 in
1344 4466 1534 4518 urbem
1565 4465 2030 4534 confugientibus,

451 4562 517 4602 ac
547 4549 688 4600 intra
715 4563 832 4601 eam
854 4564 1070 4616 quoque
1098 4559 1305 4604 terrore
1325 4553 1559 4607 durante
1585 4555 1692 4609 illic
1716 4555 1771 4608 in
1798 4556 2031 4613 latebras

451 4655 510 4694 se
535 4640 876 4694 abdeutibtts.
910 4640 1078 4694 Porro
1110 4643 1325 4697 barbari
1357 4647 1517 4700 editis
1549 4646 1876 4701 immanibus
1917 4659 2031 4703 toto

453 4735 545 4788 illo
575 4743 748 4788 tractu
810 4735 1065 4789 inaudita:
1110 4738 1450 4791 crudelitatis
1505 4739 1794 4805 exemplis,
1844 4741 1932 4794 ubi
1969 4755 2029 4795 se

452 4825 702 4879 exclusos
737 4839 831 4892 spe
862 4837 1151 4879 senserunt
1184 4827 1475 4892 Heracleae,
1516 4840 1676 4894 prout
1710 4827 2029 4886 destinave-

456 4929 599 4981 rant,
636 4919 967 4986 occupandte
1003 4918 1282 4988 (quooiam
1329 4918 1726 4973 Heracleenscs
1769 4925 2031 4990 despera-

455 5011 600 5062 tione
635 5011 965 5075 securitatis,
1007 5020 1061 5065 et
1106 5011 1346 5069 maxime
1382 5011 1654 5078 praafectis
1684 5016 2028 5081 urgentibus,

457 5102 605 5155 urbis
663 5103 761 5171 ipsi
804 5118 916 5157 suae
956 5115 1220 5168 quantum
1264 5119 1424 5157 manu
1479 5114 1704 5171 potuere
1744 5116 2029 5174 postquam

451 5194 755 5256 diruerant,
785 5195 1003 5264 reliquis
1034 5196 1158 5264 igne
1181 5194 1426 5258 subjecto
1457 5197 1598 5250 intra
1634 5198 1944 5267 Selybriam
1973 5214 2032 5253 se

452 5287 876 5354 concluseraot),
902 5298 1015 5341 toto
1037 5289 1234 5354 impetu
1257 5288 1598 5342 thmdestum
1619 5292 2029 5358 aggrediuntur.

451 5378 528 5431 Ac
587 5380 858 5432 exteriora
913 5379 1136 5446 quidem
1191 5382 1372 5432 omnia
1427 5395 1522 5446 per
1574 5381 1861 5438 circuitum
1915 5382 2030 5450 ejus

452 5470 631 5538 oppidi
672 5471 846 5538 primo
908 5471 1130 5522 incursu
1175 5480 1461 5539 occupant,
1508 5472 1624 5526 sine
1659 5474 2030 5528 misericordia

455 5560 821 5620 trucidantes,
869 5559 941 5611 ita
992 5569 1050 5610 ut
1107 5575 1133 5610 a
1198 5561 1368 5613 tribus
1439 5560 1691 5614 ecclesiis
1754 5563 1821 5616 ad
1889 5563 2032 5630 ipsas

457 5666 627 5717 usque
654 5649 924 5704 lthacdesti
945 5661 1130 5720 portas
1150 5661 1361 5718 strages
1380 5652 2030 5719 ingensobtruncatornm

454 5742 688 5808 plurium
711 5743 959 5810 jacetet:
1001 5746 1191 5796 turrim
1217 5743 1396 5799 autem
1431 5759 1718 5798 numeroso
1760 5745 2031 5799 insessam

454 5833 704 5898 prtcsidio
738 5835 917 5890 exorsi
970 5851 1302 5906 oppugnare,
1339 5847 1612 5906 utcunque
1660 5851 1926 5892 summam
1979 5836 2031 5888 in

2137 2004 2345 2056 ἀνυστά
2378 2006 2425 2056 οἱ
2455 2005 2589 2074 πρὸς
2625 2005 2722 2074 τὴν
2754 2006 3012 2058 ἐπάνοδον
3045 2001 3205 2069 εἶναι,
3237 2007 3344 2058 τῶν
3379 2006 3522 2060 κατά
3555 2005 3699 2058 δύσιν

2137 2096 2482 2165 πραγμάτων
2533 2100 2596 2149 ἐκ
2641 2099 2739 2163 τῆς
2764 2097 2874 2149 τῶν
2906 2098 3118 2166 ἐχθρῶν
3157 2097 3460 2161 ἐπιθέσεως
3506 2111 3701 2165 συγχυ-

2137 2185 2356 2238 θέντων.
2387 2188 2555 2248 Δύτὸς
2581 2188 2636 2240 δὲ
2663 2188 2739 2250 ὡς
2763 2187 2988 2240 δυνατὸν
3012 2187 3548 2257 ἀντιπαλαμώμενος
3571 2187 3701 2256 πρὸς

2134 2279 2403 2346 τοσαύτην
2455 2278 2655 2332 κακίαν
2687 2279 2954 2349 (ἔφθασαν
2986 2280 3096 2349 γὰρ
3145 2280 3330 2333 καὶτὸ
3372 2280 3695 2349 Ἐξαμίλιον,

2137 2369 2403 2439 φρούριον
2428 2370 2574 2424 οὕτω
2605 2371 2922 2441 λεγόμενον,
2957 2373 3434 2441 προκατασχόντες
3462 2374 3512 2424 οἱ
3539 2369 3700 2437 Τοῦρ-

2135 2479 2242 2523 κοι,
2278 2456 2360 2524 οἷς
2391 2463 2454 2533 δὴ
2491 2464 2656 2531 συνῆν
2690 2465 2784 2514 καὶ
2810 2464 2839 2514 ὁ
2882 2463 3250 2533 Ῥομοφόρτος
3285 2464 3643 2528 Κατελάνος),
3673 2464 3699 2514 δ

2133 2551 2191 2605 δέ
2243 2553 2499 2623 βασιλεὺς
2547 2553 2956 2625 παραπέστειλε
3022 2557 3115 2607 τὸν
3165 2555 3256 2607 ἐπὶ
3321 2553 3426 2608 τοῦ
3479 2550 3702 2624 στρατοῦ

2137 2732 2238 2786 hoc
2273 2735 2676 2790 contentionem
2707 2735 3060 2802 adhibebant,
3093 2737 3291 2792 frustra
3316 2745 3504 2791 erant.
3533 2737 3704 2804 Itaque

2136 2823 2419 2892 desperata
2447 2829 2850 2896 expugnatione
2887 2844 2982 2898 per
3004 2829 3112 2883 vim
3142 2841 3418 2897 apertam,
3460 2829 3700 2896 pellicere

2134 2915 2391 2969 obsessos
2449 2919 2515 2970 ad
2577 2919 2908 2974 deditionem
2963 2921 3374 2976 conditionibus
3420 2916 3699 2975 efferendis

2137 3010 2494 3072 conabantur,
2528 3010 2697 3064 nihilo
2722 3010 2964 3066 felteiore
3003 3012 3240 3080 incepto.
3279 3010 3468 3077 Quare
3503 3010 3696 3065 omisso

2137 3099 2282 3153 vires
2313 3099 2546 3166 ipsorum
2591 3102 2890 3158 excedente
2940 3103 3178 3174 negatio,
3233 3105 3380 3160 unde
3421 3108 3692 3162 venerant,

2140 3199 2498 3246 reverterunt.

2527 3328 2610 3383 12.
2651 3327 2722 3382 De
2759 3327 3064 3399 Romoforto
3107 3328 3320 3383 Latino.

2204 3459 2316 3516 Hac
2370 3462 2488 3518 vice
2549 3479 2729 3518 rerum
2796 3465 3036 3534 Augusta
3095 3462 3251 3518 lrene
3303 3455 3689 3517 Thessalonica

2131 3553 2655 3622 Constantinopolim
2690 3563 3014 3617 revertente,
3047 3568 3112 3606 ae
3157 3554 3268 3619 jam
3299 3553 3494 3607 decem
3534 3547 3692 3603 circi-

2135 3654 2219 3698 ter
2243 3645 2429 3698 diebus
2454 3659 2519 3698 eo
2551 3645 2744 3700 itinere
2775 3660 3084 3714 progressa,
3118 3645 3211 3698 sed
3252 3658 3314 3696 ea
3351 3641 3513 3713 537
3549 3635 3696 3692 lenti-

2138 3734 2324 3789 tudine
2362 3749 2467 3804 qua
2507 3737 2684 3789 solent
2719 3738 2918 3804 reginae
2950 3737 3264 3805 procedere,
3317 3737 3614 3804 imperator
3641 3737 3695 3778 re

2134 3827 2321 3880 audita
2369 3829 2517 3880 misit
2549 3827 2596 3881 ei
2630 3827 2844 3881 obviam
2869 3829 2961 3895 qui
2991 3843 3020 3880 a
3057 3841 3116 3880 se
3159 3840 3490 3895 magnopere
3519 3831 3692 3875 mone-

2137 3926 2259 3969 rent
2299 3926 2357 3969 ut
2406 3932 2625 3970 cursum
2673 3915 3000 3978 reﬂecteret,
3031 3914 3388 3983 differretque
3435 3914 3488 3968 in
3521 3909 3694 3963 urbem

2137 4009 2366 4063 reditum
2424 4009 2515 4062 tali
2561 4018 2803 4076 tempore
2857 4009 2958 4077 ipsi
3013 4005 3378 4076 periculosum
3415 4024 3426 4058 :
3462 4015 3581 4056 nam
3631 3993 3696 4048 ob

2136 4101 2480 4155 incursiones
2526 4099 2751 4153 hostiles
2801 4109 2948 4152 tanta
2991 4113 3110 4153 esse
3140 4097 3549 4166 perturbatione
3577 4101 3696 4142 con-

2135 4191 2310 4247 fusum
2337 4191 2634 4246 Occiduum
2676 4200 2906 4245 tractum
2945 4190 3280 4254 universum,
3323 4200 3383 4244 ut
3414 4185 3554 4242 nulla
3578 4189 3694 4248 spes

2133 4294 2277 4338 esset
2323 4283 2448 4336 illac
2505 4297 2624 4336 eam
2673 4282 2906 4335 transire
2938 4295 3126 4361 secure
3162 4295 3344 4349 posse.
3391 4280 3557 4334 Porro
3590 4274 3696 4338 ipse

2137 4377 2398 4429 adversus
2438 4383 2545 4428 tam
2583 4375 2930 4428 vehementes
2978 4372 3216 4427 insuitus
3265 4372 3498 4427 hostium
3540 4375 3696 4431 quan-

2137 4475 2246 4519 tam
2327 4476 2535 4536 poterat
2593 4479 2874 4534 opponens
2931 4465 3334 4519 contentionem
3403 4448 3696 4514 resistendi.

2064 4589 2106 4642 D
2138 4567 2422 4625 postquam
2452 4556 2794 4624 cognovisset
2817 4553 3024 4609 Turcos
3053 4556 3104 4608 in
3130 4555 3290 4624 paulo
3318 4562 3447 4608 ante
3477 4547 3544 4602 ab
3575 4539 3697 4642 ipsis

2134 4657 2396 4715 occupata
2426 4645 2674 4699 Examilii
2711 4661 2836 4700 arce
2868 4646 3063 4700 stativa
3101 4647 3326 4712 habere,
3364 4643 3451 4696 ubi
3483 4649 3601 4692 cum
3634 4630 3693 4682 ii!i

2134 4745 2254 4791 erat
2310 4736 2662 4790 Homofortus
2701 4751 2916 4804 quoque
2965 4736 3273 4798 Catelanus,
3328 4729 3586 4788 Marulem
3632 4732 3691 4770 ex

2135 4843 2330 4897 magno
2387 4828 2647 4882 archonte
2700 4830 2889 4882 ducem
2925 4827 3198 4881 exercitus
3230 4835 3474 4881 creatum
3515 4811 3693 4908 ,ἱιιεεξισ

2135 4922 2412 4976 attributis
2448 4921 2496 4974 ei
2537 4931 2770 4989 quantas
2795 4920 3052 4987 expedire
3084 4935 3181 4988 pro
3225 4927 3467 4985 tempore
3513 4907 3691 5000 potuit.

2135 5014 2364 5068 modicis
2425 5014 2620 5082 copiis.
2655 5013 2801 5065 circa
2845 5011 3021 5065 locum
3057 5011 3204 5078 Apro
3254 5011 3458 5063 dictum
3509 5001 3693 5053 caslI'IS

2134 5107 2359 5157 munitis
2409 5105 2714 5158 considere.
2766 5103 2846 5155 Ad
2901 5103 3044 5155 hunc
3090 5100 3205 5155 isto'
3239 5101 3531 5154 haerentem
3583 5087 3693 5136 loco

2136 5194 2482 5250 Bomofortus
2509 5195 2714 5249 nuntiis
2741 5194 2880 5248 clam
2917 5194 3101 5249 missis
3129 5195 3330 5247 indicat
3365 5186 3599 5253 cogitare
3636 5183 3692 5223 se

2137 5289 2495 5357 transfugium
2534 5291 2600 5342 ad
2638 5288 3018 5354 imperatorem
3058 5301 3184 5339 cum
3230 5285 3297 5339 iis
3333 5292 3469 5351 quos
3496 5285 3560 5324 ex
3599 5273 3689 5316 5"“

2135 5391 2294 5453 gente
2355 5397 2537 5435 secum
2591 5379 2816 5434 haberet
2863 5378 3211 5447 peculiariter
3257 5368 3549 5429 obnoxios:
3578 5362 3690 5453 Itﬂﬂl

2135 5447 2200 5527 de
2250 5473 2466 5536 Turcis,
2535 5472 2730 5541 quibus
2791 5471 3037 5538 precario
3097 5476 3380 5538 praaesset,
3441 5447 3691 5523 spondere

2136 5567 2271 5619 nihil
2316 5579 2494 5633 posse.
2555 5562 2726 5614 Erant
2756 5572 2932 5615 autem
2969 5575 3106 5627 quos
3145 5571 3298 5612 certo
3333 5545 3617 5608 confideret
3641 5544 3695 5585 se

2135 5655 2516 5715 adducturum,
2552 5651 2772 5706 circiter
2817 5649 3054 5702 ducenti.
3092 5647 3197 5700 Sed
3229 5648 3521 5707 antequam
3549 5634 3694 5715 σεθου

2137 5747 2309 5808 deret,
2363 5758 2563 5812 cupere
2610 5757 2669 5796 se
2705 5740 2871 5794 nobili
2923 5750 2978 5793 et
3018 5738 3093 5791 rei
3134 5738 3392 5792 Romana:
3434 5727 3484 5780 in
3513 5716 3689 5815 priﬂllf'

2138 5838 2253 5890 utili
2297 5809 2535 5892 facinore
2590 5835 2864 5905 specimen
2917 5841 2972 5887 et
3023 5834 3176 5900 quasi
3229 5831 3415 5900 pignus
3467 5809 3578 5867 fidei
3626 5809 3682 5849 ac
