4046 6396
341 369 450 432 64-5

1231 375 1333 440 DE
1370 377 1818 441 ANDRONICO
1859 381 2327 446 PALEOLOGO
2370 388 2521 454 LIB.
2559 389 2698 452 VII.

3511 404 3617 468 646

343 481 659 552 Μαρούλην,
691 485 963 554 παραδοὺς
1014 487 1276 558 δυνάμεις
1321 491 1450 552 ὅσας
1483 493 1512 543 ὁ
1547 493 1734 561 καιρὸς
1768 496 1924 562 ἐσχε-
1953 505 1996 558 Α
2026 496 2148 547 κατ’
2173 497 2447 572 ἀνατολήν
2471 503 2712 574 φρούρια
2753 503 3223 577 ταλαιπωρεῖσθαι
3277 514 3617 581 πυνθανᾶμε-

341 573 516 638 δίαςε,
552 578 646 628 καὶ
677 581 807 648 περί
853 597 957 634 που
987 582 1087 654 τὴν
1119 583 1314 654 Ἀπρω
1361 585 1774 656 περικαθῆσθαι
1816 588 1928 639 διε⁶

342 665 588 722 τάττετο.
649 665 744 733 Οἷς
781 671 846 742 δὴ
901 673 931 726 ὁ
973 673 1342 746 Ῥομοφὸρτος
1385 675 1442 728 ἐν
1481 677 1815 748 ἀπορρήτοις
1851 675 1927 740 ὠς

342 755 504 825 δῆθεν
543 760 781 827 πέμπων
809 763 908 834 τὴν
941 765 1078 838 πρὸς
1113 765 1336 836 βασιλέα
1367 765 1462 837 ἀμ’
1507 767 1620 836 ἰδίῳ
1653 768 1766 838 λαῷ
1799 767 1927 838 περί

343 865 448 901 που
482 850 794 916 διακοσίους
818 859 1141 928 ποσουμένῳ
1161 858 1588 930 καθυπισχνεῖτο
1616 860 1923 924 ἀπόκλισιν,

344 939 486 1010 πλὴν
532 944 790 1012 χιλιάδων
821 949 1048 1017 χρυσίου
1087 951 1263 1004 τόσων
1303 951 1715 1006 ἀποσταλεισῶν
1746 952 1833 1020 ἐφ’
1878 945 1929 1020 ᾧ

342 1035 469 1096 τοὺς
505 1039 633 1105 περὶ
685 1039 850 1091 αὐτὸν
899 1041 1388 1114 δουλαγωγηθῆναι
1416 1045 1667 1109 καὶτοὺς
1707 1045 1928 1115 Πέρσας

347 1126 748 1192 ἁπαξάπαντας
781 1132 1276 1203 προχειρίσασθαιο
1314 1137 1410 1190 καὶ
1439 1139 1520 1201 είς
1561 1139 1722 1192 πέντε
1753 1139 1931 1208 χιλιά-

345 1219 442 1282 δας
469 1222 532 1273 τὸ
555 1221 920 1292 δοθησόμενον
961 1225 1148 1282 ἴστων.
1189 1228 1250 1282 '0
1289 1228 1336 1282 δ’
1380 1229 1473 1282 ἐπὶ
1509 1229 1747 1298 στρατοῦ
1788 1230 1931 1298 πέμο

344 1325 464 1362 πων
521 1310 620 1364 σὺν
679 1311 859 1376 ἄλλοις
911 1314 1202 1386 δωρήμασι
1256 1318 1644 1373 διεπυνθάνετο
1696 1319 1815 1383 πῶς
1861 1319 1928 1373 ἂν

325 1402 559 1482 ,πάντας
601 1403 1028 1475 διαχειρίσαιτο·
1063 1409 1092 1460 ὁ
1119 1409 1166 1462 δ’
1193 1407 1403 1479 ἔφασκέ
1447 1413 1497 1464 οἱ
1531 1411 1657 1474 τοὺς
1693 1410 1929 1482 ἡμίσεας

345 1493 451 1558 ἔξω
489 1513 596 1548 που
645 1496 872 1563 στεῖλαι,
901 1500 998 1552 καὶ¹
1028 1501 1153 1564 τοὺς
1186 1503 1683 1571 ἐναπολειφθέντας
1713 1503 1931 1572 ἐρήμην

345 1587 764 1654 ἀποκτιννύναι,
797 1590 1091 1654 κάκείνους
1132 1593 1197 1644 ἐκ
1239 1591 1512 1663 διαδοχῆς.
1549 1593 1608 1646 '0
1639 1592 1696 1646 δέ
1729 1593 1932 1663 δεῖγμα

345 1681 442 1734 τοῦ
474 1681 719 1736 τοιούτου
751 1684 952 1754 ἀπῄτει
997 1684 1134 1754 πρὸς
1177 1684 1461 1740 πίστωσιν.
1486 1686 1595 1740 Καὶ
1618 1686 1832 1757 δέχεται
1866 1685 1930 1754 δὴ

348 1777 593 1846 κεφαλὰς
618 1778 830 1846 ἀνδρῶν
853 1779 1257 1843 ἀποσταλείσας
1279 1781 1412 1851 παρ’
1443 1781 1653 1836 ἐκείνου
1673 1783 1748 1844 ὡς
1771 1782 1932 1850 δῆθεν

347 1839 603 1938 Περσῶν.
635 1839 748 1924 Καὶ
783 1871 1071 1942 ἠπάτησεν
1099 1873 1186 1936 ἂν,
1218 1839 1267 1928 εί
1300 1839 1374 1944 μή
1394 1892 1481 1938 τις
1505 1876 1644 1944 γυνὴ
1672 1839 1804 1944 μίαν
1823 1839 1935 1928 ἶτῶν
1965 1839 2008 1893 Β

347 1962 608 2031 κεφαλῶν
633 1965 908 2036 ἀριδήλως
941 1965 1006 2037 [Ρ
1037 1967 1168 2039 411]
1201 1968 1497 2038 ἐγνώρισεν
1523 1968 1620 2021 τοῦ
1663 1969 1795 2022 ἰδίου
1837 1972 1934 2020 ἁν-

347 2053 498 2122 δρος,
551 2053 613 2119 ἐξ
666 2051 735 2126 ἦς
789 2057 889 2120 τὰς
928 2059 1125 2122 λοιπάς
1188 2059 1484 2127 Ῥωμαίων
1521 2056 1662 2112 εἶναι
1699 2060 1843 2113 κατά
1877 2062 1939 2114 τὸ

347 2147 499 2210 εἰκὸς
533 2149 982 2219 ὑποτοπήσαντες
1011 2151 1209 2221 πείρας
1239 2151 1457 2221 ἐκείνης
1489 2150 1815 2222 ἀπέσχοντο.

495 2289 585 2350 ιγ’.
616 2284 873 2352 Ἀλωσις
908 2285 1180 2355 Θυραίων
1217 2285 1317 2339 καὶ
1345 2281 1455 2354 τῆς
1507 2284 1794 2356 Ἐφέσου.

429 2419 495 2471 '0
523 2420 709 2485 μέντοι
742 2437 806 2487 γε
833 2419 1091 2492 βασιλεὺς
1121 2419 1266 2492 λιμῷ
1297 2423 1392 2475 καὶ
1413 2422 1704 2494 πολιορκῖᾳ
1739 2423 1832 2475 καὶ
1867 2422 1938 2475 τὰ

356 2601 577 2657 virtutis
629 2619 741 2658 sua:
811 2604 1054 2673 Augusto
1109 2604 1260 2668 dare,
1313 2602 1490 2658 Persis
1535 2600 1808 2660 omnibus,
1849 2600 1936 2668 qui

350 2706 547 2750 contra
590 2696 863 2751 Romanos
899 2697 952 2750 in
985 2695 1224 2751 Occidua
1270 2696 1587 2750 continente
1617 2695 1938 2757 militarent,

355 2785 603 2843 funditus
662 2788 926 2842 delendis.
991 2787 1184 2842 Verum
1245 2787 1311 2841 ad
1369 2789 1472 2840 hoc
1523 2801 1682 2856 egere
1735 2787 1942 2848 aliquot

357 2879 598 2934 millibus
630 2895 1000 2944 nummorum,
1025 2889 1083 2933 ut
1111 2894 1172 2934 ea
1197 2880 1420 2948 pecunia
1450 2879 1770 2947 perpelleret
1796 2879 1938 2931 Tur-

352 2983 450 3024 eos
495 2971 596 3024 s-bi
642 2972 1048 3040 quadamtenus
1093 2978 1346 3040 parentes
1393 2971 1458 3022 ad
1495 2969 1849 3039 pugnandum
1884 2970 1936 3022 in

355 3061 553 3117 Persas
583 3063 782 3128 socios,
811 3064 957 3133 quod
1006 3064 1072 3118 iis
1107 3073 1330 3118 ostenso
1356 3068 1578 3134 praemio
1613 3061 1770 3116 facile
1811 3076 1936 3129 pcr-

355 3154 693 3209 suadendum
756 3155 1087 3221 eonlidebat,
1133 3155 1258 3209 licet
1309 3169 1340 3208 a
1398 3169 1585 3209 rursus
1640 3155 1934 3224 obliganda
1963 3187 2008 3240 α

356 3247 675 3317 imperatori
741 3249 846 3304 fide
903 3250 1038 3303 adeo
1071 3248 1283 3303 videret
1333 3247 1714 3312 abhorrentes,
1764 3256 1820 3301 ut
1873 3262 1938 3302 eo

355 3342 478 3397 illos
515 3357 757 3412 unquam
807 3356 1131 3396 assensuros
1163 3341 1320 3410 plane
1349 3342 1685 3410 desperaret.
1719 3340 1940 3409 Accepit

355 3433 580 3489 credule
631 3433 1052 3502 propositionem
1109 3431 1362 3496 Marules,
1409 3441 1465 3487 et
1496 3448 1604 3502 quo
1636 3434 1808 3500 magis
1860 3435 1938 3487 in-

354 3526 591 3580 clinaret
641 3525 721 3580 sic
746 3524 858 3594 jam
895 3523 1150 3579 affectum
1185 3523 1486 3578 Rouioforti
1528 3525 1792 3589 animum,
1820 3540 1938 3586 mu-

355 3631 486 3670 nera
529 3617 633 3684 ipsi
684 3631 779 3682 per
825 3614 1127 3670 submissos
1183 3616 1249 3668 ad
1316 3614 1541 3669 ulterius
1597 3616 1936 3668 tractandum

355 3722 464 3762 non
496 3722 656 3775 parva
687 3706 905 3760 obtulit.
948 3704 1046 3760 His
1097 3705 1406 3759 distinctius
1441 3705 1838 3773 inquirentibus
1873 3706 1938 3759 de

337 3814 566 3872 summa
602 3814 764 3868 quam
799 3809 1067 3866 posceret,
1102 3797 1192 3851 ille
1226 3797 1594 3866 respondebat
1657 3798 1798 3850 haud
1837 3798 1938 3850 mi-

354 3907 541 3947 norem
592 3906 714 3946 esse
763 3891 960 3946 debere
1013 3890 1253 3959 quinque
1317 3891 1646 3957 aureorum]
1679 3890 1936 3953 millibus,

356 3987 531 4053 pretio
572 4000 676 4038 non
728 3998 948 4054 magno,
983 3985 1030 4040 si
1063 4000 1186 4038 cum
1237 3983 1490 4052 promissi
1540 3997 1720 4051 opera:
1778 3982 1938 4051 pretii

357 4075 592 4130 utilitate
627 4075 832 4145 ingenti
879 4082 1316 4142 compararetur.
1348 4071 1534 4128 Facile
1567 4073 1620 4127 in
1652 4072 1758 4127 hoc
1792 4087 1938 4126 con-

355 4170 609 4224 veniebat
669 4169 934 4226 Marules:
995 4169 1090 4223 sed
1146 4167 1297 4234 prius
1357 4165 1780 4235 percontabatur
1831 4180 1936 4235 qua

354 4261 576 4315 demmn
639 4259 854 4314 ratione
909 4274 1022 4313 rem
1099 4273 1262 4327 quam
1317 4257 1672 4325 pollicebatur
1732 4258 1934 4326 oppido

355 4349 629 4404 difﬁcilem
676 4349 1041 4417 perfecturum
1110 4361 1170 4402 se
1216 4350 1535 4402 contidcret.
1604 4347 1686 4401 Ad
1735 4362 1797 4401 ea
1849 4347 1938 4400 ille

356 4440 527 4511 588
574 4456 959 4510 persuasurum
996 4453 1062 4521 se.
1097 4439 1275 4494 aiebat
1301 4439 1441 4507 parti
1477 4438 1712 4492 dimidia:
1744 4439 1935 4492 Persa-

2029 601 2139 648 νος,
2169 588 2261 642 τὸν
2285 591 2385 658 μὲν
2419 592 2578 662 λιμὸν
2609 595 2674 648 ἐκ
2700 594 2810 648 τῶν
2841 598 2982 650 κατά
3026 599 3180 653 πόλιν
3218 603 3491 670 μεγίστων
3522 623 3618 673 μο-

2029 677 2137 732 νῶν
2175 678 2236 732 τὸ
2268 683 2522 750 περιττὸν
2572 686 2681 738 τῶν
2726 687 2890 741 σίτων
2932 689 3194 758 ἐκλέγων,
3227 693 3463 746 στέλλων
3492 697 3618 756 τοὺς

2029 771 2450 840 διακομίσοντας
2511 778 2656 832 κατά
2706 781 3007 848 θάλασσαν,
3059 785 3135 846 ὡς
3193 782 3260 850 ἦν
3292 785 3619 858 θεραπεύειν

2029 863 2317 934 ἠπείγετο,
2340 866 2438 932 τὴν
2469 868 2525 920 δὲ
2549 869 2656 922 τῶν
2683 871 2943 941 Τούρκων
2976 875 3350 948 καταδρομὴν,
3383 879 3451 930 τὰ
3479 879 3619 931 αὑτά

2031 953 2110 1024 τῷ
2144 956 2282 1008 Κάνι
2319 959 2429 1010 τῶν
2458 959 2720 1030 Ἰὀχάρων
2751 963 3103 1034 Χαρμπαντᾷ
3129 965 3164 1018 ἃ.
3184 966 3247 1037 δὴ
3275 969 3369 1019 καὶ
3405 966 3480 1036 τῷ
3509 970 3620 1020 Κα-

2033 1047 2170 1117 ζάνῃ
2196 1049 2744 1120 διαπρεσϐευόμενος,
2773 1055 2927 1124 ἠξίου
2955 1057 3096 1110 κατά
3123 1061 3444 1130 συμμαχίαν
3479 1064 3622 1129 πέμ-

2034 1157 2204 1192 ποντα
2253 1143 2482 1210 στρατδν
2511 1144 2878 1199 ἀναστέλλειν.
2935 1149 3146 1217 Μικρὸν
3178 1151 3322 1213 ὅσον,
3361 1153 3456 1204 καὶ
3488 1154 3622 1220 πρέ-

2034 1233 2183 1296 σόεις
2222 1235 2429 1288 ἐκεῖθεν
2463 1238 2743 1306 ἀφίκοντο,
2782 1242 2878 1292 καὶ
2909 1243 3162 1310 ἀγγελίαι
3205 1243 3281 1307 ὡς
3304 1250 3432 1315 περὶ
3459 1253 3510 1315 μ’
3537 1265 3621 1314 χι·

2031 1323 2217 1388 λιάδας
2267 1328 2476 1397 ἀνδρῶν
2512 1333 2767 1401 μαχίμων
2815 1334 2914 1405 ἤδη
2969 1335 3513 1407 καθήτοιμὰσθησαν,
3545 1333 3620 1392 ὧν
3675 1326 3677 1328 ’

2031 1417 2130 1480 τάς
2183 1424 2231 1471 κ’
2281 1420 2492 1488 φθάσας
2520 1425 2547 1474 ὁ
2578 1425 2670 1476 τοῦ
2718 1427 3073 1495 Χαρμπαντεῖ
3114 1430 3441 1497 αὐτανέψιος
3496 1433 3622 1496 ᾶγει

2033 1509 2162 1578 περί
2194 1527 2298 1562 που
2333 1512 2392 1562 τὸ
2435 1510 2654 1566 Ἰκόνιον
2677 1533 2691 1548 ο
2723 1519 3060 1585 μεθέπεσθαι
3089 1520 3145 1572 δὲ
3173 1523 3267 1574 καὶ
3302 1521 3399 1585 τὰς
3429 1522 3622 1585 λοιπὰς

2034 1601 2082 1652 οἱ
2115 1601 2373 1670 πρέσϐεις
2400 1604 2756 1670 διεϐεϐαίουν,
2788 1604 2927 1661 εἶναι
2953 1609 3008 1661 δὲ
3045 1609 3120 1680 μὴ
3157 1611 3319 1665 πλέον
3348 1614 3498 1682 σφίσι
3527 1613 3622 1665 τοῦ

2038 1688 2228 1758 μαθεῖν
2257 1690 2354 1759 τὴν
2380 1693 2474 1744 τοῦ
2512 1693 2774 1763 βασιλέως
2807 1697 3045 1767 θέλησιν,
3074 1700 3205 1752 ὅπου
3228 1700 3322 1753 καὶ
3351 1701 3442 1752 ἐπὶ
3468 1702 3623 1764 τίνας

2036 1781 2431 1849 προσϐάλλοιεν
2463 1785 2794 1854 ἀμυνόμενοι
2827 1790 2952 1849 τοὺς
2979 1790 3302 1861 ἀλάστορας.
3331 1793 3490 1846 Καὶὸ
3524 1795 3622 1862 μὲν

2039 1874 2257 1942 κρατῶν
2290 1877 2347 1926 ἐν
2380 1877 2592 1941 τούτοις
2621 1875 2707 1951 ἦν,
2748 1881 2841 1932 καὶ
2871 1882 3019 1953 δῶρα
3051 1886 3144 1938 καὶ
3191 1887 3454 1955 πρέσϐεις
3487 1887 3622 1956 πρὸς

2041 1962 2280 2027 ἐκείνους
2305 1965 2715 2036 ἐξητοιμάζετο·
2739 1973 3059 2038 ἀγγέλλεται
3080 1976 3135 2028 δὲ
3158 1978 3252 2031 καὶ
3272 1980 3430 2049 φήμη
3454 1997 3625 2049 προσ-

2039 2053 2322 2121 τρόπαιο;,
2356 2057 2430 2118 ὡς
2465 2061 2828 2128 κατείληπται
2862 2064 3095 2131 Ἔφεσος
3141 2068 3292 2137 παρά
3353 2068 3448 2120 τοῦ
3483 2071 3624 2139 Περι-

2042 2143 2247 2214 σάρχου
2304 2146 2504 2212 Σασᾶν,
2563 2149 2619 2212 ὃς
2667 2152 2913 2223 γαμῦρὸς
2943 2155 3058 2222 ἅμα
3103 2157 3198 2210 καὶ
3247 2157 3500 2228 θεράπων
3526 2161 3622 2214 τοῦ

2043 2236 2344 2306 Καρμανοῦ
2399 2241 2716 2312 Μανταχίου
2769 2244 2845 2298 ὢν
2881 2247 3094 2301 ἐκείνου
3147 2250 3246 2319 μὲν
3306 2253 3370 2302 ἐκ
3427 2251 3623 2306 πολλοῦ

2042 2327 2410 2401 ἀπεστάτησε,
2467 2335 2588 2386 καθ’
2639 2338 2830 2392 ἑαυτὸν
2877 2340 2934 2392 δὲ
2988 2342 3249 2412 δυνάμεις
3302 2344 3450 2413 ἄγων
3481 2345 3625 2416 ὑπὲρ

2043 2420 2245 2474 ἐκεῖνον
2280 2425 2657 2494 ἐκραταιοῦτο.
2681 2431 2789 2483 Καὶ
2812 2432 2876 2503 δὴ
2905 2436 3158 2504 προεάλω
3181 2437 3279 2507 μὲν
3298 2440 3432 2508 παρ’
3455 2439 3622 2494 αὐτοῦ

2041 2604 2264 2658 obtentu
2321 2608 2528 2663 cladem
2581 2612 2733 2666 nobis
2791 2630 2984 2670 novam
3023 2619 3400 2685 molientium,
3439 2636 3628 2674 cumu-

2043 2696 2236 2761 lasset,
2261 2698 2368 2752 nisi
2402 2699 2542 2756 forte
2574 2714 2785 2770 reperta
2813 2703 2926 2761 illic
2955 2705 3197 2762 Romana
3232 2711 3426 2765 mulier
3458 2728 3624 2764 unutn

2042 2803 2073 2843 e
2103 2790 2373 2858 capitibus
2428 2793 2608 2847 allatis
2647 2796 2728 2849 sui
2757 2798 2859 2850 viri
2892 2813 2920 2849 a
2952 2797 3230 2855 Catelanis
3281 2818 3452 2872 nuper
3483 2806 3623 2873 capti

2042 2880 2348 2934 certissimo
2383 2883 2482 2936 sibi
2517 2886 2786 2954 agnitum,
2815 2887 3104 2956 eiulatibus
3129 2901 3326 2946 cuncta
3362 2894 3619 2957 miscens,

2043 2986 2162 3031 esse
2195 2973 2496 3042 dejeraret;
2533 2977 2676 3032 unde
2727 2979 3040 3050 suspicione
3078 2995 3199 3038 orta
3249 2986 3455 3054 reliqua
3485 3002 3626 3055 quo-

2045 3075 2149 3130 que
2204 3065 2379 3132 capita
2412 3064 2806 3122 Romanorum
2841 3085 2962 3125 esse
3009 3073 3262 3142 malaque
3292 3073 3396 3130 fide
3427 3073 3627 3129 [ionio-

2043 3153 2250 3208 l'ortum
2281 3170 2463 3224 agere,
2501 3157 2796 3214 damnosus
2841 3177 2962 3216 cum
3012 3163 3346 3234 deprehenso
3369 3167 3479 3235 jam
3505 3184 3628 3237 pro.

2044 3243 2223 3300 ditore
2256 3254 2522 3301 tractatus
2551 3249 2816 3320 abruptus
2851 3269 2957 3309 εει.

2261 3376 2348 3431 15.
2383 3375 2728 3448 Thyrworum
2749 3390 2799 3434 et
2830 3380 3025 3451 Ephesi
3067 3387 3408 3455 expugnatio.

2110 3513 2184 3566 At
2219 3523 2514 3581 imperator
2539 3513 2684 3570 fame
2717 3527 2770 3572 et
2798 3518 3080 3574 obsidione
3113 3538 3266 3578 arces
3303 3539 3399 3594 per
3424 3523 3626 3579 Orien-
3663 3559 3672 3566 -

2045 3603 2208 3658 talem
2271 3614 2500 3660 tractum
2561 3607 2814 3667 laborare
2889 3614 3157 3680 audiens,
3216 3614 3347 3670 fami
3404 3619 3623 3686 quidem

2040 3717 2364 3760 succurrere
2387 3718 2617 3761 conatus
2641 3717 2724 3761 est
2755 3706 3030 3762 frumento
3062 3724 3225 3776 supra
3260 3725 3416 3763 usum
3447 3712 3624 3764 almu-

2042 3795 2205 3852 dante
2284 3801 2656 3853 necessarium
2719 3814 2749 3853 e
2797 3800 3051 3853 maximis
3103 3801 3407 3870 quibusque
3474 3803 3624 3855 urbis

2043 3891 2392 3942 monasteriis
2421 3901 2728 3958 corrogato,
2752 3890 3128 3959 ministrisque
3153 3894 3354 3945 tradito
3394 3894 3620 3955 idoneis.

2040 3978 2135 4048 qui
2171 3979 2298 4031 illud
2335 3981 2470 4033 mari
2506 3997 2612 4048 quo
2643 3990 2760 4034 erat
2807 3997 2941 4048 opus
2984 3981 3277 4037 deferrent.
3315 3983 3620 4040 Turcorum

2041 4086 2170 4124 vero
2218 4071 2581 4126 incursionem
2617 4088 2873 4127 coercere
2923 4076 3129 4128 studuit
3187 4077 3370 4131 missis
3424 4078 3618 4148 legatis
3713 4121 3724 4134 .

2040 4162 2107 4215 ad
2159 4177 2356 4214 novum
2422 4162 2592 4216 Canio
2637 4161 3014 4217 Tocharorum
3089 4164 3618 4236 Charmpantanem,

2040 4255 2129 4322 qui
2157 4253 2343 4306 eadem
2378 4267 2407 4306 a
2438 4268 2495 4308 se
2526 4253 2672 4308 illum
2728 4265 2978 4325 rogarent
3013 4271 3134 4324 quae
3168 4257 3281 4325 jam
3327 4259 3620 4327 impetras-

2039 4355 2122 4400 set
2172 4347 2238 4399 ab
2293 4345 2463 4413 ipsius
2521 4346 2812 4401 decessore
2855 4347 3094 4413 Cazane,
3149 4361 3338 4417 nempe
3401 4359 3460 4404 ut
3515 4351 3620 4405 sibi

2040 4438 2282 4492 subditos
2326 4439 2551 4506 populos
2594 4452 2661 4492 ac
2699 4447 2947 4508 satrapas
2984 4449 3191 4494 vetaret
3232 4450 3406 4496 terras
3452 4443 3624 4511 impc-

357 4547 476 4586 rum
532 4543 591 4586 ut
643 4531 754 4586 alio
805 4516 1254 4601 abirent,'praeda
1285 4545 1444 4597 quam
1485 4529 1596 4583 illic
1635 4530 1935 4596 diriperent
1967 4516 2012 4572 ι)
2045 4529 2238 4582 ratoris
2292 4527 2663 4582 Romanorum
2721 4531 2822 4584 sibi
2869 4532 3029 4584 amici
3063 4547 3125 4585 ac
3156 4532 3406 4586 foederati
3455 4533 3625 4587 hosti-

353 4634 593 4688 ostensa,
632 4623 786 4691 cujus
834 4637 929 4676 eos
989 4621 1155 4676 sciret
1209 4619 1590 4674 avidissimos:
1618 4620 1687 4674 iis
1737 4621 1818 4673 sic
1856 4620 1937 4674 di-

353 4717 556 4785 gressis
589 4717 643 4768 in
687 4714 932 4768 residuos
993 4729 1117 4767 cum
1169 4714 1284 4768 suis
1316 4713 1529 4766 cunctis
1575 4727 1682 4765 una
1727 4709 1936 4779 junctis

352 4805 564 4860 Latinis
595 4817 644 4860 et
675 4803 869 4858 Turcis
915 4805 1212 4873 improviso
1259 4803 1548 4868 ruiturum,
1611 4801 1934 4856 interfectu-

355 4912 584 4965 rumque
631 4897 777 4950 baud
829 4895 989 4949 dubie
1042 4895 1364 4960 universos;
1419 4903 1530 4948 tum
1567 4895 1619 4948 iu
1649 4895 1785 4949 alios
1813 4893 1934 4948 illos

351 4988 608 5042 similiter
660 4996 953 5051 moturum,
1003 4986 1227 5054 parique
1259 4986 1428 5040 exitio
1458 5001 1658 5054 paucos
1690 5000 1787 5039 nec
1813 4985 1934 5051 epi-

355 5089 551 5132 nantes
595 5077 936 5132 all'ecturum.
983 5077 1078 5142 His
1112 5078 1257 5131 ultro
1285 5078 1516 5131 addebat
1546 5093 1690 5142 sese,
1724 5080 1767 5130 si
1809 5077 1923 5130 Ma-

353 5171 504 5222 rulcs
535 5169 716 5231 vellet.
751 5175 804 5222 in
857 5171 1074 5222 arrliatn
1124 5171 1412 5238 promissae
1441 5185 1620 5238 opera.-
1643 5169 1756 5237 jam
1790 5185 1935 5223 nllllc

354 5261 650 5316 missurum
684 5261 888 5330 aliquot
929 5260 1108 5329 capita
1138 5261 1426 5314 Persarum
1461 5261 1599 5314 clam
1633 5275 1661 5311 a
1691 5274 1751 5313 se
1786 5259 1934 5313 occi-

357 5366 568 5406 sorum.
589 5352 667 5405 Ad
685 5353 828 5419 quod
848 5351 973 5404 huic
997 5353 1309 5406 assentienti
1331 5351 1488 5420 paulo
1507 5361 1624 5417 post
1643 5349 1936 5404 adfuerunt

359 5459 387 5496 a
417 5443 736 5497 Romol’orto
758 5444 933 5512 capita
969 5459 1158 5497 recens
1175 5455 1319 5496 secta
1369 5443 1726 5511 quorumdam
1761 5443 1936 5495 lmini-

357 5548 514 5598 num,
548 5548 684 5601 quos
715 5534 813 5602 ipsi
840 5533 1010 5586 fuisse
1032 5531 1227 5586 Persas
1251 5533 1582 5587 allirmarent
1605 5532 1930 5597 afferentes;

355 5641 462 5694 qua
500 5627 680 5693 specie
722 5628 972 5679 inductus
1001 5627 1052 5678 iu
1087 5625 1330 5678 fraudem
1365 5636 1509 5681 esset
1540 5628 1717 5678 minus
1746 5635 1935 5680 cautus

353 5717 463 5771 dux
507 5727 714 5780 noster,
764 5715 1114 5784 pecuniaeque
1155 5716 1425 5784 jactur-am
1474 5717 1670 5769 damno
1715 5716 1935 5782 insuper

354 5809 548 5879 majori
624 5827 747 5866 mox
801 5810 871 5865 ab
930 5809 1140 5864 insidiis
1204 5810 1568 5880 perfidorum,
1643 5808 1930 5879 transfugii

2044 4622 2169 4674 liter
2220 4619 2499 4676 infestare.
2555 4622 2634 4674 Ac
2687 4623 2982 4676 retulerant
3039 4624 3196 4690 paulo
3232 4635 3358 4677 ante
3396 4626 3622 4679 rezluces

2044 4714 2200 4782 legati
2229 4727 2456 4781 pronum
2486 4728 2544 4766 se
2572 4715 2637 4766 ad
2665 4715 3006 4767 aunuendum
3037 4715 3323 4782 postulatis
3353 4718 3621 4786 reperisse

2042 4803 2561 4873 Cltarmpautauem.
2620 4801 2855 4874 Jamque
2916 4805 2963 4860 is
3017 4807 3152 4859 adeo
3199 4806 3521 4860 audiebatur
3564 4809 3619 4862 iu

2042 4913 2162 4951 eam
2219 4913 2329 4951 rem
2387 4899 2686 4951 exercitum
2749 4897 3137 4964 conscripsisse
3193 4915 3298 4951 non
3356 4900 3618 4954 minorem

2044 4988 2396 5058 quadraginta
2433 4988 2670 5040 millibus
2711 4987 3130 5042 exercitatorum
3175 4987 3315 5041 bello
3349 4990 3618 5057 militum;

2043 5094 2272 5148 quorum
2305 5078 2489 5144 viginti
2519 5077 2680 5129 millia
2713 5077 2955 5142 ejusdem
2976 5076 3431 5145 Charmpantanis
3457 5079 3623 5149 589

2043 5167 2231 5222 fratris
2293 5167 2440 5221 filius
2505 5169 2704 5220 ducere
2768 5167 3146 5230 nuntiabatur,
3201 5171 3621 5240 pervenisseque

2037 5256 2146 5325 jam
2237 5258 2383 5309 circa
2475 5257 2736 5312 Iconium.
2811 5257 3064 5324 Reliquos
3145 5275 3268 5314 mox
3333 5272 3621 5314 secuturos

2043 5352 2202 5420 legati
2256 5348 2614 5403 allirmabant.
2664 5350 2796 5404 Esse
2851 5365 3014 5418 porro
3071 5351 3154 5404 bis
3189 5353 3503 5407 mandatum
3550 5368 3619 5407 ex

2043 5443 2385 5511 imperatoris
2417 5453 2547 5494 uutu
2581 5444 2838 5511 pendere,
2872 5444 3136 5512 quidquid
3184 5446 3270 5498 ille
3316 5445 3620 5513 significas-

2043 5549 2126 5593 set
2182 5535 2548 5604 exsequeudo,
2599 5537 2862 5590 veniendo
2924 5549 3032 5605 quo
3093 5546 3359 5600 vocasset,
3418 5538 3468 5589 in
3524 5553 3620 5594 eos

2044 5626 2309 5681 movendo
2339 5635 2503 5693 ‘quos
2553 5627 2847 5680 iudicasset
2900 5641 2930 5681 e
2982 5627 3216 5696 satrapis
3253 5643 3353 5680 suo
3391 5629 3620 5696 imperio

2043 5719 2274 5773 infestis.
2309 5717 2445 5772 Dum
2501 5719 2615 5774 haec
2661 5719 2956 5787 imperator
2991 5722 3216 5774 audiens
3248 5732 3298 5774 et
3330 5720 3537 5788 legatos
3565 5729 3618 5774 et

2043 5825 2266 5865 munera
2317 5825 2436 5877 quae
2480 5810 2532 5866 in
2573 5825 2860 5866 occursum
2895 5819 3002 5865 tam
3035 5813 3356 5874 opportunis
3389 5812 3610 5865 auxiliu-
