4046 6418
283 366 390 428 ΜΟ
1032 396 1059 405 υ
1170 371 1267 431 DE
1309 367 1744 430 ANDRONICO
1778 365 2237 430 PALEOLOGO
2278 368 2419 428 LlB.
2470 369 2597 428 VII.
2719 365 2726 370 ⁷
3421 371 3528 432 διο

280 479 609 531 Κατέλὰνων
642 480 892 549 αἴσθησιν
926 481 1076 550 ἠξίου
1116 485 1242 552 περὶ
1278 482 1544 548 σπονδῶν,
1579 481 1654 544 ὡς
1688 481 1848 535 αὑτό-
1879 484 1923 539 Α
1951 479 2044 533 τοῦ
2067 478 2253 533 λαϐεῖν
2274 474 2451 534 θέλειν
2479 481 2579 545 τὰς
2602 482 2866 551 συζύγους
2895 485 3023 546 τοὺς
3048 484 3520 554 Τουρκοπούὶους.

280 574 372 625 θεν
409 573 824 642 ἀποστατήσων·
866 573 1260 645 Ἀμογαῦἀρων
1280 616 1294 639 ,
1340 576 1437 629 καὶ
1462 576 1563 627 ὅσα
1593 574 1705 634 τοῖς
1751 573 1846 627 τοῦ
1953 571 2104 640 Πλὴν
2129 572 2520 640 ὑπονοηθέντες
2555 570 2807 628 ἐντεῦθεν
2833 575 2934 639 τὰς
2967 578 3047 639 εἰς
3077 578 3278 641 αὐτοὺς
3315 578 3525 649 πληρο-

279 662 544 732 βασιλέως
601 663 837 716 συνοίσει
887 664 1181 735 πράγμασι
1216 663 1357 717 κατᾶ
1390 665 1453 718 τὸ
1493 664 1745 725 δυνατὸν,
1772 662 1848 726 ὡς

276 754 417 824 ἐχερ,
454 753 911 823 διαπραξόμενος,
940 755 1125 825 ἢγοῦν
1165 755 1354 809 αὐτόθι
1387 756 1587 824 μένων,
1618 757 1667 807 εἰ
1688 757 1850 809 δυνα-

273 846 367 898 τδν
379 840 478 915 ἦν,
509 844 542 916 ἢ
570 846 661 897 καὶ
696 847 789 899 ἐπὶ
816 850 930 908 τοῖς
958 847 1266 917 ἀντιπέραν·
1283 848 1379 901 σὺν
1406 847 1520 917 ἰδίῳ
1547 846 1666 916 λαῷ
1691 848 1846 914 γενότ

279 953 460 1006 μενος.
495 936 764 1000 Βασιλεὺς
817 936 873 990 δὲ
900 937 1008 990 τῶν
1039 938 1232 990 δεινῶν
1274 936 1546 1006 ὁσημέραι
1578 937 1851 1007 πληθυνθ-

277 1031 458 1097 μένων
517 1028 610 1080 καὶ
672 1031 749 1099 μὴ
782 1029 994 1083 ἐώντων
1027 1030 1155 1084 ἄλλο
1203 1047 1257 1083 τι
1314 1028 1671 1099 βουλεύεσθαι
1715 1028 1747 1099 ἢ
1788 1029 1851 1083 τὸ

272 1110 644 1191 χεῖρωποιεῖν
677 1120 746 1173 τὰ
778 1120 885 1173 τῶν
908 1121 1119 1191 ἐχθρῶν
1143 1121 1286 1174 κατᾶ
1319 1138 1442 1174 τινα
1469 1120 1687 1174 σύνεσιν
1720 1120 1851 1193 (ἄλ-

271 1213 383 1274 λως
411 1211 522 1281 γὰρ
572 1212 958 1278 ἀντιπράττειν
1026 1212 1125 1267 καὶ
1156 1212 1418 1278 πολεμεῖν
1443 1213 1554 1266 οὐδ’
1582 1212 1719 1275 ὅλως
1741 1208 1848 1282 ἦν)

272 1305 532 1372 ἁσμένως
580 1304 838 1374 προσίετο
883 1304 986 1373 τὴν
1019 1305 1342 1376 πρεσϐείαν,
1376 1305 1473 1359 καὶ
1500 1304 1849 1376 ἀντιπέμψας

275 1397 366 1449 διά
390 1413 533 1459 τινος
569 1396 808 1466 Πέρσου,
849 1395 924 1467 μὴ
949 1396 1234 1465 φωραθείη
1261 1397 1421 1464 δῆθεν
1447 1397 1507 1449 τδ
1532 1395 1851 1466 μελετώμε-

274 1504 390 1551 νον,
416 1485 601 1540 δοῦναι
639 1488 738 1557 μὲν
767 1488 847 1550 εἰς
882 1489 1122 1555 γυναῖκα
1153 1487 1213 1540 τὸ
1241 1488 1336 1541 τοῦ
1366 1486 1602 1540 παλαιοῦ
1639 1487 1849 1541 ἐκείνου

273 1580 469 1647 Mali}:
528 1579 821 1649 θυγάτριον
882 1578 959 1650 τῷ
1025 1578 1322 1650 Περσάρχῃ
1380 1579 1848 1648 καθυπισχνεῖτο,

273 1672 541 1742 παρέχειν
562 1669 618 1723 δὲ
650 1671 752 1724 ὅσα
782 1687 841 1722 τε
868 1669 1012 1723 κατὰ
1046 1671 1249 1740 προῖκα
1275 1669 1372 1722 καὶ
1402 1669 1502 1722 ὅσα
1533 1669 1655 1722 κατ’
1681 1668 1849 1739 ἄλλην

271 1763 589 1831 φιλοτιμίαν
624 1763 691 1815 τὰ
728 1761 909 1816 ἱκανά.
952 1759 1114 1813 Ἀλλὰ
1136 1761 1342 1814 τούτων
1383 1761 1658 1831 ὁσημέραι
1695 1762 1849 1829 διαγ-

1952 662 2149 732 φορίας
2205 663 2312 715 τῶν
2382 664 2781 735 Ἀμογαϐάρων
2826 667 3085 722 ἀπέλυον.
3141 667 3308 722 Ὅθεν
3344 670 3440 723 καὶ
3467 669 3527 735 ἐξ

1950 757 2119 826 αὐτῆς
2145 757 2450 828 ἀντιπερᾷν
2477 758 2795 825 ἐγνώκεσαν
2823 759 2914 812 τὸν
2958 760 3311 832 Περσάρχην.
3361 761 3527 814 Αὐτοὶ

1948 848 2007 900 δὲ
2027 849 2169 900 κατὰ
2203 846 2289 919 [Ρ.
2313 847 2439 920 414]
2471 850 2642 903 νώτου
2673 849 2922 914 λιπόντες
2952 851 3080 915 τοὺς
3126 851 3366 921 Πέρσας,
3391 853 3525 919 περί

1952 954 2054 991 που
2084 938 2152 991 τὰ
2181 938 2280 1009 τῆς
2300 939 2555 994 Μαδύτου
2591 941 2757 1011 μέρη,
2783 941 2935 996 ἔνθεν
2969 944 3070 1013 μὲν
3101 947 3223 1008 ταῖς
3248 946 3379 1014 παρ’
3424 946 3526 998 αὒ-

1949 1031 2061 1091 τοῖς
2090 1032 2342 1101 τριήρεσι
2364 1030 2640 1101 χρώμενοι
2662 1034 2722 1085 τὸ
2756 1035 3066 1105 προστυχδν
3092 1036 3374 1106 ἐληΐζοντο
3391 1038 3521 1107 τρό-

1950 1137 2054 1172 πον
2089 1120 2363 1191 πειρατῶν
2390 1122 2529 1175 κατὰ
2557 1123 2853 1188 θάλασσαν,
2897 1128 3039 1180 κατὰ
3069 1127 3125 1181 δὲ
3166 1127 3339 1198 ξηρὰν
3374 1129 3527 1181 ἔθεον

1952 1212 2299 1281 παμπληθεὶ,
2357 1215 2455 1266 καὶ
2504 1216 2863 1291 προσδόκιμοι
2901 1213 3041 1286 ἦσαν
3070 1219 3400 1289 προσϐαλεῖν
3431 1222 3524 1274 καὶ

1951 1302 2105 1356 πόλει
2126 1318 2142 1335 ·
2175 1305 2566 1373 προσετόλμων
2595 1305 2651 1361 δὲ
2678 1310 2772 1361 καὶ
2799 1310 2934 1378 πρὸς
2969 1311 3194 1380 βασιλέα
3223 1312 3526 1382 πρεσϐείαν

1953 1394 2216 1463 πέμπειν,
2247 1396 2342 1448 καὶ
2380 1397 2563 1463 ἀξιοῦν
2591 1398 2795 1454 διδόναι
2835 1401 2934 1470 μὲν
2964 1404 3092 1466 τοὺς
3122 1405 3372 1474 μισθοὺς,
3403 1424 3528 1459 συν-

1950 1484 2209 1539 ωνεῖσθαι
2246 1487 2301 1540 δὲ
2361 1489 2455 1540 καὶ
2508 1489 2577 1542 τὰ
2628 1491 3018 1559 σκυλευθέντα,
3073 1495 3170 1547 καὶ
3224 1495 3368 1549 οὕτω
3406 1498 3524 1566 μετ’

1952 1576 2172 1643 εἰρήνης
2201 1575 2297 1628 ἐπὶ
2325 1576 2472 1646 νηῶν
2502 1577 2743 1648 πέμπειν
2777 1580 2973 1645 αὐτοὺς
3001 1584 3080 1645 ei;
3105 1583 3174 1635 τὰ
3206 1585 3337 1640 ἴδια.
3373 1587 3527 1641 Ἐπεὶ

1949 1666 2006 1719 δὲ
2031 1667 2189 1720 ταῦτ’·
2235 1668 2337 1720 οὐκ
2385 1667 2629 1739 ἐχώρουν
2680 1672 2952 1737 γίνεσθαι,
2989 1673 3251 1744 ἄπρακτα
3281 1678 3351 1730 τὰ
3407 1679 3525 1749 τῇδ’

1947 1756 2110 1832 ἦσαν,
2150 1760 2341 1831 μόναις
2370 1762 2428 1816 δὲ
2456 1765 2580 1827 ταῖς
2613 1763 2748 1835 πρὸς
2791 1765 2927 1819 Θεὸν
2980 1770 3245 1834 ἱκετείαις
3295 1772 3525 1842 ἤλπιζον

269 1829 639 1923 γελλομένων,
667 1854 788 1906 καθ’
814 1852 1139 1922 ὑποσχέσεις
1169 1852 1263 1906 τοῦ
1292 1852 1391 1908 καὶ
1413 1829 1571 1916 αὖθις
1598 1869 1850 1923 προσχω-
1878 1829 1922 1885 Β
1953 1829 2249 1915 σώζεσθαι,
2295 1851 2363 1915 ἃς
2416 1853 2619 1924 συχνὰς
2727 1859 3148 1927 πατριαρχιύων
3204 1829 3526 1932 παμπληθεὶ

273 1947 393 2014 ρεῖν
416 1945 545 2006 τοὺς
578 1944 1068 2012 ἀποστατήσαντας
1098 1941 1549 2013 Τουρκοπούλους
1590 1942 1754 1995 αὑτοῦ
1783 1957 1848 2009 γε

274 2035 752 2105 συμπράττοντος,
803 2035 851 2086 si
883 2034 1047 2103 μόνον
1094 2034 1402 2104 πέμποιντο
1424 2033 1481 2086 αι
1508 2032 1717 2086 τούτων
1748 2047 1849 2099 γυ-

272 2129 487 2190 ναῖκες,
538 2124 679 2190 πλὴν
715 2123 831 2194 μετ’
879 2122 1183 2193 ἀσφαλείας
1216 2122 1309 2177 τοῦ
1346 2110 1420 2193 μή
1445 2139 1500 2175 τι
1531 2120 1850 2192 παραϐῆναι

252 2220 401 2287 ’κατ’
436 2219 656 2287 ἀπάτην
689 2216 800 2271 τῶν
828 2216 1232 2286 συγκειμένων,
1263 2215 1338 2277 ὡς
1368 2212 1500 2283 γοῦν
1526 2212 1678 2267 ταῦτ’
1706 2209 1850 2283 ᾠκο-

274 2308 511 2377 νόμηντο
533 2308 627 2359 καὶ
651 2307 754 2377 ἠδη
798 2307 1135 2374 ἐπέμποντο,
1186 2305 1439 2374 φωρᾶται
1469 2304 1583 2366 τοῖς
1605 2302 1850 2372 Ἀμογα-

274 2399 470 2469 ὀάροις
509 2398 570 2452 τὸ
603 2399 813 2469 δρᾶμα,
858 2397 953 2451 καὶ
988 2396 1357 2467 Ῥομοφόρτος
1384 2393 1476 2448 τὸν
1522 2394 1852 2463 Περσάρχην

273 2492 358 2554 εἰς
379 2492 564 2559 κρίσιν
592 2490 735 2556 ἄγει,
763 2488 859 2544 καὶ
886 2489 1003 2542 δσσι
1050 2486 1424 2557 συνεμελέτων
1473 2483 1624 2553 αὑτῷ
1649 2483 1720 2536 τὰ
1751 2483 1851 2552 τῆς

274 2582 723 2652 ἀποστατήσεως.
782 2582 908 2644 Τοῖς
953 2580 1008 2633 δὲ
1043 2579 1119 2651 μὴ
1145 2579 1364 2650 ἔχουσιν
1396 2577 1534 2639 ὅλως
1560 2575 1853 2642 ἀπολογεῖ-

276 2675 426 2738 σθαι,
456 2672 514 2726 ἓν
536 2674 615 2737 εἰς
640 2671 936 2741 ἀπολογίαν
967 2669 1338 2741 προὺτείνετο,
1359 2667 1420 2721 τὸ
1450 2666 1668 2737 ἀπατᾷν
1711 2664 1852 2734 ὑπὲρ

273 2868 403 2909 cum
427 2865 493 2905 eo
519 2850 658 2904 inire
684 2848 1016 2905 admitteret.
1054 2844 1333 2900 Offerebat
1359 2852 1541 2898 autem
1583 2857 1642 2898 se
1668 2844 1851 2898 statim

273 2943 599 2999 relicturum
635 2939 1099 3009 Amogabarorum
1149 2946 1353 3008 partes.
1400 2937 1743 3015 etquidquid
1785 2937 1852 2989 ad

274 3050 367 3090 res
405 3043 458 3087 et
490 3033 730 3087 ratimies
792 3031 1136 3100 imperatoris
1190 3030 1448 3100 expedire
1503 3029 1851 3097 intelligeret,

279 3140 380 3192 pro
418 3123 567 3178 virili
599 3134 872 3184 acturum,
895 3121 1007 3176 sive
1051 3121 1162 3175 illic
1193 3121 1280 3175 ubi
1309 3129 1449 3186 erat,
1482 3121 1526 3175 si
1560 3120 1675 3176 fieri
1729 3134 1853 3189 pos-
1881 3164 1923 3220 c

277 3224 381 3274 set,
411 3211 777 3281 persistendo,
810 3210 924 3264 sive
959 3210 1013 3264 in
1039 3211 1325 3263 adversam
1371 3224 1494 3262 cum
1535 3208 1652 3263 suis
1683 3210 1853 3276 copiis

278 3300 691 3360 transl’retando
726 3301 1118 3355 cointineutem.
1143 3298 1240 3353 llis
1273 3299 1572 3367 imperator
1624 3296 1853 3363 auditis,

275 3402 548 3463 reputans
576 3390 734 3446 malis
764 3389 1010 3459 quotidie
1034 3388 1539 3459 ingravescentibus
1561 3403 1669 3442 non
1691 3387 1850 3442 aliaat

270 3487 498 3541 aliunde
518 3499 669 3553 spem
730 3480 960 3537 remedii
995 3481 1233 3541 ostendi.
1294 3480 1518 3550 quando
1576 3479 1856 3535 exhaustae

268 3591 406 3646 Opes
431 3574 648 3644 imperii
707 3572 1022 3626 facultatem
1081 3571 1356 3638 negabant
1400 3570 1533 3639 justi
1583 3571 1856 3626 exercitus

269 3671 576 3727 rebellibus
604 3666 939 3737 opponendi,
974 3678 1137 3732 quam
1171 3679 1197 3718 a
1249 3662 1619 3731 procuranda,
1670 3662 1717 3719 si
1744 3677 1855 3732 qua

267 3770 464 3834 posset
518 3769 637 3814 arte
684 3756 902 3821 confici,
950 3754 1328 3810 debilitatione
1369 3763 1534 3823 atque
1590 3753 1853 3808 imminu-

269 3856 425 3907 tione
465 3848 724 3920 potentiae
756 3846 991 3912 hostilis,
1053 3845 1386 3915 perlibenter
1446 3845 1658 3914 excepit
1709 3845 1856 3914 lega-

268 3945 501 4001 tionem,
529 3950 584 3994 et
622 3942 854 3993 remisso
893 3938 960 3992 ad
993 3926 1265 3991 Meleeum
1299 3936 1466 3991 Persa
1506 3937 1743 4004 quodam
1787 3936 1854 3989 fi-

270 4034 368 4097 do,
404 4041 464 4085 ut
494 4046 582 4084 res
614 4029 785 4085 tutius
829 4030 1044 4089 lateret,
1095 4020 1347 4095 promisit
1370 4040 1431 4080 se
1489 4024 1566 4081 illi
1595 4024 1852 4081 daturum

271 4125 329 4179 in
365 4136 588 4176 uxorem
616 4117 938 4188 antiquioris
971 4117 1116 4173 illius
1156 4114 1344 4172 Meleci
1374 4116 1564 4178 filiam,
1592 4116 1851 4186 adjectu-

274 4231 509 4281 rumque
531 4214 710 4269 detem
740 4210 995 4279 amplam,
1022 4223 1121 4264 nec
1142 4208 1196 4262 in
1223 4207 1459 4274 caeteris,
1481 4207 1694 4276 quoties
1718 4207 1858 4261 foret

272 4323 411 4375 opus
457 4316 554 4360 aut
595 4305 712 4373 ipse
757 4300 824 4356 ad
861 4314 1014 4355 suam
1054 4297 1477 4355 munificentiam
1531 4296 1854 4367 appellaret,

272 4410 624 4468 negaturum.
658 4394 725 4448 Et
754 4392 1080 4461 procedebat
1134 4389 1369 4446 feliciter
1426 4389 1674 4445 tractatio
1722 4388 1855 4442 mis-

1948 1939 2324 2011 διεπράττετο.
2384 1944 2533 2023 Τέως
2568 1944 2625 1997 δὲ
2661 1946 2753 1999 καὶ
2792 1947 2852 1999 τὸ
2880 1948 2974 2000 τοῦ
3029 1950 3330 2018 Κοσμιδίου
3363 1952 3529 2022 φρού-

1952 2045 2089 2098 ριον,
2118 2029 2368 2083 δεδιότων
2420 2033 2497 2102 μὴ
2546 2033 2868 2096 ἐπιστάντες
2905 2038 3286 2104 κατάσχοιντο,
3327 2038 3392 2090 ἐκ
3427 2038 3527 2107 μὲ-

1955 2134 2080 2183 ρους
2098 2119 2455 2189 κατήρειπτο,
2477 2120 2573 2173 καὶ
2603 2120 2818 2185 ξενικὰς
2840 2122 3098 2192 δυνάμεις
3120 2124 3183 2176 ἐκ
3198 2127 3247 2177 τ’
3275 2126 3389 2196 ’16η
3400 2126 3528 2195 ριας

1954 2207 2155 2276 (κάκεῖ
2191 2207 2300 2279 γὰρ
2354 2208 2703 2263 ἀποστέλλων
2752 2210 3004 2279 βασιλεὺς
3039 2214 3169 2282 περὶ
3202 2215 3527 2286 συμμαχίας

1952 2296 2141 2366 ἠξίου)
2167 2297 2230 2350 ἐκ
2278 2315 2337 2351 τε
2366 2296 2628 2362 Γεννούας
2674 2300 3056 2372 ἀπεξεδέχετο.
3104 2305 3239 2358 ossa
3269 2307 3375 2375 γὰρ
3405 2307 3529 2359 οὐδὲ

1950 2387 2020 2441 τὰ
2052 2388 2208 2451 ἐντὸς
2254 2388 2471 2457 ἐσάπαξ
2520 2391 2778 2461 ἀσφαλῶς
2826 2388 2972 2463 εἶχον
3003 2394 3082 2465 τῷ
3118 2395 3351 2465 βασιλεῖ,
3410 2398 3528 2451 ἀλλ’

1952 2481 2105 2533 ἐνθεν
2139 2481 2239 2551 μέν
2265 2497 2349 2544 τις
2379 2481 2490 2535 τῶν
2520 2482 2836 2554 ἐπιρῤήτων
2869 2485 2935 2536 ἐκ
2967 2484 3194 2550 δύσεως,
3229 2486 3532 2557 ἱερωσύνης

1956 2574 2319 2645 περικτᾶσθαι
2352 2575 2511 2639 δόξας
2542 2575 2759 2643 ἀξίωμα
2793 2578 2884 2630 καὶ
2911 2575 3017 2647 πρὸ
3046 2579 3255 2648 χρόνων
3278 2596 3533 2651 προσχω-

1957 2670 2126 2738 ρήσας
2158 2665 2366 2720 ἐκεῖθεν
2393 2666 2473 2737 τῷ
2508 2666 2741 2737 βασιλεῖ,
2775 2668 2804 2720 ὁ
2832 2668 3074 2732 τοιοῦτος
3097 2670 3309 2739 Δριμὺς
3336 2671 3534 2723 τούπί-

1956 2846 2234 2902 retrahere
2294 2857 2494 2899 uxores
2549 2840 3006 2913 Turcopulorum.
3083 2841 3272 2899 Fidem
3319 2845 3533 2901 invenit

1956 2935 2098 3005 apud
2132 2934 2502 3003 Amogabaros
2534 2933 2837 3003 plausibilis
2888 2938 3188 2989 excusatio.
3246 2934 3422 3003 Atque
3456 2936 3531 2988 ita

1957 3040 2155 3092 magno
2183 3024 2423 3078 ds-functi
2453 3024 2699 3095 periculo
2727 3024 3022 3095 conjurati,
3071 3025 3384 3081 Persarcbte
3411 3026 3534 3081 Me-

1958 3116 2076 3172 leco
2129 3124 2518 3186 persuaserunt
2586 3116 2826 3170 velocem
2886 3116 2941 3170 in
2975 3117 3162 3173 Asiam
3226 3116 3532 3184 trajectum,

1956 3222 2115 3277 quem
2150 3208 2195 3261 is
2224 3207 2364 3261 clam
2391 3207 2778 3263 administrare
2822 3222 2888 3263 eo
2938 3209 3277 3264 commodius
3331 3212 3528 3278 potuit,

1955 3302 2097 3368 quod
2128 3299 2282 3369 quasi
2317 3298 2477 3354 soluti
2501 3294 2765 3368 jant‘cura
2805 3300 3072 3365 Catelaui,
3098 3298 3280 3356 Persis
3310 3314 3338 3352 a
3375 3309 3533 3369 tergo

1898 3448 1911 3459 δ
1955 3390 2160 3446 relictis
2191 3391 2337 3446 circa
2367 3398 2549 3460 partes
2577 3389 2802 3462 Madyti,
2832 3391 2961 3445 hinc
3018 3391 3232 3461 quidem
3295 3392 3534 3447 triremi-

1955 3481 2058 3537 bus
2107 3482 2423 3536 conscensis
2482 3495 2634 3536 mare
2695 3481 3095 3537 latrocinantes
3175 3481 3532 3546 infestabant,

1956 3574 2081 3627 inde
2144 3582 2321 3626 autem
2367 3575 2718 3630 terrestribus
2774 3574 2947 3642 copiis
3008 3574 3117 3629 late
3180 3575 3530 3644 pradabnndi

1959 3665 2206 3733 regiones
2237 3662 2611 3728 incursabant,
2663 3663 2764 3733 ipsi
2806 3677 3026 3734 quoque
3065 3664 3183 3720 urbi
3231 3663 3529 3725 formidati,

1958 3757 2120 3811 anxia
2157 3771 2346 3810 eorum
2413 3756 2825 3824 exspectatione
2887 3755 3156 3819 sollicitze,
3208 3758 3426 3824 quando
3479 3767 3536 3811 ct

1957 3850 2073 3903 ausi
2109 3860 2233 3903 sunt
2263 3862 2406 3902 nova
2434 3848 2815 3915 imperatorem
2867 3847 3133 3918 legatione
3173 3848 3405 3917 superbe
3440 3847 3534 3901 la-
3568 3902 3573 3909 ,

1956 3936 2198 4004 cessere,
2224 3954 2327 4008 qua
2355 3939 2615 4008 petebant
2638 3939 2774 3995 solvi
2808 3939 2914 3995 sibi
2946 3940 3107 4010 plane
3145 3940 3413 4009 stipendia
3446 3955 3533 3993 ro-

1957 4040 2042 4084 tro
2068 4029 2272 4092 debita,
2302 4038 2413 4083 tum
2459 4042 2580 4097 quae
2628 4038 2784 4096 rapta
2823 4029 2876 4082 iu
2937 4028 3188 4083 manibus
3247 4028 3533 4091 haberem,

1957 4119 2064 4174 alia
2086 4119 2326 4188 ipsorum
2350 4117 2616 4172 arbitratu
2656 4117 2892 4172 taxanda
2937 4117 3163 4186 pecunia
3204 4117 3435 4183 redimi;
3467 4119 3535 4173 iis

1956 4212 2190 4279 peractis
2223 4208 2450 4277 praeberi
2504 4210 2608 4264 sibi
2651 4208 2717 4264 ab
2769 4209 3099 4278 imperatore
3141 4223 3326 4272 naves,
3364 4217 3424 4262 et
3452 4210 3533 4263 sic

1957 4312 2082 4354 cum
2118 4298 2325 4367 pacein
2363 4297 2596 4365 patriam
2645 4296 2874 4353 remitti.
2930 4294 2994 4351 Ni
3021 4300 3134 4352 haec
3184 4297 3395 4363 ﬁerent,
3450 4285 3577 4351 in?

1960 4390 2297 4444 ternecinum
2318 4389 2383 4441 ad
2397 4397 2698 4443 extremum
2727 4386 3125 4442 denuntiabant
3149 4388 3370 4442 bellum.
3409 4387 3537 4442 ilice

271 4492 350 4546 sis
380 4489 522 4543 ultro
553 4486 801 4554 citroque
832 4482 1074 4554 quotidie
1098 4481 1570 4545 commeantibus;
1614 4494 1844 4550 quorum
1876 4492 1928 4551 ι)
1956 4497 2078 4537 cum
2127 4479 2337 4534 admitti
2393 4479 2542 4535 nullo
2568 4479 2729 4533 modo
2759 4489 3000 4549 possent,
3030 4480 3208 4551 palam
3238 4494 3357 4535 erat
3399 4498 3538 4536 cun-
3572 4540 3577 4545 ,

271 4583 495 4651 quidam
532 4594 563 4631 a
604 4576 804 4631 Meleco
858 4572 1125 4630 nuntiavit
1162 4573 1262 4642 ipsi
1316 4570 1485 4627 videri
1517 4587 1680 4641 posse
1714 4571 1858 4624 Tur-

271 4672 500 4741 cnpnlos
536 4684 566 4721 a
599 4669 860 4723 societate
899 4663 1281 4719 Catelanorum
1338 4663 1590 4718 absciudi
1622 4672 1677 4717 et
1734 4662 1858 4715 dato

273 4767 476 4818 idoneo
515 4760 640 4815 fidei
672 4760 899 4830 pignore
960 4756 1225 4811 Romanis
1281 4756 1587 4821 conciliari,
1645 4755 1689 4809 si
1745 4769 1859 4810 suae

270 4853 410 4923 ipsis
431 4852 710 4909 mulieres.
750 4862 887 4918 quas
947 4856 1137 4914 captas
1186 4846 1256 4901 ab
1301 4845 1490 4899 Alanis
1538 4845 1854 4914 imperatori

268 4945 484 4999 ύεάιιδε
521 4941 734 4995 dictum
767 4947 871 5005 est,
929 4938 998 4992 ab
1029 4939 1134 4992 hoc
1174 4938 1279 4994 illis
1332 4938 1710 4992 redderentur.
1755 4934 1855 4991 llis

268 5037 435 5093 facile
463 5047 735 5088 annuente
755 5033 999 5099 Augusto
1020 5040 1074 5085 et
1132 5030 1449 5085 mulieribus
1488 5031 1600 5096 jam
1646 5028 1850 5093 missis,

266 5126 700 5198 deprehenditur
715 5124 784 5178 ab
809 5121 1165 5188 Amogabaris
1195 5136 1392 5175 arcana
1415 5119 1644 5174 molitio.
1672 5118 1853 5183 Quare

266 5219 624 5281 Romol‘ortus
679 5216 747 5270 ad
783 5215 1051 5286 judicium
1084 5211 1439 5268 Persarcbam
1497 5212 1655 5275 citat,
1688 5209 1849 5280 592

265 5328 474 5382 eosque
518 5325 605 5365 om
622 5323 717 5363 nes
766 5322 903 5376 quos
935 5306 1262 5361 defectionis
1325 5318 1448 5359 cum
1505 5316 1570 5357 eo
1599 5302 1851 5372 cogitatae

268 5404 516 5474 suspicio
541 5399 911 5469 contingebat.
966 5397 1060 5452 His
1110 5410 1334 5451 causam
1369 5394 1664 5459 difficilem,
1699 5394 1849 5449 exitu

264 5512 405 5553 sane
433 5492 685 5562 ancipiti,
713 5488 1022 5545 dicentibus
1050 5502 1175 5541 cum
1217 5503 1323 5541 non
1351 5495 1664 5541 occurreret
1714 5486 1849 5555 quid

265 5587 417 5643 aliud
457 5581 826 5638 verisimiliter
895 5579 1218 5648 allegarent,
1287 5577 1343 5630 in
1365 5592 1430 5632 eo
1453 5583 1851 5631 consenserunt

267 5692 326 5732 ut
359 5677 699 5730 aflirmarent
725 5685 829 5725 non
859 5684 986 5724 vere
1043 5668 1277 5723 deﬁcere
1334 5681 1393 5721 se
1433 5667 1690 5732 voluisse,
1753 5667 1847 5722 sed

266 5767 593 5827 ostentanda
647 5764 782 5817 falso
811 5761 928 5830 ejus
963 5761 1042 5815 rei
1096 5761 1372 5815 voluntate
1412 5759 1481 5814 ab
1515 5758 1846 5826 imperatore

552 5863 820 5924 Pnnoc.
873 5859 983 5920 Gtt.
1033 5856 1287 5917 (δίων.

1963 4575 2067 4628 ctis
2099 4588 2249 4642 spem
2278 4573 2653 4628 conventionis
2676 4572 2878 4626 nullam
2905 4587 3213 4641 superesse.
3247 4573 3426 4641 Quare
3480 4577 3534 4629 in

1961 4664 2076 4719 sola
2107 4662 2304 4720 fiducia
2336 4662 2507 4718 divini
2555 4662 2744 4716 auxilii
2801 4663 3059 4730 precibus
3091 4666 3353 4720 exorandi
3391 4665 3539 4720 salu—
3572 4726 3575 4731 l

1963 4755 2035 4809 tis
2064 4754 2293 4824 publica!
2339 4752 2574 4808 facultas
2608 4761 2664 4808 et
2697 4752 2840 4808 ratio
2864 4754 3156 4823 pendebat,
3183 4755 3327 4810 haud
3380 4759 3535 4826 segni

1959 4847 2024 4899 ad
2080 4846 2131 4900 id
2175 4845 2414 4901 ofﬁcium
2468 4844 2801 4913 patriarcha,
2884 4845 2979 4913 qui
3031 4846 3289 4901 maximis
3340 4850 3535 4902 crebro

1959 4938 2326 4994 conventibus
2361 4939 2552 4994 solitas
2581 4953 2710 4994 suas
2756 4938 2972 4993 litanias
3006 4939 3257 4994 iterabat.
3309 4939 3532 4994 interim

1956 5038 2137 5084 autem
2177 5030 2334 5098 pcriti
2393 5045 2575 5085 rerum
2625 5031 2966 5096 bellicarum,
3023 5039 3083 5085 ut
3114 5031 3327 5088 defendi
3394 5031 3531 5086 satis

1957 5132 2140 5191 posset
2173 5137 2271 5175 arx
2304 5120 2579 5176 Cosmodii
2608 5130 2878 5187 verentes.
2944 5123 3118 5177 deseri
3160 5132 3213 5178 et
3254 5139 3318 5179 ex
3377 5132 3536 5191 parte

1956 5210 2197 5265 subverti
2230 5224 2473 5264 suasere.
2504 5209 2807 5278 Imperator
2857 5221 3036 5267 autem
3072 5212 3257 5282 copias
3308 5215 3537 5268 auxilia-

1956 5315 2044 5355 res
2080 5316 2143 5354 ex
2172 5300 2345 5354 Iberia
2371 5299 2518 5355 etab
2554 5301 2691 5356 urbe
2747 5302 2959 5368 Genua,
3018 5306 3160 5359 unde
3190 5316 3534 5373 poposcerat,

1954 5394 2315 5462 exspectabat
2339 5408 2403 5446 eo
2431 5393 2704 5462 cupidius,
2738 5409 2850 5463 quo
2882 5412 2949 5450 ne
2982 5396 3247 5452 interiora
3310 5399 3533 5467 quidem

1952 5483 2104 5538 urbis
2125 5481 2285 5553 593
2318 5492 2402 5538 sat
2443 5484 2550 5540 sibi
2580 5496 2694 5540 tuta
2738 5488 3005 5543 sentiebat
3037 5501 3256 5560 propter
3298 5491 3535 5544 subodo-

1952 5586 2100 5629 ratas
2129 5576 2488 5645 quorumdam
2519 5579 2945 5635 machinationes
2966 5582 3327 5649 proditorum.
3361 5581 3535 5637 Nimi-

1951 5683 2069 5721 rum
2089 5665 2309 5735 quidam
2343 5679 2699 5735 cognomento
2752 5670 2987 5744 Drimys,
3039 5675 3129 5743 qui
3180 5673 3307 5728 olim
3375 5674 3535 5728 fama:

1950 5773 2141 5828 parum
2173 5764 2325 5815 boute
2358 5759 2563 5816 dudum
2593 5778 2657 5818 ex
2693 5763 2935 5820 Occiduo
2987 5776 3163 5821 tractu
3201 5766 3268 5820 ad
3303 5766 3533 5836 impera-

3052 5863 3123 5923 21
