4046 6394
287 363 398 426 (553

1182 370 1282 431 DE
1321 367 1771 435 ANDRONICO
1809 361 2274 436 PALIEOLOGU
2315 377 2460 438 LIB.
2508 375 2641 438 vn.

3447 381 3551 447 654

281 475 418 544 μηδέ
452 491 559 544 γαρ
605 475 684 538 είς
742 479 988 530 συνοῖσον
1021 478 1099 548 τῷ
1131 481 1279 548 γένει
1327 483 1536 537 τούτων
1599 482 1854 552 γενέσθαι
1888 487 1938 545 Α
1966 481 2407 558 ὑποδεξαμένων.
2447 487 2616 559 Ἢμῖν
2640 488 2686 541 δ’
2714 488 2916 560 ἐφεξῆς
2943 491 3135 546 ἑκτέον
3163 494 3545 574 τῆςὶστορίας,

278 567 380 636 τὴν
429 569 655 636 πρᾶξιν,
702 569 818 621 ἀλλ’
851 570 1102 642 ἀνάγκην
1131 569 1270 627 εἶναι
1304 575 1547 644 μεγάλου
1577 576 1724 639 τινὸς
1752 576 1860 628 τῶν

278 659 400 712 κατ’
443 659 852 730 Ἀλεξάνδρειαν
892 663 987 714 καὶ
1041 665 1234 734 ἱκανὴν
1267 667 1593 734 συγγένειαν
1644 667 1863 738 ἔχοντος

277 752 584 823 ζητηθῆναι
609 755 702 808 τὸν
738 756 899 824 φόνον
929 757 1122 812 τούτου
1146 760 1254 813 ἀπὸ
1274 761 1382 814 τῶν
1411 761 1529 816 ἐκεῖ
1570 763 1862 831 καταιρόν-

275 862 389 899 των
415 845 518 915 τῆς
547 847 726 899 αὐτῶν
755 847 983 918 φύτλης,
1017 851 1065 903 οἳ
1087 850 1151 921 δὴ
1182 853 1320 903 κατὰ
1344 853 1533 922 χρείαν
1557 855 1860 924 ἐμπορείας

277 939 392 1000 τοῖς
444 939 565 991 κατ’
615 939 891 1007 Αίγυπτον
960 944 1148 1004 τόποις
1209 944 1536 1012 ἐφίστασθαι
1586 946 1855 1014 μέλλοιεν.

279 1029 445 1084 Ταῦτ’
477 1031 647 1083 εἰπὼν
683 1032 830 1096 ἔδοξε
887 1034 1132 1101 πιθανὸς,
1163 1037 1258 1089 καὶ
1287 1039 1347 1090 τὸ
1387 1041 1660 1107 χείριστον
1685 1041 1861 1093 ἐκεῖνο

280 1127 507 1194 σκέμμα
549 1126 624 1188 ὼς
683 1127 927 1197 ἀράχνης
981 1129 1126 1192 ίστὸς
1177 1131 1438 1188 διελύετο.
1485 1133 1720 1203 Διωρίαν
1767 1131 1860 1190 οὖν

278 1220 506 1288 ἡμερῶν
536 1219 614 1288 τῷ
643 1221 962 1291 πατριάρχῃ
993 1221 1200 1275 διδοῦσι
1245 1223 1346 1292 τῆς
1384 1224 1568 1295 χώρας
1601 1226 1858 1293 ἐξελθεῖν,

279 1311 402 1381 μεθ’
423 1311 490 1373 ἃς
518 1312 566 1363 εί
585 1313 878 1380 ὲπιμείνοι,
903 1313 1152 1384 δέχεσθαι
1171 1315 1260 1368 τὸν
1286 1317 1531 1370 κίνδυνον
1558 1318 1856 1375 ἐδικαίουν.

288 1405 379 1466 Ὧς
408 1403 451 1456 δ’
507 1404 662 1457 οὐδὲν
702 1404 966 1472 ὑφίστατο
1018 1406 1139 1459 οὐδὲ
1164 1407 1263 1478 τὴν
1315 1409 1521 1479 ἐγγύην
1551 1409 1744 1475 ἐδίδου,
1777 1410 1857 1474 είς

275 1496 407 1548 δέκα
431 1496 613 1560 πάσας
642 1497 743 1558 τὰς
768 1498 980 1568 ἡμέρας
1017 1500 1352 1568 περιιστῶσι
1383 1502 1479 1553 καὶ
1504 1500 1856 1554 ἀπολύουσιν.

277 1585 364 1656 [Ρ.
398 1586 527 1659 416]
590 1586 759 1646 Ἀλλ’,
793 1589 968 1652 οὕτως
997 1590 1223 1644 ἀλύουσι
1275 1591 1512 1656 τούτοις,
1565 1592 1687 1644 ἐπεὶ
1721 1593 1859 1661 πρὸς

275 1681 398 1739 ταῖς
454 1679 662 1746 Θήϐαις
707 1675 872 1750 ἦσαν,
925 1680 1116 1749 μαθὼν
1159 1685 1192 1754 ό
1233 1681 1326 1734 τοῦ
1349 1683 1515 1735 τόπου
1548 1683 1734 1754 ἄρχων
1761 1684 1857 1736 καὶ

277 1769 458 1837 μέγας
488 1767 662 1831 οὕτως
706 1746 1080 1839 (ρημιζόμενος
1133 1746 1326 1841 κύριος
1355 1772 1524 1826 κακὸν
1551 1746 1858 1842 ἀπαντημα

273 1861 524 1928 γίνεταιο
578 1859 871 1929 κατασχὼν
926 1861 1036 1931 γὰρ
1070 1862 1314 1930 εἱρκταῖς
1363 1863 1700 1933 παραδίδωσι
1736 1866 1860 1928 ταῖς

275 1950 757 2018 ἀσφαλεστάταις,
791 1950 886 2004 καὶ
943 1951 1112 2020 τιμῆς
1176 1952 1450 2022 δισχιλίων
1503 1954 1859 2024 νομισμάτων

273 2044 538 2116 ἠϐούλετο
566 2043 888 2099 ἀποδόσθαι.
931 2044 1205 2114 ’Υστερον
1228 2045 1283 2098 δὲ
1323 2045 1463 2115 μετὰ
1487 2046 1681 2116 καιρὸν
1720 2063 1857 2116 χρη-

275 2139 442 2207 σίμου
470 2136 731 2205 φανέντος
759 2136 852 2189 τοῦ
893 2139 1236 2208 πατριάρχου
1268 2138 1347 2208 τῷ
1370 2139 1659 2208 κατέχοντι
1691 2156 1858 2208 νοση-

273 2227 574 2298 λευομένῳ,
632 2226 918 2295 ἐλευθερία
979 2231 1095 2290 τοῖς
1147 2228 1570 2292 κατακλείστοις
1621 2229 1852 2284 δίδοται.

271 2325 384 2379 Καὶ
414 2325 542 2392 περὶ
567 2323 658 2376 τὸν
705 2323 976 2392 Ἀλμυρὸν
1007 2322 1292 2392 δεχθὲντες
1322 2323 1440 2374 ἐκεῖ
1471 2339 1572 2374 που
1598 2324 1694 2376 καὶ
1723 2340 1859 2376 κατ-

271 2417 562 2486 εσκήνουν,
615 2415 860 2484 εὐμενῶς
913 2414 1022 2467 τῶν
1065 2414 1158 2467 τοῦ
1189 2414 1358 2468 τόπου
1395 2416 1603 2487 κυρίων
1657 2417 1858 2480 αὐτοὺς

277 2599 537 2666 dogmate
565 2595 746 2649 dicere
775 2607 928 2648 suam
975 2592 1220 2650 deberet.
1259 2593 1399 2664 Ergo
1424 2593 1497 2648 illi
1527 2595 1594 2648 ad
1629 2598 1857 2652 combu-

272 2693 524 2753 rrudum,
552 2690 628 2743 uti
659 2689 1032 2755 decreverant,
1070 2704 1412 2748 recusantem
1446 2692 1607 2764 595
1633 2709 1858 2763 respon-

271 2784 404 2838 dere
431 2782 787 2850 accingebant
813 2781 926 2850 jam
972 2797 1127 2847 sese;
1189 2782 1660 2853 perfecissentque
1711 2787 1853 2854 quod

273 2875 706 2935 destinaverant,
735 2873 840 2926 nisi
875 2874 1093 2942 quidam
1119 2875 1172 2927 in
1207 2877 1387 2929 medio
1452 2887 1606 2931 stans
1659 2879 1854 2932 admo-

271 2965 480 3020 nuisset
546 2966 868 3019 damnosum
915 2965 966 3018 id
1019 2967 1154 3034 ipsis
1208 2977 1262 3020 et
1314 2967 1569 3035 universo
1614 2969 1852 3038 ipsorum

269 3056 455 3124 generi
489 3055 690 3110 factum
731 3055 900 3108 videri
935 3056 1073 3110 fore.
1115 3055 1250 3110 Nam
1293 3059 1566 3112 hominem
1603 3059 1695 3128 qui
1729 3059 1854 3114 Ale-

2200 623 2283 687 tC'.
2324 627 2461 695 Περὶ
2490 629 2598 682 τοῦ
2618 629 2895 700 μοναχοῦ
2938 630 3304 704 Ἰλαρίωνος.

2035 763 2285 833 Μοναχός
2329 781 2414 827 τις
2459 763 2727 836 Ἱλαρίων,
2756 770 2876 833 νέος
2927 771 3002 824 ὢν
3025 775 3119 826 καὶ
3146 777 3286 828 κατᾶ
3314 779 3412 850 τὴν
3449 781 3550 851 τῆς

1964 855 2340 924 Περιϐλέπτου
2401 859 2572 928 μονὴν
2621 860 2892 925 ἐνασκῶν,
2928 865 3050 916 ἐπεὶ
3095 864 3218 919 κατ’
3252 871 3550 941 Ἐλεγμοὺς

1963 948 2207 1015 ἐγεγόνει
2255 951 2530 1019 πεμφθεὶς
2579 953 2670 1004 ἐπὶ
2723 957 2842 1016 ταῖς
2869 955 2969 1023 τῆς
2998 957 3171 1028 μονῆς
3203 963 3421 1032 χρείαις

1965 1038 2073 1106 γὰρ
2102 1038 2160 1091 τὸ
2193 1041 2383 1108 κτῆμα
2425 1045 2538 1104 τοῖς
2560 1043 2788 1096 ἐκείνων
2827 1049 3102 1117 μετοχίοις
3125 1052 3389 1121 ἁρμόζον)
3417 1059 3542 1128 ὁση-

1969 1131 2132 1199 μέραι
2159 1148 2218 1184 τε
2247 1132 2346 1194 τὰς
2384 1133 2976 1204 ἐκεῖθενέκστρατείας
3015 1141 3164 1212 ἑώρα
3200 1147 3548 1217 Περσῶν,.ὼς

1966 1223 2145 1276 πάντα
2179 1224 2279 1294 μὲν
2313 1226 2382 1280 τὰ
2424 1227 2544 1280 ἐκεῖ
2575 1228 2885 1297 ληΐζεσθαι,
2939 1234 3180 1308 ἐπιχρᾷν
3214 1239 3270 1292 δὲ
3297 1241 3391 1294 καὶ
3438 1247 3551 1306 τοῖς

1963 1312 2086 1365 κατ’
2125 1315 2441 1384 Ἑλεγμοὺς,
2477 1319 2571 1372 καὶ
2603 1320 2904 1389 τολμητίας
2932 1323 3010 1376 ὢν
3033 1325 3209 1390 ἄλλως
3237 1331 3333 1382 καὶ
3356 1333 3551 1398 ἐμπει-

1967 1406 2112 1474 ρίαις
2142 1404 2467 1476 πολεμικαῖς
2499 1409 2600 1462 οὐκ
2648 1413 2895 1482 ἀπᾴδων,
2929 1415 3020 1467 τὸν
3053 1419 3236 1472 ἐκεῖσε
3268 1422 3549 1491 συλλέγων

1961 1493 2090 1549 λαδν
2144 1497 2237 1550 καὶ
2289 1499 2645 1568 προσϐάλλων
2693 1505 2804 1566 τοῖς
2855 1507 3071 1559 ἐπιοῦσι
3107 1510 3324 1578 Πέρσας
3360 1516 3549 1579 κακῶς

1962 1585 2184 1639 διετίθει
2211 1589 2306 1640 καὶ
2343 1589 2435 1642 τὸν
2465 1591 2634 1646 τόπον
2663 1594 2967 1666 πολυωρῶν
2995 1601 3095 1655 οὐκ
3127 1603 3294 1658 ἀνίει.
3346 1607 3489 1661 Ἀλλ’
3511 1610 3546 1678 ή

1963 1679 2208 1732 πολιτεία
2261 1683 2424 1747 εὐθὺς
2477 1685 2566 1737 καῖ
2630 1688 3017 1762 ήόφειλομένη
3075 1697 3346 1768 σεμνότης
3392 1703 3545 1772 καὶὴ

1964 1772 2086 1826 κατ’
2119 1775 2324 1845 ἀρετήν
2371 1777 2421 1829 οἱ
2454 1779 2622 1849 κυρία
2650 1783 2740 1834 καὶ
2789 1785 3028 1853 μόνωσις
3067 1790 3283 1858 πρῶτον
3321 1793 3421 1862 μὲν
3453 1795 3546 1848 τὸν

1963 1865 2127 1918 αὐτοῦ
2168 1866 2604 1939 καθηγούμενον,
2641 1875 2935 1942 μετέπειτα
2965 1878 3024 1931 δέ
3059 1881 3155 1932 καὶ
3195 1886 3544 1957 πατριάρχην

1962 1958 2143 2012 πείθει
2169 1959 2410 2027 μαθόντα
2441 1964 2723 2034 ἐμϐριθῶς
2747 1967 2843 2019 καὶ
2863 1969 2931 2021 δι’
2962 1969 3390 2043 ἐπιτιμημάτων
3418 1994 3547 2044 σφο-

1961 2049 2104 2120 δρῶν
2137 2052 2425 2122 ἀπείργειν
2444 2055 2543 2122 τῆς
2577 2056 2774 2128 πείρας
2805 2060 2896 2113 τὸν
2945 2067 3201 2133 μοναχὸν.
3250 2067 3390 2120 Ἀλλ’
3422 2071 3545 2123 ἐπεὶ

1964 2143 2060 2196 καὶ
2103 2146 2418 2215 προστιμᾷν
2470 2147 2717 2202 ἐδέδοκτο
2747 2151 2858 2209 τοῖς
2907 2155 3186 2222 μεγίστοις
3214 2157 3303 2212 διὰ
3334 2160 3394 2212 τὸ
3425 2162 3549 2214 τόλο

1965 2250 2039 2303 μη
2052 2251 2152 2302 μα,
2187 2236 2350 2303 γνοὺς
2379 2237 2589 2302 ἐκεῖνος
2619 2239 2831 2309 βασιλεῖ
2864 2247 3208 2317 προστρέχει.
3263 2250 3320 2303 '0
3357 2250 3412 2304 δὲ
3449 2252 3546 2308 καὶ

1960 2322 2176 2393 δέχεται
2208 2327 2302 2379 καὶ
2335 2327 2402 2380 τὰ
2434 2329 2556 2381 καθ’
2595 2331 2788 2385 ἐαυτὸν
2833 2335 3188 2410 διακυϐερνᾷ,
3227 2344 3286 2393 ού
3327 2343 3434 2414 μὴν
3487 2343 3546 2395 δὲ

1960 2418 2056 2471 καὶ
2085 2417 2179 2472 τὸν
2206 2421 2559 2494 πατριάρχην
2587 2425 2781 2496 ἐκείνῳ
2806 2425 2896 2498 [Ρ.
2932 2429 3060 2504 417]
3092 2430 3240 2503 εἶχεν
3267 2435 3550 2509 ἐξευμενί·

1960 2599 2355 2668 perlibentibus
2387 2601 2634 2656 locorum
2675 2604 2931 2662 dominis.
2951 2607 3057 2664 Sed
3097 2611 3151 2665 in
3175 2613 3358 2668 orbem
3392 2617 3547 2673 dein-

1959 2699 2084 2754 ceps
2117 2687 2271 2742 nobis
2301 2689 2537 2742 historiae
2566 2703 2764 2746 nostrae
2796 2694 3130 2751 redeundum
3157 2709 3260 2754 est.

2339 2820 2424 2875 l7.
2469 2820 2546 2875 De
2581 2803 2832 2878 mana-cito
2862 2826 3163 2884 Ililart'onc.

2028 2953 2192 3026 596
2225 2955 2523 3013 Monachus
2551 2959 2769 3028 quidam
2808 2961 3051 3019 Hilarion
3085 2965 3330 3024 ﬂorentis
3365 2975 3542 3031 aetatis

1957 3045 2013 3100 in
2064 3047 2391 3116 Peribleptaa
2419 3053 2754 3106 monasterio
2801 3055 2968 3108 vitam
2997 3057 3313 3127 religiosam
3338 3068 3545 3120 excrci-

273 3147 519 3203 xaudrize
547 3145 742 3201 fuisset
779 3148 830 3200 in
873 3149 1290 3216 patriarcbalem
1322 3161 1606 3220 promotus
1645 3153 1850 3218 sedem,
1882 3155 1927 3214 ϐ
1963 3145 2246 3203 “Nisaeum
2272 3143 2469 3198 missus
2515 3144 2772 3214 Ε¹θ8¹¹¹υε
2837 3163 3030 3203 Versus
3069 3152 3134 3206 δά
3168 3157 3406 3209 curanda
3433 3159 3544 3215 illic

271 3249 700 3295 consentaneum
734 3254 855 3294 esse
881 3255 948 3294 ex
986 3255 1176 3310 magna
1217 3242 1324 3296 illic
1353 3252 1408 3296 et
1435 3254 1651 3312 potente
1671 3257 1852 3298 ortum

268 3333 510 3397 familia;
559 3333 702 3384 unde
737 3346 844 3384 uou
883 3341 1032 3384 esset
1075 3333 1428 3386 dubitandum
1469 3336 1598 3402 quin
1634 3347 1728 3388 aut
1757 3351 1855 3390 sua

262 3436 464 3490 sponte
496 3431 593 3475 aut
630 3422 889 3475 concitati
947 3437 976 3474 a
1007 3423 1106 3476 viri
1148 3424 1396 3492 cognatis
1457 3425 1856 3493 perillustribus

261 3516 646 3579 Alexandrini,
682 3525 788 3568 tam
822 3514 1098 3568 crudelem
1143 3516 1227 3569 sui
1275 3517 1602 3584 patriarcha:
1666 3534 1854 3572 necem

260 3606 411 3661 male
441 3607 736 3660 multandis
787 3607 908 3676 ejus
943 3607 1257 3662 auctoribus
1308 3623 1519 3662 summa
1574 3610 1624 3663 vi
1665 3610 1852 3663 ulcisci

257 3708 619 3763 conarentur,
652 3699 806 3766 Cujus
847 3697 922 3750 rei
959 3709 1051 3750 aut
1081 3701 1404 3751 damnorum
1445 3707 1632 3753 saltem
1668 3701 1856 3770 ingen-

260 3788 406 3842 tium
449 3786 854 3841 Eubmeusibus
889 3787 1300 3842 inferendorum
1336 3791 1554 3844 occasio
1588 3791 1717 3858 ipsis
1761 3791 1854 3844 de-

256 3893 390 3934 esse
414 3895 518 3932 non
551 3888 758 3948 posset,
792 3879 1226 3934 nundinantibus
1253 3882 1338 3935 his
1369 3881 1685 3950 frequenter
1704 3897 1855 3936 com-

261 3971 596 4024 tnerciornm
625 3985 793 4024 causa
829 3971 974 4024 circa
1024 3984 1218 4043 portus
1269 3983 1324 4027 et
1373 3974 1555 4028 littora
1606 3973 1849 4045 Egypti.

255 4059 393 4115 Haec
426 4061 513 4115 ille
535 4062 723 4116 dicens
747 4072 897 4116 recte
964 4078 1189 4117 mouere
1223 4064 1370 4118 visus
1417 4075 1521 4130 est,
1571 4074 1852 4136 totumque

254 4151 394 4206 illud
421 4153 690 4208 turbidum
725 4154 1012 4209 causiliutn
1051 4164 1326 4211 momento
1379 4165 1464 4210 est
1520 4157 1694 4211 instar
1733 4159 1852 4213 tela:

255 4260 480 4300 aranea:
515 4246 826 4313 disjectum.
862 4246 1110 4314 Spatium
1148 4262 1278 4316 ergo
1323 4248 1533 4302 dierum
1573 4260 1850 4304 certorum

257 4339 592 4408 patriarcha:
623 4338 911 4402 delluiunl,
943 4339 1080 4392 intra
1105 4341 1248 4406 quod
1271 4339 1374 4393 nisi
1420 4354 1451 4394 e
1482 4341 1646 4396 terris
1685 4342 1850 4397 ditio-

1962 3232 2066 3286 sita
2115 3232 2414 3303 hospitium
2464 3244 2516 3292 et
2553 3237 2757 3308 praedia
2808 3241 2984 3307 adjus
3033 3246 3195 3299 modo
3256 3253 3540 3306 memorati

1960 3326 2199 3380 coenobii
2228 3328 2582 3393 pertinentia,
2623 3330 2833 3384 videret
2869 3332 2994 3386 inde
3025 3335 3112 3388 uri
3147 3339 3390 3405 quotidie
3426 3357 3544 3396 om-

1961 3417 2046 3470 nia
2109 3417 2516 3473 incursionibus
2572 3419 2890 3486 Persarum,
2946 3427 3298 3496 aspirareque
3338 3433 3541 3488 inuitos

1956 3507 2232 3564 Barbaros
2269 3526 2438 3578 usque
2471 3512 2536 3564 ad
2581 3513 2824 3567 citimam
2859 3516 3118 3571 viciniam
3157 3520 3344 3589 Oppidi
3380 3523 3541 3591 Eleg~

1959 3615 2198 3664 morum,
2226 3602 2446 3672 juvenis
2474 3613 2634 3659 aetate
2662 3606 2837 3668 ferox,
2870 3610 3045 3663 audax
3079 3611 3278 3676 indole,
3304 3629 3401 3669 uec
3440 3617 3541 3670 mi-

1957 3691 2238 3760 litaribus,
2291 3696 2334 3749 si
2361 3696 2629 3752 adfuisset
2660 3700 2954 3768 institutio,
3009 3703 3378 3762 {unctionibus
3419 3709 3541 3763 iue~

1957 3793 2108 3853 plus,
2167 3786 2391 3843 collecta
2421 3789 2804 3862 indigenarum
2858 3809 3020 3846 manu
3051 3809 3244 3851 secure
3278 3813 3536 3866 grassan-

1959 3885 2041 3930 tes
2064 3892 2354 3946 aggressus
2381 3879 2582 3936 Persas
2605 3883 2744 3936 tnale
2770 3883 2892 3939 illos
2913 3885 3232 3956 plerumque
3251 3890 3536 3955 multabat,

1954 3968 2143 4036 sicque
2177 3969 2355 4024 locum
2386 3970 2680 4028 defendens
2716 3971 2981 4027 intactum
3013 3974 3225 4044 injuriis
3251 3979 3537 4034 hostilibus

1955 4070 2219 4127 praestare
2255 4063 2540 4132 pergebat,
2577 4063 2795 4130 quando
2817 4063 2960 4118 fama
2995 4066 3072 4119 rei
3114 4068 3320 4135 perlata
3362 4071 3415 4124 in
3444 4087 3536 4125 ur-

1954 4149 2077 4204 bem
2115 4149 2430 4220 religionem
2481 4155 2787 4222 praepositis
2843 4155 3096 4223 incussit,
3140 4160 3298 4229 quasi
3341 4172 3531 4216 contra

1955 4239 2038 4295 fas
2062 4242 2308 4297 sinerent
2359 4258 2530 4298 sacrae
2562 4244 2922 4314 professionis
2953 4249 3252 4315 hominem,
3297 4251 3530 4306 alienum

1915 4341 1923 4347 ‘
1953 4350 1982 4388 a
2021 4335 2311 4390 sanctitate
2347 4336 2428 4389 sui
2464 4337 2706 4406 habjtus,
2733 4343 2761 4389 'a
2796 4338 3092 4393 solitudine
3119 4354 3282 4408 quam
3316 4342 3535 4398 nomine

255 4433 348 4487 nis
373 4432 613 4499 ipsorum
642 4435 948 4495 excederet,
985 4445 1085 4485 suo
1122 4431 1363 4500 periculo
1399 4433 1467 4486 ibi
1505 4444 1844 4488 moraturum
1877 4479 1921 4502 π
1953 4429 2328 4500 ριιιιίαετειυτ.
2361 4443 2391 4482 a
2435 4427 2663 4482 lenitate
2699 4428 2932 4483 Ῐιιδιίιυιί
2997 4431 3234 4501 ευεςεριί
3286 4433 3530 4502 propria.

253 4524 627 4590 declararunt,
666 4539 764 4578 nec
788 4523 885 4586 illi,
911 4523 1014 4577 nisi
1042 4525 1204 4579 vades
1224 4524 1380 4579 daret
1411 4526 1658 4592 idoneos,
1697 4529 1845 4582 inco-

255 4613 568 4666 lumitatem
612 4622 874 4681 praestare
917 4615 1300 4685 magistratus.
1335 4620 1408 4674 Ita
1438 4622 1550 4687 ille,
1587 4626 1719 4679 nihil
1751 4641 1845 4680 co-

257 4713 427 4758 natus
452 4713 640 4757 coutra
671 4705 928 4774 excipere
955 4717 1053 4760 aut
1083 4709 1136 4762 in
1163 4712 1557 4779 conquirendis
1620 4717 1842 4787 lldejus-

255 4797 480 4850 scribus
504 4808 774 4866 satagere,
810 4809 926 4865 post
966 4799 1152 4854 decem
1183 4803 1318 4866 dies,
1362 4804 1414 4858 in
1438 4821 1575 4875 quas
1622 4809 1722 4879 ipsi
1755 4826 1848 4865 so-

254 4889 339 4943 las
362 4891 764 4943 eratsecuritas
796 4891 1090 4958 promissa,
1115 4894 1282 4948 solvit
1314 4896 1540 4953 Euboea.
1579 4901 1848 4972 Deinceps

255 4981 435 5036 eidem
463 4981 866 5050 comitibusque
905 4984 1024 5052 ejus
1069 5000 1166 5053 per
1197 4987 1318 5042 illas
1352 5003 1482 5043 oras
1515 4994 1844 5060 vagantibus

255 5073 492 5142 contigit
531 5071 746 5128 Thebas
772 5073 946 5138 adire,
998 5091 1191 5147 magno
1229 5078 1468 5146 ipsorum
1523 5082 1841 5140 infortunio.

254 5164 394 5219 Nam
419 5166 521 5220 loci
551 5167 829 5237 princeps,
857 5169 1014 5237 vulgo
1055 5169 1231 5224 dictus
1285 5187 1513 5241 magnus
1567 5174 1838 5244 dominus,

255 5256 625 5311 securissitua:
652 5268 876 5314 cunctos
897 5261 1129 5315 traditos
1174 5264 1440 5318 custodia:
1487 5265 1844 5322 dimissurum

255 5361 318 5400 se
347 5346 574 5415 negabat
613 5349 714 5401 uisl
748 5363 1095 5403 nummorum
1142 5352 1308 5406 duum
1371 5353 1598 5408 millium
1656 5371 1844 5424 perso-

254 5438 370 5491 luto
402 5441 596 5509 pretio.
635 5439 883 5496 Tandem
939 5452 1118 5497 tamen
1171 5459 1294 5498 cum
1353 5445 1492 5499 forte
1552 5448 1844 5504 accidisset

249 5530 542 5598 aegrotanti
582 5545 779 5598 magno
805 5531 1028 5588 domino
1057 5535 1242 5589 nescio
1275 5535 1406 5604 quid
1435 5537 1584 5594 utilis
1619 5538 1781 5594 omcii
1805 5555 1837 5595 a

252 5622 570 5690 patriarcha
612 5625 884 5691 exhiberi,
920 5626 1152 5683 libertas
1215 5631 1522 5685 carceralis
1573 5631 1698 5686 data
1728 5643 1834 5700 est,

253 5717 311 5770 in
355 5715 606 5786 digressu
640 5718 767 5773 hinc
798 5720 1046 5790 exceptis
1074 5721 1142 5776 ab
1173 5723 1373 5777 accolis
1403 5723 1636 5797 Alntyrl,
1666 5741 1836 5797 prope

251 5825 418 5880 quem
462 5821 510 5869 et
573 5811 673 5883 ipsi
734 5830 947 5870 amnem
1009 5815 1133 5871 lixis
1179 5817 1434 5875 tentoriis
1487 5828 1828 5889 manserunt,

1952 4538 2228 4577 armorum
2255 4533 2306 4577 et
2353 4524 2549 4579 ductus
2577 4523 2749 4578 turba:
2772 4525 3033 4581 militaris
3084 4541 3344 4583 exercere
3377 4527 3534 4583 mini-

1952 4619 2202 4672 sterium.
2230 4615 2304 4670 Ea
2335 4631 2422 4670 res
2457 4626 2584 4672 ante
2619 4632 2809 4672 omnes
2839 4617 3157 4688 praefectum
3189 4619 3530 4690 Peribleptac,

1953 4724 2074 4763 mox
2097 4718 2151 4764 et
2183 4708 2250 4764 de
2281 4710 2362 4764 his
2417 4711 2667 4766 edoctum
2700 4711 3069 4782 patriarcham
3105 4713 3276 4766 movit
3327 4713 3394 4766 ad
3432 4716 3532 4768 ob~
3613 4759 3616 4761 .

1950 4798 2278 4868 jurgandum
2297 4801 2549 4869 juvenem
2573 4801 2968 4861 vehementius.
2997 4815 3296 4870 severeque
3324 4802 3425 4856 sub
3445 4803 3532 4856 in-

1944 4891 2334 4945 terminatione
2386 4905 2667 4960 pugnarunt
2716 4892 2958 4960 gravium
2993 4894 3042 4946 ei
3095 4891 3527 4945 denuntiandunt

1949 4998 2018 5036 ne
2070 4971 2235 5051 ullam
2266 4983 2524 5051 deinceps
2556 4990 2763 5050 partem
2784 4980 2989 5037 bellicae
3036 4982 3528 5038 administrationis

1948 5049 2264 5141 attingeret.
2300 5049 2613 5128 llaudsatis
2654 5073 2744 5126 ille
2782 5087 2843 5126 se
2904 5073 3234 5143 morigerum
3307 5077 3528 5130 monitis

1951 5165 2150 5222 talibus
2175 5167 2473 5236 praebebat,
2496 5164 2745 5235 praesenti
2783 5163 2924 5218 aliud
2945 5167 3267 5223 necessitate
3303 5171 3530 5225 suaden-

1958 5269 2033 5314 te.
2060 5259 2239 5325 Quare
2263 5273 2390 5313 cum
2429 5257 2757 5327 intelligeret
2778 5258 3023 5313 irritatos
3045 5261 3161 5330 ejus
3179 5264 3525 5316 contumacia

1953 5353 2276 5421 praepositos
2296 5351 2348 5403 in
2369 5364 2433 5402 eo
2446 5364 2568 5404 esse
2596 5361 2653 5403 ut
2678 5350 2780 5405 sibi
2806 5351 3193 5419 comprehendi
3211 5351 3363 5420 jusso
3381 5355 3527 5406 acria

1953 5445 2260 5514 indigerent
2279 5444 2575 5514 supplicia,
2613 5443 2863 5514 confugit
2897 5448 2964 5499 ad
2997 5447 3403 5514 imperatorem,
3430 5443 3526 5514 qui

1949 5552 2071 5592 eum
2107 5533 2337 5591 libenter
2373 5537 2594 5592 admisit
2647 5547 2702 5595 et
2755 5537 2893 5608 apud
2926 5551 3002 5603 se,
3030 5539 3283 5600 detinuit,
3322 5536 3522 5590 frustm

1948 5630 2166 5684 interitu
2198 5639 2454 5700 satagens
2487 5631 2535 5687 el
2569 5633 2784 5702 placare
2815 5633 3210 5704 patriarcham.
3243 5629 3375 5684 Dum
3408 5629 3523 5683 ha'c

1945 5735 2096 5775 mora
2126 5720 2285 5792 longe
2315 5723 2384 5778 ab
2408 5721 2645 5795 Elegmis
2684 5724 3017 5780 Hilarionetn
3067 5733 3237 5789 tenet,
3301 5721 3521 5776 nemine

1942 5814 2052 5871 illic
2104 5813 2323 5872 interim
2373 5816 2551 5871 tutela
2603 5817 2846 5873 locorum
2895 5817 3233 5888 invigilantc,
3289 5817 3519 5888 contigt
