4046 6412
363 358 471 419 657

1254 364 1348 423 DE
1389 362 1830 426 ANDRONlCO
1873 361 2327 424 PALrEOLOGO
2367 368 2507 425 LIB.
2556 366 2691 431 Vll.

3513 363 3623 426 658

365 476 553 544 θίστα,
600 478 702 549 τὴν
749 478 845 534 τοῦ
908 480 1210 552 μαρκεσίου
1247 482 1415 552 τιμὴν
1454 481 1784 552 ληψόμενον,
1815 480 1939 532 ἐπεὶ
1970 483 2015 538 Α-
2044 482 2178 548 γύου
2212 482 2308 535 καὶ
2341 482 2391 535 οἱ
2447 483 2789 551 πεμφθέντες
2837 483 2914 546 εἰς
2947 482 3100 535 τοῦτο
3130 480 3411 549 πρέσϐεις,
3444 475 3520 534 ὧν
3551 482 3619 551 δὴ

360 570 575 632 ἐκεῖνος
603 571 702 637 μὲν
732 571 792 635 ἐξ
821 571 1129 640 ἀνθρώπων
1157 573 1401 640 ἐγένετο,
1436 572 1527 627 τὸν
1553 573 1612 625 δὲ
1642 572 1868 642 βασιλέα
1890 573 1937 624 oi

360 663 483 712 ἐκεῖ
518 660 833 730 πέμψαντες
864 663 1051 733 ἠξίουν
1087 663 1178 717 διά
1204 681 1351 727 τινος
1383 664 1495 716 τῶν
1524 662 1672 717 ἰδίων
1703 663 1934 730 τέκνων,

359 752 460 805 καὶ
493 753 696 819 μᾶλλον
730 752 826 807 τοῦ
867 755 944 824 τῷ
980 754 1156 825 χρόνῳ
1200 754 1310 809 τῶν
1339 755 1545 809 λοιπῶν
1571 756 1939 827 προφέροντος

376 844 651 911 Ἰωάννου,
709 848 848 901 κατά
903 866 1021 901 τινα
1049 849 1426 917 κληρονομίαν
1482 850 1700 904 δικαίαν
1725 850 1937 903 ἐκείνου

362 938 592 1001 ἄπαιδος
611 939 1055 1010 τελευτήσαντος,
1073 940 1180 993 τῶν
1202 940 1322 998 κατ’
1343 942 1542 1005 αὐτοὺς
1564 942 1683 1002 ἀντί
1691 941 1938 1011 σχεσθαι.
1990 978 1993 981 -

298 1082 307 1091 ,
365 1032 434 1083 Ὃ
463 1031 558 1083 καὶ
588 1033 814 1099 γεγονὸς
869 1031 1123 1103 ὕστερον,
1186 1035 1385 1086 ἐκείνοι
1441 1033 1563 1086 κατ’
1604 1034 1844 1098 Ἰταλοὺς
1876 1034 1939 1087 τὸ

360 1122 473 1171 πᾶν
501 1120 593 1172 τὸν
626 1120 897 1190 δεσπότην
940 1124 1453 1191 μετασκευάσαντες
1503 1122 1676 1187 οὕτως
1703 1126 1940 1193 ἠγάπων

361 1211 783 1281 ὑποκλινόμενοι
805 1214 941 1284 πρὸς
965 1216 1237 1285 ὑπακοήν.
1259 1215 1626 1285 Ἀναχθεισῶν
1646 1217 1941 1288 τοιγαροῦν

358 1304 467 1354 τῶν
502 1304 662 1367 νεῶν,
716 1306 1133 1376 προηγούμενον
1183 1307 1291 1360 τῶν
1320 1308 1498 1361 ἄλλων
1521 1307 1756 1369 ἐκείνοις
1779 1304 1850 1379 ἦν
1878 1309 1941 1361 τδ

360 1393 456 1448 τοῦ
491 1395 757 1462 βασιλέως
794 1398 1092 1466 μανθάνειν
1132 1398 1380 1467 θέλημα,
1416 1399 1492 1463 ὡς
1518 1399 1872 1469 πραξείουσιν
1905 1399 1942 1453 ἃ

362 1486 430 1538 ἂν
455 1489 620 1550 αὐτὸς
650 1488 956 1543 ἐπιτάττοι.
996 1490 1057 1543 Ὀ
1077 1491 1132 1542 δὲ
1155 1490 1254 1559 τὴν
1283 1491 1403 1560 μετ’
1424 1492 1647 1561 εἰρήνης
1674 1491 1939 1555 διάλυσιν,

360 1579 410 1628 εί
444 1577 682 1644 δύναιτο,
736 1580 872 1643 τέως
903 1580 1007 1651 τῆς
1044 1580 1227 1651 μάχης
1283 1579 1523 1650 πολέμου
1556 1580 1727 1635 ἐτίθει
1760 1583 1942 1654 πολλῷ

360 1668 495 1739 περὶ
549 1670 815 1734 πλείονος,
872 1673 922 1725 εί
977 1674 1070 1733 καὶ
1125 1673 1387 1743 χρήματα
1434 1672 1683 1745 δαπανᾷν
1726 1675 1943 1744 μεγάλα

358 1760 638 1831 ξυμϐαίηυ
668 1765 768 1831 τὴν
799 1763 899 1833 μὲν
928 1766 1040 1834 γὰρ
1062 1765 1357 1835 ἀναιμωτὶ,
1389 1766 1492 1836 τὴν
1515 1766 1581 1821 δὲ
1598 1765 1811 1820 πολλῶν
1842 1785 1940 1821 πεε

359 1854 568 1907 σὸντων
601 1852 744 1910 κατὰ
793 1857 1033 1927 πόλεμον
1076 1858 1343 1926 γίνεσθαι.
1407 1860 1565 1913 Ἐπεὶ
1603 1860 1661 1914 δὲ
1692 1861 1936 1915 κάκεῖνοι

356 1948 622 2011 πολλάκις
664 1951 972 2016 πέμποντες
1006 1951 1287 2019 ἠξίουντὰ
1311 1953 1775 2025 κεχρεωστημένα
1800 1954 1939 2025 λαμ-

359 2040 550 2107 6ἀ¹νειν
582 2040 674 2093 καὶ
715 2041 1164 2096 ἀπαλλάσσεσθαι
1223 2044 1327 2112 (τὰ
1357 2044 1401 2096 δ’
1431 2040 1596 2116 ἦσαν,
1631 2034 1706 2109 ὦς
1737 2047 1937 2099 ἐκεῖνοι

359 2130 741 2199 ἐερενθύοντο,
777 2133 907 2202 περί
935 2150 1041 2187 που
1084 2134 1184 2197 τὰς
1214 2135 1536 2205 τριακοσίας
1566 2135 1811 2206 χιλιάδας
1842 2138 1937 2192 τοῦ

360 2222 721 2303 νομιζομένου
778 2226 1061 2295 χρυσίου),
1121 2228 1235 2285 καὶ,
1265 2228 1375 2297 γὰρ
1405 2227 1515 2281 τότ’
1547 2225 1689 2301 ἦσαν
1715 2229 1772 2296 ἐξ
1803 2232 1938 2285 ὑπο-

357 2403 674 2471 gnbardiam
705 2414 928 2462 miserat
955 2424 968 2461 :
1008 2419 1186 2462 mater
1224 2419 1405 2464 autem
1447 2410 1517 2467 ad
1547 2426 1666 2466 eam
1697 2413 1798 2468 sibi
1827 2415 1941 2470 avi-

357 2504 470 2546 tam
500 2496 829 2551 eerneudam
880 2498 1256 2555 lia-reditatem
1288 2502 1635 2560 Theodorum
1667 2522 1938 2578 prteroga-

343 2584 463 2637 ‘tiva
508 2585 735 2654 majoris
780 2590 959 2647 aetatis
994 2607 1225 2665 censetis
1263 2597 1435 2668 magis
1464 2598 1739 2665 idoneum,
1793 2603 1937 2661 hunc

351 2675 737 2734 Thessalonica
770 2692 913 2737 recte
941 2684 1160 2741 misitin
1185 2685 1734 2763 ltaliam,legitimum
1762 2698 1934 2752 haereo

351 2769 474 2824 deut
496 2771 832 2829 declaratum
880 2775 1146 2834 bonorum
1184 2783 1583 2851 etprincipatus
1622 2786 1704 2839 sui
1725 2787 1935 2854 fratris,

350 2873 640 2928 sumptum
650 2880 697 2915 ιιι
720 2864 827 2920 illic
841 2880 907 2920 eo
923 2869 1081 2923 titulo
1097 2872 1389 2927 marchesii
1430 2874 1774 2943 dignitatem.
1797 2878 1937 2934 lluic

326 2953 720 3012 .colloeaverat
741 2956 905 3015 ﬁliam
922 2960 1223 3030 Spinulus:
1250 2965 1346 3019 sed
1376 2975 1434 3019 ut
1454 2981 1573 3035 quae
1602 2980 1785 3021 secuta
1809 2980 1937 3024 sunt

347 3044 530 3099 obiter
558 3056 820 3123 attexam,
849 3061 1174 3118 praemature
1204 3054 1263 3108 is-
1286 3056 1422 3110 obiit
1454 3057 1575 3110 sine
1602 3058 1754 3126 prole
1787 3075 1934 3116 inas-

2043 571 2378 642 προύξένουν
2434 575 2532 642 μὲν
2564 573 2893 637 l‘ewoui’tatt,
2944 576 2992 627 οἱ
3022 574 3174 627 αὐτοὶ
3215 571 3272 626 δὲ
3304 573 3395 624 καὶ
3423 573 3490 624 τὰ
3516 573 3617 640 τῆς

2044 665 2341 735 πρεσϐείας
2374 667 2509 734 πρὸς
2547 667 2771 736 βασιλέα
2822 667 3155 736 omnem».
3193 674 3268 733 μη
3303 663 3621 733 δυναμένων

2042 758 2268 811 ἐκείνων
2303 759 2515 828 βασιλεῖ
2539 759 2961 829 ἐμφανίζεσθαι.
3015 757 3112 810 Διά
3150 757 3213 826 δὴ
3244 756 3418 809 ταῦτα
3445 772 3621 825 προσ-

2046 849 2259 917 ιέμενος
2307 852 2335 904 ὁ
2367 851 2584 921 κρατῶν
2620 851 2717 919 τὴν
2769 850 3089 919 πρεσϐείαν,
3124 850 3251 911 τοὺς
3289 848 3389 918 μὲν
3415 848 3473 898 ἐν
3503 848 3622 907 ταῖς

2042 951 2198 995 ναυσὶ
2222 945 2629 1013 παρακατέχειν
2659 944 2759 995 οὐκ
2783 938 2927 1012 εῖχεν
2952 941 3238 1012 ὁρμῶντας
3268 940 3401 1008 πρὸς
3435 937 3624 1004 Εὔξει-

2040 1050 2130 1086 νον
2167 1032 2255 1086 διὰ
2281 1036 2349 1086 τὰ
2381 1033 2576 1103 φορτία
2601 1032 3051 1097 διαπλωῖξεσθαι,
3074 1032 3346 1100 τέσσαρας
3371 1033 3427 1084 δὲ
3460 1033 3623 1097 μόνον

2040 1128 2285 1195 τριήρεις
2330 1126 2422 1177 ἐπὶ
2468 1127 2651 1193 ῥητοῖς
2697 1125 2908 1191 μισθοῖς
2959 1123 3427 1193 παρακατασχὼν,
3461 1123 3547 1189 ἐφ’

2038 1218 2344 1287 διατηροίεν
2376 1220 2443 1271 τὰ
2477 1219 2576 1287 τῆς
2618 1217 2842 1269 Ἀὁύδου
2893 1218 3079 1293 στενὰ,
3105 1215 3220 1284 ἅμα
3255 1216 3355 1284 μὲν
3388 1215 3620 1268 κωλύειν

2038 1309 2167 1372 τοὺς
2200 1309 2725 1379 διαπεραιουμένους
2756 1309 2993 1378 Πέρσας.
3027 1308 3143 1376 ἅμα
3166 1306 3221 1358 δὲ
3253 1306 3348 1358 καὶ
3374 1306 3472 1368 τὰς
3496 1323 3621 1358 πειο

2044 1401 2274 1473 ρατικὰς
2306 1404 2546 1470 ἐπέχειν,
2581 1403 2647 1470 ἦν
2681 1420 2784 1454 που
2818 1404 3058 1469 φανεῖεν,
3083 1402 3182 1463 τὰς
3213 1400 3259 1453 δ’
3285 1398 3453 1461 ἄλλας
3483 1398 3621 1450 ἀπέ-

2039 1493 2156 1556 λυε,
2292 1494 2420 1565 4191
2452 1493 2592 1558 πλὴν
2626 1494 2716 1546 ἐπὶ
2735 1496 2927 1565 ῥηταῖς
2957 1492 3191 1564 ἡμέραις
3213 1490 3442 1555 εἴκοσιν,
3461 1488 3529 1542 ἶν’
3555 1490 3623 1559 ἢν

2045 1585 2145 1654 μὲν
2175 1588 2231 1637 ἐν
2259 1585 2335 1655 τῷ
2368 1584 2571 1654 μεταξὺ
2599 1584 3022 1652 ξυμὸιὸάζοιντο
3043 1623 3058 1649 ,
3095 1585 3143 1636 εί
3173 1582 3217 1635 δ’
3250 1578 3365 1647 οὗν,
3401 1599 3594 1652 συμμα
3615 1609 3626 1622 -

2041 1679 2186 1748 χοϊεν
2219 1678 2338 1730 τότε
2370 1675 2509 1730 κατὰ
2542 1675 2612 1729 τὰ
2635 1676 2885 1741 δόξαντα.
2919 1675 3030 1729 Καὶ
3052 1675 3103 1729 oi
3136 1674 3239 1745 μὲν
3267 1674 3561 1736 ἀπέπλεον,
3593 1674 3623 1725 ὁ

2041 1771 2097 1824 δὲ
2125 1769 2377 1839 βασιλεὺς
2406 1767 2769 1836 ἐκλεξάμενος
2822 1767 3082 1837 πρέσϐεις
3118 1766 3257 1837 πρὸς
3314 1763 3626 1834 Ἀμογαϐά-

2044 1881 2171 1936 ρους
2194 1861 2512 1927 ἀπέστελλε,
2550 1862 2719 1928 τάξας
2742 1862 2837 1915 καὶ
2865 1862 2894 1913 ὃ
2920 1858 2987 1933 ἦν
3023 1861 3333 1932 βουλομένῳ
3356 1862 3405 1914 oi
3436 1860 3623 1916 δοῦναι

2004 1948 2284 2019 ¹χρυσίον,
2331 1950 2413 2011 είς
2462 1949 2659 2003 ἑκατὸν
2707 1948 2955 2019 χιλιάδας
3011 1949 3367 2017 ποσούμενον,
3399 1952 3447 2002 εἰ
3479 1949 3524 2002 δ’
3559 1952 3620 2002 οὔ

2040 2040 2313 2104 πείθουσι,
2347 2040 2697 2111 προστιθέναι
2753 2040 2850 2094 καὶ
2898 2040 3081 2094 πλέον.
3110 2043 3173 2094 Oi
3205 2041 3337 2110 γοῦν
3361 2042 3623 2111 πρέσϐεις

2004 2135 2362 2198 «ἐπιστάντες
2390 2134 2547 2187 οὐδὲν
2600 2134 2835 2205 ἦνυτον·
2895 2133 3089 2205 ἔτυχον
3132 2135 3241 2204 γὰρ
3298 2133 3623 2204 παμπληοεὶ

2039 2224 2146 2296 πρὸ
2170 2224 2393 2297 ἡμερῶν
2429 2225 2628 2277 ἐκείνου.
2658 2224 2760 2295 τῆς
2791 2223 3032 2278 Καλλίου
3064 2226 3619 2294 ἐκστρατευσάμενοι.

2037 2402 2338 2473 Augustum
2372 2412 2451 2468 ut,
2508 2401 2553 2456 si
2606 2400 2656 2455 ei
2711 2400 3010 2467 videretur,
3044 2399 3244 2455 debitis
3318 2410 3464 2455 retro
3520 2399 3627 2455 Ge.

2041 2497 2229 2551 nuensi
2261 2496 2573 2565 reipublicae
2618 2493 2887 2564 pecuniis,
2922 2493 3027 2548 sibi
3054 2494 3223 2563 jussis
3250 2508 3344 2548 eas
3383 2495 3624 2563 exigere,

2036 2599 2187 2644 recte
2211 2585 2589 2649 numerandis,
2624 2599 2851 2655 pergere
2878 2599 3047 2641 cursu
3088 2593 3283 2653 ctepto.
3306 2598 3366 2639 se
3391 2583 3625 2639 sineret.

2039 2682 2320 2735 Summam
2351 2694 2516 2749 porro
2548 2679 2709 2731 istam
2766 2682 3159 2747 exaggerantes
3190 2676 3486 2730 ascendere
3508 2672 3626 2739 jac-

2039 2774 2229 2827 tabant
2282 2773 2350 2826 ad
2417 2777 2658 2824 trecenta
2705 2769 2872 2823 millia
2910 2783 3261 2824 nummorum
3302 2782 3620 2822 aureorum.

2006 2865 2103 2920 .Et
2133 2874 2290 2920 erant
2326 2865 2378 2920 in
2425 2863 2600 2918 classe
2628 2863 2850 2932 quidam
2892 2862 3245 2931 peculiariter
3272 2860 3501 2929 delegati
3554 2859 3623 2916 ad

2035 2959 2423 3029 disceptandas
2475 2972 2597 3012 cum
2639 2956 2993 3026 imperatore,
3053 2955 3099 3010 si
3160 2955 3411 3010 dubitare
3468 2953 3620 3006 illum

2037 3062 2130 3107 aut
2164 3051 2407 3106 cunctari
2444 3049 2809 3122 contingeret,
2852 3059 3014 3118 prout
3039 3056 3170 3101 tunc
3193 3045 3413 3111 accidit,
3451 3044 3624 3098 ratio-

351 3136 497 3189 cula.
538 3135 693 3193 Unde
753 3142 1162 3198 marchionatus
1199 3145 1355 3200 istius
1417 3147 1616 3201 subditi
1675 3149 2005 3220 rogaruutC
2038 3161 2135 3200 nes
2170 3144 2328 3211 hujus
2379 3142 2642 3198 nominis.
2690 3142 2869 3210 Quare
2912 3156 3034 3197 cum
3061 3140 3293 3195 ducibus
3332 3139 3621 3208 perimer-

346 3224 734 3294 imperatorem
761 3240 821 3284 ut
849 3231 955 3286 sibi
987 3232 1284 3303 principem
1308 3235 1466 3291 daret
1486 3251 1516 3292 e
1545 3240 1660 3292 suis
1685 3254 1748 3293 ex
1776 3241 1932 3299 Iri-ne

344 3306 476 3364 ﬁliis
530 3313 861 3380 quempiam,
935 3319 1252 3372 nominatim
1314 3331 1497 3375 autem
1557 3327 1932 3392 exposcebant

342 3396 644 3467 Joantwm,
678 3405 766 3460 cui
795 3405 890 3475 jus
920 3409 1167 3464 moribus
1200 3410 1446 3479 ipsorum
1478 3414 1757 3483 peculiare
1778 3431 1928 3472 com-

345 3502 534 3559 petere
565 3493 805 3559 aiebant,
842 3507 901 3552 ut
938 3510 1067 3555 natu
1100 3502 1361 3569 maxime,
1399 3506 1467 3559 ad
1525 3508 1925 3562 succedendum

343 3586 403 3640 in
442 3585 622 3640 locum
662 3589 901 3644 defuncti
935 3594 1143 3663 absque
1180 3595 1331 3662 prole
1386 3599 1530 3652 virili
1595 3600 1785 3656 fratris
1847 3604 1927 3657 sui

342 3673 712 3744 primogeniti.
752 3681 807 3734 ld
835 3681 1037 3736 factum
1063 3692 1147 3739 est
1179 3696 1386 3754 p0stea.
1431 3697 1486 3742 et
1516 3689 1732 3752 despota
1767 3691 1932 3763 599

339 3763 584 3821 Joannes
616 3769 737 3821 illuc
766 3773 1039 3839 prolectus
1075 3791 1298 3843 prorsus
1323 3792 1384 3833 se
1401 3780 1467 3834 ad
1492 3796 1672 3838 mores
1687 3793 1741 3835 et
1769 3798 1928 3837 usum

342 3858 600 3913 Italorum
669 3866 985 3926 transtulit,
1028 3881 1096 3921 eo
1159 3867 1339 3923 fructu
1409 3874 1931 3931 accommodationis

346 3951 525 4016 istius,
556 3964 613 4009 ut
641 3972 704 4011 ea
757 3956 964 4014 deliuiti
994 3958 1335 4029 Langobardi
1365 3978 1489 4017 sese
1539 3966 1642 4021 sub
1673 3966 1929 4038 principis

344 4058 570 4115 peregre
623 4049 854 4116 appulsi,
920 4050 1065 4105 velut
1125 4052 1170 4106 si
1225 4062 1373 4109 esset
1406 4055 1680 4122 indigena,
1755 4060 1929 4130 impe-

345 4137 485 4190 rium
538 4138 680 4193 ultro
735 4140 1061 4197 inclinarent
1104 4145 1366 4201 studiosis
1389 4147 1690 4218 obsequiis.
1727 4149 1923 4207 Verum

346 4227 466 4283 llch
525 4242 734 4299 postea.
772 4232 928 4288 Nunc
963 4245 1142 4290 autem
1199 4238 1459 4305 appulsis,
1496 4242 1581 4294 uti
1600 4242 1734 4306 dixi,
1784 4244 1929 4299 Con-

348 4323 727 4392 tantinopolim
784 4324 1164 4383 Genueusibus
1226 4345 1350 4385 cum
1400 4332 1577 4388 classe
1627 4338 1927 4404 navarehis

346 4410 479 4463 nihil
510 4410 607 4464 luit
641 4414 929 4480 antiquius
959 4433 1150 4486 quam,
1189 4430 1351 4487 prout
1376 4421 1432 4476 in
1467 4424 1745 4479 mandatis
1767 4441 1925 4482 acce-

344 4514 563 4573 perant,
607 4508 899 4575 exquirere
948 4508 1075 4580 quid
1117 4513 1277 4567 vellet
1335 4514 1651 4586 imperator,
1701 4522 1927 4577 exhibe-

344 4612 511 4665 reque
536 4613 595 4653 se
628 4600 724 4668 ipsi
760 4612 976 4659 paratos
1007 4605 1072 4658 ad
1100 4616 1349 4678 prompte
1376 4613 1641 4679 agendum
1668 4617 1812 4685 quod
1837 4617 1926 4685 ju-

346 4688 520 4744 beret.
560 4690 658 4745 Ille
684 4708 793 4748 non
845 4695 1203 4752 dissimulavit
1226 4699 1307 4755 sic
1357 4715 1418 4756 se
1450 4704 1776 4772 animatum,
1866 4720 1921 4764 ut

344 4778 543 4835 bellum
571 4781 725 4838 linire
781 4788 1171 4855 compositione
1213 4802 1405 4860 pacata
1436 4810 1597 4864 quam
1654 4800 1841 4867 praelia
1868 4812 1924 4858 et

340 4886 571 4927 cruenta
615 4876 838 4932 victoria
884 4879 1027 4933 haud
1079 4882 1237 4949 paulo
1288 4886 1633 4954 expetibilius
1673 4892 1921 4957 duceret,

340 4966 554 5021 etiamsi
588 4972 877 5043 conventio
902 4972 1001 5027 ista
1037 4978 1248 5042 magnis
1273 4988 1417 5033 esset
1452 4983 1695 5050 pecuniae
1736 4984 1926 5054 profu-

342 5059 594 5114 sionihus
622 5064 871 5118 emenda.
905 5064 1188 5123 Rationem
1216 5084 1247 5124 a
1285 5085 1383 5124 sua
1417 5075 1649 5127 naturali
1677 5076 1920 5132 clemen-

340 5152 417 5205 tia
475 5163 746 5221 sumptam
815 5156 1101 5224 allegabat,
1166 5161 1310 5229 quod
1374 5163 1536 5217 nimis
1581 5166 1809 5221 charum
1844 5170 1924 5225 vi-

341 5245 569 5322 deretgr
592 5247 853 5317 quidquid
901 5252 1079 5319 parari
1126 5262 1407 5324 oporteret
1459 5260 1634 5327 pretio
1664 5260 1788 5316 vita:
1820 5263 1921 5317 ho-

341 5338 554 5394 minum
598 5343 912 5409 multorum,
973 5355 1107 5416 quot
1152 5348 1204 5402 in
1252 5350 1371 5405 acie
1418 5353 1603 5417 praelio
1632 5354 1923 5409 eorumisso

342 5433 541 5488 cadere
571 5432 707 5490 foret
755 5451 999 5503 necesse,
1053 5450 1447 5512 proptereaque
1498 5454 1801 5515 praeoptare
1837 5448 1921 5502 in-

339 5535 647 5589 cruentam,
689 5531 1056 5596 quamtumvis
1085 5532 1306 5588 aliunde
1331 5535 1669 5601 damnosam,
1709 5552 1919 5604 pacem.

342 5614 436 5671 Sic
468 5633 498 5670 a
534 5617 658 5673 belli
697 5620 812 5674 alea
844 5624 1102 5677 tentanda
1133 5624 1382 5685 videntes
1410 5641 1664 5681 aversum
1697 5627 1924 5696 impera-

343 5721 517 5763 torem
555 5713 720 5767 duces
744 5713 938 5770 classis
964 5714 1294 5781 Genuensis,
1343 5718 1576 5786 indeque
1617 5718 1924 5788 intelligun-

343 5810 363 5861 ι
398 5817 425 5860 s
456 5802 589 5858 nihil
622 5819 742 5860 csse
777 5806 1128 5879 quamobrem
1155 5807 1264 5864 illic
1316 5819 1675 5875 morarentur,
1700 5820 1924 5867 orarunt

2034 3237 2256 3288 nuntios
2315 3232 2676 3288 tractantibus
2729 3231 3087 3302 (exscendere
3125 3228 3326 3299 quippe
3347 3242 3414 3283 ac
3448 3241 3620 3281 naves

2035 3330 2172 3398 ipsis
2218 3327 2460 3382 creditas
2489 3326 2748 3381 deserere
2794 3322 2979 3379 ofﬁcio
3006 3332 3062 3379 et
3090 3322 3339 3391 periculo
3367 3319 3622 3389 prohibe-

2032 3417 2254 3486 buntur)
2284 3417 2658 3485 respondisset
2701 3414 3048 3469 Andronicus
3096 3412 3217 3481 plus
3244 3421 3428 3479 petere
3472 3412 3621 3480 ipsos

2033 3524 2197 3576 quam
2244 3507 2450 3563 debere
2479 3521 2539 3561 se
2570 3515 2813 3576 putaret,
2868 3504 2981 3560 litis
3019 3503 3277 3573 deinceps
3331 3501 3641 3571 sequendze

2033 3602 2205 3670 longa‘:
2236 3600 2378 3653 haud
2402 3599 2504 3653 sibi
2529 3611 2653 3652 esse
2681 3598 2853 3651 otium
2900 3598 3211 3659 causantes,
3276 3595 3623 3662 expOsituros

2032 3706 2093 3747 se
2119 3694 2171 3745 in
2203 3699 2408 3746 terram
2457 3705 2597 3760 quos
2624 3688 2780 3757 hujus
2812 3689 3031 3759 proprie
3075 3703 3256 3742 causa:
3318 3688 3620 3741 instructos

2034 3792 2365 3838 tractatores
2421 3782 2689 3837 ducerent
2742 3791 3111 3851 reposuerunt
3178 3794 3287 3834 :se
3318 3794 3447 3833 vero
3475 3779 3620 3847 ipsos

2031 3892 2139 3944 quo
2164 3876 2378 3946 negotia
2403 3877 2666 3930 instantia
2688 3883 2969 3940 vocarent,
2990 3873 3174 3928 statim
3210 3873 3324 3927 vela
3354 3872 3615 3926 facturos.

2031 3968 2291 4023 Libenter
2325 3984 2384 4023 se
2417 3984 2555 4038 quos
2587 3978 2956 4022 memorarem
3006 3966 3212 4036 legatos
3257 3965 3619 4020 admissurum

2031 4062 2317 4130 respondit
2346 4061 2679 4130 imperator;
2711 4072 2777 4112 ac
2808 4059 3215 4129 quosretinere
3246 4071 3353 4110 non
3385 4066 3618 4124 poterat,

2029 4155 2194 4224 600
2211 4153 2523 4208 festinantes
2542 4151 2811 4206 Euxinum
2836 4164 3026 4206 versus
3055 4150 3125 4204 ob
3143 4155 3401 4219 urgentes
3420 4163 3621 4217 oppor-

2035 4247 2298 4301 tunitates
2347 4244 2851 4305 distrahendarum.
2892 4241 3091 4310 quibus
3144 4251 3402 4296 oneratas
3454 4256 3621 4295 naves

2035 4339 2344 4403 tra‘herent,
2391 4335 2779 4401 mercium,eo
2832 4351 2944 4406 quo
2996 4334 3347 4389 intcnlebant
3390 4343 3627 4389 cmteros.

2031 4447 2223 4487 omnes
2260 4431 2566 4486 navarchos
2620 4445 2813 4499 passus
2866 4440 2946 4483 est
2980 4430 3212 4491 solvere,
3245 4439 3476 4496 quatuor
3524 4442 3620 4481 ex-

2036 4525 2232 4594 ceptis,
2266 4540 2402 4595 quos
2436 4538 2559 4578 cum
2599 4524 2842 4586 totidem,
2898 4537 3033 4593 quas
3084 4520 3405 4582 ductabant,
3457 4521 3617 4574 trire-

2034 4619 2235 4680 mibus,
2292 4629 2496 4670 navare
2539 4614 2645 4669 sibi
2701 4628 2921 4683 operam
2969 4613 3137 4667 voluit
3177 4618 3324 4667 certa
3363 4614 3617 4665 mercede

2026 4708 2321 4765 'couSIituta
2348 4705 2719 4762 custodiendis
2755 4706 2928 4778 Abydi
2974 4704 3220 4759 faucibus
3238 4714 3292 4758 et
3320 4703 3620 4772 impedien-

2030 4799 2103 4855 do
2131 4815 2226 4869 per
2249 4798 2447 4853 fretum
2479 4797 2713 4867 trajectu
2747 4795 3039 4852 Persarum
3089 4805 3312 4861 tutaque
3334 4807 3367 4846 a
3403 4794 3616 4860 piratis,

2026 4891 2072 4947 si
2112 4892 2203 4963 qui
2232 4906 2294 4945 ea
2341 4892 2516 4945 maria
2543 4892 2806 4944 Infestare
2869 4894 3167 4948 tentarent,
3219 4899 3314 4939 ora
3355 4884 3441 4939 illa
3477 4900 3617 4952 prae-

2027 4985 2244 5041 standa.
2276 4984 2546 5040 Ceterum
2588 4983 2675 5037 his
2697 4980 3043 5036 denuntiavit
3083 4977 3219 5033 velle
3251 4993 3309 5033 se
3342 4976 3622 5033 abstinere

2026 5075 2173 5144 ipsos
2196 5089 2225 5128 a
2252 5076 2300 5128 vi
2337 5075 2585 5128 hostibus
2616 5071 2896 5126 inferenda
2949 5083 3124 5139 usque
3150 5070 3215 5122 ad
3249 5069 3388 5123 diem
3426 5084 3453 5122 a
3480 5084 3621 5138 prae.

2027 5167 2165 5221 senti
2202 5164 2521 5225 vicesimun,
2554 5179 2621 5217 ne
2658 5171 2950 5218 tractatum
2999 5159 3290 5229 quemdam
3318 5162 3427 5228 jam
3459 5161 3645 5215 inSti-.

2029 5267 2198 5312 tutum
2225 5257 2371 5326 pacis
2400 5254 2779 5324 intempestiva
2804 5252 2944 5309 forte
2971 5252 3139 5323 praelii
3176 5252 3487 5309 commissio
3512 5255 3621 5308 dis!-

2020 5346 2236 5419 jiceret.
2298 5346 2425 5402 Post
2478 5360 2602 5400 eum
2669 5344 2963 5400 terminum
3012 5383 3028 5409 ,
3063 5345 3108 5399 si
3161 5345 3456 5399 conventio
3507 5359 3612 5403 non

2026 5442 2385 5504 coalesceret,
2410 5447 2522 5492 tum
2556 5452 2689 5493 snne
2718 5452 2871 5493 arma
2898 5437 3220 5507 expedirent
3246 5436 3615 5504 virtutemque

2029 5539 2425 5589 monstrarent.
2461 5531 2553 5587 Sic
2584 5530 2858 5602 pleraque
2884 5530 3234 5600 appulsarum
3285 5527 3475 5581 Genua
3508 5544 3611 5580 na-

2027 5627 2199 5687 vium,
2253 5633 2485 5692 quatuor
2547 5621 2775 5687 relictis,
2832 5620 3068 5676 ulterius
3121 5616 3428 5687 navigando
3486 5626 3614 5671 sunt

2024 5726 2318 5787 provectae.
2370 5712 2674 5787 Imperator
2727 5724 2909 5768 autem
2976 5712 3217 5769 delectos
3274 5709 3482 5779 legatos
3542 5710 3613 5765 ad

2025 5811 2399 5880 A‘nogattaros
2426 5807 2593 5875 misit,
2629 5822 2750 5862 cum
2777 5804 3045 5861 mandatis
3080 5801 3339 5860 oﬂcrcndi
3370 5800 3449 5858 eis
3475 5817 3503 5856 a
3526 5816 3617 5867 se,
