4046 6388
386 293 483 350 (ibi

460 407 547 464 ιϐ’.
581 407 971 476 ἘκσδρατεΙα
1008 411 1412 478 Ἀμοῖτῑϐάρων
1437 416 1565 465 κατ’
1597 410 1878 466 Ἀλανῶν.

456 498 609 566 Ἀμα
642 498 701 552 δὲ
756 499 966 564 τούτοις
1017 503 1530 570 προσταττομένοις,
1578 502 1698 555 ἐπεὶ
1729 503 1829 556 οὐκ
1888 498 1954 572 ἦν

304 655 309 658 ι
384 588 800 642 ἀντιτάττεσθαι
848 590 1087 659 τοσούτῳ
1134 592 1329 660 πλήθει
1372 593 1499 655 τοὺς
1550 593 1878 662 ἡμετέρους,
1908 592 1958 646 οἳ

384 680 448 750 δὴ
488 681 547 733 ὲν
585 680 739 750 μέρει
779 681 877 751 μιν
914 681 1042 751 περὶ
1098 681 1195 735 τοῦ
1247 683 1479 754 ατρατοῦ
1527 684 1850 754 Μαρούλην,
1898 686 1958 738 ἐν

390 770 546 839 μέρει
567 771 628 824 δὲ
658 772 787 838 περὶ
807 772 900 824 τὸν
928 771 1158 840 βασιλέα
1185 774 1301 836 τοῖς
1342 775 1561 845 ὀχυροῖς
1592 792 1961 846 κατεστρατο-

387 860 704 926 πεδεύοντο,
740 861 965 931 πέμψας
993 864 1022 915 ὁ
1049 861 1302 932 βασιλεὺς
1336 864 1406 918 τὰ
1434 864 1599 934 πέριξ
1626 866 1724 935 τῆς
1750 865 1958 931 πόλεως

387 951 683 1014 ἀπανίστα,
739 953 835 1006 καὶ
872 952 1026 1004 ταῦτ’
1055 953 1157 1022 ἤδη
1203 946 1397 1024 καιροῦ
1423 956 1691 1032 δρεπάνου
1721 957 1820 1011 οὐκ
1853 958 1961 1012 ἄπο

387 1046 479 1093 καὶ
511 1041 798 1112 θερισμοῦ.
830 1041 918 1116 [Ρ.
955 1043 1083 1115 ﬁl]
1112 1045 1188 1098 Οὐ
1222 1036 1330 1115 γὰρ
1366 1046 1544 1114 ὀλίγον
1573 1048 1734 1116 φόνον
1776 1048 1964 1116 εἰργά-

384 1132 541 1196 ζοντο
564 1133 935 1204 ἐφιστάμενοι.
973 1134 1138 1188 Ὅθεν
1183 1140 1276 1189 καὶ
1308 1139 1465 1207 φήμη
1498 1132 1566 1207 ἦν
1590 1138 1834 1203 ἐκείνους
1862 1139 1963 1192 αὖ·

381 1223 512 1286 τοὺς
557 1223 765 1291 λέγειν,
816 1225 1192 1296 ὲρωτωμένων
1229 1228 1381 1298 παρὰ
1427 1226 1538 1281 τῶν
1581 1228 1725 1282 ἰδίων
1760 1231 1963 1294 πόσους

382 1314 493 1401 ἄρα
524 1316 584 1369 ὲν
617 1319 731 1376 τοῖς
760 1316 1038 1378 ἐνιαυτοῖς
1062 1316 1293 1378 ἐκείνοις
1331 1317 1666 1386 πεφόνευκεν
1706 1319 1960 1386 ἕκαστος,

385 1403 481 1455 καὶ
529 1403 820 1470 λεγόντων,
851 1404 989 1459 ὡσεὶ
1021 1407 1181 1460 πέντε
1233 1408 1479 1478 χιλιάδας
1519 1409 1648 1472 τοὺς
1697 1412 1963 1474 πεσόντας

385 1498 843 1565 συμποσωθῆναι.
880 1501 990 1554 Καὶ
1038 1503 1067 1555 ὁ
1103 1501 1199 1571 μὲν
1231 1501 1484 1570 βασιλεὺς
1517 1484 1723 1558 ταῦτα·
1771 1506 1965 1560 ἐκεῖνοι

382 1587 429 1639 δ’
461 1588 548 1657 ἐφ’
580 1588 810 1659 ἁμαξῶν
850 1591 1053 1654 σκευάς
1077 1609 1136 1645 τε
1165 1591 1304 1654 ιδίας
1333 1591 1428 1646 καὶ
1461 1593 1531 1646 τὰ
1558 1592 1747 1664 ἐφόδια
1775 1593 1966 1665 φέρον-

352 1682 361 1691 ‘
383 1695 476 1741 τις
504 1678 686 1749 (λόγος
704 1681 763 1734 δὲ
789 1683 884 1734 καὶ
905 1681 1106 1744 ταύτας
1130 1683 1272 1753 ὑπὲρ
1296 1683 1395 1747 τὰς
1414 1685 1773 1752 τετρακοσίας
1799 1682 1963 1759 εἶναι)

1270 295 1369 355 DE
1408 295 1853 356 ANDRONICO
1892 290 2354 354 PALrEOLOGO
2390 292 2539 353 LIB.
2582 291 2710 351 VH.

3525 283 3630 347 C62

1982 414 2025 469 Α
2052 427 2158 462 νων
2186 410 2266 473 είς
2301 411 2479 480 φυγὴν
2506 408 2849 480 τραπέντων,
2882 404 3084 475 πολλὴν
3111 403 3263 458 λείαν
3297 379 3639 473 ἐξηνδραπὸ-

2059 500 2236 555 δισαν.
2290 499 2401 554 Καὶ
2459 501 2557 563 τὰς
2608 500 2668 553 ἐν
2718 496 2906 571 ἡλικίᾳ
2957 497 3223 563 γυναῖκας
3271 495 3366 549 καὶ
3414 495 3633 563 λάφυρα

2060 586 2382 659 ληῖσάμενοι
2434 589 2492 652 ἐς
2534 588 2750 659 ἡμέρας
2798 585 3286 655 ἐλαφυροπῶλουν.
3344 585 3633 640 Εἰσϐαλεϊν

2060 681 2309 734 ἐντεῦθεν
2359 682 2457 734 καὶ
2487 681 2544 743 ἐς
2583 678 2899 748 Ὀρεστιάδα
2930 680 2995 732 ὲκ
3037 676 3131 731 τοῦ
3164 677 3425 746 αίφνηδδν
3466 678 3637 743 ἔγνω-ν

2064 789 2184 835 σαν,
2218 771 2306 826 ἵνα
2340 772 2625 841 γεγονότες
2654 770 2845 840 πρῶτα
2880 769 2979 836 μὲν
3006 767 3065 834 ἐξ
3093 768 3428 830 ἀτασθαλίας
3466 769 3635 835 τόσης

2063 862 2343 933 ἀμπέλους
2379 863 2477 934 μὲν
2499 862 2796 923 κατέκλων,
2836 860 2965 932 λήϊα
2993 859 3049 913 δὲ
3078 860 3246 930 μήπω
3276 860 3636 930 παρηϐηκότα

2066 953 2278 1022 πικρῶς
2305 952 2629 1024 ὲξεθέριζον.
2674 953 3023 1021 Ἐντυχόντες
3064 952 3122 1004 δὲ
3153 952 3247 1005 καὶ
3281 950 3358 1021 τῷ
3384 953 3505 1005 κατ’
3537 953 3638 1006 αὐ-

2062 1043 2161 1114 τὴν
2186 1044 2437 1115 ἐμπορίῳ
2475 1043 2880 1116 πυρποληθέντι
2911 1046 2974 1113 τῇ
3011 1043 3316 1114 προτεραίᾳ
3350 1043 3446 1097 καὶ
3486 1044 3638 1114 παρὰ

2063 1135 2171 1187 τῶν
2198 1135 2432 1188 ἐποίκων
2451 1137 2579 1206 πρὶν
2606 1135 2801 1198 αὐτοὺς
2822 1134 3118 1193 εἰσϐαλεῖν,
3139 1135 3232 1186 καὶ
3258 1135 3321 1187 ἐκ
3341 1133 3434 1187 τοῦ
3458 1136 3639 1205 ῥᾷστα

2064 1226 2450 1295 κατασχόντες,
2500 1226 2714 1279 ἐκεῖθεν
2766 1225 2907 1278 κατὰ
2938 1224 3030 1278 τοῦ
3072 1225 3301 1289 ἄστεως,
3336 1224 3414 1288 ὡς
3463 1221 3634 1296 εἶχον,

2062 1315 2505 1386 ἠκροϐολίζοντο.
2547 1317 2692 1370 Ἀλλ’
2726 1317 2775 1370 οἱ
2803 1316 2948 1386 ἀμφὶ
2977 1315 3069 1368 τὸν
3097 1315 3400 1386 πιγκέρνην
3432 1317 3638 1384 Ἀγγε-

2065 1408 2159 1461 λον
2202 1406 2297 1461 καί
2327 1425 2392 1476 γε
2421 1408 2512 1461 τὸν
2549 1408 2843 1478 Σκουτέριν
2895 1405 3146 1476 Χοῦμνον
3193 1406 3642 1476 προτερήσαντες

2064 1501 2164 1570 τῆς
2194 1500 2376 1572 μάχης
2404 1499 2653 1569 ε’σῆλθον
2673 1498 2735 1552 τὸ
2761 1498 2917 1561 ἄστυ,
2944 1497 3039 1551 καί
3064 1514 3168 1549 που
3197 1496 3330 1567 περὶ
3356 1502 3484 1562 τοὺς
3507 1510 3645 1555 πενο’

2065 1593 2310 1661 τήκοντα
2338 1591 2432 1644 καὶ
2461 1591 2659 1645 ἑκατὸν
2688 1590 3057 1662 ἀπῳκηκότας
3088 1588 3147 1654 ἐξ
3174 1589 3441 1661 ἀνατολῆς
3467 1608 3643 1646 κατα.

2065 1682 2325 1746 λαϐόντες
2362 1684 2482 1737 ἐκεῖ
2524 1688 2622 1737 σὺν
2648 1681 2882 1745 τούτοις,
2914 1681 2990 1746 ὡς
3018 1680 3270 1747 δυνατὸν,
3302 1681 3401 1752 τὴν
3426 1681 3643 1753 ,ἐνδεχο-

382 1768 492 1839 δλῳ
516 1748 724 1843 ῥυτῆρι
767 1772 935 1842 ὁμόσε
963 1776 1075 1835 τοῖς
1104 1748 1346 1835 Ἀλανοῖς
1380 1748 1571 1844 ᾔεσαν.
1598 1776 1708 1829 Καὶ
1742 1775 1805 1844 δὴ
1842 1748 1962 1849 περί
1994 1748 2038 1803 Β
2068 1772 2237 1843 μένην
2297 1773 2620 1844 ἐπιμέλειαν
2677 1774 2961 1827 ἑποιοῦντο
3021 1773 3115 1827 καὶ
3162 1774 3239 1846 ὼς
3299 1748 3446 1843 εἶχον
3511 1748 3642 1836 10b:

386 1876 493 1914 που
527 1860 630 1925 τὰς
677 1862 929 1925 εἰσϐολὰς
957 1862 1056 1934 τῆς
1097 1864 1204 1918 τῶν
1235 1864 1557 1934 Βουλγάρων
1605 1866 1959 1930 ἐπικρατείας
2061 1864 2316 1928 ἐπιόντας
2345 1864 2635 1936 ἠμύνοντο.
2673 1866 2737 1919 Οἱ
2764 1863 2820 1917 δὲ
2847 1865 2932 1934 ἐφ’
2964 1865 3203 1935 ἡμέραις
3227 1863 3373 1918 ὀκτὼ
3395 1864 3641 1935 σφοδρῶς

389 1952 813 2017 καταλαϐόντες,
866 1954 1045 2024 μάχην
1073 1956 1370 2023 στήσαντες
1413 1955 1688 2026 κρατερὰν
1716 1957 1961 2021 ’Δλανοϊς

387 2043 484 2097 καὶ
508 2044 696 2108 αὐτοῖς
723 2046 848 2109 ταῖς
878 2046 1001 2099 καθ’
1033 2048 1261 2110 ἑαυτοὺς
1290 2047 1645 2118 ἁρμαμάξαις
1668 2032 1966 2119 ὠχυρωμέ-

386 2151 504 2198 νοις
534 2137 821 2207 ἐμάχοντο.
866 2137 1029 2191 Ἀλλὰ
1059 2138 1246 2191 πολλοὶ
1279 2139 1378 2208 μὶν
1410 2137 1635 2192 ἐκείνων
1666 2141 1965 2211 στήσαντες

388 2227 493 2296 τῆς
532 2226 775 2295 ἁγενοῦς
817 2229 1113 2297 φιλοζωῖας
1165 2228 1368 2298 εὐκλεῆ
1424 2228 1655 2283 θάνατον
1693 2229 1963 2299 ἀντηλλά-

391 2320 584 2386 ξαντοο
625 2320 781 2375 αὐτοὶ
812 2320 872 2374 δὲ
918 2322 1147 2383 πολλοὺς
1196 2320 1584 2384 ἀποϐαλόντες,
1620 2322 1713 2375 καὶ
1762 2320 1964 2392 μᾶλλον

392 2409 489 2463 τοῦ
523 2410 819 2481 Περσικοῦ,
857 2410 1012 2474 τέλος
1058 2415 1125 2482 τῇ
1163 2413 1311 2483 μάχῃ
1340 2413 1805 2483 εὐημερήσαντες,
1844 2412 1969 2476 ἑξατ-

395 2501 749 2556 ναλωοέντων
775 2504 889 2566 τοῖς
918 2503 1162 2565 Ἀλανοῖς
1187 2503 1298 2557 τῶν
1331 2503 1550 2572 κούφων
1583 2503 1755 2574 βελῶν
1782 2502 1981 2556 κάκείε

573 2684 662 2740 49.
704 2682 983 2750 Ezpeditio
1014 2682 1469 2754 Amogabarornm
1495 2684 1551 2738 in
1570 2682 1791 2738 Alanos.

406 2808 415 2813 -
471 2774 609 2830 Dum
644 2775 762 2830 haec
800 2777 877 2831 ita
919 2776 1070 2830 varie
1124 2783 1410 2846 parantur,
1472 2777 1729 2831 Romamn
1804 2776 1974 2845 copiae

399 2875 557 2923 tanto
589 2867 782 2937 majori
832 2868 1113 2923 hostilium
1166 2867 1508 2923 multitudini
1538 2884 1662 2924 sese
1696 2879 1883 2924 contra
1918 2869 1972 2922 in

398 2976 596 3029 campo
653 2959 799 3019 haud
832 2963 1078 3016 valentes
1134 2975 1436 3030 opponere,
1466 2964 1665 3030 partim
1698 2962 1803 3017 sub
1834 2960 1976 3017 duce

399 3052 630 3118 .‘llarule,
658 3052 856 3121 partim
893 3052 998 3107 sub
1037 3052 1539 3121 Atigttstojuniorc,
1582 3052 1717 3107 locis
1753 3068 1813 3108 se
1862 3055 1973 3109 situ

402 3143 719 3209 inaccessis,
760 3144 939 3199 valida
978 3143 1140 3197 etiam
1196 3145 1421 3199 munitae
1473 3146 1975 3201 circumvallatione

400 3236 781 3292 continebant.
801 3235 1105 3305 imperator
1133 3243 1312 3290 autem
1343 3237 1529 3292 senior
1565 3237 1751 3293 urbem
1783 3245 1976 3309 tenens

397 3327 691 3382 emittebat
725 3326 853 3382 inde
881 3327 975 3397 qui
1008 3337 1224 3397 segetes
1247 3328 1301 3383 in
1335 3328 1484 3399 agris
1514 3327 1642 3385 falci
1694 3329 1810 3399 jam
1854 3344 1976 3385 Ina-

397 3423 582 3482 .turas,
618 3432 689 3473 ne
752 3419 1079 3488 prodessent
1139 3421 1417 3489 hostibus,
1456 3427 1516 3475 ut
1580 3420 1771 3492 opinio
1834 3431 1975 3488 erat,

404 3510 856 3593 adventantibus,
918 3524 1353 3580 corrumperent.
1406 3512 1731 3583 Quanquam
1786 3515 1868 3570 vel
1928 3517 1979 3572 si

408 3602 595 3656 nullus
626 3603 979 3658 adversarius
1019 3605 1252 3666 veniret,
1304 3603 1567 3674 periturae
1621 3605 1980 3663 nihilominus

407 3694 515 3748 illa:
555 3693 779 3748 fuerant
831 3693 1050 3749 defectu
1091 3695 1413 3750 colonorum
1471 3695 1567 3766 qtti
1617 3697 1980 3767 colligerent:

406 3793 560 3838 tanta
594 3785 739 3838 enim
772 3793 893 3839 erat
921 3785 1143 3840 rusticae
1179 3786 1352 3856 plebis
1382 3787 1658 3855 prioribus
1710 3789 1985 3846 incursio-
2030 3850 2035 3854 ,

407 3876 576 3931 nibus
635 3885 851 3946 strages
912 3876 1081 3941 facta,
1142 3887 1204 3934 ut
1235 3894 1301 3934 ex
1365 3880 1650 3946 responsis
1716 3881 1983 3950 hostium,

410 3964 875 4034 interrogatorum
907 3975 1041 4036 quat
1070 3968 1312 4037 quisque
1362 3969 1723 4037 trucidasset,
1755 3972 1987 4029 elicere-

411 4064 503 4111 tur
534 4058 778 4127 quinque
804 4057 998 4113 saltem
1030 4059 1392 4129 agricolarum
1424 4062 1597 4116 millia
1644 4077 1752 4118 non
1788 4079 1987 4135 magno

408 4148 517 4204 loci
548 4158 604 4205 et
624 4150 891 4218 temporis
904 4149 1080 4219 spatio
1107 4151 1279 4206 videri
1299 4150 1445 4207 ferro
1471 4153 1652 4208 hostili
1696 4156 1987 4212 cecidisse.

412 4241 595 4308 Atque
623 4240 783 4295 istam
809 4244 938 4293 tunc
955 4241 1173 4309 quidem
1203 4241 1507 4310 imperator
1526 4243 1650 4296 belli
1679 4245 1987 4301 sustinendi

406 4332 682 4385 rationem
717 4330 938 4396 inierat,
982 4345 1081 4398 pro
1114 4339 1356 4399 tempore
1410 4332 1708 4389 arbitratus
1760 4336 1986 4392 consul-

2064 1954 2623 2025 tat1t0épav0t0t’idtv
2650 1956 2748 2026 τῆς
2776 1955 2903 2010 καθ’
2935 1957 3151 2027 ἡμέραν
3177 1957 3356 2027 μάχης
3381 1955 3640 2025 ἠφίεσαν.

2076 2044 2465 2108 Ἀπαιτοῦντες
2493 2046 2550 2100 δὲ
2585 2045 2683 2101 καὶ
2715 2047 2783 2101 τὰ
2807 2046 2902 2099 τοῦ
2931 2032 3211 2116 Καίσαρος
3236 2047 3373 2099 ὀστᾶ
3396 2047 3492 2098 καὶ
3515 2044 3647 2108 τοὺς

2066 2135 2150 2190 ἔτι
2202 2138 2498 2207 περιόντας
2539 2138 2649 2192 τῶν
2694 2139 3047 2202 Κατελάνων,
3081 2138 3197 2191 ὅσοι
3250 2136 3358 2190 τῶν
3405 2137 3646 2191 ἁλόντων

2064 2228 2162 2281 τοῦ
2204 2228 2552 2300 Ῥοντζερίου
2583 2229 2939 2309 φονευθέντος
2969 2227 3253 2298 Καίσαρος
3282 2225 3647 2296 κατελείφθη-

2067 2334 2193 2381 σαν,
2231 2318 2361 2390 περί
2392 2336 2493 2373 που
2523 2322 2652 2384 τοὺς
2695 2318 2900 2373 εἴκοσιν
2928 2316 3438 2386 ὲναπολειφθέντας,
3469 2318 3518 2370 εί
3546 2314 3649 2372 καὶ

2066 2410 2128 2462 τὸ
2158 2409 2294 2463 ἄστυ
2323 2412 2638 2483 παραδοῖεν,
2666 2412 2910 2481 ,ἔφασκον
2944 2410 3110 2479 μηδὲν
3143 2408 3312 2480 ἄχαρι
3337 2408 3646 2466 πείσεσθαι.

2076 2498 2171 2562 Ὠς
2198 2500 2246 2553 δ’
2278 2502 2371 2554 ἐπὶ
2399 2501 2594 2573 μηδενὶ
2620 2501 2746 2564 τοὺς
2774 2500 2923 2564 ἐντὸς
2954 2500 3268 2571 πειθηνίους
3291 2494 3462 2571 εἶχον,
3494 2500 3651 2572 ἐνερ-

2073 2675 2228 2730 multi
2261 2677 2463 2746 quippe
2510 2691 2576 2732 ex
2621 2675 3018 2743 Amogabarica
3084 2688 3306 2745 quoque
3366 2673 3488 2730 acie
3519 2674 3650 2730 caesi

2073 2773 2226 2828 sunt,
2260 2770 2564 2837 prresertim
2596 2767 2818 2823 Persae:
2848 2782 2973 2820 nam
3005 2766 3058 2821 in
3091 2767 3191 2823 bos
3214 2764 3340 2819 belli
3368 2764 3452 2821 vis
3475 2765 3650 2835 major

2073 2855 2342 2912 incubuit.
2376 2856 2618 2912 Tandem
2663 2857 2956 2911 exinanitis
3014 2855 3289 2926 pharetris
3326 2854 3649 2919 Alanorum,

2076 2964 2178 3004 nec
2235 2949 2304 3003 iis
2334 2952 2562 3020 sagittas
2587 2950 2724 3020 jam,
2783 2951 2985 3019 quibus
3038 2954 3168 3005 sunt
3205 2948 3649 3009 exercitatissimi

2081 3041 2387 3105 mittendis,
2418 3057 2554 3112 quas
2610 3041 2663 3096 iu
2701 3041 2911 3096 hostem
2970 3041 3354 3112 iacularentur
3398 3041 3652 3098 babenti-

2078 3134 2202 3198 bus,
2235 3149 2356 3190 sors
2397 3133 2511 3188 ﬂeri
2549 3135 2741 3189 melior
2799 3133 3261 3203 Amogabarorum
3287 3135 3477 3204 erepit,
3512 3148 3653 3205 quos

2077 3222 2207 3280 fassi
2242 3226 2479 3281 victores
2515 3223 2638 3294 fuga
2672 3225 2874 3300 passim
2903 3225 3078 3280 effusa
3109 3225 3249 3282 versi
3280 3225 3440 3281 Alani
3497 3236 3650 3291 sunt,

2077 3317 2308 3371 multam
2358 3325 2414 3371 et
2462 3317 2779 3385 opulentam
2821 3331 3002 3372 rerum
3039 3331 3104 3372 ac
3150 3332 3443 3387 corporum
3483 3318 3654 3376 relin-

2080 3419 2310 3479 quentes
2338 3410 2600 3477 praedam.
2628 3409 2747 3476 Qua
2805 3412 2988 3465 hostes
3036 3411 3391 3480 sublegenda,
3424 3426 3656 3483 congre-

2078 3501 2383 3569 gandisque
2416 3517 2479 3556 ac
2505 3503 2805 3571 partiendis
2859 3502 3003 3556 inter
3037 3516 3094 3557 se
3117 3502 3368 3572 captivis,
3418 3504 3656 3559 maxime

2081 3591 2406 3646 mulieribus
2500 3590 2746 3645 ﬂorentis
2832 3591 3033 3655 atatis,
3087 3591 3204 3646 dies
3287 3591 3494 3661 aliquot
3573 3590 3659 3647 in-

2085 3690 2458 3750 sumpserunt.
2515 3680 2890 3736 Decreverunt
2920 3680 3051 3735 inde
3104 3679 3405 3751 improviso
3451 3680 3658 3739 adoriri

2085 3772 2454 3836 Orestiadem,
2485 3773 2708 3843 quando
2738 3788 2925 3828 eorum
2979 3780 3131 3827 tanta
3188 3772 3401 3827 exstitit
3453 3774 3659 3833 rabies.

2085 3874 2149 3921 ut
2185 3874 2300 3922 toto
2329 3867 2448 3937 ejus
2475 3866 2623 3921 urbis
2654 3865 2929 3921 territorio
2958 3865 3145 3920 vineas
3177 3864 3442 3921 diffractis
3504 3867 3662 3922 avul-

2089 3958 2276 4028 sisque
2329 3958 2730 4025 pessundarent
2777 3957 3002 4020 vitibus,
3039 3963 3254 4026 segetes
3285 3967 3465 4011 autem
3515 3971 3662 4013 non-

2089 4051 2217 4105 dum
2280 4049 2442 4118 plane
2477 4057 2745 4115 maturas,
2775 4049 2856 4104 sic
2886 4056 2947 4102 ut
3001 4056 3158 4104 erant
3203 4050 3435 4117 acerbae,
3472 4050 3663 4104 deme-

2088 4151 2291 4199 terent.
2327 4141 2607 4198 lrruentcs
2658 4142 2784 4198 inde
2814 4142 2866 4199 in
2900 4141 3223 4197 suburbium
3280 4143 3663 4199 commutatiov

2090 4234 2249 4289 nibus
2275 4249 2458 4288 rerum
2493 4233 2767 4289 venalium
2805 4233 3105 4294 addictum.
3157 4232 3571 4302 emporiumque
3594 4246 3665 4293 ex

2090 4342 2157 4382 eo
2181 4334 2456 4392 vocatum,
2489 4325 2576 4380 cui
2608 4324 2787 4394 pridie
2811 4325 2958 4379 cives
2989 4324 3087 4394 ipsi
3122 4324 3299 4393 ignem
3335 4322 3661 4390 injeceraut,

410 4422 704 4477 tissimam.
738 4421 1033 4491 Turcopuli
1093 4430 1275 4477 autem
1329 4438 1453 4478 cum
1503 4424 1648 4492 aliis,
1716 4440 1856 4495 quos
1920 4420 2162 4491 abDne
2217 4419 2489 4485 integrum
2530 4426 2901 4487 occuparetur
2961 4416 3028 4470 ab
3058 4416 3309 4469 hostibus
3364 4413 3553 4479 veriti,
3598 4429 3676 4470 eo.

407 4514 574 4585 603
606 4515 676 4569 iis
706 4515 946 4570 diximus
1004 4514 1059 4568 in
1115 4514 1326 4570 consilii
1361 4517 1724 4586 persequendi
1780 4519 1987 4575 Alanos

406 4606 735 4661 societatem
777 4614 1008 4667 tractos,
1047 4620 1262 4660 summa
1328 4605 1676 4663 festinatione
1706 4616 1830 4678 post
1893 4626 1988 4666 eos

413 4694 589 4759 ibant,
620 4695 1019 4750 commeatibus
1054 4704 1110 4749 et
1144 4697 1370 4765 propria
1441 4698 1714 4768 cujusque
1746 4702 1992 4771 supelle.

410 4787 525 4842 ctili
558 4788 821 4857 plaustris
857 4803 964 4842 uua
995 4789 1173 4843 ductis
1206 4790 1500 4856 impositis.
1532 4789 1784 4847 Plaustra
1828 4809 1991 4864 porro

408 4879 516 4933 ista
552 4879 692 4933 fama
745 4885 864 4932 erat
895 4879 1422 4949 quadringentorum
1483 4896 1767 4937 numerum
1825 4898 1990 4937 exce-

412 4971 566 5026 dere.
608 4968 982 5025 Perveneram
1016 4971 1127 5040 jam
1161 4970 1316 5024 Alani
1350 4980 1660 5039 prreeuntes
1697 4991 1875 5045 usque
1921 4975 1991 5030 ad

418 5064 655 5119 conﬁnia
700 5072 757 5117 et
816 5063 1022 5131 primos
1081 5062 1249 5117 ferme
1279 5065 1462 5119 aditus
1518 5064 1804 5133 Bulgaria,
1862 5050 2055 5123 cum".

415 5170 515 5209 eos
548 5155 642 5224 qui
680 5158 1154 5222 persequebantur
1179 5167 1570 5223 assequuntur.
1606 5156 1682 5210 ibi
1739 5159 1986 5226 praelium

415 5259 552 5300 Sane
584 5261 708 5297 acre
764 5245 1120 5299 rorumissum
1148 5253 1254 5309 est,
1274 5246 1461 5301 Alanis
1496 5247 1698 5314 pariter
1760 5263 1789 5302 ε
1836 5249 1992 5318 plan-

419 5339 574 5399 stris,
609 5338 852 5408 qualium
890 5345 945 5391 et
976 5338 1078 5406 ipsi
1141 5352 1393 5406 magnam
1456 5339 1726 5394 habebant
1777 5341 1990 5409 capiam

418 5430 726 5495 iisdemque
785 5444 885 5500 pro
952 5430 1093 5483 vallo
1162 5430 1477 5491 utebantur,
1537 5430 1627 5484 diu
1697 5432 1993 5487 fortissime

418 5522 825 5577 resistentibus.
866 5519 972 5576 Sed
1002 5531 1057 5576 et
1089 5521 1241 5576 multi
1299 5536 1488 5577 eorum
1515 5533 1667 5577 extra
1727 5524 1992 5578 munitio-

400 5630 550 5669 .uem
578 5616 632 5667 in
660 5629 817 5684 atquo
839 5622 1050 5669 stantes
1092 5613 1288 5682 ignavo
1319 5615 1445 5669 vita:
1472 5612 1645 5668 atuori
1695 5614 1987 5681 gloriosam

423 5721 490 5761 co
518 5705 608 5762 die
634 5715 862 5763 mortem
892 5712 1286 5778 prmoptarunt.
1308 5702 1476 5761 Neoii
1510 5705 1668 5764 inulti
1695 5689 1943 5763 cecidero
1977 5721 1992 5769 ;

2094 4509 2255 4564 facile
2281 4508 2439 4578 potiti
2476 4508 2607 4564 totis
2644 4508 2769 4563 inde
2793 4508 3003 4563 viribus
3036 4507 3225 4562 urbem
3251 4505 3664 4577 oppugnabant,

2097 4602 2218 4657 telis
2255 4603 2490 4656 maxime
2521 4603 2573 4655 in
2630 4612 3038 4673 oppugnatores
3066 4599 3274 4668 -jactis.
3306 4601 3373 4652 At
3407 4599 3666 4667 pinccrna

2097 4693 2336 4764 Angelus
2387 4702 2443 4749 et
2479 4694 2725 4749 Scuteris
2781 4694 3066 4751 Cbumnus
3100 4693 3263 4760 paulo
3310 4691 3462 4760 prius
3499 4706 3665 4761 quam

2097 4794 2243 4840 esset
2298 4784 2629 4855 oppugnatio
2682 4793 2885 4854 empta,
2941 4782 3184 4838 collectis
3241 4797 3427 4836 secum
3496 4780 3669 4838 ferme

2097 4886 2315 4931 centum
2340 4875 2738 4947 quinquaginta
2774 4874 2881 4928 illic
2904 4873 3070 4947 εοε,
3100 4873 3329 4942 repertis
3372 4887 3436 4925 ex
3468 4870 3667 4928 Orien-

2098 4968 2193 5022 tali
2232 4967 2546 5022 continente
2573 4966 2834 5035 profugis,
2873 4981 2998 5018 Clllll
3030 4964 3115 5018 Itis
3150 4964 3379 5033 ingrcssi
3417 4962 3666 5020 Oroatia—

2096 5058 2219 5112 dem
2275 5060 2325 5111 ei
2390 5058 2605 5117 tuenda:
2648 5072 2745 5124 pro
2797 5054 2939 5108 virili
2997 5055 3371 5122 attendebant,
3455 5055 3672 5111 fortiter

2097 5150 2420 5221 repellendis
2452 5147 2745 5203 assultibus
2805 5145 3067 5205 hostium.
3100 5146 3204 5213 Qui
3232 5156 3355 5217 post
3386 5149 3500 5203 dies
3545 5158 3671 5204 octo

2099 5241 2382 5295 acerrima:
2432 5238 2526 5294 sed
2563 5251 2787 5307 prorsus
2837 5236 3006 5291 iri-itte
3039 5237 3479 5306 oppugnationis,
3515 5235 3674 5307 pelli-

2099 5331 2313 5386 ciendis
2331 5331 2397 5384 ad
2421 5330 2747 5389 deditionem
2773 5343 2913 5397 quos
2929 5343 3241 5400 expugnare
3270 5328 3671 5397 nequivissent,

2103 5425 2203 5479 has
2233 5423 2578 5478 conditiones
2613 5419 2961 5479 oﬂercbant:
3001 5422 3360 5477 redderentur
3387 5420 3489 5475 sibi
3547 5432 3672 5475 ossa

2101 5514 2333 5571 Ca'saris
2363 5514 2667 5577 Rnutzerii,
2702 5523 2757 5566 et
2793 5513 2980 5582 viginti
3031 5512 3273 5575 circiter,
3309 5519 3437 5581 quot
3495 5510 3673 5565 adhuc

2102 5609 2156 5663 in
2187 5606 2327 5663 vivis
2355 5607 2564 5664 servari
2622 5607 2961 5671 ferebantur,
2993 5620 3058 5661 ex
3114 5602 3373 5674 profectis
3432 5616 3555 5657 cum
3605 5615 3674 5657 eo

2105 5701 2322 5768 qttando
2353 5709 2435 5757 cst
2467 5715 2784 5775 opprcssns,
2812 5697 3089 5770 Calcianis
3124 5694 3447 5753 comitibus:
3485 5692 3674 5757 urme
