4046 6392
496 325 601 387 {‘63

1720 334 2033 394 GEORGII
2073 335 2554 400 PACHYMERIE

3609 343 3701 407 ιιι
3780 310 3787 318 ’

494 444 756 513 γέστερον
803 444 1177 515 ἔπολιόρκουν.
1223 448 1336 501 Καὶ
1361 449 1427 501 τὰ
1470 450 1567 519 μὲν
1604 450 1793 520 πρῶτα
1844 451 1943 521 τὴν
1972 450 2063 504 τοῦ
2096 455 2141 513 Α
2174 454 2410 510 Καλλίου
2463 456 2793 528 βαδίζουσιν.
2856 458 3237 528 Διδυμοτείχου
3291 458 3384 511 καὶ
3429 458 3543 512 li.»
3588 450 3705 513 ἀπέ-

497 528 722 603 Βαρέως
773 534 916 588 οὕτω
972 535 1152 606 πύλην
1210 539 1577 609 καλουμένην,
1640 540 1751 609 πῦρ
1806 543 2060 604 ἐνιέντες,

497 624 870 695 πυρπολοῦσιν
912 628 991 688 εἰς
1021 628 1207 691 τέλος·
1239 630 1317 694 ὡς
1358 630 1402 683 δ’
1434 630 1646 684 ἔνδοθεν
1680 634 1773 685 καὶ
1814 631 1952 702 αὕτη
1991 633 2065 703 τῷ

497 722 564 773 ὲκ
596 722 813 792 πετρῶν
840 724 1153 791 τειχεσματι
1182 725 1644 794 περιεφράγνυτο.
1674 727 2069 796 ἀμηχανήσαν-

495 828 591 874 τες
640 811 918 875 ἑλεπόλεις
957 815 1158 867 ἱστᾶσι.
1195 815 1303 870 Καὶ
1353 815 1655 885 μηχάνημά
1688 833 1739 868 τι
1788 816 2067 886 πολιορκι-

501 905 619 968 κδν,
670 905 1099 976 προωθουμένην
1133 907 1432 971 εὐκινήτως
1471 906 1555 978 [Ρ.
1601 907 1728 978 422]
1770 907 2071 977 ὑπότροχον

499 990 1031 1066 κλίμακα,’-βύρσαις
1063 998 1201 1067 βοῶν
1234 998 1302 1051 δι’
1327 999 1447 1053 ὅλου
1477 1000 1920 1069 κεκαλυμμένην,
1954 999 2069 1064 ἑξε-

497 1087 863 1156 τοιμάσαντες
896 1090 1035 1158 πρὸς
1058 1092 1170 1150 τοῖς
1201 1090 1436 1157 τείχεσιν
1464 1092 1647 1150 ἴστων,
1681 1093 1773 1144 καὶ
1797 1092 1922 1153 τοὺς
1952 1093 2071 1144 ἐπιο

499 1180 840 1250 δησομένους
889 1180 1209 1251 ἐξώτρυνον.
1246 1178 1355 1235 Ἦν
1388 1183 1429 1235 δ’
1463 1184 1519 1236 ὲν
1552 1186 1734 1246 αὐτοῖς
1767 1184 1861 1237 καὶ
1900 1187 1927 1238 ὁ
1959 1184 2070 1237 «ba-

502 1271 665 1336 ρέντα
718 1272 933 1341 Τζιμῆς
966 1274 1209 1341 σημαίαν
1262 1276 1382 1335 ταῖς
1417 1276 1573 1347 χερσὶ
1630 1274 1812 1346 φέρων
1863 1276 1959 1329 καὶ⁵
2012 1274 2072 1342 ἐξ

498 1365 676 1435 ἄκρας
737 1365 978 1435 κορύζης
1040 1366 1145 1437 ρὴξ
1208 1365 1309 1435 μὲν
1369 1366 1620 1430 Σικελίας
1674 1366 2069 1437 φημιζὸμενος,

499 1455 723 1519 εὔελπις
753 1455 829 1508 ὣν
855 1457 946 1509 καὶ
971 1458 1066 1510 ἐπὶ
1091 1458 1157 1526 τῇ
1182 1456 1379 1511 ἁλώσει
1409 1458 1531 1512 ὅσον
1556 1458 1710 1517 οὔπω
1734 1458 1829 1512 τοῦ
1857 1459 2069 1520 ἄστεος.

512 1545 606 1599 Ἐκ
638 1546 822 1615 χειρὸς
844 1546 1025 1611 τοὶνυν
1056 1549 1407 1616 καταστάσης
1448 1549 1547 1619 τῆς
1578 1548 1757 1619 μάχης
1782 1551 1877 1603 καὶ
1907 1551 2076 1620 ἀναῤ-

502 1630 821 1699 ριχωμένων
870 1631 973 1701 ἢδη
1003 1633 1113 1685 τῶν
1160 1632 1537 1704 θερμοτέρων,
1569 1636 1619 1687 οἱ
1647 1636 1798 1700 ἐντὸς
1839 1637 2072 1690 ἀντιπα-

500 1718 838 1790 λαμὼμενοι,
871 1720 1026 1774 κίονα
1063 1727 1285 1792 μακρὰν
1325 1723 1865 1795 ύπαναὸιὸασάμενοῖ
1891 1741 1948 1777 τε
1984 1724 2076 1777 καὶ

2171 565 2360 618 σχοντο
2383 564 2398 579 ⁸
2443 551 2538 603 καὶ
2570 551 2678 622 γὰρ
2715 553 2744 605 ό
2777 549 3028 620 βασιλεὺς
3065 550 3278 622 Μιχαὴλ
3326 550 3529 603 ἐκεῖθεν
3563 550 3708 619 ἐξώρ-

2172 655 2312 710 μησε
2345 640 2440 693 καὶ
2476 640 2607 712 περὶ
2637 642 2737 713 τὴν
2774 642 3001 714 Μὸῥραν
3030 642 3291 711 διέτρισε.

2171 750 2238 806 κ’.
2268 754 2596 825 Καταγωγὴ
2632 756 2734 812 καὶ
2762 757 2936 836 αὖθις
2967 755 3089 836 τᾶργ-
3112 758 3178 823 sc
3210 754 3434 823 Λὰζους
3462 758 3711 827 ἀναχθει-

2779 842 2911 881 σων
2940 842 3127 894 νηων.

2245 918 2386 989 Πρὶν
2415 918 2461 972 δ’
2493 918 2692 982 αὐτοὺς
2739 918 2856 973 ἐκεῖ
2879 919 3269 990 παραγγεῖλαι.
3316 921 3437 975 ἐπεὶ
3469 920 3557 974 καὶ
3582 923 3634 974 αἱ
3662 922 3715 975 ὲκ

2172 1008 2438 1071 Γεννούας
2475 1009 2600 1077 νῆες
2632 1012 2697 1064 ἑκ
2721 1011 3128 1077 Τραπεζοῦντος
3155 1012 3249 1065 καὶ
3283 1012 3394 1065 τῶν
3422 1013 3529 1067 ἄνω
3558 1013 3715 1066 τόπων

2173 1096 2486 1166 κατάρασαι
2531 1098 2834 1168 προσέσχον
2857 1102 2922 1167 τῇ
2963 1101 3375 1153 Κωνσταντίνου
3407 1102 3495 1154 καὶ
3522 1102 3615 1171 ἢδη
3646 1103 3715 1152 ἐπ’

2173 1189 2326 1242 οἴκου
2359 1188 2584 1257 ῑμιλλον
2607 1189 2870 1242 ἀποπλεῖν
2902 1190 3046 1260 (οὐδὲ
3075 1191 3187 1259 γὰρ
3221 1190 3398 1245 ἐδόκει
3426 1191 3502 1261 τῷ
3536 1191 3719 1261 βασιλεῖ

2176 1280 2586 1351 παρακατέχειν
2635 1282 2775 1350 σφᾶς
2817 1281 2960 1333 κατὰ
3003 1281 3361 1352 συμμαχίανσ
3407 1282 3586 1343 αὐτοῖς
3630 1281 3720 1349 ,μὲν

2177 1374 2285 1444 γὰρ
2309 1374 2409 1427 οὐκ
2434 1368 2501 1443 ἦν
2524 1371 2664 1426 κατὰ
2691 1373 2795 1441 γῆν
2820 1372 3096 1442 πολεμεῖν,
3138 1372 3195 1426 ’Δ
3206 1372 3508 1443 μογάδαροι
3528 1371 3580 1424 δὲ
3607 1388 3719 1424 κατ-

2177 1466 2328 1519 έθεον
2389 1465 2489 1536 τὴν
2551 1465 2882 1535 μεσόγειον),
2921 1471 3057 1528 τέως
3100 1464 3146 1518 δ’
3171 1465 3311 1535 ὅπερ
3340 1461 3409 1535 ἦν
3451 1465 3622 1520 αὐτοῖς
3642 1464 3724 1515 δυ-

2176 1558 2336 1610 νατὸν
2363 1557 2456 1610 καὶ
2479 1554 2556 1624 τῷ
2579 1555 2792 1626 βασιλεῖ
2814 1557 3088 1625 χρήσιμον
3114 1558 3499 1626 κατεφαίνετο,
3527 1554 3726 1621 βασιλέα

2176 1662 2237 1698 τε
2277 1644 2463 1713 ἠξίουν
2514 1644 2654 1712 ὅπερ
2685 1644 2752 1697 ἂν
2803 1643 3046 1712 βούλοιτο
3093 1644 3474 1714 προστάττειν.
3508 1640 3590 1715 [Ρ.
3616 1641 3725 1711 4231

2194 1733 2253 1786 '(l
2279 1733 2335 1787 δὲ
2368 1736 2432 1786 ὲκ
2465 1734 2702 1804 παρόδου
2734 1735 3027 1802 προσσχεῖν
3058 1736 3123 1803 τῇ
3152 1732 3392 1786 Καλλίου
3421 1731 3728 1803 προσέταττε

500 1811 945 1881 προσαράξαντες
988 1813 1052 1866 ἔκ
1091 1812 1187 1866 τοῦ
1221 1814 1500 1885 αἱς-ιηδὸν,
1536 1816 1596 1868 τὸ
1634 1793 1733 1885 μὲν
1777 1816 2075 1887 μηχάνημα
2104 1793 2152 1852 Β
2182 1819 2275 1872 καὶ
2324 1822 2521 1890 πεῖραν
2549 1793 2840 1889 ’προτάξαι
2865 1860 2879 1884 ,
2914 1793 3181 1875 vitandae:
3234 1793 3548 1891 ὑφίσταντο,
3598 1819 3731 1889 παρά

500 1903 848 1965 κατασπῶσι,
882 1904 1092 1967 πάντας
1121 1905 1178 1958 δὲ
1210 1908 1338 1969 τοὺς
1373 1908 1489 1961 ἐκεῖ
1526 1909 2078 1979 μεταχειριζομένους

502 1994 681 2064 φθορᾷ
707 1995 1148 2062 προσεπέλασαν.
1176 1999 1291 2053 Καὶ
1313 1997 1458 2057 οὕτω
1487 2000 1590 2070 μὲν
1618 2001 1947 2069 ἀπογνόντες
1976 2002 2078 2072 τῆς

500 2086 936 2151 ἀπαναστάσεως
986 2088 1273 2157 ᾇπτονται,
1305 2092 1404 2153 οὐκ
1436 2092 1651 2163 ὀλίγους
1697 2093 1899 2167 ἄνδρας
1929 2095 2081 2165 ἀρεῖ-

503 2181 637 2240 κους
678 2179 1067 2243 ἀποϐαλόντες.
1102 2181 1372 2236 Κάκεῖθεν
1402 2184 1702 2255 Παμφύλου
1750 2186 2077 2257 πειρῶνται,

505 2270 671 2323 κάκεῖ
722 2272 792 2325 τὰ
843 2273 1005 2343 ὅμοια
1061 2272 1362 2344 δράσαντες
1415 2278 1513 2332 καὶ
1558 2276 1824 2342 παθόντες
1858 2279 1952 2341 ἐπὶ
1980 2277 2079 2349 τὴν

506 2461 776 2523 praeterea
842 2453 1140 2508 traderent.
1199 2452 1273 2508 Ea
1330 2454 1374 2509 si
1409 2454 1621 2519 flerent,
1682 2455 2081 2527 pollicebantur

508 2543 710 2596 nemini
763 2541 1230 2600 Orestiadeusinm
1294 2548 1591 2616 quidquam
1648 2564 1704 2604 se
1757 2550 1825 2603 de
1875 2560 2081 2604 cmtero

508 2634 777 2690 molestiae
838 2636 1110 2691 illaturos.
1147 2635 1253 2692 Ubi
1316 2649 1497 2695 autem
1554 2642 1749 2697 surdos
1802 2642 1868 2695 ad
1902 2642 2081 2695 omnia

511 2728 767 2784 obsessos
803 2740 1145 2799 repererunt,
1198 2732 1264 2786 ad
1302 2734 1761 2789 vehementiorem
1795 2749 1853 2788 se
1908 2748 2081 2802 oppu-

509 2822 821 2888 gnationem
855 2822 1225 2893 accingentes,
1266 2834 1392 2877 ante
1427 2824 1607 2878 omnia
1638 2832 1873 2892 portam,
1910 2826 1998 2878 cui
2054 2840 2084 2878 a

513 2912 657 2982 Bary
717 2927 813 2969 seu
868 2912 1031 2967 Gravi
1085 2930 1282 2969 nomen
1317 2925 1457 2977 erat.
1505 2918 1626 2986 igne
1655 2916 1856 2983 injecto
1886 2932 2088 2972 consu-

514 3013 670 3058 munt
708 3013 898 3070 totam,
948 3005 1097 3061 aditu
1131 3022 1226 3075 per
1253 3008 1304 3059 id
1344 3009 1540 3062 ostium
1567 3009 1679 3078 jam
1727 3019 1917 3078 patens
1949 3009 2084 3079 ipsis

2178 1927 2343 1964 τινων
2388 1911 2779 1983 εὑαριθμήτων
2812 1912 3217 1983 φυλασσομένη,
3270 1914 3368 1965 καί
3400 1929 3451 1965 τι
3491 1912 3730 1980 γενναῖον.

2182 2003 2231 2055 ei
2260 2002 2565 2073 δυνηθεῖεν,
2601 2003 3075 2074 διαπραξαμένους
3103 2003 3301 2058 ἔπειτα
3344 2005 3622 2057 ἀποπλεῖν.
3657 2002 3733 2062 Ὠς

2183 2089 2320 2158 γοῦν
2354 2092 2681 2162 προσέσχον,
2714 2092 2895 2164 μάχην
2941 2093 3316 2163 συστήσαντες
3350 2093 3412 2146 τὸ
3442 2093 3540 2163 μὲν
3583 2090 3734 2162 ἐμπό-

2178 2186 2300 2253 ‘ptov
2342 2184 2642 2252 πυρπολεῖν
2668 2184 3032 2255 ἐπιχειροῦσι,
3079 2182 3193 2254 πῦρ
3221 2184 3267 2236 δ’
3302 2184 3625 2246 ἑναύσαντες
3656 2180 3735 2235 καί

2182 2289 2305 2325 τινα
2331 2271 2440 2326 τῶν
2469 2273 2614 2343 νηῶν
2648 2273 2979 2345 ἑφορμῶσαν
3000 2272 3078 2345 τῷ
3106 2272 3293 2345 λιμένι
3328 2274 3739 2345 καταφλέξαντες

2185 2449 2420 2505 admissa
2450 2467 2463 2503 :
2500 2448 2648 2503 illinc
2681 2449 2826 2503 enim
2854 2450 3102 2518 erupisse
3133 2466 3255 2506 cum
3291 2467 3458 2507 manu
3490 2450 3656 2507 valida
3680 2448 3737 2503 ad

2186 2558 2304 2608 cos,
2340 2543 2383 2596 si
2437 2558 2502 2595 eo
2533 2543 2675 2594 viain
2732 2552 3086 2608 attentarent,
3122 2546 3443 2614 priusquam
3477 2545 3741 2600 admovere

2186 2650 2247 2690 se
2283 2647 2522 2703 possent,
2557 2636 2846 2691 caedendos
2872 2635 3193 2692 Michaelem
3245 2639 3549 2707 Augustum
3603 2647 3741 2689 acce-

2186 2738 2400 2800 perant,
2441 2728 2543 2782 hac
2592 2729 2708 2798 ipsa
2785 2730 3200 2798 exspectatione
3241 2730 3452 2787 circum
3492 2726 3739 2791 llorrham

2187 2820 2582 2874 coarsidentem.

2188 2932 2280 2988 20.
2321 2932 2592 2989 Secundus
2623 2935 2879 3003 appulsus
2924 2937 2979 2988 in
3020 2935 3200 2990 urbem
3242 2936 3495 2991 reducam
3533 2951 3560 2990 e
3597 2929 3741 2988 Lazis

2663 3004 3019 3059 Gennensium
3056 3006 3291 3061 navium.

517 3096 691 3151 libero
749 3096 956 3159 futuro,
1010 3097 1115 3150 nisi
1157 3099 1303 3152 cives
1333 3109 1809 3169 praeoccupassent
1868 3116 2083 3155 murum
2116 3127 2160 3186 ο
2263 3095 2584 3165 Priusquam
2623 3102 2804 3151 autem
2838 3097 3168 3166 Amogabari
3225 3097 3531 3168 Callipolim
3580 3107 3746 3151 rever-

515 3188 934 3260 intuselapide
993 3198 1259 3245 structum
1316 3190 1448 3258 ipsis
1489 3205 1783 3260 opponere.
1843 3189 1960 3247 Hoc
2013 3191 2088 3245 illi

513 3281 635 3335 viso
696 3266 1052 3350 desperantes
1110 3281 1232 3334 illac
1299 3281 1635 3352 ingressum.
1698 3283 1765 3337 ad
1810 3282 2094 3338 machinas

519 3353 819 3423 moliendas
878 3369 1121 3427 animum
1184 3369 1485 3438 appellunt.
1542 3370 1924 3425 Coustrnctam
1959 3387 2095 3440 ergo

517 3460 710 3512 turrim
740 3458 888 3511 intus
917 3459 1059 3513 scala
1092 3461 1358 3526 perviam,
1387 3459 1644 3527 subjectis
1678 3461 1811 3514 rotis
1842 3461 2093 3514 mobilem

516 3562 572 3605 et
625 3551 837 3604 taurino
888 3550 1130 3606 exterius
1168 3550 1318 3605 corio
1372 3552 1736 3622 undecunque
1775 3562 2093 3622 protectam,

521 3643 693 3703 muris
726 3643 1050 3706 admovent;
1090 3656 1608 3713 conscensurosque
1667 3644 1720 3697 in
1754 3644 1897 3697 illam
1956 3644 2099 3697 mili-

523 3741 627 3800 tes,
664 3745 727 3782 ac
750 3744 845 3799 per
876 3743 995 3783 eam
1027 3744 1237 3784 summa
1274 3731 1563 3800 pinnarum
1598 3732 1753 3789 urbis
1800 3745 2100 3801 occupatu-

521 3838 615 3878 ros
644 3821 708 3874 ad
742 3836 853 3876 rem
882 3829 1105 3886 strenue
1130 3822 1443 3897 gerendam,
1482 3823 1834 3886 adhortantes
1865 3832 1920 3878 et
1961 3839 2098 3893 prte-

522 3915 629 3969 mia
659 3914 965 3985 pollicendo
995 3913 1263 3967 animant.
1297 3912 1588 3971 Eminebat
1644 3917 1785 3970 inter
1840 3916 1940 3971 hos
1973 3917 2099 3971 hor-

488 3996 731 4071 tatores
776 4004 1062 4073 Pharenda
1123 4006 1342 4075 'l’zimes
1372 4008 1624 4062 vexillum
1665 4018 1883 4077 gestans
1934 4008 2102 4069 mani-

523 4105 648 4168 bus,
680 4119 841 4183 quem
878 4103 1152 4174 arrOganti
1185 4103 1421 4159 ludibrio
1450 4103 1869 4159 circumstantes
1899 4101 2099 4158 Sicilia:

529 4212 707 4269 regem
765 4196 1154 4264 prmdlcabaut.
1214 4194 1385 4264 Hujus
1438 4210 1501 4249 ea
1530 4198 1859 4255 cernebatur
1925 4195 2100 4251 conﬁ-

527 4290 709 4345 (lentia
738 4288 1077 4347 contumacis
1111 4289 1249 4353 oris,
1278 4297 1337 4340 ut
1367 4286 1527 4349 facile
1587 4288 1820 4341 sentires
1851 4287 2004 4355 quasi
2035 4288 2101 4341 de

522 4381 632 4446 jam
665 4389 820 4453 capta
872 4381 1045 4448 ipsum
1108 4378 1213 4434 sibi
1277 4378 1503 4439 civitate
1546 4377 1895 4447 applaudcre.
1936 4375 2097 4433 Manu

2196 3186 2413 3251 tissent,
2448 3189 2705 3256 appulere
2752 3188 3283 3257 Constantinopolim
3321 3192 3549 3245 reduces
3576 3188 3745 3243 οτη-

2194 3286 2426 3347 peznnte
2480 3292 2545 3331 ac
2580 3278 2715 3333 locis
2775 3278 3150 3349 superioribus
3182 3278 3554 3336 Genuensium
3597 3287 3747 3331 naves

2193 3384 2328 3439 quas
2358 3385 2423 3423 eo
2454 3369 2727 3438 profectas
2758 3370 3015 3426 diximus.
3069 3368 3161 3425 Ha:
3194 3385 3316 3425 cum
3343 3372 3451 3442 jam
3488 3376 3663 3424 essent
3700 3364 3746 3416 in

2198 3461 2484 3529 procinctu
2512 3461 2757 3517 solvendi
2792 3462 3013 3516 domum
3039 3478 3252 3529 versus,
3295 3463 3558 3533 quoniam
3588 3463 3746 3526 impe-

2197 3564 2348 3606 rator
2399 3553 2784 3615 terrestribus,
2821 3567 2926 3606 non
2966 3554 3256 3606 maritimis
3293 3569 3467 3622 egens
3527 3550 3749 3611 auxiliis,

2196 3643 2386 3709 utique
2481 3643 2747 3697 adversus
2810 3642 3182 3711 Amogabaros
3228 3644 3624 3697 mediterranea
3674 3652 3755 3689 va-

2204 3740 2255 3786 st
2295 3742 2414 3784 utes
2446 3730 2785 3795 (Geuuenses
2836 3740 3015 3784 autent
3075 3733 3413 3787 exscendere
3467 3746 3533 3787 ac
3569 3728 3748 3783 bellum

2201 3833 2346 3876 terra
2409 3837 2602 3890 gerere
2670 3837 2731 3877 se
2789 3823 3057 3890 negabant
3114 3823 3324 3894 posse),
3382 3838 3477 3880 eas
3530 3822 3754 3875 detinere

2202 3914 2269 3969 ad
2331 3912 2432 3968 sibi
2497 3914 2838 3969 militandum
2895 3930 3003 3969 non
3061 3914 3217 3968 duxit
3277 3930 3460 3985 aperte
3517 3912 3754 3982 pretium.

2200 4007 2367 4061 duces
2429 4021 2617 4060 earum
2683 4008 2985 4075 Angustum
3064 4008 3115 4061 iu
3198 4007 3447 4075 digressu
3520 4006 3755 4060 salutan-

2203 4107 2302 4160 tes,
2353 4097 2403 4152 ei
2434 4094 2519 4154 'se
2579 4097 2817 4153 oﬂiciosc
2864 4107 3144 4167 promptos
3198 4098 3508 4152 obtulerunt
3548 4096 3612 4149 ad
3669 4106 3756 4147 na-

2202 4192 2454 4254 vandum,
2514 4190 2559 4243 si
2616 4204 2783 4258 quam
2845 4190 3084 4257 julierct,
3171 4190 3463 4244 militarem
3531 4196 3755 4256 operam.

2201 4280 2295 4336 Ille
2345 4280 2585 4334 ostendit
2650 4290 2866 4347 gratum
2914 4282 3019 4336 sibi
3059 4280 3325 4347 facturos,
3381 4282 3427 4337 si
3462 4281 3757 4351 priusquam

2204 4374 2320 4426 vrla
2379 4370 2621 4426 ficerent
2682 4372 2735 4430 in
2801 4373 3030 4436 Italiam,
3089 4375 3270 4428 obiter
3319 4374 3662 4429 admoverent
3707 4379 3761 4420 sc

527 4474 695 4541 igitur
747 4473 810 4522 ad
871 4470 1009 4523 muri
1069 4468 1325 4529 viciniam
1399 4469 1649 4521 machina
1709 4478 1979 4538 promota,
2035 4482 2101 4530 ac
2134 4458 2179 4512 Ῑ)
2208 4465 2478 4534 Gallipoli.
2513 4474 2567 4519 et
2608 4480 2727 4533 qua:
2751 4465 2860 4520 illic
2890 4481 2949 4520 se
2980 4467 3200 4521 offerret
3230 4469 3304 4520 rei
3355 4469 3491 4521 bene
3532 4458 3764 4541 gerentia?

530 4559 919 4625 fervidioribus
983 4558 1295 4626 quibusque
1350 4557 1465 4626 jam
1504 4572 1664 4629 super
1698 4573 1816 4610 eam
1871 4572 2105 4611 ascensu

529 4664 753 4709 strenuo
817 4659 1128 4720 superatam
1218 4652 1513 4716 stantibus,
1591 4650 1905 4705 defensores
1965 4648 2107 4703 muri

532 4749 745 4817 longam
780 4752 834 4796 et
859 4759 1194 4816 praegravem
1241 4742 1308 4796 ad
1339 4745 1439 4811 hoc
1476 4743 1528 4796 in
1580 4743 1631 4797 id
1667 4740 1941 4812 fastigium
1984 4752 2109 4803 ante

533 4837 803 4891 διιιιιςεῐοιιι
834 4837 1090 4888 deorsum
1132 4833 1444 4891 columnam
1504 4832 1871 4898 devolventes,
1910 4833 2107 4893 turrim

535 4926 717 4981 subito
778 4939 909 4979 casu
940 4921 1196 4987 afﬂictam
1231 4922 1515 4990 dejiciunt,
1560 4921 1723 4993 605
1774 4932 2110 4989 cunctosque

537 5020 590 5072 in
656 5032 717 5082 ea
756 5025 1003 5086 repertos
1048 5014 1325 5079 obterunt,
1357 5014 1495 5067 alios
1550 5028 1767 5090 quoque
1800 5012 2108 5074 universus,

538 5109 629 5177 qui
695 5108 900 5161 circum
930 5121 1126 5176 magno
1179 5106 1421 5179 undique
1481 5118 1709 5159 numero
1771 5103 2113 5170 satagebant,

542 5203 658 5270 pari
690 5200 846 5259 ruina
903 5200 1267 5255 involventes.
1326 5198 1434 5253 lsto
1481 5195 1805 5267 Amogabari
1860 5210 2113 5257 succrssn

543 5294 774 5364 denique
806 5287 1225 5361 persnasi'hand
1258 5304 1481 5353 suarum
1518 5303 1642 5343 csse
1694 5286 1889 5340 virium
1946 5301 2117 5356 expu-

542 5386 854 5457 gnationem
886 5384 1036 5440 urbis
1067 5384 1211 5448 talis,
1241 5382 1416 5438 soluta
1446 5381 1569 5437 inde
1592 5379 1874 5443 obsidione
1895 5380 2115 5442 abeunt,

544 5495 649 5535 non
676 5478 860 5549 paucis
888 5476 1272 5547 viris‘fortibus
1288 5474 1525 5529 amissis.
1543 5473 1673 5528 Inde
1703 5473 1926 5543 profecti
1959 5471 2118 5526 Pam-

545 5571 763 5645 phylum
794 5578 1028 5623 tentant.
1065 5567 1171 5620 Sed
1201 5566 1290 5621 hic
1342 5578 1559 5634 quoque
1591 5573 1711 5633 post
1763 5573 1885 5618 acta
1919 5562 2117 5625 similia

548 5664 698 5735 paria
736 5662 906 5733 passi,
955 5660 1260 5729 tiallipolitn
1314 5659 1417 5721 iter
1472 5657 1781 5719 intendunt,
1841 5672 1910 5711 ne
1945 5656 2119 5726 prima

545 5757 769 5839 quidem
803 5754 968 5814 ricini
995 5754 1352 5824 Didyntotichi
1389 5748 1737 5829 oppugnandi
1794 5750 2119 5833 cogitatione

2209 4556 2456 4615 occasio,
2514 4563 2836 4625 captarent:
2884 4555 2988 4611 sibi
3021 4557 3165 4608 enim
3205 4556 3445 4610 nuntiari
3475 4564 3670 4624 paucos
3696 4536 3760 4599 ibi

2210 4647 2583 4719 praesidiarios
2603 4648 2852 4713 relictos,
2884 4658 2939 4702 et
2962 4648 3193 4701 fortasse
3216 4663 3320 4700 non
3356 4660 3551 4717 magno
3581 4647 3762 4697 conatu

2212 4742 2330 4811 capi
2359 4756 2540 4797 arcem
2576 4743 2720 4795 illam
2747 4756 2931 4811 posse.
2969 4742 3022 4796 Si
3055 4743 3183 4809 quid
3218 4742 3322 4796 tale
3354 4739 3675 4807 reperiretur
3716 4739 3766 4783 et.

2216 4838 2347 4904 ipsis
2377 4834 2524 4890 brevi
2563 4844 2807 4902 tempore
2840 4830 3049 4886 facinus
3068 4833 3229 4885 cdere
3259 4830 3474 4899 aliquod
3516 4839 3768 4881 memora-

2219 4929 2325 4983 bile
2375 4926 2735 4993 contingeret,
2781 4932 2890 4975 tum
2923 4937 3056 4977 sane
3092 4935 3288 4989 magna
3316 4920 3456 4986 apud
3493 4931 3552 4972 se
3584 4912 3766 4985 gratia.

2219 5021 2333 5091 pari
2361 5017 2462 5075 sibi
2520 5016 2652 5084 ipsis
2685 5014 2879 5084 gloria,
2911 5013 3119 5081 exiguae
3151 5027 3315 5069 morte
3351 5010 3507 5064 facile
3563 5014 3771 5075 reparao

2222 5112 2315 5167 bili
2345 5110 2681 5181 606parta
2710 5105 3014 5174 dispendio.
3043 5105 3278 5171 patriam
3307 5104 3458 5156 lucro
3485 5108 3540 5154 et
3580 5098 3770 5151 honore

2226 5204 2499 5258 auctiores
2535 5206 2866 5268 repeterent.
2889 5197 3113 5253 Assensi
3158 5196 3301 5250 haud
3329 5195 3600 5250 illibenter
3622 5183 3765 5241 Calli-

2222 5293 2385 5362 polim
2417 5292 2600 5346 inl'esti
2650 5290 2899 5353 tendunt,
2960 5288 3247 5357 primoque
3297 5289 3499 5352 impetu
3522 5283 3773 5336 conantur

2222 5385 2526 5454 emporium
2578 5382 2690 5441 arci
2748 5380 3053 5450 proximum
3113 5378 3427 5433 incendere.
3460 5376 3536 5428 Ac
3574 5370 3772 5424 flamma

2223 5479 2305 5533 illi
2348 5477 2567 5545 quidem
2593 5489 2659 5528 eo
2694 5471 2891 5542 injecta
2925 5472 3089 5524 etiam
3141 5486 3332 5525 navem
3359 5485 3389 5520 e
3417 5464 3597 5522 multis
3623 5467 3768 5545 unztttt

2228 5570 2281 5621 in
2342 5542 2499 5635 portu
2532 5564 2804 5619 stantibus
2858 5576 2924 5618 ex
2986 5569 3141 5630 parte
3188 5560 3621 5615 combusserunt.
3675 5542 3770 5599 Sed

2228 5661 2478 5712 ardorem
2519 5654 2814 5709 instantius
2844 5653 3069 5720 urgendi
3113 5648 3455 5719 refrigeravit
3504 5643 3671 5697 mdes
3712 5635 3771 5687 alt

2228 5749 2383 5811 liQSlc
2423 5745 2714 5807 t‘csistcrtc
2742 5743 2956 5798 interim
2995 5744 3135 5797 facta
3167 5738 3448 5812 cujusdam
3476 5736 3611 5789 iutct'
3639 5730 3771 5802 ηυνξ

3906 1219 3909 1339 l

3909 1340 3915 1577 Κ

3920 1838 3925 1993 l

3929 2174 3931 2221 ι
