4046 6374
366 342 479 407 ’665

1246 349 1346 409 DE
1386 348 1832 410 ANDRONICO
1872 347 2339 410 PAL.‘EOLOGO
2379 350 2523 411 LIB.
2569 351 2702 412 VII.

3518 345 3626 412 666

366 457 431 510 τδ
484 457 676 528 μέρος,
714 456 865 510 οὐδὲν
911 457 1072 511 πλέον
1116 458 1340 527 ἦνυσαν.
1379 457 1512 514 Εἶτα
1554 461 1648 515 καί
1682 478 1803 514 τινα
1845 459 1953 512 τῶν
1982 466 2028 520 Α
2059 478 2169 514 των
2198 461 2273 526 ὡς
2303 464 2398 515 καί
2432 480 2576 525 τινες
2604 465 2713 517 τῶν
2761 465 2985 535 Περσῶν
3028 464 3334 538 διαπερῷεν
3370 464 3509 535 ὑπὲρ
3542 481 3633 516 τε·

374 547 524 599 ἰδίων
573 547 769 616 εὐγενῆ
826 550 1086 616 γεννάδαν
1136 549 1430 604 ἀποϐαλεῖν
1490 549 1632 604 κατὰ
1691 550 1948 619 πόλεμον,

372 638 654 710 πληγῆναί
704 657 763 692 τε
799 641 893 692 καὶ
940 641 1030 693 τὸν
1060 642 1370 711 Μουρίσκον
1416 642 1727 714 ἀμηραλῆν.
1769 643 1855 702 Ὣς
1894 642 1951 695 δὲ

370 727 449 797 τῷ
479 729 634 782 ἄστει
676 727 1023 797 ἐπεχείρουν,
1073 730 1237 798 μοῖρά
1281 747 1364 794 τις
1393 730 1502 782 τῶν
1536 730 1812 798 πολεμίων
1848 748 1953 799 φα-

370 823 548 882 νεῖσα,
581 818 750 872 πολύν
786 838 845 873 τε
883 823 1183 891 στήσαντες
1215 820 1307 874 τὸν
1352 822 1627 891 κονιορτὸν
1658 821 1950 874 κάντεῦθεν

368 910 624 974 δόξαντες
659 907 797 964 εἶναι
823 911 884 964 τὸ
913 911 1132 982 σύμπαν
1166 916 1264 980 τῆς
1309 914 1588 982 στρατιᾶς,
1619 911 1821 964 δειλίαν
1850 915 1951 981 ὲμ-

369 999 626 1052 ϐάλλουσι
652 1003 981 1070 μαχομένοις
1012 1005 1076 1056 ἐκ
1097 1002 1190 1055 τοῦ
1219 1002 1501 1071 ἐξαίφνης.
1526 1003 1632 1054 Καὶ
1652 1001 1739 1054 διὰ
1763 1002 1949 1064 τοῦτα,

373 1091 476 1142 οὐκ
532 1092 688 1159 ὀλίγα
722 1094 820 1146 καὶ
870 1094 982 1147 τῶν
1032 1092 1299 1159 λαφύρων
1325 1095 1520 1147 ἐκεῖνοι
1552 1091 1810 1154 λαϐόντες
1857 1092 1951 1145 καὶ

372 1184 634 1255 πρύμναν
648 1186 1056 1256 αρουσάμενοι,
1088 1183 1386 1237 ἀπελύοντο
1416 1184 1554 1254 πρὸς
1582 1183 1652 1235 τὰ
1691 1183 1797 1235 ἴδια
1820 1182 1947 1255 ἢθη.

553 1317 658 1373 κα’.
698 1319 796 1383 Ὡς
822 1319 1105 1374 ἑάλωσαν
1133 1317 1205 1373 τὰ
1233 1318 1383 1374 κατὰ
1411 1318 1521 1372 τὸν
1549 1317 1773 1372 Γάνον.

444 1456 709 1520 Βασιλεὺς
740 1457 795 1510 δὲ
832 1458 927 1511 καὶ
956 1456 1117 1520 αὖθις
1159 1456 1393 1527 πέμπων
1422 1455 1620 1525 ἐπείρα
1655 1457 1769 1524 μετ’
1796 1455 1949 1524 είρή-

371 1567 470 1618 νης
495 1549 572 1618 τῷ
594 1550 781 1602 λαϐεῖν
798 1551 1060 1620 χρήματα
1087 1549 1523 1603 ἀπαλλάττεσθαι
1551 1547 1781 1602 πείθειν.
1807 1547 1949 1601 Ἀλλ’

369 1641 472 1693 οὐκ
498 1641 689 1709 ἔπειθε
708 1643 1240 1712 διαπρεσϐευόμενος
1270 1658 1285 1673 ⁸
1313 1641 1439 1703 τοὺς
1459 1642 1566 1711 γὰρ
1596 1641 1792 1701 αὐτοὺς
1822 1642 1951 1694 civ-:-

372 1733 591 1803 ἔπεμπε
650 1734 1013 1804 Ῥομοφόρτος
1058 1733 1152 1803 τὴν
1200 1733 1424 1803 εἰρήνην
1473 1731 1841 1801 ἀπεροῦντας,
1899 1732 1947 1785 εἰ

2055 554 2382 622 τρακοσίους
2418 553 2719 623 (καὶτοῦτο
2742 555 2851 626 γὰρ
2880 557 3202 626 ἐϐρενθύετο
3245 557 3630 626 Ῥομοφὸρτπ,

2053 643 2127 708 ὡς
2161 643 2247 716 εἴη
2302 647 2368 699 τὰ
2402 646 2601 699 δυνατά
2631 647 2679 699 οἱ
2732 648 2959 710 ὁπίσους
3007 649 3149 700 Θέλοι
3190 647 3457 717 διαπερᾷν
3505 647 3633 707 τοὺς

2056 736 2199 788 κατὰ
2241 736 2465 807 Θρᾴκην
2502 737 2584 809 [Ρ.
2617 737 2745 811 ιίὲᾇ]
2794 739 3078 807 αἰγιαλοὺς
3121 739 3408 808 κατέχοντι
3440 736 3515 799 ὡς
3564 735 3632 790 ἂν

2059 828 2226 898 μηδὲν
2260 828 2384 897 μηδ’
2420 829 2555 891 ὅλως
2582 831 2733 899 παρὰ
2765 830 2877 883 τῶν
2904 831 2996 883 τοῦ
3046 830 3314 900 βασιλέως
3344 829 3493 895 νηῶν
3525 846 3634 880 κω.

2052 918 2483 989 λυθησομένων),
2537 923 2854 991 παραυτίκα
2907 922 3073 992 μοῖρὰ
3114 921 3340 984 τιςκκαὶ
3396 919 3632 990 μάλιστα

2053 1008 2164 1062 τῶν
2188 1009 2415 1079 Περσῶν
2446 1013 2525 1074 εἰς
2554 1012 2621 1064 τὰ
2653 1011 2747 1064 τοῦ
2780 1014 2950 1065 Γάνου
2977 1014 3136 1065 στενὰ
3167 1011 3510 1073 εἰσϐαλόντες
3536 1012 3633 1062 αύ-

2051 1099 2229 1151 τοϐοεὶ
2279 1099 2372 1152 τὸν
2407 1101 2610 1170 αὐχένα
2667 1102 2948 1173 κατέσχον,
2986 1102 3080 1154 καὶ
3129 1101 3331 1171 πολλὴν
3384 1100 3537 1153 λείαν
3572 1099 3633 1164 ἐξ

2046 1190 2543 1261 ,Εύδημοπλατάνου
2594 1192 2935 1263 ληϊσάμενοι,
2988 1198 3115 1257 τοὺς
3166 1193 3391 1252 πολλοὺς
3440 1192 3631 1260 φονεύ-

2053 1297 2270 1344 σαντες,
2310 1281 2644 1351 ἀρτύναντες
2693 1286 2921 1343 ἑαυτοῦς
2957 1284 3208 1336 ὲντεῦοεν
3239 1286 3331 1336 καὶ
3365 1285 3422 1335 τὸ
3456 1285 3633 1351 ἀσφα-

2049 1371 2140 1435 λὲς
2168 1373 2387 1441 σχόντες
2416 1374 2479 1426 ὲκ
2502 1375 2597 1427 τοῦ
2640 1377 2900 1444 φρουρίου
2930 1379 3042 1435 τοῖς
3070 1376 3278 1438 λοιποῖς
3311 1375 3631 1445 ἐνεργέστε-

2053 1483 2146 1536 ρον
2200 1466 2540 1536 ἐπεχείρουν.
2580 1468 2819 1520 Ἐκεῖθεν
2869 1471 2963 1522 xxi
3012 1469 3117 1531 ἕως
3177 1469 3507 1531 Ῥαιδεστοῦ,
3563 1471 3631 1521 τὰ

2051 1560 2189 1629 πρὸς
2234 1559 2302 1613 τὰ
2356 1554 2457 1613 ὧδε
2493 1563 2636 1614 κατά
2665 1579 2723 1614 τε
2775 1562 2977 1623 πλάτος
3028 1562 3232 1628 Βιζύης
3267 1562 3360 1614 καὶ
3417 1562 3627 1630 πρόσω.

2052 1647 2271 1703 ἅπαντα
2316 1649 2408 1701 τδν
2461 1649 2720 1702 τοσοῦτον
2767 1650 2933 1701 τόπον
2981 1647 3287 1718 ἀνθρώπων
3348 1646 3630 1710 παντελῶς

2053 1738 2445 1809 ἐρημώσαντες
2476 1742 2591 1803 τοῖς
2620 1741 2848 1792 ἐκείνων
2877 1742 3114 1808 καρποῖς
3144 1738 3489 1808 ἐνετρύφων·
3527 1755 3628 1789 πε-

374 1824 449 1895 μὴ
477 1826 544 1878 τὰ
579 1826 672 1879 καὶ
717 1826 787 1879 τὰ
816 1827 1048 1894 γένοιτο,
1081 1825 1257 1891 λέγων
1286 1825 1429 1893 ἅπερ
1455 1822 1520 1893 δὴ
1568 1823 1664 1875 καὶ
1694 1822 1947 1891 προείπο-
1982 1819 2026 1878 Β
2054 1832 2206 1898 λάγει
2238 1831 2348 1901 γὰρ
2394 1831 2563 1901 ληῖων
2605 1832 2964 1901 κυματίζοντι
2998 1831 3533 1901 προστυγχάνοντες,
3568 1828 3629 1893 ἐξ

372 1934 496 1985 μεν.
551 1915 735 1970 ἿΙσαν
782 1918 839 1971 δὲ
884 1919 979 1971 καὶ
1032 1918 1291 1988 πρέσϐεις
1340 1915 1399 1981 ἐξ
1463 1914 1948 1985 Ὀσφεντισϐλάϐου

370 2011 509 2075 πρὸς
552 2010 945 2079 Ῥομοφόρτον,
981 2010 1213 2072 σπονδὰς
1239 2008 1527 2077 ζητοῦντες
1551 2008 1644 2060 καὶ
1673 2005 1768 2077 τὴν
1796 2006 1952 2060 ἀδελ-

370 2103 479 2172 φὴν
518 2100 1033 2167 Ὀσφεντισθλάϐου,
1071 2100 1167 2171 τὴν
1193 2100 1288 2153 τοῦ
1319 2101 1508 2164 Τζακτῖ
1540 2100 1634 2153 τοῦ
1666 2098 1950 2169 φονευθέν-

367 2210 461 2255 τος
494 2191 751 2260 σύζυγον,
780 2192 1162 2262 ἐγγυωμένους
1190 2191 1328 2262 πρὸς
1357 2192 1535 2260 γάμον
1562 2190 1778 2259 ἐκείνῳ,
1806 2190 1948 2243 ὥστε

368 2286 515 2354 ἔχειν
576 2286 886 2354 ὁμαιχμίαν
941 2285 1081 2339 κατὰ
1137 2283 1465 2351 Ῥωμαίων⁹
1517 2284 1611 2335 καὶ
1662 2280 1876 2343 τούτοις
1920 2281 1950 2333 ὀ

381 2375 749 2444 Ῥομοφόρτος
798 2375 1160 2442 συγκάταινος
1189 2370 1277 2443 ἦν.
1310 2373 1433 2427 Τῶν
1462 2373 1518 2426 δὲ
1548 2373 1643 2426 τοῦ
1679 2372 1947 2443 βασιλέως

370 2465 660 2537 πρέσϐεων
692 2468 749 2529 ἐς
789 2468 946 2519 πολιν
976 2460 1490 2537 παραγγειλάντων,
1524 2468 1620 2519 καὶ
1655 2465 1949 2536 ἀγγελλόν-

366 2644 472 2698 viri
530 2643 690 2698 fortis
735 2653 786 2699 et
825 2647 996 2714 stirpe
1053 2646 1398 2715 praenobilis,
1437 2646 1632 2700 vulnus
1685 2655 1945 2714 praeterea

376 2736 617 2792 Mnrisco
649 2737 911 2795 indictum
949 2739 1210 2793 Amerali.
1266 2737 1472 2793 Tamen
1509 2739 1704 2793 deinde
1755 2740 1944 2794 urbem

373 2830 552 2897 ipsam
596 2830 775 2883 adorti
833 2844 1151 2900 oppugnare
1223 2831 1400 2885 territi
1438 2841 1561 2884 sunt
1596 2830 1710 2884 visa
1760 2831 1944 2899 procul

373 2921 521 2974 nube
559 2919 797 2989 pulveris
831 2921 1062 2989 ingenti,
1117 2921 1258 2989 quod
1318 2935 1442 2975 esse
1470 2919 1730 2974 indicium
1784 2928 1945 2988 puta-

374 3019 508 3064 runt
564 3013 912 3065 adventantis
945 3013 999 3066 in
1048 3011 1195 3080 ipsos
1243 3010 1620 3081 Amogabarici
1670 3012 1945 3066 exercitus

373 3104 636 3158 universi.
673 3104 794 3157 Non
847 3112 966 3157 erat
996 3104 1047 3157 id
1097 3104 1315 3174 quidem
1347 3118 1531 3158 verum
1561 3119 1576 3157 :
1613 3118 1735 3157 nam
1772 3104 1943 3174 partis

369 3193 641 3248 duntaxat
679 3194 960 3263 cujusdam
1027 3193 1309 3249 hostilium
1363 3194 1638 3260 cupiarum
1673 3191 1950 3248 redeuntis

369 3286 680 3356 Callipolim
710 3288 873 3340 istum
905 3286 1181 3357 pulverem
1215 3286 1384 3341 fuisse
1414 3288 1627 3355 signum
1650 3294 1735 3341 est
1760 3293 1949 3355 postea

372 3392 738 3449 compertum.
772 3379 979 3434 Tamen
1032 3380 1118 3434 hic
1149 3396 1306 3433 error
1347 3381 1776 3449 desperationem
1827 3393 1954 3448 per-

371 3470 625 3540 petrandi
695 3471 858 3538 C(Ppti
923 3469 1303 3525 Genuensibns
1391 3471 1662 3526 incutiens
1742 3468 1953 3524 referre

378 3562 569 3632 pedem
598 3562 796 3632 Coegit,
830 3563 1129 3633 spoliisque
1185 3579 1292 3617 nou
1329 3564 1519 3634 paucis
1579 3562 1706 3618 inde
1757 3562 1952 3618 ablatis

372 3655 597 3709 domum
635 3669 823 3710 versus
871 3655 1159 3710 reﬂexere.

514 3788 608 3843 2|.
648 3787 715 3843 Ut
745 3805 861 3859 qua
890 3788 959 3843 ad
991 3788 1200 3843 Canum
1228 3799 1370 3852 sunt,
1404 3800 1560 3859 capta
1590 3790 1809 3859 fuerint.

450 3928 521 3982 At
555 3930 857 3997 imperator
881 3943 1067 3982 rursus
1114 3930 1402 3983 teutandos
1441 3930 1507 3983 de
1546 3943 1680 3997 pace
1714 3928 1951 3999 Amoga-

376 4020 541 4075 baros
576 4018 748 4086 ratus,
798 4021 946 4074 misit
993 4021 1084 4090 qui
1138 4021 1216 4075 eis
1243 4022 1476 4075 suadere
1509 4032 1844 4076 conarentur
1894 4028 1953 4074 ut

380 4123 606 4183 accepta
643 4114 868 4182 pecunia
928 4115 1229 4184 migrarent
1259 4113 1382 4167 alio.
1422 4113 1526 4167 Sed
1568 4113 1704 4170 nihil
1769 4113 1955 4183 profe-

377 4213 525 4257 ctum
577 4213 706 4258 est:
758 4218 881 4258 nam
941 4220 1036 4274 per
1080 4206 1182 4261 hos
1237 4204 1383 4271 ipsos
1416 4203 1620 4275 legatos
1654 4206 1952 4260 renuntiari

376 4291 736 4349 Romofortus
767 4295 1082 4363 imperatori
1102 4293 1270 4363 jussit
1301 4293 1499 4349 frustra
1549 4296 1697 4350 illum
1733 4311 1955 4365 sperare

375 4392 769 4439 conventuram
833 4384 937 4440 sibi
982 4398 1219 4453 unquam
1255 4399 1375 4437 cum
1436 4374 1556 4452 ipso
1602 4398 1813 4453 pacem,
1847 4385 1951 4439 nisi

2054 1921 2422 1990 αἰχμαλώτων
2469 1923 2598 1983 τοὺς
2644 1923 2934 1992 ἁμητῆρας
2981 1924 3398 1989 ἐπιστήσαντες,
3433 1923 3627 1991 μυρίον

2051 2010 2337 2079 διεφόρουν
2359 2010 2611 2074 πλοῦτον,
2638 2013 2873 2081 ἁμάξαις
2900 2013 2989 2065 καὶ
3015 2012 3173 2078 ζώοις
3194 2013 3623 2083 διακονούμενοι.

2052 2102 2278 2154 Βασιλεῖ
2313 2101 2413 2169 μὲν
2463 2099 2559 2156 οὖν
2607 2103 2781 2155 ἐδόκει
2830 2105 2924 2156 καὶ
2974 2103 3281 2174 βουλευταῖς
3314 2106 3378 2156 ἐκ
3428 2106 3624 2158 πολλοῦ

2046 2194 2295 2263 πέμπειν
2323 2194 2412 2249 διὰ
2434 2188 2608 2249 ταῦτα
2631 2195 2724 2249 καὶ
2752 2194 3075 2248 κατακαίειν
3093 2195 3161 2247 τὰ
3185 2196 3297 2248 ἄνω
3319 2197 3412 2249 καὶ
3440 2195 3628 2267 πόρρω

2052 2302 2157 2338 που
2188 2285 2496 2355 Σηλυϐρίας
2519 2302 2534 2317 ⁸
2568 2286 2648 2340 ἔτι
2673 2288 2731 2340 δὲ
2764 2286 2976 2340 πολλῶν
3001 2287 3194 2340 αἰτιῶν
3225 2286 3389 2356 χάριν
3417 2288 3629 2340 ὤκνουν

2051 2376 2147 2428 καὶ
2175 2375 2532 2428 ἀνεϐάλλοντο
2572 2376 2670 2445 τὴν
2702 2376 3039 2447 ἐγχείρησιν.
3087 2377 3176 2441 Ἐς
3221 2379 3380 2430 τοῦτο
3402 2377 3446 2429 δ’
3486 2378 3637 2442 ἅπτεαι,

2051 2467 2216 2536 κρίθη
2250 2467 2360 2520 τότ’
2392 2462 2548 2538 οἶμαι
2593 2467 2686 2520 καὶ
2726 2466 2783 2536 δᾳ
2802 2486 2847 2530 ις
2875 2469 3086 2537 ὀνείρου
3122 2455 3357 2536 φανεῗσά
3386 2485 3491 2520 τινι
3516 2467 3627 2520 τῶν

2054 2653 2169 2699 lora
2268 2653 2663 2713 transportare,
2750 2646 3119 2714 nequidquam
3181 2645 3312 2699 illud
3366 2644 3628 2715 impedire

2050 2737 2335 2790 eouaturis
2388 2736 2749 2804 quantislibet
2818 2739 3165 2810 imperatoris
3200 2738 3455 2792 navibus.
3514 2738 3626 2793 Hac

2050 2844 2213 2897 porro
2273 2844 2451 2885 rerum
2527 2831 2648 2883 vice
2723 2846 2852 2898 pars
2925 2830 3171 2900 qnmdam
3240 2831 3624 2900 Amogabarici

2048 2920 2348 2984 exercitus,
2380 2934 2411 2974 e
2442 2918 2622 2975 Persis
2648 2921 2883 2974 maxime
2920 2920 3178 2988 conflata,
3203 2922 3338 2976 artis
3378 2921 3625 2976 faucibus

2049 3011 2183 3067 Gani
2222 3015 2423 3068 modiis
2453 3014 2670 3080 impune
2698 3014 3019 3082 penetralis,
3045 3014 3237 3085 jugum
3261 3015 3426 3084 ipsius
3448 3015 3626 3085 primo

2053 3106 2255 3176 impetu
2310 3120 2618 3178 occupant;
2648 3119 2703 3165 et
2734 3126 2861 3165 arce
2888 3109 3000 3173 illa,
3042 3118 3330 3179 postquam
3366 3124 3485 3164 eam
3518 3109 3624 3164 sibi

2052 3198 2234 3253 valido
2283 3201 2536 3268 praesidio
2578 3201 2833 3273 imposito
2895 3201 3286 3263 asseruissent,
3343 3200 3492 3268 freti,
3557 3203 3625 3254 ad

2052 3292 2350 3357 subiectam
2412 3293 2539 3347 inde
2596 3295 2871 3363 regionem
2927 3291 3313 3363 populandam,
3367 3291 3480 3346 orsi
3559 3291 3626 3344 ab

2052 3382 2534 3453 Eudemoplatano,
2574 3390 2995 3445 excurrerant,
3035 3386 3232 3439 lllll'los
3290 3382 3625 3441 occidentes.

2052 3476 2288 3543 praedam
2343 3476 2665 3531 immensam
2702 3477 3072 3532 corradentes.
3107 3475 3246 3542 Quin
3281 3484 3335 3529 et
3370 3473 3493 3529 talis
3523 3475 3624 3526 loci

2055 3567 2121 3620 ad
2175 3577 2448 3637 receptum
2499 3566 2634 3637 ipsis
2685 3567 2785 3621 tuti
2852 3567 3048 3621 fiducia
3128 3565 3387 3622 ulteriora
3452 3564 3626 3634 palam

2056 3659 2171 3713 ausi
2208 3668 2438 3724 tentare,
2500 3659 2624 3714 inde
2653 3675 2825 3728 usque
2861 3659 3202 3714 Rhmdestnm
3235 3665 3290 3714 et
3334 3657 3460 3713 huic
3489 3657 3627 3711 cite-

2054 3752 2224 3817 riora,
2294 3752 2347 3805 in
2407 3752 2576 3806 latum
2631 3767 2763 3807 vero
2830 3767 3002 3821 usque
3069 3751 3288 3821 Bizyam
3347 3759 3400 3805 et
3463 3749 3626 3808 ultra.

2056 3851 2225 3896 totum
2289 3841 2438 3895 illum
2492 3852 2599 3896 tam
2634 3854 2847 3898 vastum
2876 3853 3034 3898 terrze
3067 3850 3321 3906 tractum,
3363 3841 3511 3895 nullo
3556 3828 3627 3894 ilei

2053 3933 2333 3989 hominum
2359 3934 2483 3989 vivo
2520 3934 2728 3998 relicto,
2763 3933 3100 3997 desolarunt,
3134 3933 3381 4004 frugibus
3418 3940 3473 3985 et
3501 3947 3629 4001 pro-

2058 4033 2219 4079 ventu
2272 4024 2480 4094 reliquo
2539 4040 2821 4095 agrorum,
2882 4026 2991 4080 illic
3045 4042 3180 4080 sane
3238 4035 3368 4079 tunc
3405 4025 3626 4093 opimis,

2057 4116 2157 4185 ipsi
2220 4133 2279 4172 se
2345 4119 2760 4186 ingurgitantes.
2831 4119 3120 4173 Undabaut
3171 4120 3315 4172 enim
3374 4132 3470 4188 pro
3500 4118 3626 4171 anui

2056 4215 2297 4274 tempore
2354 4222 2418 4261 ac
2475 4218 2634 4261 terrae
2691 4209 2972 4262 feracitate
3013 4225 3108 4278 per
3140 4210 3236 4263 hos
3285 4224 3505 4278 campos
3530 4208 3631 4262 im-

2056 4314 2242 4353 tinensa
2274 4299 2393 4354 visu
2428 4316 2642 4369 aequora
2670 4303 3104 4367 exspectantium
3136 4300 3327 4356 falcem
3357 4312 3625 4371 sege'um,

2057 4406 2195 4458 quas
2250 4392 2352 4446 sibi
2388 4392 2567 4446 Persae
2623 4393 2904 4447 demetere
2962 4393 3168 4447 coactis
3226 4408 3368 4462 quos
3430 4406 3627 4461 magno

373 4475 529 4545 prius
570 4475 689 4530 haec
735 4483 789 4531 et
852 4475 968 4530 haec
1032 4474 1255 4533 faceret.
1317 4466 1686 4530 Enunmraba’!
1768 4485 1946 4531 autem
1984 4483 2333 4550 Dhabebant
2396 4499 2624 4541 numero
2686 4484 2944 4554 captivis,
3023 4483 3431 4539 inmstimabiles
3503 4482 3629 4536 inde

375 4567 566 4621 eadem
600 4582 721 4637 qure-
746 4577 874 4622 ante
906 4567 1208 4621 retulimus.
1246 4568 1487 4622 Aderant
1542 4571 1719 4622 autem
1772 4576 1830 4621 et
1881 4567 1949 4622 ab

375 4658 864 4726 Ospbentisthlabo
903 4661 969 4714 ad
1024 4659 1403 4721 Romofortutn
1446 4661 1631 4729 legati,
1685 4660 1777 4729 qui
1825 4675 1947 4714 eum

376 4751 445 4805 ad
480 4750 662 4806 fuadus
691 4765 881 4808 secum
915 4761 1106 4805 contra
1130 4749 1408 4805 Romanos
1436 4749 1730 4805 ineundum
1761 4750 1954 4805 invita-

374 4851 501 4897 rent
553 4843 734 4896 oblata
773 4842 826 4895 in
861 4842 1146 4911 conjugem
1201 4839 1672 4912 Osphentisthlabi
1704 4843 1947 4911 ejusdem

374 4949 584 4998 sorore,
619 4935 777 4987 vidua
808 4932 1000 4989 Τωοω
1037 4950 1209 5003 nuper
1252 4934 1439 4989 occisi.
1473 4934 1553 4987 Ad
1603 4950 1722 5005 qum
1751 4932 1951 4990 Romo-

375 5021 552 5077 fortus
581 5023 739 5078 facile
797 5025 1097 5083 consensit.
1135 5025 1358 5079 Interim
1419 5026 1470 5079 in
1503 5026 1688 5080 urbem
1744 5028 1949 5082 reversi

372 5114 534 5185 607
583 5116 674 5185 qui
737 5116 887 5172 missi
920 5118 984 5171 ad
1022 5117 1370 5172 tracmudum
1421 5131 1541 5170 cum
1590 5119 1944 5188 Amogabaris

373 5204 614 5271 fuerant,
667 5216 863 5277 praeter
893 5216 1089 5268 castora
1123 5206 1427 5262 Romoforti
1479 5224 1737 5281 responsa
1779 5211 1942 5264 etiam

376 5312 489 5351 rem
518 5300 698 5354 obiter
744 5309 1077 5368 compertam
1106 5300 1422 5369 imperatOri
1459 5301 1718 5363 retulere,
1755 5300 1950 5356 Persas

377 5388 632 5445 videlicet
684 5405 848 5459 supra
907 5393 1340 5463 quadringentos
1399 5409 1465 5447 cx
1516 5394 1642 5448 Asia
1700 5393 1953 5459 traiicere

377 5493 436 5540 Ut
491 5497 550 5537 se
606 5483 962 5553 Amogabaris
1016 5484 1428 5555 conjungerent.
1461 5485 1517 5540 id
1560 5487 1701 5553 quod
1732 5485 1952 5542 aiebant

379 5588 681 5643 congruere
736 5590 858 5630 cum
914 5591 979 5631 eo
1026 5576 1169 5646 quod
1223 5593 1405 5633 coram
1436 5578 1568 5649 ipsis
1600 5578 1952 5635 Romofortns

378 5664 520 5727 inter
556 5665 659 5718 alia
700 5667 984 5742 iactasset,
1035 5669 1138 5725 sibi
1170 5685 1291 5724 esse
1324 5669 1485 5726 facile
1523 5679 1658 5740 quot
1692 5672 1852 5726 vellet
1881 5688 1947 5727 ex

379 5755 641 5825 Orientali
677 5761 990 5825 continente
1048 5762 1097 5816 in
1133 5778 1160 5817 ιι
1193 5777 1251 5821 se
1284 5778 1541 5839 possessa
1569 5762 1818 5827 Thracia;
1854 5764 1945 5820 lit-

2053 4590 2185 4644 opes
2242 4575 2501 4644 plaustris
2561 4583 2618 4630 et
2676 4575 2941 4644 iumentis
2995 4576 3196 4630 ibidem
3255 4575 3340 4629 usi
3397 4575 3630 4642 repertis

2053 4674 2369 4720 avexerunt.
2407 4664 2616 4732 Quibus
2649 4666 2964 4734 imperatori
2999 4665 3283 4726 nuntiatis,
3313 4665 3554 4719 decrevit
3583 4666 3631 4720 is

2052 4759 2271 4818 tandem
2298 4759 2517 4827 exsequi
2541 4758 2681 4830 quod
2700 4758 2801 4826 ipsi
2817 4758 3018 4812 dudum
3042 4755 3159 4824 ejus
3186 4757 3483 4812 consiliarii
3505 4772 3631 4810 sna-

2054 4858 2257 4915 serant,
2289 4849 2553 4904 hactenus
2602 4848 2810 4913 multis,
2842 4859 2901 4902 ut
2933 4850 3013 4911 fit,
3046 4847 3227 4920 causis
3256 4848 3631 4902 intercurren-

2059 4941 2202 4995 tibus
2234 4941 2481 5002 dilatum,
2519 4941 2785 4995 mittendo
2813 4940 2903 5009 qui
2960 4939 3175 4994 ﬂamma
3209 4938 3405 5007 injecta
3448 4950 3630 4992 matu-

2058 5049 2147 5088 ras
2181 5043 2411 5101 segetes,
2450 5033 2591 5088 hosti
2621 5032 2819 5100 alioqui
2855 5032 3188 5100 profuturas,
3213 5040 3630 5099 corrumperent

2056 5127 2199 5183 circa
2237 5124 2540 5196 Selybriam
2577 5134 2630 5185 et
2673 5125 2830 5193 longe
2870 5123 3141 5193 superius,
3201 5133 3462 5191 quantum
3516 5131 3631 5174 tuto

2056 5225 2238 5287 posset
2304 5216 2444 5271 ﬁeri.
2502 5217 2655 5273 Tunc
2691 5224 2886 5270 eventu
2950 5225 3318 5284 perpetratum
3377 5213 3632 5283 apparuit

2059 5323 2361 5378 praesagum
2409 5306 2677 5377 quoddam
2731 5306 2897 5378 638
2950 5306 3219 5359 somnium
3284 5313 3410 5357 ante
3461 5318 3633 5356 annos

2061 5411 2204 5457 retro
2233 5410 2341 5454 tres
2372 5398 2581 5455 cuidam
2621 5413 2686 5455 ex
2717 5398 2907 5452 oriiine
2951 5398 3312 5466 palatinoru-n
3370 5392 3628 5446 oblamm.

2064 5491 2286 5545 Viderat
2315 5489 2361 5545 is
2422 5491 2787 5560 iuequilantes
2842 5489 3064 5544 camelis
3109 5487 3304 5541 PerSas
3338 5484 3403 5538 ad
3431 5481 3631 5565 Orien-

2060 5580 2166 5637 tale
2206 5581 2354 5636 littus
2383 5597 2410 5635 a
2446 5583 2694 5637 Scutario
2719 5584 2784 5635 ad
2810 5581 3064 5636 ulteriora
3103 5579 3259 5645 longe
3294 5577 3405 5630 loca
3440 5583 3632 5625 cxten-

2056 5689 2146 5729 sos
2188 5684 2372 5741 Stare;
2408 5692 2529 5729 mox
2563 5687 2744 5729 autem
2810 5674 2991 5728 subito
3029 5672 3156 5725 ferri
3192 5683 3287 5737 per
3315 5680 3498 5718 aerem
3530 5680 3630 5717 vo-

2058 5765 2220 5828 lando
2260 5769 2500 5823 camelos
2547 5784 2669 5825 cum
2711 5767 2826 5824 suis
2856 5764 3159 5822 sesset-ibus
3189 5758 3430 5824 eosdem,
3458 5768 3511 5811 et
3567 5757 3623 5813 in
