4046 6394
543 290 645 352 (367

1759 292 2083 354 GEORGII
2126 291 2606 352 ΡΜΖΠΥΜΕΒᾸΞ
3659 301 3747 364 διδ

541 408 606 457 ὲκ
631 405 729 472 τῆς
762 403 966 470 τάξεως
992 405 1088 458 τοῦ
1131 406 1394 461 παλατίου
1428 407 1639 479 χρόνοις
1669 410 1813 479 τρισὶ
1849 409 2112 478 πρότερον
2141 427 2183 483 Α
2219 408 2592 476 περαιωθῆναι
2623 405 2760 477 πρδς
2818 404 3023 460 ῐταλῶν
3049 389 3266 476 σύνσῖμα
3295 407 3386 460 καὶ
3409 407 3478 478 τῷ
3504 407 3606 480 ἰδίῳ
3631 412 3744 484 λαῷ,

542 497 574 567 ἢ
602 498 771 551 ταῦτα
803 499 1056 566 γενέσθαι
1083 514 1097 528 ·
1130 501 1340 569 Πέρσαι
1389 505 1497 572 γὰρ
1530 502 1816 573 ὀχούμενοι
1849 502 2115 572 καμήλοις

545 591 671 644 καθ’
705 590 840 659 ἑῷον
871 591 1119 657 αἰγιαλὸν
1149 592 1257 642 ἀπὸ
1285 593 1615 664 Σκουταρίου
1641 595 1734 648 καὶ
1764 595 1824 646 τὸ
1857 595 2116 647 ἐπέκεινα

539 683 794 736 ἵστασθαι
844 683 904 734 τὸ
935 682 1069 752 ὄναρ
1115 684 1346 748 ἐδείκνυ,
1391 685 1648 756 ἐξαίφνης
1675 685 1728 737 δὲ
1770 686 1889 739 κατ’
1920 686 2114 752 αἰθέρα

539 772 637 831 τὰς
665 770 947 839 καμήλους
996 773 1298 840 πετομένας
1330 776 1421 827 καὶ
1453 777 1578 838 τοὺς
1622 775 1890 838 ἐπιϐάτας
1920 775 2116 844 φερού-

543 876 640 922 σας
668 859 802 928 πρὸς
826 859 922 928 τὴν
949 861 1246 933 ἀντίπεραν
1271 864 1573 932 γίγνεσθαι.
1599 867 1705 918 Καὶ
1730 867 1877 918 ταῦτ’
1910 868 2113 935 ἐπρατ-

537 968 662 1002 τετο
713 951 881 1019 μηνὸς
919 951 1402 1024 Ἀνθεστηριῶνος,
1449 959 1535 1010 ὅτε
1587 957 1838 1026 βασιλεὺς
1890 959 2111 1028 Μιχαὴλ

539 1042 655 1100 ταῖς
715 1042 862 1106 σφῶν
898 1042 1252 1106 ἀτασθαλίαις
1287 1047 1664 1111 προσκύπτων.
1719 1050 1930 1117 ὀλίγους
1985 1052 2112 1120 περὶ

540 1131 699 1184 αὐτὸν
727 1133 865 1201 ἔχων
892 1135 1016 1194 τοὺς
1045 1137 1448 1201 συναναῦἀντας
1487 1140 1592 1191 ἀπὸ
1615 1141 1815 1196 δύσεως
1849 1145 1909 1195 ἐκ
1942 1160 2112 1214 προσ·

541 1227 726 1288 παίου,
762 1229 993 1295 πέμπων
1026 1230 1157 1292 πρὸς
1187 1232 1276 1284 τὸν
1307 1235 1522 1302 πατέρα
1553 1235 1911 1303 ὲκχωρεῖσθαί
1935 1239 1982 1288 οἱ
2010 1238 2110 1305 τὴν

540 1317 678 1382 πρὸς
716 1319 958 1383 ἐκεί-κους
987 1323 1349 1389 ὰφίππευσιν,
1378 1327 1423 1377 εἰ
1458 1327 1530 1395 μὴ
1561 1327 1731 1388 ἄλλως
1762 1328 1858 1380 καὶ
1887 1328 2112 1381 αὐτόθεν

540 1407 686 1460 θέλοι
749 1407 1075 1480 ξυμμαχεῖν,
1119 1416 1403 1484 ἐζητεῖτοο
1463 1418 1558 1490 τὴν
1611 1419 1718 1489 γὰρ
1771 1419 1954 1490 χώραν
2009 1421 2109 1491 ἥδη

539 1502 1031 1569 προνενομεῦσθαι,
1067 1508 1160 1558 καὶ
1207 1508 1375 1578 ἄρδην
1409 1511 1648 1580 φανερὰν
1697 1508 1836 1564 εἶναι
1879 1514 2113 1567 ἀπολου-

541 1588 732 1658 μένην,
785 1592 851 1660 ἢν
887 1595 961 1663 μή
1013 1613 1096 1657 τις
1151 1598 1422 1671 ὑπέρσχῃ.
1470 1602 1679 1672 Ἀλλή
1733 1607 1859 1673 περὶ
1902 1607 2111 1660 ἐκεῖνον

537 1679 871 1753 ὀλιγοχειρία
931 1687 1184 1757 ἐμποδὼν
1234 1687 1322 1760 ἦν,
1367 1695 1458 1746 καὶ
1506 1696 1766 1765 μέλλησις
1822 1700 2112 1770 προμηθὴς

539 1775 776 1844 σπουδῆς
802 1781 1142 1834 ἐπικινδύνου
1178 1785 1236 1834 τὸ
1273 1788 1525 1854 τηνικάδε
1558 1793 1808 1858 κρεῖττον
1834 1791 2035 1846 ἐδόκει.

629 1908 736 1978 κβ’.
776 1911 850 1964 Τὰ
882 1914 1029 1968 κατὰ
1060 1915 1166 1970 τὸν
1203 1919 1414 1986 Malim
1448 1921 1548 1974 καὶ
1575 1925 1764 1979 πάλιν
1797 1927 2028 1984 Ἰσαάκ.

610 2039 695 2112 [Ρ.
726 2042 853 2114 425i]
895 2047 1057 2100 Ἀλλο
1088 2049 1144 2101 δέ
1182 2067 1233 2102 τι
1264 2053 1463 2120 μᾶλλον
1507 2056 1976 2126 ἐπραγματεύετο.
2025 2064 2117 2126 Ὡς

537 2131 647 2200 γὰρ
677 2133 702 2183 ὁ
752 2133 966 2205 Πέρσης
995 2139 1180 2192 Ἰσαὰκ
1214 2143 1395 2211 (τοῦτο
1429 2146 1536 2215 γὰρ
1573 2142 1640 2218 ἦν
1679 2149 1893 2220 ὄνομα),
1931 2152 1989 2204 ὃν
2023 2154 2116 2207 καὶ

538 2224 604 2273 τὰ
659 2224 926 2296 πρότερον
982 2231 1304 2302 ἱστοροῦμεν
1350 2238 1464 2299 τοῖς
1510 2238 1735 2303 Ἰταλοῖς
1775 2245 1916 2296 κατὰ
1963 2245 2115 2298 δύσιν

2220 497 2389 560 -ὡς
2418 496 2551 565 γοῦν
2603 498 2700 552 καὶ
2760 493 2918 558 αὖθις
2978 500 3218 568 πέμπων
3265 499 3566 570 ἀντολίηθεν
3617 497 3750 567 οὗτος

2218 590 2526 658 κατήπειγε
2566 588 2664 652 τὰς
2708 591 2963 657 σπονδὰς,
3011 591 3440 660 ὑπισχνοῦμενος
3487 591 3644 645 πολλὰ
3667 595 3750 663 μὲν

2219 681 2316 734 καὶ
2346 680 2481 733 ἄλλα
2527 683 2643 744 τοῖς
2682 681 2973 751 Ῥωμαίων
3017 682 3330 735 συνοίσοντα
3362 681 3675 750 πράγμασιν.
3697 685 3746 736 οὗ

2219 773 2328 840 μὴν
2360 771 2418 824 δὲ
2459 772 2594 824 ἀλλὰ
2625 772 2718 824 καὶ
2747 773 2876 835 τοὺς
2925 772 3152 843 ἐχθροὺς
3182 775 3277 826 καὶ
3325 772 3508 843 πρώην
3545 775 3752 828 ἀποσταρ

2215 863 2490 932 τήσαντας
2531 863 2980 934 Τουρκοπούλους
3011 867 3074 918 ἐκ
3125 866 3452 935 μηνυμάτων
3499 864 3598 916 τῶν
3633 866 3750 934 πρὸς

2218 953 2460 1015 ἐκείνους
2520 954 2912 1022 προσάξεσθαι,
2959 956 3026 1026 ἦν
3061 956 3220 1026 μόνον
3269 959 3520 1023 γυναῖκες
3553 955 3750 1008 ἐκείνων

2217 1044 2500 1098 ὲπισταῖεν
2530 1046 2625 1097 καὶ
2655 1045 2819 1098 τέκνα
2843 1048 2911 1098 τὰ
2944 1047 3096 1118 παρὰ
3124 1049 3232 1099 τῶν
3265 1046 3497 1099 Ἀλανῶν
3521 1046 3646 1117 πρὸς
3673 1047 3751 1098 πό-

2215 1133 2301 1188 λιν
2355 1137 2753 1201 ἀποσταλέντα,
2789 1137 3040 1208 βασιλεὺς
3085 1138 3145 1206 ἐξ
3197 1139 3438 1202 ἅπαντος
3481 1138 3638 1191 θέλων
3669 1138 3752 1201 τὰς

2214 1222 2324 1274 τῶν
2357 1221 2577 1277 Ἰταλῶν
2609 1225 2870 1294 δυνάμεις
2902 1227 3317 1297 ἁρῤωστοτὲρας
3353 1227 3662 1298 ὲγκαθιστᾷν
3685 1227 3751 1282 δέ·

2213 1331 2368 1384 χεται
2401 1317 2500 1383 τὴν
2549 1317 2868 1388 πρεσϐείαν,
2907 1320 3002 1372 καὶ
3047 1319 3463 1390 φιλανθρώπους
3509 1321 3600 1382 τὰς
3637 1321 3750 1373 ἀπο·

2213 1405 2424 1477 κρίσεις
2454 1406 2629 1470 διδοὺς
2658 1409 2776 1472 πῶς
2805 1409 2872 1462 ἂν
2903 1412 3044 1463 κατὰ
3087 1410 3286 1480 τρόπον
3314 1410 3480 1466 ταῦτα
3513 1414 3750 1476 καταστῇ·

2215 1514 2328 1552 σειε
2357 1499 2732 1551 διεσκέπτετο.
2767 1500 2899 1552 Οὐδὲ
2929 1501 3062 1569 ἡμῖν
3091 1501 3221 1563 ἴσως
3271 1505 3454 1572 χεῖρον
3483 1501 3751 1570 προαναλα.

2214 1597 2331 1648 δεῖν
2367 1599 2459 1650 καὶ
2489 1599 2729 1662 δηλῶσαι
2758 1601 2890 1669 περὶ
2919 1599 3012 1651 τοῦ
3049 1599 3254 1667 κορίου,
3289 1599 3434 1660 τίνος
3467 1597 3560 1666 μὲν
3591 1595 3753 1664 Msqu

2214 1685 2530 1755 θυγάτριον,
2565 1689 2714 1752 ὅπως
2760 1690 2817 1742 δὲ
2872 1691 3014 1742 κατὰ
3059 1690 3217 1741 πόλιν
3251 1693 3308 1742 ἐν
3343 1692 3452 1753 τοῖς
3501 1687 3753 1757 Ῥωμαίων

2146 1770 2186 1822 Β
2215 1778 2372 1848 ἤθεσι
2431 1781 2773 1849 προσέκυρσε
2822 1783 3152 1835 διαιτᾶσθαι.
3205 1783 3491 1850 Ἀζατίνης
3542 1781 3632 1850 μὲν
3675 1774 3753 1830 οὖν

2218 1870 2447 1923 σουλτὰν
2487 1872 2694 1935 ἐκεῖνος
2731 1875 2860 1941 περὶ
2912 1869 2970 1927 οὗ
3020 1875 3078 1925 ἐν
3116 1876 3226 1936 τοῖς
3277 1874 3560 1944 προτέροις
3601 1873 3754 1938 λόγοις

2215 1961 2498 2028 ἐλέγομεν,
2525 1962 2606 2014 ἔτι
2637 1966 2736 2033 τῆς
2770 1965 3030 2031 Περτίδος
3070 1965 3445 2034 καθεστώσης,
3477 1964 3587 2017 ἐπεὶ
3618 1966 3757 2016 ἐκπο-

2214 2049 2323 2102 δὼν
2357 2047 2426 2118 ἦν
2460 2053 2609 2122 αὐτῷ
2639 2053 2667 2104 ὁ
2697 2053 2876 2124 πατὴρ
2911 2054 3246 2124 ’ῐαφατίνης,
3280 2051 3344 2109 οὗ
3369 2056 3432 2126 δὴ
3463 2055 3552 2108 καὶ
3581 2055 3758 2122 Πέρσαι

2216 2143 2541 2211 κατήκουον,
2603 2146 2682 2208 εἰς
2720 2145 2987 2214 διαφορὰς
3025 2148 3286 2216 μεγίστας
3337 2147 3470 2216 πρὸς
3518 2147 3604 2199 τὸν
3647 2145 3758 2198 ἴδιον

2215 2234 2446 2302 ἀδελφὸν
2487 2235 2874 2306 Ῥουκρατίνην
2898 2238 3194 2292 καθίστατο
3211 2258 3224 2272 ·
3256 2239 3642 2308 διημφισϐήτει
3667 2236 3756 2305 γὰρ

541 2316 772 2370 συνόντα
815 2318 1060 2386 πέμπειν
1114 2325 1265 2393 παρά
1315 2329 1412 2395 τὴν
1450 2331 1669 2383 ἐκείνων
1723 2334 1858 2402 πρὸς
1893 2335 2117 2404 βασιλέα

540 2407 817 2478 αἴσθησιν,
844 2413 939 2465 καὶ
965 2413 1202 2477 σπονδὰς
1229 2417 1364 2480 πρὸς
1389 2421 1553 2472 αὑτὸν
1578 2425 1916 2478 συντίθεσθαι
1945 2428 2118 2481 θέλειν

543 2501 685 2553 κατά
715 2519 765 2553 τι
795 2505 1031 2571 γαμικὸν
1063 2507 1222 2574 κῆδος
1259 2509 1320 2560 τὸ
1369 2511 1461 2562 επὶ
1493 2513 1570 2580 τῷ
1597 2512 1690 2566 τοῦ
1725 2515 1915 2586 Μελὴκ
1946 2517 2117 2586 θυγα-

539 2593 695 2662 τρίῳ,
727 2595 820 2650 καὶ
865 2597 1196 2666 φωραθέντα
1226 2601 1351 2669 μετ’
1395 2605 1622 2676 εἰρήνης
1652 2608 1746 2658 καὶ
1792 2605 1947 2672 αὖθις
1973 2613 2122 2664 ἀντι-

2215 2324 2316 2392 τῆς
2363 2326 2540 2394 ἀρχῆς
2573 2328 2779 2390 ἐκεῖνος
2813 2333 2904 2382 καὶ
2938 2331 3165 2384 διετέλει
3212 2335 3545 2402 μαχόμενος,
3589 2330 3655 2392 ὡς
3686 2330 3762 2382 καὶ

2218 2418 2297 2478 εἰς
2332 2416 2611 2488 Τοχάρους
2636 2422 2926 2476 ἀποκλῖναι
2950 2424 3050 2494 ἤδη
3073 2429 3184 2487 τοῖς
3206 2426 3434 2493 Περσῶν
3459 2421 3762 2494 ἐπιχειροῦν-

2216 2525 2313 2570 τας
2343 2511 2657 2580 πράγμασι,
2695 2513 2788 2566 καὶ
2837 2515 2932 2577 τὰς
2964 2515 3238 2583 ἀρκούσας
3284 2518 3543 2586 δυνάμεις
3577 2515 3760 2568 ἐκεῖθεν

2218 2599 2398 2652 λαϐὼν
2428 2604 2497 2653 τὰ
2541 2603 2742 2656 δυνατὰ
2775 2604 3022 2674 τάδελφῷ
3072 2605 3414 2679 ὲπεισιρρεῐν.
3447 2601 3763 2674 Κατατακοῦν

2222 2781 2316 2834 tali
2352 2788 2600 2848 tempore
2632 2781 2787 2836 valde
2819 2783 3177 2838 conducibilia
3205 2801 3218 2837 :
3267 2784 3413 2838 inter
3444 2793 3624 2837 caztera
3654 2795 3762 2832 vero

2221 2872 2584 2942 Turcopulos,
2646 2873 2736 2940 qui
2793 2889 2967 2942 nuper
3022 2877 3090 2929 ab
3143 2875 3501 2944 Amogabaris
3557 2875 3761 2929 deﬁcere

2221 2964 2403 3016 conati
2457 2974 2773 3032 perpetrare
2826 2967 3097 3034 inceptum
3150 2969 3546 3037 nequivissent,
3592 2981 3678 3034 per
3712 2976 3762 3018 se

2223 3051 2402 3120 plane,
2438 3069 2544 3119 quo
2580 3063 2765 3107 nosset
2794 3055 2860 3106 ad
2895 3057 2945 3108 id
2977 3055 3183 3109 efficaci
3218 3059 3404 3122 modo,
3448 3055 3762 3111 abducendos

2222 3144 2289 3195 ab
2329 3143 2567 3198 hostium
2618 3146 2865 3213 partibus
2897 3154 2951 3200 et
2982 3147 3302 3216 imperatori
3338 3148 3761 3204 reconciliandos.

2220 3234 2410 3289 Datam
2446 3239 2647 3306 quippe
2691 3239 2756 3290 ab
2789 3239 2853 3292 iis
2885 3239 2986 3293 sibi
3024 3256 3211 3296 recens
3248 3243 3416 3299 fuisse
3447 3259 3540 3312 per
3565 3254 3762 3296 arcanos

2221 3325 2588 3382 internuntios
2637 3327 2794 3380 fidem
2832 3331 3104 3411 serviendi
3138 3331 3407 3398 Augusto,
3443 3334 3485 3388 si
3538 3346 3626 3401 per
3655 3342 3760 3383 eum

2219 3417 2354 3485 ipsis
2413 3421 2772 3474 redderentur
2825 3436 3027 3475 uxores
3081 3438 3270 3477 eorum
3329 3442 3450 3480 cum
3485 3424 3660 3480 liberis
3705 3420 3759 3473 ab

2218 3511 2408 3565 Alanis
2459 3512 2512 3564 in
2551 3514 2739 3566 urbem
2789 3515 2985 3568 missae.
3024 3513 3146 3568 llam
3185 3515 3486 3584 imperator
3530 3516 3761 3574 audiens.

2220 3617 2344 3655 cum
2378 3601 2531 3655 facile
2563 3603 2771 3657 videret
2804 3604 2936 3658 nihil
2975 3604 3074 3658 sibi
3101 3605 3202 3668 tali
3251 3622 3433 3660 rerum
3463 3616 3595 3661 statu
3625 3615 3766 3664 expc.

2223 3695 2431 3748 tibilius
2461 3710 2582 3748 esse
2613 3711 2776 3760 quam
2811 3696 3060 3749 imminui
3093 3711 3156 3750 ac
3189 3697 3462 3751 debilitari
3495 3693 3761 3766 quomodo-

2220 3801 2438 3855 cunque
2489 3787 2796 3840 cervicibus
2831 3788 3178 3843 imminentes
3208 3791 3667 3860 Amogabarorum
3695 3799 3767 3836 co-

2222 3871 2361 3946 pias,
2402 3877 2570 3931 lsaaci
2615 3877 2807 3944 legatis
2853 3880 3188 3948 perbumana
3242 3897 3506 3950 responsa
3537 3877 3763 3934 reddidit.

2225 3967 2561 4037 lnterimqne
2607 3983 2732 4021 cum
2781 3970 2849 4023 iis
2894 3970 3117 4040 suisque
3164 3975 3514 4027 consultabat
3559 3979 3765 4041 quanam

2222 4061 2429 4129 optimc
2480 4075 2546 4113 ac
2591 4059 2860 4115 citissime
2893 4063 3052 4115 modo
3087 4073 3273 4131 posset
3324 4065 3374 4118 id
3409 4063 3589 4132 perfici
3623 4072 3770 4129 nego-

2224 4153 2380 4206 tium.
2410 4151 2527 4206 Non
2572 4153 2677 4206 erit
2709 4160 2889 4207 autem
2923 4154 3010 4206 bic
3047 4159 3145 4207 abs
3183 4170 3240 4207 re
3271 4169 3339 4209 ex
3371 4165 3517 4209 retro
3547 4163 3658 4208 acta
3687 4164 3768 4204 nos

541 2776 848 2842 oppositam
885 2782 1171 2848 pervenire
1203 2785 1591 2840 continentem.
1651 2787 1782 2842 Acta
1819 2789 1932 2844 haec
1993 2800 2122 2846 sunt

543 2883 726 2920 mense
755 2869 1161 2940 Julio,quando
1197 2875 1474 2946 Augustus
1539 2879 1765 2933 Michael
1819 2893 1894 2936 tot
1947 2892 2120 2937 tanta-

546 2974 776 3027 rmnque
841 2962 1079 3016 cladium
1137 2967 1250 3021 suis
1301 2968 1528 3023 subditis
1590 2971 1706 3039 ipso
1757 2973 1929 3027 otiose
1981 2990 2120 3042 prae-

544 3058 698 3101 sente
761 3049 1029 3104 illatarum
1103 3057 1407 3110 convicium
1468 3075 1573 3112 non
1657 3061 1856 3126 ferens,
1919 3079 2120 3132 paucos

543 3151 728 3191 secum
766 3139 970 3194 habens
997 3143 1086 3210 qui
1119 3158 1238 3197 cum
1266 3162 1330 3199 eo
1354 3162 1528 3214 nuper
1562 3165 1627 3202 ex
1680 3151 1924 3206 interiori
1956 3151 2116 3207 Occi-

543 3230 649 3284 duo
705 3240 875 3284 tractu
931 3237 1310 3302 ascenderant,
1375 3239 1542 3294 misso
1595 3241 1658 3294 ad
1691 3252 1897 3308 patrem
1932 3246 2118 3300 nuntio

541 3326 792 3392 poposcit
827 3327 1064 3394 permitti
1127 3345 1222 3398 per
1276 3347 1397 3384 eum
1427 3334 1527 3386 sibi
1568 3349 1694 3387 cum
1725 3336 1919 3406 exiguo
1957 3354 2116 3405 quctn

542 3416 767 3471 haberet
795 3420 1039 3485 equitatu
1075 3421 1125 3473 in
1161 3421 1348 3476 hostes
1409 3424 1638 3487 irruere,
1677 3428 1727 3479 ni
1764 3428 1946 3482 mallet
2005 3429 2120 3500 ipse

539 3508 644 3562 sibi
675 3523 884 3563 mature
911 3517 1188 3583 suppetias
1215 3531 1506 3572 accurrere
1534 3537 1546 3572 :
1569 3535 1692 3572 nam
1719 3535 1896 3573 serum
1922 3521 2120 3578 deinde

543 3601 802 3653 auxilium
864 3601 1003 3667 fore,
1045 3607 1132 3657 ubi
1170 3609 1418 3662 universa
1485 3611 1657 3678 regio,
1720 3613 1862 3680 quod
1931 3613 1974 3666 si
2035 3611 2120 3665 vel

546 3691 813 3744 tantillum
869 3707 1200 3760 cessaretur,
1283 3714 1406 3751 mox
1475 3699 1714 3753 futurum
1800 3704 2120 3771 apparebat,

535 3783 817 3836 .tlestructa
841 3786 1132 3854 excisaque
1160 3788 1586 3856 irreparabiliter
1609 3793 1817 3847 fuisset.
1853 3795 2118 3850 Caeterum

537 3873 792 3938 paucitas
854 3876 1113 3929 comitum
1181 3877 1458 3934 Michaelis
1492 3881 1702 3936 obstitit
1761 3900 1830 3938 ne
1885 3885 1984 3954 ipsi
2028 3901 2124 3956 per

531 3964 910 4024 Andronicum
945 3977 1051 4022 tam
1081 3969 1381 4029 periculosa
1417 3975 1672 4028 excursio
1708 3977 2120 4033 liceret:visum

546 4054 692 4108 enim
751 4056 1025 4124 sapienter
1058 4069 1141 4112 est
1196 4063 1561 4118 cunctandum
1596 4066 1795 4134 pmius,
1853 4082 1948 4121 nec
1975 4083 2122 4122 com-

536 4145 873 4202 mittendum
965 4161 1022 4203 ut
1077 4153 1462 4222 intempestivo
1535 4159 1921 4224 generositatis
1987 4169 2120 4216 testu

542 4243 821 4309 Augustus
845 4242 1034 4312 junior
1060 4254 1264 4299 tantam
1301 4258 1504 4302 temere
1526 4251 1698 4303 aleam
1727 4250 1956 4320 jaceret,
1986 4271 2117 4323 pra-

2223 4244 2482 4299 memoria
2524 4245 2816 4313 repetendo
2843 4246 3116 4315 quidpiam
3149 4246 3373 4311 docere,
3403 4261 3642 4316 quaenam
3672 4243 3768 4294 lucc

541 4333 732 4385 settim
769 4350 890 4386 cum
950 4337 1000 4388 in
1054 4337 1160 4391 alio
1208 4339 1460 4408 quopiam
1517 4344 1709 4412 majori
1770 4348 2118 4416 praesentium
2223 4347 2277 4391 et
2320 4336 2475 4403 cujus
2511 4335 2699 4390 Meleci
2753 4338 2860 4389 tilia
2899 4337 3084 4401 fuerit,
3135 4338 3202 4391 de
3244 4353 3354 4406 qua
3399 4354 3538 4392 nunc
3589 4335 3770 4436 Isaacto

543 4423 812 4478 malorum
875 4429 1118 4490 remedio
1188 4432 1552 4487 macltinando
1621 4445 1776 4503 pater
1828 4437 1946 4508 ejus
1976 4454 2117 4494 nunc

2225 4430 2316 4482 isti
2354 4430 2669 4483 collocanda
2720 4429 3074 4492 tractabatur,
3108 4446 3282 4499 quove
3329 4447 3461 4486 casu
3507 4423 3772 4493 contigerit

540 4527 668 4565 cum
704 4513 941 4569 maxime
988 4527 1285 4586 satageret.
2148 4513 2182 4517 ”
2221 4521 2448 4575 educari
2483 4537 2604 4575 eam
2655 4522 2706 4574 in
2742 4521 2876 4576 urbe
2903 4531 2957 4575 et
2993 4522 3058 4575 ad
3091 4538 3272 4576 mores
3319 4525 3676 4577 Romanorum
3704 4516 3773 4567 in-

2221 4613 2400 4667 stitni.
2453 4613 2708 4665 Azatines
2769 4612 2858 4664 ille
2908 4613 3116 4672 sultan.
3166 4613 3230 4665 de
3265 4628 3375 4682 quo
3423 4615 3477 4666 in
3523 4607 3772 4682 prioribus

2223 4706 2395 4757 multa
2455 4703 2610 4757 libris
2644 4703 2993 4772 scripsimus,
3043 4701 3263 4758 Perside
3307 4705 3486 4758 adhuc
3537 4702 3629 4770 ipsi
3659 4697 3773 4754 sub-

2216 4793 2361 4862 jecta
2421 4805 2722 4860 perstante,
2757 4805 3042 4864 postquam
3107 4805 3193 4850 est
3223 4810 3254 4850 e
3305 4797 3487 4850 medio
3521 4791 3765 4849 sublatus.

2223 4896 2382 4958 pater
2434 4889 2603 4956 ipsius
2653 4885 2994 4955 Japhatines,
3051 4888 3135 4940 eui
3185 4889 3364 4942 Persa:
3397 4888 3624 4941 libenter
3660 4881 3773 4934 obe-

2223 4979 2471 5041 diebant,
2545 4978 2800 5048 gravibus
2854 4981 3180 5032 commissus
3230 4975 3656 5031 dissensionibus
3700 4974 3771 5022 est

2224 5088 2346 5127 cum
2387 5069 2681 5124 Rucratine
2712 5085 2810 5124 suo
2841 5084 3126 5139 germano.
3166 5069 3498 5123 V’ertebatur
3537 5066 3672 5120 enim
3694 5061 3771 5114 iu-

2226 5174 2306 5218 ter
2349 5165 2495 5233 ipsos
2521 5163 2893 5217 controversia
2924 5162 2989 5216 de
3021 5161 3346 5230 principatu,
3375 5176 3534 5230 quem
3559 5159 3642 5212 hic
3663 5165 3768 5251 pef-

2226 5257 2400 5310 tinere
2429 5255 2495 5308 ad
2536 5270 2593 5308 se
2624 5253 2960 5308 contendens
2996 5254 3045 5306 vi
3079 5254 3243 5308 etiam
3297 5256 3572 5319 armtsque
3612 5242 3768 5297 vindi-

2225 5350 2402 5411 cabat,
2435 5345 2731 5411 inclinans,
2763 5345 2884 5398 ideo
2925 5347 3066 5414 quod
3103 5346 3251 5398 illinc
3281 5343 3480 5396 auxilia
3525 5337 3768 5406 speraret.

2227 5439 2280 5492 in
2319 5447 2499 5506 partes
2532 5433 2928 5498 Tocltarorum,
2967 5433 3056 5502 qui
3089 5431 3198 5502 jam
3234 5431 3490 5486 invadere
3520 5419 3767 5506 l‘ersidefn

2227 5503 2532 5592 cmperant.
2560 5524 2641 5577 Ab
2671 5523 2756 5577 bis
2787 5522 3087 5576 instructus
3113 5522 3286 5592 copiis
3309 5535 3428 5590 quae
3458 5515 3614 5571 facile
3637 5503 3768 5602 suni-

2229 5624 2418 5671 ccrcnt
2446 5614 2512 5668 ad
2562 5612 2814 5679 fratrem,
2867 5614 3170 5683 praesertim
3225 5613 3573 5679 imparatum,
3612 5607 3770 5669 opprl'

2229 5707 2508 5767 tuendum.
2544 5713 2656 5762 toto
2690 5704 2743 5760 in
2775 5719 2897 5760 cum
2929 5707 3120 5762 ruebat
3152 5707 3382 5776 impetu,
3411 5701 3542 5755 adeo
3572 5702 3625 5748 ut
3651 5689 3767 5743 Aur

2147 3103 2189 3160 C

865 4651 955 4706 22.
979 4651 1191 4708 Rursus
1231 4654 1296 4708 de
1334 4654 1549 4711 [saucia
1579 4657 1799 4714 Heleco.

616 4787 830 4842 Etenim
879 4787 1046 4845 Persa
1101 4791 1340 4848 lsaacius
1385 4795 1626 4862 nomine,
1675 4811 1834 4865 quem
1869 4797 2118 4867 superius

539 4883 832 4937 retulimus
887 4884 1102 4940 misisse
1156 4886 1295 4938 clam
1355 4887 1736 4958 Amogabaris,
1791 4889 2118 4958 quibuscum

543 4985 676 5028 tunc
709 4975 997 5042 militabat,
1031 4978 1098 5030 ad
1152 4979 1485 5049 Augustum,
1520 4979 1613 5048 qui
1650 4995 1707 5036 se
1739 4980 1804 5034 ad
1839 4981 1955 5050 ejus
1992 4996 2120 5050 par-

540 5075 630 5122 tes
676 5067 810 5120 velle
855 5069 1089 5121 transire
1134 5072 1396 5134 dicerent,
1445 5072 1777 5139 Omninoque
1823 5070 2118 5148 facturum,

546 5156 592 5208 si
643 5155 716 5220 ei,
757 5167 915 5224 prout
964 5157 1145 5212 fuerat
1189 5161 1454 5221 oblatum,
1493 5176 1631 5214 uxor
1667 5165 1890 5215 daretur
1933 5159 2120 5214 Meleci

546 5249 682 5314 lilia,
719 5261 845 5303 tunc
878 5252 1091 5307 detecto
1125 5268 1326 5308 arcano
1360 5263 1592 5308 tractatu
1627 5256 1694 5308 ab
1719 5253 1884 5319 italis,
1916 5254 2123 5324 fugisse

548 5341 674 5394 inde
731 5340 782 5394 in
833 5342 1019 5396 Asiam
1068 5361 1193 5398 cum
1250 5345 1366 5399 suis
1405 5347 1600 5415 copiis,
1660 5347 1726 5409 is,
1759 5346 2000 5414 inquam,
2056 5361 2121 5400 ex

539 5431 808 5488 Orientali
851 5445 1050 5499 tractu,
1084 5439 1135 5490 in
1171 5454 1278 5506 quo
1314 5448 1441 5493 tunc
1472 5451 1609 5502 erat,
1655 5454 1825 5493 novos
1852 5439 1918 5494 ad
1951 5440 2122 5508 impe-

544 5536 784 5581 ratorem
821 5527 1048 5582 miserat
1091 5535 1332 5594 tmntios,
1378 5533 1466 5599 qui
1504 5529 1671 5602 609
1717 5530 1939 5585 fwderis
1974 5531 2125 5598 prius

548 5621 810 5685 pmpnsili
846 5621 1144 5674 clausulam
1179 5632 1452 5688 urgerent.
1485 5634 1540 5675 et
1571 5639 1598 5674 a
1631 5639 1688 5678 se
1716 5623 2122 5690 pollicerentur,

548 5712 594 5770 si
649 5711 745 5762 hoc
797 5712 968 5775 ticrct,
1024 5724 1270 5765 acturum
1323 5713 1495 5781 ipsum
1549 5714 1712 5767 multa
1756 5711 2013 5766 Romana:
2047 5713 2122 5767 rci
