4046 6414
320 359 421 418 (ibi!

1167 356 1266 417 ns
1305 360 1750 418 ANDRUNICU
1785 358 2251 436 PALAEULOGO
2292 360 2438 422 LIB.
2485 361 2618 423 vn.

3433 358 3541 422 670

309 489 460 542 μενος
489 473 534 526 δ’
561 472 652 526 ὑπ’
683 455 913 528 ἐκείνων
947 472 1240 545 Ἀζατίνης
1276 475 1421 542 ἔγνω
1466 474 1609 529 κατᾶ
1646 473 1882 536 σπονδὰς
1911 477 1957 532 Δ
1991 473 2284 546 βασιλικῆς
2333 479 2620 548 ἀπήλαυσε
2677 476 2930 550 βοηθείας
2982 477 3123 531 ὥστε
3175 477 3566 548 περιγενέσθαι

307 568 643 636 προσχωρεῖν
675 567 752 636 τῷ
802 566 1324 637 προῦεὸασιλευκότι
1373 566 1454 635 τῷ
1501 565 1771 635 Λάσκαρι.
1817 565 1879 620 ὐ

308 656 348 710 δ’
390 659 598 710 ὶκεῖνον
643 659 741 712 καὶ
772 659 1092 728 ὑποδέχεται
1143 659 1532 729 προσενεχθεὶς
1579 657 1884 728 φιλανθρώ-

313 767 422 811 πως
454 751 550 802 καὶ
577 752 714 821 τιμᾷ
745 753 856 813 τοῖς
886 752 1280 821 προσήκουσιν,
1305 751 1366 803 οὐ
1397 751 1503 820 μὴν
1533 750 1591 803 δὲ
1623 749 1762 803 ὥστε
1788 751 1883 804 καὶ

311 844 718 912 παρακατέχειν
742 843 854 896 δεῖν
880 845 1115 914 ἔκρινεν,
1139 843 1392 910 ἀγωνιῶν
1415 843 1666 913 περὶτῆς
1693 842 1885 910 σφετέ-

316 953 428 1005 ρας,
491 935 566 1004 μή
609 953 727 998 πως
771 937 892 998 ταῖς
941 936 1076 1006 πρὸς
1105 936 1196 988 τὸν
1234 935 1626 1004 Ῥουκρατίνην
1667 951 1886 1004 συμμα-

312 1025 456 1096 χίαις
482 1027 529 1076 oi
559 1025 694 1084 τέως
719 1024 1018 1094 ἀλλοτρίως
1047 1024 1130 1097 [Ρ.
1161 1023 1292 1096 426]
1325 1027 1438 1086 τοῖς
1473 1025 1713 1091 Πέρσαις
1737 1024 1888 1092 ἔχον-

315 1135 400 1181 τες
433 1118 670 1188 Τόχαροι
710 1119 1190 1181 κατοικειωθέντες
1223 1121 1512 1186 ἐγκρατεῖς
1565 1121 1663 1188 μὲν
1703 1116 1885 1170 αὐτῶν

313 1209 600 1276 γένωνται.
633 1214 747 1275 τοῖς
798 1211 1087 1280 Ῥωμαίων
1115 1211 1171 1263 δὲ
1200 1211 1494 1279 πράγμασι
1525 1209 1886 1280 προσϐάλλειν

313 1301 484 1370 ἔχοιεν
525 1304 583 1366 ἐξ
615 1303 879 1370 ἐγγίονος.
917 1302 1098 1374 Ταύτῃ
1145 1319 1226 1354 τοι
1274 1304 1366 1354 καὶ⁵
1401 1302 1500 1370 τὴν
1551 1302 1679 1369 περὶ
1723 1303 1887 1353 αὐτὸν

250 1421 255 1425 -
315 1392 649 1457 συγκαθίσας
678 1392 874 1460 βουλὴν
903 1393 1214 1462 ἐπήγγελλε
1243 1391 1592 1462 βουλεύεσθαι
1623 1393 1754 1462 περὶ
1779 1391 1887 1443 τῶν

313 1481 713 1549 προκειμένων,
747 1483 865 1545 ἑνὸς
887 1484 1289 1553 ἁπισχομένους
1316 1485 1417 1537 καὶ
1453 1485 1638 1554 μόνου,
1675 1482 1770 1536 τοῦ
1797 1484 1889 1537 τὸν

325 1569 610 1643 Ἀζατίνην
650 1575 1177 1643 παρακατέχεσθαιο
1217 1575 1318 1645 τὴν
1351 1576 1459 1646 γὰρ
1509 1575 1706 1645 βουλὴν
1751 1571 1890 1628 εἶναι

313 1661 516 1731 ταύτην
562 1664 793 1718 ἀπίστου
825 1665 926 1735 μὲν
976 1669 1109 1736 πρὸς
1159 1667 1406 1734 βασιλέα,
1441 1669 1533 1721 ἐπὶ
1581 1667 1812 1739 πονηρῷ
1835 1669 1891 1722 δὲ

314 1755 406 1807 καὶ
431 1755 542 1806 τῶν
577 1755 903 1826 Ῥωμαϊκῶν
930 1761 1271 1830 πραγμάτων
1301 1759 1575 1830 βουλεύειν
1598 1777 1893 1830 προαιρου-

318 1847 501 1913 μένου,
517 1848 722 1921 ἢόμοιον
747 1849 855 1919 ἄρα
903 1849 1186 1912 ποιοῦντος
1221 1852 1317 1904 καὶ
1350 1851 1599 1919 λέγοντος
1628 1852 1818 1925 ὥσπερ
1842 1855 1893 1907 ετ

314 1954 395 2001 τις
421 1939 513 1990 τὸν
563 1940 790 2008 θριγγὺν
827 1940 1122 1994 καταλύειν
1153 1942 1408 1996 ἐϐούλευε
1455 1944 1564 1997 τῶν
1597 1946 1892 2016 ὀχυρωμά-

314 2047 420 2083 των
477 2031 574 2083 καὶ
616 2031 789 2084 θέλων
841 2033 1014 2085 ταῦτα
1058 2034 1356 2104 διατηρεῖν.
1398 2035 1487 2099 Ὣς
1534 2037 1665 2105 γοῦν
1717 2037 1891 2104 οὕτως

314 2123 580 2193 ἀπείρητο
601 2123 817 2193 βασιλεῖ
845 2126 919 2194 μὴ
949 2127 1102 2196 παρὰ
1145 2127 1440 2197 Ῥωμαίοις
1469 2130 1560 2182 τὸν
1603 2130 1891 2202 ’Δζατίνην

315 2212 664 2282 κατέχεσθαι,
695 2214 790 2266 καὶ
817 2217 851 2284 ή
886 2213 1050 2285 βουλὴ
1081 2219 1398 2286 συνεφὼνει,
1433 2219 1760 2286 ὲπανέζευξε
1790 2222 1890 2290 μὲν

313 2304 514 2357 αὐτίκα
567 2306 664 2359 καὶ
711 2301 868 2369 αὖθις
899 2307 927 2360 ὁ
961 2311 1382 2380 προσχωρήσας,
1411 2311 1472 2363 οὐ
1535 2312 1642 2382 μὴν
1681 2313 1740 2366 δὲ
1796 2314 1890 2370 καὶ

314 2489 454 2544 tioes
493 2505 715 2545 suorum
757 2491 995 2545 hostium
1028 2493 1159 2558 vim,
1193 2494 1474 2550 celeritate
1508 2510 1626 2565 quae
1667 2513 1888 2554 cursum

309 2595 526 2635 omnem
563 2599 723 2638 suum
755 2593 1108 2650 .praaverteret
1157 2586 1323 2656 διο
1371 2602 1429 2643 se
1462 2587 1888 2656 insequentium,

309 2671 549 2742 eﬂ'ugcre
579 2674 739 2729 aliter
772 2676 1020 2743 nequiret
1043 2673 1210 2742 ’quam
1237 2695 1294 2732 se
1331 2679 1648 2746 recipiendo
1673 2682 1774 2736 sub
1801 2691 1890 2735 tu-

311 2762 478 2818 telam
517 2765 838 2832 imperantis
893 2774 1020 2819 tunc
1050 2765 1310 2822 Romanis
1346 2767 1613 2824 Lascaris.
1665 2771 1892 2838 Excepit

314 2853 403 2906 hic
436 2869 560 2907 eum
594 2856 876 2920 benevolo,
926 2871 989 2910 ac
1019 2861 1240 2926 quantis
1272 2877 1368 2927 par
1400 2861 1502 2916 fuit
1537 2863 1893 2918 humanitatis

311 2951 370 2996 et
417 2945 641 3000 honoris
685 2946 1177 3014 signiﬁcationibus
1209 2951 1394 3011 coluit.
1453 2967 1558 3006 non
1597 2962 1785 3009 tamen
1833 2967 1893 3011 ut

313 3043 531 3103 putaret
565 3037 713 3089 illum
739 3042 882 3106 apud
920 3053 1042 3092 sese
1077 3039 1446 3104 retinendum,
1475 3045 1685 3099 veritus
1740 3047 1890 3114 peri-

1983 569 2079 623 τοῦ
2107 569 2361 638 ἀδελςξοῦ.
2405 573 2495 634 Ὠς
2523 572 2581 624 δὲ
2620 573 2710 624 καὶ
2747 567 2904 632 αὖθις
2941 571 3151 629 ἐκεῖνος
3178 565 3567 636 ἐνεργέστερον

1984 661 2244 731 ἐπολέμει
2289 663 2383 714 καὶ
2429 663 2528 715 οὐκ
2561 656 2630 730 ἦν
2669 659 3013 730 παραμένειν
3060 659 3152 710 τὸν
3205 654 3566 724 ὑστεροῦντα,

1985 754 2111 806 ἐπεὶ
2145 756 2240 808 καὶ
2288 755 2534 809 ἐκποδὼν
2571 757 2735 826 ἦκουε
2770 754 2859 806 τὸν
2897 753 3178 820 Λάσκαριν
3233 749 3569 816 γεγενῆσθαι

1986 848 2080 900 καὶ
2137 849 2230 901 ἐπὶ
2283 848 2392 901 τῶν
2436 850 2574 902 ὅλων
2623 847 2958 914 καταστῆναι
3016 842 3108 896 τὸν
3173 841 3567 906 Παλαιολόγον,

1986 941 2252 1010 ἐχέγγυον
2300 942 2443 1012 ἔχων
2481 943 2695 1003 ἐκεῖνος
2722 941 2822 1009 τὴν
2866 939 3002 1008 πρὸς
3033 937 3123 990 τὸν
3169 933 3569 1006 βασιλεύσαντα

1987 1035 2280 1104 συνήθειαν
2329 1037 2647 1106 προσχωρεῖ
2672 1035 2763 1086 καὶ
2794 1029 2950 1092 αὖθις
2993 1032 3186 1096 ἐκείνῳ
3242 1028 3570 1096 τευξόμενος

1989 1127 2329 1196 συμμαχΐας.
2355 1127 2517 1178 Ἀλλὰ
2549 1127 2680 1179 πολὺ
2713 1127 2821 1178 τῶν
2847 1123 3078 1178 ἐλπίδων
3105 1123 3341 1189 ἐψεύσθη
3363 1137 3376 1148 ’
3408 1123 3435 1171 ὁ
3460 1121 3570 1188 γὰρ

1991 1218 2248 1288 βασιλεὺς
2275 1218 2369 1272 τοῦ
2407 1220 2543 1286 πρὸς
2571 1220 2851 1290 Τοχάρους
2881 1217 3081 1283 κήδους
3115 1214 3342 1280 δεύτερα
3389 1213 3569 1265 πάντα.

1988 1308 2056 1361 τὰ
2087 1309 2178 1362 τοῦ
2207 1310 2433 1363 σουλτὰν
2459 1311 2765 1380 τιθέμενος,
2794 1311 2886 1361 τὸν
2920 1307 3020 1378 μὲν
3047 1306 3308 1374 Τοχὰρων
3334 1305 3573 1372 ἄρχοντα

1989 1400 2235 1464 Χαλαοῦ,
2270 1403 2331 1454 τὸ
2377 1402 2441 1455 ἐκ
2478 1403 2815 1471 σπερμάτων
2867 1399 3096 1452 σκοτίων
3129 1397 3420 1464 θυγάτριον
3470 1397 3571 1465 τὴν

1990 1493 2211 1562 Μαρίαν
2235 1492 2494 1562 πέμπων,
2523 1492 2762 1558 κηδεύει,
2797 1493 2846 1544 εἰ
2881 1491 2973 1542 καὶ
3013 1488 3203 1540 τούτου
3245 1489 3301 1538 ἐν
3333 1485 3574 1556 τοσούτῳ

1990 1582 2050 1648 ἐξ
2081 1583 2372 1654 ἀνθρώπου
2410 1583 2700 1651 γεγονότος
2728 1585 2756 1636 ὁ
2789 1581 3059 1649 Ἀπαγὰς,
3089 1580 3312 1644 ἀδελφὸς
3343 1579 3417 1630 ὣν
3440 1575 3578 1629 ἐκεί·

1991 1693 2085 1728 νου
2115 1675 2211 1728 ἐπὶ
2231 1675 2334 1742 τῆς
2357 1675 2534 1743 ἀρχῆς
2557 1672 2914 1742 τεταγμένος,
2939 1671 3039 1738 τὴν
3065 1668 3286 1737 Μαρίαν
3308 1666 3573 1735 ἠγάγετο.

1995 1765 2067 1819 Τὸ
2096 1766 2153 1818 δὲ
2182 1765 2411 1818 σουλτὰν
2438 1765 2580 1818 κατὰ
2610 1765 2766 1816 πόλιν
2799 1762 2936 1832 ἔχων
2967 1761 3067 1830 ἤδη
3105 1757 3402 1825 Ῥωμαίοις
3429 1755 3574 1808 ἁλωο

1996 1858 2169 1925 μένην
2205 1855 2620 1926 περιεϐουκόλει
2653 1854 2952 1922 ἀλλαχόθεν
3003 1849 3153 1920 αὺτῷ
3181 1851 3277 1911 τὰς
3326 1847 3572 1908 ἐλπίδας.

2004 1950 2063 2003 '0
2097 1951 2154 2003 δὲ
2191 1951 2267 2020 μὴ
2302 1948 2513 2016 ἀγνοῶν
2538 1948 2607 2001 τὰ
2653 1945 3025 2017 βουλεύματα,
3060 1941 3256 2011 καιροῦ
3295 1927 3575 2010 δραξάμε-

1993 2060 2108 2106 νος,
2135 2041 2211 2105 ὡς
2252 2041 2513 2110 ἐλέγομεν
2543 2042 2600 2092 ἑν
2623 2041 2738 2102 τοῖς
2763 2038 3078 2108 προτέροις,
3105 2033 3326 2086 Δῖνοθεν
3359 2030 3572 2098 φεύγει,

1993 2134 2086 2188 καὶ
2122 2133 2216 2198 ξὺν
2260 2134 2528 2202 Τοχὰροις
2563 2131 2707 2184 κατὰ
2753 2128 2928 2194 δύσιν,
2965 2128 3082 2195 ἅμα
3117 2126 3174 2179 δὲ
3221 2123 3316 2177 καὶ
3350 2122 3428 2190 τῷ
3467 2121 3576 2173 τῶν

1992 2225 2324 2295 Βουλγάρων
2378 2224 2604 2294 ἄρχοντι
2655 2219 3078 2290 Κωνσταντίνῳ,
3121 2218 3220 2286 τὴν
3275 2212 3578 2283 φυγαδείαν

1992 2316 2290 2372 διατίθεται
2329 2315 2435 2369 ἀνὰ
2463 2314 2530 2368 τὰ
2579 2312 2676 2366 τοῦ
2724 2310 2978 2376 Εὐξείνου
3025 2309 3235 2380 βόρεια.
3264 2304 3487 2366 Πολλοῖς
3518 2300 3577 2354 δὲ

1991 2499 2134 2555 foret
2167 2499 2284 2555 haec
2313 2497 2630 2568 imprudens
2665 2495 2978 2559 sententia;
3010 2491 3168 2560 cujus
3207 2498 3459 2544 auctores
3485 2503 3578 2541 ar-

1992 2607 2137 2656 cem,
2186 2606 2348 2660 quam
2407 2591 2660 2644 invictam
2693 2597 2743 2641 et
2784 2595 3048 2640 :cternum
3107 2583 3319 2636 lirmam
3375 2597 3486 2650 pra:
3519 2593 3580 2635 se

1991 2681 2197 2737 ferrent
2228 2694 2446 2748 cupere,
2481 2680 2776 2752 suaderent
2809 2683 2990 2729 tamen
3025 2672 3221 2726 nudari
3253 2671 3401 2724 omni
3427 2681 3581 2725 exte-

1996 2772 2131 2827 riori
2161 2773 2520 2831 munimento,
2562 2779 2616 2822 et
2667 2768 2801 2834 septi
2836 2780 2899 2820 ac
2931 2765 3263 2818 clathrnrum
3294 2773 3578 2815 accessum

1995 2865 2296 2920 arcentium
2327 2863 2540 2917 cunctis
2567 2857 2864 2914 obstaculis
2903 2859 3124 2916 aunotis,
3165 2855 3308 2908 riam
3343 2853 3409 2906 ab
3445 2853 3579 2917 ipsis

1993 2957 2110 3026 ejus
2136 2953 2515 3010 defensoribus
2543 2952 2681 3006 hosti
2706 2951 2847 3004 ultro
2879 2949 3035 3018 pandi
3069 2961 3284 3015 aequum
3317 2946 3581 2998 ducerent

1994 3051 2062 3104 ad
2095 3051 2341 3103 intimum
2393 3057 2702 3101 contactum
2737 3042 2991 3103 extremi,
3037 3053 3144 3105 quo
3174 3037 3335 3092 unice
3359 3034 3582 3102 tegitur,

314 3128 497 3182 culum
514 3144 581 3182 ex
613 3131 985 3186 eoimininens
1001 3133 1084 3185 rei
1109 3131 1404 3196 Romanae;
1438 3139 1886 3204 repulabatenim
1925 3151 1972 3216 ε
2004 3143 2164 3197 muri.
2190 3140 2311 3196 Tali
2345 3140 2589 3194 oratione
2613 3137 2698 3191 vel
2724 3135 2995 3207 persuasit
3025 3133 3110 3184 vel
3132 3129 3367 3199 perpulit
3403 3127 3585 3180 Azati—

316 3221 436 3274 ﬁeri
474 3219 630 3276 facile
657 3235 820 3288 posse
855 3233 910 3277 ut
930 3222 1044 3290 jam
1083 3235 1213 3278 ante
1247 3225 1536 3292 praevalida
1585 3228 1636 3281 in
1658 3227 1892 3284 Perside

317 3309 697 3366 Tocharorum
742 3312 1222 3379 l‘actio,societatis
1249 3316 1410 3371 modo
1439 3332 1562 3371 cum
1598 3317 1893 3375 Rucratine

315 3401 468 3459 inite
502 3403 665 3458 illicio
698 3403 879 3463 Persis
915 3405 1180 3460 hactenus
1225 3407 1275 3461 ei
1316 3408 1536 3462 fortiter
1570 3410 1895 3465 obsistenti-

309 3493 422 3548 bus
474 3494 652 3552 fucum
694 3495 928 3558 faciens,
962 3497 1027 3549 ad
1056 3498 1244 3552 ﬁctam
1287 3498 1409 3554 illos
1447 3501 1892 3557 conciliationem

317 3585 646 3648 attraheret,
671 3586 838 3654 cujus
872 3586 1067 3641 deinde
1093 3587 1304 3643 ﬁducim
1335 3589 1724 3646 indormientes
1749 3593 1896 3660 ipsos

317 3674 480 3740 plane
521 3673 838 3742 subigeret;
887 3689 952 3729 ac
989 3683 1098 3734 tum
1146 3679 1528 3746 conSpirantes
1560 3679 1742 3736 Persa:
1772 3698 1895 3738 cum

318 3767 607 3832 Tocharis,
639 3779 900 3836 prastextu
944 3771 1264 3830 Ructatinis
1293 3773 1498 3843 jurium
1529 3785 1585 3830 et
1612 3778 1791 3843 specie
1812 3778 1898 3832 ul-

289 3859 702 3948 .cisce‘ndorutn
751 3859 842 3927 qui
877 3861 999 3929 ejus
1038 3852 1572 3934 aemulum'hospitio
1627 3867 1898 3933 foverent,

317 3948 628 4009 Bornannm
674 3965 704 4005 e
755 3952 937 4007 vicino
978 3953 1342 4022 irrumperent
1391 3955 1638 4024 limitem,
1688 3958 1898 4013 bellum

319 4043 730 4104 internecinum
771 4043 1001 4112 imperio
1031 4055 1334 4100 moventes.
1364 4045 1624 4102 ’Adhibito
1648 4062 1778 4117 ergo
1804 4050 1902 4102 im-

317 4144 541 4202 perator
591 4133 1000 4202 perhumaniter
1046 4135 1274 4190 Azatine
1305 4152 1429 4191 cum
1477 4139 1612 4202 suis,
1649 4140 1902 4195 hortatus

317 4238 419 4278 eos
454 4234 537 4278 est
573 4225 639 4278 ad
677 4223 1092 4292 disquirendum
1122 4227 1263 4280 inter
1284 4243 1409 4282 sese
1433 4230 1562 4298 quid
1598 4231 1686 4284 tali
1719 4249 1899 4288 rerum

316 4317 544 4371 cardine
582 4316 705 4370 iniri
746 4310 974 4370 consilii
1037 4318 1185 4372 utilis
1233 4320 1301 4373 ad
1340 4318 1614 4376 fortunam
1646 4324 1901 4380 afﬂictam

315 4409 558 4463 extorris
587 4409 856 4478 principis
905 4410 1292 4471 sublevandam
1337 4424 1538 4480 posset.
1572 4409 1767 4486 inquo
1794 4420 1904 4474 aie-

315 4502 413 4556 bat
449 4514 554 4553 non
607 4511 983 4560 recusaturum
1031 4515 1092 4556 se
1150 4516 1513 4572 quascunque
1557 4504 1661 4560 sibi
1715 4509 1902 4564 auxilii

319 4591 598 4659 officiique
636 4593 703 4644 ad
741 4591 897 4645 istud
933 4593 1248 4662 delegareut
1279 4603 1482 4662 partes.
1533 4595 1708 4652 Unum
1743 4601 1904 4653 modo

322 4681 638 4740 necessaria
671 4696 738 4742 ex
771 4696 938 4740 causa
1003 4683 1308 4752 deprecari,
1341 4700 1417 4741 ne
1443 4701 1475 4739 a
1520 4700 1582 4739 se
1612 4688 1902 4755 petendum

317 4771 706 4834 existimarent
745 4773 1081 4834 utresidere
1112 4774 1396 4836 Azatincm
1436 4777 1487 4831 in
1514 4791 1613 4831 suo
1639 4778 1902 4833 comitatu

318 4873 627 4936 pateretur.
682 4865 919 4923 Exitiale
977 4865 1029 4920 id
1083 4867 1350 4936 utrisque,
1376 4867 1518 4936 ipsis
1551 4868 1806 4926 videlicet
1847 4878 1904 4924 et

316 4955 450 5017 sibi,
486 4955 773 5009 consilium
799 4954 1075 5019 futurum,
1098 4959 1298 5028 quippe
1323 4959 1464 5013 unde
1500 4969 1755 5014 secutura
1781 4975 1906 5030 pro-

319 5047 604 5104 videretur
648 5048 834 5120 ingens
891 5048 1175 5103 calamitas
1224 5051 1460 5117 imperii,
1511 5051 1665 5121 cujus
1709 5054 1903 5121 Opibus

319 5139 430 5207 ipsi
467 5139 652 5209 utique
679 5139 1192 5210 jurarinequirent,
1222 5143 1327 5198 nisi
1371 5144 1583 5198 salvum
1617 5144 1792 5214 ipsnm
1823 5147 1904 5200 in-

317 5227 646 5295 columeque
678 5239 965 5298 perstaret.
1007 5231 1102 5293 llis
1154 5234 1395 5299 locis_,,ut
1420 5244 1542 5295 tum
1567 5244 1903 5294 erant-tem-

317 5335 480 5387 pora,
506 5321 662 5376 fateri
702 5338 824 5378 sese
869 5324 1024 5393 ipsis,
1066 5326 1306 5381 exterius
1345 5328 1503 5395 quasi
1538 5329 1736 5383 vallum
1784 5344 1906 5385 esse

315 5412 588 5466 Romana:
624 5414 938 5474 securitatis
975 5416 1154 5472 foedus
1183 5419 1382 5474 dudum
1419 5427 1782 5485 contractum,
1812 5422 1907 5476 ha-

315 5514 520 5558 etenus
549 5505 951 5569 illacsum,cum
984 5509 1211 5564 ﬁnitima
1241 5510 1484 5566 Perside.
1518 5511 1688 5580 Hujus
1715 5513 1906 5568 infrin-

315 5595 489 5664 gendi
515 5596 862 5656 manifestum
890 5615 1016 5657 esse
1039 5601 1387 5669 plausibilem
1414 5603 1694 5658 obtentum
1719 5603 1902 5659 datum

313 5688 394 5741 iri
425 5685 706 5744 Rucratini
743 5702 798 5745 et
830 5690 1117 5758 Tocharis,
1155 5709 1323 5751 exoso
1353 5697 1486 5764 ipsis
1515 5698 1656 5765 apud
1692 5694 1906 5752 Roma-

316 5793 432 5846 nos
461 5778 704 5850 principe
753 5782 1042 5839 servando.
1091 5783 1244 5842 Uudc
1287 5785 1435 5842 clare
1465 5786 1702 5858 perspici
1741 5801 1900 5858 quam

1998 3250 2120 3290 nem
2151 3236 2424 3302 Augustus
2459 3229 2706 3286 Lascaris
2740 3231 2805 3283 ad
2842 3225 3144 3296 perfugium
3172 3221 3297 3275 alibi
3337 3233 3587 3300 quaeren—

1994 3326 2145 3380 dum.
2182 3325 2294 3380 Nec
2319 3324 2482 3393 611
2523 3332 2702 3376 tamen
2766 3318 3025 3372 continuo
3078 3314 3446 3369 discedentem
3471 3297 3586 3365 asc

1996 3417 2255 3488 prosequi
2275 3415 2489 3470 auxiliis
2515 3413 2706 3466 validis
2722 3409 2927 3464 destitit
2945 3426 2960 3475 ;
2981 3422 3208 3476 quorum
3229 3420 3350 3474 0pc,
3371 3401 3584 3456 caeteris

1999 3513 2113 3567 suis
2149 3511 2415 3579 prasidiis
2444 3508 2729 3577 adjunctis,
2765 3506 2965 3560 factum
2992 3503 3186 3556 deinde
3215 3507 3300 3555 est
3337 3508 3394 3552 ut
3428 3499 3585 3550 fratri

1999 3603 2318 3673 prtevaleret
2361 3602 2640 3664 Azatines,
2702 3607 2757 3652 et
2805 3605 3082 3651 extortum
3143 3593 3242 3662 ipsi
3302 3601 3587 3659 paternum

2001 3697 2180 3750 denuo
2205 3694 2520 3763 possideret
2553 3691 2866 3759 imperium.
2932 3687 3126 3740 Verum
3170 3698 3236 3736 eo
3277 3682 3473 3734 iterum
3509 3678 3594 3733 fe-

2001 3787 2184 3841 rocius
2222 3785 2388 3840 etiam
2427 3797 2591 3852 quam
2639 3781 2766 3836 olim
2810 3776 3230 3847 apparatiusque
3263 3771 3588 3833 rebellante,

2001 3891 2124 3930 cum
2157 3885 2305 3929 stare
2338 3874 2390 3927 in
2424 3880 2745 3940 recuperato
2771 3868 2908 3922 solio
2936 3864 3185 3933 nequiret
3211 3862 3418 3915 viribus
3446 3859 3595 3916 haud,

2001 3967 2165 4020 dubie
2191 3965 2451 4018 Azatines
2479 3960 2726 4020 inferior,
2760 3958 2989 4013 audiens
3012 3957 3059 4009 is
3085 3952 3304 4007 Lascari
3331 3951 3602 4007 defuncto,

2003 4055 2298 4125 praesidere
2333 4065 2582 4120 suprema
2615 4055 2882 4116 potestate
2908 4045 3168 4101 Romanis
3197 4043 3360 4095 rebus
3386 4039 3602 4092 Palmm.

2003 4149 2206 4216 logum,
2254 4145 2445 4198 fretus
2515 4141 2752 4211 quadam
2815 4143 3101 4192 contracta
3167 4132 3272 4187 sibi
3329 4144 3454 4185 cum
3523 4143 3590 4182 eo

2004 4238 2279 4306 quondam
2329 4233 2505 4287 adhuc
2567 4230 2782 4301 privato
2838 4225 3247 4281 necessitudine
3299 4220 3604 4284 familiaris

2006 4327 2282 4393 amiciti-.9,
2329 4326 2394 4378 ad
2440 4337 2648 4377 novum
2705 4325 3091 4386 imperatorem
3137 4313 3412 4376 convolat,
3459 4311 3588 4380 quin

2011 4429 2156 4475 esset
2213 4417 2285 4470 ab
2343 4429 2408 4470 eo
2459 4414 2846 4482 impetraturos
2905 4408 3101 4463 auxilia
3155 4422 3260 4460 non
3315 4403 3589 4458 dubitans.

1937 4485 1980 4540 θ
2011 4513 2330 4580 Quanquam
2365 4509 2645 4563 sua'illum
2695 4508 2746 4559 in
2781 4506 2883 4558 hoc
2927 4503 3145 4572 quidem
3207 4499 3354 4568 large
3395 4495 3603 4550 ﬁducia

2009 4601 2220 4658 fefellit.
2252 4600 2389 4655 Nam
2432 4600 2734 4669 imperator
2765 4596 3096 4663 Palaeologus
3125 4591 3378 4652 Michael,
3413 4588 3602 4646 ftedus

2000 4709 2128 4749 cum
2189 4693 2453 4748 Tocharis
2487 4691 2643 4759 longe
2692 4687 2919 4743 sultanis
2958 4684 3211 4738 amicitia:
3261 4686 3601 4750 praeoptans,

2007 4797 2131 4852 spes
2162 4781 2323 4850 hujus
2355 4790 2410 4836 et
2441 4790 2558 4834 vota
2577 4777 2888 4848 posteriora
2919 4785 3114 4828 cuncta
3151 4787 3264 4824 suae
3301 4769 3390 4823 isti
3421 4768 3603 4822 desti-.

2009 4875 2214 4930 nationi
2237 4874 2461 4936 habuit,
2491 4887 2653 4941 quam
2681 4885 2748 4924 eo
2793 4867 3067 4936 promovit
3115 4876 3286 4933 usque
3327 4870 3382 4914 ut
3424 4861 3602 4920 ﬁliam,

2009 4951 2411 5022 suamanotham
2440 4964 2661 5018 Mariam
2694 4959 2928 5030 principi
2959 4957 3334 5012 TOrharorum
3382 4951 3602 5016 Chalatt

2007 5060 2276 5113 connuh‘o
2314 5056 2626 5110 sociandam
2672 5052 2914 5116 miserit;
2947 5065 3054 5118 quo
3089 5049 3233 5102 inter
3265 5055 3599 5116 apparatum

2009 5152 2318 5218 nuptiarum
2367 5148 2478 5202 fato
2526 5146 2732 5208 functo,
2782 5143 2952 5198 frater
2990 5141 3164 5207 ipsius
3222 5140 3475 5208 idemque
3533 5139 3598 5203 iit

2008 5243 2313 5313 principatu
2393 5253 2685 5295 successor
2763 5239 2982 5306 Apagas
3065 5233 3293 5288 Mariam
3362 5247 3600 5294 uxorem

2010 5331 2187 5386 duxit.
2223 5328 2502 5385 Sul-tanem
2538 5343 2701 5397 porro
2740 5325 2968 5382 Michael
3003 5325 3056 5378 in
3086 5329 3224 5380 urbe
3261 5325 3372 5390 jam
3418 5338 3448 5375 e
3489 5323 3592 5376 La-.

2011 5421 2141 5477 linis
2195 5429 2414 5488 recepta
2467 5419 2760 5474 honoriﬁce
2792 5413 3002 5472 secum'
3033 5416 3258 5479 habens,
3296 5413 3459 5466 variis
3493 5415 3592 5466 sei

2008 5516 2166 5567 vanis
2221 5520 2400 5567 astute
2436 5511 2676 5566 lactabat
2737 5511 2972 5579 spebus;
3005 5510 3094 5577 qui
3133 5508 3248 5575 ejus
3282 5516 3430 5560 artes
3481 5517 3599 5569 quo.

2010 5614 2324 5675 spectarent
2358 5620 2462 5658 non
2496 5606 2772 5674 ignorans,
2810 5610 3050 5666 arrepto.
3085 5610 3143 5651 ut
3174 5598 3224 5650 in
3257 5597 3410 5648 libris
3438 5594 3593 5662 prio-1

2009 5697 2159 5752 ribus
2191 5697 2639 5760 memoravimus,
2665 5706 2930 5764 tempore,
2955 5708 3016 5746 ex
3047 5689 3189 5744 1Eth
3213 5704 3338 5742 arce
3354 5686 3511 5755 fugit.
3533 5697 3589 5738 et

2008 5787 2397 5846 dedttcentibus
2433 5786 2713 5854 Tocharis,
2767 5795 2876 5840 tum
2931 5783 2986 5848 in,
3037 5780 3274 5837 Occiduo
3307 5775 3592 5842 n_tilitanti-.
