4046 6424
487 331 592 394 675

1670 317 1995 380 GEORGII
2036 313 2518 378 PACHYMERJE

3632 312 3732 376 676

471 448 730 503 κάκείνου
791 445 1088 513 γενομένου
1129 445 1219 499 διὰ
1274 443 1375 505 τὰς
1427 440 1638 494 ἐκεῖθεν
1705 439 1824 492 κατ’
1878 437 2047 491 αὐτοῦ
2085 441 2131 498 Α
2161 440 2437 508 συνιστᾷν.
2498 437 2606 490 Καὶ
2645 435 2831 489 πολλοί
2891 451 3038 498 τινες
3091 433 3342 503 εἱρκταῖς
3391 434 3620 492 ἐδίδοντο
3666 441 3735 502 ὡς

471 540 685 610 vitam
709 537 774 599 δἰἷ
813 538 878 606 δὴ
914 538 1154 606 Βρουλᾶς
1195 554 1278 600 τις
1329 539 1394 588 ἐκ
1432 533 1742 602 Ῥωμαίων,
1785 531 1881 584 καὶ
1919 532 2055 582 Και-

474 629 702 698 σαρείας
729 629 828 692 τῖς
867 628 1138 680 Φιλίππου
1181 628 1502 689 ἐπίσκοπος,
1546 623 1757 692 βασιλεῖ
1786 622 1880 674 καὶ
1908 619 2054 690 αὑτῷ

475 721 800 790 προσελθὼν
830 723 1150 792 πατριάρχῃ
1177 721 1270 773 καὶ
1294 721 1613 783 ἀνενέγκας,
1636 715 1907 786 πεμφθεὶς
1931 716 2052 768 σύν·

475 828 593 882 αμα
642 816 738 866 καὶ
785 817 895 875 τοῖς
940 817 1000 864 ἐκ
1051 812 1316 882 βασιλέως
1385 809 1650 878 πρέσϐεσι
1705 806 2054 874 κατελέγχειν

476 904 744 974 ἠπείγετο
771 919 783 930 ·
812 905 860 957 οἳ
893 909 988 957 καὶ
1021 906 1348 964 ἐπιστάντες
1391 900 1790 969 Ἱεροσολύμοις
1818 899 1908 951 τὸν
1954 898 2053 966 μὲν

473 998 827 1066 πατριάρχην
853 997 1132 1060 ἐξωθοῦσι,
1174 996 1264 1047 τὸν
1296 996 1350 1047 δὲ
1382 992 1622 1062 Βρουλᾶν
1657 991 1810 1060 παρὰ
1837 991 1935 1057 τὴν
1957 991 2052 1041 τοῦ

476 1086 742 1153 βασ.λὲως
767 1088 982 1156 θέλησιν
1005 1088 1116 1153 (τὶν
1142 1091 1250 1156 γὰρ
1279 1088 1502 1156 βασιλέα
1532 1086 1694 1154 ζῆλος
1723 1086 1883 1153 μόνος
1914 1103 2050 1137 κατ-

474 1179 672 1246 ήπειγε
727 1180 1092 1243 ἐξετάζεσθαι
1142 1181 1211 1233 τὰ
1278 1181 1625 1249 ἐγκλήματα)
1659 1181 1752 1230 ἐπὶ
1805 1176 1899 1228 τοῦ
1957 1175 2055 1245 τῆς

475 1270 664 1330 Allia;
696 1269 914 1338 θρόνου.
944 1272 1177 1339 φέροντα
1206 1271 1301 1322 καὶ
1324 1270 1499 1322 ταῦτα
1524 1269 1694 1336 μύσος
1722 1268 2053 1337 ἀφορισμοῦ,

474 1362 550 1423 ὡς
565 1361 798 1428 ἐλέγετο,
822 1363 1484 1432 φέροντεςένθρονίζουσι.
1513 1362 1625 1416 Καὶ
1646 1363 1831 1414 λοιπὸν
1849 1364 2060 1430 ἀπηρτ·

474 1458 679 1526 ημένου
704 1459 956 1510 κάκείνου
992 1459 1165 1520 ὄντος,
1211 1459 1365 1528 μόνος
1406 1461 1434 1511 ὁ
1469 1458 1888 1528 πατριαρχεύων
1934 1459 2060 1510 σύν-

473 1569 589 1618 αμα
647 1553 724 1620 τῷ
757 1552 1205 1620 προσκομίζοντι,
1255 1553 1650 1620 ἀπηρτημένου
1677 1552 1768 1604 τοῦ
1802 1551 2058 1617 Ἀλεξαν-

473 1643 657 1710 δρείας
685 1646 775 1695 καὶ
803 1645 896 1695 τοῦ
936 1644 1250 1703 Θεοπόλεως
1278 1645 1402 1715 ἤδη,
1437 1647 1494 1696 ἐν
1519 1647 1631 1707 τοῖς
1666 1645 1832 1712 ἱεροῖς
1867 1645 2054 1697 διπτύ-

474 1753 592 1802 χοις
615 1735 1041 1803 ἐμνημονεύετο.
1083 1738 1388 1804 Ἀρχιερεῖς
1416 1737 1471 1787 δὲ
1504 1737 1552 1788 οί
1584 1737 1683 1806 μὲν
1711 1738 2052 1805 ἀπεδήμουν,

473 1827 741 1886 καὶτοὺς
808 1827 1212 1894 ἐπιδημοῦντας
1280 1828 1584 1893 ἀποδημεῖν
1643 1829 2051 1896 κατηνάγκαζε.

475 1915 614 1976 Τοὺς
642 1915 697 1966 δὲ
753 1916 847 1967 τοῦ
897 1917 1102 1986 κλήρου
1137 1920 1374 1981 τιμίους,
1428 1918 1521 1980 οὓς
1566 1919 1758 1981 δεινῶς
1805 1921 2052 1988 ὑφεώρα,

475 2009 601 2066 τοὺς
639 2007 695 2058 δὲ
727 2009 1282 2078 προσαφαιρούμενος
1308 2011 1405 2062 καὶ
1439 2011 1506 2062 τὰ
1540 2011 1829 2081 σιτηρέσια
1872 2015 2056 2081 ἀπρα-

475 2100 624 2150 κτεῖν
653 2101 848 2152 ἐποίει.
885 2097 990 2153 Ἠν
1041 2101 1095 2153 δὲ
1134 2103 1226 2153 καὶ
1255 2105 1366 2156 τοῖς
1395 2104 1538 2155 κατά
1583 2121 1635 2154 τι
1680 2105 2058 2172 προσκόπτου-

479 2207 564 2242 σιν
604 2191 683 2253 είς
716 2192 878 2243 αὐτὸν
915 2194 947 2261 ἡ
987 2194 1048 2244 ὲκ
1083 2192 1350 2262 βασιλέως
1379 2194 1697 2264 ἀποστροφὴ
1743 2196 2054 2267 ἀπαραίτη-

475 2296 587 2345 τος,
623 2283 870 2345 Θέλοντος
904 2284 1110 2336 ἐκεῖνον
1154 2283 1442 2346 εὐλαϐείας
1474 2285 1697 2354 τρόποις
1728 2285 1789 2349 ἐξ
1816 2285 2055 2349 ἅπαντος

477 2457 700 2511 strictus
734 2457 953 2525 ingenti,
981 2468 1187 2525 partem
1218 2459 1433 2527 pietatis
1458 2459 1540 2513 vel
1573 2461 1862 2515 maximam
1897 2473 2056 2531 puta-

477 2537 561 2600 bat
597 2548 648 2600 in
690 2550 902 2601 cunctis
947 2549 993 2600 ei
1043 2550 1274 2603 obnoxie
1307 2566 1508 2602 morem
1544 2566 1754 2618 gerere.
1794 2551 2057 2609 Carceres

475 2651 608 2704 ergo
675 2648 728 2691 et
794 2639 1167 2707 ignom‘niosaa
1227 2642 1601 2696 danmationes
1665 2645 1715 2696 in
1771 2646 2060 2711 quantulo-

478 2743 687 2793 cunque
740 2729 1103 2796 deprehensos
1135 2733 1282 2798 lapsu
1310 2743 1458 2785 certo
1488 2748 1549 2786 ac
1583 2736 1762 2788 subito
1792 2737 2062 2802 quoslibet

474 2821 840 2890 excipiebant.
868 2822 1168 2876 Commune
1221 2839 1382 2892 porro
1435 2826 1727 2878 concilium
1783 2827 2059 2890 Ecclesiae,

477 2929 545 2968 ne
573 2916 696 2982 quis
733 2917 797 2967 ad
832 2917 882 2968 id
915 2917 1124 2984 synodo
1156 2925 1340 2970 coacta
1389 2932 1543 2969 suam
1589 2918 1780 2972 referri
1835 2935 2060 2974 causam

479 3014 573 3056 aut
611 3005 977 3071 querimonias
1026 3019 1184 3070 posse
1237 3006 1558 3066 conﬁderet,
1621 3005 1674 3058 in
1738 3006 2061 3073 paucissima

2163 533 2303 601 μήτε
2343 530 2465 584 τινὰ
2496 528 2848 599 παράκλησιν
2897 528 3047 597 ἔχειν
3071 531 3232 596 -μήτε
3269 532 3384 597 μὴν
3421 531 3486 580 ὲκ
3517 531 3611 582 τοῦ
3645 549 3735 583 τυ-

2161 623 2352 692 χόντος
2377 620 2821 691 ὲλευθεροῦσθαι,
2847 621 2922 680 ὡς
2951 619 3045 673 καί
3075 635 3228 680 τινας
3255 619 3610 688 ἀποδράντας
3636 623 3738 675 τῶν

2165 714 2442 782 μοναχῶν,
2472 714 2592 764 ἐπεὶ
2623 715 2722 766 οὐκ
2759 708 2828 781 ἧν
2858 713 3043 780 σφίσιν
3085 713 3220 764 ὅπου
3243 713 3355 780 ἄρα
3382 715 3481 764 καὶ
3506 715 3740 782 προσφύ-

2161 820 2328 872 γοιεν,
2352 808 2684 873 προσφυγεῖν
2705 807 2816 866 τοῖς
2841 805 2982 857 κατὰ
3001 805 3099 872 τὴν
3116 803 3360 873 Περαίαν
3384 805 3652 874 φρερίοις.
3672 809 3696 856 'l
3713 807 3740 859 δ

2163 896 2588 964 προτεινόμενον
2610 899 2724 960 τοῖς
2758 895 3074 950 εὐθύνουσιν
3107 899 3138 965 ἠ
3179 897 3480 965 κακουχία,
3501 898 3588 948 ἵνα
3615 897 3738 964 γοῦν

2164 987 2278 1042 ἀλλ’
2315 987 2486 1048 οὕτως
2528 989 2774 1040 οωθεῖεν.
2818 988 2926 1039 Καὶ
2959 987 3119 1039 τοῦτο
3149 982 3215 1056 ἦν
3259 988 3532 1055 ἄντικρυς
3566 988 3626 1038 τὸ
3652 987 3739 1038 τοῦ

2163 1079 2431 1147 Διοδώρου
2473 1081 2701 1148 πατρὸς,
2729 1079 2788 1130 τὸ
2820 1079 3138 1129 κακοποιεῖν
3164 1095 3322 1137 τινας
3363 1075 3602 1145 βαθέως,
3622 1078 3742 1130 ὅταν

2163 1171 2442 1240 δικαίωμα
2478 1171 2622 1222 θεῖον
2648 1170 2900 1242 μίξωσιν.
2939 1169 3025 1241 [Ρ.
3055 1168 3185 1240 450]
3223 1169 3394 1221 Ἀλλὰ
3427 1169 3538 1238 γὰρ
3573 1171 3740 1237 παρά-

2163 1261 2317 1326 δοξόν
2348 1266 2494 1315 ἐστιν
2529 1263 2630 1315 οὐκ
2657 1264 2706 1315 εί
2736 1265 2928 1331 γέγονέ
2956 1279 3007 1315 τι
3029 1263 3130 1330 τῆς
3163 1261 3463 1326 συνηθείας
3487 1262 3610 1326 ἔξω,
3638 1259 3741 1312 ἀλλ’

2165 1359 2214 1409 εί
2249 1354 2323 1426 μὴ
2353 1359 2460 1408 πᾶν
2495 1358 2610 1408 ἐστι
2661 1355 2720 1409 τὸ
2753 1357 3076 1425 γιγνόμενον
3107 1358 3166 1409 ἐν
3211 1356 3401 1408 ἐλπίσι
3433 1358 3567 1422 πρὶν
3594 1356 3626 1425 ἢ
3657 1355 3740 1406 καὶ

2165 1446 2442 1513 γενέσθαι.
2485 1447 2548 1499 Ἦ
2586 1449 2685 1514 μὲν
2736 1443 2827 1500 οὖν
2865 1448 2994 1516 περὶ
3024 1448 3117 1498 τὸν
3166 1446 3628 1518 πατριαρχοῦντα
3655 1448 3738 1499 τοῦ

2169 1537 2438 1606 βασιλέως
2491 1537 2675 1600 αἰδὼς,
2709 1541 2802 1590 καὶ
2836 1539 2896 1591 τὸ
2948 1541 3380 1610 συγκεχωρηκὸς
3431 1541 3520 1607 ἐφ’
3553 1542 3740 1594 ᾰπςισιν

2169 1631 2233 1684 ὲκ
2264 1631 2644 1700 πληροφορίας
2675 1633 2792 1684 οὔτι
2826 1635 3051 1703 μικρᾶς,
3083 1634 3158 1695 ὡς
3186 1633 3388 1698 ἐδόκει,
3417 1635 3494 1697 ὼς
3520 1636 3610 1687 καὶ
3636 1651 3741 1687 στο-

2169 1725 2289 1786 λαῖς
2323 1727 2583 1792 ἁγάλλειν
2608 1727 2731 1788 ταῖς
2772 1726 3193 1794 λαμπροτάταις
3226 1726 3452 1793 σύναμα
3484 1727 3743 1788 πλείστοις

2161 1823 2273 1882 τοῖς
2303 1821 2384 1882 εἰς
2410 1821 2502 1872 τὸν
2533 1821 2660 1874 ναὸν
2707 1821 3079 1889 ἀναθήμασιν,
3116 1822 3171 1882 ἐς
3199 1822 3284 1873 ὅτι
3318 1820 3584 1890 πλείστης
3613 1819 3746 1888 φιλο-

2159 1913 2315 1974 θετας
2345 1907 2485 1964 εἶναι
2519 1913 2693 1965 ταῦτα
2728 1913 2823 1965 καὶ
2869 1911 3188 1981 φιλοκαλίας
3214 1910 3314 1964 τοῦ
3365 1911 3637 1980 βασιλέως
3668 1929 3745 1962 πι-

2161 2005 2472 2069 στεύεσθαι,
2522 2007 2617 2058 καὶ
2658 2005 2967 2058 ὑπακούειν
3018 2005 3253 2072 ἑτοίμως
3285 2005 3347 2067 ἐς
3405 2005 3435 2057 ὃ
3466 2021 3519 2056 τι
3566 2004 3627 2070 δὴ
3659 2003 3743 2056 καὶ

2159 2097 2545 2167 διαμηνύσειε,
2577 2099 2672 2152 καὶ
2695 2097 2942 2167 ἁπαντᾷν
2974 2096 3236 2164 συχνάκις
3264 2097 3327 2146 ὲν
3349 2092 3568 2162 ἑορταῖς
3602 2093 3746 2158 ἐξάλ-

2157 2190 2281 2253 λους
2319 2191 2415 2242 καὶ
2460 2185 2898 2250 πολυταλάντους
2934 2189 3033 2251 τὰς
3079 2188 3270 2248 στολὰς
3324 2187 3590 2254 φέροντα,
3625 2187 3746 2254 ἡρε-

2160 2284 2283 2352 μείν
2314 2284 2525 2334 ἐκεῖνον
2559 2282 2660 2334 οὐκ
2702 2283 2812 2345 sia,
2844 2279 2960 2334 ἀλλ’
3001 2279 3277 2350 ὁσημέραι
3317 2278 3654 2345 ὑπανοιγνὺς
3677 2276 3746 2328 δι-

2158 2461 2289 2516 cleri
2335 2463 2598 2530 quosdam
2659 2461 2879 2528 quidem
2933 2459 3242 2528 patriarcha
3332 2459 3579 2530 gravium
3639 2471 3745 2511 sus-

2161 2561 2348 2620 pectos
2410 2552 2644 2606 habebat
2683 2552 2997 2614 criminum,
3046 2550 3319 2619 quosdam
3391 2561 3571 2604 autem
3626 2549 3744 2602 sub-

2166 2645 2354 2698 tractis
2395 2644 2690 2696 alimentis
2755 2658 2970 2697 cessare
3023 2645 3091 2695 ab
3145 2641 3457 2695 officiorqu
3503 2639 3746 2695 exercitio

2163 2737 2412 2805 erigebat.
2464 2735 2829 2788 Tantumdem
2867 2748 3030 2802 porro
3077 2740 3193 2786 erat
3255 2735 3437 2801 gratia
3492 2731 3742 2788 excidisse

2164 2829 2307 2896 apud
2358 2825 2724 2895 patriarcham
2788 2834 2838 2878 et
2890 2825 3233 2892 imperatoris
3280 2827 3456 2894 ipsius
3506 2824 3741 2892 indigna-

2166 2922 2368 2974 tionem
2431 2919 2778 2973 incurrisse:
2851 2933 2976 2971 nam
3043 2932 3405 2987 quoscunque
3459 2915 3742 2986 quomodo-

2168 3027 2382 3076 eunque
2419 3027 2616 3066 exesos
2641 3013 2867 3066 haberet
2896 3011 3246 3074 Athanasius,
3281 3010 3504 3064 eosdem
3545 3009 3742 3061 Andro-

479 3095 758 3146 redactum
816 3095 990 3160 capita
1041 3109 1177 3162 pene
1240 3095 1448 3147 nullum
1499 3105 1637 3156 erat,
1690 3097 2056 3150 exterminata
2089 3121 2133 3176 ρ
2167 3109 2322 3160 uicus
2370 3105 2588 3174 pietatis
2643 3118 2754 3158 sua;
2801 3103 3027 3171 putabat
3074 3118 3194 3158 esse
3245 3101 3672 3156 irrevocabililer
3697 3105 3743 3150 et

479 3184 666 3251 utique
700 3184 1067 3238 Alexandrino
1094 3184 1428 3252 patriarcha,
1453 3185 1792 3238 Antiocheuo
1828 3187 2062 3240 alienato

480 3286 704 3342 propter
741 3274 1078 3342 Hodegorum
1129 3277 1539 3340 monasterium,
1574 3276 2065 3346 Hierosolymitano

478 3380 716 3435 quoque,
750 3367 837 3420 cui
867 3377 919 3420 et
944 3366 1044 3434 ipsi
1080 3381 1276 3420 nomen
1312 3367 1488 3420 fuerat
1514 3369 1866 3432 Athanasius,
1894 3385 2066 3438 nuper

482 3467 844 3510 exauctorato
906 3467 1124 3524 propter
1190 3457 1381 3511 allatas
1439 3473 1504 3511 ex
1564 3459 1669 3512 illis
1725 3461 1968 3526 partibus
2011 3461 2062 3513 in

481 3547 670 3600 urbem
734 3549 1112 3610 accusationes
1169 3548 1286 3615 ejus
1341 3564 1439 3617 per
1501 3553 1787 3616 quemdam
1851 3551 2062 3605 Brulam

484 3639 723 3702 nemine,
758 3655 824 3692 ex
875 3639 1138 3694 Romanis
1180 3641 1490 3702 oriundum,
1532 3639 1796 3695 Caesarea:
1835 3641 2064 3711 Philippi

481 3732 832 3799 episcopum;
869 3732 958 3797 qui
1003 3743 1270 3784 convento
1308 3733 1372 3784 de
1408 3732 1727 3786 criminibus
1766 3748 1885 3801 qua:
1915 3733 2066 3787 defe-

485 3823 641 3876 rebat
669 3823 995 3891 imperatore
1033 3822 1260 3890 ipsoque
1305 3824 1636 3890 patriarcha,
1672 3826 1850 3880 redire
1883 3827 2069 3896 jussus

483 3919 628 3971 unde
665 3928 891 3971 venerat
920 3932 1040 3971 cum
1075 3918 1418 3985 imperatoris
1459 3917 1649 3985 legatis
1685 3917 1748 3971 ad
1783 3917 2072 3986 exploran-

483 4013 612 4064 dum
671 4024 853 4062 coram
903 4009 1046 4062 itane
1095 4023 1154 4063 se
1205 4023 1289 4062 res
1325 4009 1611 4084 [haberent
1663 4009 1738 4062 uti
1787 4017 2070 4062 accusator

482 4099 718 4162 dixerat,
760 4099 835 4161 hi,
888 4107 944 4152 ut
991 4098 1124 4165 ipsis
1172 4107 1256 4151 est
1304 4098 1500 4162 visum,
1536 4098 1694 4165 plene
1731 4098 1962 4152 convicti
2007 4099 2072 4154 de

485 4191 714 4245 veritate
749 4190 1078 4256 delatorum,
1114 4191 1344 4259 profecti
1379 4189 1807 4260 Hierosolymam
1841 4192 2073 4258 patriar.

485 4279 644 4332 cham
674 4281 890 4347 quidem
939 4291 1292 4334 extruserunt
1339 4284 1488 4345 sede,
1530 4279 1748 4334 Brulam
1801 4289 1984 4335 autem
2019 4282 2072 4336 in

485 4367 646 4425 Elite
684 4371 850 4441 616
883 4371 1079 4424 throno
1120 4373 1484 4435 collocarunt,
1523 4388 1622 4442 per
1660 4375 1764 4427 vim
1803 4375 1852 4428 id
1892 4385 2074 4428 atten-

2167 3195 2674 3251 immisericorditer
2734 3196 3004 3264 persequi.
3066 3194 3218 3248 Unde
3291 3195 3496 3248 multos
3552 3190 3738 3261 passim

2166 3287 2513 3357 contingebat
2562 3289 2612 3340 in
2661 3287 2931 3355 ergastula
2965 3287 3259 3356 compingi,
3293 3298 3350 3342 et
3398 3287 3594 3341 ibidem
3638 3281 3744 3336 sine

2167 3378 2274 3432 ulla
2342 3377 2826 3432 consolatinneulaa
2925 3376 3293 3444 admistione,
3395 3379 3534 3432 citra
3596 3373 3738 3427 ullam

2167 3473 2628 3538 exspectationem
2681 3470 2977 3536 aliquando
3021 3485 3355 3526 successum
3401 3465 3740 3524 liberatiouis.

2167 3563 2237 3617 ad
2284 3563 2726 3631 desperationem
2783 3560 2947 3627 adigi.
2983 3561 3139 3616 Unde
3189 3565 3579 3616 monmdiorum
3623 3571 3742 3610 non-

2171 3655 2297 3707 nulli
2326 3672 2391 3708 ex
2433 3656 2532 3710 ista
2562 3656 2763 3708 infelici
2810 3668 2954 3708 sorte
3001 3655 3143 3707 nacti
3179 3653 3439 3723 effugium
3476 3652 3739 3710 furtivum,

2169 3763 2291 3801 Cum
2331 3748 2536 3801 nullum
2571 3748 2782 3818 asylum
2834 3747 3080 3800 viderent
3123 3747 3265 3799 inter
3311 3755 3530 3800 nostros
3567 3750 3740 3801 lutum,

2171 3840 2398 3908 profecti
2437 3841 2501 3893 ad
2528 3838 2746 3893 Frerios
2793 3841 2845 3892 iu
2881 3838 3058 3891 Peraea
3093 3839 3580 3905 degenteseorum
3633 3843 3742 3900 pro-

2174 3923 2406 3985 tectiou'e
2441 3931 2749 3985 utebantur.
2779 3928 2955 3998 Atque
2979 3929 3030 3982 in
3067 3929 3149 3982 his
3187 3929 3381 3980 mirum
3408 3935 3542 3986 erat,
3572 3928 3740 3978 contra

2173 4040 2389 4080 omnem
2412 4024 2572 4093 juslte
2594 4039 2658 4077 ac
2682 4024 2960 4078 canonicae
2989 4023 3482 4076 animadversionis
3511 4019 3740 4072 formam.

2175 4133 2280 4172 non
2319 4115 2758 4171 emendationem
2795 4124 2887 4168 aut
2925 4113 3154 4167 salutem
3191 4129 3258 4167 ex
3311 4114 3413 4167 hac
3455 4116 3739 4164 secuturam

2176 4208 2603 4276 delinquentium
2658 4206 2828 4260 videri
2891 4219 3011 4260 esse
3061 4220 3159 4274 pro
3216 4219 3384 4274 ερορο
3436 4195 3742 4270 propositam

2178 4300 2546 4370 puuientibus,
2607 4299 2700 4354 sed
2752 4313 3055 4352 mrumnam
3129 4277 3298 4365 ipsa'm
3364 4311 3430 4350 ac
3491 4291 3741 4344 miseria!“

2179 4409 2366 4447 eorum
2403 4393 2453 4446 in
2482 4407 2618 4460 quos
2660 4391 3210 4444 animadverteretur.
3245 4389 3377 4455 Qme
3413 4389 3456 4442 si
3495 4384 3610 4450 quis
3642 4374 3744 4428 suis

491 4472 668 4514 tantes
709 4473 762 4514 et
814 4471 1004 4515 contra
1055 4463 1401 4531 imperatoris
1434 4464 1786 4530 voluntatem,
1828 4466 1917 4534 qui
1955 4466 2063 4520 solo

2183 4483 2473 4538 momentis
2520 4481 2772 4543 a‘stimel,
2829 4481 3170 4534 verissimum
3222 4479 3469 4548 profecto
3511 4488 3600 4541 per
3644 4467 3744 4518 lucc

489 4551 748 4604 instinctu
777 4552 1035 4619 religiosi,
1068 4563 1124 4606 ut
1150 4553 1390 4621 putabat,
1429 4555 1527 4608 zeli
1561 4556 1737 4609 delata
1768 4559 2069 4613 examinari

490 4643 720 4696 crimina
752 4659 964 4710 aequum
997 4655 1307 4710 censuerat,
1332 4662 1436 4699 non
1473 4659 1650 4702 autem
1695 4653 2070 4706 excommuni-

488 4741 669 4787 catqu
708 4737 858 4804 prius
909 4737 1204 4798 hominem,
1250 4739 1426 4805 qualis
1475 4739 1666 4794 Brulas
1701 4742 2071 4811 deprehensus

490 4836 676 4894 postea
705 4837 810 4889 est,
844 4828 894 4881 in
929 4843 1085 4881 sacra
1117 4827 1207 4882 illa
1235 4831 1362 4884 sede
1413 4833 1693 4886 constitui.
1721 4831 1870 4887 Novo
1909 4835 2074 4904 igitur

489 4917 654 4971 etiam
739 4917 858 4987 ipso
948 4921 1261 4987 patriarcha
1326 4919 1823 4994 Hierosolymorum
1911 4925 2075 4980 Brula

493 5020 711 5078 propter
741 5011 1034 5064 anathema
1090 5027 1372 5080 suspenso,
1406 5029 1528 5068 cum
1566 5024 1622 5068 et
1667 5025 1843 5080 antea,
1883 5025 1940 5070 ut
1992 5023 2076 5073 est

492 5099 718 5162 dictum,
755 5103 1004 5167 suspensi
1053 5104 1256 5171 pariter
1305 5106 1532 5160 fuissent
1573 5107 1972 5162 Alexandrinus
2023 5117 2078 5163 ει

493 5191 939 5259 Theopolitanus,
974 5197 1173 5249 nullius
1199 5197 1314 5266 jam
1345 5197 1572 5254 alterius
1596 5214 1624 5252 e
1661 5199 1833 5253 sueris
1866 5200 2077 5269 publice

495 5283 763 5350 diptychis
801 5283 1128 5338 recitabatur
1192 5301 1387 5341 nomen
1440 5289 1540 5341 nisi
1616 5289 1899 5343 Athanasii
1929 5291 2078 5346 Con-

495 5375 960 5442 stantiuupolitani
1016 5378 1184 5432 solius
1242 5380 1667 5447 patriarcbtmet
1717 5383 1808 5451 qui
1863 5398 2076 5439 sacram

498 5475 623 5518 tunc
665 5467 991 5521 oblationem
1043 5470 1374 5534 celebrabat,
1437 5475 1759 5528 sacerdotis.
1824 5475 2078 5546 Episcopi

495 5567 674 5608 autem
735 5559 939 5611 versari
993 5560 1128 5613 alias
1174 5562 1224 5614 iu
1277 5563 1410 5617 urbe
1456 5564 1598 5618 soliti
1645 5565 1885 5636 plerique
1939 5570 2081 5623 ultro

497 5649 776 5716 abierant;
809 5653 851 5705 si
886 5653 977 5718 qui
1033 5668 1158 5706 vero
1205 5655 1382 5709 adhuc
1423 5670 1822 5727 comparerent,
1867 5677 2078 5716 stnmua

499 5740 548 5792 vi
582 5739 848 5817 facessere
877 5747 998 5800 inde
1031 5746 1508 5814 componebantur.
1533 5749 1571 5802 E
1603 5753 1926 5821 priiuorihus
1954 5769 2084 5807 vero

2180 4575 2526 4640 comprobari
2583 4572 2950 4641 deprehendet
2984 4571 3113 4626 illttd
3149 4571 3314 4642 617
3347 4563 3558 4623 Diodori
3592 4553 3744 4629 patris

2182 4665 2391 4732 antiqui
2439 4665 2666 4727 dictttm,
2715 4664 2979 4730 quosdam
3043 4674 3153 4715 tum
3214 4660 3496 4716 exitiosius
3539 4662 3740 4706 nocere.

2182 4774 2306 4812 cum
2358 4757 2820 4812 animadversioni
2887 4772 2998 4810 sua:
3065 4755 3370 4809 divinarum
3423 4739 3746 4821 justificatin-

2182 4865 2309 4904 num
2367 4849 2749 4917 allegationem
2811 4847 3228 4902 immiscueriul.
3295 4847 3558 4902 Ceterum
3596 4834 3742 4886 mira-

2185 4941 2288 4996 bile
2340 4951 2422 4995 est
2465 4955 2568 4994 non
2611 4941 2828 5008 quidem
2888 4940 2940 4992 in
2992 4939 3094 4994 hoc
3147 4937 3366 4992 homine
3417 4930 3544 4988 nihil
3591 4936 3741 5020 al’Pff‘

2186 5032 2359 5087 ruisse
2390 5032 2628 5085 secundo
2654 5031 3018 5097 patriarchatu
3065 5044 3093 5082 a
3127 5029 3324 5098 prioris
3348 5022 3632 5080 acerbitate
3664 5011 3737 5107 di-

2185 5133 2424 5184 versum,
2454 5121 2546 5176 sed
2576 5121 2644 5174 ab
2676 5121 2739 5172 iis
2772 5121 2862 5189 qui
2897 5136 3101 5184 rursus,
3133 5119 3281 5172 illum
3319 5117 3476 5171 talem
3517 5110 3733 5173 exper'“

2185 5219 2595 5279 promoveruut,
2646 5226 2750 5262 non
2804 5208 2972 5263 fuisse
3000 5210 3298 5277 provismu,
3331 5216 3384 5261 et
3420 5203 3549 5256 citra
3591 5191 3734 5245 ulla"!

2188 5303 2581 5356 dubitationem
2642 5303 2958 5370 priusquam
3021 5302 3291 5356 evenisset
3368 5293 3734 5364 exspectatum.

2189 5393 2605 5463 haudquaquam
2638 5395 2786 5448 illum
2821 5395 2888 5447 ab
2917 5409 3012 5447 usu
3056 5405 3247 5447 natura
3281 5402 3335 5447 et
3374 5373 3736 5443 consuetudine

2190 5485 2378 5539 inclito
2433 5484 2790 5540 deflexurutn.
2853 5485 2910 5539 In
2974 5485 3078 5538 hoc
3130 5493 3309 5536 autem
3380 5488 3516 5532 nunc
3577 5469 3729 5535 ipsum

2191 5575 2363 5643 magis
2403 5576 2683 5643 magisque
2704 5575 3062 5629 confirmabat
3095 5573 3384 5640 insigniter
3417 5563 3658 5648 eminens.
3685 5552 3733 5648 εξ

2193 5663 2471 5717 continuis
2507 5678 2565 5717 se
2594 5663 2958 5717 observantia:
3011 5661 3318 5728 favorisque
3353 5645 3726 5726 pt'opcusissillt'

2197 5755 2438 5824 quotidie
2472 5755 2756 5809 liberalius
2803 5753 3035 5810 efferens
3083 5754 3404 5821 obsequium
3452 5732 3726 5813 proud"um
3819 5763 3821 5765 ί
