4046 6406
344 341 428 424 977
608 312 619 319 ’
1212 347 1310 411 DE
1348 349 1798 413 ANDRONICO
1840 346 2300 410 PALEOLOGO
2334 326 2485 410 'LIB.
2530 347 2661 410 vn.

3471 348 3580 412 ϐῖὸ

303 454 587 524 παστήρια
644 457 745 521 τὰς
806 458 1018 526 κρίσεις
1069 461 1327 532 ηύθέτει.
1389 463 1466 528 ὼς
1525 466 1623 520 καὶ
1686 460 2222 532 τύπουςᾼταχόθεν
2253 459 2362 516 τῶν
2402 460 2749 531 πραγμάτων
2800 458 3334 533 ἀντιπαλαμώμενος
3366 464 3576 535 πέμπει

306 545 579 617 ἀρχαίους
611 549 1008 618 μεταλλάττειν
1039 552 1183 608 κατὰ
1214 554 1276 608 τὸ
1303 555 1463 623 δόξαν
1495 559 1778 627 συμφέρον
1801 559 1894 611 καὶ

308 638 565 706 εὐλαϐὲς,
599 642 696 695 καὶ
729 642 923 709 ἄλλους
967 646 1067 715 μὲν
1097 645 1365 719 καθιστᾷν
1394 650 1452 702 ἐν
1496 649 1696 714 ἄλλοις,
1728 666 1897 721 μονα-

312 729 447 799 χοὺς
475 730 531 783 δὲ
574 736 912 802 μονοφαγίαν
959 737 1084 790 κατ’
1112 739 1343 803 ὲννάτας
1372 740 1442 794 δι’
1488 740 1646 805 ἔτους
1679 743 1892 805 ἀσκεῖν,

310 822 440 892 δίχα
474 822 659 890 μέντοι
688 827 968 883 Σασϐἁτου
1019 830 1116 883 καὶ
1142 831 1452 902 Κυριακῆς.
1495 831 1661 885 Ὅθεν
1695 833 1759 902 δὴ
1801 832 1897 885 καὶ

313 912 448 983 τρία
477 917 542 968 ἐκ
568 915 667 969 τοῦ
706 918 1004 974 ἀκολούθου
1043 922 1116 976 τὰ
1148 922 1319 993 μείζω
1356 923 1531 978 ταῦτα
1561 924 1899 994 πλημμελεί-

318 1007 450 1059 σθαι
478 1006 793 1075 ξυνέῧαινε,
822 1011 964 1083 πρὸς
1004 1015 1084 1084 τῷ
1126 1017 1223 1070 καὶ
1270 1017 1527 1086 πατέρων
1564 1019 1770 1080 τύπους
1801 1018 1900 1087 ἀρ-

316 1098 508 1167 χαίους
576 1101 945 1158 ἀλλάσσεσθαι
958 1131 1005 1184 ,σ
1040 1103 1235 1177 οἶμαι,
1305 1110 1419 1173 τοῖς
1467 1109 1893 1180 ἀμελεστέροις,

317 1184 698 1258 λαθροφαγίαν
750 1192 1066 1264 ἀπληστίαν
1097 1214 1158 1250 τε
1193 1198 1290 1251 καὶ
1337 1198 1479 1271 ὑπὲρ
1504 1200 1567 1253 τὸ
1612 1199 1732 1254 δέον
1783 1202 1900 1264 τοῖς

318 1280 681 1350 ἑστιωμένοις
714 1283 897 1356 δείλης
944 1287 1124 1356 ὀψίας,
1160 1291 1259 1343 καὶ
1288 1291 1471 1361 τρίτον
1503 1290 1566 1345 τὸ
1613 1291 1901 1362 παραθεω-

321 1371 536 1440 ρείσθαι
566 1373 668 1435 τὰς
698 1378 969 1445 μυστικὰς
1003 1381 1119 1444 τοῖς
1147 1380 1247 1451 ὀψὲ
1276 1383 1641 1452 σιτουμένοις.
1678 1382 1901 1452 Ἀγλευ-

319 1463 427 1534 κὴς
456 1464 514 1518 δὲ
544 1468 657 1527 τοῖς
702 1468 870 1520 πᾶσιν
898 1470 1077 1523 ἐδόκει
1119 1473 1213 1524 καὶ
1253 1472 1470 1544 ἄχαρις,
1499 1473 1561 1527 τὸ
1590 1478 1720 1541 περὶ
1771 1473 1899 1536 τοὺς

284 1607 303 1649 ἡ
326 1556 522 1624 νόμους
554 1558 797 1622 ἐπιεικὲς
829 1561 957 1631 μηδ’
984 1561 1119 1634 ὄναρ
1142 1563 1318 1628 εἰδὼς.

319 1666 420 1723 κδ’.
463 1666 545 1722 Τὰ
580 1671 714 1739 περὶ
751 1674 858 1729 τοῦ
886 1674 1158 1744 μεγάλου
1180 1679 1570 1760 Ξτριμικηρὶου
1610 1681 1717 1737 τοῦ
1744 1636 1919 1736 Καθ’-ἣ

989 1765 1230 1803 σιανου.

394 1832 483 1910 [Ρ.
515 1837 641 1910 sai]
683 1840 742 1892 Ὁ
780 1838 964 1909 μέντοι
995 1855 1057 1908 γε
1092 1838 1346 1910 βασιλεὺς
1380 1842 1456 1913 τῷ
1488 1842 1741 1914 δυσχεριῖ
1768 1845 1904 1898 παν-

323 2017 393 2071 ad
437 2017 620 2072 omnia
673 2019 1068 2090 veneratioque
1097 2021 1492 2077 demississima
1532 2023 1901 2095 imperatoris.

322 2110 425 2164 llic
452 2111 597 2164 enim
617 2111 724 2165 alta
749 2110 984 2180 quadam
1015 2111 1136 2181 ejus
1160 2113 1257 2168 viri
1280 2116 1620 2182 meritorum,
1641 2118 1900 2172 virtutum

322 2203 620 2273 gratiaeque
655 2205 797 2273 apud
841 2203 1007 2260 Deum
1061 2206 1265 2261 intimae
1318 2208 1722 2265 existimatione
1768 2225 1905 2281 prae-

321 2305 646 2364 occupatus,
695 2312 970 2352 summam
998 2298 1117 2352 sibi
1137 2299 1409 2367 religiosa:
1440 2299 1662 2369 pietatis
1687 2302 1902 2356 laudem

320 2386 692 2441 constituebat
742 2387 794 2441 in
824 2387 972 2442 nullo
1003 2386 1112 2442 line
1157 2400 1249 2442 aut
1280 2391 1438 2442 modo
1459 2388 1709 2444 faciendo
1736 2391 1905 2458 ipsius

321 2474 516 2531 ciliciis
543 2484 598 2530 et
648 2474 927 2531 beneﬂciis
969 2478 1220 2532 ornandi.
1271 2477 1452 2544 Quare
1492 2479 1640 2531 illum
1670 2479 1903 2536 subinde

324 2568 725 2622 munerabatur
784 2567 938 2622 stolis
1001 2568 1458 2643 splendidissimis
1519 2570 1903 2639 pretiosissimi

326 2667 551 2727 textus;
602 2659 837 2715 addebat
867 2674 971 2714 una
997 2661 1229 2730 plurint‘a
1258 2662 1486 2717 donaria
1555 2664 1759 2729 votiva,
1783 2674 1911 2733 quc

323 2751 537 2806 circum
569 2764 694 2806 aras
715 2753 1174 2820 appenderentur,
1209 2762 1556 2806 motnnnenta
1610 2754 1667 2806 in
1704 2754 1903 2822 templo

321 2845 621 2913 conspicua
646 2843 952 2899 devotionis
1002 2845 1210 2914 pariter
1247 2854 1300 2899 et
1334 2846 1751 2914 maguilicentia:
1805 2848 1902 2901 do.

323 2937 509 2992 nantis
530 2937 765 2999 eximite,
799 2938 1097 3006 eademque
1121 2938 1284 2992 veluti
1315 2939 1537 3007 pignora
1574 2939 1903 3007 patriarcha)

321 3028 508 3084 futura
531 3030 888 3098 paratissime
931 3031 1035 3084 sibi
1064 3030 1132 3083 ad
1190 3041 1354 3085 nutus
1390 3046 1602 3094 omnes,
1634 3029 1900 3100 quidquid

1999 553 2101 624 μὲν
2128 554 2221 607 τὸν
2246 554 2498 625 γαμϐρὸν
2526 553 2691 608 αὑτοῦ
2723 555 3037 608 Κασσιανὸν
3061 556 3157 609 καὶ
3182 555 3242 621 ἐξ
3265 558 3577 627 ἀξιώματος

2001 648 2176 718 μέγαν
2226 648 2589 718 πριμικήριον
2640 648 2745 702 ἀνά
2788 648 2857 700 τὰ
2895 649 3037 719 μέρη
3087 648 3189 716 τῆς
3220 651 3576 722 Μεσοθινίας,

1998 741 2087 810 ἐφ’
2116 734 2270 810 ᾧπερ
2305 740 2398 791 καὶ
2427 739 2502 801 ὡς
2534 738 2650 809 ἔχοι
2708 739 2775 793 ἂν
2818 740 2978 793 τάκεῖ
3019 740 3313 812 καθιστᾷν·
3369 744 3427 804 ὃς
3475 746 3581 798 καὶ

1999 832 2194 904 καιρὸν
2222 831 2513 901 διατρίψας
2545 834 2602 883 ὲν
2630 834 2741 895 τοῖς
2781 833 2899 885 ἐκεῖ
2932 834 3234 904 φρουρίοις,
3271 836 3391 886 ἐπεὶ
3429 836 3579 891 ἔδοξε

1998 927 2065 994 τῇ
2099 925 2262 994 βουλῇ
2301 924 2503 992 φόρους
2540 924 2784 990 ἐκλέγειν
2816 926 2878 977 ἐκ
2919 924 3030 977 τῶν
3064 926 3421 993 κτηματικῶν
3454 931 3583 992 τοὺς

2002 1013 2280 1084 συνήθεις,
2337 1012 2406 1066 ἵν’
2452 1010 2561 1065 εἷεν
2595 1009 2744 1068 οὗτοι
2792 1012 2873 1084 τῷ
2926 1018 3042 1068 ἐκεῖ
3091 1017 3471 1088 στρατιωτικῷ
3499 1021 3582 1079 εἰς

2004 1107 2252 1177 μισθοὺς,
2288 1109 2496 1169 ἐκεῖνος
2527 1107 2558 1177 ἢ
2593 1106 3086 1176 καταδημαγωγῶν
3115 1109 3206 1161 τὸν
3240 1109 3385 1173 λαδν,
3423 1113 3455 1180 ἢ
3484 1113 3578 1165 καὶ

2001 1197 2128 1251 ἄλλο
2160 1198 2213 1249 τί
2253 1197 2305 1250 oi
2335 1195 2516 1259 δόξαν,
2547 1194 2643 1248 τὸν
2689 1197 2771 1257 είς
2816 1195 2978 1249 τοῦτο
3020 1197 3342 1266 πεμφθέντα
3368 1199 3581 1269 Bagoa-

1999 1286 2101 1353 λῆν
2132 1286 2424 1357 κατασχὼν
2477 1287 2699 1348 πολλαῖς
2746 1289 2866 1349 ταῖς
2911 1288 3148 1357 πληγαῖς
3208 1290 3453 1359 manu,
3487 1292 3582 1343 καὶ

2005 1380 2213 1449 μᾶλλον
2263 1381 2344 1433 ὅτι
2380 1380 2593 1448 φθάσας
2638 1381 2922 1450 Βαρδαλῆς
2955 1383 3322 1451 προσήγγειλε
3371 1383 3584 1449 βασιλεί

2000 1470 2072 1522 τὰ
2122 1470 2371 1540 χείριστα
2417 1469 2540 1522 κατ’
2590 1470 2827 1534 ἐκείνου,
2871 1471 3163 1541 δεξάμενος
3203 1475 3328 1536 τοὺς
3384 1474 3582 1541 λόγους

2004 1565 2136 1633 παρ’
2162 1561 2346 1627 ἄλλου,
2374 1561 2447 1624 ὼς
2476 1561 2642 1629 κῆδος
2665 1562 2801 1633 πρὸς
2839 1561 2934 1615 τὸν
2968 1563 3182 1633 Πέρσην
3213 1565 3470 1634 συνιστᾷν
3503 1565 3588 1616 ati-

2006 1656 2180 1725 ρ;ἶται
2227 1658 2323 1707 καὶ
2379 1653 2783 1724 κοινοπραγίαν
2834 1654 2973 1725 πρὸς
3013 1655 3222 1707 ἐκεῖνον
3287 1656 3428 1708 κατὰ
3472 1655 3583 1708 τῶν

2007 1747 2307 1818 βασιλικῶν
2350 1748 2699 1817 πραγμάτων
2747 1747 3078 1803 συντίθεται.
3129 1747 3314 1819 Ταύτῃ
3359 1765 3440 1801 τοι
3491 1748 3584 1801 καὶ

2011 1837 2482 1910 προσταττόμενος
2516 1841 2786 1912 ἀπαντᾷν,
2816 1843 2843 1894 ὁ
2876 1840 2933 1895 δὲ
2963 1840 3338 1894 δυσελπιστῶν
3366 1841 3495 1911 περὶ
3520 1833 3583 1893 οὗ

2006 2017 2175 2073 semel
2208 2017 2264 2071 in
2296 2018 2383 2071 die
2436 2031 2533 2070 nec
2562 2015 2695 2070 hora
2729 2017 2881 2086 prius
2908 2031 3049 2071 nona
3085 2015 3444 2080 cornedendo,
3482 2030 3580 2070 ex-

2005 2108 2176 2177 ceptis
2231 2107 2471 2162 Sabbato
2502 2116 2556 2160 et
2593 2108 2894 2164 Dotniniea.
2936 2106 3091 2162 Unde
3143 2110 3341 2163 multos
3400 2112 3582 2165 minus

2006 2201 2244 2254 robustae
2294 2199 2516 2254 virtutis
2561 2199 2911 2255 imbecillitas
2942 2202 3174 2254 humana
3207 2201 3490 2271 subigebat
3528 2203 3584 2257 in

2007 2293 2111 2346 tuis
2142 2292 2388 2361 quaedam
2428 2306 2537 2345 non
2572 2306 2765 2361 parum
2812 2293 3169 2347 abhorrentia
3224 2308 3255 2345 a
3305 2296 3461 2349 scitis
3494 2294 3594 2348 Pa-

2008 2392 2150 2436 trum
2180 2382 2283 2435 labi
2308 2382 2550 2452 piacula,
2584 2385 2818 2451 primum
2849 2385 2913 2435 ad
2938 2383 3078 2436 olant
3105 2384 3444 2452 usurpandas
3485 2399 3583 2439 co-

2009 2472 2302 2527 niectiones
2355 2472 2606 2535 furtivas,
2654 2472 2847 2526 deinde
2899 2472 2970 2525 ad
3001 2473 3370 2526 exvedeudtnn
3403 2473 3586 2535 iubis,

2005 2563 2227 2618 licentia
2250 2564 2445 2619 secreti
2475 2579 2569 2631 per
2604 2564 2868 2619 tenebras
2894 2576 3208 2628 nocturnas,
3241 2565 3438 2620 tit-bitas
3469 2581 3587 2619 mo-

2008 2656 2132 2711 dum
2191 2654 2583 2724 temperantiae,
2655 2654 2893 2721 denique
2927 2656 2994 2709 ad
3039 2657 3401 2710 irreverenter
3449 2657 3590 2711 assi-
3630 2693 3637 2698 -

2005 2747 2258 2800 standum
2313 2745 2557 2815 mysticis
2589 2758 2747 2798 mane
2777 2745 3067 2800 celebratis
3131 2746 3432 2811 sacriﬁciis,
3467 2762 3590 2815 quae

2006 2838 2215 2894 scilicet
2250 2838 2536 2892 nocturnis
2567 2838 2885 2907 ittgttrgilat‘i
2920 2838 3417 2893 comessationlbns
3441 2839 3589 2907 pIeni

2005 2928 2182 2981 adhuc
2215 2928 2439 2994 crapula
2468 2929 2703 2987 obirent.
2739 2927 2981 2981 immane
3013 2938 3275 2996 quantum
3312 2928 3585 2984 indecenti

2006 3032 2061 3076 et
2096 3039 2124 3074 ιι
2184 3020 2356 3076 forma
2392 3022 2765 3086 ecclesiastica
2802 3020 3027 3088 antiqua
3060 3021 3426 3087 degenerante
3477 3023 3580 3074 mi-

322 3117 625 3188 pmeipere
657 3127 750 3173 aut
784 3120 1025 3173 imiicare
1073 3120 1361 3193 libuisset,
1398 3119 1632 3175 efficacis
1672 3120 1898 3190 Augusti
1929 3129 1971 3181 c
2007 3113 2249 3167 uisterio.
2286 3111 2490 3165 IIorum
2520 3121 2701 3165 tamen
2731 3111 3042 3178 patriarcha
3076 3124 3303 3165 securus
3320 3114 3589 3180 omnium,

320 3207 647 3266 voluntatis.
687 3212 990 3266 Accedebat
1019 3218 1296 3266 ostentata
1335 3214 1579 3266 studiose
1615 3212 1682 3265 ab
1708 3213 1901 3264 eodem

319 3303 633 3358 obedientia
665 3303 1080 3357 iuoccurreudo
1124 3303 1338 3371 quoties
1368 3317 1396 3355 a
1450 3305 1759 3373 patriarcha
1806 3317 1899 3355 vo-

320 3406 548 3450 caretur
575 3395 642 3449 ad
676 3395 952 3465 quaslibet
974 3394 1282 3450 functiones
1317 3411 1525 3451 sacras.
1553 3396 1708 3462 Quod
1738 3394 1904 3448 facti-

320 3491 477 3544 tabat
508 3489 810 3555 praesertim
862 3489 914 3542 iu
952 3488 1128 3552 festis,
1168 3503 1291 3543 cum
1343 3503 1471 3542 cura
1504 3489 1765 3557 peculiari
1805 3487 1904 3541 hu-

322 3582 559 3636 norandi
605 3582 952 3645 invitantem,
995 3578 1302 3635 accedentia
1347 3582 1570 3632 adeum
1624 3580 1678 3633 in
1709 3582 1902 3633 vestitu

322 3685 394 3728 ac
411 3671 557 3728 cuitu
591 3671 1014 3742 exquisitissimi
1038 3670 1473 3741 splenduris.’Ex
1502 3673 1703 3740 quibus
1735 3670 1906 3740 signis

325 3764 508 3836 palam
546 3763 937 3819 demonstratis
959 3778 1081 3818 cum
1118 3779 1224 3818 non
1254 3763 1424 3832 magis
1449 3765 1561 3831 ipse
1593 3764 1904 3831 patriarcha

321 3872 490 3926 quam
516 3870 713 3910 omnes
743 3858 922 3910 onmis
957 3854 1170 3922 generis
1222 3855 1466 3908 homines
1516 3857 1784 3909 sentirent
1814 3856 1908 3907 ad-

321 3948 688 4005 dictissimum
717 3959 772 4004 et
804 3962 927 4004 esse
977 3956 1034 4002 et
1056 3947 1489 4002 irrevocabiliter
1521 3946 1761 3999 I'ntnrunt
1792 3952 1907 3999 Λιι-

323 4036 611 4096 dronicum
656 4041 978 4105 Athanasio,
1007 4041 1128 4093 inde
1171 4042 1633 4110 consequebatur,
1687 4049 1740 4091 ut
1780 4039 1908 4095 hinc

323 4131 546 4202 quidem
579 4131 818 4187 universi
855 4131 1076 4186 ordines
1099 4133 1201 4185 sub
1240 4131 1563 4200 patriarcha:
1617 4122 1941 4203 tyrannide'

327 4235 609 4294 gementes
635 4226 702 4279 de
726 4224 852 4277 tnaIi
895 4221 1054 4289 hujus
1087 4224 1396 4277 levamento
1421 4263 1437 4288 ,
1490 4225 1634 4290 quod
1688 4224 1908 4276 aliunde

323 4332 489 4388 quam
520 4317 589 4372 ab
608 4318 834 4384 Augusti
861 4322 1132 4384 potestate
1168 4318 1413 4382 nequiret
1440 4315 1778 4382 exspectari,
1810 4314 1903 4367 de-

326 4419 648 4480 sperarent,
697 4409 813 4476 ipse
853 4418 1034 4460 autem
1093 4408 1399 4476 patriarcha
1443 4408 1777 4475 esperieutia
1821 4407 1902 4461 sui

327 4498 475 4570 pleni
528 4498 581 4553 in
611 4498 875 4568 principis
924 4497 1163 4551 animum
1202 4497 1429 4551 dominii
1490 4512 1594 4552 nou
1633 4514 1822 4565 parum
1850 4504 1902 4550 in

330 4590 454 4645 dies
489 4589 759 4658 quidlibet
783 4589 1084 4643 attentandi
1130 4590 1583 4658 ltnperiosiusque
1625 4604 1689 4643 ac
1719 4592 1910 4644 inexo-

327 4682 559 4738 rahiIius
587 4682 926 4750 opprimendi
961 4682 1230 4749 quoslibet
1287 4681 1455 4735 {erant
1497 4682 1768 4736 licentiam
1808 4699 1907 4736 au-

328 4784 504 4843 gcrci.
531 4773 719 4843 Itaque
742 4774 881 4828 haud
906 4788 1142 4842 unquam
1198 4771 1439 4828 furarent
1468 4775 1749 4829 remittens
1775 4774 1906 4828 hor-

330 4866 492 4920 ribile
517 4866 759 4935 quotidie
789 4863 1031 4918 tribunal
1073 4863 1381 4931 aperiebat,
1416 4864 1632 4917 miseris
1676 4865 1908 4920 citaudis

328 4971 471 5023 quos
508 4957 627 5011 sine
670 4955 1047 5010 misericordia
1078 4954 1383 5008 damnaret.
1406 4952 1461 5006 In
1487 4969 1598 5023 quo
1635 4955 1787 5022 pensi
1824 4955 1908 5007 ui-

331 5048 411 5104 hil
468 5048 739 5111 habebat,
770 5055 913 5101 esset
956 5047 1100 5114 quod
1159 5047 1354 5116 agebat
1402 5060 1575 5100 necne
1625 5061 1653 5098 a
1708 5046 1907 5115 regulis

330 5141 571 5209 antiquis
623 5150 676 5195 et
712 5139 883 5193 forma
929 5139 1192 5192 canonica
1245 5138 1670 5193 dissctttancum.
1723 5139 1901 5193 Conli-

333 5232 653 5288 dentissitne
687 5232 887 5300 quippe
945 5244 1044 5299 pro
1075 5228 1340 5282 arbitratu
1381 5230 1673 5283 innovebat
1715 5229 1910 5282 immu-

333 5326 593 5393 tahatque
637 5333 858 5388 cunt-ta,
891 5333 1052 5391 prout
1097 5321 1377 5389 judicabat
1435 5324 1905 5375 accommodatum

332 5419 422 5481 ad,
475 5430 638 5486 quam
691 5413 1268 5468 informatumdudtnu
1298 5413 1481 5465 animo
1525 5412 1801 5464 mordicus
1829 5421 1910 5465 te-

332 5511 517 5573 nebat,
552 5506 826 5575 religiouis
853 5515 908 5560 et
937 5504 1325 5560 ecclesiastica:
1357 5505 1657 5574 disciplima
1679 5520 1908 5574 prorsus

329 5614 610 5655 enormem
643 5599 842 5653 ideam.
883 5597 1049 5667 Igitur
1071 5596 1239 5668 618
1265 5599 1402 5653 alios
1430 5599 1737 5659 amovebat,
1771 5599 1907 5653 alios

331 5694 660 5761 prmiiciebat
690 5690 900 5753 olIiciis,
955 5689 1094 5743 citra
1131 5698 1442 5759 respectum
1485 5690 1675 5746 ullum.
1717 5690 1906 5744 Mona-

333 5790 465 5841 citos
496 5799 623 5841 τωο
656 5768 1006 5841 severissime
1053 5785 1280 5855 cogebat
1329 5792 1442 5842 toto
1471 5800 1611 5841 anno
1632 5784 1905 5857 jejunare,

2008 3209 2273 3278 pergebat
2292 3207 2535 3261 instituta
2568 3207 2672 3270 vin,
2698 3217 2927 3261 cunctos
2949 3205 3232 3261 fasiIdIOSG
3255 3204 3585 3273 despiciens,

2008 3299 2210 3352 nemini
2260 3315 2363 3352 non
2400 3298 2747 3351 stomachose
2803 3298 3040 3350 acerbus
3089 3298 3268 3360 obvio,
3336 3296 3591 3367 benignae

2007 3390 2543 3445 accommodationis
2601 3389 2776 3457 legum
2835 3390 2901 3442 ad
2960 3389 3335 3442 inﬁrmitatem
3411 3389 3590 3443 horni-

2006 3496 2174 3546 num,
2261 3497 2424 3551 quam
2497 3478 2753 3550 epiikiam
2817 3490 3055 3540 vocant,
3142 3493 3208 3532 ne
3282 3495 3377 3548 per
3445 3497 3592 3534 som-

2006 3576 2157 3629 nium
2183 3576 2400 3644 quidem
2435 3589 2672 3643 unquam
2700 3572 2846 3626 visus
2875 3573 3262 3642 cogitationem
3290 3574 3456 3628 ullan
3486 3576 3585 3628 atl-

2009 3666 2245 3722 misisse.

2252 3755 2344 3810 Ξαί.
2385 3754 2459 3808 De
2486 3772 2674 3826 magno
2710 3757 3012 3825 primicerio
3052 3748 3336 3812 Cassiano.

2079 3848 2344 3902 Caeterum
2398 3850 2693 3916 imperator
2736 3851 2982 3902 adversis
3016 3852 3254 3918 tmdique
3289 3848 3595 3918 ingruenti-

2004 3942 2133 4003 bus,
2191 3956 2299 4010 qua
2352 3944 2402 3996 vi
2461 3953 2627 4011 atque
2678 3943 2945 3999 industria
3005 3953 3240 4013 poterat,
3274 3958 3599 4013 occurrens,

2009 4035 2158 4088 misit
2194 4035 2247 4088 in
2284 4046 2467 4103 partes
2512 4033 2852 4091 Mesothinite
2887 4051 3147 4107 generum
3181 4052 3338 4092 situm
3371 4035 3598 4091 Cassia-

2011 4142 2161 4192 num,
2194 4127 2454 4180 vocabulo
2491 4127 2771 4196 dignitatis
2826 4143 2932 4198 qua
2986 4129 3274 4195 insignitus
3305 4138 3424 4182 erat
3472 4144 3592 4182 ma-

2004 4230 2174 4287 guum
2222 4219 2589 4288 primicerium
2617 4219 2847 4283 dictum,
2881 4231 2938 4273 ut
2982 4237 3067 4275 res
3117 4221 3229 4277 illic
3281 4221 3597 4276 laborantes

2012 4323 2122 4377 quo
2178 4319 2362 4376 posset
2410 4309 2571 4375 modo
2622 4321 2973 4365 sustentaret.
3028 4309 3075 4364 Is
3107 4325 3230 4364 cum
3289 4311 3341 4364 in
3379 4313 3596 4367 arcibus

2011 4401 2129 4468 ejus
2188 4410 2396 4456 tras'tus
2448 4403 2731 4470 aliquanto
2785 4402 2978 4458 fttisSet
3034 4415 3276 4472 tempore
3330 4416 3597 4473 moratus,

2015 4493 2344 4562 interimque
2379 4497 2657 4549 decretum
2719 4496 2923 4551 exisset
2964 4496 3301 4567 imperatorii
3354 4497 3596 4564 rnnsilii,

2010 4603 2120 4656 quo
2179 4600 2432 4656 agrorum
2505 4586 2614 4643 illic
2674 4604 3021 4657 possessores
3087 4590 3289 4643 tributa
3358 4591 3598 4659 pendere

2010 4694 2269 4737 consueta
2302 4680 2655 4750 jubebantur,
2682 4696 2801 4749 «tua:
2845 4685 2896 4736 in
2938 4683 3205 4750 stipendia
3243 4682 3594 4737 militantium

2012 4773 2065 4827 in
2115 4788 2176 4826 ca
2223 4771 2500 4841 provincia
2563 4772 2841 4840 cupiarum
2898 4774 3130 4841 expendi
3197 4774 3594 4837 deberent,ch

2010 4865 2279 4920 demereri
2325 4865 2517 4921 volens
2570 4865 2846 4931 populum,
2895 4866 2976 4918 VcI
3028 4867 3214 4919 nescio
3251 4867 3379 4935 quid
3445 4868 3594 4921 aliud

2009 4968 2251 5020 secntus.
2306 4961 2603 5026 profectum
2654 4958 2779 5011 illuc
2816 4960 2881 5011 ad
2913 4961 2962 5011 id
2997 4959 3225 5028 vectigal
3268 4960 3596 5031 exigendum

2010 5050 2291 5106 Bardalem
2356 5052 2812 5118 comprehensum
2884 5050 3068 5104 multis
3133 5050 3306 5120 plagis
3383 5051 3592 5113 affecit,

2010 5145 2256 5202 infensus
2311 5143 2434 5197 huic
2495 5141 2751 5207 maxime,
2800 5142 2945 5210 quod
3006 5153 3293 5211 acceperat
3352 5146 3597 5214 graviter

2015 5238 2330 5292 infamatum
2398 5248 2459 5287 se
2513 5233 2582 5287 ah
2627 5248 2692 5286 eo
2727 5233 2904 5288 fuisse
2952 5236 3093 5303 apud
3135 5236 3460 5304 Augustum,
3498 5238 3593 5292 cui

2011 5328 2263 5383 Bardales
2293 5323 2460 5397 619
2497 5334 2751 5393 tanquam
2807 5325 3049 5378 auditmn
3081 5343 3146 5381 ex
3181 5329 3287 5381 alio
3327 5328 3592 5382 retulerat

2009 5420 2331 5477 convenisse
2362 5415 2473 5486 jam
2508 5415 2833 5472 Cassianqu
2865 5432 2985 5471 cum
3015 5418 3262 5488 principe
3294 5417 3582 5470 Persarum

2012 5515 2079 5570 de
2125 5512 2382 5568 aliinitate
2435 5512 2577 5565 inter
2622 5525 2718 5565 eos
2770 5513 3166 5578 cantrahenda,
3230 5511 3586 5580 promittente

2011 5607 2131 5674 ipso
2185 5602 2540 5673 transfugium
2598 5611 2651 5656 et
2696 5617 3041 5656 communem
3078 5616 3297 5667 operam
3332 5602 3385 5653 in
3418 5616 3598 5669 oppu-

2012 5695 2226 5768 gnando
2284 5690 2517 5762 imperio
2576 5691 2845 5745 Romano.
2915 5690 3255 5759 Quapropter
3289 5690 3592 5743 accersitus

2016 5790 2084 5846 ab
2115 5786 2444 5857 imperatore
2494 5783 2548 5838 in
2590 5782 2781 5838 urbem
2821 5781 3022 5850 fuerat,
3064 5791 3119 5839 ct
3156 5781 3343 5852 jussus
3373 5778 3596 5834 omissis
