4046 6398
480 314 588 376 6ῖ9

1704 297 1957 358 GEORG
1973 296 2021 353 ll
2061 293 2548 355 PACHYMERtE
3621 295 3716 359 (x80

478 428 580 497 τὴν
602 425 737 495 πρὸς
765 423 855 476 τὸν
880 418 1107 492 βασιλέα
1138 416 1406 486 φέρουσαν
1438 412 1821 467 ἀναϐάλλεται.
1856 410 1895 461 ﬂ
1906 425 2055 480 ροσε-
2083 409 2134 466 Α
2161 410 2457 480 ζημιωθεὶς
2484 411 2511 462 δ
2548 406 2766 477 κρατῶν
2790 404 2899 457 τῶν
2939 403 3262 473 στρατηγῶν
3291 404 3385 456 τδν
3421 407 3709 476 κράτιστον,

479 515 870 585 ταιρισὰμενος
896 511 950 562 δὲ
978 510 1073 562 καὶ
1097 509 1223 560 λαὸν
1251 503 1667 574 στρατιωτικὸν,
1699 501 1934 569 πέμπων
1961 503 2053 553 καὶ

480 607 662 678 ζητῶν
713 602 1015 673 ἀσφαλείας
1066 601 1276 663 πίστεις
1327 599 1463 668 πρὸς
1520 595 1806 665 βασιλέως,
1866 594 2054 655 ἄνετος

478 699 668 769 ἠλᾶτο.
717 696 870 749 Ἐπεὶ
901 694 955 747 δὲ
987 694 1054 762 τῇ
1100 690 1253 761 Χηλῇ
1292 689 1483 742 έτυτὸν
1519 687 1833 739 ἐνεπίστευε
1868 685 1962 738 καὶ
1986 682 2056 736 τὰ

481 791 650 844 πιστὰ
712 790 811 858 τῆς
868 786 1165 856 ἀσφαλείας
1230 782 1439 835 ἐκεῖθεν
1495 775 1679 850 εἶχεν,
1740 780 1814 841 ὡς
1878 775 2050 848 ᾤετο,

477 883 567 957 [Ρ.
594 880 724 953 4⁸52]
755 878 985 949 Χηλῖταί
1032 894 1176 938 τινες
1209 874 1351 927 κατὰ
1382 874 1533 925 πόλιν
1563 869 1881 941 εὑρεθέντες
1932 885 2056 921 συν-

477 980 764 1031 τάττονται
822 965 1099 1041 βασιλεῖῆ
1156 968 1262 1040 μὴν
1310 967 1606 1034 κατασχεῖν
1648 965 1712 1016 ὲκ
1755 963 1909 1014 δόλου
1962 960 2052 1013 τὸν

480 1066 748 1135 φυγαδίαν
798 1066 891 1118 καὶ
940 1060 1276 1132 παραδοῦναι
1311 1060 1422 1120 τοῖς
1460 1057 1702 1121 ἄξουσιν.
1732 1058 1798 1107 ὐ
1831 1055 1924 1106 καὶ
1974 1054 2054 1121 γί-

479 1176 628 1213 νεται
659 1158 758 1226 τὴν
798 1157 1065 1225 ταχίστην
1086 1168 1101 1183 ⁸
1138 1152 1211 1215 ὡς
1240 1153 1349 1220 γάρ
1377 1167 1459 1212 τις
1494 1149 1604 1200 τῶν
1652 1147 1924 1217 εὐνούχων
1958 1146 2053 1199 erit

477 1251 652 1319 τούτῳ
687 1249 991 1317 ἐπέμπετο,
1037 1246 1195 1307 αὐτὸς
1239 1244 1339 1313 μὲν
1375 1243 1477 1295 ὑπὸ
1506 1244 1616 1293 τῶν
1657 1240 2054 1309 καταστρωμά-

477 1358 590 1393 των
635 1341 734 1407 τῆς
768 1340 894 1407 νηὸς
941 1336 1266 1406 ἐκρύπτετο,
1301 1335 1496 1386 ἐκεῖνοι
1539 1332 1596 1386 δὲ
1653 1333 1750 1386 ac:
1801 1332 2053 1402 συνήθεις

478 1433 812 1494 εἰσελθόντες
841 1432 901 1483 τὸ
924 1430 1182 1500 φρούριον
1211 1427 1519 1480 κοινοῦνται
1543 1426 1633 1478 τὸν
1661 1425 1818 1493 λόγον
1841 1442 2055 1495 κρυφη-

476 1525 564 1577 εδν
614 1525 710 1578 καὶ
760 1527 871 1585 τοῖς
921 1523 1121 1587 ἄλλοις,
1168 1521 1262 1574 καὶ
1317 1519 1592 1590 μεσούσης
1647 1518 1860 1588 ἡμέρας
1906 1517 2049 1586 μετὰ

476 1619 689 1670 δεῖπνον
720 1617 1035 1678 ἐπιστάντες
1063 1614 1200 1683 ἅμα,
1222 1613 1331 1665 τῶν
1360 1610 1769 1681 συντηρούντων
1789 1609 2053 1678 διεσπαρ-

481 1712 680 1775 μένων,
713 1708 1064 1777 περισχόντες
1096 1704 1356 1775 δεσμοῦσι
1385 1702 1475 1755 καὶ
1505 1703 1621 1770 ἅμα
1653 1702 1805 1769 παρὰ
1830 1700 1921 1753 τὸν
1954 1698 2049 1769 βα.-

476 1801 629 1853 σιλέα
682 1800 910 1869 φέρουσι
945 1798 1188 1867 δέσμιον.
1226 1795 1489 1857 Βασιλεὺς
1540 1795 1597 1848 δὲ
1654 1794 1793 1862 πρὸς
1846 1795 2050 1845 ἐκεῖνον

480 1892 645 1960 μηδὲν
676 1891 915 1954 ἀξιώσας
945 1891 1143 1951 εἰπεῖν,
1172 1888 1392 1957 σύναμα
1421 1887 1500 1957 τῷ
1531 1886 1837 1956 Κοτανίτζῃ
1864 1884 2052 1938 τοῦτον

475 1984 880 2052 καθείργνυσιν,
906 1984 1028 2036 ἐπεὶ
1057 1981 1296 2048 ἔφθασεν
1324 1982 1532 2042 ἐκεῖνος
1558 1979 1775 2047 γράψας
1803 1978 1939 2047 πρὸς
1961 1978 2053 2030 τὸν

476 2075 605 2126 ῐόιον
650 2074 1028 2142 συμπένθερον
1075 2072 1166 2125 τὸν
1210 2072 1302 2123 ἐπὶ
1352 2071 1446 2123 τοῦ
1493 2070 1826 2132 κανικλείου,
1859 2069 2053 2137 ὁμοίαν

475 2166 818 2217 ἀποστασίαν
875 2164 966 2216 καὶ
1019 2163 1118 2232 τὴν
1168 2163 1337 2231 αὐτὴν
1385 2162 1461 2230 τῷ
1514 2160 1838 2232 Κοτανίτξῃ.
1871 2162 1920 2213 εί
1977 2161 2053 2229 μὴ

477 2256 837 2324 σνμπαθοῖτο,
884 2254 1439 2324 προσαπειλούμενος.
1472 2254 1583 2307 Καὶ
1607 2252 1752 2317 ἔδοξε
1787 2253 1887 2323 μὲν
1928 2253 2048 2306 τότε

477 2434 734 2489 omnibus
770 2449 831 2489 se
862 2435 1078 2489 sistere.
1111 2434 1305 2489 Verum
1334 2433 1423 2488 ille
1452 2433 1537 2487 vix
1567 2448 1792 2503 sperans
1821 2447 2051 2503 purgare

477 2541 536 2579 se
581 2525 711 2579 satis
746 2526 886 2594 apud
926 2527 1227 2596 Augustum
1265 2543 1359 2594 pos
1392 2541 1440 2588 e.
1477 2526 1581 2578 iter
1620 2526 1722 2580 sibi
1772 2525 2046 2592 periculo-

475 2630 596 2669 sum
660 2633 841 2672 moras
888 2627 1112 2672 uertens
1173 2620 1408 2686 primum
1459 2617 1779 2678 differebat;
1853 2617 2050 2672 deinde

476 2718 764 2777 postquam
812 2711 1001 2779 vulgus
1047 2711 1273 2765 militum
1314 2710 1598 2765 hcttellciis
1636 2719 1691 2765 et
1742 2709 1938 2778 spebus
1975 2710 2048 2763 ita

476 2801 812 2856 demeruisse
836 2804 984 2857 visus
1014 2812 1117 2865 est,
1153 2811 1210 2855 ut
1241 2803 1292 2856 in
1318 2802 1467 2856 omni
1496 2803 1595 2857 sibi
1630 2800 1845 2854 fortuna
1884 2801 2046 2855 litium

476 2892 594 2948 fore
624 2910 727 2948 non
760 2903 963 2949 temere
991 2895 1312 2958 conﬁderet,
1356 2893 1468 2962 jam
1501 2894 1762 2947 audacius
1799 2908 2038 2963 respou-

477 3000 609 3038 sans
668 2985 817 3040 tnisit
850 2988 916 3040 ad
970 2986 1374 3055 imperatorem,
1414 2987 1503 3053 qui
1548 2987 1768 3041 nomine
1823 3002 1921 3042 suo
1954 3003 2049 3056 pe-

2155 504 2304 572 ὃμως
2349 518 2411 570 γε
2448 501 2632 570 μέντοι
2662 498 2964 569 φροντίζων
2993 497 3093 549 οὐκ
3137 497 3279 549 ἀνίει
3310 497 3419 549 οὐδ’
3458 500 3513 561 ἐς
3545 500 3706 571 βραχὺ

2157 596 2275 660 πῶς
2330 596 2396 649 ἂν
2449 593 2679 664 διοικοίη
2735 592 2806 646 τὰ
2864 591 2989 645 καθ’
3041 589 3232 643 ἑαυτὸν
3291 588 3436 645 οὕτω
3473 594 3708 666 πονήρως

2156 690 2370 760 ἔχοντα.

2155 812 2253 859 κε’.
2286 805 2427 874 Περὶ
2453 804 2565 874 τῆς
2603 806 2722 860 τῶν
2773 807 3010 874 Ἰϐήρων
3040 809 3412 878 συμμαχίας,
3439 810 3538 864 καὶ
3565 812 3713 878 ὅπως

2604 878 2799 945 αὐτῆς
2831 880 3280 948 ἀπετύγχανον.

2230 970 2423 1022 Ἔνθεν
2452 986 2533 1022 τοι
2559 969 2655 1021 καὶ
2678 970 2814 1038 πρὸς
2841 971 2939 1038 μὲν
2962 972 3088 1034 τοὺς
3112 970 3281 1041 έῴους
3313 971 3538 1040 Ἴϐηρας
3559 988 3719 1041 πρεσ-

2155 1059 2309 1115 ϐείαν
2350 1061 2662 1113 στείλασθαι
2691 1061 2832 1113 κατὰ
2876 1062 3199 1131 συμμαχίαν
3230 1064 3295 1115 ὲκ
3329 1062 3576 1116 πλείστου
3613 1065 3718 1117 δια-

2156 1152 2469 1221 νοούμενος,
2500 1153 2708 1220 πέμπει
2737 1154 2863 1215 τοὺς
2906 1153 3364 1221 συγκαλέσαντας,
3400 1156 3521 1207 ἐπεὶ
3546 1157 3720 1208 κάκεῖ-

2154 1262 2234 1296 νοι
2288 1244 2494 1312 ἕτοιμοι
2540 1245 2785 1314 ἀπαντᾷν
2830 1240 2971 1314 ἦσαν
3021 1244 3214 1314 ἀμισθὶ
3263 1248 3353 1299 καὶ
3399 1247 3493 1301 ἐπὶ
3549 1248 3716 1316 μόνοις

2156 1333 2344 1396 ἵπποις
2378 1334 2474 1387 καὶ⁵
2519 1334 2783 1397 δαπάναις
2833 1338 2953 1398 ταῖς
3004 1337 3306 1409 ἀρχούσαις
3353 1338 3716 1406 προσαμύνειν

2152 1427 2266 1485 τοῖς
2314 1424 2600 1491 Ῥωμαίων
2630 1427 2974 1496 πράγμασιν.
3008 1428 3172 1481 Ὀθεν
3201 1429 3295 1480 καὶ
3342 1428 3463 1497 μετ’
3499 1431 3561 1481 οὐ
3596 1428 3715 1482 πολὺ

2155 1516 2435 1586 Χατζίκης
2463 1534 2546 1579 τις
2577 1516 2683 1569 τῶν
2725 1518 2823 1587 τῆς
2854 1517 3098 1586 Ἰϐηρίας
3128 1519 3473 1586 μεγιστάνων
3507 1520 3718 1588 προσελ-

2155 1607 2262 1662 σΐυν
2293 1608 2502 1679 βασιλεῖ
2533 1610 2617 1676 ἐφ’
2644 1602 2798 1679 ᾧπερ
2834 1611 2927 1663 καὶ
2971 1609 3071 1680 τὴν
3121 1610 3258 1679 πρὸς
3303 1610 3608 1678 Ῥωμαίους
3635 1628 3720 1662 κα-

2153 1703 2486 1773 ταστήσαιτο
2539 1702 2975 1770 κοινοπραγίαν,
3023 1704 3259 1770 ἐπείπερ
3307 1701 3369 1754 οὐ
3422 1700 3718 1753 συνέϐαινον

2157 1796 2342 1864 σφίσιν
2378 1796 2435 1849 αί
2475 1795 2812 1864 συμφωνίαι,
2850 1794 3132 1863 ἄπρακτος
3180 1794 3540 1862 ὑποστρέφει.
3572 1793 3640 1844 Τὸ
3668 1792 3718 1844 δὲ

2155 1890 2291 1960 πρὸς
2316 1890 2408 1942 τὸν
2434 1887 2521 1960 [Ρ.
2551 1887 2678 1960 455]
2715 1888 3096 1959 Χαρμπαντᾶν
3131 1887 3293 1956 κῆδος
3322 1890 3419 1939 καὶ
3451 1887 3569 1939 λίαν
3602 1886 3717 1956 ἐξη-

2153 1982 2465 2050 τοιμάξετο.
2509 1980 2622 2033 Καὶ⁵
2673 1981 2743 2033 τὰ
2789 1981 2888 2046 τῆς
2937 1980 3172 2042 Νικαίας
3217 1979 3364 2049 μέρη
3422 1979 3720 2048 κακούμενα

2156 2073 2583 2141 πυνθανόμενος,
2611 2073 2713 2144 τὴν
2752 2071 2961 2126 οἰκείαν
2987 2073 3334 2142 αὐταδέλφην
3366 2074 3602 2143 Μαρίαν,
3626 2073 3717 2143 τὴν

2155 2167 2249 2218 καὶ
2285 2165 2572 2217 δέσποιναν
2602 2166 2709 2216 τῶν
2742 2144 3097 2232 Μουγουλίων
3139 2163 3567 2234 θρυλλουμένην,
3601 2167 3718 2217 σύν-

2154 2255 2404 2328 αμα).αῷ
2433 2255 2510 2327 τῷ
2544 2256 2801 2328 ἅρκοῦντι
2827 2257 3039 2328 πέμπει
3076 2258 3211 2328 προς
3237 2256 3500 2312 Νίκαιαν.
3531 2255 3718 2327 Ἀπήτ.

2156 2441 2341 2496 mitius
2371 2443 2436 2495 ab
2480 2441 2807 2508 imperatore
2843 2448 3169 2494 tractaretur
3194 2449 3249 2494 et
3281 2454 3402 2496 sua:
3444 2441 3715 2496 haberetur

2152 2534 2432 2603 dignitatis
2491 2533 2649 2598 ratio,
2699 2531 2841 2587 haud
2895 2532 3072 2586 minus
3109 2532 3421 2601 peniculosa
3465 2543 3519 2586 et
3569 2533 3716 2585 noxia

2154 2626 2231 2678 rei
2260 2622 2537 2688 Romanae,
2570 2638 2735 2691 quam
2784 2621 2913 2677 olim
2965 2622 3269 2687 Cotanitza,
3310 2622 3613 2677 defectione
3638 2634 3715 2673 re-
3775 2636 3784 2645 ·

2153 2714 2496 2770 bellaturum.
2550 2712 2975 2768 Existimabatur
3031 2714 3325 2767 Cassianus
3363 2711 3714 2767 Romanorum

2153 2814 2267 2861 tum
2320 2806 2514 2861 ducum
2564 2805 2809 2860 omnium
2882 2804 3285 2859 scientissimus
3344 2805 3426 2859 rei
3490 2805 3712 2867 bellirre;

2154 2900 2295 2955 unde
2326 2915 2421 2968 pro
2448 2906 2644 2953 caetera
2680 2896 2996 2953 infelicitate
3022 2911 3119 2952 sua
3157 2897 3473 2966 imperatori
3508 2897 3714 2964 centigit

2154 2990 2280 3045 talis
2321 2991 2419 3045 viri
2450 3006 2674 3045 usuram
2712 2989 2804 3044 tali
2851 2999 3098 3059 tempore
3139 2989 3392 3059 perdere.
3428 2990 3516 3044 Ille
3551 2999 3712 3041 tamen

478 3085 658 3131 terrnt
692 3078 872 3131 caveri
914 3076 1067 3146 prius
1094 3076 1162 3131 ab
1193 3091 1281 3138 eo,
1315 3076 1438 3131 fidei
1474 3077 1789 3146 pignoribus
1822 3078 2050 3145 idoneis,
2080 3092 2124 3151 ο
2161 3096 2266 3136 non
2301 3081 2586 3137 remittens
2634 3080 3052 3136 sollicitudinem
3089 3081 3399 3149 satagebat,
3439 3094 3505 3134 ne
3529 3079 3591 3132 ad
3615 3091 3715 3132 inoo

480 3170 616 3222 nihil
661 3169 764 3223 sibi
796 3168 980 3224 damni
1012 3184 1077 3224 ex
1112 3170 1214 3224 boc
1244 3171 1311 3224 ad
1354 3171 1525 3239 ipsum
1562 3186 1785 3225 accessu
1819 3186 2051 3242 proven-

475 3269 696 3325 turum;
750 3276 859 3330 quo
906 3261 1247 3324 denuntiato,
1285 3261 1439 3330 quasi
1472 3260 1576 3327 iam
1615 3261 1824 3315 solutus
1868 3261 2051 3317 officio

477 3351 738 3422 parendi,
798 3351 937 3404 liber
994 3365 1333 3416 securusque
1388 3351 1709 3418 vagabatur.
1775 3352 2047 3417 Quoniam

476 3453 654 3494 autem
692 3450 875 3510 postea
911 3442 1200 3510 impetrato
1232 3443 1283 3495 itt
1307 3457 1488 3496 arcem
1520 3442 1815 3497 insularem
1843 3440 2042 3497 Cbelen

474 3534 624 3587 aditu
659 3544 917 3603 exceptus
968 3534 1078 3589 illic
1118 3543 1203 3589 est
1242 3550 1304 3589 ea
1335 3534 1710 3591 benevolentia
1743 3535 1964 3599 civium,
1995 3545 2054 3592 ut

473 3640 532 3677 se
569 3634 742 3677 tntum
793 3625 912 3678 Ιοιο
954 3625 1046 3678 tali
1099 3628 1165 3679 de
1212 3636 1411 3680 caztero
1455 3634 1696 3695 putaret,
1750 3625 1890 3681 forte
1924 3637 2087 3682 tunc:

473 3716 944 3783 Constantinopoli
1007 3717 1205 3783 repenti
1263 3716 1610 3770 Cltelensium
1668 3718 1886 3787 quidam
1941 3733 2048 3772 non

475 3804 800 3854 dubitarunt
851 3804 1157 3868 imperatori
1189 3807 1526 3870 promittere,
1559 3803 1680 3860 [νιιὶ
1713 3807 2049 3874 cognationi-

476 3893 575 3946 lvus
639 3900 692 3944 et
740 3892 1004 3947 clientelis
1051 3896 1187 3959 suis,
1242 3908 1363 3948 sese
1416 3895 1540 3950 dolo
1595 3900 2046 3968 comprehensum

475 3985 761 4050 fugitivum
800 3985 883 4038 bis
931 3988 1230 4041 tradituros
1278 4002 1414 4056 quos
1446 3988 1561 4055 ipse
1611 3989 1677 4042 ad
1709 4004 1831 4043 eum
1871 4001 2049 4045 retra-

476 4073 707 4126 lnstnlnnt
769 4078 1025 4129 mitteret.
1078 4075 1143 4130 Et
1196 4079 1498 4144 praestitere
1525 4080 1668 4148 quod
1711 4092 2047 4150 receperant.

471 4167 605 4219 Cum
644 4169 707 4220 iis
733 4170 876 4221 enim
907 4170 972 4222 ad
1003 4169 1106 4223 boc
1140 4170 1219 4222 ire
1253 4171 1472 4239 quidam
1503 4169 1688 4239 jussus
1720 4190 1749 4229 e
1793 4175 2048 4244 palatinis

472 4261 760 4322 ennncltis,
804 4260 889 4313 ubi
953 4261 1110 4314 navis
1158 4260 1358 4316 Clnzlen
1413 4265 1636 4332 appulit,
1671 4267 1785 4335 ipse
1832 4267 2047 4335 quidem

473 4353 576 4407 sub
624 4353 868 4407 tabulato
899 4354 1132 4420 delituit,
1168 4354 1463 4410 Clteleuses
1495 4368 1675 4412 autem
1713 4360 1941 4432 ingressi
1978 4364 2045 4418 ad

474 4460 602 4497 suos
628 4448 768 4497 intra
800 4446 1181 4513 munitionem,
1204 4451 1712 4520 communiealoque
1742 4423 1884 4507 clam
1914 4455 2049 4508 ami-
2069 4423 2127 4484 Β

471 4537 556 4592 cis
587 4546 643 4591 et
697 4539 1022 4593 necessariis
1068 4541 1317 4604 consilio,
1359 4543 1444 4598 bis
1472 4545 1823 4613 probantibus
1857 4558 1914 4603 et
1951 4562 2050 4617 pro

472 4629 617 4683 vir.li
670 4629 858 4697 iuvare
895 4631 1176 4700 promptis,
1232 4634 1332 4689 sub
1386 4637 1666 4692 meridiem
1705 4637 1846 4692 facta
1885 4655 2046 4705 manu

472 4723 718 4777 Cassiani
792 4722 1159 4778 diversorium
1226 4736 1437 4793 petunt.
1493 4728 1894 4799 Acquiesccbat
1962 4731 2051 4785 ille

474 4827 593 4882 post
632 4815 941 4883 prandium,
982 4815 1113 4870 nihil
1160 4818 1337 4873 minus
1370 4835 1537 4890 quam
1575 4820 1717 4891 quod
1755 4822 2052 4891 parabatur

475 4921 761 4976 metuens;
799 4911 1170 4979 satellitesque
1209 4911 1382 4980 ipsius
1426 4926 1489 4966 ac
1523 4913 1777 4968 custodes
1807 4914 2050 4982 corporis

474 5004 622 5056 varie
682 5004 910 5068 dispersi
966 5013 1147 5070 erant,
1199 5013 1358 5071 prout
1412 5019 1500 5059 res
1561 5013 1654 5060 aut
1696 5007 2051 5063 remissiones

474 5107 744 5161 quemque
771 5102 1029 5148 vocarant
1060 5109 1191 5151 sum.
1229 5093 1373 5166 Ergo
1409 5093 1680 5163 coniurati
1730 5095 2051 5154 Cassianum

475 5183 635 5235 facile
666 5198 975 5249 correptum
1030 5183 1274 5255 alligant,
1316 5184 1735 5255 conjectumque
1773 5189 1827 5242 in
1859 5204 2052 5243 navem

476 5276 678 5328 rewrsi
738 5276 1013 5328 Clll'l‘tCllit)
1070 5278 1123 5328 in
1179 5275 1366 5329 nubem
1431 5277 1750 5341 imperatori
1812 5279 2047 5334 vinctum

476 5370 715 5422 tradunt.
754 5366 926 5421 Porro
947 5369 1224 5439 Augustus
1253 5369 1398 5423 nullo
1426 5385 1548 5423 eum
1596 5371 1852 5441 dignatus
1884 5372 2051 5427 verbo

476 5463 529 5513 in
582 5462 831 5512 eumdem
893 5461 979 5513 ubi
1039 5459 1321 5513 Cotauitza
1380 5460 1735 5515 dctiuebatur
1778 5464 2049 5532 compegit

475 5568 775 5613 carcerem,
810 5552 1097 5604 occasione
1131 5551 1211 5604 sic
1254 5552 1443 5620 agendi
1482 5567 1547 5606 cx
1585 5568 1649 5607 eo
1675 5556 1854 5617 ducta,
1886 5555 2050 5625 620

474 5648 618 5708 quod
677 5643 972 5697 Cassianus
1034 5641 1100 5695 ad
1166 5656 1322 5695 Suum
1386 5659 1742 5699 consocerum
1810 5650 2052 5702 canit-leo

471 5733 786 5802 patrie-ctum
828 5744 985 5789 antea
1038 5732 1283 5792 scribens
1314 5735 1549 5794 minatus
1593 5737 1782 5795 luisset
1815 5756 1893 5807 δυ,
1947 5741 2048 5797 nisi

2154 3185 2393 3227 mentum
2426 3173 2647 3241 quidem
2687 3186 2931 3237 cessans,
2972 3171 3025 3226 in
3058 3170 3409 3236 ordinandis,
3449 3187 3550 3241 qua
3580 3184 3712 3224 ('Ollt-

2151 3261 2370 3315 modius
2398 3273 2600 3330 posset,
2636 3259 2800 3314 rebus
2821 3261 2940 3316 suis
2965 3259 3043 3315 ita
3077 3261 3225 3315 onmi
3258 3274 3323 3314 ex
3374 3270 3524 3331 parte
3550 3262 3714 3314 turba-

2153 3353 2224 3408 tis
2257 3368 2322 3408 ac
2355 3355 2511 3421 plene
2541 3351 2858 3421 deploratis.

2149 3466 2243 3525 25.
2278 3466 2357 3520 De
2384 3465 2635 3520 societate
2671 3479 2786 3516 cum
2823 3461 2992 3518 Iberis
3033 3465 3117 3523 ab;
3141 3465 3468 3532 imperatore
3503 3472 3708 3532 tentata,

2559 3544 2607 3587 et
2630 3534 2889 3604 quomodo
2932 3550 2995 3588 ea
3035 3534 3314 3589 exciderit.

2223 3625 2378 3681 Unde
2426 3633 2481 3679 et
2531 3639 2653 3680 cum
2689 3624 2890 3678 dudum
2939 3624 3202 3693 agitasset
3245 3625 3433 3680 animo
3486 3625 3553 3678 de
3602 3622 3711 3676 mit-

2152 3719 2315 3773 tenda
2366 3717 2633 3786 legatione
2667 3715 2734 3769 ad
2794 3715 2981 3769 lberos
3013 3713 3346 3783 Orientales,
3392 3732 3498 3783 qua
3535 3730 3622 3770 eos
3648 3712 3707 3765 ad

2153 3809 2283 3864 belli
2340 3808 2657 3862 societatem
2691 3821 2875 3860 secum
2911 3806 3201 3859 iucundam
3255 3807 3532 3869 invitaret,
3558 3818 3708 3872 expe-

2154 3901 2402 3954 riendum
2436 3913 2582 3952 nunc
2620 3897 2851 3967 denique
2888 3897 3116 3966 putavit,
3153 3897 3452 3952 destinatis
3485 3898 3602 3949 iflttc
3626 3893 3707 3964 qui

2156 3992 2451 4048 auxiliares
2486 3990 2609 4043 inde
2666 3989 2852 4057 copias
2899 3999 3211 4042 evocarent.
3251 3991 3549 4047 Audivcrat
3577 3986 3705 4040 enini
3770 4043 3777 4052 ο

2158 4094 2378 4155 paratos
2403 4097 2497 4137 eos
2527 4084 2593 4136 ad
2620 4062 2878 4135 Romanis
2912 4081 3255 4135 militandum
3285 4083 3406 4138 sine
3432 4079 3704 4152 stipendio,

2155 4176 2314 4230 modo
2356 4170 2488 4243 ‘equi
2540 4172 2715 4226 solum
2750 4173 2880 4241 ipsis
2922 4180 2975 4227 et
3022 4173 3304 4238 alimenta,
3350 4184 3601 4243 quantum
3633 4178 3709 4221 sat

2149 4277 2316 4333 esset,
2353 4266 2745 4336 praeberentur.
2796 4266 3001 4320 Tamen
3044 4280 3164 4318 eum
3208 4266 3371 4335 paulo
3410 4275 3529 4335 post
3554 4264 3706 4317 Citat-

2152 4360 2296 4420 zices
2338 4360 2581 4428 quidam,
2632 4373 2775 4413 unus
2807 4371 2874 4411 ex
2909 4357 3184 4415 [berorum
3253 4356 3598 4424 primoribus,
3651 4366 3704 4405 ea

2153 4452 2270 4520 ipsa
2288 4451 2355 4506 de
2398 4466 2457 4506 re
2507 4458 2798 4505 tractatum
2833 4451 3072 4504 venisset
3119 4450 3184 4504 ad
3218 4450 3538 4518 Augusttnu,
3574 4447 3705 4517 quod

2154 4543 2220 4596 de
2265 4541 2669 4597 conditionibus
2712 4540 2933 4596 fmderis
2957 4543 3245 4596 convenire
3272 4542 3416 4596 inter
3451 4543 3589 4610 ipsos
3619 4555 3704 4590 tn:-

2152 4636 2437 4707 quivisset,
2495 4651 2553 4689 re
2613 4633 2811 4688 infecta
2852 4634 3011 4687 rediit
3060 4633 3124 4686 ad
3154 4648 3304 4688 suos.
3347 4631 3590 4687 Proniori
3623 4641 3708 4692 spe

2152 4742 2447 4783 successus
2508 4727 2792 4781 afﬁnitatis
2843 4740 2967 4780 cum
3020 4724 3458 4794 Cltarmpautaue
3504 4731 3708 4778 contra-

2153 4821 2345 4875 henda:
2422 4819 2715 4887 negotiatio
2777 4816 3127 4887 procedebat,
3194 4820 3440 4883 adeoque
3504 4823 3705 4868 strenue

2154 4912 2573 4970 incumbebatur
2655 4912 2708 4965 in
2775 4919 3093 4980 apparatum
3145 4910 3394 4964 destinati
3464 4899 3702 4960 connubii

2152 5006 2481 5076 proximum.
2525 5001 2803 5072 Urgebant
2830 5003 2974 5057 enim
3016 5004 3084 5056 ad
3132 5000 3510 5056 maturandum
3546 4992 3702 5050 nuntii

2152 5099 2219 5154 ad
2272 5097 2653 5167 imperatorem
2708 5095 3035 5166 appellentes
3056 5095 3257 5159 crebri,
3302 5094 3542 5162 regiones
3571 5088 3704 5143 circa

2152 5189 2388 5246 Nicaeam
2452 5189 2592 5244 bello
2641 5187 2890 5242 infestari
2952 5185 3174 5242 Persico
3227 5186 3488 5240 ferentes.
3548 5180 3702 5247 Igitur

2153 5299 2394 5339 sororem
2423 5283 2691 5352 prop'iam
2738 5281 2988 5345 Mariam,
3026 5295 3146 5349 qua:
3179 5278 3332 5333 titulo
3354 5276 3577 5331 domina:
3599 5268 3702 5322 Mu-

2153 5377 2420 5445 guliormn
2449 5374 2646 5442 passim
2676 5374 3061 5434 bonorabatur,
3089 5385 3211 5425 cum
3242 5370 3437 5424 idoneo
3459 5364 3701 5419 comitatu

2156 5465 2347 5522 deduci
2377 5463 2617 5519 Nicaeam
2656 5474 2831 5525 curat,
2868 5461 3137 5517 mandans
3180 5460 3283 5529 ipsi
3318 5470 3376 5514 ut
3405 5457 3511 5512 illic
3539 5448 3706 5508 consi-

2155 5557 2295 5633 dens
2323 5571 2389 5609 ex
2428 5556 2675 5623 proximo
2713 5569 2869 5607 suum
2894 5570 3016 5609 cum
3047 5551 3488 5621 Cltarmpantane
3533 5541 3704 5608 conju-

2156 5650 2300 5716 giutu
2358 5659 2722 5716 promoveret,
2779 5663 2879 5701 nec
2938 5647 3089 5715 prius
3148 5662 3308 5715 quam
3374 5658 3428 5697 re
3486 5637 3699 5710 perfecta

2158 5742 2468 5807 desisteret,
2506 5753 2723 5810 tumque
2779 5742 2933 5796 daret
2965 5738 3124 5810 621
3168 5753 3331 5810 quam
3381 5740 3559 5805 posset
3586 5742 3700 5793 (ψε-
