  <div class='ocr_page' id='page_1' title='image "/cluster/home/n/w/nwhite01/storage/ocr_20150623/144:no.2/coo.31924054870492/348.png"; bbox 0 0 4046 6394; ppageno 0'>
   <div class='ocr_carea' id='block_1_1' title="bbox 287 341 386 404">
    <p class='ocr_par' dir='ltr' id='par_1_1' title="bbox 287 341 386 404">
     <span class='ocr_line' id='line_1_1' title="bbox 287 341 386 404; baseline 0 -1"><span class='ocrx_word' id='word_1_1' title='bbox 287 341 386 404; x_wconf 76' lang='lat'><strong>681</strong></span> 
     </span>
    </p>
   </div>
   <div class='ocr_carea' id='block_1_2' title="bbox 1230 291 2658 406">
    <p class='ocr_par' dir='ltr' id='par_1_2' title="bbox 1230 291 2658 406">
     <span class='ocr_line' id='line_1_2' title="bbox 1230 291 2658 406; baseline -0.003 -1"><span class='ocrx_word' id='word_1_2' title='bbox 1230 337 1328 406; x_wconf 89' lang='lat' dir='ltr'>DE</span> <span class='ocrx_word' id='word_1_3' title='bbox 1360 291 1812 404; x_wconf 63' lang='lat' dir='ltr'><strong>ANDRONICi)</strong></span> <span class='ocrx_word' id='word_1_4' title='bbox 1836 325 2311 398; x_wconf 72' lang='lat' dir='ltr'><strong>PAL/EOLOGO</strong></span> <span class='ocrx_word' id='word_1_5' title='bbox 2357 341 2509 402; x_wconf 83' lang='lat' dir='ltr'><strong>LIB.</strong></span> <span class='ocrx_word' id='word_1_6' title='bbox 2545 342 2658 403; x_wconf 78' lang='lat' dir='ltr'><strong>VII</strong></span> 
     </span>
    </p>
   </div>
   <div class='ocr_carea' id='block_1_3' title="bbox 3459 340 3570 404">
    <p class='ocr_par' dir='ltr' id='par_1_3' title="bbox 3459 340 3570 404">
     <span class='ocr_line' id='line_1_3' title="bbox 3459 340 3570 404; baseline 0 -1"><span class='ocrx_word' id='word_1_7' title='bbox 3459 340 3570 404; x_wconf 70' lang='lat'><strong>683</strong></span> 
     </span>
    </p>
   </div>
   <div class='ocr_carea' id='block_1_4' title="bbox 289 451 3566 534">
    <p class='ocr_par' dir='ltr' id='par_1_4' title="bbox 289 451 3566 534">
     <span class='ocr_line' id='line_1_4' title="bbox 289 451 3566 534; baseline 0.002 -25"><span class='ocrx_word' id='word_1_8' title='bbox 289 457 437 524; x_wconf 78' lang='grc' dir='ltr'>γειλε</span> <span class='ocrx_word' id='word_1_9' title='bbox 470 455 526 508; x_wconf 78' lang='grc' dir='ltr'>δὲ</span> <span class='ocrx_word' id='word_1_10' title='bbox 563 457 657 510; x_wconf 72' lang='grc' dir='ltr'><strong>καὶ</strong></span> <span class='ocrx_word' id='word_1_11' title='bbox 689 458 856 527; x_wconf 73' lang='grc' dir='ltr'>αὐτὴν</span> <span class='ocrx_word' id='word_1_12' title='bbox 899 459 1218 530; x_wconf 79' lang='grc' dir='ltr'>καθημένην</span> <span class='ocrx_word' id='word_1_13' title='bbox 1263 461 1387 530; x_wconf 78' lang='grc' dir='ltr'>τῇδε</span> <span class='ocrx_word' id='word_1_14' title='bbox 1428 459 1779 512; x_wconf 68' lang='grc' dir='ltr'><strong>καθιστάνειν</strong></span> <span class='ocrx_word' id='word_1_15' title='bbox 1810 451 1870 504; x_wconf 59' lang='grc' dir='ltr'>τὸ</span> <span class='ocrx_word' id='word_1_16' title='bbox 1899 453 1948 510; x_wconf 78' lang='grc' dir='ltr'>Α</span> <span class='ocrx_word' id='word_1_17' title='bbox 1986 452 2112 505; x_wconf 78' lang='grc' dir='ltr'><strong>Ἐπὶ</strong></span> <span class='ocrx_word' id='word_1_18' title='bbox 2169 456 2306 510; x_wconf 79' lang='grc' dir='ltr'>πολὺ</span> <span class='ocrx_word' id='word_1_19' title='bbox 2363 457 2472 527; x_wconf 85' lang='grc' dir='ltr'><strong>γὰρ</strong></span> <span class='ocrx_word' id='word_1_20' title='bbox 2525 458 2802 526; x_wconf 62' lang='grc' dir='ltr'>διετέλουν</span> <span class='ocrx_word' id='word_1_21' title='bbox 2832 458 2910 529; x_wconf 86' lang='grc' dir='ltr'>τῷ</span> <span class='ocrx_word' id='word_1_22' title='bbox 2943 461 3188 534; x_wconf 76' lang='grc' dir='ltr'>φρουρίῳ</span> <span class='ocrx_word' id='word_1_23' title='bbox 3248 461 3566 530; x_wconf 71' lang='grc' dir='ltr'><strong>ποιούμενοι</strong></span> 
     </span>
    </p>
   </div>
   <div class='ocr_carea' id='block_1_5' title="bbox 295 546 1878 620">
    <p class='ocr_par' dir='ltr' id='par_1_5' title="bbox 295 546 1878 620">
     <span class='ocr_line' id='line_1_5' title="bbox 295 546 1878 620; baseline 0.001 -22"><span class='ocrx_word' id='word_1_24' title='bbox 295 549 432 617; x_wconf 72' lang='grc' dir='ltr'>πρὸς</span> <span class='ocrx_word' id='word_1_25' title='bbox 465 548 558 599; x_wconf 79' lang='grc' dir='ltr'>τὸν</span> <span class='ocrx_word' id='word_1_26' title='bbox 605 550 982 619; x_wconf 77' lang='grc' dir='ltr'>Χαρμπανεᾶν</span> <span class='ocrx_word' id='word_1_27' title='bbox 1041 552 1206 620; x_wconf 80' lang='grc' dir='ltr'>κῆδος</span> <span class='ocrx_word' id='word_1_28' title='bbox 1260 554 1356 604; x_wconf 79' lang='grc' dir='ltr'>καὶ</span> <span class='ocrx_word' id='word_1_29' title='bbox 1396 551 1464 603; x_wconf 74' lang='grc' dir='ltr'><strong>τὰ</strong></span> <span class='ocrx_word' id='word_1_30' title='bbox 1492 550 1603 602; x_wconf 82' lang='grc' dir='ltr'>τῶν</span> <span class='ocrx_word' id='word_1_31' title='bbox 1653 546 1878 617; x_wconf 82' lang='grc' dir='ltr'>Περσῶν</span> 
     </span>
    </p>
   </div>
   <div class='ocr_carea' id='block_1_6' title="bbox 247 637 1354 714">
    <p class='ocr_par' dir='ltr' id='par_1_6' title="bbox 247 637 1354 714">
     <span class='ocr_line' id='line_1_6' title="bbox 247 637 1354 714; baseline 0.005 -23"><span class='ocrx_word' id='word_1_32' title='bbox 247 677 252 680; x_wconf 88' lang='grc'><strong><em>-</em></strong></span> <span class='ocrx_word' id='word_1_33' title='bbox 293 639 658 707; x_wconf 84' lang='grc' dir='ltr'>δουλαγωγεῖν</span> <span class='ocrx_word' id='word_1_34' title='bbox 687 641 762 703; x_wconf 81' lang='grc' dir='ltr'>ὡς</span> <span class='ocrx_word' id='word_1_35' title='bbox 783 637 892 695; x_wconf 77' lang='grc' dir='ltr'>οἷόν</span> <span class='ocrx_word' id='word_1_36' title='bbox 935 659 993 695; x_wconf 90' lang='grc' dir='ltr'><strong>τε</strong></span> <span class='ocrx_word' id='word_1_37' title='bbox 1026 645 1354 714; x_wconf 82' lang='grc' dir='ltr'>πράγματα.</span> 
     </span>
    </p>
   </div>
   <div class='ocr_carea' id='block_1_7' title="bbox 296 751 1881 822">
    <p class='ocr_par' dir='ltr' id='par_1_7' title="bbox 296 751 1881 822">
     <span class='ocr_line' id='line_1_7' title="bbox 296 751 1881 822; baseline -0.001 -16"><span class='ocrx_word' id='word_1_38' title='bbox 296 752 410 820; x_wconf 84' lang='grc' dir='ltr'>κς’.</span> <span class='ocrx_word' id='word_1_39' title='bbox 448 751 580 818; x_wconf 84' lang='grc' dir='ltr'><strong>Πῶς</strong></span> <span class='ocrx_word' id='word_1_40' title='bbox 611 755 668 806; x_wconf 85' lang='grc' dir='ltr'><strong>οί</strong></span> <span class='ocrx_word' id='word_1_41' title='bbox 713 755 922 822; x_wconf 80' lang='grc' dir='ltr'>ἐχθροί</span> <span class='ocrx_word' id='word_1_42' title='bbox 968 772 1104 809; x_wconf 81' lang='grc' dir='ltr'>τινα</span> <span class='ocrx_word' id='word_1_43' title='bbox 1159 756 1280 809; x_wconf 77' lang='grc' dir='ltr'><strong>τῶν</strong></span> <span class='ocrx_word' id='word_1_44' title='bbox 1327 757 1446 812; x_wconf 79' lang='grc' dir='ltr'><strong>ἀνὰ</strong></span> <span class='ocrx_word' id='word_1_45' title='bbox 1505 757 1613 810; x_wconf 77' lang='grc' dir='ltr'><strong>τὸν</strong></span> <span class='ocrx_word' id='word_1_46' title='bbox 1674 752 1881 808; x_wconf 77' lang='grc' dir='ltr'><strong>Γάνον</strong></span> 
     </span>
    </p>
   </div>
   <div class='ocr_carea' id='block_1_8' title="bbox 674 827 1498 896">
    <p class='ocr_par' dir='ltr' id='par_1_8' title="bbox 674 827 1498 896">
     <span class='ocr_line' id='line_1_8' title="bbox 674 827 1498 896; baseline 0.007 -20"><span class='ocrx_word' id='word_1_47' title='bbox 674 827 977 892; x_wconf 72' lang='grc' dir='ltr'>φρουρίων</span> <span class='ocrx_word' id='word_1_48' title='bbox 1004 827 1498 896; x_wconf 80' lang='grc' dir='ltr'><strong>παρεστήσαντο.</strong></span> 
     </span>
    </p>
   </div>
   <div class='ocr_carea' id='block_1_9' title="bbox 366 913 1884 987">
    <p class='ocr_par' dir='ltr' id='par_1_9' title="bbox 366 913 1884 987">
     <span class='ocr_line' id='line_1_9' title="bbox 366 913 1884 987; baseline 0.001 -21"><span class='ocrx_word' id='word_1_49' title='bbox 366 914 442 966; x_wconf 82' lang='grc' dir='ltr'><strong>Οὐ</strong></span> <span class='ocrx_word' id='word_1_50' title='bbox 473 915 580 982; x_wconf 75' lang='grc' dir='ltr'>μὴν</span> <span class='ocrx_word' id='word_1_51' title='bbox 603 913 658 966; x_wconf 81' lang='grc' dir='ltr'>δὲ</span> <span class='ocrx_word' id='word_1_52' title='bbox 687 915 782 967; x_wconf 77' lang='grc' dir='ltr'>καὶ</span> <span class='ocrx_word' id='word_1_53' title='bbox 812 916 861 966; x_wconf 85' lang='grc' dir='ltr'>οἱ</span> <span class='ocrx_word' id='word_1_54' title='bbox 893 918 995 970; x_wconf 80' lang='grc' dir='ltr'>ἀνὰ</span> <span class='ocrx_word' id='word_1_55' title='bbox 1027 919 1130 985; x_wconf 85' lang='grc' dir='ltr'><strong>τὴν</strong></span> <span class='ocrx_word' id='word_1_56' title='bbox 1162 917 1318 970; x_wconf 83' lang='grc' dir='ltr'>δύσιν</span> <span class='ocrx_word' id='word_1_57' title='bbox 1344 918 1578 987; x_wconf 81' lang='grc' dir='ltr'>Τοῦρκοι</span> <span class='ocrx_word' id='word_1_58' title='bbox 1611 919 1672 970; x_wconf 79' lang='grc' dir='ltr'>τὸ</span> <span class='ocrx_word' id='word_1_59' title='bbox 1696 916 1884 985; x_wconf 77' lang='grc' dir='ltr'>παρά-</span> 
     </span>
    </p>
   </div>
   <div class='ocr_carea' id='block_1_10' title="bbox 299 1006 1881 1079">
    <p class='ocr_par' dir='ltr' id='par_1_10' title="bbox 299 1006 1881 1079">
     <span class='ocr_line' id='line_1_10' title="bbox 299 1006 1881 1079; baseline 0.002 -20"><span class='ocrx_word' id='word_1_60' title='bbox 299 1023 407 1060; x_wconf 85' lang='grc' dir='ltr'>παν</span> <span class='ocrx_word' id='word_1_61' title='bbox 429 1006 691 1074; x_wconf 80' lang='grc' dir='ltr'>ὴμέλουν,</span> <span class='ocrx_word' id='word_1_62' title='bbox 712 1007 848 1061; x_wconf 77' lang='grc' dir='ltr'>ἀλλὰ</span> <span class='ocrx_word' id='word_1_63' title='bbox 868 1007 959 1061; x_wconf 71' lang='grc' dir='ltr'><strong>τὸν</strong></span> <span class='ocrx_word' id='word_1_64' title='bbox 981 1009 1074 1062; x_wconf 84' lang='grc' dir='ltr'>τοῦ</span> <span class='ocrx_word' id='word_1_65' title='bbox 1105 1010 1276 1064; x_wconf 84' lang='grc' dir='ltr'>Γάνου</span> <span class='ocrx_word' id='word_1_66' title='bbox 1303 1011 1692 1079; x_wconf 82' lang='grc' dir='ltr'><strong>κυριεύσαντες</strong></span> <span class='ocrx_word' id='word_1_67' title='bbox 1715 1013 1881 1062; x_wconf 81' lang='grc' dir='ltr'>τόπον</span> 
     </span>
    </p>
   </div>
   <div class='ocr_carea' id='block_1_11' title="bbox 296 1098 1878 1170">
    <p class='ocr_par' dir='ltr' id='par_1_11' title="bbox 296 1098 1878 1170">
     <span class='ocr_line' id='line_1_11' title="bbox 296 1098 1878 1170; baseline 0.001 -20"><span class='ocrx_word' id='word_1_68' title='bbox 296 1100 394 1150; x_wconf 73' lang='grc' dir='ltr'><strong>καὶ</strong></span> <span class='ocrx_word' id='word_1_69' title='bbox 425 1098 487 1150; x_wconf 85' lang='grc' dir='ltr'><strong>τὸ</strong></span> <span class='ocrx_word' id='word_1_70' title='bbox 530 1099 621 1151; x_wconf 80' lang='grc' dir='ltr'>τοῦ</span> <span class='ocrx_word' id='word_1_71' title='bbox 673 1100 830 1167; x_wconf 84' lang='grc' dir='ltr'><strong>ἁγίου</strong></span> <span class='ocrx_word' id='word_1_72' title='bbox 887 1100 1074 1152; x_wconf 84' lang='grc' dir='ltr'>Ἠλίου</span> <span class='ocrx_word' id='word_1_73' title='bbox 1126 1102 1550 1170; x_wconf 81' lang='grc' dir='ltr'>περικαθίζουσι</span> <span class='ocrx_word' id='word_1_74' title='bbox 1591 1101 1878 1170; x_wconf 82' lang='grc' dir='ltr'>φρούριον,</span> 
     </span>
    </p>
   </div>
   <div class='ocr_carea' id='block_1_12' title="bbox 294 1191 1881 1263">
    <p class='ocr_par' dir='ltr' id='par_1_12' title="bbox 294 1191 1881 1263">
     <span class='ocr_line' id='line_1_12' title="bbox 294 1191 1881 1263; baseline 0 -18"><span class='ocrx_word' id='word_1_75' title='bbox 294 1191 540 1253; x_wconf 75' lang='grc' dir='ltr'>καὶτοὺς</span> <span class='ocrx_word' id='word_1_76' title='bbox 575 1191 698 1243; x_wconf 81' lang='grc' dir='ltr'>κατ’</span> <span class='ocrx_word' id='word_1_77' title='bbox 727 1193 927 1255; x_wconf 84' lang='grc' dir='ltr'>αὐτοὺς</span> <span class='ocrx_word' id='word_1_78' title='bbox 979 1192 1257 1260; x_wconf 77' lang='grc' dir='ltr'>οὐλαμοὺς</span> <span class='ocrx_word' id='word_1_79' title='bbox 1301 1193 1423 1263; x_wconf 84' lang='grc' dir='ltr'>δίχα</span> <span class='ocrx_word' id='word_1_80' title='bbox 1463 1194 1723 1261; x_wconf 81' lang='grc' dir='ltr'>τεμόντες</span> <span class='ocrx_word' id='word_1_81' title='bbox 1764 1194 1881 1246; x_wconf 80' lang='grc' dir='ltr'>ἐκεῖ</span> 
     </span>
    </p>
   </div>
   <div class='ocr_carea' id='block_1_13' title="bbox 294 1281 1878 1355">
    <p class='ocr_par' dir='ltr' id='par_1_13' title="bbox 294 1281 1878 1355">
     <span class='ocr_line' id='line_1_13' title="bbox 294 1281 1878 1355; baseline 0.002 -20"><span class='ocrx_word' id='word_1_82' title='bbox 294 1287 425 1346; x_wconf 72' lang='grc' dir='ltr'>τοὺς</span> <span class='ocrx_word' id='word_1_83' title='bbox 459 1283 610 1344; x_wconf 81' lang='grc' dir='ltr'>ἐντὸς</span> <span class='ocrx_word' id='word_1_84' title='bbox 649 1284 909 1351; x_wconf 77' lang='grc' dir='ltr'>ἐκάκουν,</span> <span class='ocrx_word' id='word_1_85' title='bbox 950 1285 1055 1348; x_wconf 71' lang='grc' dir='ltr'><strong>ἕως</strong></span> <span class='ocrx_word' id='word_1_86' title='bbox 1087 1281 1146 1338; x_wconf 78' lang='grc' dir='ltr'><strong>οὗ</strong></span> <span class='ocrx_word' id='word_1_87' title='bbox 1183 1288 1548 1349; x_wconf 81' lang='grc' dir='ltr'>συντακέντες</span> <span class='ocrx_word' id='word_1_88' title='bbox 1581 1287 1784 1338; x_wconf 80' lang='grc' dir='ltr'>ἐκεῖνοι</span> <span class='ocrx_word' id='word_1_89' title='bbox 1814 1287 1878 1355; x_wconf 83' lang='grc' dir='ltr'>τῇ</span> 
     </span>
    </p>
   </div>
   <div class='ocr_carea' id='block_1_14' title="bbox 297 1376 1884 1448">
    <p class='ocr_par' dir='ltr' id='par_1_14' title="bbox 297 1376 1884 1448">
     <span class='ocr_line' id='line_1_14' title="bbox 297 1376 1884 1448; baseline 0.001 -19"><span class='ocrx_word' id='word_1_90' title='bbox 297 1376 638 1446; x_wconf 78' lang='grc' dir='ltr'>τωλυημέρῳ</span> <span class='ocrx_word' id='word_1_91' title='bbox 659 1376 968 1448; x_wconf 73' lang='grc' dir='ltr'>λειψυδρίᾳ,</span> <span class='ocrx_word' id='word_1_92' title='bbox 998 1376 1076 1436; x_wconf 83' lang='grc' dir='ltr'>ὡς</span> <span class='ocrx_word' id='word_1_93' title='bbox 1103 1380 1198 1431; x_wconf 76' lang='grc' dir='ltr'><strong>καὶ</strong></span> <span class='ocrx_word' id='word_1_94' title='bbox 1221 1380 1290 1431; x_wconf 66' lang='grc' dir='ltr'>τὰ</span> <span class='ocrx_word' id='word_1_95' title='bbox 1324 1377 1498 1444; x_wconf 76' lang='grc' dir='ltr'>φύλλα</span> <span class='ocrx_word' id='word_1_96' title='bbox 1512 1379 1619 1432; x_wconf 81' lang='grc' dir='ltr'><strong>τῶν</strong></span> <span class='ocrx_word' id='word_1_97' title='bbox 1649 1378 1884 1445; x_wconf 82' lang='grc' dir='ltr'>δένδρων</span> 
     </span>
    </p>
   </div>
   <div class='ocr_carea' id='block_1_15' title="bbox 295 1467 1884 1541">
    <p class='ocr_par' dir='ltr' id='par_1_15' title="bbox 295 1467 1884 1541">
     <span class='ocr_line' id='line_1_15' title="bbox 295 1467 1884 1541; baseline 0.003 -21"><span class='ocrx_word' id='word_1_98' title='bbox 295 1469 507 1537; x_wconf 78' lang='grc' dir='ltr'>λείχειν</span> <span class='ocrx_word' id='word_1_99' title='bbox 535 1469 630 1522; x_wconf 71' lang='grc' dir='ltr'><strong>καὶ</strong></span> <span class='ocrx_word' id='word_1_100' title='bbox 658 1469 876 1531; x_wconf 80' lang='grc' dir='ltr'>θύοντες</span> <span class='ocrx_word' id='word_1_101' title='bbox 904 1467 1021 1534; x_wconf 75' lang='grc' dir='ltr'><strong>ζῶα</strong></span> <span class='ocrx_word' id='word_1_102' title='bbox 1054 1472 1378 1541; x_wconf 76' lang='grc' dir='ltr'>ἀπορῤοφᾷν</span> <span class='ocrx_word' id='word_1_103' title='bbox 1404 1471 1498 1522; x_wconf 80' lang='grc' dir='ltr'>τοῦ</span> <span class='ocrx_word' id='word_1_104' title='bbox 1541 1472 1769 1539; x_wconf 78' lang='grc' dir='ltr'>αἵματος</span> <span class='ocrx_word' id='word_1_105' title='bbox 1790 1472 1884 1524; x_wconf 74' lang='grc' dir='ltr'>ἐπὶ</span> 
     </span>
    </p>
   </div>
   <div class='ocr_carea' id='block_1_16' title="bbox 298 1561 1884 1631">
    <p class='ocr_par' dir='ltr' id='par_1_16' title="bbox 298 1561 1884 1631">
     <span class='ocr_line' id='line_1_16' title="bbox 298 1561 1884 1631; baseline 0.002 -18"><span class='ocrx_word' id='word_1_106' title='bbox 298 1561 586 1622; x_wconf 82' lang='grc' dir='ltr'>πλείσταις</span> <span class='ocrx_word' id='word_1_107' title='bbox 617 1561 878 1631; x_wconf 75' lang='grc' dir='ltr'>ἡμέραις,</span> <span class='ocrx_word' id='word_1_108' title='bbox 908 1562 1146 1623; x_wconf 80' lang='grc' dir='ltr'>πολλοὺς</span> <span class='ocrx_word' id='word_1_109' title='bbox 1167 1564 1225 1614; x_wconf 84' lang='grc' dir='ltr'><strong>δὲ</strong></span> <span class='ocrx_word' id='word_1_110' title='bbox 1255 1566 1347 1616; x_wconf 75' lang='grc' dir='ltr'><strong>καὶ</strong></span> <span class='ocrx_word' id='word_1_111' title='bbox 1366 1564 1682 1624; x_wconf 80' lang='grc' dir='ltr'>ἀποθανεῖν,</span> <span class='ocrx_word' id='word_1_112' title='bbox 1711 1562 1884 1631; x_wconf 79' lang='grc' dir='ltr'>ἔγνω-</span> 
     </span>
    </p>
   </div>
   <div class='ocr_carea' id='block_1_17' title="bbox 297 1641 1922 1724">
    <p class='ocr_par' dir='ltr' id='par_1_17' title="bbox 297 1641 1922 1724">
     <span class='ocr_line' id='line_1_17' title="bbox 297 1641 1922 1724; baseline 0.002 -19"><span class='ocrx_word' id='word_1_113' title='bbox 297 1667 402 1705; x_wconf 85' lang='grc' dir='ltr'>σαν</span> <span class='ocrx_word' id='word_1_114' title='bbox 447 1654 676 1715; x_wconf 84' lang='grc' dir='ltr'>έαυτοὺς</span> <span class='ocrx_word' id='word_1_115' title='bbox 737 1653 1048 1720; x_wconf 85' lang='grc' dir='ltr'>προδιδόναι</span> <span class='ocrx_word' id='word_1_116' title='bbox 1100 1655 1194 1706; x_wconf 71' lang='grc' dir='ltr'>καὶ</span> <span class='ocrx_word' id='word_1_117' title='bbox 1255 1654 1536 1724; x_wconf 85' lang='grc' dir='ltr'>φρούριον.</span> <span class='ocrx_word' id='word_1_118' title='bbox 1592 1655 1736 1723; x_wconf 79' lang='grc' dir='ltr'>Πλὴν</span> <span class='ocrx_word' id='word_1_119' title='bbox 1783 1641 1922 1708; x_wconf 59' lang='grc' dir='ltr'>οὺκ“</span> 
     </span>
    </p>
   </div>
   <div class='ocr_carea' id='block_1_18' title="bbox 296 1740 1885 1812">
    <p class='ocr_par' dir='ltr' id='par_1_18' title="bbox 296 1740 1885 1812">
     <span class='ocr_line' id='line_1_18' title="bbox 296 1740 1885 1812; baseline -0.001 -18"><span class='ocrx_word' id='word_1_120' title='bbox 296 1741 568 1812; x_wconf 69' lang='grc' dir='ltr'>ἐθάρρουν</span> <span class='ocrx_word' id='word_1_121' title='bbox 607 1743 717 1804; x_wconf 89' lang='grc' dir='ltr'>τοῖς</span> <span class='ocrx_word' id='word_1_122' title='bbox 751 1743 990 1811; x_wconf 80' lang='grc' dir='ltr'>Πέρσαις</span> <span class='ocrx_word' id='word_1_123' title='bbox 1024 1740 1113 1794; x_wconf 76' lang='grc' dir='ltr'><strong>διὰ</strong></span> <span class='ocrx_word' id='word_1_124' title='bbox 1138 1740 1240 1812; x_wconf 82' lang='grc' dir='ltr'><strong>τὴν</strong></span> <span class='ocrx_word' id='word_1_125' title='bbox 1267 1742 1627 1811; x_wconf 75' lang='grc' dir='ltr'>ἀλλοτρίωσιν</span> <span class='ocrx_word' id='word_1_126' title='bbox 1656 1740 1751 1794; x_wconf 80' lang='grc' dir='ltr'>τοῦ</span> <span class='ocrx_word' id='word_1_127' title='bbox 1795 1759 1885 1794; x_wconf 83' lang='grc' dir='ltr'>σε-</span> 
     </span>
    </p>
   </div>
   <div class='ocr_carea' id='block_1_19' title="bbox 297 1825 1878 1902">
    <p class='ocr_par' dir='ltr' id='par_1_19' title="bbox 297 1825 1878 1902">
     <span class='ocr_line' id='line_1_19' title="bbox 297 1825 1878 1902; baseline 0.001 -17"><span class='ocrx_word' id='word_1_128' title='bbox 297 1825 606 1902; x_wconf 73' lang='grc' dir='ltr'>σὰσματος,</span> <span class='ocrx_word' id='word_1_129' title='bbox 631 1835 726 1886; x_wconf 81' lang='grc' dir='ltr'>καὶ</span> <span class='ocrx_word' id='word_1_130' title='bbox 756 1831 1074 1902; x_wconf 78' lang='grc' dir='ltr'>πέμψαντες</span> <span class='ocrx_word' id='word_1_131' title='bbox 1095 1832 1463 1902; x_wconf 78' lang='grc' dir='ltr'>Ῥομοφόρτον</span> <span class='ocrx_word' id='word_1_132' title='bbox 1489 1833 1878 1888; x_wconf 78' lang='grc' dir='ltr'>ἐπεκαλοῦντο.</span> 
     </span>
    </p>
   </div>
   <div class='ocr_carea' id='block_1_20' title="bbox 300 1919 1882 1994">
    <p class='ocr_par' dir='ltr' id='par_1_20' title="bbox 300 1919 1882 1994">
     <span class='ocr_line' id='line_1_20' title="bbox 300 1919 1882 1994; baseline 0.001 -18"><span class='ocrx_word' id='word_1_133' title='bbox 300 1919 415 1976; x_wconf 79' lang='grc' dir='ltr'><strong>Καὶ</strong></span> <span class='ocrx_word' id='word_1_134' title='bbox 445 1924 502 1984; x_wconf 83' lang='grc' dir='ltr'>ὃς</span> <span class='ocrx_word' id='word_1_135' title='bbox 531 1922 741 1993; x_wconf 81' lang='grc' dir='ltr'>παρῆν,</span> <span class='ocrx_word' id='word_1_136' title='bbox 786 1926 882 1976; x_wconf 77' lang='grc' dir='ltr'>καὶ</span> <span class='ocrx_word' id='word_1_137' title='bbox 907 1923 1001 1994; x_wconf 79' lang='grc' dir='ltr'><strong>βίᾳ</strong></span> <span class='ocrx_word' id='word_1_138' title='bbox 1061 1925 1188 1993; x_wconf 88' lang='grc' dir='ltr'>μὲν,</span> <span class='ocrx_word' id='word_1_139' title='bbox 1227 1923 1383 1992; x_wconf 83' lang='grc' dir='ltr'>μόλις</span> <span class='ocrx_word' id='word_1_140' title='bbox 1413 1923 1458 1976; x_wconf 92' lang='grc' dir='ltr'>δ’</span> <span class='ocrx_word' id='word_1_141' title='bbox 1489 1925 1638 1993; x_wconf 80' lang='grc' dir='ltr'>ὅμως</span> <span class='ocrx_word' id='word_1_142' title='bbox 1668 1926 1717 1978; x_wconf 78' lang='grc' dir='ltr'>οἱ</span> <span class='ocrx_word' id='word_1_143' title='bbox 1751 1925 1882 1994; x_wconf 80' lang='grc' dir='ltr'>περὶ</span> 
     </span>
    </p>
   </div>
   <div class='ocr_carea' id='block_1_21' title="bbox 298 2015 1885 2086">
    <p class='ocr_par' dir='ltr' id='par_1_21' title="bbox 298 2015 1885 2086">
     <span class='ocr_line' id='line_1_21' title="bbox 298 2015 1885 2086; baseline -0.001 -17"><span class='ocrx_word' id='word_1_144' title='bbox 298 2017 467 2069; x_wconf 80' lang='grc' dir='ltr'>αὑτὸν</span> <span class='ocrx_word' id='word_1_145' title='bbox 494 2015 556 2069; x_wconf 82' lang='grc' dir='ltr'><strong>τὸ</strong></span> <span class='ocrx_word' id='word_1_146' title='bbox 593 2015 862 2086; x_wconf 82' lang='grc' dir='ltr'>Περσικὸν</span> <span class='ocrx_word' id='word_1_147' title='bbox 904 2016 1281 2082; x_wconf 80' lang='grc' dir='ltr'>ἐξελάσαντες,</span> <span class='ocrx_word' id='word_1_148' title='bbox 1315 2017 1382 2069; x_wconf 81' lang='grc' dir='ltr'>τὰ</span> <span class='ocrx_word' id='word_1_149' title='bbox 1412 2016 1585 2070; x_wconf 78' lang='grc' dir='ltr'>πολλὰ</span> <span class='ocrx_word' id='word_1_150' title='bbox 1615 2015 1885 2069; x_wconf 80' lang='grc' dir='ltr'>δικαιολο-</span> 
     </span>
    </p>
   </div>
   <div class='ocr_carea' id='block_1_22' title="bbox 300 2107 1886 2179">
    <p class='ocr_par' dir='ltr' id='par_1_22' title="bbox 300 2107 1886 2179">
     <span class='ocr_line' id='line_1_22' title="bbox 300 2107 1886 2179; baseline -0.001 -17"><span class='ocrx_word' id='word_1_151' title='bbox 300 2109 574 2179; x_wconf 85' lang='grc' dir='ltr'>γούμενον</span> <span class='ocrx_word' id='word_1_152' title='bbox 599 2109 735 2179; x_wconf 84' lang='grc' dir='ltr'>πρὸς</span> <span class='ocrx_word' id='word_1_153' title='bbox 762 2110 985 2173; x_wconf 76' lang='grc' dir='ltr'>αὐτοὺς,</span> <span class='ocrx_word' id='word_1_154' title='bbox 1022 2109 1146 2162; x_wconf 84' lang='grc' dir='ltr'>καθ’</span> <span class='ocrx_word' id='word_1_155' title='bbox 1175 2107 1466 2178; x_wconf 80' lang='grc' dir='ltr'>ὁμολογίας</span> <span class='ocrx_word' id='word_1_156' title='bbox 1500 2107 1886 2178; x_wconf 82' lang='grc' dir='ltr'>προσχωροῦν-</span> 
     </span>
    </p>
   </div>
   <div class='ocr_carea' id='block_1_23' title="bbox 299 2199 1886 2271">
    <p class='ocr_par' dir='ltr' id='par_1_23' title="bbox 299 2199 1886 2271">
     <span class='ocr_line' id='line_1_23' title="bbox 299 2199 1886 2271; baseline -0.003 -16"><span class='ocrx_word' id='word_1_157' title='bbox 299 2219 402 2264; x_wconf 81' lang='grc' dir='ltr'><strong>τας</strong></span> <span class='ocrx_word' id='word_1_158' title='bbox 431 2201 573 2271; x_wconf 84' lang='grc' dir='ltr'>μετὰ</span> <span class='ocrx_word' id='word_1_159' title='bbox 603 2201 713 2254; x_wconf 86' lang='grc' dir='ltr'><strong>τῶν</strong></span> <span class='ocrx_word' id='word_1_160' title='bbox 739 2201 900 2254; x_wconf 82' lang='grc' dir='ltr'>θείων</span> <span class='ocrx_word' id='word_1_161' title='bbox 948 2199 1300 2269; x_wconf 86' lang='grc' dir='ltr'>Εὐαγγελίων</span> <span class='ocrx_word' id='word_1_162' title='bbox 1337 2200 1604 2270; x_wconf 83' lang='grc' dir='ltr'>δέχονται,</span> <span class='ocrx_word' id='word_1_163' title='bbox 1641 2199 1735 2252; x_wconf 82' lang='grc' dir='ltr'>καὶ</span> <span class='ocrx_word' id='word_1_164' title='bbox 1759 2199 1886 2252; x_wconf 85' lang='grc' dir='ltr'>ὅσον</span> 
     </span>
    </p>
   </div>
   <div class='ocr_carea' id='block_1_24' title="bbox 300 2286 1884 2362">
    <p class='ocr_par' dir='ltr' id='par_1_24' title="bbox 300 2286 1884 2362">
     <span class='ocr_line' id='line_1_24' title="bbox 300 2286 1884 2362; baseline -0.004 -16"><span class='ocrx_word' id='word_1_165' title='bbox 300 2295 366 2346; x_wconf 87' lang='grc' dir='ltr'><strong>τὸ</strong></span> <span class='ocrx_word' id='word_1_166' title='bbox 393 2293 695 2362; x_wconf 84' lang='grc' dir='ltr'>ἀφ’,αὐτῶν</span> <span class='ocrx_word' id='word_1_167' title='bbox 717 2291 1103 2362; x_wconf 82' lang='grc' dir='ltr'>φιλάνθρωπον</span> <span class='ocrx_word' id='word_1_168' title='bbox 1131 2290 1229 2359; x_wconf 83' lang='grc' dir='ltr'><strong>τὴν</strong></span> <span class='ocrx_word' id='word_1_169' title='bbox 1255 2286 1533 2358; x_wconf 84' lang='grc' dir='ltr'>διαγωγὴν</span> <span class='ocrx_word' id='word_1_170' title='bbox 1559 2288 1884 2357; x_wconf 80' lang='grc' dir='ltr'>παρέχουσι.</span> 
     </span>
    </p>
   </div>
   <div class='ocr_carea' id='block_1_25' title="bbox 303 2377 1885 2451">
    <p class='ocr_par' dir='ltr' id='par_1_25' title="bbox 303 2377 1885 2451">
     <span class='ocr_line' id='line_1_25' title="bbox 303 2377 1885 2451; baseline -0.004 -15"><span class='ocrx_word' id='word_1_171' title='bbox 303 2383 480 2436; x_wconf 84' lang='grc' dir='ltr'>Τοῦτο</span> <span class='ocrx_word' id='word_1_172' title='bbox 528 2381 744 2436; x_wconf 84' lang='grc' dir='ltr'>ποιοῦσι</span> <span class='ocrx_word' id='word_1_173' title='bbox 805 2383 900 2435; x_wconf 76' lang='grc' dir='ltr'>καὶ</span> <span class='ocrx_word' id='word_1_174' title='bbox 937 2382 998 2434; x_wconf 87' lang='grc' dir='ltr'><strong>ἐν</strong></span> <span class='ocrx_word' id='word_1_175' title='bbox 1045 2379 1126 2450; x_wconf 85' lang='grc' dir='ltr'>τῷ</span> <span class='ocrx_word' id='word_1_176' title='bbox 1180 2379 1380 2451; x_wconf 80' lang='grc' dir='ltr'>πύργῳ</span> <span class='ocrx_word' id='word_1_177' title='bbox 1408 2379 1501 2432; x_wconf 81' lang='grc' dir='ltr'>τοῦ</span> <span class='ocrx_word' id='word_1_178' title='bbox 1545 2377 1885 2432; x_wconf 85' lang='grc' dir='ltr'>Ῥαιδεστοῦ.</span> 
     </span>
    </p>
   </div>
   <div class='ocr_carea' id='block_1_26' title="bbox 304 2547 1888 2632">
    <p class='ocr_par' dir='ltr' id='par_1_26' title="bbox 304 2547 1888 2632">
     <span class='ocr_line' id='line_1_26' title="bbox 304 2547 1888 2632; baseline -0.003 -11"><span class='ocrx_word' id='word_1_179' title='bbox 304 2583 426 2621; x_wconf 87' lang='lat' dir='ltr'><strong>ram</strong></span> <span class='ocrx_word' id='word_1_180' title='bbox 457 2566 811 2621; x_wconf 75' lang='lat' dir='ltr'><strong>exat-mandas</strong></span> <span class='ocrx_word' id='word_1_181' title='bbox 839 2566 1132 2622; x_wconf 82' lang='lat' dir='ltr'><strong>Persarum</strong></span> <span class='ocrx_word' id='word_1_182' title='bbox 1171 2569 1222 2620; x_wconf 90' lang='lat' dir='ltr'><strong>in</strong></span> <span class='ocrx_word' id='word_1_183' title='bbox 1254 2547 1532 2620; x_wconf 78' lang='lat' dir='ltr'><strong>Romanos</strong></span> <span class='ocrx_word' id='word_1_184' title='bbox 1577 2564 1694 2630; x_wconf 68' lang='lat' dir='ltr'><strong>irre,</strong></span> <span class='ocrx_word' id='word_1_185' title='bbox 1727 2564 1888 2632; x_wconf 82' lang='lat' dir='ltr'><strong>ipsis-</strong></span> 
     </span>
    </p>
   </div>
   <div class='ocr_carea' id='block_1_27' title="bbox 302 2657 1888 2731">
    <p class='ocr_par' dir='ltr' id='par_1_27' title="bbox 302 2657 1888 2731">
     <span class='ocr_line' id='line_1_27' title="bbox 302 2657 1888 2731; baseline -0.001 -18"><span class='ocrx_word' id='word_1_186' title='bbox 302 2675 412 2731; x_wconf 81' lang='lat' dir='ltr'><strong>que</strong></span> <span class='ocrx_word' id='word_1_187' title='bbox 463 2660 955 2716; x_wconf 75' lang='lat' dir='ltr'><strong>viriauctoritate</strong></span> <span class='ocrx_word' id='word_1_188' title='bbox 1020 2658 1342 2715; x_wconf 67' lang='lat' dir='ltr'><strong>revocandis</strong></span> <span class='ocrx_word' id='word_1_189' title='bbox 1405 2659 1476 2713; x_wconf 86' lang='lat' dir='ltr'><strong>ab</strong></span> <span class='ocrx_word' id='word_1_190' title='bbox 1532 2657 1762 2712; x_wconf 84' lang='lat' dir='ltr'><strong>itnnerio</strong></span> <span class='ocrx_word' id='word_1_191' title='bbox 1793 2670 1888 2711; x_wconf 88' lang='lat' dir='ltr'><strong>ve-</strong></span> 
     </span>
    </p>
   </div>
   <div class='ocr_carea' id='block_1_28' title="bbox 301 2755 506 2809">
    <p class='ocr_par' dir='ltr' id='par_1_28' title="bbox 301 2755 506 2809">
     <span class='ocr_line' id='line_1_28' title="bbox 301 2755 506 2809; baseline -0.01 0"><span class='ocrx_word' id='word_1_192' title='bbox 301 2755 506 2809; x_wconf 83' lang='lat' dir='ltr'><strong>xando.</strong></span> 
     </span>
    </p>
   </div>
   <div class='ocr_carea' id='block_1_29' title="bbox 302 2862 1886 2934">
    <p class='ocr_par' dir='ltr' id='par_1_29' title="bbox 302 2862 1886 2934">
     <span class='ocr_line' id='line_1_29' title="bbox 302 2862 1886 2934; baseline -0.003 -17"><span class='ocrx_word' id='word_1_193' title='bbox 302 2865 398 2919; x_wconf 65' lang='lat'><strong>26.</strong></span> <span class='ocrx_word' id='word_1_194' title='bbox 437 2862 504 2917; x_wconf 88' lang='lat' dir='ltr'><strong>Ut</strong></span> <span class='ocrx_word' id='word_1_195' title='bbox 573 2865 773 2934; x_wconf 75' lang='lat' dir='ltr'><strong>hostes_</strong></span> <span class='ocrx_word' id='word_1_196' title='bbox 807 2865 1070 2934; x_wconf 80' lang='lat' dir='ltr'><strong>quasdam</strong></span> <span class='ocrx_word' id='word_1_197' title='bbox 1135 2878 1201 2918; x_wconf 78' lang='lat' dir='ltr'><strong>ea:</strong></span> <span class='ocrx_word' id='word_1_198' title='bbox 1270 2864 1477 2917; x_wconf 79' lang='lat' dir='ltr'><strong>arcibus</strong></span> <span class='ocrx_word' id='word_1_199' title='bbox 1547 2862 1615 2916; x_wconf 79' lang='lat' dir='ltr'><strong>ad</strong></span> <span class='ocrx_word' id='word_1_200' title='bbox 1657 2869 1886 2915; x_wconf 78' lang='lat' dir='ltr'><strong>montem</strong></span> 
     </span>
    </p>
   </div>
   <div class='ocr_carea' id='block_1_30' title="bbox 733 2932 1458 3002">
    <p class='ocr_par' dir='ltr' id='par_1_30' title="bbox 733 2932 1458 3002">
     <span class='ocr_line' id='line_1_30' title="bbox 733 2932 1458 3002; baseline -0.001 -15"><span class='ocrx_word' id='word_1_201' title='bbox 733 2932 938 2988; x_wconf 79' lang='lat' dir='ltr'><strong>Canum</strong></span> <span class='ocrx_word' id='word_1_202' title='bbox 977 2936 1095 2988; x_wconf 77' lang='lat' dir='ltr'><strong>sitis</strong></span> <span class='ocrx_word' id='word_1_203' title='bbox 1138 2934 1458 3002; x_wconf 80' lang='lat' dir='ltr'><strong>subegerint.</strong></span> 
     </span>
    </p>
   </div>
   <div class='ocr_carea' id='block_1_31' title="bbox 379 3024 1888 3092">
    <p class='ocr_par' dir='ltr' id='par_1_31' title="bbox 379 3024 1888 3092">
     <span class='ocr_line' id='line_1_31' title="bbox 379 3024 1888 3092; baseline 0 -12"><span class='ocrx_word' id='word_1_204' title='bbox 379 3027 478 3092; x_wconf 87' lang='lat' dir='ltr'><strong>Qui</strong></span> <span class='ocrx_word' id='word_1_205' title='bbox 506 3041 635 3080; x_wconf 86' lang='lat' dir='ltr'><strong>vero</strong></span> <span class='ocrx_word' id='word_1_206' title='bbox 667 3027 720 3079; x_wconf 93' lang='lat' dir='ltr'><strong>in</strong></span> <span class='ocrx_word' id='word_1_207' title='bbox 747 3027 800 3080; x_wconf 91' lang='lat' dir='ltr'><strong>in</strong></span> <span class='ocrx_word' id='word_1_208' title='bbox 831 3026 1070 3081; x_wconf 88' lang='lat' dir='ltr'><strong>Oecidua</strong></span> <span class='ocrx_word' id='word_1_209' title='bbox 1110 3029 1432 3081; x_wconf 89' lang='lat' dir='ltr'><strong>continente</strong></span> <span class='ocrx_word' id='word_1_210' title='bbox 1467 3024 1664 3080; x_wconf 90' lang='lat' dir='ltr'><strong>bellum</strong></span> <span class='ocrx_word' id='word_1_211' title='bbox 1707 3025 1760 3078; x_wconf 90' lang='lat' dir='ltr'><strong>in</strong></span> <span class='ocrx_word' id='word_1_212' title='bbox 1791 3040 1888 3080; x_wconf 90' lang='lat' dir='ltr'><strong>nos</strong></span> 
     </span>
    </p>
   </div>
   <div class='ocr_carea' id='block_1_32' title="bbox 1988 544 3568 620">
    <p class='ocr_par' dir='ltr' id='par_1_32' title="bbox 1988 544 3568 620">
     <span class='ocr_line' id='line_1_32' title="bbox 1988 544 3568 620; baseline 0.006 -26"><span class='ocrx_word' id='word_1_213' title='bbox 1988 544 2318 613; x_wconf 81' lang='grc' dir='ltr'>προσϐολὰς,</span> <span class='ocrx_word' id='word_1_214' title='bbox 2370 547 2488 600; x_wconf 80' lang='grc' dir='ltr'>ἀλλ’</span> <span class='ocrx_word' id='word_1_215' title='bbox 2529 549 2630 602; x_wconf 84' lang='grc' dir='ltr'><strong>οὐκ</strong></span> <span class='ocrx_word' id='word_1_216' title='bbox 2661 548 2879 618; x_wconf 71' lang='grc' dir='ltr'>ἤνυτον.</span> <span class='ocrx_word' id='word_1_217' title='bbox 2909 549 3076 612; x_wconf 80' lang='grc' dir='ltr'>Τέλος</span> <span class='ocrx_word' id='word_1_218' title='bbox 3116 551 3212 602; x_wconf 81' lang='grc' dir='ltr'><strong>καὶ</strong></span> <span class='ocrx_word' id='word_1_219' title='bbox 3263 550 3568 620; x_wconf 77' lang='grc' dir='ltr'>μηχάνημα</span> 
     </span>
    </p>
   </div>
   <div class='ocr_carea' id='block_1_33' title="bbox 1986 633 3570 709">
    <p class='ocr_par' dir='ltr' id='par_1_33' title="bbox 1986 633 3570 709">
     <span class='ocr_line' id='line_1_33' title="bbox 1986 633 3570 709; baseline 0.005 -25"><span class='ocrx_word' id='word_1_220' title='bbox 1986 633 2391 703; x_wconf 68' lang='grc' dir='ltr'>ἐπιστήσαντες</span> <span class='ocrx_word' id='word_1_221' title='bbox 2423 638 2751 709; x_wconf 77' lang='grc' dir='ltr'>πετροϐόλον</span> <span class='ocrx_word' id='word_1_222' title='bbox 2782 640 2976 702; x_wconf 87' lang='grc' dir='ltr'>νυκτὸς</span> <span class='ocrx_word' id='word_1_223' title='bbox 2999 641 3068 693; x_wconf 77' lang='grc' dir='ltr'>τὰ</span> <span class='ocrx_word' id='word_1_224' title='bbox 3099 640 3272 693; x_wconf 74' lang='grc' dir='ltr'>πολλὰ</span> <span class='ocrx_word' id='word_1_225' title='bbox 3298 641 3570 708; x_wconf 84' lang='grc' dir='ltr'>κατηκόν-</span> 
     </span>
    </p>
   </div>
   <div class='ocr_carea' id='block_1_34' title="bbox 1984 723 3564 804">
    <p class='ocr_par' dir='ltr' id='par_1_34' title="bbox 1984 723 3564 804">
     <span class='ocr_line' id='line_1_34' title="bbox 1984 723 3564 804; baseline 0.008 -29"><span class='ocrx_word' id='word_1_226' title='bbox 1984 723 2135 786; x_wconf 81' lang='grc' dir='ltr'>τιζον</span> <span class='ocrx_word' id='word_1_227' title='bbox 2160 725 2259 788; x_wconf 74' lang='grc' dir='ltr'><strong>τὰς</strong></span> <span class='ocrx_word' id='word_1_228' title='bbox 2290 727 2474 797; x_wconf 83' lang='grc' dir='ltr'>βολὰς,</span> <span class='ocrx_word' id='word_1_229' title='bbox 2535 731 2610 792; x_wconf 87' lang='grc' dir='ltr'>ὡς</span> <span class='ocrx_word' id='word_1_230' title='bbox 2645 732 3014 802; x_wconf 77' lang='grc' dir='ltr'>ἐπιῤῥιφῆναι</span> <span class='ocrx_word' id='word_1_231' title='bbox 3069 734 3274 804; x_wconf 83' lang='grc' dir='ltr'>πέτρας</span> <span class='ocrx_word' id='word_1_232' title='bbox 3304 734 3428 804; x_wconf 81' lang='grc' dir='ltr'>περί</span> <span class='ocrx_word' id='word_1_233' title='bbox 3462 751 3564 787; x_wconf 87' lang='grc' dir='ltr'><strong>που</strong></span> 
     </span>
    </p>
   </div>
   <div class='ocr_carea' id='block_1_35' title="bbox 1985 815 3566 896">
    <p class='ocr_par' dir='ltr' id='par_1_35' title="bbox 1985 815 3566 896">
     <span class='ocr_line' id='line_1_35' title="bbox 1985 815 3566 896; baseline 0.009 -31"><span class='ocrx_word' id='word_1_234' title='bbox 1985 815 2084 877; x_wconf 79' lang='grc' dir='ltr'><strong>τὰς</strong></span> <span class='ocrx_word' id='word_1_235' title='bbox 2109 816 2304 869; x_wconf 81' lang='grc' dir='ltr'>ἑκατὸν</span> <span class='ocrx_word' id='word_1_236' title='bbox 2355 820 2452 872; x_wconf 81' lang='grc' dir='ltr'><strong>καὶ</strong></span> <span class='ocrx_word' id='word_1_237' title='bbox 2499 822 2982 888; x_wconf 83' lang='grc' dir='ltr'>πολυταλάντους·</span> <span class='ocrx_word' id='word_1_238' title='bbox 3026 828 3566 896; x_wconf 76' lang='grc' dir='ltr'>πεντηκονταμνοιῖαι</span> 
     </span>
    </p>
   </div>
   <div class='ocr_carea' id='block_1_36' title="bbox 1984 907 3566 985">
    <p class='ocr_par' dir='ltr' id='par_1_36' title="bbox 1984 907 3566 985">
     <span class='ocr_line' id='line_1_36' title="bbox 1984 907 3566 985; baseline 0.008 -27"><span class='ocrx_word' id='word_1_239' title='bbox 1984 907 2096 977; x_wconf 84' lang='grc' dir='ltr'>γὰρ</span> <span class='ocrx_word' id='word_1_240' title='bbox 2117 908 2186 960; x_wconf 87' lang='grc' dir='ltr'>τὰ</span> <span class='ocrx_word' id='word_1_241' title='bbox 2221 908 2395 962; x_wconf 81' lang='grc' dir='ltr'>πολλὰ</span> <span class='ocrx_word' id='word_1_242' title='bbox 2432 909 2667 965; x_wconf 73' lang='grc' dir='ltr'>ἔπιπτον</span> <span class='ocrx_word' id='word_1_243' title='bbox 2691 954 2704 977; x_wconf 90' lang='grc'><strong>,</strong></span> <span class='ocrx_word' id='word_1_244' title='bbox 2742 916 2792 966; x_wconf 85' lang='grc' dir='ltr'><strong>εί</strong></span> <span class='ocrx_word' id='word_1_245' title='bbox 2820 916 2915 968; x_wconf 77' lang='grc' dir='ltr'>καὶ</span> <span class='ocrx_word' id='word_1_246' title='bbox 2942 916 3029 968; x_wconf 76' lang='grc' dir='ltr'><strong>διὰ</strong></span> <span class='ocrx_word' id='word_1_247' title='bbox 3061 916 3121 969; x_wconf 84' lang='grc' dir='ltr'><strong>τὸ</strong></span> <span class='ocrx_word' id='word_1_248' title='bbox 3158 916 3432 985; x_wconf 83' lang='grc' dir='ltr'>ὀλίγιστον</span> <span class='ocrx_word' id='word_1_249' title='bbox 3471 917 3566 971; x_wconf 82' lang='grc' dir='ltr'>τοῦ</span> 
     </span>
    </p>
   </div>
   <div class='ocr_carea' id='block_1_37' title="bbox 1984 1000 3574 1083">
    <p class='ocr_par' dir='ltr' id='par_1_37' title="bbox 1984 1000 3574 1083">
     <span class='ocr_line' id='line_1_37' title="bbox 1984 1000 3574 1083; baseline 0.008 -33"><span class='ocrx_word' id='word_1_250' title='bbox 1984 1000 2251 1068; x_wconf 82' lang='grc' dir='ltr'>φρουρίου</span> <span class='ocrx_word' id='word_1_251' title='bbox 2287 1003 2342 1054; x_wconf 78' lang='grc' dir='ltr'>αἱ</span> <span class='ocrx_word' id='word_1_252' title='bbox 2397 1003 2652 1058; x_wconf 85' lang='grc' dir='ltr'>πλεῖσται</span> <span class='ocrx_word' id='word_1_253' title='bbox 2697 1007 2966 1076; x_wconf 81' lang='grc' dir='ltr'>ὴστόχουν</span> <span class='ocrx_word' id='word_1_254' title='bbox 2995 1010 3088 1061; x_wconf 78' lang='grc' dir='ltr'><strong>καὶ</strong></span> <span class='ocrx_word' id='word_1_255' title='bbox 3121 1009 3574 1083; x_wconf 70' lang='grc' dir='ltr'>ἓξωέπέρῤητον</span> 
     </span>
    </p>
   </div>
   <div class='ocr_carea' id='block_1_38' title="bbox 1981 1094 3566 1172">
    <p class='ocr_par' dir='ltr' id='par_1_38' title="bbox 1981 1094 3566 1172">
     <span class='ocr_line' id='line_1_38' title="bbox 1981 1094 3566 1172; baseline 0.006 -28"><span class='ocrx_word' id='word_1_256' title='bbox 1981 1094 2053 1145; x_wconf 76' lang='grc' dir='ltr'>τὰ</span> <span class='ocrx_word' id='word_1_257' title='bbox 2106 1095 2456 1164; x_wconf 83' lang='grc' dir='ltr'>πεμπόμενα.</span> <span class='ocrx_word' id='word_1_258' title='bbox 2495 1098 2571 1149; x_wconf 84' lang='grc' dir='ltr'><strong>οὐ</strong></span> <span class='ocrx_word' id='word_1_259' title='bbox 2631 1099 2736 1168; x_wconf 79' lang='grc' dir='ltr'><strong>μὴν</strong></span> <span class='ocrx_word' id='word_1_260' title='bbox 2763 1097 2820 1150; x_wconf 87' lang='grc' dir='ltr'>δὲ</span> <span class='ocrx_word' id='word_1_261' title='bbox 2852 1100 2946 1151; x_wconf 81' lang='grc' dir='ltr'><strong>καὶ</strong></span> <span class='ocrx_word' id='word_1_262' title='bbox 2997 1101 3304 1170; x_wconf 80' lang='grc' dir='ltr'>ἁζημίωτοι</span> <span class='ocrx_word' id='word_1_263' title='bbox 3352 1104 3566 1172; x_wconf 76' lang='grc' dir='ltr'>έμενον,</span> 
     </span>
    </p>
   </div>
   <div class='ocr_carea' id='block_1_39' title="bbox 1985 1185 3567 1266">
    <p class='ocr_par' dir='ltr' id='par_1_39' title="bbox 1985 1185 3567 1266">
     <span class='ocr_line' id='line_1_39' title="bbox 1985 1185 3567 1266; baseline 0.006 -28"><span class='ocrx_word' id='word_1_264' title='bbox 1985 1185 2122 1239; x_wconf 80' lang='grc' dir='ltr'>ἀλλὰ</span> <span class='ocrx_word' id='word_1_265' title='bbox 2176 1187 2442 1251; x_wconf 81' lang='grc' dir='ltr'>πολλάκις</span> <span class='ocrx_word' id='word_1_266' title='bbox 2485 1189 2629 1259; x_wconf 80' lang='grc' dir='ltr'>ὑπὲρ</span> <span class='ocrx_word' id='word_1_267' title='bbox 2671 1193 3024 1262; x_wconf 83' lang='grc' dir='ltr'>τριακοσίους</span> <span class='ocrx_word' id='word_1_268' title='bbox 3054 1197 3104 1246; x_wconf 81' lang='grc' dir='ltr'>οἰ</span> <span class='ocrx_word' id='word_1_269' title='bbox 3131 1193 3280 1256; x_wconf 78' lang='grc' dir='ltr'>ἐντὸς</span> <span class='ocrx_word' id='word_1_270' title='bbox 3311 1194 3394 1265; x_wconf 79' lang='grc' dir='ltr'><strong>[Ρ.</strong></span> <span class='ocrx_word' id='word_1_271' title='bbox 3439 1195 3567 1266; x_wconf 66' lang='grc'><strong>454]</strong></span> 
     </span>
    </p>
   </div>
   <div class='ocr_carea' id='block_1_40' title="bbox 1984 1277 3570 1356">
    <p class='ocr_par' dir='ltr' id='par_1_40' title="bbox 1984 1277 3570 1356">
     <span class='ocr_line' id='line_1_40' title="bbox 1984 1277 3570 1356; baseline 0.007 -27"><span class='ocrx_word' id='word_1_272' title='bbox 1984 1277 2137 1340; x_wconf 70' lang='grc' dir='ltr'>ὄντες</span> <span class='ocrx_word' id='word_1_273' title='bbox 2162 1277 2451 1349; x_wconf 79' lang='grc' dir='ltr'>εὐθαρσῶς</span> <span class='ocrx_word' id='word_1_274' title='bbox 2475 1281 2854 1345; x_wconf 78' lang='grc' dir='ltr'>ἐξελαύνοντες</span> <span class='ocrx_word' id='word_1_275' title='bbox 2884 1285 3068 1351; x_wconf 67' lang='grc' dir='ltr'>σφίσιν</span> <span class='ocrx_word' id='word_1_276' title='bbox 3111 1285 3450 1356; x_wconf 71' lang='grc' dir='ltr'>ὲπέῤῥαττον</span> <span class='ocrx_word' id='word_1_277' title='bbox 3477 1291 3570 1340; x_wconf 80' lang='grc' dir='ltr'><strong>καὶ</strong></span> 
     </span>
    </p>
   </div>
   <div class='ocr_carea' id='block_1_41' title="bbox 1985 1368 3570 1444">
    <p class='ocr_par' dir='ltr' id='par_1_41' title="bbox 1985 1368 3570 1444">
     <span class='ocr_line' id='line_1_41' title="bbox 1985 1368 3570 1444; baseline 0.006 -24"><span class='ocrx_word' id='word_1_278' title='bbox 1985 1369 2054 1420; x_wconf 83' lang='grc' dir='ltr'>τὰ</span> <span class='ocrx_word' id='word_1_279' title='bbox 2087 1368 2256 1422; x_wconf 83' lang='grc' dir='ltr'>πολλὰ</span> <span class='ocrx_word' id='word_1_280' title='bbox 2283 1371 2569 1440; x_wconf 76' lang='grc' dir='ltr'>ἐζημίουν,</span> <span class='ocrx_word' id='word_1_281' title='bbox 2603 1372 2710 1435; x_wconf 73' lang='grc' dir='ltr'><strong>ἕως</strong></span> <span class='ocrx_word' id='word_1_282' title='bbox 2738 1368 2798 1428; x_wconf 71' lang='grc' dir='ltr'>οὗ</span> <span class='ocrx_word' id='word_1_283' title='bbox 2832 1376 3252 1444; x_wconf 80' lang='grc' dir='ltr'>κατισχυοέντες</span> <span class='ocrx_word' id='word_1_284' title='bbox 3299 1381 3391 1430; x_wconf 83' lang='grc' dir='ltr'><strong>καὶ</strong></span> <span class='ocrx_word' id='word_1_285' title='bbox 3421 1373 3570 1430; x_wconf 65' lang='grc' dir='ltr'>οὗτοι</span> 
     </span>
    </p>
   </div>
   <div class='ocr_carea' id='block_1_42' title="bbox 1987 1463 3568 1534">
    <p class='ocr_par' dir='ltr' id='par_1_42' title="bbox 1987 1463 3568 1534">
     <span class='ocr_line' id='line_1_42' title="bbox 1987 1463 3568 1534; baseline 0.008 -23"><span class='ocrx_word' id='word_1_286' title='bbox 1987 1463 2330 1530; x_wconf 82' lang='grc' dir='ltr'>προσχωρεῖν</span> <span class='ocrx_word' id='word_1_287' title='bbox 2363 1465 2488 1516; x_wconf 80' lang='grc' dir='ltr'>καθ’</span> <span class='ocrx_word' id='word_1_288' title='bbox 2508 1465 2800 1534; x_wconf 85' lang='grc' dir='ltr'>ὁμολογίαν</span> <span class='ocrx_word' id='word_1_289' title='bbox 2826 1468 3088 1521; x_wconf 85' lang='grc' dir='ltr'>ἱκέτευον.</span> <span class='ocrx_word' id='word_1_290' title='bbox 3123 1470 3260 1521; x_wconf 85' lang='grc' dir='ltr'>Ἀλλ’</span> <span class='ocrx_word' id='word_1_291' title='bbox 3294 1471 3393 1522; x_wconf 73' lang='grc' dir='ltr'><strong>οὐκ</strong></span> <span class='ocrx_word' id='word_1_292' title='bbox 3416 1471 3568 1523; x_wconf 71' lang='grc' dir='ltr'>ἔπεια-</span> 
     </span>
    </p>
   </div>
   <div class='ocr_carea' id='block_1_43' title="bbox 1987 1552 3570 1630">
    <p class='ocr_par' dir='ltr' id='par_1_43' title="bbox 1987 1552 3570 1630">
     <span class='ocr_line' id='line_1_43' title="bbox 1987 1552 3570 1630; baseline 0.007 -25"><span class='ocrx_word' id='word_1_293' title='bbox 1987 1552 2078 1605; x_wconf 86' lang='grc' dir='ltr'><strong>θον</strong></span> <span class='ocrx_word' id='word_1_294' title='bbox 2100 1568 2114 1582; x_wconf 88' lang='grc'>·</span> <span class='ocrx_word' id='word_1_295' title='bbox 2145 1555 2434 1624; x_wconf 85' lang='grc' dir='ltr'>ὲπώμοτος</span> <span class='ocrx_word' id='word_1_296' title='bbox 2481 1561 2589 1628; x_wconf 79' lang='grc' dir='ltr'>γὰρ</span> <span class='ocrx_word' id='word_1_297' title='bbox 2623 1553 2691 1628; x_wconf 79' lang='grc' dir='ltr'>ἦν</span> <span class='ocrx_word' id='word_1_298' title='bbox 2737 1559 3126 1630; x_wconf 78' lang='grc' dir='ltr'>Ῥομοφόρτος,</span> <span class='ocrx_word' id='word_1_299' title='bbox 3183 1563 3309 1615; x_wconf 78' lang='grc' dir='ltr'>ἐπεὶ</span> <span class='ocrx_word' id='word_1_300' title='bbox 3333 1564 3570 1624; x_wconf 77' lang='grc' dir='ltr'>πολλοὺς</span> 
     </span>
    </p>
   </div>
   <div class='ocr_carea' id='block_1_44' title="bbox 1987 1645 3571 1726">
    <p class='ocr_par' dir='ltr' id='par_1_44' title="bbox 1987 1645 3571 1726">
     <span class='ocr_line' id='line_1_44' title="bbox 1987 1645 3571 1726; baseline 0.008 -29"><span class='ocrx_word' id='word_1_301' title='bbox 1987 1645 2231 1698; x_wconf 75' lang='grc' dir='ltr'>ἀπέϐαλε</span> <span class='ocrx_word' id='word_1_302' title='bbox 2259 1646 2370 1702; x_wconf 83' lang='grc' dir='ltr'>τῶν</span> <span class='ocrx_word' id='word_1_303' title='bbox 2403 1648 2572 1713; x_wconf 87' lang='grc' dir='ltr'>ίδίων,</span> <span class='ocrx_word' id='word_1_304' title='bbox 2603 1645 2638 1718; x_wconf 85' lang='grc' dir='ltr'>ἦ</span> <span class='ocrx_word' id='word_1_305' title='bbox 2677 1650 2783 1720; x_wconf 80' lang='grc' dir='ltr'>μὴν</span> <span class='ocrx_word' id='word_1_306' title='bbox 2804 1653 2898 1703; x_wconf 84' lang='grc' dir='ltr'>καὶ</span> <span class='ocrx_word' id='word_1_307' title='bbox 2928 1652 3185 1716; x_wconf 82' lang='grc' dir='ltr'>θέλοντας</span> <span class='ocrx_word' id='word_1_308' title='bbox 3224 1659 3571 1726; x_wconf 84' lang='grc' dir='ltr'>προσχωρεῖν</span> 
     </span>
    </p>
   </div>
   <div class='ocr_carea' id='block_1_45' title="bbox 1990 1731 3572 1814">
    <p class='ocr_par' dir='ltr' id='par_1_45' title="bbox 1990 1731 3572 1814">
     <span class='ocr_line' id='line_1_45' title="bbox 1990 1731 3572 1814; baseline 0.008 -28"><span class='ocrx_word' id='word_1_309' title='bbox 1990 1731 2068 1802; x_wconf 81' lang='grc' dir='ltr'>μὴ</span> <span class='ocrx_word' id='word_1_310' title='bbox 2104 1733 2378 1804; x_wconf 88' lang='grc' dir='ltr'>δέχεσθαι,</span> <span class='ocrx_word' id='word_1_311' title='bbox 2431 1739 2526 1789; x_wconf 80' lang='grc' dir='ltr'><strong>καὶ</strong></span> <span class='ocrx_word' id='word_1_312' title='bbox 2557 1738 2760 1808; x_wconf 83' lang='grc' dir='ltr'>μᾶλλον</span> <span class='ocrx_word' id='word_1_313' title='bbox 2810 1740 2906 1794; x_wconf 78' lang='grc' dir='ltr'>τοῦ</span> <span class='ocrx_word' id='word_1_314' title='bbox 2939 1741 3151 1812; x_wconf 85' lang='grc' dir='ltr'>πύργου</span> <span class='ocrx_word' id='word_1_315' title='bbox 3189 1745 3572 1814; x_wconf 81' lang='grc' dir='ltr'>σαθρωθέντος</span> 
     </span>
    </p>
   </div>
   <div class='ocr_carea' id='block_1_46' title="bbox 1985 1826 3568 1908">
    <p class='ocr_par' dir='ltr' id='par_1_46' title="bbox 1985 1826 3568 1908">
     <span class='ocr_line' id='line_1_46' title="bbox 1985 1826 3568 1908; baseline 0.011 -33"><span class='ocrx_word' id='word_1_316' title='bbox 1985 1826 2107 1887; x_wconf 87' lang='grc' dir='ltr'>ταῖς</span> <span class='ocrx_word' id='word_1_317' title='bbox 2140 1830 2394 1898; x_wconf 84' lang='grc' dir='ltr'>συνεχέσι</span> <span class='ocrx_word' id='word_1_318' title='bbox 2419 1829 2526 1884; x_wconf 84' lang='grc' dir='ltr'><strong>τῶν</strong></span> <span class='ocrx_word' id='word_1_319' title='bbox 2548 1829 2711 1885; x_wconf 87' lang='grc' dir='ltr'>λίθων</span> <span class='ocrx_word' id='word_1_320' title='bbox 2737 1832 2922 1901; x_wconf 81' lang='grc' dir='ltr'>βολαῖς</span> <span class='ocrx_word' id='word_1_321' title='bbox 2951 1836 3115 1889; x_wconf 82' lang='grc' dir='ltr'>αὐτοῦ</span> <span class='ocrx_word' id='word_1_322' title='bbox 3148 1840 3366 1908; x_wconf 83' lang='grc' dir='ltr'>μηχανή</span> <span class='ocrx_word' id='word_1_323' title='bbox 3378 1856 3568 1906; x_wconf 84' lang='grc' dir='ltr'>ματος.</span> 
     </span>
    </p>
   </div>
   <div class='ocr_carea' id='block_1_47' title="bbox 1986 1916 3572 1998">
    <p class='ocr_par' dir='ltr' id='par_1_47' title="bbox 1986 1916 3572 1998">
     <span class='ocr_line' id='line_1_47' title="bbox 1986 1916 3572 1998; baseline 0.009 -30"><span class='ocrx_word' id='word_1_324' title='bbox 1986 1916 2063 1968; x_wconf 80' lang='grc' dir='ltr'>Τὸ</span> <span class='ocrx_word' id='word_1_325' title='bbox 2093 1917 2203 1987; x_wconf 79' lang='grc' dir='ltr'>γὰρ</span> <span class='ocrx_word' id='word_1_326' title='bbox 2255 1919 2352 1972; x_wconf 84' lang='grc' dir='ltr'>τοῦ</span> <span class='ocrx_word' id='word_1_327' title='bbox 2386 1920 2544 1990; x_wconf 76' lang='grc' dir='ltr'>ἁγίου</span> <span class='ocrx_word' id='word_1_328' title='bbox 2589 1923 2774 1976; x_wconf 85' lang='grc' dir='ltr'>Ἠλίου</span> <span class='ocrx_word' id='word_1_329' title='bbox 2840 1925 3102 1996; x_wconf 85' lang='grc' dir='ltr'>φρούριον</span> <span class='ocrx_word' id='word_1_330' title='bbox 3159 1931 3572 1998; x_wconf 83' lang='grc' dir='ltr'>χειρωσάμενος</span> 
     </span>
    </p>
   </div>
   <div class='ocr_carea' id='block_1_48' title="bbox 1985 2009 3573 2091">
    <p class='ocr_par' dir='ltr' id='par_1_48' title="bbox 1985 2009 3573 2091">
     <span class='ocr_line' id='line_1_48' title="bbox 1985 2009 3573 2091; baseline 0.009 -31"><span class='ocrx_word' id='word_1_331' title='bbox 1985 2009 2391 2082; x_wconf 82' lang='grc' dir='ltr'>φιλανθρώπως</span> <span class='ocrx_word' id='word_1_332' title='bbox 2461 2016 2883 2085; x_wconf 82' lang='grc' dir='ltr'>προσηνέγκατο</span> <span class='ocrx_word' id='word_1_333' title='bbox 2937 2023 3052 2082; x_wconf 83' lang='grc' dir='ltr'>τοῖς</span> <span class='ocrx_word' id='word_1_334' title='bbox 3106 2022 3418 2091; x_wconf 76' lang='grc' dir='ltr'>οἰκήτορσι,</span> <span class='ocrx_word' id='word_1_335' title='bbox 3475 2025 3573 2077; x_wconf 72' lang='grc' dir='ltr'><strong>καὶ</strong></span> 
     </span>
    </p>
   </div>
   <div class='ocr_carea' id='block_1_49' title="bbox 1987 2104 3573 2182">
    <p class='ocr_par' dir='ltr' id='par_1_49' title="bbox 1987 2104 3573 2182">
     <span class='ocr_line' id='line_1_49' title="bbox 1987 2104 3573 2182; baseline 0.009 -29"><span class='ocrx_word' id='word_1_336' title='bbox 1987 2106 2268 2171; x_wconf 78' lang='grc' dir='ltr'>φρουροὺς</span> <span class='ocrx_word' id='word_1_337' title='bbox 2297 2104 2559 2174; x_wconf 76' lang='grc' dir='ltr'>ἐμϐαλὼν</span> <span class='ocrx_word' id='word_1_338' title='bbox 2590 2109 2826 2172; x_wconf 81' lang='grc' dir='ltr'>ἐκείνοις</span> <span class='ocrx_word' id='word_1_339' title='bbox 2845 2109 2983 2180; x_wconf 85' lang='grc' dir='ltr'>πρὸς</span> <span class='ocrx_word' id='word_1_340' title='bbox 3011 2109 3317 2165; x_wconf 81' lang='grc' dir='ltr'>Ῥαιδεστδν</span> <span class='ocrx_word' id='word_1_341' title='bbox 3337 2112 3573 2182; x_wconf 79' lang='grc' dir='ltr'>γίνεται,</span> 
     </span>
    </p>
   </div>
   <div class='ocr_carea' id='block_1_50' title="bbox 1985 2191 3574 2272">
    <p class='ocr_par' dir='ltr' id='par_1_50' title="bbox 1985 2191 3574 2272">
     <span class='ocr_line' id='line_1_50' title="bbox 1985 2191 3574 2272; baseline 0.008 -28"><span class='ocrx_word' id='word_1_342' title='bbox 1985 2191 2188 2255; x_wconf 82' lang='grc' dir='ltr'>ἐξελεῖν</span> <span class='ocrx_word' id='word_1_343' title='bbox 2228 2194 2618 2266; x_wconf 85' lang='grc' dir='ltr'>διανοούμενος</span> <span class='ocrx_word' id='word_1_344' title='bbox 2667 2201 2763 2252; x_wconf 78' lang='grc' dir='ltr'><strong>καὶ</strong></span> <span class='ocrx_word' id='word_1_345' title='bbox 2825 2201 3042 2255; x_wconf 77' lang='grc' dir='ltr'>ἀνοικτὶ</span> <span class='ocrx_word' id='word_1_346' title='bbox 3097 2203 3373 2272; x_wconf 84' lang='grc' dir='ltr'>φονεύειν.</span> <span class='ocrx_word' id='word_1_347' title='bbox 3426 2204 3574 2257; x_wconf 66' lang='lat' dir='ltr'><strong>etas</strong></span> 
     </span>
    </p>
   </div>
   <div class='ocr_carea' id='block_1_51' title="bbox 1989 2286 3576 2365">
    <p class='ocr_par' dir='ltr' id='par_1_51' title="bbox 1989 2286 3576 2365">
     <span class='ocr_line' id='line_1_51' title="bbox 1989 2286 3576 2365; baseline 0.007 -28"><span class='ocrx_word' id='word_1_348' title='bbox 1989 2286 2431 2358; x_wconf 87' lang='grc' dir='ltr'>προσελιπάρουν</span> <span class='ocrx_word' id='word_1_349' title='bbox 2460 2288 2813 2360; x_wconf 86' lang='grc' dir='ltr'>θερμότερον,</span> <span class='ocrx_word' id='word_1_350' title='bbox 2837 2296 2932 2346; x_wconf 67' lang='grc' dir='ltr'><strong>καὶ</strong></span> <span class='ocrx_word' id='word_1_351' title='bbox 2958 2295 3184 2358; x_wconf 83' lang='grc' dir='ltr'>ἑαυτοὺς</span> <span class='ocrx_word' id='word_1_352' title='bbox 3212 2296 3576 2365; x_wconf 81' lang='grc' dir='ltr'>παρεδίδοσαν</span> 
     </span>
    </p>
   </div>
   <div class='ocr_carea' id='block_1_52' title="bbox 1987 2378 3577 2459">
    <p class='ocr_par' dir='ltr' id='par_1_52' title="bbox 1987 2378 3577 2459">
     <span class='ocr_line' id='line_1_52' title="bbox 1987 2378 3577 2459; baseline 0.009 -29"><span class='ocrx_word' id='word_1_353' title='bbox 1987 2378 2111 2431; x_wconf 81' lang='grc' dir='ltr'>καθ’</span> <span class='ocrx_word' id='word_1_354' title='bbox 2144 2379 2439 2450; x_wconf 80' lang='grc' dir='ltr'>ὁμολογίας</span> <span class='ocrx_word' id='word_1_355' title='bbox 2461 2381 2552 2435; x_wconf 83' lang='grc' dir='ltr'>τοῦ</span> <span class='ocrx_word' id='word_1_356' title='bbox 2596 2382 2861 2453; x_wconf 84' lang='grc' dir='ltr'>σωθῆναι,</span> <span class='ocrx_word' id='word_1_357' title='bbox 2901 2387 2968 2438; x_wconf 86' lang='grc' dir='ltr'><strong>ἐκ</strong></span> <span class='ocrx_word' id='word_1_358' title='bbox 2997 2389 3183 2458; x_wconf 76' lang='grc' dir='ltr'>χειρὸς</span> <span class='ocrx_word' id='word_1_359' title='bbox 3207 2389 3306 2459; x_wconf 71' lang='grc' dir='ltr'><strong>ἤδη</strong></span> <span class='ocrx_word' id='word_1_360' title='bbox 3341 2391 3440 2459; x_wconf 79' lang='grc' dir='ltr'><strong>τῆς</strong></span> <span class='ocrx_word' id='word_1_361' title='bbox 3469 2391 3577 2459; x_wconf 61' lang='grc' dir='ltr'><strong>μάέ</strong></span> 
     </span>
    </p>
   </div>
   <div class='ocr_carea' id='block_1_53' title="bbox 1989 2560 3572 2640">
    <p class='ocr_par' dir='ltr' id='par_1_53' title="bbox 1989 2560 3572 2640">
     <span class='ocr_line' id='line_1_53' title="bbox 1989 2560 3572 2640; baseline 0.004 -26"><span class='ocrx_word' id='word_1_362' title='bbox 1989 2569 2110 2615; x_wconf 87' lang='lat' dir='ltr'><strong>ctus</strong></span> <span class='ocrx_word' id='word_1_363' title='bbox 2166 2560 2276 2616; x_wconf 87' lang='lat' dir='ltr'><strong>sint</strong></span> <span class='ocrx_word' id='word_1_364' title='bbox 2343 2575 2600 2617; x_wconf 81' lang='lat' dir='ltr'><strong>saxorum</strong></span> <span class='ocrx_word' id='word_1_365' title='bbox 2659 2565 2984 2634; x_wconf 71' lang='lat' dir='ltr'><strong>prodigiosae</strong></span> <span class='ocrx_word' id='word_1_366' title='bbox 3042 2568 3207 2639; x_wconf 75' lang='lat'><strong>622</strong></span> <span class='ocrx_word' id='word_1_367' title='bbox 3261 2573 3572 2640; x_wconf 73' lang='lat' dir='ltr'><strong>gravitatis,</strong></span> 
     </span>
    </p>
   </div>
   <div class='ocr_carea' id='block_1_54' title="bbox 1989 2653 3576 2729">
    <p class='ocr_par' dir='ltr' id='par_1_54' title="bbox 1989 2653 3576 2729">
     <span class='ocr_line' id='line_1_54' title="bbox 1989 2653 3576 2729; baseline 0.008 -25"><span class='ocrx_word' id='word_1_368' title='bbox 1989 2653 2191 2722; x_wconf 88' lang='lat' dir='ltr'><strong>quippe</strong></span> <span class='ocrx_word' id='word_1_369' title='bbox 2243 2669 2362 2722; x_wconf 67' lang='lat' dir='ltr'><strong>quas</strong></span> <span class='ocrx_word' id='word_1_370' title='bbox 2408 2655 2802 2725; x_wconf 73' lang='lat' dir='ltr'><strong>quinquaginta</strong></span> <span class='ocrx_word' id='word_1_371' title='bbox 2858 2659 3127 2712; x_wconf 88' lang='lat' dir='ltr'><strong>minarum</strong></span> <span class='ocrx_word' id='word_1_372' title='bbox 3185 2663 3398 2729; x_wconf 81' lang='lat' dir='ltr'><strong>singula</strong></span> <span class='ocrx_word' id='word_1_373' title='bbox 3461 2664 3576 2718; x_wconf 77' lang='lat' dir='ltr'><strong>fere</strong></span> 
     </span>
    </p>
   </div>
   <div class='ocr_carea' id='block_1_55' title="bbox 1990 2745 3571 2823">
    <p class='ocr_par' dir='ltr' id='par_1_55' title="bbox 1990 2745 3571 2823">
     <span class='ocr_line' id='line_1_55' title="bbox 1990 2745 3571 2823; baseline 0.008 -27"><span class='ocrx_word' id='word_1_374' title='bbox 1990 2745 2201 2811; x_wconf 88' lang='lat' dir='ltr'><strong>pondus</strong></span> <span class='ocrx_word' id='word_1_375' title='bbox 2254 2756 2557 2814; x_wconf 68' lang='lat' dir='ltr'><strong>aequarent.</strong></span> <span class='ocrx_word' id='word_1_376' title='bbox 2601 2748 2712 2804; x_wconf 85' lang='lat' dir='ltr'><strong>Sed</strong></span> <span class='ocrx_word' id='word_1_377' title='bbox 2771 2750 2941 2804; x_wconf 86' lang='lat' dir='ltr'><strong>turris</strong></span> <span class='ocrx_word' id='word_1_378' title='bbox 2975 2754 3245 2823; x_wconf 73' lang='lat' dir='ltr'><strong>exiguitas</strong></span> <span class='ocrx_word' id='word_1_379' title='bbox 3293 2757 3571 2811; x_wconf 78' lang='lat' dir='ltr'><strong>interdum</strong></span> 
     </span>
    </p>
   </div>
   <div class='ocr_carea' id='block_1_56' title="bbox 1989 2839 3575 2913">
    <p class='ocr_par' dir='ltr' id='par_1_56' title="bbox 1989 2839 3575 2913">
     <span class='ocr_line' id='line_1_56' title="bbox 1989 2839 3575 2913; baseline 0.009 -24"><span class='ocrx_word' id='word_1_380' title='bbox 1989 2853 2086 2905; x_wconf 89' lang='lat' dir='ltr'><strong>per</strong></span> <span class='ocrx_word' id='word_1_381' title='bbox 2130 2839 2388 2894; x_wconf 78' lang='lat' dir='ltr'><strong>tenebras</strong></span> <span class='ocrx_word' id='word_1_382' title='bbox 2450 2839 2677 2896; x_wconf 83' lang='lat' dir='ltr'><strong>fallebat</strong></span> <span class='ocrx_word' id='word_1_383' title='bbox 2711 2843 3123 2899; x_wconf 88' lang='lat' dir='ltr'><strong>collineantium</strong></span> <span class='ocrx_word' id='word_1_384' title='bbox 3173 2848 3389 2913; x_wconf 88' lang='lat' dir='ltr'><strong>aciem;</strong></span> <span class='ocrx_word' id='word_1_385' title='bbox 3429 2853 3575 2904; x_wconf 85' lang='lat' dir='ltr'><strong>unde</strong></span> 
     </span>
    </p>
   </div>
   <div class='ocr_carea' id='block_1_57' title="bbox 1991 2929 3572 3005">
    <p class='ocr_par' dir='ltr' id='par_1_57' title="bbox 1991 2929 3572 3005">
     <span class='ocr_line' id='line_1_57' title="bbox 1991 2929 3572 3005; baseline 0.007 -24"><span class='ocrx_word' id='word_1_386' title='bbox 1991 2929 2059 2982; x_wconf 86' lang='lat' dir='ltr'><strong>ab</strong></span> <span class='ocrx_word' id='word_1_387' title='bbox 2097 2938 2330 2998; x_wconf 89' lang='lat' dir='ltr'><strong>utroque</strong></span> <span class='ocrx_word' id='word_1_388' title='bbox 2370 2929 2542 2985; x_wconf 88' lang='lat' dir='ltr'><strong>latere</strong></span> <span class='ocrx_word' id='word_1_389' title='bbox 2575 2932 2746 2986; x_wconf 89' lang='lat' dir='ltr'><strong>multa</strong></span> <span class='ocrx_word' id='word_1_390' title='bbox 2775 2934 2985 2987; x_wconf 87' lang='lat' dir='ltr'><strong>intacto</strong></span> <span class='ocrx_word' id='word_1_391' title='bbox 3013 2934 3181 2988; x_wconf 80' lang='lat' dir='ltr'><strong>castri</strong></span> <span class='ocrx_word' id='word_1_392' title='bbox 3215 2951 3444 3005; x_wconf 86' lang='lat' dir='ltr'><strong>corpore</strong></span> <span class='ocrx_word' id='word_1_393' title='bbox 3475 2954 3572 2992; x_wconf 80' lang='lat' dir='ltr'><strong>ca-</strong></span> 
     </span>
    </p>
   </div>
   <div class='ocr_carea' id='block_1_58' title="bbox 1992 3023 3572 3095">
    <p class='ocr_par' dir='ltr' id='par_1_58' title="bbox 1992 3023 3572 3095">
     <span class='ocr_line' id='line_1_58' title="bbox 1992 3023 3572 3095; baseline 0.008 -20"><span class='ocrx_word' id='word_1_394' title='bbox 1992 3023 2212 3078; x_wconf 85' lang='lat' dir='ltr'><strong>debant.</strong></span> <span class='ocrx_word' id='word_1_395' title='bbox 2247 3025 2355 3081; x_wconf 78' lang='lat' dir='ltr'><strong>Nec</strong></span> <span class='ocrx_word' id='word_1_396' title='bbox 2381 3027 2653 3082; x_wconf 86' lang='lat' dir='ltr'><strong>indemnis</strong></span> <span class='ocrx_word' id='word_1_397' title='bbox 2681 3028 2908 3095; x_wconf 72' lang='lat' dir='ltr'><strong>,Latinis</strong></span> <span class='ocrx_word' id='word_1_398' title='bbox 2964 3032 3181 3087; x_wconf 84' lang='lat' dir='ltr'><strong>obsidio</strong></span> <span class='ocrx_word' id='word_1_399' title='bbox 3214 3045 3332 3088; x_wconf 88' lang='lat' dir='ltr'><strong>erat</strong></span> <span class='ocrx_word' id='word_1_400' title='bbox 3374 3050 3388 3087; x_wconf 92' lang='lat'><strong>:</strong></span> <span class='ocrx_word' id='word_1_401' title='bbox 3447 3049 3572 3088; x_wconf 87' lang='lat' dir='ltr'><strong>nam</strong></span> 
     </span>
    </p>
   </div>
   <div class='ocr_carea' id='block_1_59' title="bbox 306 3116 3571 3191">
    <p class='ocr_par' dir='ltr' id='par_1_59' title="bbox 306 3116 3571 3191">
     <span class='ocr_line' id='line_1_59' title="bbox 306 3116 3571 3191; baseline 0.003 -19"><span class='ocrx_word' id='word_1_402' title='bbox 306 3119 570 3187; x_wconf 84' lang='lat' dir='ltr'><strong>gerebant</strong></span> <span class='ocrx_word' id='word_1_403' title='bbox 599 3118 783 3183; x_wconf 88' lang='lat' dir='ltr'><strong>Turci,</strong></span> <span class='ocrx_word' id='word_1_404' title='bbox 823 3119 967 3173; x_wconf 89' lang='lat' dir='ltr'><strong>haud</strong></span> <span class='ocrx_word' id='word_1_405' title='bbox 995 3132 1190 3188; x_wconf 77' lang='lat' dir='ltr'><strong>segnes</strong></span> <span class='ocrx_word' id='word_1_406' title='bbox 1217 3117 1578 3183; x_wconf 78' lang='lat' dir='ltr'><strong>feriabantnr,</strong></span> <span class='ocrx_word' id='word_1_407' title='bbox 1613 3119 1710 3173; x_wconf 91' lang='lat' dir='ltr'><strong>sed</strong></span> <span class='ocrx_word' id='word_1_408' title='bbox 1739 3117 1879 3174; x_wconf 87' lang='lat' dir='ltr'><strong>Gani</strong></span> <span class='ocrx_word' id='word_1_409' title='bbox 1911 3123 1956 3184; x_wconf 74' lang='grc' dir='ltr'>ο</span> <span class='ocrx_word' id='word_1_410' title='bbox 1992 3116 2312 3182; x_wconf 69' lang='lat' dir='ltr'><strong>praesidiarii</strong></span> <span class='ocrx_word' id='word_1_411' title='bbox 2358 3120 2530 3174; x_wconf 90' lang='lat' dir='ltr'><strong>turris</strong></span> <span class='ocrx_word' id='word_1_412' title='bbox 2573 3121 2833 3175; x_wconf 89' lang='lat' dir='ltr'><strong>trecentis</strong></span> <span class='ocrx_word' id='word_1_413' title='bbox 2863 3121 3048 3191; x_wconf 84' lang='lat' dir='ltr'><strong>plures</strong></span> <span class='ocrx_word' id='word_1_414' title='bbox 3077 3127 3341 3180; x_wconf 85' lang='lat' dir='ltr'><strong>audacter</strong></span> <span class='ocrx_word' id='word_1_415' title='bbox 3394 3127 3571 3182; x_wconf 85' lang='lat' dir='ltr'><strong>inter-</strong></span> 
     </span>
    </p>
   </div>
   <div class='ocr_carea' id='block_1_60' title="bbox 304 3211 1890 3281">
    <p class='ocr_par' dir='ltr' id='par_1_60' title="bbox 304 3211 1890 3281">
     <span class='ocr_line' id='line_1_60' title="bbox 304 3211 1890 3281; baseline 0.001 -17"><span class='ocrx_word' id='word_1_416' title='bbox 304 3211 432 3281; x_wconf 76' lang='lat' dir='ltr'><strong>jugo</strong></span> <span class='ocrx_word' id='word_1_417' title='bbox 465 3223 721 3280; x_wconf 83' lang='lat' dir='ltr'><strong>superato</strong></span> <span class='ocrx_word' id='word_1_418' title='bbox 763 3227 941 3267; x_wconf 87' lang='lat' dir='ltr'><strong>arcem</strong></span> <span class='ocrx_word' id='word_1_419' title='bbox 972 3212 1058 3266; x_wconf 92' lang='lat' dir='ltr'><strong>cui</strong></span> <span class='ocrx_word' id='word_1_420' title='bbox 1098 3227 1127 3265; x_wconf 90' lang='lat' dir='ltr'><strong>a</strong></span> <span class='ocrx_word' id='word_1_421' title='bbox 1169 3221 1358 3267; x_wconf 85' lang='lat' dir='ltr'><strong>saneto</strong></span> <span class='ocrx_word' id='word_1_422' title='bbox 1409 3213 1527 3266; x_wconf 84' lang='lat' dir='ltr'><strong>Elia</strong></span> <span class='ocrx_word' id='word_1_423' title='bbox 1561 3225 1759 3266; x_wconf 87' lang='lat' dir='ltr'><strong>nomen</strong></span> <span class='ocrx_word' id='word_1_424' title='bbox 1805 3220 1890 3268; x_wconf 90' lang='lat' dir='ltr'><strong>est</strong></span> 
     </span>
    </p>
   </div>
   <div class='ocr_carea' id='block_1_61' title="bbox 303 3302 1889 3371">
    <p class='ocr_par' dir='ltr' id='par_1_61' title="bbox 303 3302 1889 3371">
     <span class='ocr_line' id='line_1_61' title="bbox 303 3302 1889 3371; baseline 0.003 -15"><span class='ocrx_word' id='word_1_425' title='bbox 303 3303 664 3368; x_wconf 80' lang='lat' dir='ltr'><strong>obsidebant,</strong></span> <span class='ocrx_word' id='word_1_426' title='bbox 719 3302 1016 3371; x_wconf 86' lang='lat' dir='ltr'><strong>divisisque</strong></span> <span class='ocrx_word' id='word_1_427' title='bbox 1080 3303 1328 3358; x_wconf 75' lang='lat' dir='ltr'><strong>bifariam</strong></span> <span class='ocrx_word' id='word_1_428' title='bbox 1393 3303 1567 3371; x_wconf 89' lang='lat' dir='ltr'><strong>c0piis</strong></span> <span class='ocrx_word' id='word_1_429' title='bbox 1628 3304 1889 3360; x_wconf 84' lang='lat' dir='ltr'><strong>obsessos</strong></span> 
     </span>
    </p>
   </div>
   <div class='ocr_carea' id='block_1_62' title="bbox 306 3396 1886 3468">
    <p class='ocr_par' dir='ltr' id='par_1_62' title="bbox 306 3396 1886 3468">
     <span class='ocr_line' id='line_1_62' title="bbox 306 3396 1886 3468; baseline 0.002 -20"><span class='ocrx_word' id='word_1_430' title='bbox 306 3397 567 3464; x_wconf 86' lang='lat' dir='ltr'><strong>utrinque</strong></span> <span class='ocrx_word' id='word_1_431' title='bbox 606 3397 745 3450; x_wconf 87' lang='lat' dir='ltr'><strong>adeo</strong></span> <span class='ocrx_word' id='word_1_432' title='bbox 776 3397 1110 3464; x_wconf 83' lang='lat' dir='ltr'><strong>premebant,</strong></span> <span class='ocrx_word' id='word_1_433' title='bbox 1141 3405 1197 3450; x_wconf 91' lang='lat' dir='ltr'><strong>ut</strong></span> <span class='ocrx_word' id='word_1_434' title='bbox 1237 3396 1311 3450; x_wconf 87' lang='lat' dir='ltr'><strong>illi</strong></span> <span class='ocrx_word' id='word_1_435' title='bbox 1345 3397 1563 3452; x_wconf 87' lang='lat' dir='ltr'><strong>tandem</strong></span> <span class='ocrx_word' id='word_1_436' title='bbox 1604 3396 1769 3468; x_wconf 72' lang='lat' dir='ltr'><strong>longa</strong></span> <span class='ocrx_word' id='word_1_437' title='bbox 1791 3398 1886 3452; x_wconf 87' lang='lat' dir='ltr'><strong>siti</strong></span> 
     </span>
    </p>
   </div>
   <div class='ocr_carea' id='block_1_63' title="bbox 304 3487 1891 3557">
    <p class='ocr_par' dir='ltr' id='par_1_63' title="bbox 304 3487 1891 3557">
     <span class='ocr_line' id='line_1_63' title="bbox 304 3487 1891 3557; baseline 0.001 -15"><span class='ocrx_word' id='word_1_438' title='bbox 304 3488 483 3542; x_wconf 85' lang='lat' dir='ltr'><strong>euecti</strong></span> <span class='ocrx_word' id='word_1_439' title='bbox 525 3487 672 3557; x_wconf 90' lang='lat' dir='ltr'><strong>(nam</strong></span> <span class='ocrx_word' id='word_1_440' title='bbox 715 3503 868 3557; x_wconf 71' lang='lat' dir='ltr'><strong>aquae</strong></span> <span class='ocrx_word' id='word_1_441' title='bbox 911 3489 1132 3557; x_wconf 88' lang='lat' dir='ltr'><strong>penuria</strong></span> <span class='ocrx_word' id='word_1_442' title='bbox 1175 3489 1509 3554; x_wconf 81' lang='lat' dir='ltr'><strong>cogebantur</strong></span> <span class='ocrx_word' id='word_1_443' title='bbox 1542 3491 1729 3546; x_wconf 86' lang='lat' dir='ltr'><strong>ardori</strong></span> <span class='ocrx_word' id='word_1_444' title='bbox 1773 3489 1891 3544; x_wconf 77' lang='lat' dir='ltr'><strong>fau—</strong></span> 
     </span>
    </p>
   </div>
   <div class='ocr_carea' id='block_1_64' title="bbox 305 3579 1888 3650">
    <p class='ocr_par' dir='ltr' id='par_1_64' title="bbox 305 3579 1888 3650">
     <span class='ocr_line' id='line_1_64' title="bbox 305 3579 1888 3650; baseline 0.001 -14"><span class='ocrx_word' id='word_1_445' title='bbox 305 3583 452 3636; x_wconf 86' lang='lat' dir='ltr'><strong>cium</strong></span> <span class='ocrx_word' id='word_1_446' title='bbox 481 3581 714 3635; x_wconf 83' lang='lat' dir='ltr'><strong>levando</strong></span> <span class='ocrx_word' id='word_1_447' title='bbox 741 3583 997 3635; x_wconf 89' lang='lat' dir='ltr'><strong>arborum</strong></span> <span class='ocrx_word' id='word_1_448' title='bbox 1027 3579 1154 3636; x_wconf 78' lang='lat' dir='ltr'><strong>folia</strong></span> <span class='ocrx_word' id='word_1_449' title='bbox 1188 3580 1416 3650; x_wconf 77' lang='lat' dir='ltr'><strong>lingere,</strong></span> <span class='ocrx_word' id='word_1_450' title='bbox 1447 3592 1503 3636; x_wconf 89' lang='lat' dir='ltr'><strong>et</strong></span> <span class='ocrx_word' id='word_1_451' title='bbox 1537 3583 1736 3637; x_wconf 90' lang='lat' dir='ltr'><strong>occisis</strong></span> <span class='ocrx_word' id='word_1_452' title='bbox 1766 3584 1888 3637; x_wconf 88' lang='lat' dir='ltr'><strong>ani-</strong></span> 
     </span>
    </p>
   </div>
   <div class='ocr_carea' id='block_1_65' title="bbox 309 3671 1888 3747">
    <p class='ocr_par' dir='ltr' id='par_1_65' title="bbox 309 3671 1888 3747">
     <span class='ocr_line' id='line_1_65' title="bbox 309 3671 1888 3747; baseline 0.001 -21"><span class='ocrx_word' id='word_1_453' title='bbox 309 3671 545 3747; x_wconf 80' lang='lat' dir='ltr'><strong>malibus</strong></span> <span class='ocrx_word' id='word_1_454' title='bbox 571 3671 794 3741; x_wconf 79' lang='lat' dir='ltr'><strong>ligurire</strong></span> <span class='ocrx_word' id='word_1_455' title='bbox 812 3672 1128 3742; x_wconf 76' lang='lat' dir='ltr'><strong>sanguinem</strong></span> <span class='ocrx_word' id='word_1_456' title='bbox 1161 3689 1176 3736; x_wconf 91' lang='lat'><strong>;</strong></span> <span class='ocrx_word' id='word_1_457' title='bbox 1213 3687 1312 3728; x_wconf 87' lang='lat' dir='ltr'><strong>nec</strong></span> <span class='ocrx_word' id='word_1_458' title='bbox 1350 3672 1457 3727; x_wconf 89' lang='lat' dir='ltr'><strong>alio</strong></span> <span class='ocrx_word' id='word_1_459' title='bbox 1493 3689 1589 3741; x_wconf 88' lang='lat' dir='ltr'><strong>per</strong></span> <span class='ocrx_word' id='word_1_460' title='bbox 1621 3673 1740 3729; x_wconf 82' lang='lat' dir='ltr'><strong>dies</strong></span> <span class='ocrx_word' id='word_1_461' title='bbox 1768 3675 1888 3742; x_wconf 88' lang='lat' dir='ltr'><strong>plu-</strong></span> 
     </span>
    </p>
   </div>
   <div class='ocr_carea' id='block_1_66' title="bbox 307 3762 1886 3832">
    <p class='ocr_par' dir='ltr' id='par_1_66' title="bbox 307 3762 1886 3832">
     <span class='ocr_line' id='line_1_66' title="bbox 307 3762 1886 3832; baseline 0 -14"><span class='ocrx_word' id='word_1_462' title='bbox 307 3767 479 3819; x_wconf 89' lang='lat' dir='ltr'><strong>rimos</strong></span> <span class='ocrx_word' id='word_1_463' title='bbox 511 3774 639 3832; x_wconf 89' lang='lat' dir='ltr'><strong>potu</strong></span> <span class='ocrx_word' id='word_1_464' title='bbox 686 3762 1020 3828; x_wconf 88' lang='lat' dir='ltr'><strong>victitarant,</strong></span> <span class='ocrx_word' id='word_1_465' title='bbox 1057 3765 1201 3819; x_wconf 86' lang='lat' dir='ltr'><strong>unde</strong></span> <span class='ocrx_word' id='word_1_466' title='bbox 1253 3774 1309 3818; x_wconf 90' lang='lat' dir='ltr'><strong>et</strong></span> <span class='ocrx_word' id='word_1_467' title='bbox 1356 3763 1556 3819; x_wconf 89' lang='lat' dir='ltr'><strong>multos</strong></span> <span class='ocrx_word' id='word_1_468' title='bbox 1587 3765 1721 3818; x_wconf 89' lang='lat' dir='ltr'><strong>mori</strong></span> <span class='ocrx_word' id='word_1_469' title='bbox 1753 3779 1886 3832; x_wconf 84' lang='lat' dir='ltr'><strong>con-</strong></span> 
     </span>
    </p>
   </div>
   <div class='ocr_carea' id='block_1_67' title="bbox 310 3856 1888 3927">
    <p class='ocr_par' dir='ltr' id='par_1_67' title="bbox 310 3856 1888 3927">
     <span class='ocr_line' id='line_1_67' title="bbox 310 3856 1888 3927; baseline 0 -17"><span class='ocrx_word' id='word_1_470' title='bbox 310 3856 451 3927; x_wconf 78' lang='lat' dir='ltr'><strong>tigit)</strong></span> <span class='ocrx_word' id='word_1_471' title='bbox 481 3857 820 3922; x_wconf 79' lang='lat' dir='ltr'><strong>decreverint</strong></span> <span class='ocrx_word' id='word_1_472' title='bbox 868 3870 928 3910; x_wconf 86' lang='lat' dir='ltr'><strong>se</strong></span> <span class='ocrx_word' id='word_1_473' title='bbox 980 3856 1129 3925; x_wconf 87' lang='lat' dir='ltr'><strong>ipsos</strong></span> <span class='ocrx_word' id='word_1_474' title='bbox 1177 3864 1234 3911; x_wconf 89' lang='lat' dir='ltr'><strong>et</strong></span> <span class='ocrx_word' id='word_1_475' title='bbox 1277 3871 1459 3910; x_wconf 86' lang='lat' dir='ltr'><strong>arcem</strong></span> <span class='ocrx_word' id='word_1_476' title='bbox 1500 3857 1717 3912; x_wconf 82' lang='lat' dir='ltr'><strong>dedere.</strong></span> <span class='ocrx_word' id='word_1_477' title='bbox 1781 3856 1888 3911; x_wconf 78' lang='lat' dir='ltr'><strong>Sed</strong></span> 
     </span>
    </p>
   </div>
   <div class='ocr_carea' id='block_1_68' title="bbox 306 3948 1884 4018">
    <p class='ocr_par' dir='ltr' id='par_1_68' title="bbox 306 3948 1884 4018">
     <span class='ocr_line' id='line_1_68' title="bbox 306 3948 1884 4018; baseline -0.001 -12"><span class='ocrx_word' id='word_1_478' title='bbox 306 3949 494 4006; x_wconf 88' lang='lat' dir='ltr'><strong>Persis</strong></span> <span class='ocrx_word' id='word_1_479' title='bbox 529 3948 599 4006; x_wconf 92' lang='lat' dir='ltr'><strong>ob</strong></span> <span class='ocrx_word' id='word_1_480' title='bbox 624 3948 1001 4004; x_wconf 74' lang='lat' dir='ltr'><strong>diversitatem</strong></span> <span class='ocrx_word' id='word_1_481' title='bbox 1037 3949 1320 4018; x_wconf 76' lang='lat' dir='ltr'><strong>religionis</strong></span> <span class='ocrx_word' id='word_1_482' title='bbox 1348 3965 1407 4004; x_wconf 84' lang='lat' dir='ltr'><strong>se</strong></span> <span class='ocrx_word' id='word_1_483' title='bbox 1436 3951 1665 4005; x_wconf 88' lang='lat' dir='ltr'><strong>credere</strong></span> <span class='ocrx_word' id='word_1_484' title='bbox 1697 3951 1884 4015; x_wconf 85' lang='lat' dir='ltr'><strong>veriti,</strong></span> 
     </span>
    </p>
   </div>
   <div class='ocr_carea' id='block_1_69' title="bbox 306 4043 1884 4100">
    <p class='ocr_par' dir='ltr' id='par_1_69' title="bbox 306 4043 1884 4100">
     <span class='ocr_line' id='line_1_69' title="bbox 306 4043 1884 4100; baseline 0 -2"><span class='ocrx_word' id='word_1_485' title='bbox 306 4044 586 4100; x_wconf 86' lang='lat' dir='ltr'><strong>destinato</strong></span> <span class='ocrx_word' id='word_1_486' title='bbox 646 4046 716 4099; x_wconf 89' lang='lat' dir='ltr'><strong>ad</strong></span> <span class='ocrx_word' id='word_1_487' title='bbox 783 4043 1165 4097; x_wconf 82' lang='lat' dir='ltr'><strong>Romolortum</strong></span> <span class='ocrx_word' id='word_1_488' title='bbox 1213 4043 1584 4098; x_wconf 87' lang='lat' dir='ltr'><strong>Christianum</strong></span> <span class='ocrx_word' id='word_1_489' title='bbox 1631 4043 1884 4099; x_wconf 86' lang='lat' dir='ltr'><strong>Latinum</strong></span> 
     </span>
    </p>
   </div>
   <div class='ocr_carea' id='block_1_70' title="bbox 306 4135 1888 4207">
    <p class='ocr_par' dir='ltr' id='par_1_70' title="bbox 306 4135 1888 4207">
     <span class='ocr_line' id='line_1_70' title="bbox 306 4135 1888 4207; baseline -0.001 -17"><span class='ocrx_word' id='word_1_490' title='bbox 306 4137 543 4207; x_wconf 85' lang='lat' dir='ltr'><strong>quodam</strong></span> <span class='ocrx_word' id='word_1_491' title='bbox 567 4151 600 4192; x_wconf 85' lang='lat' dir='ltr'><strong>e</strong></span> <span class='ocrx_word' id='word_1_492' title='bbox 629 4137 766 4202; x_wconf 87' lang='lat' dir='ltr'><strong>suis,</strong></span> <span class='ocrx_word' id='word_1_493' title='bbox 797 4135 1180 4199; x_wconf 85' lang='lat' dir='ltr'><strong>ostenderunt,</strong></span> <span class='ocrx_word' id='word_1_494' title='bbox 1207 4140 1256 4190; x_wconf 88' lang='lat' dir='ltr'><strong>s&#39;t</strong></span> <span class='ocrx_word' id='word_1_495' title='bbox 1287 4151 1414 4190; x_wconf 88' lang='lat' dir='ltr'><strong>suas</strong></span> <span class='ocrx_word' id='word_1_496' title='bbox 1436 4137 1728 4190; x_wconf 84' lang='lat' dir='ltr'><strong>admovere</strong></span> <span class='ocrx_word' id='word_1_497' title='bbox 1761 4151 1888 4204; x_wconf 87' lang='lat' dir='ltr'><strong>pro-</strong></span> 
     </span>
    </p>
   </div>
   <div class='ocr_carea' id='block_1_71' title="bbox 309 4227 1890 4300">
    <p class='ocr_par' dir='ltr' id='par_1_71' title="bbox 309 4227 1890 4300">
     <span class='ocr_line' id='line_1_71' title="bbox 309 4227 1890 4300; baseline -0.001 -17"><span class='ocrx_word' id='word_1_498' title='bbox 309 4231 432 4300; x_wconf 90' lang='lat' dir='ltr'><strong>pius</strong></span> <span class='ocrx_word' id='word_1_499' title='bbox 453 4229 638 4299; x_wconf 90' lang='lat' dir='ltr'><strong>copias</strong></span> <span class='ocrx_word' id='word_1_500' title='bbox 668 4229 854 4294; x_wconf 86' lang='lat' dir='ltr'><strong>vellet,</strong></span> <span class='ocrx_word' id='word_1_501' title='bbox 899 4244 960 4284; x_wconf 90' lang='lat' dir='ltr'><strong>se</strong></span> <span class='ocrx_word' id='word_1_502' title='bbox 1005 4243 1216 4297; x_wconf 88' lang='lat' dir='ltr'><strong>suaque</strong></span> <span class='ocrx_word' id='word_1_503' title='bbox 1248 4227 1419 4298; x_wconf 86' lang='lat' dir='ltr'><strong>ipsius</strong></span> <span class='ocrx_word' id='word_1_504' title='bbox 1467 4230 1720 4297; x_wconf 85' lang='lat' dir='ltr'><strong>potestati</strong></span> <span class='ocrx_word' id='word_1_505' title='bbox 1767 4243 1890 4297; x_wconf 84' lang='lat' dir='ltr'><strong>per-</strong></span> 
     </span>
    </p>
   </div>
   <div class='ocr_carea' id='block_1_72' title="bbox 309 4320 1884 4390">
    <p class='ocr_par' dir='ltr' id='par_1_72' title="bbox 309 4320 1884 4390">
     <span class='ocr_line' id='line_1_72' title="bbox 309 4320 1884 4390; baseline 0.001 -14"><span class='ocrx_word' id='word_1_506' title='bbox 309 4322 593 4378; x_wconf 86' lang='lat' dir='ltr'><strong>missuros.</strong></span> <span class='ocrx_word' id='word_1_507' title='bbox 627 4323 875 4378; x_wconf 85' lang='lat' dir='ltr'><strong>Accessit</strong></span> <span class='ocrx_word' id='word_1_508' title='bbox 903 4320 1286 4386; x_wconf 78' lang='lat' dir='ltr'><strong>Romofortus,</strong></span> <span class='ocrx_word' id='word_1_509' title='bbox 1325 4331 1380 4375; x_wconf 92' lang='lat' dir='ltr'><strong>et</strong></span> <span class='ocrx_word' id='word_1_510' title='bbox 1405 4321 1566 4390; x_wconf 88' lang='lat' dir='ltr'><strong>hujus</strong></span> <span class='ocrx_word' id='word_1_511' title='bbox 1589 4322 1884 4386; x_wconf 78' lang='lat' dir='ltr'><strong>exercitus,</strong></span> 
     </span>
    </p>
   </div>
   <div class='ocr_carea' id='block_1_73' title="bbox 306 4413 1885 4485">
    <p class='ocr_par' dir='ltr' id='par_1_73' title="bbox 306 4413 1885 4485">
     <span class='ocr_line' id='line_1_73' title="bbox 306 4413 1885 4485; baseline 0 -18"><span class='ocrx_word' id='word_1_512' title='bbox 306 4431 622 4485; x_wconf 90' lang='lat' dir='ltr'><strong>quanquam</strong></span> <span class='ocrx_word' id='word_1_513' title='bbox 648 4416 791 4470; x_wconf 87' lang='lat' dir='ltr'><strong>haud</strong></span> <span class='ocrx_word' id='word_1_514' title='bbox 815 4414 996 4480; x_wconf 78' lang='lat' dir='ltr'><strong>facile,</strong></span> <span class='ocrx_word' id='word_1_515' title='bbox 1034 4415 1254 4468; x_wconf 86' lang='lat' dir='ltr'><strong>tandem</strong></span> <span class='ocrx_word' id='word_1_516' title='bbox 1290 4423 1468 4468; x_wconf 88' lang='lat' dir='ltr'><strong>tamen</strong></span> <span class='ocrx_word' id='word_1_517' title='bbox 1516 4413 1794 4468; x_wconf 85' lang='lat' dir='ltr'><strong>Persicum</strong></span> <span class='ocrx_word' id='word_1_518' title='bbox 1834 4414 1885 4467; x_wconf 90' lang='lat' dir='ltr'><strong>vi</strong></span> 
     </span>
    </p>
   </div>
   <div class='ocr_carea' id='block_1_74' title="bbox 306 4505 1882 4576">
    <p class='ocr_par' dir='ltr' id='par_1_74' title="bbox 306 4505 1882 4576">
     <span class='ocr_line' id='line_1_74' title="bbox 306 4505 1882 4576; baseline -0.002 -12"><span class='ocrx_word' id='word_1_519' title='bbox 306 4507 539 4575; x_wconf 78' lang='lat' dir='ltr'><strong>expulit,</strong></span> <span class='ocrx_word' id='word_1_520' title='bbox 595 4506 761 4561; x_wconf 87' lang='lat' dir='ltr'><strong>multa</strong></span> <span class='ocrx_word' id='word_1_521' title='bbox 793 4505 1225 4576; x_wconf 85' lang='lat' dir='ltr'><strong>expostulantem</strong></span> <span class='ocrx_word' id='word_1_522' title='bbox 1272 4515 1327 4560; x_wconf 90' lang='lat' dir='ltr'><strong>et</strong></span> <span class='ocrx_word' id='word_1_523' title='bbox 1365 4505 1687 4561; x_wconf 81' lang='lat' dir='ltr'><strong>frementem</strong></span> <span class='ocrx_word' id='word_1_524' title='bbox 1739 4509 1882 4576; x_wconf 87' lang='lat' dir='ltr'><strong>quod</strong></span> 
     </span>
    </p>
   </div>
   <div class='ocr_carea' id='block_1_75' title="bbox 310 4599 1882 4670">
    <p class='ocr_par' dir='ltr' id='par_1_75' title="bbox 310 4599 1882 4670">
     <span class='ocr_line' id='line_1_75' title="bbox 310 4599 1882 4670; baseline -0.003 -16"><span class='ocrx_word' id='word_1_525' title='bbox 310 4608 502 4670; x_wconf 88' lang='lat' dir='ltr'><strong>parata</strong></span> <span class='ocrx_word' id='word_1_526' title='bbox 533 4600 635 4654; x_wconf 88' lang='lat' dir='ltr'><strong>sibi</strong></span> <span class='ocrx_word' id='word_1_527' title='bbox 669 4599 847 4668; x_wconf 62' lang='lat' dir='ltr'><strong>praeda</strong></span> <span class='ocrx_word' id='word_1_528' title='bbox 905 4613 1001 4666; x_wconf 88' lang='lat' dir='ltr'><strong>per</strong></span> <span class='ocrx_word' id='word_1_529' title='bbox 1033 4599 1212 4652; x_wconf 87' lang='lat' dir='ltr'><strong>socios</strong></span> <span class='ocrx_word' id='word_1_530' title='bbox 1239 4608 1460 4650; x_wconf 87' lang='lat' dir='ltr'><strong>vocatos</strong></span> <span class='ocrx_word' id='word_1_531' title='bbox 1517 4607 1882 4666; x_wconf 76' lang='lat' dir='ltr'><strong>extorquere-</strong></span> 
     </span>
    </p>
   </div>
   <div class='ocr_carea' id='block_1_76' title="bbox 314 4688 1892 4759">
    <p class='ocr_par' dir='ltr' id='par_1_76' title="bbox 314 4688 1892 4759">
     <span class='ocr_line' id='line_1_76' title="bbox 314 4688 1892 4759; baseline -0.003 -13"><span class='ocrx_word' id='word_1_532' title='bbox 314 4705 402 4746; x_wconf 91' lang='lat' dir='ltr'><strong>tur</strong></span> <span class='ocrx_word' id='word_1_533' title='bbox 433 4707 466 4746; x_wconf 90' lang='lat' dir='ltr'><strong>e</strong></span> <span class='ocrx_word' id='word_1_534' title='bbox 494 4691 773 4759; x_wconf 79' lang='lat' dir='ltr'><strong>manibus.</strong></span> <span class='ocrx_word' id='word_1_535' title='bbox 801 4690 936 4743; x_wconf 90' lang='lat' dir='ltr'><strong>Tum</strong></span> <span class='ocrx_word' id='word_1_536' title='bbox 971 4689 1288 4744; x_wconf 79' lang='lat' dir='ltr'><strong>Romol&#39;orto</strong></span> <span class='ocrx_word' id='word_1_537' title='bbox 1315 4689 1454 4757; x_wconf 88' lang='lat' dir='ltr'><strong>pacti</strong></span> <span class='ocrx_word' id='word_1_538' title='bbox 1495 4697 1678 4742; x_wconf 88' lang='lat' dir='ltr'><strong>certas</strong></span> <span class='ocrx_word' id='word_1_539' title='bbox 1703 4688 1892 4742; x_wconf 51' lang='lat' dir='ltr'><strong>condh</strong></span> 
     </span>
    </p>
   </div>
   <div class='ocr_carea' id='block_1_77' title="bbox 312 4781 1888 4850">
    <p class='ocr_par' dir='ltr' id='par_1_77' title="bbox 312 4781 1888 4850">
     <span class='ocr_line' id='line_1_77' title="bbox 312 4781 1888 4850; baseline 0 -15"><span class='ocrx_word' id='word_1_540' title='bbox 312 4785 513 4848; x_wconf 85' lang='lat' dir='ltr'><strong>tiones,</strong></span> <span class='ocrx_word' id='word_1_541' title='bbox 548 4781 809 4850; x_wconf 87' lang='lat' dir='ltr'><strong>utrinque</strong></span> <span class='ocrx_word' id='word_1_542' title='bbox 862 4797 1028 4836; x_wconf 88' lang='lat' dir='ltr'><strong>manu</strong></span> <span class='ocrx_word' id='word_1_543' title='bbox 1060 4782 1233 4835; x_wconf 86' lang='lat' dir='ltr'><strong>sacris</strong></span> <span class='ocrx_word' id='word_1_544' title='bbox 1280 4781 1588 4850; x_wconf 78' lang='lat' dir='ltr'><strong>Evangeliis</strong></span> <span class='ocrx_word' id='word_1_545' title='bbox 1633 4781 1888 4850; x_wconf 83' lang='lat' dir='ltr'><strong>imposita</strong></span> 
     </span>
    </p>
   </div>
   <div class='ocr_carea' id='block_1_78' title="bbox 307 4869 1887 4942">
    <p class='ocr_par' dir='ltr' id='par_1_78' title="bbox 307 4869 1887 4942">
     <span class='ocr_line' id='line_1_78' title="bbox 307 4869 1887 4942; baseline -0.001 -14"><span class='ocrx_word' id='word_1_546' title='bbox 307 4877 541 4942; x_wconf 78' lang='lat' dir='ltr'><strong>iuratas,</strong></span> <span class='ocrx_word' id='word_1_547' title='bbox 571 4873 779 4928; x_wconf 83' lang='lat' dir='ltr'><strong>obsessi</strong></span> <span class='ocrx_word' id='word_1_548' title='bbox 809 4872 1143 4928; x_wconf 87' lang='lat' dir='ltr'><strong>deditionem</strong></span> <span class='ocrx_word' id='word_1_549' title='bbox 1177 4871 1442 4928; x_wconf 81' lang='lat' dir='ltr'><strong>fecerunt.</strong></span> <span class='ocrx_word' id='word_1_550' title='bbox 1471 4869 1582 4926; x_wconf 86' lang='lat' dir='ltr'><strong>Nec</strong></span> <span class='ocrx_word' id='word_1_551' title='bbox 1609 4870 1744 4926; x_wconf 82' lang='lat' dir='ltr'><strong>ﬁdes</strong></span> <span class='ocrx_word' id='word_1_552' title='bbox 1775 4881 1887 4926; x_wconf 89' lang='lat' dir='ltr'><strong>tum</strong></span> 
     </span>
    </p>
   </div>
   <div class='ocr_carea' id='block_1_79' title="bbox 315 4964 1885 5032">
    <p class='ocr_par' dir='ltr' id='par_1_79' title="bbox 315 4964 1885 5032">
     <span class='ocr_line' id='line_1_79' title="bbox 315 4964 1885 5032; baseline 0.001 -14"><span class='ocrx_word' id='word_1_553' title='bbox 315 4967 370 5018; x_wconf 93' lang='lat' dir='ltr'><strong>in</strong></span> <span class='ocrx_word' id='word_1_554' title='bbox 399 4964 610 5019; x_wconf 86' lang='lat' dir='ltr'><strong>Latinis</strong></span> <span class='ocrx_word' id='word_1_555' title='bbox 641 4964 952 5018; x_wconf 89' lang='lat' dir='ltr'><strong>desiderata</strong></span> <span class='ocrx_word' id='word_1_556' title='bbox 989 4975 1097 5028; x_wconf 87' lang='lat' dir='ltr'><strong>est,</strong></span> <span class='ocrx_word' id='word_1_557' title='bbox 1137 4965 1371 5018; x_wconf 90' lang='lat' dir='ltr'><strong>humane</strong></span> <span class='ocrx_word' id='word_1_558' title='bbox 1419 4964 1712 5032; x_wconf 86' lang='lat' dir='ltr'><strong>siquidem,</strong></span> <span class='ocrx_word' id='word_1_559' title='bbox 1740 4965 1885 5032; x_wconf 90' lang='lat' dir='ltr'><strong>quod</strong></span> 
     </span>
    </p>
   </div>
   <div class='ocr_carea' id='block_1_80' title="bbox 314 5053 1884 5125">
    <p class='ocr_par' dir='ltr' id='par_1_80' title="bbox 314 5053 1884 5125">
     <span class='ocr_line' id='line_1_80' title="bbox 314 5053 1884 5125; baseline 0 -17"><span class='ocrx_word' id='word_1_560' title='bbox 314 5055 702 5125; x_wconf 84' lang='lat' dir='ltr'><strong>promiserant,</strong></span> <span class='ocrx_word' id='word_1_561' title='bbox 734 5063 1056 5119; x_wconf 87' lang='lat' dir='ltr'><strong>tractarunt,</strong></span> <span class='ocrx_word' id='word_1_562' title='bbox 1111 5066 1167 5109; x_wconf 87' lang='lat' dir='ltr'><strong>et</strong></span> <span class='ocrx_word' id='word_1_563' title='bbox 1226 5069 1332 5122; x_wconf 90' lang='lat' dir='ltr'><strong>quo</strong></span> <span class='ocrx_word' id='word_1_564' title='bbox 1372 5053 1660 5108; x_wconf 80' lang='lat' dir='ltr'><strong>transferri</strong></span> <span class='ocrx_word' id='word_1_565' title='bbox 1713 5069 1884 5123; x_wconf 80' lang='lat' dir='ltr'><strong>popo-</strong></span> 
     </span>
    </p>
   </div>
   <div class='ocr_carea' id='block_1_81' title="bbox 315 5145 1886 5216">
    <p class='ocr_par' dir='ltr' id='par_1_81' title="bbox 315 5145 1886 5216">
     <span class='ocr_line' id='line_1_81' title="bbox 315 5145 1886 5216; baseline -0.004 -12"><span class='ocrx_word' id='word_1_566' title='bbox 315 5157 570 5212; x_wconf 87' lang='lat' dir='ltr'><strong>scerant,</strong></span> <span class='ocrx_word' id='word_1_567' title='bbox 601 5157 721 5204; x_wconf 89' lang='lat' dir='ltr'><strong>tuto</strong></span> <span class='ocrx_word' id='word_1_568' title='bbox 773 5149 1162 5216; x_wconf 72' lang='lat' dir='ltr'><strong>perduxerunt.</strong></span> <span class='ocrx_word' id='word_1_569' title='bbox 1212 5145 1325 5201; x_wconf 83' lang='lat' dir='ltr'><strong>Hoc</strong></span> <span class='ocrx_word' id='word_1_570' title='bbox 1375 5145 1592 5200; x_wconf 88' lang='lat' dir='ltr'><strong>illectus</strong></span> <span class='ocrx_word' id='word_1_571' title='bbox 1636 5161 1886 5200; x_wconf 85' lang='lat' dir='ltr'><strong>successu</strong></span> 
     </span>
    </p>
   </div>
   <div class='ocr_carea' id='block_1_82' title="bbox 319 5237 1887 5306">
    <p class='ocr_par' dir='ltr' id='par_1_82' title="bbox 319 5237 1887 5306">
     <span class='ocr_line' id='line_1_82' title="bbox 319 5237 1887 5306; baseline -0.003 -12"><span class='ocrx_word' id='word_1_572' title='bbox 319 5243 675 5300; x_wconf 72' lang='lat' dir='ltr'><strong>licmoiortus</strong></span> <span class='ocrx_word' id='word_1_573' title='bbox 725 5240 918 5295; x_wconf 89' lang='lat' dir='ltr'><strong>turrim</strong></span> <span class='ocrx_word' id='word_1_574' title='bbox 947 5243 1113 5294; x_wconf 86' lang='lat' dir='ltr'><strong>etiam</strong></span> <span class='ocrx_word' id='word_1_575' title='bbox 1165 5237 1442 5292; x_wconf 68' lang='lat' dir='ltr'><strong>Rhatdesti</strong></span> <span class='ocrx_word' id='word_1_576' title='bbox 1481 5238 1748 5306; x_wconf 81' lang='lat' dir='ltr'><strong>subjicere</strong></span> <span class='ocrx_word' id='word_1_577' title='bbox 1785 5238 1887 5293; x_wconf 84' lang='lat' dir='ltr'><strong>sibi</strong></span> 
     </span>
    </p>
   </div>
   <div class='ocr_carea' id='block_1_83' title="bbox 319 5330 1889 5402">
    <p class='ocr_par' dir='ltr' id='par_1_83' title="bbox 319 5330 1889 5402">
     <span class='ocr_line' id='line_1_83' title="bbox 319 5330 1889 5402; baseline -0.002 -17"><span class='ocrx_word' id='word_1_578' title='bbox 319 5335 512 5391; x_wconf 82' lang='lat' dir='ltr'><strong>voluit.</strong></span> <span class='ocrx_word' id='word_1_579' title='bbox 551 5333 615 5388; x_wconf 87' lang='lat' dir='ltr'><strong>Et</strong></span> <span class='ocrx_word' id='word_1_580' title='bbox 651 5335 779 5388; x_wconf 92' lang='lat' dir='ltr'><strong>huic</strong></span> <span class='ocrx_word' id='word_1_581' title='bbox 815 5349 942 5402; x_wconf 85' lang='lat' dir='ltr'><strong>ergo</strong></span> <span class='ocrx_word' id='word_1_582' title='bbox 975 5332 1262 5386; x_wconf 87' lang='lat' dir='ltr'><strong>munitioni</strong></span> <span class='ocrx_word' id='word_1_583' title='bbox 1291 5331 1706 5399; x_wconf 64' lang='lat' dir='ltr'><strong>copiisatltitotis</strong></span> <span class='ocrx_word' id='word_1_584' title='bbox 1730 5330 1889 5398; x_wconf 85' lang='lat' dir='ltr'><strong>longo</strong></span> 
     </span>
    </p>
   </div>
   <div class='ocr_carea' id='block_1_84' title="bbox 319 5422 1892 5495">
    <p class='ocr_par' dir='ltr' id='par_1_84' title="bbox 319 5422 1892 5495">
     <span class='ocr_line' id='line_1_84' title="bbox 319 5422 1892 5495; baseline -0.004 -15"><span class='ocrx_word' id='word_1_585' title='bbox 319 5428 518 5482; x_wconf 83' lang='lat' dir='ltr'><strong>institit</strong></span> <span class='ocrx_word' id='word_1_586' title='bbox 551 5436 814 5495; x_wconf 84' lang='lat' dir='ltr'><strong>tempore,</strong></span> <span class='ocrx_word' id='word_1_587' title='bbox 875 5424 1081 5478; x_wconf 85' lang='lat' dir='ltr'><strong>crebris</strong></span> <span class='ocrx_word' id='word_1_588' title='bbox 1131 5439 1447 5492; x_wconf 76' lang='lat' dir='ltr'><strong>oppugnatis</strong></span> <span class='ocrx_word' id='word_1_589' title='bbox 1483 5422 1803 5486; x_wconf 81' lang='lat' dir='ltr'><strong>assultibus,</strong></span> <span class='ocrx_word' id='word_1_590' title='bbox 1834 5431 1892 5475; x_wconf 87' lang='lat' dir='ltr'><strong>at</strong></span> 
     </span>
    </p>
   </div>
   <div class='ocr_carea' id='block_1_85' title="bbox 317 5514 1888 5589">
    <p class='ocr_par' dir='ltr' id='par_1_85' title="bbox 317 5514 1888 5589">
     <span class='ocr_line' id='line_1_85' title="bbox 317 5514 1888 5589; baseline -0.005 -15"><span class='ocrx_word' id='word_1_591' title='bbox 317 5528 531 5589; x_wconf 86' lang='lat' dir='ltr'><strong>semper</strong></span> <span class='ocrx_word' id='word_1_592' title='bbox 570 5519 764 5572; x_wconf 89' lang='lat' dir='ltr'><strong>irritis.</strong></span> <span class='ocrx_word' id='word_1_593' title='bbox 805 5515 1044 5570; x_wconf 83' lang='lat' dir='ltr'><strong>Tandem</strong></span> <span class='ocrx_word' id='word_1_594' title='bbox 1093 5516 1235 5570; x_wconf 85' lang='lat' dir='ltr'><strong>elata</strong></span> <span class='ocrx_word' id='word_1_595' title='bbox 1281 5527 1472 5568; x_wconf 90' lang='lat' dir='ltr'><strong>contra</strong></span> <span class='ocrx_word' id='word_1_596' title='bbox 1529 5528 1690 5582; x_wconf 88' lang='lat' dir='ltr'><strong>super</strong></span> <span class='ocrx_word' id='word_1_597' title='bbox 1723 5514 1888 5567; x_wconf 87' lang='lat' dir='ltr'><strong>altum</strong></span> 
     </span>
    </p>
   </div>
   <div class='ocr_carea' id='block_1_86' title="bbox 317 5604 1892 5680">
    <p class='ocr_par' dir='ltr' id='par_1_86' title="bbox 317 5604 1892 5680">
     <span class='ocr_line' id='line_1_86' title="bbox 317 5604 1892 5680; baseline -0.006 -14"><span class='ocrx_word' id='word_1_598' title='bbox 317 5626 568 5680; x_wconf 70' lang='lat' dir='ltr'><strong>aggerem</strong></span> <span class='ocrx_word' id='word_1_599' title='bbox 618 5609 812 5665; x_wconf 79' lang='lat' dir='ltr'><strong>balista</strong></span> <span class='ocrx_word' id='word_1_600' title='bbox 849 5617 1034 5677; x_wconf 84' lang='lat' dir='ltr'><strong>petras</strong></span> <span class='ocrx_word' id='word_1_601' title='bbox 1075 5607 1128 5661; x_wconf 89' lang='lat' dir='ltr'><strong>in</strong></span> <span class='ocrx_word' id='word_1_602' title='bbox 1164 5622 1348 5661; x_wconf 86' lang='lat' dir='ltr'><strong>muros</strong></span> <span class='ocrx_word' id='word_1_603' title='bbox 1401 5621 1497 5675; x_wconf 88' lang='lat' dir='ltr'><strong>per</strong></span> <span class='ocrx_word' id='word_1_604' title='bbox 1522 5620 1640 5659; x_wconf 85' lang='lat' dir='ltr'><strong>eam</strong></span> <span class='ocrx_word' id='word_1_605' title='bbox 1684 5604 1892 5673; x_wconf 71' lang='lat' dir='ltr'><strong>iacula-</strong></span> 
     </span>
    </p>
   </div>
   <div class='ocr_carea' id='block_1_87' title="bbox 317 5697 1890 5768">
    <p class='ocr_par' dir='ltr' id='par_1_87' title="bbox 317 5697 1890 5768">
     <span class='ocr_line' id='line_1_87' title="bbox 317 5697 1890 5768; baseline -0.006 -9"><span class='ocrx_word' id='word_1_606' title='bbox 317 5708 518 5759; x_wconf 86' lang='lat' dir='ltr'><strong>bantur</strong></span> <span class='ocrx_word' id='word_1_607' title='bbox 545 5703 635 5756; x_wconf 89' lang='lat' dir='ltr'><strong>diu</strong></span> <span class='ocrx_word' id='word_1_608' title='bbox 679 5709 980 5768; x_wconf 88' lang='lat' dir='ltr'><strong>noctuque,</strong></span> <span class='ocrx_word' id='word_1_609' title='bbox 1011 5700 1104 5756; x_wconf 84' lang='lat' dir='ltr'><strong>sed</strong></span> <span class='ocrx_word' id='word_1_610' title='bbox 1149 5709 1312 5753; x_wconf 88' lang='lat' dir='ltr'><strong>nocte</strong></span> <span class='ocrx_word' id='word_1_611' title='bbox 1342 5699 1705 5767; x_wconf 69' lang='lat' dir='ltr'><strong>frequentius,</strong></span> <span class='ocrx_word' id='word_1_612' title='bbox 1754 5697 1890 5750; x_wconf 88' lang='lat' dir='ltr'><strong>adeo</strong></span> 
     </span>
    </p>
   </div>
   <div class='ocr_carea' id='block_1_88' title="bbox 317 5790 1888 5863">
    <p class='ocr_par' dir='ltr' id='par_1_88' title="bbox 317 5790 1888 5863">
     <span class='ocr_line' id='line_1_88' title="bbox 317 5790 1888 5863; baseline -0.006 -10"><span class='ocrx_word' id='word_1_613' title='bbox 317 5812 374 5854; x_wconf 86' lang='lat' dir='ltr'><strong>ut</strong></span> <span class='ocrx_word' id='word_1_614' title='bbox 405 5797 580 5852; x_wconf 88' lang='lat' dir='ltr'><strong>noctis</strong></span> <span class='ocrx_word' id='word_1_615' title='bbox 613 5795 768 5850; x_wconf 86' lang='lat' dir='ltr'><strong>unius</strong></span> <span class='ocrx_word' id='word_1_616' title='bbox 793 5796 968 5863; x_wconf 86' lang='lat' dir='ltr'><strong>spatio</strong></span> <span class='ocrx_word' id='word_1_617' title='bbox 1007 5804 1222 5848; x_wconf 87' lang='lat' dir='ltr'><strong>centum</strong></span> <span class='ocrx_word' id='word_1_618' title='bbox 1259 5795 1478 5849; x_wconf 81' lang='lat' dir='ltr'><strong>circiter</strong></span> <span class='ocrx_word' id='word_1_619' title='bbox 1508 5792 1777 5847; x_wconf 83' lang='lat' dir='ltr'><strong>numerati</strong></span> <span class='ocrx_word' id='word_1_620' title='bbox 1807 5790 1888 5858; x_wconf 81' lang='lat' dir='ltr'><strong>ja-</strong></span> 
     </span>
    </p>
   </div>
   <div class='ocr_carea' id='block_1_89' title="bbox 637 5890 1358 5953">
    <p class='ocr_par' dir='ltr' id='par_1_89' title="bbox 637 5890 1358 5953">
     <span class='ocr_line' id='line_1_89' title="bbox 637 5890 1358 5953; baseline -0.001 -2"><span class='ocrx_word' id='word_1_621' title='bbox 637 5891 909 5951; x_wconf 75' lang='lat' dir='ltr'><strong>PATBOL.</strong></span> <span class='ocrx_word' id='word_1_622' title='bbox 955 5892 1067 5952; x_wconf 79' lang='lat' dir='ltr'><strong>GR.</strong></span> <span class='ocrx_word' id='word_1_623' title='bbox 1105 5890 1358 5953; x_wconf 77' lang='lat' dir='ltr'><strong>CXLIV.</strong></span> 
     </span>
    </p>
   </div>
   <div class='ocr_carea' id='block_1_90' title="bbox 1989 3209 3570 3287">
    <p class='ocr_par' dir='ltr' id='par_1_90' title="bbox 1989 3209 3570 3287">
     <span class='ocr_line' id='line_1_90' title="bbox 1989 3209 3570 3287; baseline 0.004 -25"><span class='ocrx_word' id='word_1_624' title='bbox 1989 3209 2120 3262; x_wconf 86' lang='lat' dir='ltr'><strong>dum</strong></span> <span class='ocrx_word' id='word_1_625' title='bbox 2156 3209 2209 3263; x_wconf 90' lang='lat' dir='ltr'><strong>in</strong></span> <span class='ocrx_word' id='word_1_626' title='bbox 2239 3225 2334 3265; x_wconf 89' lang='lat' dir='ltr'><strong>eos</strong></span> <span class='ocrx_word' id='word_1_627' title='bbox 2359 3212 2722 3280; x_wconf 89' lang='lat' dir='ltr'><strong>erumpebant</strong></span> <span class='ocrx_word' id='word_1_628' title='bbox 2753 3214 3003 3283; x_wconf 88' lang='lat' dir='ltr'><strong>maleque</strong></span> <span class='ocrx_word' id='word_1_629' title='bbox 3031 3215 3360 3281; x_wconf 87' lang='lat' dir='ltr'><strong>multabant,</strong></span> <span class='ocrx_word' id='word_1_630' title='bbox 3391 3218 3570 3287; x_wconf 86' lang='lat' dir='ltr'><strong>quoad</strong></span> 
     </span>
    </p>
   </div>
   <div class='ocr_carea' id='block_1_91' title="bbox 1991 3303 3575 3376">
    <p class='ocr_par' dir='ltr' id='par_1_91' title="bbox 1991 3303 3575 3376">
     <span class='ocr_line' id='line_1_91' title="bbox 1991 3303 3575 3376; baseline 0.006 -20"><span class='ocrx_word' id='word_1_631' title='bbox 1991 3303 2230 3374; x_wconf 90' lang='lat' dir='ltr'><strong>denique</strong></span> <span class='ocrx_word' id='word_1_632' title='bbox 2261 3305 2524 3359; x_wconf 83' lang='lat' dir='ltr'><strong>debilitati</strong></span> <span class='ocrx_word' id='word_1_633' title='bbox 2565 3305 2839 3376; x_wconf 79' lang='lat' dir='ltr'><strong>diliisique</strong></span> <span class='ocrx_word' id='word_1_634' title='bbox 2871 3309 3077 3364; x_wconf 81' lang='lat' dir='ltr'><strong>viribus</strong></span> <span class='ocrx_word' id='word_1_635' title='bbox 3106 3318 3160 3364; x_wconf 92' lang='lat' dir='ltr'><strong>et</strong></span> <span class='ocrx_word' id='word_1_636' title='bbox 3187 3311 3240 3364; x_wconf 90' lang='lat' dir='ltr'><strong>hi</strong></span> <span class='ocrx_word' id='word_1_637' title='bbox 3270 3321 3398 3366; x_wconf 90' lang='lat' dir='ltr'><strong>sunt</strong></span> <span class='ocrx_word' id='word_1_638' title='bbox 3425 3327 3575 3368; x_wconf 82' lang='lat' dir='ltr'><strong>com-</strong></span> 
     </span>
    </p>
   </div>
   <div class='ocr_carea' id='block_1_92' title="bbox 1984 3394 3570 3470">
    <p class='ocr_par' dir='ltr' id='par_1_92' title="bbox 1984 3394 3570 3470">
     <span class='ocr_line' id='line_1_92' title="bbox 1984 3394 3570 3470; baseline 0.007 -21"><span class='ocrx_word' id='word_1_639' title='bbox 1984 3394 2129 3465; x_wconf 75' lang='lat' dir='ltr'><strong>pulsi</strong></span> <span class='ocrx_word' id='word_1_640' title='bbox 2171 3396 2502 3452; x_wconf 82' lang='lat' dir='ltr'><strong>descendere</strong></span> <span class='ocrx_word' id='word_1_641' title='bbox 2532 3399 2598 3452; x_wconf 86' lang='lat' dir='ltr'><strong>ad</strong></span> <span class='ocrx_word' id='word_1_642' title='bbox 2637 3402 2838 3468; x_wconf 89' lang='lat' dir='ltr'><strong>pacta&#39;,</strong></span> <span class='ocrx_word' id='word_1_643' title='bbox 2868 3415 3138 3470; x_wconf 81' lang='lat' dir='ltr'><strong>orareque</strong></span> <span class='ocrx_word' id='word_1_644' title='bbox 3192 3403 3570 3460; x_wconf 82' lang='lat' dir='ltr'><strong>Romotortum</strong></span> 
     </span>
    </p>
   </div>
   <div class='ocr_carea' id='block_1_93' title="bbox 1985 3490 3567 3555">
    <p class='ocr_par' dir='ltr' id='par_1_93' title="bbox 1985 3490 3567 3555">
     <span class='ocr_line' id='line_1_93' title="bbox 1985 3490 3567 3555; baseline 0.009 -15"><span class='ocrx_word' id='word_1_645' title='bbox 1985 3496 2050 3542; x_wconf 84' lang='lat' dir='ltr'><strong>ut</strong></span> <span class='ocrx_word' id='word_1_646' title='bbox 2077 3490 2245 3544; x_wconf 86' lang='lat' dir='ltr'><strong>certis</strong></span> <span class='ocrx_word' id='word_1_647' title='bbox 2273 3492 2676 3548; x_wconf 86' lang='lat' dir='ltr'><strong>conditionibus</strong></span> <span class='ocrx_word' id='word_1_648' title='bbox 2717 3494 2869 3548; x_wconf 90' lang='lat' dir='ltr'><strong>abire</strong></span> <span class='ocrx_word' id='word_1_649' title='bbox 2911 3510 2972 3550; x_wconf 88' lang='lat' dir='ltr'><strong>se</strong></span> <span class='ocrx_word' id='word_1_650' title='bbox 3003 3497 3210 3552; x_wconf 90' lang='lat' dir='ltr'><strong>sineret</strong></span> <span class='ocrx_word' id='word_1_651' title='bbox 3241 3498 3567 3555; x_wconf 87' lang='lat' dir='ltr'><strong>incolumes.</strong></span> 
     </span>
    </p>
   </div>
   <div class='ocr_carea' id='block_1_94' title="bbox 1988 3580 3567 3662">
    <p class='ocr_par' dir='ltr' id='par_1_94' title="bbox 1988 3580 3567 3662">
     <span class='ocr_line' id='line_1_94' title="bbox 1988 3580 3567 3662; baseline 0.006 -27"><span class='ocrx_word' id='word_1_652' title='bbox 1988 3580 2046 3635; x_wconf 89' lang='lat' dir='ltr'><strong>ld</strong></span> <span class='ocrx_word' id='word_1_653' title='bbox 2081 3582 2172 3636; x_wconf 87' lang='lat' dir='ltr'><strong>ille</strong></span> <span class='ocrx_word' id='word_1_654' title='bbox 2197 3581 2458 3637; x_wconf 80' lang='lat' dir='ltr'><strong>ferociter</strong></span> <span class='ocrx_word' id='word_1_655' title='bbox 2502 3585 2732 3638; x_wconf 90' lang='lat' dir='ltr'><strong>renuit:</strong></span> <span class='ocrx_word' id='word_1_656' title='bbox 2781 3586 3074 3655; x_wconf 76' lang='lat' dir='ltr'><strong>indignans</strong></span> <span class='ocrx_word' id='word_1_657' title='bbox 3131 3590 3275 3643; x_wconf 90' lang='lat' dir='ltr'><strong>enim</strong></span> <span class='ocrx_word' id='word_1_658' title='bbox 3337 3593 3481 3662; x_wconf 88' lang='lat' dir='ltr'><strong>quod</strong></span> <span class='ocrx_word' id='word_1_659' title='bbox 3505 3612 3567 3647; x_wconf 87' lang='lat' dir='ltr'><strong>ea</strong></span> 
     </span>
    </p>
   </div>
   <div class='ocr_carea' id='block_1_95' title="bbox 1987 3672 3571 3752">
    <p class='ocr_par' dir='ltr' id='par_1_95' title="bbox 1987 3672 3571 3752">
     <span class='ocr_line' id='line_1_95' title="bbox 1987 3672 3571 3752; baseline 0.007 -26"><span class='ocrx_word' id='word_1_660' title='bbox 1987 3672 2277 3728; x_wconf 86' lang='lat' dir='ltr'><strong>obsidione</strong></span> <span class='ocrx_word' id='word_1_661' title='bbox 2331 3675 2532 3730; x_wconf 86' lang='lat' dir='ltr'><strong>multos</strong></span> <span class='ocrx_word' id='word_1_662' title='bbox 2568 3690 2792 3731; x_wconf 79' lang='lat' dir='ltr'><strong>suorum</strong></span> <span class='ocrx_word' id='word_1_663' title='bbox 2857 3678 3155 3747; x_wconf 82' lang='lat' dir='ltr'><strong>amisisset,</strong></span> <span class='ocrx_word' id='word_1_664' title='bbox 3183 3681 3470 3752; x_wconf 78' lang='lat' dir='ltr'><strong>iuraverat</strong></span> <span class='ocrx_word' id='word_1_665' title='bbox 3512 3701 3571 3740; x_wconf 81' lang='lat' dir='ltr'><strong>se</strong></span> 
     </span>
    </p>
   </div>
   <div class='ocr_carea' id='block_1_96' title="bbox 1988 3767 3566 3846">
    <p class='ocr_par' dir='ltr' id='par_1_96' title="bbox 1988 3767 3566 3846">
     <span class='ocr_line' id='line_1_96' title="bbox 1988 3767 3566 3846; baseline 0.008 -28"><span class='ocrx_word' id='word_1_666' title='bbox 1988 3767 2269 3830; x_wconf 84' lang='lat' dir='ltr'><strong>obsessos,</strong></span> <span class='ocrx_word' id='word_1_667' title='bbox 2316 3768 2670 3836; x_wconf 84' lang='lat' dir='ltr'><strong>quantumvis</strong></span> <span class='ocrx_word' id='word_1_668' title='bbox 2701 3768 2911 3824; x_wconf 80' lang='lat' dir='ltr'><strong>vellent</strong></span> <span class='ocrx_word' id='word_1_669' title='bbox 2958 3785 3238 3842; x_wconf 75' lang='lat' dir='ltr'><strong>rogarent,</strong></span> <span class='ocrx_word' id='word_1_670' title='bbox 3289 3791 3566 3846; x_wconf 86' lang='lat' dir='ltr'><strong>nunquam</strong></span> 
     </span>
    </p>
   </div>
   <div class='ocr_carea' id='block_1_97' title="bbox 1990 3857 3570 3935">
    <p class='ocr_par' dir='ltr' id='par_1_97' title="bbox 1990 3857 3570 3935">
     <span class='ocr_line' id='line_1_97' title="bbox 1990 3857 3570 3935; baseline 0.008 -24"><span class='ocrx_word' id='word_1_671' title='bbox 1990 3857 2057 3919; x_wconf 88' lang='lat' dir='ltr'><strong>ad</strong></span> <span class='ocrx_word' id='word_1_672' title='bbox 2093 3858 2546 3928; x_wconf 88' lang='lat' dir='ltr'><strong>compositionem</strong></span> <span class='ocrx_word' id='word_1_673' title='bbox 2593 3861 2987 3920; x_wconf 87' lang='lat' dir='ltr'><strong>admissurum.</strong></span> <span class='ocrx_word' id='word_1_674' title='bbox 3049 3864 3106 3918; x_wconf 88' lang='lat' dir='ltr'><strong>ln</strong></span> <span class='ocrx_word' id='word_1_675' title='bbox 3152 3882 3258 3935; x_wconf 88' lang='lat' dir='ltr'><strong>qua</strong></span> <span class='ocrx_word' id='word_1_676' title='bbox 3290 3883 3416 3923; x_wconf 91' lang='lat' dir='ltr'><strong>enm</strong></span> <span class='ocrx_word' id='word_1_677' title='bbox 3451 3886 3570 3924; x_wconf 84' lang='lat' dir='ltr'><strong>ma-</strong></span> 
     </span>
    </p>
   </div>
   <div class='ocr_carea' id='block_1_98' title="bbox 1989 3950 3572 4023">
    <p class='ocr_par' dir='ltr' id='par_1_98' title="bbox 1989 3950 3572 4023">
     <span class='ocr_line' id='line_1_98' title="bbox 1989 3950 3572 4023; baseline 0.009 -21"><span class='ocrx_word' id='word_1_678' title='bbox 1989 3950 2136 4003; x_wconf 80' lang='lat' dir='ltr'><strong>xime</strong></span> <span class='ocrx_word' id='word_1_679' title='bbox 2172 3951 2445 4006; x_wconf 84' lang='lat' dir='ltr'><strong>sententia</strong></span> <span class='ocrx_word' id='word_1_680' title='bbox 2489 3952 2762 4020; x_wconf 86' lang='lat' dir='ltr'><strong>lirmabat,</strong></span> <span class='ocrx_word' id='word_1_681' title='bbox 2803 3957 2946 4023; x_wconf 90' lang='lat' dir='ltr'><strong>quod</strong></span> <span class='ocrx_word' id='word_1_682' title='bbox 2999 3957 3170 4013; x_wconf 85' lang='lat' dir='ltr'><strong>latera</strong></span> <span class='ocrx_word' id='word_1_683' title='bbox 3234 3961 3452 4016; x_wconf 89' lang='lat' dir='ltr'><strong>videbat</strong></span> <span class='ocrx_word' id='word_1_684' title='bbox 3475 3964 3572 4017; x_wconf 83' lang='lat' dir='ltr'><strong>nb-</strong></span> 
     </span>
    </p>
   </div>
   <div class='ocr_carea' id='block_1_99' title="bbox 1989 4043 3568 4122">
    <p class='ocr_par' dir='ltr' id='par_1_99' title="bbox 1989 4043 3568 4122">
     <span class='ocr_line' id='line_1_99' title="bbox 1989 4043 3568 4122; baseline 0.009 -27"><span class='ocrx_word' id='word_1_685' title='bbox 1989 4055 2157 4097; x_wconf 72' lang='lat' dir='ltr'><strong>sesese</strong></span> <span class='ocrx_word' id='word_1_686' title='bbox 2189 4043 2359 4097; x_wconf 86' lang='lat' dir='ltr'><strong>turris</strong></span> <span class='ocrx_word' id='word_1_687' title='bbox 2393 4044 2578 4100; x_wconf 88' lang='lat' dir='ltr'><strong>multis</strong></span> <span class='ocrx_word' id='word_1_688' title='bbox 2601 4047 2712 4116; x_wconf 88' lang='lat' dir='ltr'><strong>jam</strong></span> <span class='ocrx_word' id='word_1_689' title='bbox 2753 4047 2890 4101; x_wconf 90' lang='lat' dir='ltr'><strong>locis</strong></span> <span class='ocrx_word' id='word_1_690' title='bbox 2920 4048 3127 4104; x_wconf 88' lang='lat' dir='ltr'><strong>hiantia</strong></span> <span class='ocrx_word' id='word_1_691' title='bbox 3165 4051 3236 4104; x_wconf 90' lang='lat' dir='ltr'><strong>ob</strong></span> <span class='ocrx_word' id='word_1_692' title='bbox 3267 4052 3568 4122; x_wconf 83' lang='lat' dir='ltr'><strong>labesqnas</strong></span> 
     </span>
    </p>
   </div>
   <div class='ocr_carea' id='block_1_100' title="bbox 1983 4134 3568 4211">
    <p class='ocr_par' dir='ltr' id='par_1_100' title="bbox 1983 4134 3568 4211">
     <span class='ocr_line' id='line_1_100' title="bbox 1983 4134 3568 4211; baseline 0.007 -24"><span class='ocrx_word' id='word_1_693' title='bbox 1983 4142 2159 4202; x_wconf 77' lang='lat' dir='ltr'><strong>petrae</strong></span> <span class='ocrx_word' id='word_1_694' title='bbox 2224 4134 2396 4190; x_wconf 87' lang='lat' dir='ltr'><strong>muris</strong></span> <span class='ocrx_word' id='word_1_695' title='bbox 2455 4148 2552 4205; x_wconf 90' lang='lat' dir='ltr'><strong>per</strong></span> <span class='ocrx_word' id='word_1_696' title='bbox 2597 4137 2846 4190; x_wconf 87' lang='lat' dir='ltr'><strong>balistam</strong></span> <span class='ocrx_word' id='word_1_697' title='bbox 2906 4139 3156 4209; x_wconf 57' lang='lat' dir='ltr'><strong>impacta:</strong></span> <span class='ocrx_word' id='word_1_698' title='bbox 3223 4143 3568 4211; x_wconf 86' lang='lat' dir='ltr'><strong>intulerant;</strong></span> 
     </span>
    </p>
   </div>
   <div class='ocr_carea' id='block_1_101' title="bbox 1991 4224 3570 4302">
    <p class='ocr_par' dir='ltr' id='par_1_101' title="bbox 1991 4224 3570 4302">
     <span class='ocr_line' id='line_1_101' title="bbox 1991 4224 3570 4302; baseline 0.008 -25"><span class='ocrx_word' id='word_1_699' title='bbox 1991 4224 2139 4279; x_wconf 88' lang='lat' dir='ltr'><strong>unde</strong></span> <span class='ocrx_word' id='word_1_700' title='bbox 2171 4224 2322 4279; x_wconf 86' lang='lat' dir='ltr'><strong>brevi</strong></span> <span class='ocrx_word' id='word_1_701' title='bbox 2366 4239 2427 4281; x_wconf 87' lang='lat' dir='ltr'><strong>se</strong></span> <span class='ocrx_word' id='word_1_702' title='bbox 2454 4227 2505 4280; x_wconf 90' lang='lat' dir='ltr'><strong>vi</strong></span> <span class='ocrx_word' id='word_1_703' title='bbox 2556 4228 2856 4295; x_wconf 88' lang='lat' dir='ltr'><strong>potiturum</strong></span> <span class='ocrx_word' id='word_1_704' title='bbox 2900 4241 3080 4284; x_wconf 85' lang='lat' dir='ltr'><strong>castro</strong></span> <span class='ocrx_word' id='word_1_705' title='bbox 3109 4237 3388 4301; x_wconf 84' lang='lat' dir='ltr'><strong>sperabat.</strong></span> <span class='ocrx_word' id='word_1_706' title='bbox 3417 4238 3570 4302; x_wconf 83' lang='lat' dir='ltr'><strong>Quo-</strong></span> 
     </span>
    </p>
   </div>
   <div class='ocr_carea' id='block_1_102' title="bbox 1990 4317 3610 4388">
    <p class='ocr_par' dir='ltr' id='par_1_102' title="bbox 1990 4317 3610 4388">
     <span class='ocr_line' id='line_1_102' title="bbox 1990 4317 3610 4388; baseline 0.008 -17"><span class='ocrx_word' id='word_1_707' title='bbox 1990 4317 2138 4372; x_wconf 86' lang='lat' dir='ltr'><strong>niam</strong></span> <span class='ocrx_word' id='word_1_708' title='bbox 2187 4331 2368 4373; x_wconf 85' lang='lat' dir='ltr'><strong>autem</strong></span> <span class='ocrx_word' id='word_1_709' title='bbox 2422 4321 2672 4388; x_wconf 87' lang='lat' dir='ltr'><strong>pactione</strong></span> <span class='ocrx_word' id='word_1_710' title='bbox 2728 4322 3064 4377; x_wconf 87' lang='lat' dir='ltr'><strong>constrictus</strong></span> <span class='ocrx_word' id='word_1_711' title='bbox 3120 4337 3346 4381; x_wconf 85' lang='lat' dir='ltr'><strong>coactus</strong></span> <span class='ocrx_word' id='word_1_712' title='bbox 3395 4327 3610 4384; x_wconf 30' lang='lat' dir='ltr'><strong>iuet-ate</strong></span> 
     </span>
    </p>
   </div>
   <div class='ocr_carea' id='block_1_103' title="bbox 1993 4413 3573 4491">
    <p class='ocr_par' dir='ltr' id='par_1_103' title="bbox 1993 4413 3573 4491">
     <span class='ocr_line' id='line_1_103' title="bbox 1993 4413 3573 4491; baseline 0.008 -27"><span class='ocrx_word' id='word_1_713' title='bbox 1993 4425 2116 4464; x_wconf 90' lang='lat' dir='ltr'><strong>cum</strong></span> <span class='ocrx_word' id='word_1_714' title='bbox 2149 4413 2502 4482; x_wconf 67' lang='lat' dir='ltr'><strong>praesidiariis</strong></span> <span class='ocrx_word' id='word_1_715' title='bbox 2545 4414 2690 4469; x_wconf 89' lang='lat' dir='ltr'><strong>arcis</strong></span> <span class='ocrx_word' id='word_1_716' title='bbox 2743 4414 2928 4470; x_wconf 75' lang='lat' dir='ltr'><strong>Sancti</strong></span> <span class='ocrx_word' id='word_1_717' title='bbox 2983 4414 3150 4471; x_wconf 76' lang='lat' dir='ltr'><strong>Heliae</strong></span> <span class='ocrx_word' id='word_1_718' title='bbox 3183 4433 3357 4488; x_wconf 85' lang='lat' dir='ltr'><strong>nuper</strong></span> <span class='ocrx_word' id='word_1_719' title='bbox 3401 4435 3573 4491; x_wconf 72' lang='lat' dir='ltr'><strong>captat</strong></span> 
     </span>
    </p>
   </div>
   <div class='ocr_carea' id='block_1_104' title="bbox 1997 4507 3573 4581">
    <p class='ocr_par' dir='ltr' id='par_1_104' title="bbox 1997 4507 3573 4581">
     <span class='ocr_line' id='line_1_104' title="bbox 1997 4507 3573 4581; baseline 0.004 -21"><span class='ocrx_word' id='word_1_720' title='bbox 1997 4507 2310 4561; x_wconf 88' lang='lat' dir='ltr'><strong>humaniter</strong></span> <span class='ocrx_word' id='word_1_721' title='bbox 2352 4517 2548 4575; x_wconf 64' lang='lat' dir='ltr'><strong>praeter</strong></span> <span class='ocrx_word' id='word_1_722' title='bbox 2609 4512 2824 4580; x_wconf 78' lang='lat' dir='ltr'><strong>genium</strong></span> <span class='ocrx_word' id='word_1_723' title='bbox 2881 4525 2942 4564; x_wconf 88' lang='lat' dir='ltr'><strong>se</strong></span> <span class='ocrx_word' id='word_1_724' title='bbox 2980 4525 3195 4579; x_wconf 74' lang='lat' dir='ltr'><strong>gerere,</strong></span> <span class='ocrx_word' id='word_1_725' title='bbox 3252 4527 3573 4581; x_wconf 58' lang='lat' dir='ltr'><strong>prosecutus</strong></span> 
     </span>
    </p>
   </div>
   <div class='ocr_carea' id='block_1_105' title="bbox 1993 4599 3568 4672">
    <p class='ocr_par' dir='ltr' id='par_1_105' title="bbox 1993 4599 3568 4672">
     <span class='ocr_line' id='line_1_105' title="bbox 1993 4599 3568 4672; baseline 0.004 -19"><span class='ocrx_word' id='word_1_726' title='bbox 1993 4599 2156 4653; x_wconf 88' lang='lat' dir='ltr'><strong>etiam</strong></span> <span class='ocrx_word' id='word_1_727' title='bbox 2191 4601 2446 4670; x_wconf 74' lang='lat' dir='ltr'><strong>praesidio</strong></span> <span class='ocrx_word' id='word_1_728' title='bbox 2468 4601 2751 4664; x_wconf 87' lang='lat' dir='ltr'><strong>abeuntes,</strong></span> <span class='ocrx_word' id='word_1_729' title='bbox 2785 4617 2895 4672; x_wconf 89' lang='lat' dir='ltr'><strong>quo</strong></span> <span class='ocrx_word' id='word_1_730' title='bbox 2919 4618 3112 4658; x_wconf 88' lang='lat' dir='ltr'><strong>secure</strong></span> <span class='ocrx_word' id='word_1_731' title='bbox 3140 4605 3204 4657; x_wconf 89' lang='lat' dir='ltr'><strong>ad</strong></span> <span class='ocrx_word' id='word_1_732' title='bbox 3235 4605 3568 4661; x_wconf 89' lang='lat' dir='ltr'><strong>destinatmn</strong></span> 
     </span>
    </p>
   </div>
   <div class='ocr_carea' id='block_1_106' title="bbox 1977 4691 3568 4766">
    <p class='ocr_par' dir='ltr' id='par_1_106' title="bbox 1977 4691 3568 4766">
     <span class='ocr_line' id='line_1_106' title="bbox 1977 4691 3568 4766; baseline 0.009 -28"><span class='ocrx_word' id='word_1_733' title='bbox 1977 4691 2398 4745; x_wconf 52' lang='lat' dir='ltr'><strong>tdeduoerentur</strong></span> <span class='ocrx_word' id='word_1_734' title='bbox 2423 4730 2439 4754; x_wconf 95' lang='lat'><strong>,</strong></span> <span class='ocrx_word' id='word_1_735' title='bbox 2477 4692 2531 4744; x_wconf 89' lang='lat' dir='ltr'><strong>in</strong></span> <span class='ocrx_word' id='word_1_736' title='bbox 2568 4691 2958 4760; x_wconf 63' lang='lat' dir='ltr'><strong>Rhwdestlnis,</strong></span> <span class='ocrx_word' id='word_1_737' title='bbox 2991 4710 3131 4765; x_wconf 86' lang='lat' dir='ltr'><strong>quos</strong></span> <span class='ocrx_word' id='word_1_738' title='bbox 3189 4707 3568 4766; x_wconf 79' lang='lat' dir='ltr'><strong>oppugnatum</strong></span> 
     </span>
    </p>
   </div>
   <div class='ocr_carea' id='block_1_107' title="bbox 1987 4779 3568 4857">
    <p class='ocr_par' dir='ltr' id='par_1_107' title="bbox 1987 4779 3568 4857">
     <span class='ocr_line' id='line_1_107' title="bbox 1987 4779 3568 4857; baseline 0.007 -28"><span class='ocrx_word' id='word_1_739' title='bbox 1987 4779 2119 4832; x_wconf 89' lang='lat' dir='ltr'><strong>inde</strong></span> <span class='ocrx_word' id='word_1_740' title='bbox 2149 4779 2334 4834; x_wconf 83' lang='lat' dir='ltr'><strong>statim</strong></span> <span class='ocrx_word' id='word_1_741' title='bbox 2369 4791 2614 4847; x_wconf 84' lang='lat' dir='ltr'><strong>venerat,</strong></span> <span class='ocrx_word' id='word_1_742' title='bbox 2645 4786 2977 4837; x_wconf 80' lang='lat' dir='ltr'><strong>constituere</strong></span> <span class='ocrx_word' id='word_1_743' title='bbox 3011 4784 3224 4838; x_wconf 81' lang='lat' dir='ltr'><strong>volebat</strong></span> <span class='ocrx_word' id='word_1_744' title='bbox 3259 4789 3568 4857; x_wconf 77' lang='lat' dir='ltr'><strong>exetuplnm</strong></span> 
     </span>
    </p>
   </div>
   <div class='ocr_carea' id='block_1_108' title="bbox 1994 4871 3570 4941">
    <p class='ocr_par' dir='ltr' id='par_1_108' title="bbox 1994 4871 3570 4941">
     <span class='ocr_line' id='line_1_108' title="bbox 1994 4871 3570 4941; baseline 0.005 -17"><span class='ocrx_word' id='word_1_745' title='bbox 1994 4871 2203 4926; x_wconf 85' lang='lat' dir='ltr'><strong>illustre</strong></span> <span class='ocrx_word' id='word_1_746' title='bbox 2229 4874 2312 4926; x_wconf 90' lang='lat' dir='ltr'><strong>sui</strong></span> <span class='ocrx_word' id='word_1_747' title='bbox 2355 4876 2620 4930; x_wconf 85' lang='lat' dir='ltr'><strong>adversus</strong></span> <span class='ocrx_word' id='word_1_748' title='bbox 2651 4876 2927 4930; x_wconf 81' lang='lat' dir='ltr'><strong>Romanos</strong></span> <span class='ocrx_word' id='word_1_749' title='bbox 2956 4878 3092 4941; x_wconf 89' lang='lat' dir='ltr'><strong>odii,</strong></span> <span class='ocrx_word' id='word_1_750' title='bbox 3119 4879 3337 4931; x_wconf 83' lang='lat' dir='ltr'><strong>cunctis</strong></span> <span class='ocrx_word' id='word_1_751' title='bbox 3371 4879 3438 4933; x_wconf 88' lang='lat' dir='ltr'><strong>iis</strong></span> <span class='ocrx_word' id='word_1_752' title='bbox 3468 4883 3570 4934; x_wconf 83' lang='lat' dir='ltr'><strong>im-</strong></span> 
     </span>
    </p>
   </div>
   <div class='ocr_carea' id='block_1_109' title="bbox 1991 4964 3567 5039">
    <p class='ocr_par' dir='ltr' id='par_1_109' title="bbox 1991 4964 3567 5039">
     <span class='ocr_line' id='line_1_109' title="bbox 1991 4964 3567 5039; baseline 0.005 -23"><span class='ocrx_word' id='word_1_753' title='bbox 1991 4964 2420 5019; x_wconf 85' lang='lat' dir='ltr'><strong>misericorditer</strong></span> <span class='ocrx_word' id='word_1_754' title='bbox 2449 4966 2730 5020; x_wconf 88' lang='lat' dir='ltr'><strong>necandis.</strong></span> <span class='ocrx_word' id='word_1_755' title='bbox 2763 4968 3041 5021; x_wconf 84' lang='lat' dir='ltr'><strong>Adversus</strong></span> <span class='ocrx_word' id='word_1_756' title='bbox 3074 4970 3177 5023; x_wconf 87' lang='lat' dir='ltr'><strong>hoc</strong></span> <span class='ocrx_word' id='word_1_757' title='bbox 3203 4968 3414 5024; x_wconf 85' lang='lat' dir='ltr'><strong>obsessi</strong></span> <span class='ocrx_word' id='word_1_758' title='bbox 3454 4973 3567 5039; x_wconf 83' lang='lat' dir='ltr'><strong>jam</strong></span> 
     </span>
    </p>
   </div>
   <div class='ocr_carea' id='block_1_110' title="bbox 1995 5057 3570 5126">
    <p class='ocr_par' dir='ltr' id='par_1_110' title="bbox 1995 5057 3570 5126">
     <span class='ocr_line' id='line_1_110' title="bbox 1995 5057 3570 5126; baseline 0.005 -18"><span class='ocrx_word' id='word_1_759' title='bbox 1995 5057 2199 5110; x_wconf 83' lang='lat' dir='ltr'><strong>redacti</strong></span> <span class='ocrx_word' id='word_1_760' title='bbox 2242 5058 2307 5109; x_wconf 88' lang='lat' dir='ltr'><strong>ad</strong></span> <span class='ocrx_word' id='word_1_761' title='bbox 2340 5066 2583 5110; x_wconf 78' lang='lat' dir='ltr'><strong>extrema</strong></span> <span class='ocrx_word' id='word_1_762' title='bbox 2621 5057 2823 5112; x_wconf 81' lang='lat' dir='ltr'><strong>inlimis</strong></span> <span class='ocrx_word' id='word_1_763' title='bbox 2848 5061 3098 5126; x_wconf 85' lang='lat' dir='ltr'><strong>precibus</strong></span> <span class='ocrx_word' id='word_1_764' title='bbox 3143 5061 3461 5126; x_wconf 86' lang='lat' dir='ltr'><strong>certabant,</strong></span> <span class='ocrx_word' id='word_1_765' title='bbox 3493 5066 3570 5116; x_wconf 78' lang='lat' dir='ltr'><strong>ri-</strong></span> 
     </span>
    </p>
   </div>
   <div class='ocr_carea' id='block_1_111' title="bbox 1995 5147 3564 5222">
    <p class='ocr_par' dir='ltr' id='par_1_111' title="bbox 1995 5147 3564 5222">
     <span class='ocr_line' id='line_1_111' title="bbox 1995 5147 3564 5222; baseline 0.006 -23"><span class='ocrx_word' id='word_1_766' title='bbox 1995 5156 2100 5199; x_wconf 88' lang='lat' dir='ltr'><strong>tam</strong></span> <span class='ocrx_word' id='word_1_767' title='bbox 2153 5147 2344 5202; x_wconf 86' lang='lat' dir='ltr'><strong>saltem</strong></span> <span class='ocrx_word' id='word_1_768' title='bbox 2398 5164 2462 5202; x_wconf 90' lang='lat' dir='ltr'><strong>ac</strong></span> <span class='ocrx_word' id='word_1_769' title='bbox 2504 5149 2760 5203; x_wconf 87' lang='lat' dir='ltr'><strong>miserum</strong></span> <span class='ocrx_word' id='word_1_770' title='bbox 2815 5150 3065 5218; x_wconf 85' lang='lat' dir='ltr'><strong>spiritum</strong></span> <span class='ocrx_word' id='word_1_771' title='bbox 3112 5151 3384 5222; x_wconf 81' lang='lat' dir='ltr'><strong>indulgeri</strong></span> <span class='ocrx_word' id='word_1_772' title='bbox 3439 5155 3564 5217; x_wconf 88' lang='lat' dir='ltr'><strong>sibi.</strong></span> 
     </span>
    </p>
   </div>
   <div class='ocr_carea' id='block_1_112' title="bbox 1994 5239 3566 5312">
    <p class='ocr_par' dir='ltr' id='par_1_112' title="bbox 1994 5239 3566 5312">
     <span class='ocr_line' id='line_1_112' title="bbox 1994 5239 3566 5312; baseline 0.005 -21"><span class='ocrx_word' id='word_1_773' title='bbox 1994 5247 2182 5308; x_wconf 87' lang='lat' dir='ltr'><strong>portas</strong></span> <span class='ocrx_word' id='word_1_774' title='bbox 2229 5239 2440 5303; x_wconf 86' lang='lat' dir='ltr'><strong>statim,</strong></span> <span class='ocrx_word' id='word_1_775' title='bbox 2501 5239 2546 5294; x_wconf 92' lang='lat' dir='ltr'><strong>si</strong></span> <span class='ocrx_word' id='word_1_776' title='bbox 2600 5243 2698 5293; x_wconf 91' lang='lat' dir='ltr'><strong>hoc</strong></span> <span class='ocrx_word' id='word_1_777' title='bbox 2758 5242 3192 5309; x_wconf 86' lang='lat' dir='ltr'><strong>promitteretur,</strong></span> <span class='ocrx_word' id='word_1_778' title='bbox 3269 5248 3566 5312; x_wconf 79' lang='lat' dir='ltr'><strong>aperturis,</strong></span> 
     </span>
    </p>
   </div>
   <div class='ocr_carea' id='block_1_113' title="bbox 1993 5328 3569 5396">
    <p class='ocr_par' dir='ltr' id='par_1_113' title="bbox 1993 5328 3569 5396">
     <span class='ocr_line' id='line_1_113' title="bbox 1993 5328 3569 5396; baseline 0.004 -15"><span class='ocrx_word' id='word_1_779' title='bbox 1993 5328 2310 5396; x_wconf 86' lang='lat' dir='ltr'><strong>suppliciter</strong></span> <span class='ocrx_word' id='word_1_780' title='bbox 2336 5341 2574 5384; x_wconf 88' lang='lat' dir='ltr'><strong>orantes.</strong></span> <span class='ocrx_word' id='word_1_781' title='bbox 2602 5329 2700 5384; x_wconf 91' lang='lat' dir='ltr'><strong>Diu</strong></span> <span class='ocrx_word' id='word_1_782' title='bbox 2737 5334 2922 5386; x_wconf 89' lang='lat' dir='ltr'><strong>surdis</strong></span> <span class='ocrx_word' id='word_1_783' title='bbox 2975 5335 3040 5386; x_wconf 81' lang='lat' dir='ltr'><strong>ad</strong></span> <span class='ocrx_word' id='word_1_784' title='bbox 3081 5335 3194 5388; x_wconf 69' lang='lat' dir='ltr'><strong>hmo</strong></span> <span class='ocrx_word' id='word_1_785' title='bbox 3229 5337 3350 5389; x_wconf 90' lang='lat' dir='ltr'><strong>irati</strong></span> <span class='ocrx_word' id='word_1_786' title='bbox 3402 5337 3569 5389; x_wconf 75' lang='lat' dir='ltr'><strong>victu-</strong></span> 
     </span>
    </p>
   </div>
   <div class='ocr_carea' id='block_1_114' title="bbox 1995 5420 3566 5496">
    <p class='ocr_par' dir='ltr' id='par_1_114' title="bbox 1995 5420 3566 5496">
     <span class='ocr_line' id='line_1_114' title="bbox 1995 5420 3566 5496; baseline 0.006 -22"><span class='ocrx_word' id='word_1_787' title='bbox 1995 5420 2071 5474; x_wconf 84' lang='lat' dir='ltr'><strong>ris</strong></span> <span class='ocrx_word' id='word_1_788' title='bbox 2109 5421 2355 5485; x_wconf 86' lang='lat' dir='ltr'><strong>auribus,</strong></span> <span class='ocrx_word' id='word_1_789' title='bbox 2397 5423 2843 5491; x_wconf 84' lang='lat' dir='ltr'><strong>periclitabantur</strong></span> <span class='ocrx_word' id='word_1_790' title='bbox 2869 5423 3204 5480; x_wconf 75' lang='lat' dir='ltr'><strong>Rhaedestini</strong></span> <span class='ocrx_word' id='word_1_791' title='bbox 3230 5429 3460 5495; x_wconf 76' lang='lat' dir='ltr'><strong>repulsae</strong></span> <span class='ocrx_word' id='word_1_792' title='bbox 3486 5431 3566 5496; x_wconf 89' lang='lat' dir='ltr'><strong>ip-</strong></span> 
     </span>
    </p>
   </div>
   <div class='ocr_carea' id='block_1_115' title="bbox 1995 5512 3564 5586">
    <p class='ocr_par' dir='ltr' id='par_1_115' title="bbox 1995 5512 3564 5586">
     <span class='ocr_line' id='line_1_115' title="bbox 1995 5512 3564 5586; baseline 0.004 -20"><span class='ocrx_word' id='word_1_793' title='bbox 1995 5513 2072 5566; x_wconf 91' lang='lat' dir='ltr'><strong>sis</strong></span> <span class='ocrx_word' id='word_1_794' title='bbox 2117 5512 2324 5566; x_wconf 77' lang='lat' dir='ltr'><strong>exitiali</strong></span> <span class='ocrx_word' id='word_1_795' title='bbox 2373 5515 2680 5583; x_wconf 87' lang='lat' dir='ltr'><strong>suhjacere,</strong></span> <span class='ocrx_word' id='word_1_796' title='bbox 2747 5517 2850 5570; x_wconf 82' lang='lat' dir='ltr'><strong>nisi</strong></span> <span class='ocrx_word' id='word_1_797' title='bbox 2903 5517 3122 5584; x_wconf 86' lang='lat' dir='ltr'><strong>quidam</strong></span> <span class='ocrx_word' id='word_1_798' title='bbox 3173 5534 3333 5586; x_wconf 85' lang='lat' dir='ltr'><strong>quem</strong></span> <span class='ocrx_word' id='word_1_799' title='bbox 3379 5533 3564 5574; x_wconf 80' lang='lat' dir='ltr'><strong>secum</strong></span> 
     </span>
    </p>
   </div>
   <div class='ocr_carea' id='block_1_116' title="bbox 1995 5605 3568 5680">
    <p class='ocr_par' dir='ltr' id='par_1_116' title="bbox 1995 5605 3568 5680">
     <span class='ocr_line' id='line_1_116' title="bbox 1995 5605 3568 5680; baseline 0.003 -20"><span class='ocrx_word' id='word_1_800' title='bbox 1995 5605 2269 5660; x_wconf 85' lang='lat' dir='ltr'><strong>habebant</strong></span> <span class='ocrx_word' id='word_1_801' title='bbox 2296 5605 2608 5676; x_wconf 87' lang='lat' dir='ltr'><strong>episcopus,</strong></span> <span class='ocrx_word' id='word_1_802' title='bbox 2633 5617 2687 5660; x_wconf 91' lang='lat' dir='ltr'><strong>et</strong></span> <span class='ocrx_word' id='word_1_803' title='bbox 2721 5621 2843 5661; x_wconf 91' lang='lat' dir='ltr'><strong>cum</strong></span> <span class='ocrx_word' id='word_1_804' title='bbox 2900 5608 3003 5663; x_wconf 89' lang='lat' dir='ltr'><strong>hoc</strong></span> <span class='ocrx_word' id='word_1_805' title='bbox 3053 5608 3144 5661; x_wconf 90' lang='lat' dir='ltr'><strong>alii</strong></span> <span class='ocrx_word' id='word_1_806' title='bbox 3178 5623 3275 5677; x_wconf 84' lang='lat' dir='ltr'><strong>pro</strong></span> <span class='ocrx_word' id='word_1_807' title='bbox 3311 5610 3394 5664; x_wconf 91' lang='lat' dir='ltr'><strong>eis</strong></span> <span class='ocrx_word' id='word_1_808' title='bbox 3423 5610 3568 5680; x_wconf 87' lang='lat' dir='ltr'><strong>apud</strong></span> 
     </span>
    </p>
   </div>
   <div class='ocr_carea' id='block_1_117' title="bbox 1995 5695 3568 5769">
    <p class='ocr_par' dir='ltr' id='par_1_117' title="bbox 1995 5695 3568 5769">
     <span class='ocr_line' id='line_1_117' title="bbox 1995 5695 3568 5769; baseline 0.005 -22"><span class='ocrx_word' id='word_1_809' title='bbox 1995 5695 2292 5750; x_wconf 88' lang='lat' dir='ltr'><strong>Barbarum</strong></span> <span class='ocrx_word' id='word_1_810' title='bbox 2324 5697 2708 5767; x_wconf 87' lang='lat' dir='ltr'><strong>deprecatores</strong></span> <span class='ocrx_word' id='word_1_811' title='bbox 2741 5698 3191 5753; x_wconf 83' lang='lat' dir='ltr'><strong>intervenissent.</strong></span> <span class='ocrx_word' id='word_1_812' title='bbox 3230 5699 3302 5753; x_wconf 83' lang='lat' dir='ltr'><strong>Hi‘</strong></span> <span class='ocrx_word' id='word_1_813' title='bbox 3335 5715 3436 5769; x_wconf 87' lang='lat' dir='ltr'><strong>pro</strong></span> <span class='ocrx_word' id='word_1_814' title='bbox 3471 5715 3568 5754; x_wconf 76' lang='lat' dir='ltr'><strong>ec-</strong></span> 
     </span>
    </p>
   </div>
   <div class='ocr_carea' id='block_1_118' title="bbox 1996 5787 3568 5849">
    <p class='ocr_par' dir='ltr' id='par_1_118' title="bbox 1996 5787 3568 5849">
     <span class='ocr_line' id='line_1_118' title="bbox 1996 5787 3568 5849; baseline 0.003 -6"><span class='ocrx_word' id='word_1_815' title='bbox 1996 5787 2312 5845; x_wconf 80' lang='lat' dir='ltr'><strong>clesiastica:</strong></span> <span class='ocrx_word' id='word_1_816' title='bbox 2342 5789 2587 5848; x_wconf 88' lang='lat' dir='ltr'><strong>lenitatis</strong></span> <span class='ocrx_word' id='word_1_817' title='bbox 2648 5790 2824 5847; x_wconf 82' lang='lat' dir='ltr'><strong>cilicio</strong></span> <span class='ocrx_word' id='word_1_818' title='bbox 2892 5793 3187 5847; x_wconf 85' lang='lat' dir='ltr'><strong>monebant</strong></span> <span class='ocrx_word' id='word_1_819' title='bbox 3244 5795 3387 5848; x_wconf 88' lang='lat' dir='ltr'><strong>haud</strong></span> <span class='ocrx_word' id='word_1_820' title='bbox 3457 5793 3568 5849; x_wconf 86' lang='lat' dir='ltr'><strong>Deo</strong></span> 
     </span>
    </p>
   </div>
   <div class='ocr_carea' id='block_1_119' title="bbox 3168 5887 3246 5949">
    <p class='ocr_par' dir='ltr' id='par_1_119' title="bbox 3168 5887 3246 5949">
     <span class='ocr_line' id='line_1_119' title="bbox 3168 5887 3246 5949; baseline 0.026 -2"><span class='ocrx_word' id='word_1_821' title='bbox 3168 5887 3246 5949; x_wconf 73' lang='grc'><strong>22</strong></span> 
     </span>
    </p>
   </div>
  </div>
