4046 6394
530 345 643 410 683
691 303 697 307 ’
1726 343 2052 404 GEORGII
2089 342 2567 404 PACHYMEltzE
3672 340 3765 406 est

540 475 640 529 χης
673 455 839 526 οὔσης
871 457 963 511 καὶ
987 457 1082 510 τοῦ
1106 454 1354 509 κινδύνου
1379 452 1786 524 ἐπηρτημένου.
1821 453 1938 507 Κᾶν
1963 453 2111 505 ὲκιν-
2141 459 2190 514 Α
2218 451 2320 515 κζ’.
2341 454 2632 520 Πρεσϐεία
2654 453 3035 529 Γενγουΐτῶτς
3052 452 3180 529 ,ἅμα
3198 451 3294 505 καὶ
3312 451 3614 519 βασιλέως
3635 459 3766 522 πρὸς

537 523 886 619 δύνευονξῆν
924 549 997 618 μή
1026 565 1110 609 τις
1139 547 1246 599 τῶν
1285 523 1610 598 ἐπισκόπων
1625 541 1930 612 συμπαρὼν
1957 540 2110 610 σφίσι
2771 523 3232 592 Ἀμοΐασάρουςο

543 644 638 695 καὶ
677 642 774 694 σὺν
809 639 956 709 αὐτῷ
996 639 1146 692 ἄλλοι
1171 637 1263 691 τὸν
1297 635 1574 707 βάρϐαρον
1601 635 1908 687 ἱκετεύουσι
1939 631 2014 700 μὴ
2047 629 2114 684 ἂν

542 737 706 787 τόσον
763 731 1104 800 ἐργάσασθαι
1161 730 1338 798 φόνον.
1378 728 1441 780 ’Ἃ
1456 745 1532 797 μα
1575 727 1630 780 δέ
1655 743 1717 796 γε
1753 727 1844 778 καὶ
1868 721 2113 792 συμϐου-

543 825 815 888 λεύουσιν,
857 824 930 886 ῶς
985 823 1224 889 ἐλέγετο,
1283 821 1407 882 τοὺς
1437 819 1530 872 τοῦ
1581 817 1855 888 βαρϐάρου
1908 812 2115 881 θυμοὺς

547 919 957 978 κολακεύοντες,
997 915 1070 976 ὼς
1125 912 1390 973 εύθίκτως
1446 909 1542 962 καὶ
1591 908 1739 962 ἄλλοι
1771 905 2020 976 προδοῖεν
2051 903 2116 955 ἂν

545 1015 677 1073 ἴσως
705 1013 828 1072 ταῖς
855 1006 1260 1076 φιλανθρώποις
1310 1005 1375 1056 ὲκ
1417 1005 1602 1071 φήμης
1663 995 2116 1068 μετεωρισθέντες

546 1102 751 1154 ἐλπίσι.
770 1098 953 1151 Ταῦτα
977 1097 1228 1163 λέγοντες
1258 1096 1324 1162 τῇ
1354 1092 1617 1159 δεινότητι
1641 1088 1746 1140 τῶν
1767 1086 1937 1153 λόγων
1962 1082 2118 1152 μόλις

545 1197 636 1248 τὸν
669 1193 944 1263 βάρϐαρον
974 1187 1426 1257 κατεργάζονται.
1483 1183 1592 1236 Καὶ
1630 1179 1697 1233 τὰ
1733 1179 1832 1248 μὲν
1862 1179 2119 1246 χρήματα

547 1288 883 1356 ἀφαιρεῖται.
939 1281 1125 1350 γυμνά
1154 1279 1211 1331 δὲ
1246 1277 1352 1330 τῶν
1403 1275 1629 1328 ἐνόντων
1661 1272 1728 1323 τά
1762 1268 1990 1338 σώματα
2023 1284 2120 1320 κα-

547 1379 823 1442 ταλείπει,
877 1374 1007 1427 ὥστ’
1043 1374 1093 1424 εί
1142 1372 1239 1440 μὲν
1290 1369 1471 1438 μένειν
1511 1365 1738 1429 θέλοιεν,
1793 1360 2120 1432 κηδεμονίας

547 1470 694 1531 τινος
733 1463 1034 1530 ἀξιοῦσθαι,
1073 1464 1119 1513 εί
1145 1460 1190 1512 δ’
1223 1456 1339 1522 οὖν,
1371 1456 1486 1508 ἀλλ’
1510 1455 1583 1518 ῶς
1620 1454 1833 1523 ἔχουσιν
1864 1451 1922 1516 te
1948 1444 2122 1518 αὐτῆς

550 1556 1013 1613 ἀπαλλάττεσθαι.
1050 1553 1264 1622 Προῆγε
1295 1551 1349 1602 δὲ
1379 1548 1478 1611 τὰς
1510 1547 1790 1616 δυνάμεις,
1831 1543 1938 1597 ἀπὸ
1961 1543 2124 1613 ῥυτῆ-

554 1671 646 1723 ρος
695 1650 954 1712 ὲλαύνων,
1020 1645 1115 1698 καὶ
1147 1644 1240 1695 ἐπὶ
1297 1641 1364 1694 τὰ
1395 1641 1558 1693 λοιπὰ
1591 1638 1851 1708 φρούρια.
1883 1635 2044 1704 Φήμη
2075 1630 2121 1684 δ’

550 1747 700 1798 ἵκετο
753 1741 1155 1811 συμπεριάγειν
1213 1737 1309 1789 καὶ
1359 1735 1449 1786 τδν
1485 1733 1784 1785 ἐπίσκοπον
1817 1726 2042 1798 (Πανίου
2075 1727 2121 1779 δ’

533 1827 706 1894 οὗτος
735 1826 803 1901 ἧν
821 1829 838 1900 )
859 1831 954 1882 καὶ
993 1828 1063 1880 τὰ
1085 1826 1262 1879 πολλὰ
1291 1829 1388 1877 καὶ
1410 1823 1571 1875 αὑτὸν
1596 1821 1960 1889 ἐφιστάμενον
1993 1833 2122 1869 συν-

552 1925 734 1993 εργεῖν
763 1924 874 1984 τοῖς
905 1919 1144 1990 ἐχθροῖς,
1178 1914 1262 1984 ἐφ’
1298 1908 1342 1981 ᾧ
1366 1913 1664 1983 προδιδοτεν
1688 1913 1743 1963 al.
1771 1909 1977 1971 πόλεις.
2014 1906 2122 1960 Καὶ

2289 633 2374 705 [Ρ.
2417 631 2542 705 455]
2569 633 2835 697 Βασιλεὺς
2862 634 2919 687 δὲ
2953 636 3072 698 ταῖς
3099 634 3207 688 ἀπδ
3229 635 3338 688 τῶν
3362 634 3584 700 ξενικῶν
3608 636 3767 690 ὲλπίσι

2220 727 2494 796 μετέωρος
2531 727 2608 778 ὢν
2663 727 2763 796 τὴν
2794 726 2995 796 ψυχὴν,
3035 727 3185 794 ὅμως
3217 729 3311 780 καὶ
3352 728 3444 794 ἀφ’
3478 728 3664 780 ἑαυτοῦ
3709 731 3768 781 τὰ

2218 816 2388 870 πολλὰ
2409 817 2664 884 ἐτεχνᾶτο
2688 817 3054 881 ὑποσπόνδους
3077 820 3142 870 ὲκ
3167 819 3496 887 τιμημάτων
3523 819 3768 886 προσάγε-

2221 909 2344 962 σθαι
2399 911 2525 973 τοὺς
2576 909 2905 981 ἀλάστορας.
2965 908 3277 963 Γεννουῗται
3326 912 3426 980 μὲν
3455 910 3618 963 olivo!
3646 914 3770 964 κατᾶ

2219 1001 2376 1055 πόλιν
2411 1004 2537 1072 ἄρτι
2573 1002 2807 1074 πρώτως
2833 1005 2984 1073 παρὰ
3015 1003 3109 1056 τοῦ
3144 1004 3293 1070 σφῶν
3317 1003 3598 1073 συνεδρίου
3615 1004 3770 1057 ἀὸὃᾱν

2221 1092 2502 1163 δεξάμενοι
2555 1093 2742 1165 (δηλοί
2773 1095 2830 1147 δὲ
2853 1096 2889 1164 ἠ
2927 1094 3084 1164 φωνὴ
3118 1094 3209 1148 τὸν
3247 1095 3575 1164 ἡγούμενον,
3605 1093 3707 1158 ἔχει
3735 1095 3771 1147 δ’

2221 1175 2377 1249 οὗτος
2393 1186 2490 1254 τὴν
2509 1186 2603 1240 τοῦ
2631 1188 2804 1253 δήμου
2829 1187 3188 1258 προστασίαν,
3217 1187 3294 1249 ὼς
3324 1186 3478 1255 παρὰ
3509 1185 3772 1254 Ῥωμαίοις

2222 1278 2251 1330 ό
2290 1275 2538 1347 πραίτωρ
2563 1277 2656 1330 τοῦ
2698 1278 2872 1348 δήμου
2915 1278 3122 1347 πάλαι)
3171 1276 3578 1347 Ἀμογαὸάροις
3607 1277 3773 1346 ἧθελον

2221 1366 2661 1421 διαλλάττεσθαιο
2692 1368 2813 1422 οὐδὲ
2847 1369 2956 1438 γὰρ
3002 1365 3150 1438 εἶχον
3181 1367 3358 1429 ἄλλως
3388 1366 3488 1436 τὴν
3522 1368 3662 1420 κάτω
3679 1366 3774 1418 δια-

2225 1457 2560 1533 πλωτζεσθαι
2583 1461 2726 1513 κατὰ
2753 1460 2850 1523 τὰς
2875 1459 3055 1513 αὐτῶν
3083 1459 3472 1528 πραγματείας
3501 1457 3772 1512 θάλασσαν.

2225 1554 2410 1630 Ἱξαύτῃ
2433 1570 2520 1634 τοι.
2541 1553 2636 1605 καὶ
2667 1551 2736 1604 τά
2766 1553 2864 1621 τῆς
2898 1551 3200 1620 πρεσϐείας
3227 1552 3256 1603 ό
3285 1549 3466 1612 ὰὸὄᾶς
3495 1549 3772 1619 ἀνεδέχετο.

2227 1647 2336 1702 Καὶ
2367 1647 2576 1717 βασιλεῖ
2597 1647 2858 1713 γνωσθὲν,
2884 1647 3006 1698 ἐπεὶ
3030 1645 3262 1712 στρατὸν
3294 1644 3463 1715 βάρος
3487 1644 3672 1714 ἔχοντα
3691 1644 3776 1696 οὐκ

2227 1735 2340 1810 εἶχε
2370 1739 2632 1809 πέμπειν,
2653 1737 2790 1792 άλλά
2811 1753 2936 1790 τινα
2961 1737 3070 1789 τῶν
3092 1736 3330 1806 ψιλικῶν
3354 1735 3652 1806 ταγμάτων
3667 1737 3778 1803 περὶ

2223 1833 2318 1885 τὸν
2355 1831 2530 1900 μέγαν
2563 1829 2949 1900 ἑταιρειάρχην
2983 1825 3124 1897 ἦσαν
3159 1827 3251 1880 τὸν
3285 1827 3520 1894 Δούκαν,
3544 1826 3634 1888 οὒς
3660 1822 3776 1895 ἦγεν

2227 1924 2303 1976 ὢν
2337 1923 2431 1976 ἐπὶ
2456 1921 2548 1975 τοῦ
2577 1919 2810 1990 στρατοῦ
2840 1921 3131 1991 πρότερον,
3161 1920 3226 1990 ἦν
3254 1920 3336 1991 πή
3368 1936 3503 1973 ποτε
3532 1919 3776 1989 κρυφηδόν

549 2017 638 2069 διὰ
660 2013 830 2068 ταῦτα
860 2012 935 2075 ὡς
957 2011 1100 2071 εἰκὸς
1130 2011 1228 2062 καὶ
1249 2006 1401 2076 παρὰ
1423 2007 1519 2072 τῆς
1562 2002 1890 2068 Ἐκκλησίας
1921 2001 2124 2062 ἐκεῖνος

553 2103 838 2174 ηύθύνετο,
876 2099 971 2152 καὶ
1001 2101 1033 2169 ἡ
1059 2097 1183 2166 δίκη
1219 2095 1562 2164 πατριάρχου
1619 2092 1945 2161 γράμμασιν
2000 2088 2124 2156 ἐδη-

552 2197 711 2250 λοῦτο
763 2194 840 2265 τῷ
899 2189 1370 2246 καταδικασθέντι.
1440 2187 1677 2246 Ἐκεῖνος
1726 2183 1782 2235 δὲ
1841 2181 1978 2250 πρὸς
2026 2182 2126 2250 τὴν

555 2293 746 2361 φήμην
803 2287 1006 2342 καὶτὰ
1061 2285 1158 2353 τῆς
1209 2280 1464 2350 ποινίμου
1524 2279 1678 2347 δίκης
1715 2275 2124 2346 ὑπεραλγήσας,

555 2381 748 2453 καιροῦ
777 2379 1116 2450 δραξάμενος
1147 2374 1362 2444 φεύγει,
1387 2372 1482 2426 καὶ
1505 2370 1604 2441 τὴν
1636 2369 1900 2440 ταχίστην
1931 2366 2006 2437 τῷ
2033 2367 2128 2438 βα-

558 2475 694 2529 σιλεί
727 2471 1111 2544 παραγίνεται.
1256 2473 1257 2478 “

2227 2016 2320 2066 κχὶ
2366 2013 2426 2078 ἐξ
2468 2013 2702 2082 ,ἐνέδρας
2738 2011 3135 2083 προσϐάλλοιεν
3188 2012 3286 2081 (ού
3317 2011 3432 2080 γὰρ
3460 2005 3527 2080 ἦν
3557 2007 3778 2078 φανερῶς
3825 2009 3827 2011 ’

2227 2104 2705 2173 ἀντιτάττεσθαι),
2739 2104 2828 2157 διὰ
2857 2103 3032 2156 ταῦτα
3061 2104 3160 2156 οὐκ
3187 2098 3256 2174 ἦν
3289 2101 3655 2173 ἀποδέχεσθαι
3675 2100 3781 2152 Γενι

2226 2197 2442 2260 νουῖτας
2476 2196 2614 2266 πρὸς
2647 2194 2876 2266 ἐχθροὺς
2892 2196 3004 2248 τῶν
3042 2194 3341 2264 Ῥωμαίων
3366 2196 3593 2266 εἰρήνην
3623 2193 3779 2246 συντί-

2227 2287 2417 2341 θεσθαι
2470 2286 2747 2350 θέλοντας.
2802 2286 2998 2340 Ἔνθεν
3055 2287 3151 2340 καὶ
3189 2287 3414 2358 πρῶτον
3459 2287 3558 2358 μὲν
3583 2287 3778 2357 πέμψας

2229 2378 2578 2432 ἀναστέλλειν
2597 2380 2856 2450 ἐπειρᾶτο
2878 2381 2938 2433 τὸ
2969 2378 3237 2450 βούλημα,
3263 2381 3343 2446 ὡς
3372 2381 3418 2435 δ’
3437 2381 3536 2434 οὐκ
3568 2379 3775 2441 ἔπειθεν,

2229 2465 2372 2526 εῖναι
2437 2471 2536 2541 μὲν
2567 2470 2662 2526 καὶ
2691 2471 2854 2526 πάλιν
2901 2470 3055 2526 οὐδὲν
3091 2465 3257 2544 ἦττον
3306 2474 3451 2543 σφᾶς
3481 2471 3661 2543 φίλους
3699 2473 3780 2525 καὶ

556 2747 840 2816 probatum
887 2743 950 2796 iri
1001 2740 1430 2796 Christianorum
1491 2751 1585 2807 per
1638 2735 1980 2792 Christianos
2021 2749 2128 2790 cae-
2233 2743 2325 2798 tati
2353 2753 2621 2807 metuens,
2659 2741 2945 2798 occasione
2975 2751 3192 2812 arrepta
3221 2742 3365 2814 fugit
3398 2743 3646 2800 ecastris
3686 2741 3776 2795 lto-

555 2841 677 2893 dem
703 2838 818 2891 ﬁeri
854 2845 1082 2890 tantam.
1112 2832 1495 2902 Adjungebant
1517 2831 1784 2884 interesse
1811 2843 1908 2882 sua
1934 2828 2120 2897 ipsius1

2232 2836 2476 2899 moforti,
2532 2845 2584 2891 et
2639 2836 2962 2891 festinanter
3010 2836 3400 2904 imperatorem
3444 2839 3592 2894 adiit.

558 2927 996 2984 "‘“nsueu'dinis
1041 2923 1182 3021 ³1)Ἷέ
1207 2938 1410 3021 firm?“
1455 2920 1623 2976 "enm
1663 2929 1874 3021 parum
1926 2920 2126 3020 fama.“
2227 2949 2319 3004 27.
2379 2948 2597 3020 Legatio
2653 2947 3010 3003 Cenuensium
3051 2950 3211 3003 simul
3263 2961 3315 3005 et
3377 2951 3694 3021 imperatoris
3721 2949 3779 3002 ad

556 3023 644 3077 hic
671 3034 888 3091 quoque
924 3017 1087 3072 tueri.
1120 3013 1223 3069 Ubi
1268 3015 1412 3069 enim
1463 3028 1572 3066 non
1609 3010 1846 3080 unojam
1913 3009 2128 3078 experi-
2452 3009 2475 3020 ”
2830 3019 3213 3090 Αιηοραθατοε,

553 3123 738 3170 mento
772 3119 1110 3179 compertum
1142 3105 1306 3178 623
1337 3103 1700 3159 increbuisset
1729 3101 1904 3157 lenem
1923 3108 1978 3155 et
2001 3115 2120 3155 exo-

2303 3108 2418 3163 Huc
2453 3115 2594 3163 statu
2649 3125 2830 3163 rerum
2863 3111 3181 3178 imperator,
3230 3113 3340 3167 etsi
3396 3109 3778 3183 exspectatione

557 3205 779 3261 raltilem
815 3199 1188 3257 Romofortum
1229 3213 1371 3259 esse,
1395 3195 1514 3250 alia:
1545 3203 1748 3249 tractus
1771 3193 1928 3248 istius
1970 3207 2126 3247 arces
2166 3193 2201 3198 ⁷
2237 3203 2557 3271 peregtinae,
2605 3217 2764 3271 quam
2797 3216 3086 3257 accersere
3119 3204 3429 3274 satagebat,
3462 3203 3658 3258 militia:
3677 3213 3782 3256 sus-

555 3300 712 3356 facile
761 3284 1163 3351 adducerentur
1192 3291 1258 3344 ad
1305 3291 1354 3345 ei
1395 3303 1456 3344 se
1495 3287 1796 3342 dedendas.
1853 3284 1930 3339 Ne
1961 3283 2128 3354 igitur
2236 3306 2461 3359 pensum
2505 3290 2742 3346 habebat,
2780 3294 3050 3360 animum,
3121 3304 3308 3350 tamen
3365 3311 3432 3350 ex
3471 3311 3529 3351 se
3573 3305 3779 3365 quoque,

551 3404 861 3454 successus,
915 3385 1100 3458 gloriae
1145 3383 1250 3438 sibi
1285 3396 1494 3452 magnae
1541 3393 1605 3433 ac
1633 3377 1861 3448 quaestui
1894 3376 2122 3441 ίιιιυΐοε,
2235 3383 2279 3437 si
2305 3398 2407 3452 qua
2433 3392 2618 3452 posset
2645 3384 3011 3444 comminisci.
3039 3385 3304 3439 malorum
3348 3387 3579 3442 remedia
3609 3382 3780 3451 exqui-

553 3485 936 3550 intempestivo
963 3477 1214 3546 gratuitae
1268 3472 1633 3528 immanitatis
1681 3469 1974 3539 opprobrio
2003 3483 2120 3521 cor-

2237 3491 2385 3541 rens,
2428 3490 2534 3529 non
2579 3475 2905 3531 abhorrebat
2938 3492 2967 3530 a
3003 3483 3261 3532 tentanda
3303 3479 3376 3533 de
3399 3493 3537 3534 novo
3569 3475 3783 3532 reconci-

553 3583 852 3644 rumperet,
905 3581 1163 3638 tanquam
1201 3569 1250 3620 ei
1293 3564 1554 3620 benevole
1587 3562 1971 3628 consulentOS.
2001 3561 2128 3614 dum
2237 3566 2456 3620 liatione
2486 3567 2748 3622 ferocium
2779 3568 2989 3622 illorum
3029 3577 3085 3623 et
3143 3570 3471 3625 immanium
3515 3565 3782 3636 Antogaba-

554 3669 750 3720 blande
781 3666 1156 3722 obsecrarent,
1189 3659 1274 3712 vix
1313 3658 1530 3713 tandem
1587 3655 1900 3725 eloquentia
1930 3661 1981 3708 et
2007 3668 2130 3724 gra-
2239 3673 2445 3724 rerum,
2473 3668 2654 3714 certus
2691 3675 2796 3713 non
2835 3675 3064 3726 parcere
3094 3661 3358 3730 impensis
3387 3663 3550 3717 etiam
3581 3655 3780 3727 magnis,

556 3764 627 3812 tia
677 3761 1026 3812 cxarmarunt
1081 3752 1340 3806 ferociam
1392 3749 1496 3803 viri
1520 3786 1536 3810 ,
1591 3747 1970 3817 persuadendo
2029 3746 2130 3816 ipsi
2237 3750 2282 3803 si
2315 3749 2698 3819 largitionibus
2736 3751 2979 3819 pecuniae
3004 3754 3069 3804 ad
3101 3755 3252 3820 pacis
3287 3741 3365 3808 iiIi
3397 3753 3619 3809 consilia
3647 3747 3780 3803 inﬂe-

556 3865 617 3904 nt
643 3847 886 3918 spoliatis
938 3845 1085 3898 omni
1123 3841 1353 3911 pecunia
1389 3849 1443 3895 et
1479 3839 1801 3909 supellectili
1867 3839 2132 3892 dedititiis
2238 3843 2308 3897 cti
2345 3859 2404 3898 se
2432 3845 2696 3899 sinerent.
2740 3845 2902 3899 Tales
2943 3856 3126 3901 mente
3176 3848 3538 3918 c0gitationes
3567 3849 3782 3915 Augusto

556 3944 679 3996 viva
702 3941 873 3995 solum
908 3947 962 3991 et
991 3937 1161 3990 libera
1212 3947 1442 4003 corpora
1487 3932 1838 4000 relinqueret.
1867 3928 2132 3998 lmpctra-
2241 3947 2513 3999 versante,
2550 3937 2690 3990 forte
2715 3937 2913 3991 accidit
2942 3940 3130 3992 venire
3162 3947 3289 3994 tunc
3349 3942 3577 4010 primum
3609 3937 3670 3991 ad
3696 3933 3784 3988 Ge-

559 4044 670 4087 tum
730 4030 948 4096 insuper
1006 4035 1058 4080 et
1108 4023 1258 4088 illud,
1315 4029 1373 4075 ut
1423 4020 1466 4075 si
1506 4019 1596 4087 qui
1654 4016 2129 4072 thazdestinorum
2237 4039 2472 4080 menses
2521 4025 2687 4098 624
2729 4027 3202 4097 Constantinopoli
3250 4029 3513 4101 degemes
3563 4028 3781 4084 desum.

557 4139 778 4179 manere
827 4126 878 4176 itt
917 4123 1036 4176 loco
1065 4119 1166 4174 sub
1201 4116 1426 4173 victoris
1481 4122 1749 4184 potestate
1795 4112 1936 4167 ultro
1966 4112 2134 4180 elige-
2241 4125 2354 4170 tutn
2411 4116 2479 4170 iis
2537 4117 2787 4186 regendis
2845 4122 2912 4173 ab
2963 4119 3205 4186 ipsorum
3255 4123 3574 4192 metropolis
3619 4124 3782 4174 senatu

557 4227 698 4278 rent,
744 4215 854 4269 illic
885 4222 943 4266 ut
968 4209 1170 4267 subditi
1223 4223 1354 4263 cura
1397 4208 1755 4278 dignarentur
1800 4204 2004 4272 aliqua,
2047 4202 2131 4256 sin
2241 4208 2612 4276 magistratum
2641 4207 2976 4278 supremum,
3005 4225 3162 4278 quem
3192 4212 3382 4268 dicunt
3416 4214 3639 4273 Abbam,
3673 4218 3783 4259 voce

555 4310 721 4364 aliud'
761 4307 1008 4370 nmllent,
1057 4303 1241 4360 statim
1283 4315 1614 4370 quocunque
1669 4299 1864 4354 liberet
1897 4297 2134 4368 migrare
2241 4301 2558 4372 pra-fectum
2593 4311 2685 4355 aut
2743 4307 3095 4373 praepositum
3146 4315 3401 4361 sonante.
3434 4305 3532 4360 Hic
3559 4300 3784 4374 praditus

557 4403 884 4454 sinerentur.
947 4396 1076 4451 Inde
1136 4393 1490 4449 Romofortus
1544 4406 1743 4460 pronas
1769 4391 1856 4458 ,ad
1899 4388 2133 4443 fortuna:
2241 4396 2568 4450 auctoritate
2622 4395 2677 4448 in
2727 4396 2979 4464 populum
3031 4405 3115 4450 est
3142 4395 3262 4466 ejus
3285 4397 3452 4452 simili
3487 4409 3642 4466 quam
3672 4391 3780 4445 olim
3832 4457 3838 4476 ‘

557 4491 774 4544 obvium
838 4489 1078 4542 favorem
1146 4487 1385 4539 habenas
1434 4484 1646 4547 laxans,
1709 4479 2132 4536 circumferebat
2163 4496 2208 4553 ι)
2240 4488 2378 4558 apud
2417 4489 2686 4541 [tertianus
2731 4496 2928 4555 praeter
2993 4489 3172 4558 populi
3217 4490 3470 4544 habebat.
3503 4487 3660 4553 Hujus
3691 4495 3773 4537 oc-

558 4583 858 4637 exercitttm
886 4595 984 4649 per
1016 4593 1171 4632 arces
1205 4577 1444 4646 reliquas
1479 4576 1665 4630 finium
1695 4575 1908 4629 illorum
1936 4614 1950 4638 ,
1983 4574 2132 4628 subi-
2238 4581 2459 4633 casione
2485 4579 2771 4641 adventus,
2809 4582 3184 4634 consultantes
3219 4581 3286 4635 de
3315 4584 3476 4636 rebus
3503 4580 3612 4636 suis
3638 4573 3781 4630 Gula-

557 4674 829 4745 geltdiSiiS
862 4672 1177 4734 imminens.
1215 4671 1267 4724 in
1293 4685 1400 4742 Quo
1433 4671 1690 4725 tentando
1723 4683 1828 4723 non
1868 4665 2130 4722 ineliicaci
2237 4671 2333 4724 tini
2369 4670 2688 4724 Genuenses
2741 4685 2849 4723 uno
2901 4686 3123 4724 assensu
3158 4681 3534 4727 convenerunt
3559 4674 3784 4722 necessa-

557 4769 634 4820 ttti
670 4781 833 4832 opera
877 4763 1152 4818 ferebatur
1186 4762 1428 4831 episcopi
1469 4761 1776 4829 cujusdam,
1814 4773 1974 4827 quem
2025 4757 2134 4811 cir-
2235 4763 2319 4818 rio
2357 4762 2460 4817 sibi
2492 4761 2797 4816 faciendam
2834 4778 2956 4815 cum
2985 4761 3348 4831 Amogabaris
3377 4775 3566 4832 pacem
3599 4776 3614 4812 :
3646 4753 3784 4807 aliter

555 4855 936 4908 cumducebat.
980 4849 1269 4906 Paniensis
1296 4851 1388 4905 hic
1417 4860 1556 4912 erat.
1580 4853 1647 4906 de
1676 4864 1782 4917 quo
1835 4848 1977 4902 fama
2005 4862 2130 4917 per-
2237 4855 2383 4910 enim
2415 4871 2581 4925 quam
2618 4855 2686 4909 iis
2736 4869 2832 4924 per
2855 4869 2920 4908 ea
2953 4855 3069 4910 loca
3122 4855 3542 4923 praevalentibus
3572 4851 3623 4904 in
3653 4855 3783 4899 com-

555 4949 660 4998 lata
697 4946 750 4997 in
790 4944 976 4997 urbem
1011 4955 1094 4998 est
1126 4943 1410 5011 cooperari
1442 4957 1578 4996 .eum
1619 4940 1862 4995 victoriis
1910 4940 2132 4994 Latino—
2235 4946 2560 5016 positionem
2595 4959 2780 5000 secum
2831 4946 3100 5010 adductis,
3134 4947 3336 5002 liberas
3369 4945 3500 5016 ipsis
3533 4957 3593 4996 ac
3643 4947 3782 4991 secu-

556 5053 700 5102 rum,
740 5035 1018 5091 suadendo
1066 5033 1324 5089 Romanis
1365 5035 1485 5105 ejus
1532 5043 1740 5088 tractus
1780 5047 1847 5088 ne
1897 5047 2021 5087 sese
2076 5041 2132 5086 et
2234 5053 2324 5094 ras
2356 5053 2460 5092 non
2495 5037 2613 5092 fore
2636 5037 3016 5107 navigationes
3051 5039 3330 5094 Euxinum
3367 5050 3556 5093 versus
3586 5033 3647 5086 ad
3668 5041 3772 5083 etn-

555 5145 692 5198 quas
751 5127 1089 5184 custodirent
1125 5143 1280 5182 arces
1343 5139 1436 5180 aut
1496 5127 1658 5180 nrbes
1715 5126 2031 5179 dubitarent
2066 5126 2130 5178 iis
2235 5129 2384 5198 poria
2419 5127 2630 5182 illarum
2659 5130 2932 5197 partium,
2969 5146 2999 5184 e
3038 5146 3268 5198 quorum
3302 5125 3637 5185 commerciis
3671 5130 3778 5187 spes

556 5221 792 5274 tradere.
823 5218 878 5272 In
906 5234 1014 5288 quo
1055 5220 1267 5286 culpam
1321 5216 1611 5270 admittere
1639 5215 1836 5267 merito
1873 5215 2018 5267 visus
2049 5221 2131 5265 est
2234 5236 2297 5276 ac
2329 5223 2572 5275 rationes
2608 5232 2955 5285 mercaturae,
3001 5223 3086 5276 cui
3120 5224 3460 5293 potissimum
3517 5215 3777 5271 vacabant,

552 5311 923 5365 ecclesiastica
963 5309 1434 5364 animadversione
1491 5308 1732 5377 dignam.
1782 5304 1925 5360 Reus
1965 5305 2131 5374 igitur
2237 5330 2431 5384 magna
2459 5329 2523 5367 ex
2555 5324 2708 5382 ρει-ιθ
2744 5315 3064 5383 penderent.
3102 5309 3177 5368 Eo
3212 5329 3476 5371 consensu
3505 5321 3559 5366 et
3592 5307 3660 5362 rei
3695 5314 3772 5354 ve-

550 5403 749 5456 citatur
773 5402 972 5456 litteris
1001 5401 1067 5455 ad
1117 5415 1242 5454 eum
1267 5399 1448 5452 missis
1483 5398 1810 5466 patriarchae
1832 5434 1848 5460 ,
1879 5412 2001 5450 cum
2037 5398 2132 5451 de-
2237 5405 2641 5460 risimilitudine
2671 5405 2840 5474 ipsius
2858 5405 3040 5460 Abbas
3063 5414 3239 5461 motus
3265 5407 3578 5478 legationem
3613 5397 3658 5451 ei
3675 5386 3777 5464 paci

550 5497 911 5558 nuntiatione,
947 5496 1052 5549 nisi
1095 5493 1462 5547 vadimonium
1511 5494 1734 5547 sisteret
1759 5505 1814 5545 et
1837 5491 2129 5547 satisface-
2235 5499 2526 5550 tractandae
2559 5511 2654 5564 per
2679 5511 2736 5549 se
2763 5499 3068 5550 obeundam
3098 5501 3166 5552 ad
3196 5497 3564 5566 Amogabaros
3616 5495 3776 5544 ειιεοθ·

547 5596 650 5652 ret,
689 5600 863 5654 pretia:
905 5582 1203 5648 canonica,
1238 5582 1437 5637 debitae
1484 5582 1722 5636 hostium
1783 5581 2127 5646 fautoribus,
2236 5589 2332 5656 pit.
2395 5587 2696 5643 ludicalunt
2741 5590 2790 5644 id
2845 5591 3134 5645 consilium
3186 5591 3498 5662 imperatori
3539 5592 3618 5639 cst
3674 5585 3769 5630 tum

546 5677 904 5734 ntcurrendae.
948 5673 1062 5728 Hoc
1109 5675 1198 5728 ille
1236 5674 1520 5744 perculsus
1549 5675 1777 5740 nuntio,
1829 5675 2017 5730 dolens
2063 5674 2130 5727 ob
2237 5679 2497 5740 maxime,
2530 5689 2587 5732 ιιι
2627 5681 2831 5734 dictum
2890 5694 2992 5748 est,
3037 5685 3245 5739 intento
3275 5675 3637 5750 excogitandis
3673 5680 3772 5722 ιιιοο

545 5769 820 5824 infamiam
849 5773 1184 5822 contractam
1233 5775 1286 5822 et
1319 5765 1568 5837 supplicii
1596 5767 1919 5838 gravitatem
1955 5766 2103 5821 inten
2235 5770 2317 5825 dis
2354 5773 2642 5830 resistendi
2667 5773 3051 5844 Antogabaris.
3088 5777 3401 5834 Exercitum
3429 5772 3563 5828 enim
3593 5766 3767 5832 Ῐυεωτυ
