  <div class='ocr_page' id='page_1' title='image "/cluster/home/n/w/nwhite01/storage/ocr_20150623/144:no.2/coo.31924054870492/350.png"; bbox 0 0 4046 6388; ppageno 0'>
   <div class='ocr_carea' id='block_1_1' title="bbox 346 335 458 396">
    <p class='ocr_par' dir='ltr' id='par_1_1' title="bbox 346 335 458 396">
     <span class='ocr_line' id='line_1_1' title="bbox 346 335 458 396; baseline 0 -1"><span class='ocrx_word' id='word_1_1' title='bbox 346 335 458 396; x_wconf 74' lang='lat'><strong>685</strong></span> 
     </span>
    </p>
   </div>
   <div class='ocr_carea' id='block_1_2' title="bbox 1271 333 2748 397">
    <p class='ocr_par' dir='ltr' id='par_1_2' title="bbox 1271 333 2748 397">
     <span class='ocr_line' id='line_1_2' title="bbox 1271 333 2748 397; baseline 0 -1"><span class='ocrx_word' id='word_1_2' title='bbox 1271 335 1370 396; x_wconf 87' lang='lat' dir='ltr'><strong>DE</strong></span> <span class='ocrx_word' id='word_1_3' title='bbox 1411 333 1862 397; x_wconf 80' lang='lat' dir='ltr'><strong>ANDRONICO</strong></span> <span class='ocrx_word' id='word_1_4' title='bbox 1897 334 2370 396; x_wconf 63' lang='lat' dir='ltr'><strong>PALASOLOGO</strong></span> <span class='ocrx_word' id='word_1_5' title='bbox 2415 338 2556 397; x_wconf 83' lang='lat' dir='ltr'><strong>LIB.</strong></span> <span class='ocrx_word' id='word_1_6' title='bbox 2619 334 2748 396; x_wconf 74' lang='lat' dir='ltr'><strong>VII.</strong></span> 
     </span>
    </p>
   </div>
   <div class='ocr_carea' id='block_1_3' title="bbox 3499 336 3608 400">
    <p class='ocr_par' dir='ltr' id='par_1_3' title="bbox 3499 336 3608 400">
     <span class='ocr_line' id='line_1_3' title="bbox 3499 336 3608 400; baseline 0 -1"><span class='ocrx_word' id='word_1_7' title='bbox 3499 336 3608 400; x_wconf 55' lang='lat'><strong>656</strong></span> 
     </span>
    </p>
   </div>
   <div class='ocr_carea' id='block_1_4' title="bbox 3595 437 3602 445">
    <p class='ocr_par' dir='ltr' id='par_1_4' title="bbox 3595 437 3602 445">
     <span class='ocr_line' id='line_1_4' title="bbox 3595 437 3602 445; baseline 0 0"><span class='ocrx_word' id='word_1_8' title='bbox 3595 437 3602 445; x_wconf 64' lang='grc' dir='ltr'><strong>ε</strong></span> 
     </span>
    </p>
   </div>
   <div class='ocr_carea' id='block_1_5' title="bbox 346 447 3615 525">
    <p class='ocr_par' dir='ltr' id='par_1_5' title="bbox 346 447 3615 525">
     <span class='ocr_line' id='line_1_5' title="bbox 346 447 3615 525; baseline 0.001 -21"><span class='ocrx_word' id='word_1_9' title='bbox 346 449 560 520; x_wconf 81' lang='grc' dir='ltr'>βασιλεῖ</span> <span class='ocrx_word' id='word_1_10' title='bbox 592 450 683 503; x_wconf 68' lang='grc' dir='ltr'><strong>καὶ</strong></span> <span class='ocrx_word' id='word_1_11' title='bbox 730 449 1042 519; x_wconf 81' lang='grc' dir='ltr'>Ῥωμαίοις,</span> <span class='ocrx_word' id='word_1_12' title='bbox 1071 447 1159 520; x_wconf 70' lang='grc' dir='ltr'><strong>ἐφ’</strong></span> <span class='ocrx_word' id='word_1_13' title='bbox 1194 449 1276 515; x_wconf 74' lang='grc' dir='ltr'>οἷς</span> <span class='ocrx_word' id='word_1_14' title='bbox 1302 455 1396 505; x_wconf 74' lang='grc' dir='ltr'>καὶ</span> <span class='ocrx_word' id='word_1_15' title='bbox 1427 454 1621 522; x_wconf 81' lang='grc' dir='ltr'>ὅρκους</span> <span class='ocrx_word' id='word_1_16' title='bbox 1661 451 1923 504; x_wconf 70' lang='grc' dir='ltr'>ἁπαιτούυ</span> <span class='ocrx_word' id='word_1_17' title='bbox 1951 455 1998 510; x_wconf 81' lang='grc' dir='ltr'><strong>Α</strong></span> <span class='ocrx_word' id='word_1_18' title='bbox 2026 447 2139 514; x_wconf 83' lang='grc' dir='ltr'>οὖν,</span> <span class='ocrx_word' id='word_1_19' title='bbox 2191 451 2357 516; x_wconf 73' lang='grc' dir='ltr'>ἄλλας</span> <span class='ocrx_word' id='word_1_20' title='bbox 2409 455 2590 523; x_wconf 80' lang='grc' dir='ltr'>χώρας</span> <span class='ocrx_word' id='word_1_21' title='bbox 2641 453 2862 507; x_wconf 82' lang='grc' dir='ltr'>σπεύδει</span> <span class='ocrx_word' id='word_1_22' title='bbox 2919 452 3151 506; x_wconf 75' lang='grc' dir='ltr'>λαϐόντα</span> <span class='ocrx_word' id='word_1_23' title='bbox 3194 459 3468 525; x_wconf 78' lang='grc' dir='ltr'><strong>κατέχειν,</strong></span> <span class='ocrx_word' id='word_1_24' title='bbox 3513 449 3615 508; x_wconf 62' lang='grc' dir='ltr'><strong>και</strong></span> 
     </span>
    </p>
   </div>
   <div class='ocr_carea' id='block_1_6' title="bbox 345 541 1920 616">
    <p class='ocr_par' dir='ltr' id='par_1_6' title="bbox 345 541 1920 616">
     <span class='ocr_line' id='line_1_6' title="bbox 345 541 1920 616; baseline 0.001 -22"><span class='ocrx_word' id='word_1_25' title='bbox 345 560 500 612; x_wconf 87' lang='grc' dir='ltr'>μενοι</span> <span class='ocrx_word' id='word_1_26' title='bbox 558 544 683 606; x_wconf 80' lang='grc' dir='ltr'>τοὺς</span> <span class='ocrx_word' id='word_1_27' title='bbox 728 543 1236 614; x_wconf 83' lang='grc' dir='ltr'>παλαμναιοτὰτους</span> <span class='ocrx_word' id='word_1_28' title='bbox 1289 546 1554 608; x_wconf 77' lang='grc' dir='ltr'>ἐδίδοσαν,</span> <span class='ocrx_word' id='word_1_29' title='bbox 1602 541 1639 616; x_wconf 74' lang='grc' dir='ltr'><strong>ἦ</strong></span> <span class='ocrx_word' id='word_1_30' title='bbox 1683 545 1788 616; x_wconf 85' lang='grc' dir='ltr'>μὴν</span> <span class='ocrx_word' id='word_1_31' title='bbox 1827 545 1920 596; x_wconf 75' lang='grc' dir='ltr'>καὶ</span> 
     </span>
    </p>
   </div>
   <div class='ocr_carea' id='block_1_7' title="bbox 343 630 1918 708">
    <p class='ocr_par' dir='ltr' id='par_1_7' title="bbox 343 630 1918 708">
     <span class='ocr_line' id='line_1_7' title="bbox 343 630 1918 708; baseline 0.002 -22"><span class='ocrx_word' id='word_1_32' title='bbox 343 630 504 696; x_wconf 81' lang='grc' dir='ltr'>αὖθις</span> <span class='ocrx_word' id='word_1_33' title='bbox 538 635 679 703; x_wconf 81' lang='grc' dir='ltr'>ὑπὲρ</span> <span class='ocrx_word' id='word_1_34' title='bbox 722 636 1012 705; x_wconf 86' lang='grc' dir='ltr'>Ῥωμαίων</span> <span class='ocrx_word' id='word_1_35' title='bbox 1039 676 1054 691; x_wconf 93' lang='grc'><strong>.</strong></span> <span class='ocrx_word' id='word_1_36' title='bbox 1089 673 1103 690; x_wconf 92' lang='grc'><strong>.</strong></span> <span class='ocrx_word' id='word_1_37' title='bbox 1136 675 1153 691; x_wconf 92' lang='grc'><strong>.</strong></span> <span class='ocrx_word' id='word_1_38' title='bbox 1185 677 1199 692; x_wconf 89' lang='grc'><strong>.</strong></span> <span class='ocrx_word' id='word_1_39' title='bbox 1237 676 1251 690; x_wconf 94' lang='grc'><strong>.</strong></span> <span class='ocrx_word' id='word_1_40' title='bbox 1279 678 1292 692; x_wconf 96' lang='grc'><strong>.</strong></span> <span class='ocrx_word' id='word_1_41' title='bbox 1323 639 1420 690; x_wconf 74' lang='grc' dir='ltr'><strong>καὶ</strong></span> <span class='ocrx_word' id='word_1_42' title='bbox 1454 638 1652 708; x_wconf 84' lang='grc' dir='ltr'>ὅρκους</span> <span class='ocrx_word' id='word_1_43' title='bbox 1688 676 1702 691; x_wconf 95' lang='grc'><strong>.</strong></span> <span class='ocrx_word' id='word_1_44' title='bbox 1738 675 1753 690; x_wconf 97' lang='grc'><strong>.</strong></span> <span class='ocrx_word' id='word_1_45' title='bbox 1793 673 1810 689; x_wconf 90' lang='grc'><strong>.</strong></span> <span class='ocrx_word' id='word_1_46' title='bbox 1849 675 1865 689; x_wconf 94' lang='grc'><strong>.</strong></span> <span class='ocrx_word' id='word_1_47' title='bbox 1903 676 1918 690; x_wconf 90' lang='grc'><strong>.</strong></span> 
     </span>
    </p>
   </div>
   <div class='ocr_carea' id='block_1_8' title="bbox 348 725 1926 799">
    <p class='ocr_par' dir='ltr' id='par_1_8' title="bbox 348 725 1926 799">
     <span class='ocr_line' id='line_1_8' title="bbox 348 725 1926 799; baseline 0 -21"><span class='ocrx_word' id='word_1_48' title='bbox 348 728 543 796; x_wconf 80' lang='grc' dir='ltr'>ἑτέραν</span> <span class='ocrx_word' id='word_1_49' title='bbox 571 725 768 796; x_wconf 83' lang='grc' dir='ltr'>βουλὴν</span> <span class='ocrx_word' id='word_1_50' title='bbox 806 730 833 780; x_wconf 86' lang='grc' dir='ltr'>ὁ</span> <span class='ocrx_word' id='word_1_51' title='bbox 855 744 1072 798; x_wconf 87' lang='grc' dir='ltr'>κρατων</span> <span class='ocrx_word' id='word_1_52' title='bbox 1095 729 1479 798; x_wconf 86' lang='grc' dir='ltr'>προσανετίθει</span> <span class='ocrx_word' id='word_1_53' title='bbox 1510 728 1589 799; x_wconf 83' lang='grc' dir='ltr'>τῷ</span> <span class='ocrx_word' id='word_1_54' title='bbox 1630 729 1926 799; x_wconf 74' lang='grc' dir='ltr'>ἡγουμένῳ</span> 
     </span>
    </p>
   </div>
   <div class='ocr_carea' id='block_1_9' title="bbox 346 819 1923 890">
    <p class='ocr_par' dir='ltr' id='par_1_9' title="bbox 346 819 1923 890">
     <span class='ocr_line' id='line_1_9' title="bbox 346 819 1923 890; baseline 0.003 -19"><span class='ocrx_word' id='word_1_55' title='bbox 346 821 440 871; x_wconf 68' lang='grc' dir='ltr'><strong>καὶ</strong></span> <span class='ocrx_word' id='word_1_56' title='bbox 467 819 566 888; x_wconf 81' lang='grc' dir='ltr'>τὴν</span> <span class='ocrx_word' id='word_1_57' title='bbox 596 819 729 888; x_wconf 82' lang='grc' dir='ltr'>παρ’</span> <span class='ocrx_word' id='word_1_58' title='bbox 755 819 924 873; x_wconf 83' lang='grc' dir='ltr'>αὐτοῦ</span> <span class='ocrx_word' id='word_1_59' title='bbox 953 820 1254 890; x_wconf 88' lang='grc' dir='ltr'>πρεσϐείαν</span> <span class='ocrx_word' id='word_1_60' title='bbox 1291 821 1429 890; x_wconf 87' lang='grc' dir='ltr'>πρὸς</span> <span class='ocrx_word' id='word_1_61' title='bbox 1483 820 1923 890; x_wconf 83' lang='grc' dir='ltr'>’Δμογαϐάρους,</span> 
     </span>
    </p>
   </div>
   <div class='ocr_carea' id='block_1_10' title="bbox 344 903 1928 982">
    <p class='ocr_par' dir='ltr' id='par_1_10' title="bbox 344 903 1928 982">
     <span class='ocr_line' id='line_1_10' title="bbox 344 903 1928 982; baseline 0.011 -23"><span class='ocrx_word' id='word_1_62' title='bbox 344 911 433 978; x_wconf 73' lang='grc' dir='ltr'><strong>ἐφ’</strong></span> <span class='ocrx_word' id='word_1_63' title='bbox 470 903 515 976; x_wconf 82' lang='grc' dir='ltr'>ᾧ</span> <span class='ocrx_word' id='word_1_64' title='bbox 547 911 785 964; x_wconf 77' lang='grc' dir='ltr'><strong>ἐθέλοιεν</strong></span> <span class='ocrx_word' id='word_1_65' title='bbox 835 913 1140 981; x_wconf 86' lang='grc' dir='ltr'>χρημάτων</span> <span class='ocrx_word' id='word_1_66' title='bbox 1199 913 1454 982; x_wconf 84' lang='grc' dir='ltr'>μεγάλων</span> <span class='ocrx_word' id='word_1_67' title='bbox 1488 913 1584 966; x_wconf 72' lang='grc' dir='ltr'>καὶ</span> <span class='ocrx_word' id='word_1_68' title='bbox 1618 913 1789 982; x_wconf 78' lang='grc' dir='ltr'>τιμῆς</span> <span class='ocrx_word' id='word_1_69' title='bbox 1826 913 1928 982; x_wconf 81' lang='grc' dir='ltr'><strong>τῆς</strong></span> 
     </span>
    </p>
   </div>
   <div class='ocr_carea' id='block_1_11' title="bbox 347 1003 1929 1076">
    <p class='ocr_par' dir='ltr' id='par_1_11' title="bbox 347 1003 1929 1076">
     <span class='ocr_line' id='line_1_11' title="bbox 347 1003 1929 1076; baseline 0.001 -21"><span class='ocrx_word' id='word_1_70' title='bbox 347 1003 736 1074; x_wconf 81' lang='grc' dir='ltr'><strong>προσηκούσης</strong></span> <span class='ocrx_word' id='word_1_71' title='bbox 789 1004 884 1056; x_wconf 76' lang='grc' dir='ltr'><strong>καὶ</strong></span> <span class='ocrx_word' id='word_1_72' title='bbox 934 1005 1343 1076; x_wconf 84' lang='grc' dir='ltr'>κυϐερνήσεως,</span> <span class='ocrx_word' id='word_1_73' title='bbox 1405 1005 1480 1068; x_wconf 83' lang='grc' dir='ltr'>ὡς</span> <span class='ocrx_word' id='word_1_74' title='bbox 1509 1004 1604 1057; x_wconf 74' lang='grc' dir='ltr'>καὶ</span> <span class='ocrx_word' id='word_1_75' title='bbox 1662 1004 1929 1074; x_wconf 84' lang='grc' dir='ltr'>ἀναδοχῆς</span> 
     </span>
    </p>
   </div>
   <div class='ocr_carea' id='block_1_12' title="bbox 345 1091 1928 1163">
    <p class='ocr_par' dir='ltr' id='par_1_12' title="bbox 345 1091 1928 1163">
     <span class='ocr_line' id='line_1_12' title="bbox 345 1091 1928 1163; baseline -0.001 -17"><span class='ocrx_word' id='word_1_76' title='bbox 345 1092 633 1160; x_wconf 79' lang='grc' dir='ltr'><strong>ἀξιοῦσθαι</strong></span> <span class='ocrx_word' id='word_1_77' title='bbox 662 1095 788 1156; x_wconf 78' lang='grc' dir='ltr'>τοὺς</span> <span class='ocrx_word' id='word_1_78' title='bbox 824 1093 1034 1163; x_wconf 84' lang='grc' dir='ltr'>βασιλεῖ</span> <span class='ocrx_word' id='word_1_79' title='bbox 1081 1092 1353 1147; x_wconf 82' lang='grc' dir='ltr'><strong>δουλεύειν</strong></span> <span class='ocrx_word' id='word_1_80' title='bbox 1412 1093 1688 1156; x_wconf 80' lang='grc' dir='ltr'><strong>θέλοντας,</strong></span> <span class='ocrx_word' id='word_1_81' title='bbox 1713 1091 1928 1145; x_wconf 83' lang='grc' dir='ltr'>διαλύε-</span> 
     </span>
    </p>
   </div>
   <div class='ocr_carea' id='block_1_13' title="bbox 347 1185 1928 1258">
    <p class='ocr_par' dir='ltr' id='par_1_13' title="bbox 347 1185 1928 1258">
     <span class='ocr_line' id='line_1_13' title="bbox 347 1185 1928 1258; baseline -0.001 -19"><span class='ocrx_word' id='word_1_82' title='bbox 347 1189 494 1242; x_wconf 90' lang='grc' dir='ltr'>σθαι.</span> <span class='ocrx_word' id='word_1_83' title='bbox 538 1187 649 1240; x_wconf 72' lang='grc' dir='ltr'>Καὶ</span> <span class='ocrx_word' id='word_1_84' title='bbox 674 1186 847 1240; x_wconf 83' lang='grc' dir='ltr'>ταῦτα</span> <span class='ocrx_word' id='word_1_85' title='bbox 878 1187 1245 1258; x_wconf 77' lang='grc' dir='ltr'>προσαναθεὶς</span> <span class='ocrx_word' id='word_1_86' title='bbox 1300 1185 1379 1257; x_wconf 82' lang='grc' dir='ltr'>τῷ</span> <span class='ocrx_word' id='word_1_87' title='bbox 1429 1187 1575 1255; x_wconf 86' lang='grc' dir='ltr'>άϐϐᾷ</span> <span class='ocrx_word' id='word_1_88' title='bbox 1605 1187 1889 1250; x_wconf 77' lang='grc' dir='ltr'><strong>ἐκπέμπει</strong></span> <span class='ocrx_word' id='word_1_89' title='bbox 1912 1203 1928 1218; x_wconf 85' lang='grc'><strong>·</strong></span> 
     </span>
    </p>
   </div>
   <div class='ocr_carea' id='block_1_14' title="bbox 345 1271 1933 1352">
    <p class='ocr_par' dir='ltr' id='par_1_14' title="bbox 345 1271 1933 1352">
     <span class='ocr_line' id='line_1_14' title="bbox 345 1271 1933 1352; baseline 0.001 -20"><span class='ocrx_word' id='word_1_90' title='bbox 345 1285 442 1332; x_wconf 75' lang='grc' dir='ltr'><strong>καὶ</strong></span> <span class='ocrx_word' id='word_1_91' title='bbox 468 1282 536 1350; x_wconf 82' lang='grc' dir='ltr'><strong>τῇ</strong></span> <span class='ocrx_word' id='word_1_92' title='bbox 565 1271 769 1348; x_wconf 72' lang='grc' dir='ltr'>μεὲαξὺ</span> <span class='ocrx_word' id='word_1_93' title='bbox 807 1280 1163 1350; x_wconf 87' lang='grc' dir='ltr'>διημερεύσει</span> <span class='ocrx_word' id='word_1_94' title='bbox 1189 1282 1450 1352; x_wconf 82' lang='grc' dir='ltr'>ἀνακωχὴ</span> <span class='ocrx_word' id='word_1_95' title='bbox 1481 1277 1572 1352; x_wconf 80' lang='grc' dir='ltr'>ἦν,</span> <span class='ocrx_word' id='word_1_96' title='bbox 1601 1284 1652 1334; x_wconf 88' lang='grc' dir='ltr'><strong>εί</strong></span> <span class='ocrx_word' id='word_1_97' title='bbox 1681 1282 1776 1334; x_wconf 80' lang='grc' dir='ltr'>καὶ</span> <span class='ocrx_word' id='word_1_98' title='bbox 1804 1281 1933 1335; x_wconf 82' lang='grc' dir='ltr'>ἄλλο</span> 
     </span>
    </p>
   </div>
   <div class='ocr_carea' id='block_1_15' title="bbox 343 1371 1932 1442">
    <p class='ocr_par' dir='ltr' id='par_1_15' title="bbox 343 1371 1932 1442">
     <span class='ocr_line' id='line_1_15' title="bbox 343 1371 1932 1442; baseline -0.001 -18"><span class='ocrx_word' id='word_1_99' title='bbox 343 1391 398 1426; x_wconf 89' lang='grc' dir='ltr'><strong>τι</strong></span> <span class='ocrx_word' id='word_1_100' title='bbox 427 1371 810 1440; x_wconf 69' lang='grc' dir='ltr'>ἑσκευαγὼγει</span> <span class='ocrx_word' id='word_1_101' title='bbox 861 1372 999 1442; x_wconf 79' lang='grc' dir='ltr'>πρὸς</span> <span class='ocrx_word' id='word_1_102' title='bbox 1033 1372 1210 1438; x_wconf 90' lang='grc' dir='ltr'>πόλιν,</span> <span class='ocrx_word' id='word_1_103' title='bbox 1241 1374 1336 1426; x_wconf 74' lang='grc' dir='ltr'><strong>καὶ</strong></span> <span class='ocrx_word' id='word_1_104' title='bbox 1365 1372 1636 1442; x_wconf 76' lang='grc' dir='ltr'>ὁσημέραι</span> <span class='ocrx_word' id='word_1_105' title='bbox 1674 1372 1804 1434; x_wconf 84' lang='grc' dir='ltr'>λαὸς</span> <span class='ocrx_word' id='word_1_106' title='bbox 1837 1372 1932 1424; x_wconf 81' lang='grc' dir='ltr'>καὶ</span> 
     </span>
    </p>
   </div>
   <div class='ocr_carea' id='block_1_16' title="bbox 347 1463 1936 1534">
    <p class='ocr_par' dir='ltr' id='par_1_16' title="bbox 347 1463 1936 1534">
     <span class='ocr_line' id='line_1_16' title="bbox 347 1463 1936 1534; baseline -0.001 -18"><span class='ocrx_word' id='word_1_107' title='bbox 347 1465 467 1528; x_wconf 79' lang='grc' dir='ltr'><strong>ζῶα</strong></span> <span class='ocrx_word' id='word_1_108' title='bbox 495 1466 643 1528; x_wconf 79' lang='grc' dir='ltr'>ἐντὸς</span> <span class='ocrx_word' id='word_1_109' title='bbox 670 1466 764 1517; x_wconf 82' lang='grc' dir='ltr'><strong>τοῦ</strong></span> <span class='ocrx_word' id='word_1_110' title='bbox 781 1464 975 1528; x_wconf 78' lang='grc' dir='ltr'><strong>ἄστεος</strong></span> <span class='ocrx_word' id='word_1_111' title='bbox 992 1463 1346 1534; x_wconf 73' lang='grc' dir='ltr'>ἐπληθύνετο,</span> <span class='ocrx_word' id='word_1_112' title='bbox 1367 1465 1446 1524; x_wconf 85' lang='grc' dir='ltr'>ὡς</span> <span class='ocrx_word' id='word_1_113' title='bbox 1471 1465 1566 1516; x_wconf 82' lang='grc' dir='ltr'>καὶ</span> <span class='ocrx_word' id='word_1_114' title='bbox 1599 1464 1668 1518; x_wconf 81' lang='grc' dir='ltr'>τὰ</span> <span class='ocrx_word' id='word_1_115' title='bbox 1702 1463 1936 1533; x_wconf 86' lang='grc' dir='ltr'>περιττὰ</span> 
     </span>
    </p>
   </div>
   <div class='ocr_carea' id='block_1_17' title="bbox 345 1553 1936 1627">
    <p class='ocr_par' dir='ltr' id='par_1_17' title="bbox 345 1553 1936 1627">
     <span class='ocr_line' id='line_1_17' title="bbox 345 1553 1936 1627; baseline 0 -20"><span class='ocrx_word' id='word_1_116' title='bbox 345 1555 460 1607; x_wconf 82' lang='grc' dir='ltr'>τῶν</span> <span class='ocrx_word' id='word_1_117' title='bbox 487 1553 644 1620; x_wconf 75' lang='grc' dir='ltr'><strong>ζώων</strong></span> <span class='ocrx_word' id='word_1_118' title='bbox 670 1559 854 1627; x_wconf 74' lang='grc' dir='ltr'>σφαγῇ</span> <span class='ocrx_word' id='word_1_119' title='bbox 891 1558 984 1610; x_wconf 78' lang='grc' dir='ltr'><strong>καὶ</strong></span> <span class='ocrx_word' id='word_1_120' title='bbox 1017 1556 1273 1627; x_wconf 78' lang='grc' dir='ltr'><strong>μακέλλῳ</strong></span> <span class='ocrx_word' id='word_1_121' title='bbox 1305 1555 1564 1610; x_wconf 78' lang='grc' dir='ltr'>δίδοσθαι.</span> <span class='ocrx_word' id='word_1_122' title='bbox 1611 1555 1752 1608; x_wconf 83' lang='grc' dir='ltr'>Ἀλλ’</span> <span class='ocrx_word' id='word_1_123' title='bbox 1776 1557 1804 1608; x_wconf 91' lang='grc' dir='ltr'><strong>ό</strong></span> <span class='ocrx_word' id='word_1_124' title='bbox 1837 1555 1936 1625; x_wconf 74' lang='grc' dir='ltr'>μὲν</span> 
     </span>
    </p>
   </div>
   <div class='ocr_carea' id='block_1_18' title="bbox 350 1629 1938 1719">
    <p class='ocr_par' dir='ltr' id='par_1_18' title="bbox 350 1629 1938 1719">
     <span class='ocr_line' id='line_1_18' title="bbox 350 1629 1938 1719; baseline -0.001 -18"><span class='ocrx_word' id='word_1_125' title='bbox 350 1648 526 1710; x_wconf 76' lang='grc' dir='ltr'>ἁϐϐᾶς</span> <span class='ocrx_word' id='word_1_126' title='bbox 561 1649 809 1714; x_wconf 76' lang='grc' dir='ltr'>ἐπιστὰς,</span> <span class='ocrx_word' id='word_1_127' title='bbox 865 1649 963 1701; x_wconf 79' lang='grc' dir='ltr'><strong>καὶ</strong></span> <span class='ocrx_word' id='word_1_128' title='bbox 1022 1649 1106 1715; x_wconf 73' lang='grc' dir='ltr'><strong>ἐφ’</strong></span> <span class='ocrx_word' id='word_1_129' title='bbox 1157 1648 1393 1718; x_wconf 80' lang='grc' dir='ltr'>ἡμέραις</span> <span class='ocrx_word' id='word_1_130' title='bbox 1423 1646 1513 1719; x_wconf 83' lang='grc' dir='ltr'><strong>[Ρ.</strong></span> <span class='ocrx_word' id='word_1_131' title='bbox 1558 1629 1687 1719; x_wconf 63' lang='lat' dir='ltr'><strong>45b]</strong></span> <span class='ocrx_word' id='word_1_132' title='bbox 1723 1648 1792 1700; x_wconf 71' lang='grc' dir='ltr'><strong>τὰ</strong></span> <span class='ocrx_word' id='word_1_133' title='bbox 1835 1647 1938 1716; x_wconf 89' lang='grc' dir='ltr'>τῆς</span> 
     </span>
    </p>
   </div>
   <div class='ocr_carea' id='block_1_19' title="bbox 350 1738 1936 1811">
    <p class='ocr_par' dir='ltr' id='par_1_19' title="bbox 350 1738 1936 1811">
     <span class='ocr_line' id='line_1_19' title="bbox 350 1738 1936 1811; baseline 0 -21"><span class='ocrx_word' id='word_1_134' title='bbox 350 1739 652 1807; x_wconf 81' lang='grc' dir='ltr'>πρεσϐείας</span> <span class='ocrx_word' id='word_1_135' title='bbox 707 1740 1126 1811; x_wconf 77' lang='grc' dir='ltr'>μεταχειρὶζων,</span> <span class='ocrx_word' id='word_1_136' title='bbox 1187 1740 1340 1792; x_wconf 79' lang='grc' dir='ltr'>οὐδὲν</span> <span class='ocrx_word' id='word_1_137' title='bbox 1392 1741 1560 1810; x_wconf 74' lang='grc' dir='ltr'>ἧνυσε</span> <span class='ocrx_word' id='word_1_138' title='bbox 1593 1739 1780 1802; x_wconf 80' lang='grc' dir='ltr'>πλέον,</span> <span class='ocrx_word' id='word_1_139' title='bbox 1809 1738 1936 1791; x_wconf 77' lang='grc' dir='ltr'>οὔτε</span> 
     </span>
    </p>
   </div>
   <div class='ocr_carea' id='block_1_20' title="bbox 351 1807 2014 1901">
    <p class='ocr_par' dir='ltr' id='par_1_20' title="bbox 351 1807 2014 1901">
     <span class='ocr_line' id='line_1_20' title="bbox 351 1807 2014 1901; baseline -0.001 -17"><span class='ocrx_word' id='word_1_140' title='bbox 351 1831 638 1901; x_wconf 78' lang='grc' dir='ltr'>ἄπρακτος</span> <span class='ocrx_word' id='word_1_141' title='bbox 667 1807 1023 1900; x_wconf 76' lang='grc' dir='ltr'>ὑποστρέφει,</span> <span class='ocrx_word' id='word_1_142' title='bbox 1081 1831 1256 1884; x_wconf 83' lang='grc' dir='ltr'>πολλά</span> <span class='ocrx_word' id='word_1_143' title='bbox 1285 1847 1345 1883; x_wconf 88' lang='grc' dir='ltr'><strong>τε</strong></span> <span class='ocrx_word' id='word_1_144' title='bbox 1373 1807 1467 1883; x_wconf 77' lang='grc' dir='ltr'>καὶ</span> <span class='ocrx_word' id='word_1_145' title='bbox 1499 1830 1786 1884; x_wconf 84' lang='grc' dir='ltr'>ἀτάσθαλα</span> <span class='ocrx_word' id='word_1_146' title='bbox 1840 1829 1934 1882; x_wconf 88' lang='grc' dir='ltr'><strong>καί</strong></span> <span class='ocrx_word' id='word_1_147' title='bbox 1973 1807 2014 1864; x_wconf 71' lang='grc' dir='ltr'><strong>θ</strong></span> 
     </span>
    </p>
   </div>
   <div class='ocr_carea' id='block_1_21' title="bbox 352 1919 1936 1995">
    <p class='ocr_par' dir='ltr' id='par_1_21' title="bbox 352 1919 1936 1995">
     <span class='ocr_line' id='line_1_21' title="bbox 352 1919 1936 1995; baseline -0.003 -17"><span class='ocrx_word' id='word_1_148' title='bbox 352 1941 417 1993; x_wconf 88' lang='grc' dir='ltr'>γε</span> <span class='ocrx_word' id='word_1_149' title='bbox 450 1925 525 1995; x_wconf 81' lang='grc' dir='ltr'>μὴ</span> <span class='ocrx_word' id='word_1_150' title='bbox 555 1919 643 1977; x_wconf 76' lang='grc' dir='ltr'>οἷά</span> <span class='ocrx_word' id='word_1_151' title='bbox 670 1925 717 1976; x_wconf 87' lang='grc' dir='ltr'>τ’</span> <span class='ocrx_word' id='word_1_152' title='bbox 742 1923 808 1976; x_wconf 86' lang='grc' dir='ltr'>ἂν</span> <span class='ocrx_word' id='word_1_153' title='bbox 830 1923 1084 1991; x_wconf 81' lang='grc' dir='ltr'>γενέσθαι</span> <span class='ocrx_word' id='word_1_154' title='bbox 1110 1923 1474 1984; x_wconf 80' lang='grc' dir='ltr'>ἀπαιτοῦντος</span> <span class='ocrx_word' id='word_1_155' title='bbox 1501 1921 1598 1974; x_wconf 81' lang='grc' dir='ltr'>τοῦ</span> <span class='ocrx_word' id='word_1_156' title='bbox 1636 1921 1936 1991; x_wconf 86' lang='grc' dir='ltr'>Ῥομοφόρ-</span> 
     </span>
    </p>
   </div>
   <div class='ocr_carea' id='block_1_22' title="bbox 350 2015 1936 2086">
    <p class='ocr_par' dir='ltr' id='par_1_22' title="bbox 350 2015 1936 2086">
     <span class='ocr_line' id='line_1_22' title="bbox 350 2015 1936 2086; baseline -0.001 -16"><span class='ocrx_word' id='word_1_157' title='bbox 350 2036 468 2072; x_wconf 82' lang='grc' dir='ltr'>του.</span> <span class='ocrx_word' id='word_1_158' title='bbox 519 2016 804 2070; x_wconf 75' lang='grc' dir='ltr'>Ἐϐούλετο</span> <span class='ocrx_word' id='word_1_159' title='bbox 855 2015 963 2086; x_wconf 84' lang='grc' dir='ltr'>γὰρ</span> <span class='ocrx_word' id='word_1_160' title='bbox 1016 2016 1116 2069; x_wconf 75' lang='grc' dir='ltr'>καὶ</span> <span class='ocrx_word' id='word_1_161' title='bbox 1176 2015 1378 2078; x_wconf 89' lang='grc' dir='ltr'>τόπους</span> <span class='ocrx_word' id='word_1_162' title='bbox 1419 2016 1515 2067; x_wconf 80' lang='grc' dir='ltr'>καὶ</span> <span class='ocrx_word' id='word_1_163' title='bbox 1550 2015 1782 2084; x_wconf 86' lang='grc' dir='ltr'>σώματα</span> <span class='ocrx_word' id='word_1_164' title='bbox 1842 2017 1936 2069; x_wconf 73' lang='grc' dir='ltr'><strong>καὶ</strong></span> 
     </span>
    </p>
   </div>
   <div class='ocr_carea' id='block_1_23' title="bbox 352 2106 1936 2182">
    <p class='ocr_par' dir='ltr' id='par_1_23' title="bbox 352 2106 1936 2182">
     <span class='ocr_line' id='line_1_23' title="bbox 352 2106 1936 2182; baseline -0.003 -19"><span class='ocrx_word' id='word_1_165' title='bbox 352 2109 591 2182; x_wconf 86' lang='grc' dir='ltr'>φρούρια</span> <span class='ocrx_word' id='word_1_166' title='bbox 620 2107 964 2177; x_wconf 80' lang='grc' dir='ltr'>ἁπεμπολείν</span> <span class='ocrx_word' id='word_1_167' title='bbox 996 2107 1132 2176; x_wconf 77' lang='grc' dir='ltr'>πρὸς</span> <span class='ocrx_word' id='word_1_168' title='bbox 1165 2106 1392 2176; x_wconf 78' lang='grc' dir='ltr'>βασιλέα</span> <span class='ocrx_word' id='word_1_169' title='bbox 1439 2106 1692 2174; x_wconf 82' lang='grc' dir='ltr'>μεγάλων</span> <span class='ocrx_word' id='word_1_170' title='bbox 1713 2108 1936 2176; x_wconf 84' lang='grc' dir='ltr'>χρημά-</span> 
     </span>
    </p>
   </div>
   <div class='ocr_carea' id='block_1_24' title="bbox 349 2195 1935 2269">
    <p class='ocr_par' dir='ltr' id='par_1_24' title="bbox 349 2195 1935 2269">
     <span class='ocr_line' id='line_1_24' title="bbox 349 2195 1935 2269; baseline -0.003 -14"><span class='ocrx_word' id='word_1_171' title='bbox 349 2219 484 2266; x_wconf 87' lang='grc' dir='ltr'>των,</span> <span class='ocrx_word' id='word_1_172' title='bbox 509 2200 688 2269; x_wconf 84' lang='grc' dir='ltr'>καίγε</span> <span class='ocrx_word' id='word_1_173' title='bbox 722 2195 1188 2268; x_wconf 74' lang='grc' dir='ltr'>προσαπῄτεικαὶ</span> <span class='ocrx_word' id='word_1_174' title='bbox 1217 2198 1318 2261; x_wconf 78' lang='grc' dir='ltr'>τὰς</span> <span class='ocrx_word' id='word_1_175' title='bbox 1375 2196 1759 2268; x_wconf 78' lang='grc' dir='ltr'>μισθοφορίας.</span> <span class='ocrx_word' id='word_1_176' title='bbox 1804 2198 1866 2250; x_wconf 78' lang='lat' dir='ltr'><strong>Et</strong></span> <span class='ocrx_word' id='word_1_177' title='bbox 1890 2197 1935 2250; x_wconf 76' lang='grc' dir='ltr'>δ’</span> 
     </span>
    </p>
   </div>
   <div class='ocr_carea' id='block_1_25' title="bbox 349 2378 1935 2452">
    <p class='ocr_par' dir='ltr' id='par_1_25' title="bbox 349 2378 1935 2452">
     <span class='ocr_line' id='line_1_25' title="bbox 349 2378 1935 2452; baseline 0 -17"><span class='ocrx_word' id='word_1_178' title='bbox 349 2396 513 2452; x_wconf 85' lang='lat' dir='ltr'><strong>quem</strong></span> <span class='ocrx_word' id='word_1_179' title='bbox 565 2381 636 2438; x_wconf 91' lang='lat' dir='ltr'><strong>iis</strong></span> <span class='ocrx_word' id='word_1_180' title='bbox 672 2389 1015 2451; x_wconf 89' lang='lat' dir='ltr'><strong>opponeret,</strong></span> <span class='ocrx_word' id='word_1_181' title='bbox 1049 2393 1150 2433; x_wconf 75' lang='lat' dir='ltr'><strong>nec</strong></span> <span class='ocrx_word' id='word_1_182' title='bbox 1197 2378 1428 2432; x_wconf 89' lang='lat' dir='ltr'><strong>habebat</strong></span> <span class='ocrx_word' id='word_1_183' title='bbox 1456 2380 1522 2434; x_wconf 91' lang='lat' dir='ltr'><strong>ad</strong></span> <span class='ocrx_word' id='word_1_184' title='bbox 1571 2395 1790 2433; x_wconf 90' lang='lat' dir='ltr'><strong>manum</strong></span> <span class='ocrx_word' id='word_1_185' title='bbox 1832 2395 1935 2435; x_wconf 92' lang='lat' dir='ltr'><strong>nec</strong></span> 
     </span>
    </p>
   </div>
   <div class='ocr_carea' id='block_1_26' title="bbox 350 2469 1972 2541">
    <p class='ocr_par' dir='ltr' id='par_1_26' title="bbox 350 2469 1972 2541">
     <span class='ocr_line' id='line_1_26' title="bbox 350 2469 1972 2541; baseline -0.001 -14"><span class='ocrx_word' id='word_1_186' title='bbox 350 2476 496 2528; x_wconf 86' lang='lat' dir='ltr'><strong>unde</strong></span> <span class='ocrx_word' id='word_1_187' title='bbox 527 2485 745 2541; x_wconf 77' lang='lat' dir='ltr'><strong>cogeret</strong></span> <span class='ocrx_word' id='word_1_188' title='bbox 777 2470 1126 2541; x_wconf 77' lang='lat' dir='ltr'><strong>suppetebat.</strong></span> <span class='ocrx_word' id='word_1_189' title='bbox 1167 2469 1396 2524; x_wconf 79' lang='lat' dir='ltr'><strong>Tantum</strong></span> <span class='ocrx_word' id='word_1_190' title='bbox 1435 2472 1658 2540; x_wconf 90' lang='lat' dir='ltr'><strong>quidam</strong></span> <span class='ocrx_word' id='word_1_191' title='bbox 1685 2472 1821 2526; x_wconf 82' lang='lat' dir='ltr'><strong>levis</strong></span> <span class='ocrx_word' id='word_1_192' title='bbox 1850 2487 1937 2525; x_wconf 89' lang='lat' dir='ltr'><strong>ar—</strong></span> <span class='ocrx_word' id='word_1_193' title='bbox 1959 2493 1972 2497; x_wconf 87' lang='grc'><strong><em>-</em></strong></span> 
     </span>
    </p>
   </div>
   <div class='ocr_carea' id='block_1_27' title="bbox 353 2563 1937 2631">
    <p class='ocr_par' dir='ltr' id='par_1_27' title="bbox 353 2563 1937 2631">
     <span class='ocr_line' id='line_1_27' title="bbox 353 2563 1937 2631; baseline -0.003 -13"><span class='ocrx_word' id='word_1_194' title='bbox 353 2575 582 2618; x_wconf 80' lang='lat' dir='ltr'><strong>maturae</strong></span> <span class='ocrx_word' id='word_1_195' title='bbox 606 2564 828 2618; x_wconf 84' lang='lat' dir='ltr'><strong>ordines</strong></span> <span class='ocrx_word' id='word_1_196' title='bbox 859 2571 1216 2628; x_wconf 72' lang='lat' dir='ltr'><strong>supererant;</strong></span> <span class='ocrx_word' id='word_1_197' title='bbox 1247 2576 1383 2629; x_wconf 89' lang='lat' dir='ltr'><strong>quos</strong></span> <span class='ocrx_word' id='word_1_198' title='bbox 1408 2577 1635 2631; x_wconf 87' lang='lat' dir='ltr'><strong>magnus</strong></span> <span class='ocrx_word' id='word_1_199' title='bbox 1655 2563 1937 2616; x_wconf 57' lang='lat' dir='ltr'><strong>hetaeriae-</strong></span> 
     </span>
    </p>
   </div>
   <div class='ocr_carea' id='block_1_28' title="bbox 352 2653 1932 2723">
    <p class='ocr_par' dir='ltr' id='par_1_28' title="bbox 352 2653 1932 2723">
     <span class='ocr_line' id='line_1_28' title="bbox 352 2653 1932 2723; baseline -0.003 -13"><span class='ocrx_word' id='word_1_200' title='bbox 352 2658 458 2710; x_wconf 86' lang='lat' dir='ltr'><strong>cha</strong></span> <span class='ocrx_word' id='word_1_201' title='bbox 495 2657 672 2709; x_wconf 88' lang='lat' dir='ltr'><strong>Ducas</strong></span> <span class='ocrx_word' id='word_1_202' title='bbox 699 2655 972 2709; x_wconf 76' lang='lat' dir='ltr'><strong>exercitus</strong></span> <span class='ocrx_word' id='word_1_203' title='bbox 995 2653 1162 2708; x_wconf 89' lang='lat' dir='ltr'><strong>totius</strong></span> <span class='ocrx_word' id='word_1_204' title='bbox 1185 2691 1201 2717; x_wconf 91' lang='lat'><strong>,</strong></span> <span class='ocrx_word' id='word_1_205' title='bbox 1229 2663 1520 2723; x_wconf 83' lang='lat' dir='ltr'><strong>antequam</strong></span> <span class='ocrx_word' id='word_1_206' title='bbox 1551 2655 1932 2723; x_wconf 85' lang='lat' dir='ltr'><strong>dissiparetur,</strong></span> 
     </span>
    </p>
   </div>
   <div class='ocr_carea' id='block_1_29' title="bbox 354 2746 1932 2816">
    <p class='ocr_par' dir='ltr' id='par_1_29' title="bbox 354 2746 1932 2816">
     <span class='ocr_line' id='line_1_29' title="bbox 354 2746 1932 2816; baseline 0 -14"><span class='ocrx_word' id='word_1_207' title='bbox 354 2751 489 2814; x_wconf 81' lang='lat' dir='ltr'><strong>dux,</strong></span> <span class='ocrx_word' id='word_1_208' title='bbox 538 2746 777 2816; x_wconf 89' lang='lat' dir='ltr'><strong>reliquas</strong></span> <span class='ocrx_word' id='word_1_209' title='bbox 803 2747 983 2800; x_wconf 87' lang='lat' dir='ltr'><strong>adhuc</strong></span> <span class='ocrx_word' id='word_1_210' title='bbox 1015 2746 1276 2809; x_wconf 89' lang='lat' dir='ltr'><strong>habebat,</strong></span> <span class='ocrx_word' id='word_1_211' title='bbox 1312 2748 1376 2800; x_wconf 89' lang='lat' dir='ltr'><strong>ad</strong></span> <span class='ocrx_word' id='word_1_212' title='bbox 1405 2762 1560 2802; x_wconf 91' lang='lat' dir='ltr'><strong>usum</strong></span> <span class='ocrx_word' id='word_1_213' title='bbox 1605 2747 1932 2802; x_wconf 78' lang='lat' dir='ltr'><strong>furtivarum</strong></span> 
     </span>
    </p>
   </div>
   <div class='ocr_carea' id='block_1_30' title="bbox 353 2838 1932 2906">
    <p class='ocr_par' dir='ltr' id='par_1_30' title="bbox 353 2838 1932 2906">
     <span class='ocr_line' id='line_1_30' title="bbox 353 2838 1932 2906; baseline 0.001 -14"><span class='ocrx_word' id='word_1_214' title='bbox 353 2839 624 2892; x_wconf 78' lang='lat' dir='ltr'><strong>duntaxat</strong></span> <span class='ocrx_word' id='word_1_215' title='bbox 658 2838 1202 2892; x_wconf 85' lang='lat' dir='ltr'><strong>excursiuncularum</strong></span> <span class='ocrx_word' id='word_1_216' title='bbox 1233 2854 1248 2892; x_wconf 85' lang='lat'><strong>:</strong></span> <span class='ocrx_word' id='word_1_217' title='bbox 1285 2838 1428 2892; x_wconf 83' lang='lat' dir='ltr'><strong>haud</strong></span> <span class='ocrx_word' id='word_1_218' title='bbox 1459 2839 1606 2892; x_wconf 89' lang='lat' dir='ltr'><strong>enim</strong></span> <span class='ocrx_word' id='word_1_219' title='bbox 1631 2839 1808 2906; x_wconf 90' lang='lat' dir='ltr'><strong>palam</strong></span> <span class='ocrx_word' id='word_1_220' title='bbox 1841 2853 1932 2894; x_wconf 80' lang='lat' dir='ltr'><strong>os-</strong></span> 
     </span>
    </p>
   </div>
   <div class='ocr_carea' id='block_1_31' title="bbox 355 2929 1936 2999">
    <p class='ocr_par' dir='ltr' id='par_1_31' title="bbox 355 2929 1936 2999">
     <span class='ocr_line' id='line_1_31' title="bbox 355 2929 1936 2999; baseline 0 -15"><span class='ocrx_word' id='word_1_221' title='bbox 355 2943 572 2986; x_wconf 81' lang='lat' dir='ltr'><strong>tentare</strong></span> <span class='ocrx_word' id='word_1_222' title='bbox 601 2947 664 2985; x_wconf 84' lang='lat' dir='ltr'><strong>ex</strong></span> <span class='ocrx_word' id='word_1_223' title='bbox 700 2930 930 2986; x_wconf 88' lang='lat' dir='ltr'><strong>adverso</strong></span> <span class='ocrx_word' id='word_1_224' title='bbox 986 2929 1220 2984; x_wconf 71' lang='lat' dir='ltr'><strong>frontem</strong></span> <span class='ocrx_word' id='word_1_225' title='bbox 1277 2941 1384 2982; x_wconf 88' lang='lat' dir='ltr'><strong>tam</strong></span> <span class='ocrx_word' id='word_1_226' title='bbox 1415 2929 1599 2984; x_wconf 78' lang='lat' dir='ltr'><strong>nitiltis</strong></span> <span class='ocrx_word' id='word_1_227' title='bbox 1647 2939 1757 2984; x_wconf 90' lang='lat' dir='ltr'><strong>tam</strong></span> <span class='ocrx_word' id='word_1_228' title='bbox 1806 2947 1936 2999; x_wconf 88' lang='lat' dir='ltr'><strong>pau-</strong></span> 
     </span>
    </p>
   </div>
   <div class='ocr_carea' id='block_1_32' title="bbox 355 3020 1932 3088">
    <p class='ocr_par' dir='ltr' id='par_1_32' title="bbox 355 3020 1932 3088">
     <span class='ocr_line' id='line_1_32' title="bbox 355 3020 1932 3088; baseline 0.001 -14"><span class='ocrx_word' id='word_1_229' title='bbox 355 3039 451 3078; x_wconf 75' lang='lat' dir='ltr'><strong>cos</strong></span> <span class='ocrx_word' id='word_1_230' title='bbox 506 3023 631 3076; x_wconf 85' lang='lat' dir='ltr'><strong>belli</strong></span> <span class='ocrx_word' id='word_1_231' title='bbox 670 3023 812 3076; x_wconf 83' lang='lat' dir='ltr'><strong>ratio</strong></span> <span class='ocrx_word' id='word_1_232' title='bbox 860 3032 954 3074; x_wconf 89' lang='lat' dir='ltr'><strong>aut</strong></span> <span class='ocrx_word' id='word_1_233' title='bbox 1001 3020 1311 3076; x_wconf 85' lang='lat' dir='ltr'><strong>communis</strong></span> <span class='ocrx_word' id='word_1_234' title='bbox 1366 3021 1657 3088; x_wconf 83' lang='lat' dir='ltr'><strong>prudentia</strong></span> <span class='ocrx_word' id='word_1_235' title='bbox 1699 3022 1932 3076; x_wconf 78' lang='lat' dir='ltr'><strong>sinebat.</strong></span> 
     </span>
    </p>
   </div>
   <div class='ocr_carea' id='block_1_33' title="bbox 355 3113 1932 3182">
    <p class='ocr_par' dir='ltr' id='par_1_33' title="bbox 355 3113 1932 3182">
     <span class='ocr_line' id='line_1_33' title="bbox 355 3113 1932 3182; baseline -0.001 -13"><span class='ocrx_word' id='word_1_236' title='bbox 355 3116 481 3170; x_wconf 67' lang='lat' dir='ltr'><strong>llaec</strong></span> <span class='ocrx_word' id='word_1_237' title='bbox 539 3124 734 3170; x_wconf 89' lang='lat' dir='ltr'><strong>cuncta</strong></span> <span class='ocrx_word' id='word_1_238' title='bbox 799 3127 983 3168; x_wconf 83' lang='lat' dir='ltr'><strong>secum</strong></span> <span class='ocrx_word' id='word_1_239' title='bbox 1047 3113 1345 3181; x_wconf 87' lang='lat' dir='ltr'><strong>imperator</strong></span> <span class='ocrx_word' id='word_1_240' title='bbox 1387 3123 1647 3181; x_wconf 90' lang='lat' dir='ltr'><strong>reputans</strong></span> <span class='ocrx_word' id='word_1_241' title='bbox 1700 3115 1932 3182; x_wconf 82' lang='lat' dir='ltr'><strong>primunt</strong></span> 
     </span>
    </p>
   </div>
   <div class='ocr_carea' id='block_1_34' title="bbox 354 3205 1938 3276">
    <p class='ocr_par' dir='ltr' id='par_1_34' title="bbox 354 3205 1938 3276">
     <span class='ocr_line' id='line_1_34' title="bbox 354 3205 1938 3276; baseline 0.002 -17"><span class='ocrx_word' id='word_1_242' title='bbox 354 3207 757 3276; x_wconf 79' lang='lat' dir='ltr'><strong>experiundum</strong></span> <span class='ocrx_word' id='word_1_243' title='bbox 803 3205 1036 3274; x_wconf 85' lang='lat' dir='ltr'><strong>putavit,</strong></span> <span class='ocrx_word' id='word_1_244' title='bbox 1062 3205 1261 3272; x_wconf 88' lang='lat' dir='ltr'><strong>ecquid</strong></span> <span class='ocrx_word' id='word_1_245' title='bbox 1297 3219 1560 3261; x_wconf 87' lang='lat' dir='ltr'><strong>revocare</strong></span> <span class='ocrx_word' id='word_1_246' title='bbox 1614 3206 1938 3262; x_wconf 85' lang='lat' dir='ltr'><strong>Genuenses</strong></span> 
     </span>
    </p>
   </div>
   <div class='ocr_carea' id='block_1_35' title="bbox 353 3298 1939 3371">
    <p class='ocr_par' dir='ltr' id='par_1_35' title="bbox 353 3298 1939 3371">
     <span class='ocr_line' id='line_1_35' title="bbox 353 3298 1939 3371; baseline 0.003 -19"><span class='ocrx_word' id='word_1_247' title='bbox 353 3313 386 3352; x_wconf 89' lang='lat' dir='ltr'><strong>a</strong></span> <span class='ocrx_word' id='word_1_248' title='bbox 419 3298 653 3353; x_wconf 86' lang='lat' dir='ltr'><strong>consilio</strong></span> <span class='ocrx_word' id='word_1_249' title='bbox 683 3299 832 3367; x_wconf 86' lang='lat' dir='ltr'><strong>pacis</strong></span> <span class='ocrx_word' id='word_1_250' title='bbox 868 3299 1284 3369; x_wconf 67' lang='lat' dir='ltr'><strong>Amogabaricaa</strong></span> <span class='ocrx_word' id='word_1_251' title='bbox 1349 3311 1554 3370; x_wconf 85' lang='lat' dir='ltr'><strong>posset.</strong></span> <span class='ocrx_word' id='word_1_252' title='bbox 1614 3301 1770 3356; x_wconf 84' lang='lat' dir='ltr'><strong>Misit</strong></span> <span class='ocrx_word' id='word_1_253' title='bbox 1807 3316 1939 3371; x_wconf 87' lang='lat' dir='ltr'><strong>ergo</strong></span> 
     </span>
    </p>
   </div>
   <div class='ocr_carea' id='block_1_36' title="bbox 354 3391 1937 3462">
    <p class='ocr_par' dir='ltr' id='par_1_36' title="bbox 354 3391 1937 3462">
     <span class='ocr_line' id='line_1_36' title="bbox 354 3391 1937 3462; baseline 0.003 -18"><span class='ocrx_word' id='word_1_254' title='bbox 354 3392 448 3459; x_wconf 84' lang='lat' dir='ltr'><strong>qui</strong></span> <span class='ocrx_word' id='word_1_255' title='bbox 473 3405 595 3445; x_wconf 87' lang='lat' dir='ltr'><strong>eam</strong></span> <span class='ocrx_word' id='word_1_256' title='bbox 620 3391 1034 3455; x_wconf 86' lang='lat' dir='ltr'><strong>dissuaderent;</strong></span> <span class='ocrx_word' id='word_1_257' title='bbox 1061 3392 1259 3460; x_wconf 88' lang='lat' dir='ltr'><strong>quibus</strong></span> <span class='ocrx_word' id='word_1_258' title='bbox 1289 3408 1412 3446; x_wconf 93' lang='lat' dir='ltr'><strong>cum</strong></span> <span class='ocrx_word' id='word_1_259' title='bbox 1443 3405 1590 3448; x_wconf 88' lang='lat' dir='ltr'><strong>esset</strong></span> <span class='ocrx_word' id='word_1_260' title='bbox 1619 3409 1937 3462; x_wconf 71' lang='grc' dir='ltr'>τεειεοιιευιιι</span> 
     </span>
    </p>
   </div>
   <div class='ocr_carea' id='block_1_37' title="bbox 354 3482 1938 3538">
    <p class='ocr_par' dir='ltr' id='par_1_37' title="bbox 354 3482 1938 3538">
     <span class='ocr_line' id='line_1_37' title="bbox 354 3482 1938 3538; baseline 0.001 -2"><span class='ocrx_word' id='word_1_261' title='bbox 354 3500 386 3536; x_wconf 88' lang='lat' dir='ltr'><strong>a</strong></span> <span class='ocrx_word' id='word_1_262' title='bbox 418 3482 805 3538; x_wconf 86' lang='lat' dir='ltr'><strong>Genuensibus</strong></span> <span class='ocrx_word' id='word_1_263' title='bbox 850 3483 1179 3537; x_wconf 79' lang='lat' dir='ltr'><strong>necessariis</strong></span> <span class='ocrx_word' id='word_1_264' title='bbox 1206 3497 1266 3536; x_wconf 84' lang='lat' dir='ltr'><strong>se</strong></span> <span class='ocrx_word' id='word_1_265' title='bbox 1319 3483 1501 3537; x_wconf 87' lang='lat' dir='ltr'><strong>causis</strong></span> <span class='ocrx_word' id='word_1_266' title='bbox 1535 3485 1602 3538; x_wconf 89' lang='lat' dir='ltr'><strong>ad</strong></span> <span class='ocrx_word' id='word_1_267' title='bbox 1649 3500 1769 3538; x_wconf 84' lang='lat' dir='ltr'><strong>eam</strong></span> <span class='ocrx_word' id='word_1_268' title='bbox 1819 3494 1938 3538; x_wconf 88' lang='lat' dir='ltr'><strong>ten-</strong></span> 
     </span>
    </p>
   </div>
   <div class='ocr_carea' id='block_1_38' title="bbox 355 3574 1942 3641">
    <p class='ocr_par' dir='ltr' id='par_1_38' title="bbox 355 3574 1942 3641">
     <span class='ocr_line' id='line_1_38' title="bbox 355 3574 1942 3641; baseline 0 -13"><span class='ocrx_word' id='word_1_269' title='bbox 355 3575 581 3630; x_wconf 87' lang='lat' dir='ltr'><strong>tandam</strong></span> <span class='ocrx_word' id='word_1_270' title='bbox 613 3575 1034 3630; x_wconf 83' lang='lat' dir='ltr'><strong>conventionem</strong></span> <span class='ocrx_word' id='word_1_271' title='bbox 1066 3576 1230 3641; x_wconf 87' lang='lat' dir='ltr'><strong>trahi,</strong></span> <span class='ocrx_word' id='word_1_272' title='bbox 1257 3590 1356 3629; x_wconf 91' lang='lat' dir='ltr'><strong>nec</strong></span> <span class='ocrx_word' id='word_1_273' title='bbox 1385 3574 1561 3628; x_wconf 78' lang='lat' dir='ltr'><strong>fraudi</strong></span> <span class='ocrx_word' id='word_1_274' title='bbox 1591 3591 1711 3629; x_wconf 84' lang='lat' dir='ltr'><strong>eam</strong></span> <span class='ocrx_word' id='word_1_275' title='bbox 1743 3575 1942 3630; x_wconf 84' lang='lat' dir='ltr'><strong>Roma-</strong></span> 
     </span>
    </p>
   </div>
   <div class='ocr_carea' id='block_1_39' title="bbox 354 3665 1942 3736">
    <p class='ocr_par' dir='ltr' id='par_1_39' title="bbox 354 3665 1942 3736">
     <span class='ocr_line' id='line_1_39' title="bbox 354 3665 1942 3736; baseline 0.001 -15"><span class='ocrx_word' id='word_1_276' title='bbox 354 3667 443 3721; x_wconf 89' lang='lat' dir='ltr'><strong>nis</strong></span> <span class='ocrx_word' id='word_1_277' title='bbox 466 3675 562 3721; x_wconf 88' lang='lat' dir='ltr'><strong>aut</strong></span> <span class='ocrx_word' id='word_1_278' title='bbox 587 3665 900 3736; x_wconf 86' lang='lat' dir='ltr'><strong>imperatori</strong></span> <span class='ocrx_word' id='word_1_279' title='bbox 927 3665 1066 3732; x_wconf 81' lang='lat' dir='ltr'><strong>fore,</strong></span> <span class='ocrx_word' id='word_1_280' title='bbox 1095 3667 1294 3733; x_wconf 86' lang='lat' dir='ltr'><strong>quibus</strong></span> <span class='ocrx_word' id='word_1_281' title='bbox 1329 3667 1492 3719; x_wconf 84' lang='lat' dir='ltr'><strong>amici</strong></span> <span class='ocrx_word' id='word_1_282' title='bbox 1521 3675 1574 3720; x_wconf 92' lang='lat' dir='ltr'><strong>et</strong></span> <span class='ocrx_word' id='word_1_283' title='bbox 1611 3669 1702 3718; x_wconf 66' lang='grc' dir='ltr'><strong>ηαξ</strong></span> <span class='ocrx_word' id='word_1_284' title='bbox 1728 3683 1850 3722; x_wconf 87' lang='lat' dir='ltr'><strong>esse</strong></span> <span class='ocrx_word' id='word_1_285' title='bbox 1882 3678 1942 3723; x_wconf 93' lang='lat' dir='ltr'><strong>ut</strong></span> 
     </span>
    </p>
   </div>
   <div class='ocr_carea' id='block_1_40' title="bbox 355 3757 1938 3828">
    <p class='ocr_par' dir='ltr' id='par_1_40' title="bbox 355 3757 1938 3828">
     <span class='ocr_line' id='line_1_40' title="bbox 355 3757 1938 3828; baseline -0.001 -14"><span class='ocrx_word' id='word_1_286' title='bbox 355 3769 514 3814; x_wconf 84' lang='lat' dir='ltr'><strong>antea</strong></span> <span class='ocrx_word' id='word_1_287' title='bbox 537 3773 644 3813; x_wconf 90' lang='lat' dir='ltr'><strong>non</strong></span> <span class='ocrx_word' id='word_1_288' title='bbox 674 3759 1044 3823; x_wconf 84' lang='lat' dir='ltr'><strong>desisterent,</strong></span> <span class='ocrx_word' id='word_1_289' title='bbox 1078 3768 1366 3828; x_wconf 83' lang='lat' dir='ltr'><strong>postquam</strong></span> <span class='ocrx_word' id='word_1_290' title='bbox 1398 3757 1703 3813; x_wconf 86' lang='lat' dir='ltr'><strong>indemnem</strong></span> <span class='ocrx_word' id='word_1_291' title='bbox 1734 3758 1789 3813; x_wconf 91' lang='lat' dir='ltr'><strong>in</strong></span> <span class='ocrx_word' id='word_1_292' title='bbox 1823 3759 1938 3812; x_wconf 89' lang='lat' dir='ltr'><strong>loca</strong></span> 
     </span>
    </p>
   </div>
   <div class='ocr_carea' id='block_1_41' title="bbox 353 3849 1942 3921">
    <p class='ocr_par' dir='ltr' id='par_1_41' title="bbox 353 3849 1942 3921">
     <span class='ocr_line' id='line_1_41' title="bbox 353 3849 1942 3921; baseline -0.001 -15"><span class='ocrx_word' id='word_1_293' title='bbox 353 3853 495 3920; x_wconf 86' lang='lat' dir='ltr'><strong>ipsis</strong></span> <span class='ocrx_word' id='word_1_294' title='bbox 552 3861 873 3921; x_wconf 90' lang='lat' dir='ltr'><strong>opportuna</strong></span> <span class='ocrx_word' id='word_1_295' title='bbox 948 3853 1233 3907; x_wconf 88' lang='lat' dir='ltr'><strong>transitum</strong></span> <span class='ocrx_word' id='word_1_296' title='bbox 1289 3849 1358 3905; x_wconf 90' lang='lat' dir='ltr'><strong>ab</strong></span> <span class='ocrx_word' id='word_1_297' title='bbox 1420 3850 1669 3906; x_wconf 89' lang='lat' dir='ltr'><strong>hostibus</strong></span> <span class='ocrx_word' id='word_1_298' title='bbox 1739 3851 1942 3906; x_wconf 83' lang='lat' dir='ltr'><strong>Roma-</strong></span> 
     </span>
    </p>
   </div>
   <div class='ocr_carea' id='block_1_42' title="bbox 354 3944 1940 4016">
    <p class='ocr_par' dir='ltr' id='par_1_42' title="bbox 354 3944 1940 4016">
     <span class='ocr_line' id='line_1_42' title="bbox 354 3944 1940 4016; baseline -0.001 -16"><span class='ocrx_word' id='word_1_299' title='bbox 354 3959 553 4000; x_wconf 85' lang='lat' dir='ltr'><strong>norum</strong></span> <span class='ocrx_word' id='word_1_300' title='bbox 596 3944 952 4016; x_wconf 77' lang='lat' dir='ltr'><strong>pepigissent,</strong></span> <span class='ocrx_word' id='word_1_301' title='bbox 988 3953 1152 4014; x_wconf 88' lang='lat' dir='ltr'><strong>prout</strong></span> <span class='ocrx_word' id='word_1_302' title='bbox 1199 3957 1428 3999; x_wconf 88' lang='lat' dir='ltr'><strong>suorum</strong></span> <span class='ocrx_word' id='word_1_303' title='bbox 1456 3944 1701 3999; x_wconf 89' lang='lat' dir='ltr'><strong>rationes</strong></span> <span class='ocrx_word' id='word_1_304' title='bbox 1735 3944 1940 3998; x_wconf 89' lang='lat' dir='ltr'><strong>merci-</strong></span> 
     </span>
    </p>
   </div>
   <div class='ocr_carea' id='block_1_43' title="bbox 359 4036 1935 4109">
    <p class='ocr_par' dir='ltr' id='par_1_43' title="bbox 359 4036 1935 4109">
     <span class='ocr_line' id='line_1_43' title="bbox 359 4036 1935 4109; baseline 0 -17"><span class='ocrx_word' id='word_1_305' title='bbox 359 4038 674 4094; x_wconf 81' lang='lat' dir='ltr'><strong>tuoniorum</strong></span> <span class='ocrx_word' id='word_1_306' title='bbox 730 4036 1072 4109; x_wconf 80' lang='lat' dir='ltr'><strong>ﬂagitabant.</strong></span> <span class='ocrx_word' id='word_1_307' title='bbox 1105 4037 1234 4094; x_wconf 84' lang='lat' dir='ltr'><strong>Post</strong></span> <span class='ocrx_word' id='word_1_308' title='bbox 1275 4054 1397 4108; x_wconf 77' lang='lat' dir='ltr'><strong>qua:</strong></span> <span class='ocrx_word' id='word_1_309' title='bbox 1435 4037 1612 4109; x_wconf 85' lang='lat' dir='ltr'><strong>rogati</strong></span> <span class='ocrx_word' id='word_1_310' title='bbox 1643 4047 1706 4092; x_wconf 89' lang='lat' dir='ltr'><strong>ut</strong></span> <span class='ocrx_word' id='word_1_311' title='bbox 1738 4038 1935 4093; x_wconf 85' lang='lat' dir='ltr'><strong>saltem</strong></span> 
     </span>
    </p>
   </div>
   <div class='ocr_carea' id='block_1_44' title="bbox 350 4130 1938 4202">
    <p class='ocr_par' dir='ltr' id='par_1_44' title="bbox 350 4130 1938 4202">
     <span class='ocr_line' id='line_1_44' title="bbox 350 4130 1938 4202; baseline 0.001 -18"><span class='ocrx_word' id='word_1_312' title='bbox 350 4131 715 4202; x_wconf 83' lang='lat' dir='ltr'><strong>jurisjnrandi</strong></span> <span class='ocrx_word' id='word_1_313' title='bbox 763 4130 870 4186; x_wconf 71' lang='lat' dir='ltr'><strong>inde</strong></span> <span class='ocrx_word' id='word_1_314' title='bbox 931 4131 1254 4201; x_wconf 89' lang='lat' dir='ltr'><strong>interposita</strong></span> <span class='ocrx_word' id='word_1_315' title='bbox 1300 4141 1562 4188; x_wconf 82' lang='lat' dir='ltr'><strong>caverent</strong></span> <span class='ocrx_word' id='word_1_316' title='bbox 1597 4145 1658 4186; x_wconf 85' lang='lat' dir='ltr'><strong>se</strong></span> <span class='ocrx_word' id='word_1_317' title='bbox 1705 4145 1812 4187; x_wconf 89' lang='lat' dir='ltr'><strong>non</strong></span> <span class='ocrx_word' id='word_1_318' title='bbox 1843 4133 1938 4186; x_wconf 90' lang='lat' dir='ltr'><strong>ad-</strong></span> 
     </span>
    </p>
   </div>
   <div class='ocr_carea' id='block_1_45' title="bbox 351 4223 1937 4294">
    <p class='ocr_par' dir='ltr' id='par_1_45' title="bbox 351 4223 1937 4294">
     <span class='ocr_line' id='line_1_45' title="bbox 351 4223 1937 4294; baseline 0.001 -17"><span class='ocrx_word' id='word_1_319' title='bbox 351 4226 571 4294; x_wconf 83' lang='lat' dir='ltr'><strong>juturos</strong></span> <span class='ocrx_word' id='word_1_320' title='bbox 632 4224 897 4280; x_wconf 84' lang='lat' dir='ltr'><strong>adversus</strong></span> <span class='ocrx_word' id='word_1_321' title='bbox 965 4238 1077 4278; x_wconf 88' lang='lat' dir='ltr'><strong>rem</strong></span> <span class='ocrx_word' id='word_1_322' title='bbox 1151 4223 1451 4278; x_wconf 75' lang='lat' dir='ltr'><strong>Romanam</strong></span> <span class='ocrx_word' id='word_1_323' title='bbox 1525 4223 1937 4293; x_wconf 82' lang='lat' dir='ltr'><strong>Amogabaros,</strong></span> 
     </span>
    </p>
   </div>
   <div class='ocr_carea' id='block_1_46' title="bbox 357 4316 1940 4389">
    <p class='ocr_par' dir='ltr' id='par_1_46' title="bbox 357 4316 1940 4389">
     <span class='ocr_line' id='line_1_46' title="bbox 357 4316 1940 4389; baseline -0.002 -16"><span class='ocrx_word' id='word_1_324' title='bbox 357 4330 456 4373; x_wconf 89' lang='lat' dir='ltr'><strong>aut</strong></span> <span class='ocrx_word' id='word_1_325' title='bbox 489 4318 786 4389; x_wconf 84' lang='lat' dir='ltr'><strong>quidquam</strong></span> <span class='ocrx_word' id='word_1_326' title='bbox 819 4318 922 4373; x_wconf 91' lang='lat' dir='ltr'><strong>hoc</strong></span> <span class='ocrx_word' id='word_1_327' title='bbox 971 4326 1084 4372; x_wconf 91' lang='lat' dir='ltr'><strong>toto</strong></span> <span class='ocrx_word' id='word_1_328' title='bbox 1129 4317 1183 4370; x_wconf 94' lang='lat' dir='ltr'><strong>in</strong></span> <span class='ocrx_word' id='word_1_329' title='bbox 1246 4317 1464 4386; x_wconf 87' lang='lat' dir='ltr'><strong>negotio</strong></span> <span class='ocrx_word' id='word_1_330' title='bbox 1495 4327 1714 4372; x_wconf 89' lang='lat' dir='ltr'><strong>acturos</strong></span> <span class='ocrx_word' id='word_1_331' title='bbox 1738 4316 1940 4370; x_wconf 89' lang='lat' dir='ltr'><strong>abhor-</strong></span> 
     </span>
    </p>
   </div>
   <div class='ocr_carea' id='block_1_47' title="bbox 359 4405 1940 4476">
    <p class='ocr_par' dir='ltr' id='par_1_47' title="bbox 359 4405 1940 4476">
     <span class='ocr_line' id='line_1_47' title="bbox 359 4405 1940 4476; baseline -0.001 -12"><span class='ocrx_word' id='word_1_332' title='bbox 359 4425 489 4464; x_wconf 88' lang='lat' dir='ltr'><strong>rens</strong></span> <span class='ocrx_word' id='word_1_333' title='bbox 539 4409 607 4463; x_wconf 85' lang='lat' dir='ltr'><strong>ab</strong></span> <span class='ocrx_word' id='word_1_334' title='bbox 653 4407 918 4476; x_wconf 90' lang='lat' dir='ltr'><strong>obsequio</strong></span> <span class='ocrx_word' id='word_1_335' title='bbox 975 4405 1352 4476; x_wconf 90' lang='lat' dir='ltr'><strong>imperatoria</strong></span> <span class='ocrx_word' id='word_1_336' title='bbox 1408 4421 1469 4461; x_wconf 90' lang='lat' dir='ltr'><strong>se</strong></span> <span class='ocrx_word' id='word_1_337' title='bbox 1516 4406 1700 4461; x_wconf 88' lang='lat' dir='ltr'><strong>debito</strong></span> <span class='ocrx_word' id='word_1_338' title='bbox 1752 4414 1809 4462; x_wconf 91' lang='lat' dir='ltr'><strong>et</strong></span> <span class='ocrx_word' id='word_1_339' title='bbox 1870 4406 1940 4462; x_wconf 88' lang='lat' dir='ltr'><strong>ad</strong></span> 
     </span>
    </p>
   </div>
   <div class='ocr_carea' id='block_1_48' title="bbox 356 4497 1939 4564">
    <p class='ocr_par' dir='ltr' id='par_1_48' title="bbox 356 4497 1939 4564">
     <span class='ocr_line' id='line_1_48' title="bbox 356 4497 1939 4564; baseline -0.004 -6"><span class='ocrx_word' id='word_1_340' title='bbox 356 4514 662 4559; x_wconf 73' lang='lat' dir='ltr'><strong>extremum</strong></span> <span class='ocrx_word' id='word_1_341' title='bbox 711 4501 788 4553; x_wconf 87' lang='lat' dir='ltr'><strong>uti</strong></span> <span class='ocrx_word' id='word_1_342' title='bbox 818 4498 1086 4554; x_wconf 86' lang='lat' dir='ltr'><strong>hactenus</strong></span> <span class='ocrx_word' id='word_1_343' title='bbox 1127 4497 1454 4564; x_wconf 66' lang='lat' dir='ltr'><strong>exhibendo,</strong></span> <span class='ocrx_word' id='word_1_344' title='bbox 1488 4497 1562 4552; x_wconf 90' lang='lat' dir='ltr'><strong>illi</strong></span> <span class='ocrx_word' id='word_1_345' title='bbox 1619 4497 1762 4552; x_wconf 90' lang='lat' dir='ltr'><strong>haud</strong></span> <span class='ocrx_word' id='word_1_346' title='bbox 1801 4512 1939 4552; x_wconf 93' lang='lat' dir='ltr'><strong>cun-</strong></span> 
     </span>
    </p>
   </div>
   <div class='ocr_carea' id='block_1_49' title="bbox 358 4587 1941 4663">
    <p class='ocr_par' dir='ltr' id='par_1_49' title="bbox 358 4587 1941 4663">
     <span class='ocr_line' id='line_1_49' title="bbox 358 4587 1941 4663; baseline -0.005 -13"><span class='ocrx_word' id='word_1_347' title='bbox 358 4603 574 4650; x_wconf 88' lang='lat' dir='ltr'><strong>ctanter</strong></span> <span class='ocrx_word' id='word_1_348' title='bbox 605 4590 770 4663; x_wconf 75' lang='lat'><strong>625</strong></span> <span class='ocrx_word' id='word_1_349' title='bbox 809 4590 914 4646; x_wconf 88' lang='lat' dir='ltr'><strong>sibi</strong></span> <span class='ocrx_word' id='word_1_350' title='bbox 945 4590 1168 4660; x_wconf 84' lang='lat' dir='ltr'><strong>suisque</strong></span> <span class='ocrx_word' id='word_1_351' title='bbox 1195 4587 1467 4658; x_wconf 87' lang='lat' dir='ltr'><strong>capitibus</strong></span> <span class='ocrx_word' id='word_1_352' title='bbox 1507 4590 1783 4644; x_wconf 88' lang='lat' dir='ltr'><strong>horrenda</strong></span> <span class='ocrx_word' id='word_1_353' title='bbox 1809 4598 1941 4644; x_wconf 86' lang='lat' dir='ltr'><strong>sunt</strong></span> 
     </span>
    </p>
   </div>
   <div class='ocr_carea' id='block_1_50' title="bbox 361 4683 1942 4756">
    <p class='ocr_par' dir='ltr' id='par_1_50' title="bbox 361 4683 1942 4756">
     <span class='ocr_line' id='line_1_50' title="bbox 361 4683 1942 4756; baseline -0.004 -14"><span class='ocrx_word' id='word_1_354' title='bbox 361 4686 668 4756; x_wconf 87' lang='lat' dir='ltr'><strong>imprecati,</strong></span> <span class='ocrx_word' id='word_1_355' title='bbox 699 4685 745 4739; x_wconf 88' lang='lat' dir='ltr'><strong>si</strong></span> <span class='ocrx_word' id='word_1_356' title='bbox 778 4698 939 4739; x_wconf 84' lang='lat' dir='ltr'><strong>secus</strong></span> <span class='ocrx_word' id='word_1_357' title='bbox 987 4684 1248 4738; x_wconf 80' lang='lat' dir='ltr'><strong>facerent.</strong></span> <span class='ocrx_word' id='word_1_358' title='bbox 1287 4684 1423 4737; x_wconf 92' lang='lat' dir='ltr'><strong>Tum</strong></span> <span class='ocrx_word' id='word_1_359' title='bbox 1453 4684 1670 4738; x_wconf 85' lang='lat' dir='ltr'><strong>demum</strong></span> <span class='ocrx_word' id='word_1_360' title='bbox 1705 4683 1942 4752; x_wconf 89' lang='lat' dir='ltr'><strong>impera-</strong></span> 
     </span>
    </p>
   </div>
   <div class='ocr_carea' id='block_1_51' title="bbox 359 4776 1942 4850">
    <p class='ocr_par' dir='ltr' id='par_1_51' title="bbox 359 4776 1942 4850">
     <span class='ocr_line' id='line_1_51' title="bbox 359 4776 1942 4850; baseline -0.003 -16"><span class='ocrx_word' id='word_1_361' title='bbox 359 4793 447 4834; x_wconf 86' lang='lat' dir='ltr'><strong>tor</strong></span> <span class='ocrx_word' id='word_1_362' title='bbox 493 4781 832 4850; x_wconf 86' lang='lat' dir='ltr'><strong>procinctum</strong></span> <span class='ocrx_word' id='word_1_363' title='bbox 879 4776 990 4848; x_wconf 75' lang='lat' dir='ltr'><strong>jam</strong></span> <span class='ocrx_word' id='word_1_364' title='bbox 1051 4778 1119 4831; x_wconf 89' lang='lat' dir='ltr'><strong>ad</strong></span> <span class='ocrx_word' id='word_1_365' title='bbox 1176 4777 1280 4830; x_wconf 90' lang='lat' dir='ltr'><strong>iter</strong></span> <span class='ocrx_word' id='word_1_366' title='bbox 1333 4791 1522 4831; x_wconf 82' lang='lat' dir='ltr'><strong>versus</strong></span> <span class='ocrx_word' id='word_1_367' title='bbox 1570 4776 1942 4845; x_wconf 87' lang='lat' dir='ltr'><strong>Amogabaros</strong></span> 
     </span>
    </p>
   </div>
   <div class='ocr_carea' id='block_1_52' title="bbox 357 4867 1939 4937">
    <p class='ocr_par' dir='ltr' id='par_1_52' title="bbox 357 4867 1939 4937">
     <span class='ocr_line' id='line_1_52' title="bbox 357 4867 1939 4937; baseline -0.004 -9"><span class='ocrx_word' id='word_1_368' title='bbox 357 4875 704 4928; x_wconf 74' lang='lat' dir='ltr'><strong>Genuensem</strong></span> <span class='ocrx_word' id='word_1_369' title='bbox 739 4869 946 4924; x_wconf 84' lang='lat' dir='ltr'><strong>Abbam</strong></span> <span class='ocrx_word' id='word_1_370' title='bbox 980 4883 1138 4924; x_wconf 90' lang='lat' dir='ltr'><strong>suum</strong></span> <span class='ocrx_word' id='word_1_371' title='bbox 1174 4881 1393 4937; x_wconf 88' lang='lat' dir='ltr'><strong>quoque</strong></span> <span class='ocrx_word' id='word_1_372' title='bbox 1425 4867 1492 4922; x_wconf 89' lang='lat' dir='ltr'><strong>ad</strong></span> <span class='ocrx_word' id='word_1_373' title='bbox 1521 4867 1741 4922; x_wconf 85' lang='lat' dir='ltr'><strong>eosdem</strong></span> <span class='ocrx_word' id='word_1_374' title='bbox 1793 4868 1939 4937; x_wconf 85' lang='lat' dir='ltr'><strong>lega-</strong></span> 
     </span>
    </p>
   </div>
   <div class='ocr_carea' id='block_1_53' title="bbox 358 4957 1943 5027">
    <p class='ocr_par' dir='ltr' id='par_1_53' title="bbox 358 4957 1943 5027">
     <span class='ocr_line' id='line_1_53' title="bbox 358 4957 1943 5027; baseline -0.006 -10"><span class='ocrx_word' id='word_1_375' title='bbox 358 4973 476 5017; x_wconf 89' lang='lat' dir='ltr'><strong>tum</strong></span> <span class='ocrx_word' id='word_1_376' title='bbox 511 4960 744 5016; x_wconf 84' lang='lat' dir='ltr'><strong>instituit</strong></span> <span class='ocrx_word' id='word_1_377' title='bbox 777 4997 796 5025; x_wconf 94' lang='lat'><strong>,</strong></span> <span class='ocrx_word' id='word_1_378' title='bbox 833 4962 968 5014; x_wconf 89' lang='lat' dir='ltr'><strong>dans</strong></span> <span class='ocrx_word' id='word_1_379' title='bbox 993 4958 1048 5012; x_wconf 92' lang='lat' dir='ltr'><strong>in</strong></span> <span class='ocrx_word' id='word_1_380' title='bbox 1081 4959 1352 5012; x_wconf 85' lang='lat' dir='ltr'><strong>mandatis</strong></span> <span class='ocrx_word' id='word_1_381' title='bbox 1384 4967 1440 5010; x_wconf 95' lang='lat' dir='ltr'><strong>ut</strong></span> <span class='ocrx_word' id='word_1_382' title='bbox 1470 4971 1657 5012; x_wconf 89' lang='lat' dir='ltr'><strong>eorum</strong></span> <span class='ocrx_word' id='word_1_383' title='bbox 1691 4957 1943 5027; x_wconf 84' lang='lat' dir='ltr'><strong>primori—</strong></span> 
     </span>
    </p>
   </div>
   <div class='ocr_carea' id='block_1_54' title="bbox 360 5047 1944 5118">
    <p class='ocr_par' dir='ltr' id='par_1_54' title="bbox 360 5047 1944 5118">
     <span class='ocr_line' id='line_1_54' title="bbox 360 5047 1944 5118; baseline -0.006 -11"><span class='ocrx_word' id='word_1_384' title='bbox 360 5053 464 5108; x_wconf 89' lang='lat' dir='ltr'><strong>bus</strong></span> <span class='ocrx_word' id='word_1_385' title='bbox 503 5066 533 5105; x_wconf 86' lang='lat' dir='ltr'><strong>a</strong></span> <span class='ocrx_word' id='word_1_386' title='bbox 586 5066 646 5106; x_wconf 89' lang='lat' dir='ltr'><strong>se</strong></span> <span class='ocrx_word' id='word_1_387' title='bbox 689 5050 916 5106; x_wconf 79' lang='lat' dir='ltr'><strong>olTerret</strong></span> <span class='ocrx_word' id='word_1_388' title='bbox 960 5049 1217 5118; x_wconf 83' lang='lat' dir='ltr'><strong>pecunias</strong></span> <span class='ocrx_word' id='word_1_389' title='bbox 1265 5047 1545 5117; x_wconf 86' lang='lat' dir='ltr'><strong>plurimas,</strong></span> <span class='ocrx_word' id='word_1_390' title='bbox 1596 5047 1830 5102; x_wconf 88' lang='lat' dir='ltr'><strong>honores</strong></span> <span class='ocrx_word' id='word_1_391' title='bbox 1888 5057 1944 5102; x_wconf 89' lang='lat' dir='ltr'><strong>et</strong></span> 
     </span>
    </p>
   </div>
   <div class='ocr_carea' id='block_1_55' title="bbox 360 5139 1944 5216">
    <p class='ocr_par' dir='ltr' id='par_1_55' title="bbox 360 5139 1944 5216">
     <span class='ocr_line' id='line_1_55' title="bbox 360 5139 1944 5216; baseline -0.002 -19"><span class='ocrx_word' id='word_1_392' title='bbox 360 5143 710 5216; x_wconf 54' lang='lat' dir='ltr'><strong>praefecturas</strong></span> <span class='ocrx_word' id='word_1_393' title='bbox 731 5142 993 5204; x_wconf 87' lang='lat' dir='ltr'><strong>illustres,</strong></span> <span class='ocrx_word' id='word_1_394' title='bbox 1017 5141 1304 5195; x_wconf 82' lang='lat' dir='ltr'><strong>aliinitates</strong></span> <span class='ocrx_word' id='word_1_395' title='bbox 1329 5139 1458 5209; x_wconf 89' lang='lat' dir='ltr'><strong>quin</strong></span> <span class='ocrx_word' id='word_1_396' title='bbox 1490 5139 1673 5204; x_wconf 89' lang='lat' dir='ltr'><strong>etiam,</strong></span> <span class='ocrx_word' id='word_1_397' title='bbox 1704 5149 1759 5194; x_wconf 92' lang='lat' dir='ltr'><strong>et</strong></span> <span class='ocrx_word' id='word_1_398' title='bbox 1789 5139 1944 5208; x_wconf 90' lang='lat' dir='ltr'><strong>quid-</strong></span> 
     </span>
    </p>
   </div>
   <div class='ocr_carea' id='block_1_56' title="bbox 360 5233 1942 5308">
    <p class='ocr_par' dir='ltr' id='par_1_56' title="bbox 360 5233 1942 5308">
     <span class='ocr_line' id='line_1_56' title="bbox 360 5233 1942 5308; baseline -0.003 -16"><span class='ocrx_word' id='word_1_399' title='bbox 360 5237 493 5308; x_wconf 88' lang='lat' dir='ltr'><strong>quid</strong></span> <span class='ocrx_word' id='word_1_400' title='bbox 523 5253 552 5292; x_wconf 90' lang='lat' dir='ltr'><strong>a</strong></span> <span class='ocrx_word' id='word_1_401' title='bbox 585 5252 646 5292; x_wconf 88' lang='lat' dir='ltr'><strong>se</strong></span> <span class='ocrx_word' id='word_1_402' title='bbox 666 5245 861 5306; x_wconf 88' lang='lat' dir='ltr'><strong>optare</strong></span> <span class='ocrx_word' id='word_1_403' title='bbox 895 5235 1194 5289; x_wconf 79' lang='lat' dir='ltr'><strong>maximum</strong></span> <span class='ocrx_word' id='word_1_404' title='bbox 1227 5243 1472 5302; x_wconf 83' lang='lat' dir='ltr'><strong>possent,</strong></span> <span class='ocrx_word' id='word_1_405' title='bbox 1515 5233 1560 5287; x_wconf 91' lang='lat' dir='ltr'><strong>si</strong></span> <span class='ocrx_word' id='word_1_406' title='bbox 1600 5247 1824 5287; x_wconf 90' lang='lat' dir='ltr'><strong>suorum</strong></span> <span class='ocrx_word' id='word_1_407' title='bbox 1847 5248 1942 5288; x_wconf 91' lang='lat' dir='ltr'><strong>eos</strong></span> 
     </span>
    </p>
   </div>
   <div class='ocr_carea' id='block_1_57' title="bbox 359 5325 1943 5398">
    <p class='ocr_par' dir='ltr' id='par_1_57' title="bbox 359 5325 1943 5398">
     <span class='ocr_line' id='line_1_57' title="bbox 359 5325 1943 5398; baseline -0.001 -16"><span class='ocrx_word' id='word_1_408' title='bbox 359 5331 454 5398; x_wconf 88' lang='lat' dir='ltr'><strong>qui</strong></span> <span class='ocrx_word' id='word_1_409' title='bbox 484 5329 687 5383; x_wconf 84' lang='lat' dir='ltr'><strong>vellent</strong></span> <span class='ocrx_word' id='word_1_410' title='bbox 713 5327 1033 5396; x_wconf 84' lang='lat' dir='ltr'><strong>imperatori</strong></span> <span class='ocrx_word' id='word_1_411' title='bbox 1068 5326 1322 5389; x_wconf 89' lang='lat' dir='ltr'><strong>militare,</strong></span> <span class='ocrx_word' id='word_1_412' title='bbox 1350 5332 1408 5378; x_wconf 84' lang='lat' dir='ltr'><strong>ut</strong></span> <span class='ocrx_word' id='word_1_413' title='bbox 1431 5325 1601 5394; x_wconf 88' lang='lat' dir='ltr'><strong>prius,</strong></span> <span class='ocrx_word' id='word_1_414' title='bbox 1629 5326 1943 5380; x_wconf 72' lang='lat' dir='ltr'><strong>constitutae</strong></span> 
     </span>
    </p>
   </div>
   <div class='ocr_carea' id='block_1_58' title="bbox 363 5416 1943 5491">
    <p class='ocr_par' dir='ltr' id='par_1_58' title="bbox 363 5416 1943 5491">
     <span class='ocr_line' id='line_1_58' title="bbox 363 5416 1943 5491; baseline -0.001 -16"><span class='ocrx_word' id='word_1_415' title='bbox 363 5422 621 5491; x_wconf 90' lang='lat' dir='ltr'><strong>pactione</strong></span> <span class='ocrx_word' id='word_1_416' title='bbox 670 5419 940 5474; x_wconf 72' lang='lat' dir='ltr'><strong>mercedis</strong></span> <span class='ocrx_word' id='word_1_417' title='bbox 993 5419 1046 5473; x_wconf 91' lang='lat' dir='ltr'><strong>id</strong></span> <span class='ocrx_word' id='word_1_418' title='bbox 1091 5417 1262 5473; x_wconf 86' lang='lat' dir='ltr'><strong>libere</strong></span> <span class='ocrx_word' id='word_1_419' title='bbox 1314 5418 1560 5472; x_wconf 88' lang='lat' dir='ltr'><strong>sinerent</strong></span> <span class='ocrx_word' id='word_1_420' title='bbox 1603 5416 1807 5472; x_wconf 83' lang='lat' dir='ltr'><strong>facere.</strong></span> <span class='ocrx_word' id='word_1_421' title='bbox 1847 5418 1943 5473; x_wconf 89' lang='lat' dir='ltr'><strong>His</strong></span> 
     </span>
    </p>
   </div>
   <div class='ocr_carea' id='block_1_59' title="bbox 361 5510 1941 5579">
    <p class='ocr_par' dir='ltr' id='par_1_59' title="bbox 361 5510 1941 5579">
     <span class='ocr_line' id='line_1_59' title="bbox 361 5510 1941 5579; baseline -0.001 -11"><span class='ocrx_word' id='word_1_422' title='bbox 361 5517 530 5568; x_wconf 65' lang='lat' dir='ltr'><strong>Ablue</strong></span> <span class='ocrx_word' id='word_1_423' title='bbox 564 5514 964 5569; x_wconf 86' lang='lat' dir='ltr'><strong>commendatis</strong></span> <span class='ocrx_word' id='word_1_424' title='bbox 1001 5527 1124 5567; x_wconf 87' lang='lat' dir='ltr'><strong>eum</strong></span> <span class='ocrx_word' id='word_1_425' title='bbox 1177 5511 1420 5568; x_wconf 83' lang='lat' dir='ltr'><strong>dimittit.</strong></span> <span class='ocrx_word' id='word_1_426' title='bbox 1466 5510 1802 5579; x_wconf 87' lang='lat' dir='ltr'><strong>lnterimque</strong></span> <span class='ocrx_word' id='word_1_427' title='bbox 1839 5511 1941 5566; x_wconf 87' lang='lat' dir='ltr'><strong>sibi</strong></span> 
     </span>
    </p>
   </div>
   <div class='ocr_carea' id='block_1_60' title="bbox 361 5604 1942 5674">
    <p class='ocr_par' dir='ltr' id='par_1_60' title="bbox 361 5604 1942 5674">
     <span class='ocr_line' id='line_1_60' title="bbox 361 5604 1942 5674; baseline 0.001 -17"><span class='ocrx_word' id='word_1_428' title='bbox 361 5607 595 5674; x_wconf 84' lang='lat' dir='ltr'><strong>quadam</strong></span> <span class='ocrx_word' id='word_1_429' title='bbox 621 5604 1033 5673; x_wconf 77' lang='lat' dir='ltr'><strong>exspectatione</strong></span> <span class='ocrx_word' id='word_1_430' title='bbox 1051 5616 1338 5656; x_wconf 87' lang='lat' dir='ltr'><strong>successus</strong></span> <span class='ocrx_word' id='word_1_431' title='bbox 1355 5616 1420 5656; x_wconf 85' lang='lat' dir='ltr'><strong>ex</strong></span> <span class='ocrx_word' id='word_1_432' title='bbox 1439 5616 1503 5655; x_wconf 89' lang='lat' dir='ltr'><strong>eo</strong></span> <span class='ocrx_word' id='word_1_433' title='bbox 1527 5611 1760 5656; x_wconf 88' lang='lat' dir='ltr'><strong>tractatu</strong></span> <span class='ocrx_word' id='word_1_434' title='bbox 1783 5617 1942 5670; x_wconf 83' lang='lat' dir='ltr'><strong>pros-</strong></span> 
     </span>
    </p>
   </div>
   <div class='ocr_carea' id='block_1_61' title="bbox 362 5694 1942 5767">
    <p class='ocr_par' dir='ltr' id='par_1_61' title="bbox 362 5694 1942 5767">
     <span class='ocr_line' id='line_1_61' title="bbox 362 5694 1942 5767; baseline 0.001 -17"><span class='ocrx_word' id='word_1_435' title='bbox 362 5697 480 5767; x_wconf 83' lang='lat' dir='ltr'><strong>peri</strong></span> <span class='ocrx_word' id='word_1_436' title='bbox 507 5697 792 5752; x_wconf 81' lang='lat' dir='ltr'><strong>blandiens</strong></span> <span class='ocrx_word' id='word_1_437' title='bbox 815 5697 868 5750; x_wconf 88' lang='lat' dir='ltr'><strong>itt</strong></span> <span class='ocrx_word' id='word_1_438' title='bbox 899 5695 1220 5765; x_wconf 83' lang='lat' dir='ltr'><strong>quibusdam</strong></span> <span class='ocrx_word' id='word_1_439' title='bbox 1250 5694 1405 5764; x_wconf 86' lang='lat' dir='ltr'><strong>quasi</strong></span> <span class='ocrx_word' id='word_1_440' title='bbox 1429 5709 1681 5748; x_wconf 87' lang='lat' dir='ltr'><strong>curarum</strong></span> <span class='ocrx_word' id='word_1_441' title='bbox 1711 5695 1942 5752; x_wconf 86' lang='lat' dir='ltr'><strong>induciis</strong></span> 
     </span>
    </p>
   </div>
   <div class='ocr_carea' id='block_1_62' title="bbox 364 5787 1943 5860">
    <p class='ocr_par' dir='ltr' id='par_1_62' title="bbox 364 5787 1943 5860">
     <span class='ocr_line' id='line_1_62' title="bbox 364 5787 1943 5860; baseline 0.005 -21"><span class='ocrx_word' id='word_1_442' title='bbox 364 5788 637 5860; x_wconf 81' lang='lat' dir='ltr'><strong>paulisper</strong></span> <span class='ocrx_word' id='word_1_443' title='bbox 659 5787 950 5860; x_wconf 81' lang='lat' dir='ltr'><strong>acquievit,</strong></span> <span class='ocrx_word' id='word_1_444' title='bbox 982 5799 1090 5844; x_wconf 91' lang='lat' dir='ltr'><strong>non</strong></span> <span class='ocrx_word' id='word_1_445' title='bbox 1123 5794 1305 5845; x_wconf 84' lang='lat' dir='ltr'><strong>tamen</strong></span> <span class='ocrx_word' id='word_1_446' title='bbox 1327 5787 1561 5859; x_wconf 84' lang='lat' dir='ltr'><strong>placide,</strong></span> <span class='ocrx_word' id='word_1_447' title='bbox 1593 5787 1943 5860; x_wconf 78' lang='lat' dir='ltr'><strong>obstrepente</strong></span> 
     </span>
    </p>
   </div>
   <div class='ocr_carea' id='block_1_63' title="bbox 2024 542 3608 613">
    <p class='ocr_par' dir='ltr' id='par_1_63' title="bbox 2024 542 3608 613">
     <span class='ocr_line' id='line_1_63' title="bbox 2024 542 3608 613; baseline 0.001 -18"><span class='ocrx_word' id='word_1_448' title='bbox 2024 542 2184 596; x_wconf 75' lang='grc' dir='ltr'>ἄλλον</span> <span class='ocrx_word' id='word_1_449' title='bbox 2207 543 2594 598; x_wconf 80' lang='grc' dir='ltr'>ἐπιϐάλλεσθαι</span> <span class='ocrx_word' id='word_1_450' title='bbox 2625 543 2683 596; x_wconf 84' lang='grc' dir='ltr'><strong>ὃν</strong></span> <span class='ocrx_word' id='word_1_451' title='bbox 2711 543 2776 597; x_wconf 85' lang='grc' dir='ltr'><strong>ἂν</strong></span> <span class='ocrx_word' id='word_1_452' title='bbox 2803 543 3020 597; x_wconf 80' lang='grc' dir='ltr'>δύναιτο</span> <span class='ocrx_word' id='word_1_453' title='bbox 3042 543 3242 613; x_wconf 80' lang='grc' dir='ltr'>τρόπον</span> <span class='ocrx_word' id='word_1_454' title='bbox 3267 543 3608 608; x_wconf 79' lang='grc' dir='ltr'>ἀντιπάλων,</span> 
     </span>
    </p>
   </div>
   <div class='ocr_carea' id='block_1_64' title="bbox 2027 635 3610 705">
    <p class='ocr_par' dir='ltr' id='par_1_64' title="bbox 2027 635 3610 705">
     <span class='ocr_line' id='line_1_64' title="bbox 2027 635 3610 705; baseline 0.002 -17"><span class='ocrx_word' id='word_1_455' title='bbox 2027 637 2122 688; x_wconf 77' lang='grc' dir='ltr'>καὶ</span> <span class='ocrx_word' id='word_1_456' title='bbox 2152 638 2209 698; x_wconf 79' lang='grc' dir='ltr'><strong>ἐς</strong></span> <span class='ocrx_word' id='word_1_457' title='bbox 2252 635 2404 698; x_wconf 83' lang='grc' dir='ltr'>τέλος</span> <span class='ocrx_word' id='word_1_458' title='bbox 2459 635 2827 705; x_wconf 83' lang='grc' dir='ltr'>διαμάχεσθαι</span> <span class='ocrx_word' id='word_1_459' title='bbox 2861 635 3176 688; x_wconf 82' lang='grc' dir='ltr'>διετείνετο.</span> <span class='ocrx_word' id='word_1_460' title='bbox 3226 635 3414 689; x_wconf 80' lang='grc' dir='ltr'>Ταῦτα</span> <span class='ocrx_word' id='word_1_461' title='bbox 3445 641 3540 689; x_wconf 70' lang='grc' dir='ltr'><strong>καὶ</strong></span> <span class='ocrx_word' id='word_1_462' title='bbox 3581 640 3610 691; x_wconf 80' lang='grc' dir='ltr'><strong>ὁ</strong></span> 
     </span>
    </p>
   </div>
   <div class='ocr_carea' id='block_1_65' title="bbox 2030 727 3605 798">
    <p class='ocr_par' dir='ltr' id='par_1_65' title="bbox 2030 727 3605 798">
     <span class='ocr_line' id='line_1_65' title="bbox 2030 727 3605 798; baseline 0.001 -14"><span class='ocrx_word' id='word_1_463' title='bbox 2030 731 2171 784; x_wconf 76' lang='grc' dir='ltr'>κατὰ</span> <span class='ocrx_word' id='word_1_464' title='bbox 2186 729 2246 781; x_wconf 84' lang='grc' dir='ltr'><strong>τὸ</strong></span> <span class='ocrx_word' id='word_1_465' title='bbox 2271 729 2524 782; x_wconf 83' lang='grc' dir='ltr'>Μάδυτον</span> <span class='ocrx_word' id='word_1_466' title='bbox 2541 729 2784 796; x_wconf 81' lang='grc' dir='ltr'>Φαρὲντα</span> <span class='ocrx_word' id='word_1_467' title='bbox 2812 727 3025 797; x_wconf 78' lang='grc' dir='ltr'>Τζιμῆς</span> <span class='ocrx_word' id='word_1_468' title='bbox 3047 729 3282 796; x_wconf 81' lang='grc' dir='ltr'>πέμπων</span> <span class='ocrx_word' id='word_1_469' title='bbox 3314 732 3605 798; x_wconf 77' lang='grc' dir='ltr'>ἀπέλεγεν’</span> 
     </span>
    </p>
   </div>
   <div class='ocr_carea' id='block_1_66' title="bbox 2029 817 3613 890">
    <p class='ocr_par' dir='ltr' id='par_1_66' title="bbox 2029 817 3613 890">
     <span class='ocr_line' id='line_1_66' title="bbox 2029 817 3613 890; baseline 0.001 -17"><span class='ocrx_word' id='word_1_470' title='bbox 2029 822 2078 873; x_wconf 87' lang='grc' dir='ltr'>εί</span> <span class='ocrx_word' id='word_1_471' title='bbox 2111 819 2219 889; x_wconf 84' lang='grc' dir='ltr'>γὰρ</span> <span class='ocrx_word' id='word_1_472' title='bbox 2249 818 2608 889; x_wconf 84' lang='grc' dir='ltr'>ἡμερώτερον</span> <span class='ocrx_word' id='word_1_473' title='bbox 2637 817 2788 882; x_wconf 70' lang='grc' dir='ltr'>οὗτος</span> <span class='ocrx_word' id='word_1_474' title='bbox 2821 823 2971 889; x_wconf 77' lang='grc' dir='ltr'>παρὰ</span> <span class='ocrx_word' id='word_1_475' title='bbox 2991 820 3083 872; x_wconf 71' lang='grc' dir='ltr'>τὶν</span> <span class='ocrx_word' id='word_1_476' title='bbox 3110 818 3482 890; x_wconf 83' lang='grc' dir='ltr'>Ῥομοφόρτον</span> <span class='ocrx_word' id='word_1_477' title='bbox 3499 827 3613 883; x_wconf 83' lang='grc' dir='ltr'>τοῖς</span> 
     </span>
    </p>
   </div>
   <div class='ocr_carea' id='block_1_67' title="bbox 2043 911 3618 983">
    <p class='ocr_par' dir='ltr' id='par_1_67' title="bbox 2043 911 3618 983">
     <span class='ocr_line' id='line_1_67' title="bbox 2043 911 3618 983; baseline 0.002 -19"><span class='ocrx_word' id='word_1_478' title='bbox 2043 912 2338 981; x_wconf 84' lang='grc' dir='ltr'>Ῥωμαίων</span> <span class='ocrx_word' id='word_1_479' title='bbox 2373 913 2719 980; x_wconf 85' lang='grc' dir='ltr'>πράγμασιν.</span> <span class='ocrx_word' id='word_1_480' title='bbox 2773 912 3008 973; x_wconf 77' lang='grc' dir='ltr'>Ἐκεῖνος</span> <span class='ocrx_word' id='word_1_481' title='bbox 3060 911 3180 981; x_wconf 74' lang='grc' dir='ltr'>ἅμα</span> <span class='ocrx_word' id='word_1_482' title='bbox 3217 913 3484 983; x_wconf 80' lang='grc' dir='ltr'>Τούρκοις</span> <span class='ocrx_word' id='word_1_483' title='bbox 3519 918 3618 967; x_wconf 75' lang='grc' dir='ltr'>καὶ</span> 
     </span>
    </p>
   </div>
   <div class='ocr_carea' id='block_1_68' title="bbox 2032 1001 3615 1073">
    <p class='ocr_par' dir='ltr' id='par_1_68' title="bbox 2032 1001 3615 1073">
     <span class='ocr_line' id='line_1_68' title="bbox 2032 1001 3615 1073; baseline 0.001 -17"><span class='ocrx_word' id='word_1_484' title='bbox 2032 1006 2148 1066; x_wconf 79' lang='grc' dir='ltr'>τοῖς</span> <span class='ocrx_word' id='word_1_485' title='bbox 2180 1003 2354 1066; x_wconf 77' lang='grc' dir='ltr'>ἰδίοις,</span> <span class='ocrx_word' id='word_1_486' title='bbox 2389 1002 2469 1054; x_wconf 76' lang='grc' dir='ltr'>ἔτι</span> <span class='ocrx_word' id='word_1_487' title='bbox 2497 1001 2559 1071; x_wconf 78' lang='grc' dir='ltr'>δὴ</span> <span class='ocrx_word' id='word_1_488' title='bbox 2595 1002 2690 1054; x_wconf 77' lang='grc' dir='ltr'>καὶ</span> <span class='ocrx_word' id='word_1_489' title='bbox 2721 1003 2836 1064; x_wconf 86' lang='grc' dir='ltr'>τοῖς</span> <span class='ocrx_word' id='word_1_490' title='bbox 2874 1001 3173 1071; x_wconf 80' lang='grc' dir='ltr'>Ῥωμαίοις</span> <span class='ocrx_word' id='word_1_491' title='bbox 3224 1005 3615 1073; x_wconf 70' lang='grc' dir='ltr'>ἀποστατήσα-</span> 
     </span>
    </p>
   </div>
   <div class='ocr_carea' id='block_1_69' title="bbox 2037 1093 3615 1165">
    <p class='ocr_par' dir='ltr' id='par_1_69' title="bbox 2037 1093 3615 1165">
     <span class='ocr_line' id='line_1_69' title="bbox 2037 1093 3615 1165; baseline 0.001 -17"><span class='ocrx_word' id='word_1_492' title='bbox 2037 1113 2123 1148; x_wconf 91' lang='grc' dir='ltr'><strong>σιν</strong></span> <span class='ocrx_word' id='word_1_493' title='bbox 2148 1095 2209 1159; x_wconf 70' lang='grc' dir='ltr'><strong>ἐξ</strong></span> <span class='ocrx_word' id='word_1_494' title='bbox 2231 1095 2520 1164; x_wconf 83' lang='grc' dir='ltr'>ἀνατολῆς,</span> <span class='ocrx_word' id='word_1_495' title='bbox 2551 1093 2697 1165; x_wconf 75' lang='grc' dir='ltr'>οϊοδὴ</span> <span class='ocrx_word' id='word_1_496' title='bbox 2727 1095 2822 1147; x_wconf 77' lang='grc' dir='ltr'><strong>καὶ</strong></span> <span class='ocrx_word' id='word_1_497' title='bbox 2849 1097 3020 1165; x_wconf 82' lang='grc' dir='ltr'>κουρᾷ</span> <span class='ocrx_word' id='word_1_498' title='bbox 3049 1095 3253 1165; x_wconf 83' lang='grc' dir='ltr'>τριχῶν</span> <span class='ocrx_word' id='word_1_499' title='bbox 3284 1097 3378 1149; x_wconf 66' lang='grc' dir='ltr'>καὶ</span> <span class='ocrx_word' id='word_1_500' title='bbox 3401 1099 3615 1164; x_wconf 81' lang='grc' dir='ltr'>γενείου</span> 
     </span>
    </p>
   </div>
   <div class='ocr_carea' id='block_1_70' title="bbox 2048 1185 3618 1256">
    <p class='ocr_par' dir='ltr' id='par_1_70' title="bbox 2048 1185 3618 1256">
     <span class='ocr_line' id='line_1_70' title="bbox 2048 1185 3618 1256; baseline 0.001 -16"><span class='ocrx_word' id='word_1_501' title='bbox 2048 1187 2449 1256; x_wconf 83' lang='grc' dir='ltr'>Ἀμογαϐάροις</span> <span class='ocrx_word' id='word_1_502' title='bbox 2507 1185 2888 1250; x_wconf 82' lang='grc' dir='ltr'>ὲξοικειοῢντο,</span> <span class='ocrx_word' id='word_1_503' title='bbox 2922 1185 3074 1239; x_wconf 75' lang='grc' dir='ltr'>οὔπω</span> <span class='ocrx_word' id='word_1_504' title='bbox 3125 1187 3304 1250; x_wconf 81' lang='grc' dir='ltr'>καλῶς</span> <span class='ocrx_word' id='word_1_505' title='bbox 3335 1187 3434 1250; x_wconf 84' lang='grc' dir='ltr'>τὰς</span> <span class='ocrx_word' id='word_1_506' title='bbox 3474 1191 3618 1241; x_wconf 86' lang='grc' dir='ltr'>ἀπο·</span> 
     </span>
    </p>
   </div>
   <div class='ocr_carea' id='block_1_71' title="bbox 2037 1277 3619 1350">
    <p class='ocr_par' dir='ltr' id='par_1_71' title="bbox 2037 1277 3619 1350">
     <span class='ocr_line' id='line_1_71' title="bbox 2037 1277 3619 1350; baseline 0.002 -20"><span class='ocrx_word' id='word_1_507' title='bbox 2037 1278 2250 1348; x_wconf 81' lang='grc' dir='ltr'>κρίσεις</span> <span class='ocrx_word' id='word_1_508' title='bbox 2289 1277 2384 1330; x_wconf 81' lang='grc' dir='ltr'>τοῦ</span> <span class='ocrx_word' id='word_1_509' title='bbox 2439 1277 2586 1330; x_wconf 66' lang='lat' dir='ltr'><strong>sese</strong></span> <span class='ocrx_word' id='word_1_510' title='bbox 2621 1279 2827 1342; x_wconf 82' lang='grc' dir='ltr'>δόντος,</span> <span class='ocrx_word' id='word_1_511' title='bbox 2881 1278 3141 1342; x_wconf 82' lang='grc' dir='ltr'>διατάξας</span> <span class='ocrx_word' id='word_1_512' title='bbox 3191 1280 3292 1349; x_wconf 81' lang='grc' dir='ltr'><strong>τὴν</strong></span> <span class='ocrx_word' id='word_1_513' title='bbox 3327 1282 3619 1350; x_wconf 77' lang='grc' dir='ltr'>στρατείαν</span> 
     </span>
    </p>
   </div>
   <div class='ocr_carea' id='block_1_72' title="bbox 2037 1372 3618 1448">
    <p class='ocr_par' dir='ltr' id='par_1_72' title="bbox 2037 1372 3618 1448">
     <span class='ocr_line' id='line_1_72' title="bbox 2037 1372 3618 1448; baseline 0.004 -24"><span class='ocrx_word' id='word_1_514' title='bbox 2037 1373 2219 1442; x_wconf 84' lang='grc' dir='ltr'>κρότῳ</span> <span class='ocrx_word' id='word_1_515' title='bbox 2246 1373 2424 1444; x_wconf 85' lang='grc' dir='ltr'>χερῶν</span> <span class='ocrx_word' id='word_1_516' title='bbox 2457 1373 2621 1443; x_wconf 81' lang='grc' dir='ltr'>μέχρι</span> <span class='ocrx_word' id='word_1_517' title='bbox 2650 1374 2748 1426; x_wconf 70' lang='grc' dir='ltr'><strong>καὶ</strong></span> <span class='ocrx_word' id='word_1_518' title='bbox 2778 1373 2874 1442; x_wconf 85' lang='grc' dir='ltr'><strong>τῆς</strong></span> <span class='ocrx_word' id='word_1_519' title='bbox 2907 1374 3115 1436; x_wconf 81' lang='grc' dir='ltr'>πόλεως</span> <span class='ocrx_word' id='word_1_520' title='bbox 3149 1374 3375 1444; x_wconf 72' lang='grc' dir='ltr'>ἤλαυνε.</span> <span class='ocrx_word' id='word_1_521' title='bbox 3411 1378 3522 1432; x_wconf 79' lang='grc' dir='ltr'><strong>Καὶ</strong></span> <span class='ocrx_word' id='word_1_522' title='bbox 3550 1372 3618 1448; x_wconf 86' lang='grc' dir='ltr'><strong>ἦν</strong></span> 
     </span>
    </p>
   </div>
   <div class='ocr_carea' id='block_1_73' title="bbox 2039 1463 3620 1534">
    <p class='ocr_par' dir='ltr' id='par_1_73' title="bbox 2039 1463 3620 1534">
     <span class='ocr_line' id='line_1_73' title="bbox 2039 1463 3620 1534; baseline 0.004 -18"><span class='ocrx_word' id='word_1_523' title='bbox 2039 1463 2290 1516; x_wconf 75' lang='grc' dir='ltr'>ἐντεῦθεν</span> <span class='ocrx_word' id='word_1_524' title='bbox 2325 1464 2542 1532; x_wconf 79' lang='grc' dir='ltr'>βλέπειν</span> <span class='ocrx_word' id='word_1_525' title='bbox 2575 1465 3064 1534; x_wconf 79' lang='grc' dir='ltr'>σκευαγωγοῦντας</span> <span class='ocrx_word' id='word_1_526' title='bbox 3107 1469 3231 1530; x_wconf 83' lang='grc' dir='ltr'>τοὺς</span> <span class='ocrx_word' id='word_1_527' title='bbox 3265 1467 3371 1532; x_wconf 77' lang='grc' dir='ltr'><strong>ἔξω</strong></span> <span class='ocrx_word' id='word_1_528' title='bbox 3393 1470 3488 1522; x_wconf 77' lang='grc' dir='ltr'>καὶ</span> <span class='ocrx_word' id='word_1_529' title='bbox 3517 1472 3620 1522; x_wconf 78' lang='grc' dir='ltr'><strong>αὐ·</strong></span> 
     </span>
    </p>
   </div>
   <div class='ocr_carea' id='block_1_74' title="bbox 2038 1552 3620 1628">
    <p class='ocr_par' dir='ltr' id='par_1_74' title="bbox 2038 1552 3620 1628">
     <span class='ocr_line' id='line_1_74' title="bbox 2038 1552 3620 1628; baseline 0.008 -24"><span class='ocrx_word' id='word_1_530' title='bbox 2038 1552 2167 1614; x_wconf 82' lang='grc' dir='ltr'>τοὺς</span> <span class='ocrx_word' id='word_1_531' title='bbox 2201 1553 2266 1624; x_wconf 82' lang='grc' dir='ltr'>δὴ</span> <span class='ocrx_word' id='word_1_532' title='bbox 2299 1555 2427 1617; x_wconf 84' lang='grc' dir='ltr'>τοὺς</span> <span class='ocrx_word' id='word_1_533' title='bbox 2473 1556 2533 1609; x_wconf 83' lang='grc' dir='ltr'><strong>ὲν</strong></span> <span class='ocrx_word' id='word_1_534' title='bbox 2567 1556 2780 1627; x_wconf 80' lang='grc' dir='ltr'>Περαίᾳ</span> <span class='ocrx_word' id='word_1_535' title='bbox 2832 1559 3280 1628; x_wconf 80' lang='grc' dir='ltr'>κατῳκημένους,</span> <span class='ocrx_word' id='word_1_536' title='bbox 3316 1561 3394 1622; x_wconf 85' lang='grc' dir='ltr'>ὡς</span> <span class='ocrx_word' id='word_1_537' title='bbox 3447 1562 3620 1616; x_wconf 85' lang='grc' dir='ltr'>νύκτα</span> 
     </span>
    </p>
   </div>
   <div class='ocr_carea' id='block_1_75' title="bbox 2042 1648 3618 1723">
    <p class='ocr_par' dir='ltr' id='par_1_75' title="bbox 2042 1648 3618 1723">
     <span class='ocr_line' id='line_1_75' title="bbox 2042 1648 3618 1723; baseline 0.006 -25"><span class='ocrx_word' id='word_1_538' title='bbox 2042 1648 2136 1701; x_wconf 78' lang='grc' dir='ltr'><strong>καὶ</strong></span> <span class='ocrx_word' id='word_1_539' title='bbox 2166 1648 2381 1716; x_wconf 78' lang='grc' dir='ltr'>ἡμέραν</span> <span class='ocrx_word' id='word_1_540' title='bbox 2411 1648 2516 1701; x_wconf 75' lang='grc' dir='ltr'><strong>ἀνὰ</strong></span> <span class='ocrx_word' id='word_1_541' title='bbox 2543 1648 2646 1712; x_wconf 82' lang='grc' dir='ltr'>τὰς</span> <span class='ocrx_word' id='word_1_542' title='bbox 2662 1649 2766 1717; x_wconf 76' lang='grc' dir='ltr'>τῆς</span> <span class='ocrx_word' id='word_1_543' title='bbox 2803 1649 3011 1713; x_wconf 87' lang='grc' dir='ltr'>πόλεως</span> <span class='ocrx_word' id='word_1_544' title='bbox 3035 1651 3214 1715; x_wconf 86' lang='grc' dir='ltr'>πύλας</span> <span class='ocrx_word' id='word_1_545' title='bbox 3258 1653 3618 1723; x_wconf 79' lang='grc' dir='ltr'>συνθλιϐομέ-</span> 
     </span>
    </p>
   </div>
   <div class='ocr_carea' id='block_1_76' title="bbox 2042 1737 3617 1814">
    <p class='ocr_par' dir='ltr' id='par_1_76' title="bbox 2042 1737 3617 1814">
     <span class='ocr_line' id='line_1_76' title="bbox 2042 1737 3617 1814; baseline 0.008 -25"><span class='ocrx_word' id='word_1_546' title='bbox 2042 1753 2167 1796; x_wconf 83' lang='grc' dir='ltr'>νους</span> <span class='ocrx_word' id='word_1_547' title='bbox 2191 1737 2472 1808; x_wconf 86' lang='grc' dir='ltr'>δυσχερῶς</span> <span class='ocrx_word' id='word_1_548' title='bbox 2495 1740 2798 1795; x_wconf 81' lang='grc' dir='ltr'>διεκπαίειν</span> <span class='ocrx_word' id='word_1_549' title='bbox 2833 1744 3033 1807; x_wconf 82' lang='grc' dir='ltr'>αὐτοὺς</span> <span class='ocrx_word' id='word_1_550' title='bbox 3061 1747 3157 1798; x_wconf 81' lang='grc' dir='ltr'><strong>καὶ</strong></span> <span class='ocrx_word' id='word_1_551' title='bbox 3198 1746 3317 1809; x_wconf 81' lang='grc' dir='ltr'><strong>ζῶα</strong></span> <span class='ocrx_word' id='word_1_552' title='bbox 3359 1751 3617 1814; x_wconf 78' lang='grc' dir='ltr'>παντοῖα,</span> 
     </span>
    </p>
   </div>
   <div class='ocr_carea' id='block_1_77' title="bbox 2044 1829 3622 1909">
    <p class='ocr_par' dir='ltr' id='par_1_77' title="bbox 2044 1829 3622 1909">
     <span class='ocr_line' id='line_1_77' title="bbox 2044 1829 3622 1909; baseline 0.009 -30"><span class='ocrx_word' id='word_1_553' title='bbox 2044 1829 2142 1881; x_wconf 74' lang='grc' dir='ltr'>καὶ</span> <span class='ocrx_word' id='word_1_554' title='bbox 2196 1829 2426 1892; x_wconf 83' lang='grc' dir='ltr'>πολλοὺς</span> <span class='ocrx_word' id='word_1_555' title='bbox 2480 1832 2585 1884; x_wconf 70' lang='grc' dir='ltr'><strong>ἀνα</strong></span> <span class='ocrx_word' id='word_1_556' title='bbox 2636 1833 2736 1895; x_wconf 81' lang='grc' dir='ltr'>τὰς</span> <span class='ocrx_word' id='word_1_557' title='bbox 2771 1835 2870 1902; x_wconf 84' lang='grc' dir='ltr'>τῆς</span> <span class='ocrx_word' id='word_1_558' title='bbox 2909 1835 3116 1898; x_wconf 89' lang='grc' dir='ltr'>πόλεως</span> <span class='ocrx_word' id='word_1_559' title='bbox 3168 1838 3386 1892; x_wconf 85' lang='grc' dir='ltr'>κεῖσθαι</span> <span class='ocrx_word' id='word_1_560' title='bbox 3439 1839 3622 1909; x_wconf 79' lang='grc' dir='ltr'>ῥύμας</span> 
     </span>
    </p>
   </div>
   <div class='ocr_carea' id='block_1_78' title="bbox 2043 1919 3620 1998">
    <p class='ocr_par' dir='ltr' id='par_1_78' title="bbox 2043 1919 3620 1998">
     <span class='ocr_line' id='line_1_78' title="bbox 2043 1919 3620 1998; baseline 0.008 -28"><span class='ocrx_word' id='word_1_561' title='bbox 2043 1919 2350 1988; x_wconf 82' lang='grc' dir='ltr'>ἀφεμένους</span> <span class='ocrx_word' id='word_1_562' title='bbox 2385 1921 2494 1974; x_wconf 84' lang='grc' dir='ltr'>τῶν</span> <span class='ocrx_word' id='word_1_563' title='bbox 2548 1921 2749 1992; x_wconf 68' lang='grc' dir='ltr'>ἔργων.</span> <span class='ocrx_word' id='word_1_564' title='bbox 2793 1923 2928 1977; x_wconf 89' lang='grc' dir='ltr'>Τότε</span> <span class='ocrx_word' id='word_1_565' title='bbox 2959 1926 2986 1977; x_wconf 88' lang='grc' dir='ltr'><strong>ό</strong></span> <span class='ocrx_word' id='word_1_566' title='bbox 3040 1925 3142 1988; x_wconf 82' lang='grc' dir='ltr'>μὲν</span> <span class='ocrx_word' id='word_1_567' title='bbox 3198 1927 3620 1998; x_wconf 86' lang='grc' dir='ltr'>πατριαρχεύων</span> 
     </span>
    </p>
   </div>
   <div class='ocr_carea' id='block_1_79' title="bbox 2043 2011 3618 2090">
    <p class='ocr_par' dir='ltr' id='par_1_79' title="bbox 2043 2011 3618 2090">
     <span class='ocr_line' id='line_1_79' title="bbox 2043 2011 3618 2090; baseline 0.007 -26"><span class='ocrx_word' id='word_1_568' title='bbox 2043 2011 2314 2083; x_wconf 83' lang='grc' dir='ltr'>ὁσημέραι</span> <span class='ocrx_word' id='word_1_569' title='bbox 2353 2011 2452 2074; x_wconf 81' lang='grc' dir='ltr'>τὰς</span> <span class='ocrx_word' id='word_1_570' title='bbox 2481 2012 2756 2077; x_wconf 86' lang='grc' dir='ltr'>λιτανείας</span> <span class='ocrx_word' id='word_1_571' title='bbox 2784 2016 2936 2078; x_wconf 79' lang='grc' dir='ltr'>ἐντὸς</span> <span class='ocrx_word' id='word_1_572' title='bbox 2976 2017 3076 2084; x_wconf 83' lang='grc' dir='ltr'>τῆς</span> <span class='ocrx_word' id='word_1_573' title='bbox 3106 2017 3316 2081; x_wconf 89' lang='grc' dir='ltr'>πόλεως</span> <span class='ocrx_word' id='word_1_574' title='bbox 3355 2020 3618 2090; x_wconf 52' lang='grc' dir='ltr'>ἐπεδαψιξ</span> 
     </span>
    </p>
   </div>
   <div class='ocr_carea' id='block_1_80' title="bbox 2043 2103 3618 2182">
    <p class='ocr_par' dir='ltr' id='par_1_80' title="bbox 2043 2103 3618 2182">
     <span class='ocr_line' id='line_1_80' title="bbox 2043 2103 3618 2182; baseline 0.009 -27"><span class='ocrx_word' id='word_1_575' title='bbox 2043 2103 2252 2170; x_wconf 88' lang='grc' dir='ltr'>λεύετο,</span> <span class='ocrx_word' id='word_1_576' title='bbox 2281 2105 2539 2174; x_wconf 85' lang='grc' dir='ltr'>βασιλεὺς</span> <span class='ocrx_word' id='word_1_577' title='bbox 2573 2107 2618 2160; x_wconf 79' lang='grc' dir='ltr'>δ’</span> <span class='ocrx_word' id='word_1_578' title='bbox 2653 2109 3027 2178; x_wconf 85' lang='grc' dir='ltr'>ὲπαμηχανῶν</span> <span class='ocrx_word' id='word_1_579' title='bbox 3055 2113 3172 2174; x_wconf 86' lang='grc' dir='ltr'>τοῖς</span> <span class='ocrx_word' id='word_1_580' title='bbox 3199 2112 3618 2182; x_wconf 76' lang='grc' dir='ltr'>φημιζομένοις,</span> 
     </span>
    </p>
   </div>
   <div class='ocr_carea' id='block_1_81' title="bbox 2044 2189 3623 2279">
    <p class='ocr_par' dir='ltr' id='par_1_81' title="bbox 2044 2189 3623 2279">
     <span class='ocr_line' id='line_1_81' title="bbox 2044 2189 3623 2279; baseline 0.008 -31"><span class='ocrx_word' id='word_1_581' title='bbox 2044 2196 2126 2248; x_wconf 81' lang='grc' dir='ltr'>ὅτι</span> <span class='ocrx_word' id='word_1_582' title='bbox 2162 2196 2257 2272; x_wconf 77' lang='grc' dir='ltr'>καὶ</span> <span class='ocrx_word' id='word_1_583' title='bbox 2286 2189 2387 2251; x_wconf 75' lang='grc' dir='ltr'>οὐκ</span> <span class='ocrx_word' id='word_1_584' title='bbox 2441 2197 2620 2266; x_wconf 80' lang='grc' dir='ltr'>ὀλίγος</span> <span class='ocrx_word' id='word_1_585' title='bbox 2667 2199 2988 2269; x_wconf 73' lang='grc' dir='ltr'>ἐπέπρακτο</span> <span class='ocrx_word' id='word_1_586' title='bbox 3043 2203 3224 2272; x_wconf 87' lang='grc' dir='ltr'>φόνος,</span> <span class='ocrx_word' id='word_1_587' title='bbox 3257 2201 3339 2267; x_wconf 73' lang='grc' dir='ltr'>οἷς</span> <span class='ocrx_word' id='word_1_588' title='bbox 3369 2206 3623 2279; x_wconf 82' lang='grc' dir='ltr'>ὑστερεῖν</span> 
     </span>
    </p>
   </div>
   <div class='ocr_carea' id='block_1_82' title="bbox 2046 2380 3623 2457">
    <p class='ocr_par' dir='ltr' id='par_1_82' title="bbox 2046 2380 3623 2457">
     <span class='ocr_line' id='line_1_82' title="bbox 2046 2380 3623 2457; baseline 0.008 -24"><span class='ocrx_word' id='word_1_589' title='bbox 2046 2380 2236 2450; x_wconf 90' lang='lat' dir='ltr'><strong>utique</strong></span> <span class='ocrx_word' id='word_1_590' title='bbox 2265 2383 2526 2436; x_wconf 91' lang='lat' dir='ltr'><strong>continuo</strong></span> <span class='ocrx_word' id='word_1_591' title='bbox 2558 2391 2612 2436; x_wconf 91' lang='lat' dir='ltr'><strong>et</strong></span> <span class='ocrx_word' id='word_1_592' title='bbox 2653 2384 2826 2453; x_wconf 82' lang='lat' dir='ltr'><strong>magis</strong></span> <span class='ocrx_word' id='word_1_593' title='bbox 2867 2400 3084 2455; x_wconf 87' lang='lat' dir='ltr'><strong>semper</strong></span> <span class='ocrx_word' id='word_1_594' title='bbox 3118 2387 3397 2457; x_wconf 80' lang='lat' dir='ltr'><strong>magisque</strong></span> <span class='ocrx_word' id='word_1_595' title='bbox 3439 2389 3623 2445; x_wconf 85' lang='lat' dir='ltr'><strong>incre-</strong></span> 
     </span>
    </p>
   </div>
   <div class='ocr_carea' id='block_1_83' title="bbox 2045 2473 3622 2548">
    <p class='ocr_par' dir='ltr' id='par_1_83' title="bbox 2045 2473 3622 2548">
     <span class='ocr_line' id='line_1_83' title="bbox 2045 2473 3622 2548; baseline 0.006 -22"><span class='ocrx_word' id='word_1_596' title='bbox 2045 2473 2298 2527; x_wconf 87' lang='lat' dir='ltr'><strong>bescente</strong></span> <span class='ocrx_word' id='word_1_597' title='bbox 2321 2483 2553 2528; x_wconf 83' lang='lat' dir='ltr'><strong>tumultu</strong></span> <span class='ocrx_word' id='word_1_598' title='bbox 2596 2482 3041 2533; x_wconf 88' lang='lat' dir='ltr'><strong>concursantium</strong></span> <span class='ocrx_word' id='word_1_599' title='bbox 3074 2479 3281 2547; x_wconf 84' lang='lat' dir='ltr'><strong>trepide</strong></span> <span class='ocrx_word' id='word_1_600' title='bbox 3312 2481 3365 2536; x_wconf 87' lang='lat' dir='ltr'><strong>in</strong></span> <span class='ocrx_word' id='word_1_601' title='bbox 3409 2483 3622 2548; x_wconf 83' lang='lat' dir='ltr'><strong>urbem,</strong></span> 
     </span>
    </p>
   </div>
   <div class='ocr_carea' id='block_1_84' title="bbox 2043 2563 3622 2642">
    <p class='ocr_par' dir='ltr' id='par_1_84' title="bbox 2043 2563 3622 2642">
     <span class='ocr_line' id='line_1_84' title="bbox 2043 2563 3622 2642; baseline 0.009 -27"><span class='ocrx_word' id='word_1_602' title='bbox 2043 2563 2424 2630; x_wconf 86' lang='lat' dir='ltr'><strong>Amogabarici</strong></span> <span class='ocrx_word' id='word_1_603' title='bbox 2470 2567 2592 2620; x_wconf 90' lang='lat' dir='ltr'><strong>belli</strong></span> <span class='ocrx_word' id='word_1_604' title='bbox 2629 2578 2860 2634; x_wconf 89' lang='lat' dir='ltr'><strong>terrore,</strong></span> <span class='ocrx_word' id='word_1_605' title='bbox 2903 2572 3256 2638; x_wconf 88' lang='lat' dir='ltr'><strong>rusticorum,</strong></span> <span class='ocrx_word' id='word_1_606' title='bbox 3299 2587 3494 2642; x_wconf 83' lang='lat' dir='ltr'><strong>greges</strong></span> <span class='ocrx_word' id='word_1_607' title='bbox 3529 2590 3622 2629; x_wconf 84' lang='lat' dir='ltr'><strong>ar-</strong></span> 
     </span>
    </p>
   </div>
   <div class='ocr_carea' id='block_1_85' title="bbox 2044 2660 3626 2727">
    <p class='ocr_par' dir='ltr' id='par_1_85' title="bbox 2044 2660 3626 2727">
     <span class='ocr_line' id='line_1_85' title="bbox 2044 2660 3626 2727; baseline 0.009 -17"><span class='ocrx_word' id='word_1_608' title='bbox 2044 2667 2338 2726; x_wconf 85' lang='lat' dir='ltr'><strong>mentaque</strong></span> <span class='ocrx_word' id='word_1_609' title='bbox 2369 2673 2478 2727; x_wconf 71' lang='lat' dir='ltr'><strong>pra:</strong></span> <span class='ocrx_word' id='word_1_610' title='bbox 2509 2673 2567 2712; x_wconf 91' lang='lat' dir='ltr'><strong>se</strong></span> <span class='ocrx_word' id='word_1_611' title='bbox 2591 2661 2868 2727; x_wconf 75' lang='lat' dir='ltr'><strong>agentium</strong></span> <span class='ocrx_word' id='word_1_612' title='bbox 2893 2676 3012 2715; x_wconf 92' lang='lat' dir='ltr'><strong>sua.</strong></span> <span class='ocrx_word' id='word_1_613' title='bbox 3041 2660 3196 2718; x_wconf 87' lang='lat' dir='ltr'><strong>Unde</strong></span> <span class='ocrx_word' id='word_1_614' title='bbox 3218 2665 3548 2724; x_wconf 84' lang='lat' dir='ltr'><strong>animalibus</strong></span> <span class='ocrx_word' id='word_1_615' title='bbox 3569 2678 3626 2724; x_wconf 89' lang='lat' dir='ltr'><strong>et</strong></span> 
     </span>
    </p>
   </div>
   <div class='ocr_carea' id='block_1_86' title="bbox 2044 2749 3621 2818">
    <p class='ocr_par' dir='ltr' id='par_1_86' title="bbox 2044 2749 3621 2818">
     <span class='ocr_line' id='line_1_86' title="bbox 2044 2749 3621 2818; baseline 0.009 -19"><span class='ocrx_word' id='word_1_616' title='bbox 2044 2749 2198 2816; x_wconf 91' lang='lat' dir='ltr'><strong>plebe</strong></span> <span class='ocrx_word' id='word_1_617' title='bbox 2225 2750 2367 2817; x_wconf 89' lang='lat' dir='ltr'><strong>inopi</strong></span> <span class='ocrx_word' id='word_1_618' title='bbox 2391 2749 2728 2818; x_wconf 71' lang='lat' dir='ltr'><strong>cunctaejam</strong></span> <span class='ocrx_word' id='word_1_619' title='bbox 2747 2751 2898 2806; x_wconf 91' lang='lat' dir='ltr'><strong>urbis</strong></span> <span class='ocrx_word' id='word_1_620' title='bbox 2921 2753 3020 2805; x_wconf 84' lang='lat' dir='ltr'><strong>viae</strong></span> <span class='ocrx_word' id='word_1_621' title='bbox 3039 2752 3252 2808; x_wconf 70' lang='lat' dir='ltr'><strong>referta:</strong></span> <span class='ocrx_word' id='word_1_622' title='bbox 3281 2756 3621 2814; x_wconf 82' lang='lat' dir='ltr'><strong>visebantur.</strong></span> 
     </span>
    </p>
   </div>
   <div class='ocr_carea' id='block_1_87' title="bbox 2045 2839 3623 2918">
    <p class='ocr_par' dir='ltr' id='par_1_87' title="bbox 2045 2839 3623 2918">
     <span class='ocr_line' id='line_1_87' title="bbox 2045 2839 3623 2918; baseline 0.009 -26"><span class='ocrx_word' id='word_1_623' title='bbox 2045 2839 2478 2910; x_wconf 85' lang='lat' dir='ltr'><strong>Miuuendusque</strong></span> <span class='ocrx_word' id='word_1_624' title='bbox 2509 2845 2822 2896; x_wconf 89' lang='lat' dir='ltr'><strong>necessario</strong></span> <span class='ocrx_word' id='word_1_625' title='bbox 2844 2855 2985 2898; x_wconf 83' lang='lat' dir='ltr'><strong>esset</strong></span> <span class='ocrx_word' id='word_1_626' title='bbox 3007 2846 3217 2912; x_wconf 85' lang='lat' dir='ltr'><strong>pecoris</strong></span> <span class='ocrx_word' id='word_1_627' title='bbox 3239 2856 3395 2903; x_wconf 76' lang='lat' dir='ltr'><strong>extra</strong></span> <span class='ocrx_word' id='word_1_628' title='bbox 3421 2864 3623 2918; x_wconf 85' lang='lat' dir='ltr'><strong>pascua</strong></span> 
     </span>
    </p>
   </div>
   <div class='ocr_carea' id='block_1_88' title="bbox 2044 2935 3625 3006">
    <p class='ocr_par' dir='ltr' id='par_1_88' title="bbox 2044 2935 3625 3006">
     <span class='ocr_line' id='line_1_88' title="bbox 2044 2935 3625 3006; baseline 0.007 -20"><span class='ocrx_word' id='word_1_629' title='bbox 2044 2935 2439 2988; x_wconf 87' lang='lat' dir='ltr'><strong>macrescentis</strong></span> <span class='ocrx_word' id='word_1_630' title='bbox 2467 2948 2750 2999; x_wconf 89' lang='lat' dir='ltr'><strong>numerus,</strong></span> <span class='ocrx_word' id='word_1_631' title='bbox 2789 2935 2993 3006; x_wconf 73' lang='lat' dir='ltr'><strong>iungenti</strong></span> <span class='ocrx_word' id='word_1_632' title='bbox 3033 2938 3330 2994; x_wconf 84' lang='lat' dir='ltr'><strong>bestiarum</strong></span> <span class='ocrx_word' id='word_1_633' title='bbox 3371 2943 3488 2996; x_wconf 88' lang='lat' dir='ltr'><strong>esui</strong></span> <span class='ocrx_word' id='word_1_634' title='bbox 3523 2944 3625 2997; x_wconf 92' lang='lat' dir='ltr'><strong>hu-</strong></span> 
     </span>
    </p>
   </div>
   <div class='ocr_carea' id='block_1_89' title="bbox 2047 3025 3626 3101">
    <p class='ocr_par' dir='ltr' id='par_1_89' title="bbox 2047 3025 3626 3101">
     <span class='ocr_line' id='line_1_89' title="bbox 2047 3025 3626 3101; baseline 0.008 -23"><span class='ocrx_word' id='word_1_635' title='bbox 2047 3041 2207 3080; x_wconf 83' lang='lat' dir='ltr'><strong>mano</strong></span> <span class='ocrx_word' id='word_1_636' title='bbox 2238 3034 2485 3094; x_wconf 87' lang='lat' dir='ltr'><strong>aptarum</strong></span> <span class='ocrx_word' id='word_1_637' title='bbox 2521 3025 2864 3081; x_wconf 88' lang='lat' dir='ltr'><strong>multitudine</strong></span> <span class='ocrx_word' id='word_1_638' title='bbox 2899 3029 2950 3082; x_wconf 93' lang='lat' dir='ltr'><strong>in</strong></span> <span class='ocrx_word' id='word_1_639' title='bbox 2974 3029 3213 3086; x_wconf 85' lang='lat' dir='ltr'><strong>macellis</strong></span> <span class='ocrx_word' id='word_1_640' title='bbox 3239 3033 3484 3101; x_wconf 88' lang='lat' dir='ltr'><strong>quotidie</strong></span> <span class='ocrx_word' id='word_1_641' title='bbox 3510 3053 3626 3090; x_wconf 86' lang='lat' dir='ltr'><strong>ma-</strong></span> 
     </span>
    </p>
   </div>
   <div class='ocr_carea' id='block_1_90' title="bbox 2046 3116 3626 3190">
    <p class='ocr_par' dir='ltr' id='par_1_90' title="bbox 2046 3116 3626 3190">
     <span class='ocr_line' id='line_1_90' title="bbox 2046 3116 3626 3190; baseline 0.007 -20"><span class='ocrx_word' id='word_1_642' title='bbox 2046 3119 2263 3171; x_wconf 89' lang='lat' dir='ltr'><strong>ctanda.</strong></span> <span class='ocrx_word' id='word_1_643' title='bbox 2300 3117 2369 3170; x_wconf 84' lang='lat' dir='ltr'><strong>At</strong></span> <span class='ocrx_word' id='word_1_644' title='bbox 2409 3116 2592 3171; x_wconf 84' lang='lat' dir='ltr'><strong>Abbas</strong></span> <span class='ocrx_word' id='word_1_645' title='bbox 2631 3118 2819 3172; x_wconf 90' lang='lat' dir='ltr'><strong>multis</strong></span> <span class='ocrx_word' id='word_1_646' title='bbox 2854 3118 3043 3174; x_wconf 91' lang='lat' dir='ltr'><strong>diebus</strong></span> <span class='ocrx_word' id='word_1_647' title='bbox 3077 3121 3216 3190; x_wconf 89' lang='lat' dir='ltr'><strong>apud</strong></span> <span class='ocrx_word' id='word_1_648' title='bbox 3257 3121 3626 3187; x_wconf 72' lang='lat' dir='ltr'><strong>Amogabaros</strong></span> 
     </span>
    </p>
   </div>
   <div class='ocr_carea' id='block_1_91' title="bbox 2043 3207 3627 3282">
    <p class='ocr_par' dir='ltr' id='par_1_91' title="bbox 2043 3207 3627 3282">
     <span class='ocr_line' id='line_1_91' title="bbox 2043 3207 3627 3282; baseline 0.004 -22"><span class='ocrx_word' id='word_1_649' title='bbox 2043 3207 2334 3261; x_wconf 90' lang='lat' dir='ltr'><strong>commissa</strong></span> <span class='ocrx_word' id='word_1_650' title='bbox 2364 3208 2647 3262; x_wconf 88' lang='lat' dir='ltr'><strong>tractando</strong></span> <span class='ocrx_word' id='word_1_651' title='bbox 2679 3219 2944 3276; x_wconf 88' lang='lat' dir='ltr'><strong>moratus,</strong></span> <span class='ocrx_word' id='word_1_652' title='bbox 2985 3212 3128 3279; x_wconf 89' lang='lat' dir='ltr'><strong>quod</strong></span> <span class='ocrx_word' id='word_1_653' title='bbox 3163 3226 3248 3265; x_wconf 89' lang='lat' dir='ltr'><strong>res</strong></span> <span class='ocrx_word' id='word_1_654' title='bbox 3283 3212 3502 3282; x_wconf 87' lang='lat' dir='ltr'><strong>quidem</strong></span> <span class='ocrx_word' id='word_1_655' title='bbox 3543 3225 3627 3267; x_wconf 79' lang='lat' dir='ltr'><strong>at-</strong></span> 
     </span>
    </p>
   </div>
   <div class='ocr_carea' id='block_1_92' title="bbox 2045 3297 3628 3370">
    <p class='ocr_par' dir='ltr' id='par_1_92' title="bbox 2045 3297 3628 3370">
     <span class='ocr_line' id='line_1_92' title="bbox 2045 3297 3628 3370; baseline 0.003 -18"><span class='ocrx_word' id='word_1_656' title='bbox 2045 3297 2634 3354; x_wconf 81' lang='lat' dir='ltr'><strong>tinerctGenuensium</strong></span> <span class='ocrx_word' id='word_1_657' title='bbox 2671 3314 2917 3364; x_wconf 88' lang='lat' dir='ltr'><strong>suorum,</strong></span> <span class='ocrx_word' id='word_1_658' title='bbox 2945 3316 3050 3354; x_wconf 93' lang='lat' dir='ltr'><strong>non</strong></span> <span class='ocrx_word' id='word_1_659' title='bbox 3092 3301 3212 3356; x_wconf 86' lang='lat' dir='ltr'><strong>sine</strong></span> <span class='ocrx_word' id='word_1_660' title='bbox 3240 3316 3420 3369; x_wconf 64' lang='lat' dir='ltr'><strong>Operae</strong></span> <span class='ocrx_word' id='word_1_661' title='bbox 3455 3305 3628 3370; x_wconf 88' lang='lat' dir='ltr'><strong>pretio</strong></span> 
     </span>
    </p>
   </div>
   <div class='ocr_carea' id='block_1_93' title="bbox 2046 3391 3627 3463">
    <p class='ocr_par' dir='ltr' id='par_1_93' title="bbox 2046 3391 3627 3463">
     <span class='ocr_line' id='line_1_93' title="bbox 2046 3391 3627 3463; baseline 0.002 -19"><span class='ocrx_word' id='word_1_662' title='bbox 2046 3391 2227 3453; x_wconf 90' lang='lat' dir='ltr'><strong>rediit,</strong></span> <span class='ocrx_word' id='word_1_663' title='bbox 2268 3392 2335 3444; x_wconf 91' lang='lat' dir='ltr'><strong>de</strong></span> <span class='ocrx_word' id='word_1_664' title='bbox 2364 3405 2500 3459; x_wconf 87' lang='lat' dir='ltr'><strong>pace</strong></span> <span class='ocrx_word' id='word_1_665' title='bbox 2539 3403 2720 3444; x_wconf 89' lang='lat' dir='ltr'><strong>autem</strong></span> <span class='ocrx_word' id='word_1_666' title='bbox 2752 3406 2875 3444; x_wconf 89' lang='lat' dir='ltr'><strong>cum</strong></span> <span class='ocrx_word' id='word_1_667' title='bbox 2918 3391 3183 3448; x_wconf 77' lang='lat' dir='ltr'><strong>Romanis</strong></span> <span class='ocrx_word' id='word_1_668' title='bbox 3223 3394 3357 3448; x_wconf 89' lang='lat' dir='ltr'><strong>nihil</strong></span> <span class='ocrx_word' id='word_1_669' title='bbox 3404 3411 3627 3463; x_wconf 88' lang='lat' dir='ltr'><strong>prorsus</strong></span> 
     </span>
    </p>
   </div>
   <div class='ocr_carea' id='block_1_94' title="bbox 2045 3481 3626 3554">
    <p class='ocr_par' dir='ltr' id='par_1_94' title="bbox 2045 3481 3626 3554">
     <span class='ocr_line' id='line_1_94' title="bbox 2045 3481 3626 3554; baseline 0 -17"><span class='ocrx_word' id='word_1_670' title='bbox 2045 3483 2377 3552; x_wconf 89' lang='lat' dir='ltr'><strong>impetravit,</strong></span> <span class='ocrx_word' id='word_1_671' title='bbox 2413 3483 2579 3536; x_wconf 88' lang='lat' dir='ltr'><strong>multa</strong></span> <span class='ocrx_word' id='word_1_672' title='bbox 2616 3483 2861 3551; x_wconf 87' lang='lat' dir='ltr'><strong>improba</strong></span> <span class='ocrx_word' id='word_1_673' title='bbox 2887 3490 2940 3535; x_wconf 90' lang='lat' dir='ltr'><strong>et</strong></span> <span class='ocrx_word' id='word_1_674' title='bbox 2965 3481 3270 3536; x_wconf 82' lang='lat' dir='ltr'><strong>facultatem</strong></span> <span class='ocrx_word' id='word_1_675' title='bbox 3297 3487 3626 3554; x_wconf 85' lang='lat' dir='ltr'><strong>modmnque</strong></span> 
     </span>
    </p>
   </div>
   <div class='ocr_carea' id='block_1_95' title="bbox 2041 3573 3628 3646">
    <p class='ocr_par' dir='ltr' id='par_1_95' title="bbox 2041 3573 3628 3646">
     <span class='ocr_line' id='line_1_95' title="bbox 2041 3573 3628 3646; baseline 0 -16"><span class='ocrx_word' id='word_1_676' title='bbox 2041 3591 2257 3630; x_wconf 90' lang='lat' dir='ltr'><strong>omnem</strong></span> <span class='ocrx_word' id='word_1_677' title='bbox 2318 3575 2635 3630; x_wconf 82' lang='lat' dir='ltr'><strong>excedentia</strong></span> <span class='ocrx_word' id='word_1_678' title='bbox 2689 3574 2969 3646; x_wconf 84' lang='lat' dir='ltr'><strong>ﬂagitante</strong></span> <span class='ocrx_word' id='word_1_679' title='bbox 3011 3573 3348 3628; x_wconf 77' lang='lat' dir='ltr'><strong>Romoforto.</strong></span> <span class='ocrx_word' id='word_1_680' title='bbox 3401 3576 3628 3630; x_wconf 83' lang='lat' dir='ltr'><strong>Petebat</strong></span> 
     </span>
    </p>
   </div>
   <div class='ocr_carea' id='block_1_96' title="bbox 2043 3667 3628 3737">
    <p class='ocr_par' dir='ltr' id='par_1_96' title="bbox 2043 3667 3628 3737">
     <span class='ocr_line' id='line_1_96' title="bbox 2043 3667 3628 3737; baseline 0.001 -14"><span class='ocrx_word' id='word_1_681' title='bbox 2043 3670 2186 3724; x_wconf 91' lang='lat' dir='ltr'><strong>enim</strong></span> <span class='ocrx_word' id='word_1_682' title='bbox 2215 3680 2272 3723; x_wconf 92' lang='lat' dir='ltr'><strong>ut</strong></span> <span class='ocrx_word' id='word_1_683' title='bbox 2291 3685 2358 3723; x_wconf 77' lang='lat' dir='ltr'><strong>ex</strong></span> <span class='ocrx_word' id='word_1_684' title='bbox 2381 3685 2440 3723; x_wconf 87' lang='lat' dir='ltr'><strong>se</strong></span> <span class='ocrx_word' id='word_1_685' title='bbox 2465 3683 2527 3722; x_wconf 81' lang='lat' dir='ltr'><strong>ac</strong></span> <span class='ocrx_word' id='word_1_686' title='bbox 2558 3668 2696 3731; x_wconf 90' lang='lat' dir='ltr'><strong>suis,</strong></span> <span class='ocrx_word' id='word_1_687' title='bbox 2727 3667 3044 3737; x_wconf 85' lang='lat' dir='ltr'><strong>priusquam</strong></span> <span class='ocrx_word' id='word_1_688' title='bbox 3066 3683 3096 3720; x_wconf 89' lang='lat' dir='ltr'><strong>e</strong></span> <span class='ocrx_word' id='word_1_689' title='bbox 3125 3667 3261 3722; x_wconf 90' lang='lat' dir='ltr'><strong>locis</strong></span> <span class='ocrx_word' id='word_1_690' title='bbox 3290 3667 3628 3736; x_wconf 72' lang='lat' dir='ltr'><strong>etutigrarent</strong></span> 
     </span>
    </p>
   </div>
   <div class='ocr_carea' id='block_1_97' title="bbox 2044 3761 3626 3833">
    <p class='ocr_par' dir='ltr' id='par_1_97' title="bbox 2044 3761 3626 3833">
     <span class='ocr_line' id='line_1_97' title="bbox 2044 3761 3626 3833; baseline -0.003 -15"><span class='ocrx_word' id='word_1_691' title='bbox 2044 3780 2166 3833; x_wconf 76' lang='lat' dir='ltr'><strong>qua:</strong></span> <span class='ocrx_word' id='word_1_692' title='bbox 2205 3771 2472 3822; x_wconf 87' lang='lat' dir='ltr'><strong>tenerent,</strong></span> <span class='ocrx_word' id='word_1_693' title='bbox 2502 3772 2789 3816; x_wconf 88' lang='lat' dir='ltr'><strong>numerata</strong></span> <span class='ocrx_word' id='word_1_694' title='bbox 2826 3761 3049 3832; x_wconf 89' lang='lat' dir='ltr'><strong>pecunia</strong></span> <span class='ocrx_word' id='word_1_695' title='bbox 3086 3762 3382 3830; x_wconf 87' lang='lat' dir='ltr'><strong>imperator</strong></span> <span class='ocrx_word' id='word_1_696' title='bbox 3404 3764 3626 3832; x_wconf 85' lang='lat' dir='ltr'><strong>oppida,</strong></span> 
     </span>
    </p>
   </div>
   <div class='ocr_carea' id='block_1_98' title="bbox 2045 3853 3630 3925">
    <p class='ocr_par' dir='ltr' id='par_1_98' title="bbox 2045 3853 3630 3925">
     <span class='ocr_line' id='line_1_98' title="bbox 2045 3853 3630 3925; baseline -0.001 -14"><span class='ocrx_word' id='word_1_697' title='bbox 2045 3857 2230 3918; x_wconf 90' lang='lat' dir='ltr'><strong>urbes,</strong></span> <span class='ocrx_word' id='word_1_698' title='bbox 2251 3870 2407 3910; x_wconf 88' lang='lat' dir='ltr'><strong>arces</strong></span> <span class='ocrx_word' id='word_1_699' title='bbox 2424 3855 2687 3925; x_wconf 85' lang='lat' dir='ltr'><strong>singulas,</strong></span> <span class='ocrx_word' id='word_1_700' title='bbox 2710 3863 3085 3924; x_wconf 62' lang='lat' dir='ltr'><strong>pratereaque</strong></span> <span class='ocrx_word' id='word_1_701' title='bbox 3111 3862 3371 3922; x_wconf 90' lang='lat' dir='ltr'><strong>quotquot</strong></span> <span class='ocrx_word' id='word_1_702' title='bbox 3399 3853 3630 3910; x_wconf 76' lang='lat' dir='ltr'><strong>Romani</strong></span> 
     </span>
    </p>
   </div>
   <div class='ocr_carea' id='block_1_99' title="bbox 2045 3947 3625 4019">
    <p class='ocr_par' dir='ltr' id='par_1_99' title="bbox 2045 3947 3625 4019">
     <span class='ocr_line' id='line_1_99' title="bbox 2045 3947 3625 4019; baseline -0.001 -16"><span class='ocrx_word' id='word_1_703' title='bbox 2045 3949 2260 4019; x_wconf 85' lang='lat' dir='ltr'><strong>generis</strong></span> <span class='ocrx_word' id='word_1_704' title='bbox 2289 3949 2535 4018; x_wconf 87' lang='lat' dir='ltr'><strong>captivos</strong></span> <span class='ocrx_word' id='word_1_705' title='bbox 2566 3949 2619 4002; x_wconf 92' lang='lat' dir='ltr'><strong>in</strong></span> <span class='ocrx_word' id='word_1_706' title='bbox 2651 3947 2918 4003; x_wconf 87' lang='lat' dir='ltr'><strong>custodiis</strong></span> <span class='ocrx_word' id='word_1_707' title='bbox 2959 3956 3265 4012; x_wconf 85' lang='lat' dir='ltr'><strong>servarent,</strong></span> <span class='ocrx_word' id='word_1_708' title='bbox 3313 3947 3625 4002; x_wconf 89' lang='lat' dir='ltr'><strong>redimeret.</strong></span> 
     </span>
    </p>
   </div>
   <div class='ocr_carea' id='block_1_100' title="bbox 2042 4039 3628 4110">
    <p class='ocr_par' dir='ltr' id='par_1_100' title="bbox 2042 4039 3628 4110">
     <span class='ocr_line' id='line_1_100' title="bbox 2042 4039 3628 4110; baseline -0.003 -11"><span class='ocrx_word' id='word_1_709' title='bbox 2042 4043 2280 4100; x_wconf 84' lang='lat' dir='ltr'><strong>Jubebat</strong></span> <span class='ocrx_word' id='word_1_710' title='bbox 2319 4043 2452 4096; x_wconf 85' lang='lat' dir='ltr'><strong>item</strong></span> <span class='ocrx_word' id='word_1_711' title='bbox 2491 4039 2645 4095; x_wconf 90' lang='lat' dir='ltr'><strong>reddi</strong></span> <span class='ocrx_word' id='word_1_712' title='bbox 2667 4041 2734 4094; x_wconf 88' lang='lat' dir='ltr'><strong>ad</strong></span> <span class='ocrx_word' id='word_1_713' title='bbox 2767 4055 3020 4094; x_wconf 77' lang='lat' dir='ltr'><strong>exactum</strong></span> <span class='ocrx_word' id='word_1_714' title='bbox 3052 4039 3316 4094; x_wconf 90' lang='lat' dir='ltr'><strong>militibus</strong></span> <span class='ocrx_word' id='word_1_715' title='bbox 3361 4041 3628 4110; x_wconf 87' lang='lat' dir='ltr'><strong>stipendia</strong></span> 
     </span>
    </p>
   </div>
   <div class='ocr_carea' id='block_1_101' title="bbox 2043 4131 3626 4198">
    <p class='ocr_par' dir='ltr' id='par_1_101' title="bbox 2043 4131 3626 4198">
     <span class='ocr_line' id='line_1_101' title="bbox 2043 4131 3626 4198; baseline -0.006 -4"><span class='ocrx_word' id='word_1_716' title='bbox 2043 4147 2240 4194; x_wconf 91' lang='lat' dir='ltr'><strong>cuncta</strong></span> <span class='ocrx_word' id='word_1_717' title='bbox 2268 4147 2416 4191; x_wconf 89' lang='lat' dir='ltr'><strong>retro</strong></span> <span class='ocrx_word' id='word_1_718' title='bbox 2443 4134 2643 4190; x_wconf 87' lang='lat' dir='ltr'><strong>debita.</strong></span> <span class='ocrx_word' id='word_1_719' title='bbox 2675 4131 2739 4186; x_wconf 84' lang='lat' dir='ltr'><strong>Ni</strong></span> <span class='ocrx_word' id='word_1_720' title='bbox 2764 4132 2880 4186; x_wconf 87' lang='lat' dir='ltr'><strong>haec</strong></span> <span class='ocrx_word' id='word_1_721' title='bbox 2911 4131 3129 4198; x_wconf 84' lang='lat' dir='ltr'><strong>ﬁerent,</strong></span> <span class='ocrx_word' id='word_1_722' title='bbox 3161 4131 3520 4186; x_wconf 84' lang='lat' dir='ltr'><strong>denuntiabat</strong></span> <span class='ocrx_word' id='word_1_723' title='bbox 3546 4145 3626 4195; x_wconf 85' lang='lat' dir='ltr'><strong>se,</strong></span> 
     </span>
    </p>
   </div>
   <div class='ocr_carea' id='block_1_102' title="bbox 2047 4223 3630 4301">
    <p class='ocr_par' dir='ltr' id='par_1_102' title="bbox 2047 4223 3630 4301">
     <span class='ocr_line' id='line_1_102' title="bbox 2047 4223 3630 4301; baseline -0.006 -16"><span class='ocrx_word' id='word_1_724' title='bbox 2047 4239 2242 4301; x_wconf 73' lang='lat' dir='ltr'><strong>praeter</strong></span> <span class='ocrx_word' id='word_1_725' title='bbox 2262 4241 2397 4297; x_wconf 91' lang='lat' dir='ltr'><strong>quas</strong></span> <span class='ocrx_word' id='word_1_726' title='bbox 2416 4227 2524 4297; x_wconf 84' lang='lat' dir='ltr'><strong>jam</strong></span> <span class='ocrx_word' id='word_1_727' title='bbox 2559 4231 2923 4293; x_wconf 86' lang='lat' dir='ltr'><strong>occupassent</strong></span> <span class='ocrx_word' id='word_1_728' title='bbox 2947 4223 3108 4278; x_wconf 91' lang='lat' dir='ltr'><strong>urbes</strong></span> <span class='ocrx_word' id='word_1_729' title='bbox 3129 4231 3182 4278; x_wconf 90' lang='lat' dir='ltr'><strong>et</strong></span> <span class='ocrx_word' id='word_1_730' title='bbox 3211 4237 3392 4290; x_wconf 88' lang='lat' dir='ltr'><strong>arces,</strong></span> <span class='ocrx_word' id='word_1_731' title='bbox 3418 4223 3630 4293; x_wconf 89' lang='lat' dir='ltr'><strong>reliqua</strong></span> 
     </span>
    </p>
   </div>
   <div class='ocr_carea' id='block_1_103' title="bbox 2046 4315 3629 4391">
    <p class='ocr_par' dir='ltr' id='par_1_103' title="bbox 2046 4315 3629 4391">
     <span class='ocr_line' id='line_1_103' title="bbox 2046 4315 3629 4391; baseline -0.004 -17"><span class='ocrx_word' id='word_1_732' title='bbox 2046 4321 2252 4391; x_wconf 89' lang='lat' dir='ltr'><strong>pariter</strong></span> <span class='ocrx_word' id='word_1_733' title='bbox 2281 4318 2398 4373; x_wconf 89' lang='lat' dir='ltr'><strong>loca</strong></span> <span class='ocrx_word' id='word_1_734' title='bbox 2429 4315 2776 4381; x_wconf 86' lang='lat' dir='ltr'><strong>subacturos,</strong></span> <span class='ocrx_word' id='word_1_735' title='bbox 2809 4329 2988 4382; x_wconf 89' lang='lat' dir='ltr'><strong>neque</strong></span> <span class='ocrx_word' id='word_1_736' title='bbox 3022 4315 3189 4368; x_wconf 90' lang='lat' dir='ltr'><strong>ullum</strong></span> <span class='ocrx_word' id='word_1_737' title='bbox 3220 4315 3542 4370; x_wconf 84' lang='lat' dir='ltr'><strong>hostilitatis</strong></span> <span class='ocrx_word' id='word_1_738' title='bbox 3573 4316 3629 4369; x_wconf 91' lang='lat' dir='ltr'><strong>in</strong></span> 
     </span>
    </p>
   </div>
   <div class='ocr_carea' id='block_1_104' title="bbox 2045 4406 3630 4476">
    <p class='ocr_par' dir='ltr' id='par_1_104' title="bbox 2045 4406 3630 4476">
     <span class='ocr_line' id='line_1_104' title="bbox 2045 4406 3630 4476; baseline -0.004 -6"><span class='ocrx_word' id='word_1_739' title='bbox 2045 4416 2325 4470; x_wconf 79' lang='lat' dir='ltr'><strong>Romanos</strong></span> <span class='ocrx_word' id='word_1_740' title='bbox 2351 4407 2666 4464; x_wconf 66' lang='lat' dir='ltr'><strong>exercendae</strong></span> <span class='ocrx_word' id='word_1_741' title='bbox 2687 4408 2993 4462; x_wconf 88' lang='lat' dir='ltr'><strong>omissuros</strong></span> <span class='ocrx_word' id='word_1_742' title='bbox 3015 4419 3210 4475; x_wconf 89' lang='lat' dir='ltr'><strong>genus,</strong></span> <span class='ocrx_word' id='word_1_743' title='bbox 3236 4406 3478 4476; x_wconf 90' lang='lat' dir='ltr'><strong>atquein</strong></span> <span class='ocrx_word' id='word_1_744' title='bbox 3509 4406 3630 4464; x_wconf 91' lang='lat' dir='ltr'><strong>istis</strong></span> 
     </span>
    </p>
   </div>
   <div class='ocr_carea' id='block_1_105' title="bbox 1971 4497 3631 4577">
    <p class='ocr_par' dir='ltr' id='par_1_105' title="bbox 1971 4497 3631 4577">
     <span class='ocr_line' id='line_1_105' title="bbox 1971 4497 3631 4577; baseline -0.005 -16"><span class='ocrx_word' id='word_1_745' title='bbox 1971 4513 2017 4570; x_wconf 83' lang='grc' dir='ltr'>ο</span> <span class='ocrx_word' id='word_1_746' title='bbox 2047 4502 2328 4577; x_wconf 86' lang='lat' dir='ltr'><strong>proposito</strong></span> <span class='ocrx_word' id='word_1_747' title='bbox 2362 4509 2417 4555; x_wconf 89' lang='lat' dir='ltr'><strong>et</strong></span> <span class='ocrx_word' id='word_1_748' title='bbox 2450 4509 2648 4554; x_wconf 88' lang='lat' dir='ltr'><strong>conatu</strong></span> <span class='ocrx_word' id='word_1_749' title='bbox 2682 4497 2917 4553; x_wconf 89' lang='lat' dir='ltr'><strong>bellandi</strong></span> <span class='ocrx_word' id='word_1_750' title='bbox 2966 4513 3028 4551; x_wconf 91' lang='lat' dir='ltr'><strong>ac</strong></span> <span class='ocrx_word' id='word_1_751' title='bbox 3058 4497 3338 4566; x_wconf 68' lang='lat' dir='ltr'><strong>praeliandi</strong></span> <span class='ocrx_word' id='word_1_752' title='bbox 3374 4512 3631 4566; x_wconf 76' lang='lat' dir='ltr'><strong>perseve-</strong></span> 
     </span>
    </p>
   </div>
   <div class='ocr_carea' id='block_1_106' title="bbox 2047 4588 3630 4662">
    <p class='ocr_par' dir='ltr' id='par_1_106' title="bbox 2047 4588 3630 4662">
     <span class='ocr_line' id='line_1_106' title="bbox 2047 4588 3630 4662; baseline -0.006 -8"><span class='ocrx_word' id='word_1_753' title='bbox 2047 4610 2264 4655; x_wconf 87' lang='lat' dir='ltr'><strong>raturos</strong></span> <span class='ocrx_word' id='word_1_754' title='bbox 2304 4594 2372 4649; x_wconf 91' lang='lat' dir='ltr'><strong>ad</strong></span> <span class='ocrx_word' id='word_1_755' title='bbox 2417 4601 2726 4646; x_wconf 77' lang='lat' dir='ltr'><strong>extremum</strong></span> <span class='ocrx_word' id='word_1_756' title='bbox 2773 4591 3230 4662; x_wconf 86' lang='lat' dir='ltr'><strong>irrevocabiliter.</strong></span> <span class='ocrx_word' id='word_1_757' title='bbox 3279 4588 3490 4644; x_wconf 91' lang='lat' dir='ltr'><strong>Similia</strong></span> <span class='ocrx_word' id='word_1_758' title='bbox 3538 4606 3630 4644; x_wconf 84' lang='lat' dir='ltr'><strong>re-</strong></span> 
     </span>
    </p>
   </div>
   <div class='ocr_carea' id='block_1_107' title="bbox 2045 4680 3632 4760">
    <p class='ocr_par' dir='ltr' id='par_1_107' title="bbox 2045 4680 3632 4760">
     <span class='ocr_line' id='line_1_107' title="bbox 2045 4680 3632 4760; baseline -0.006 -14"><span class='ocrx_word' id='word_1_759' title='bbox 2045 4689 2260 4760; x_wconf 84' lang='lat' dir='ltr'><strong>spondit</strong></span> <span class='ocrx_word' id='word_1_760' title='bbox 2281 4687 2518 4756; x_wconf 80' lang='lat' dir='ltr'><strong>Madyto,</strong></span> <span class='ocrx_word' id='word_1_761' title='bbox 2543 4684 2630 4739; x_wconf 91' lang='lat' dir='ltr'><strong>ubi</strong></span> <span class='ocrx_word' id='word_1_762' title='bbox 2653 4694 2793 4748; x_wconf 87' lang='lat' dir='ltr'><strong>erat,</strong></span> <span class='ocrx_word' id='word_1_763' title='bbox 2823 4683 2964 4737; x_wconf 90' lang='lat' dir='ltr'><strong>alius</strong></span> <span class='ocrx_word' id='word_1_764' title='bbox 2983 4684 3088 4736; x_wconf 81' lang='lat' dir='ltr'><strong>dux</strong></span> <span class='ocrx_word' id='word_1_765' title='bbox 3121 4680 3436 4736; x_wconf 86' lang='lat' dir='ltr'><strong>Latinorum</strong></span> <span class='ocrx_word' id='word_1_766' title='bbox 3463 4682 3632 4754; x_wconf 72' lang='lat'><strong>626</strong></span> 
     </span>
    </p>
   </div>
   <div class='ocr_carea' id='block_1_108' title="bbox 2045 4773 3631 4844">
    <p class='ocr_par' dir='ltr' id='par_1_108' title="bbox 2045 4773 3631 4844">
     <span class='ocr_line' id='line_1_108' title="bbox 2045 4773 3631 4844; baseline -0.006 -7"><span class='ocrx_word' id='word_1_767' title='bbox 2045 4782 2335 4837; x_wconf 88' lang='lat' dir='ltr'><strong>Pharenda</strong></span> <span class='ocrx_word' id='word_1_768' title='bbox 2353 4777 2590 4842; x_wconf 84' lang='lat' dir='ltr'><strong>Tzimes,</strong></span> <span class='ocrx_word' id='word_1_769' title='bbox 2615 4790 2885 4830; x_wconf 81' lang='lat' dir='ltr'><strong>excusans</strong></span> <span class='ocrx_word' id='word_1_770' title='bbox 2909 4789 3006 4844; x_wconf 91' lang='lat' dir='ltr'><strong>per</strong></span> <span class='ocrx_word' id='word_1_771' title='bbox 3028 4773 3252 4828; x_wconf 88' lang='lat' dir='ltr'><strong>missum</strong></span> <span class='ocrx_word' id='word_1_772' title='bbox 3279 4775 3530 4840; x_wconf 89' lang='lat' dir='ltr'><strong>privatim</strong></span> <span class='ocrx_word' id='word_1_773' title='bbox 3561 4779 3631 4827; x_wconf 87' lang='lat' dir='ltr'><strong>ad</strong></span> 
     </span>
    </p>
   </div>
   <div class='ocr_carea' id='block_1_109' title="bbox 2046 4865 3632 4945">
    <p class='ocr_par' dir='ltr' id='par_1_109' title="bbox 2046 4865 3632 4945">
     <span class='ocr_line' id='line_1_109' title="bbox 2046 4865 3632 4945; baseline -0.008 -14"><span class='ocrx_word' id='word_1_774' title='bbox 2046 4879 2430 4945; x_wconf 88' lang='lat' dir='ltr'><strong>imperatorem</strong></span> <span class='ocrx_word' id='word_1_775' title='bbox 2463 4885 2542 4936; x_wconf 88' lang='lat' dir='ltr'><strong>se,</strong></span> <span class='ocrx_word' id='word_1_776' title='bbox 2582 4870 2629 4924; x_wconf 91' lang='lat' dir='ltr'><strong>si</strong></span> <span class='ocrx_word' id='word_1_777' title='bbox 2669 4867 2855 4922; x_wconf 89' lang='lat' dir='ltr'><strong>mitius</strong></span> <span class='ocrx_word' id='word_1_778' title='bbox 2879 4883 3042 4937; x_wconf 90' lang='lat' dir='ltr'><strong>quam</strong></span> <span class='ocrx_word' id='word_1_779' title='bbox 3084 4865 3431 4920; x_wconf 66' lang='lat' dir='ltr'><strong>liomol&#39;ortus</strong></span> <span class='ocrx_word' id='word_1_780' title='bbox 3466 4880 3632 4936; x_wconf 81' lang='lat' dir='ltr'><strong>agere</strong></span> 
     </span>
    </p>
   </div>
   <div class='ocr_carea' id='block_1_110' title="bbox 2045 4957 3630 5028">
    <p class='ocr_par' dir='ltr' id='par_1_110' title="bbox 2045 4957 3630 5028">
     <span class='ocr_line' id='line_1_110' title="bbox 2045 4957 3630 5028; baseline -0.006 -6"><span class='ocrx_word' id='word_1_781' title='bbox 2045 4982 2170 5023; x_wconf 91' lang='lat' dir='ltr'><strong>cum</strong></span> <span class='ocrx_word' id='word_1_782' title='bbox 2214 4962 2475 5019; x_wconf 80' lang='lat' dir='ltr'><strong>Romanis</strong></span> <span class='ocrx_word' id='word_1_783' title='bbox 2510 4959 2694 5027; x_wconf 85' lang='lat' dir='ltr'><strong>vellet,</strong></span> <span class='ocrx_word' id='word_1_784' title='bbox 2732 4969 3096 5028; x_wconf 62' lang='lat' dir='ltr'><strong>praeterquam</strong></span> <span class='ocrx_word' id='word_1_785' title='bbox 3128 4957 3181 5012; x_wconf 90' lang='lat' dir='ltr'><strong>in</strong></span> <span class='ocrx_word' id='word_1_786' title='bbox 3209 4971 3332 5013; x_wconf 86' lang='lat' dir='ltr'><strong>sese</strong></span> <span class='ocrx_word' id='word_1_787' title='bbox 3359 4959 3630 5026; x_wconf 88' lang='lat' dir='ltr'><strong>potentio-</strong></span> 
     </span>
    </p>
   </div>
   <div class='ocr_carea' id='block_1_111' title="bbox 2048 5049 3629 5122">
    <p class='ocr_par' dir='ltr' id='par_1_111' title="bbox 2048 5049 3629 5122">
     <span class='ocr_line' id='line_1_111' title="bbox 2048 5049 3629 5122; baseline -0.008 -7"><span class='ocrx_word' id='word_1_788' title='bbox 2048 5074 2161 5116; x_wconf 91' lang='lat' dir='ltr'><strong>rem</strong></span> <span class='ocrx_word' id='word_1_789' title='bbox 2193 5055 2520 5121; x_wconf 90' lang='lat' dir='ltr'><strong>concitaret,</strong></span> <span class='ocrx_word' id='word_1_790' title='bbox 2547 5055 2713 5110; x_wconf 90' lang='lat' dir='ltr'><strong>etiam</strong></span> <span class='ocrx_word' id='word_1_791' title='bbox 2742 5053 2877 5108; x_wconf 89' lang='lat' dir='ltr'><strong>nihil</strong></span> <span class='ocrx_word' id='word_1_792' title='bbox 2909 5054 2962 5107; x_wconf 92' lang='lat' dir='ltr'><strong>in</strong></span> <span class='ocrx_word' id='word_1_793' title='bbox 2991 5067 3201 5107; x_wconf 85' lang='lat' dir='ltr'><strong>summa</strong></span> <span class='ocrx_word' id='word_1_794' title='bbox 3233 5049 3629 5122; x_wconf 82' lang='lat' dir='ltr'><strong>profecturum.</strong></span> 
     </span>
    </p>
   </div>
   <div class='ocr_carea' id='block_1_112' title="bbox 2044 5143 3629 5221">
    <p class='ocr_par' dir='ltr' id='par_1_112' title="bbox 2044 5143 3629 5221">
     <span class='ocr_line' id='line_1_112' title="bbox 2044 5143 3629 5221; baseline -0.004 -19"><span class='ocrx_word' id='word_1_795' title='bbox 2044 5151 2304 5221; x_wconf 89' lang='lat' dir='ltr'><strong>quoniam</strong></span> <span class='ocrx_word' id='word_1_796' title='bbox 2349 5163 2470 5217; x_wconf 72' lang='lat' dir='ltr'><strong>quae</strong></span> <span class='ocrx_word' id='word_1_797' title='bbox 2518 5145 2836 5200; x_wconf 78' lang='lat' dir='ltr'><strong>Romolorto</strong></span> <span class='ocrx_word' id='word_1_798' title='bbox 2871 5144 3104 5214; x_wconf 75' lang='lat' dir='ltr'><strong>preprize</strong></span> <span class='ocrx_word' id='word_1_799' title='bbox 3139 5146 3401 5213; x_wconf 87' lang='lat' dir='ltr'><strong>parebant</strong></span> <span class='ocrx_word' id='word_1_800' title='bbox 3435 5143 3629 5212; x_wconf 65' lang='lat' dir='ltr'><strong>copiaa,</strong></span> 
     </span>
    </p>
   </div>
   <div class='ocr_carea' id='block_1_113' title="bbox 2048 5236 3630 5314">
    <p class='ocr_par' dir='ltr' id='par_1_113' title="bbox 2048 5236 3630 5314">
     <span class='ocr_line' id='line_1_113' title="bbox 2048 5236 3630 5314; baseline -0.007 -15"><span class='ocrx_word' id='word_1_801' title='bbox 2048 5243 2248 5314; x_wconf 87' lang='lat' dir='ltr'><strong>triplici</strong></span> <span class='ocrx_word' id='word_1_802' title='bbox 2269 5255 2468 5312; x_wconf 88' lang='lat' dir='ltr'><strong>genere</strong></span> <span class='ocrx_word' id='word_1_803' title='bbox 2483 5247 2820 5302; x_wconf 89' lang='lat' dir='ltr'><strong>constantes,</strong></span> <span class='ocrx_word' id='word_1_804' title='bbox 2841 5237 3145 5291; x_wconf 86' lang='lat' dir='ltr'><strong>Turcorum</strong></span> <span class='ocrx_word' id='word_1_805' title='bbox 3165 5236 3630 5306; x_wconf 81' lang='lat' dir='ltr'><strong>Amogabarorum</strong></span> 
     </span>
    </p>
   </div>
   <div class='ocr_carea' id='block_1_114' title="bbox 2045 5327 3635 5404">
    <p class='ocr_par' dir='ltr' id='par_1_114' title="bbox 2045 5327 3635 5404">
     <span class='ocr_line' id='line_1_114' title="bbox 2045 5327 3635 5404; baseline -0.007 -13"><span class='ocrx_word' id='word_1_806' title='bbox 2045 5347 2100 5392; x_wconf 92' lang='lat' dir='ltr'><strong>et</strong></span> <span class='ocrx_word' id='word_1_807' title='bbox 2135 5335 2536 5404; x_wconf 74' lang='lat' dir='ltr'><strong>transfugarum</strong></span> <span class='ocrx_word' id='word_1_808' title='bbox 2573 5331 2630 5386; x_wconf 91' lang='lat' dir='ltr'><strong>in</strong></span> <span class='ocrx_word' id='word_1_809' title='bbox 2678 5331 2800 5401; x_wconf 84' lang='lat' dir='ltr'><strong>ejus</strong></span> <span class='ocrx_word' id='word_1_810' title='bbox 2830 5342 3010 5385; x_wconf 84' lang='lat' dir='ltr'><strong>caStra</strong></span> <span class='ocrx_word' id='word_1_811' title='bbox 3045 5344 3112 5384; x_wconf 80' lang='lat' dir='ltr'><strong>ex</strong></span> <span class='ocrx_word' id='word_1_812' title='bbox 3159 5327 3420 5385; x_wconf 89' lang='lat' dir='ltr'><strong>Orientali</strong></span> <span class='ocrx_word' id='word_1_813' title='bbox 3454 5328 3635 5382; x_wconf 81' lang='lat' dir='ltr'><strong>conti-</strong></span> 
     </span>
    </p>
   </div>
   <div class='ocr_carea' id='block_1_115' title="bbox 2049 5422 3633 5493">
    <p class='ocr_par' dir='ltr' id='par_1_115' title="bbox 2049 5422 3633 5493">
     <span class='ocr_line' id='line_1_115' title="bbox 2049 5422 3633 5493; baseline -0.005 -11"><span class='ocrx_word' id='word_1_814' title='bbox 2049 5436 2210 5482; x_wconf 89' lang='lat' dir='ltr'><strong>nente</strong></span> <span class='ocrx_word' id='word_1_815' title='bbox 2235 5427 2626 5490; x_wconf 78' lang='lat' dir='ltr'><strong>Romanorum,</strong></span> <span class='ocrx_word' id='word_1_816' title='bbox 2649 5423 2740 5493; x_wconf 90' lang='lat' dir='ltr'><strong>qui</strong></span> <span class='ocrx_word' id='word_1_817' title='bbox 2765 5433 2987 5477; x_wconf 89' lang='lat' dir='ltr'><strong>tonsura</strong></span> <span class='ocrx_word' id='word_1_818' title='bbox 3011 5422 3334 5493; x_wconf 85' lang='lat' dir='ltr'><strong>capillorum</strong></span> <span class='ocrx_word' id='word_1_819' title='bbox 3358 5430 3414 5474; x_wconf 91' lang='lat' dir='ltr'><strong>et</strong></span> <span class='ocrx_word' id='word_1_820' title='bbox 3440 5433 3633 5474; x_wconf 84' lang='lat' dir='ltr'><strong>rasura</strong></span> 
     </span>
    </p>
   </div>
   <div class='ocr_carea' id='block_1_116' title="bbox 2046 5512 3633 5586">
    <p class='ocr_par' dir='ltr' id='par_1_116' title="bbox 2046 5512 3633 5586">
     <span class='ocr_line' id='line_1_116' title="bbox 2046 5512 3633 5586; baseline -0.006 -12"><span class='ocrx_word' id='word_1_821' title='bbox 2046 5518 2232 5574; x_wconf 85' lang='lat' dir='ltr'><strong>barbae</strong></span> <span class='ocrx_word' id='word_1_822' title='bbox 2272 5529 2393 5572; x_wconf 88' lang='lat' dir='ltr'><strong>sese</strong></span> <span class='ocrx_word' id='word_1_823' title='bbox 2427 5513 2783 5586; x_wconf 85' lang='lat' dir='ltr'><strong>Amogabaris</strong></span> <span class='ocrx_word' id='word_1_824' title='bbox 2825 5513 3029 5568; x_wconf 89' lang='lat' dir='ltr'><strong>similes</strong></span> <span class='ocrx_word' id='word_1_825' title='bbox 3069 5512 3332 5578; x_wconf 81' lang='lat' dir='ltr'><strong>fecerant,</strong></span> <span class='ocrx_word' id='word_1_826' title='bbox 3376 5520 3435 5564; x_wconf 92' lang='lat' dir='ltr'><strong>ut</strong></span> <span class='ocrx_word' id='word_1_827' title='bbox 3472 5525 3536 5564; x_wconf 80' lang='lat' dir='ltr'><strong>ex</strong></span> <span class='ocrx_word' id='word_1_828' title='bbox 3566 5525 3633 5564; x_wconf 80' lang='lat' dir='ltr'><strong>ea</strong></span> 
     </span>
    </p>
   </div>
   <div class='ocr_carea' id='block_1_117' title="bbox 2047 5604 3632 5680">
    <p class='ocr_par' dir='ltr' id='par_1_117' title="bbox 2047 5604 3632 5680">
     <span class='ocr_line' id='line_1_117' title="bbox 2047 5604 3632 5680; baseline -0.006 -14"><span class='ocrx_word' id='word_1_829' title='bbox 2047 5625 2170 5666; x_wconf 89' lang='lat' dir='ltr'><strong>esse</strong></span> <span class='ocrx_word' id='word_1_830' title='bbox 2202 5617 2361 5680; x_wconf 88' lang='lat' dir='ltr'><strong>gente</strong></span> <span class='ocrx_word' id='word_1_831' title='bbox 2398 5608 2739 5672; x_wconf 85' lang='lat' dir='ltr'><strong>viderentur,</strong></span> <span class='ocrx_word' id='word_1_832' title='bbox 2776 5607 2916 5671; x_wconf 85' lang='lat' dir='ltr'><strong>istae,</strong></span> <span class='ocrx_word' id='word_1_833' title='bbox 2961 5607 3204 5673; x_wconf 86' lang='lat' dir='ltr'><strong>inquam,</strong></span> <span class='ocrx_word' id='word_1_834' title='bbox 3259 5604 3397 5656; x_wconf 90' lang='lat' dir='ltr'><strong>adeo</strong></span> <span class='ocrx_word' id='word_1_835' title='bbox 3441 5618 3632 5656; x_wconf 85' lang='lat' dir='ltr'><strong>nume-</strong></span> 
     </span>
    </p>
   </div>
   <div class='ocr_carea' id='block_1_118' title="bbox 2048 5694 3626 5770">
    <p class='ocr_par' dir='ltr' id='par_1_118' title="bbox 2048 5694 3626 5770">
     <span class='ocr_line' id='line_1_118' title="bbox 2048 5694 3626 5770; baseline -0.006 -13"><span class='ocrx_word' id='word_1_836' title='bbox 2048 5717 2186 5757; x_wconf 67' lang='lat' dir='ltr'><strong>rosm</strong></span> <span class='ocrx_word' id='word_1_837' title='bbox 2210 5717 2274 5758; x_wconf 88' lang='lat' dir='ltr'><strong>ac</strong></span> <span class='ocrx_word' id='word_1_838' title='bbox 2298 5701 2470 5757; x_wconf 80' lang='lat' dir='ltr'><strong>fortes</strong></span> <span class='ocrx_word' id='word_1_839' title='bbox 2501 5701 2691 5770; x_wconf 69' lang='lat' dir='ltr'><strong>copiae,</strong></span> <span class='ocrx_word' id='word_1_840' title='bbox 2727 5699 2964 5764; x_wconf 90' lang='lat' dir='ltr'><strong>abunde,</strong></span> <span class='ocrx_word' id='word_1_841' title='bbox 3005 5713 3065 5753; x_wconf 91' lang='lat' dir='ltr'><strong>se</strong></span> <span class='ocrx_word' id='word_1_842' title='bbox 3097 5694 3498 5767; x_wconf 87' lang='lat' dir='ltr'><strong>quantumlibet</strong></span> <span class='ocrx_word' id='word_1_843' title='bbox 3519 5707 3626 5748; x_wconf 83' lang='lat' dir='ltr'><strong>ces-</strong></span> 
     </span>
    </p>
   </div>
   <div class='ocr_carea' id='block_1_119' title="bbox 2047 5784 3633 5861">
    <p class='ocr_par' dir='ltr' id='par_1_119' title="bbox 2047 5784 3633 5861">
     <span class='ocr_line' id='line_1_119' title="bbox 2047 5784 3633 5861; baseline -0.008 -9"><span class='ocrx_word' id='word_1_844' title='bbox 2047 5803 2224 5861; x_wconf 81' lang='lat' dir='ltr'><strong>sante,</strong></span> <span class='ocrx_word' id='word_1_845' title='bbox 2249 5791 2564 5851; x_wconf 80' lang='lat' dir='ltr'><strong>sutl&#39;ecturae</strong></span> <span class='ocrx_word' id='word_1_846' title='bbox 2591 5790 2770 5849; x_wconf 81' lang='lat' dir='ltr'><strong>forent</strong></span> <span class='ocrx_word' id='word_1_847' title='bbox 2803 5791 2872 5846; x_wconf 84' lang='lat' dir='ltr'><strong>ad</strong></span> <span class='ocrx_word' id='word_1_848' title='bbox 2900 5787 3099 5846; x_wconf 87' lang='lat' dir='ltr'><strong>bellum</strong></span> <span class='ocrx_word' id='word_1_849' title='bbox 3128 5796 3284 5844; x_wconf 81' lang='lat' dir='ltr'><strong>atrox</strong></span> <span class='ocrx_word' id='word_1_850' title='bbox 3310 5785 3366 5841; x_wconf 89' lang='lat' dir='ltr'><strong>in</strong></span> <span class='ocrx_word' id='word_1_851' title='bbox 3391 5784 3633 5857; x_wconf 83' lang='lat' dir='ltr'><strong>impera-</strong></span> 
     </span>
    </p>
   </div>
  </div>
