4046 6390
511 313 613 379 687

1702 316 1745 374 Ο
1757 315 1956 375 EORG
1970 314 2027 375 Ii
2068 314 2425 376 PACHYME
2437 318 2477 374 il
2490 315 2552 374 [Ε

3657 319 3752 380 093

509 429 795 480 συνέϐαινε
848 424 957 478 τῶν
995 425 1089 478 ἐπὶ
1127 425 1225 494 τῆς
1278 425 1487 488 πόλεως
1541 425 1812 486 ἅπτεσθαι
1849 427 1944 496 (αἱ
1979 426 2088 498 γάρ
2122 437 2165 491 Α
2195 429 2700 498 ἀναγκαζομένους,
2739 427 2825 500 [Ρ.
2861 426 2988 499 457]
3031 427 3153 480 ἐπεί
3185 446 3306 480 ποτε
3335 431 3424 481 καὶ
3451 432 3587 492 ἐντὸς
3626 440 3753 490 ἐκεῖ.

506 519 770 587 δυνάμεις
795 517 1205 570 ἐπιλελοίπασιν
1226 519 1267 587 ),
1295 519 1326 588 ἢ
1357 521 1474 588 Θεῷ
1513 524 1612 589 τὴν
1645 521 1800 590 δίκην
1835 520 2090 574 ἀνατιθέ-

507 629 598 665 ναι
636 610 730 663 xui
774 609 904 680 παρ’
962 610 1172 662 ἐκείνου
1211 609 1397 679 ζητεῖν
1453 613 1553 682 τὴν
1587 629 1682 665 του
1715 612 2088 682 ἐκκεχυμένον

509 704 713 764 ἀδίκως
741 701 1029 771 ἐκδίκησιν
1047 703 1280 771 αἵματος
1307 705 1456 773 ὅμως
1495 705 1551 757 δέ
1578 705 1674 757 καὶ
1703 706 1772 757 τά
1791 705 1997 758 δυνατά
2040 705 2089 756 οἱ

513 797 651 866 πρὸς
686 794 746 848 τὸ
774 793 1059 863 παρεστὼς
1085 796 1184 846 οὐκ
1211 795 1407 864 ἠμέλει
1441 799 1636 848 ποιεῖν.
1663 796 1754 864 Τῷ
1774 796 1880 866 γὰρ
1913 795 2092 864 Δούκᾳ

511 890 606 940 καὶ
638 887 860 956 μεγάλῳ
916 887 1272 958 ἑταιρειάρχῃ
1325 887 1383 951 ἐξ
1417 887 1734 956 ἀξιώματος
1769 888 2092 956 συχνότερον

516 981 752 1049 πέμπων
781 979 1095 1043 ἐπέσκηπτε
1128 977 1250 1031 κατ’
1282 977 1427 1047 ἴχνος
1465 981 1650 1049 ἠρέμα
1674 981 1788 1042 τοῖς
1819 979 2091 1046 ἀλάστορ-

515 1091 600 1126 σιν
646 1073 901 1136 ἕπεσθαι,
941 1073 1064 1124 ἐπεὶ
1121 1073 1182 1123 οὐ
1241 1073 1446 1125 δυνατὰ
1478 1069 1546 1143 ἧν
1597 1073 1740 1124 κατά
1793 1072 2090 1142 πρόσωπον

511 1169 676 1217 παντὶ
709 1164 785 1233 τῷ
823 1166 1132 1233 συστήματι
1160 1163 1598 1217 ἀντιτάττεσθαι.
1631 1164 1799 1216 Ὅθεν
1828 1166 1920 1217 καὶ
1936 1159 2092 1228 οὗτος

515 1257 615 1326 μὲν
669 1257 960 1326 ἐμπίπτων
1021 1255 1286 1317 πολλάκις
1325 1256 1384 1320 ἐξ
1432 1256 1672 1322 ἀφανοῦς
1702 1257 1762 1308 τὸ
1817 1257 2091 1328 οὐραγοῦν

511 1347 768 1417 ἐζημίου,
802 1350 865 1400 ἐκ
897 1347 952 1400 δέ
985 1348 1027 1399 Τ
1033 1347 1328 1417 ζουρουλοῦ
1357 1349 1406 1400 oi
1433 1349 1580 1411 ἐντὸς
1603 1349 2092 1420 ἀναθαρσήσαντες

508 1442 912 1511 ἀνδρικώτερον
952 1442 1354 1513 προσϐάλλουσι
1423 1441 1719 1510 Ῥαιδεστῷ
1772 1443 1867 1495 καὶ
1903 1441 2091 1504 κακῶς

507 1535 638 1595 τοὺς
669 1536 784 1586 ἐκεῖ
823 1534 1015 1604 δρῶσι,
1050 1535 1184 1604 πρὸς
1212 1533 1290 1602 τῷ
1318 1534 1410 1587 καὶ
1441 1534 1592 1587 λείαν
1618 1535 1814 1603 ἱκανὴν
1853 1534 2091 1603 περιϐα-

504 1627 717 1680 λέσθαι.
784 1629 849 1679 "U
885 1627 948 1696 δὴ
989 1628 1084 1680 καὶ
1135 1628 1362 1696 γεγονὸς
1417 1627 1598 1696 δῆλον.
1651 1628 1726 1690 ὡς
1751 1627 1943 1694 ἔδειξε,
1978 1631 2094 1690 τοῖς

503 1719 737 1791 ἐχθροῖς,
771 1720 837 1785 ,οἱ
900 1719 958 1772 δὲ
987 1719 1122 1790 πρὸς
1167 1720 1230 1772 τὸ
1263 1721 1428 1790 τυχὸν
1460 1719 1717 1780 λαϐόντες
1751 1719 2090 1773 ὀπισθόπουν

2199 539 2278 573 νοι
2325 521 2581 578 λαθόντες
2645 521 2929 587 ἐγένοντο,
2982 521 3031 572 εί
3090 521 3184 572 καὶ
3232 519 3390 583 αὖθις
3438 522 3750 593 φοϐηθέντες

2199 613 2454 684 ἐξῄεσαν,
2501 614 2600 683 οὐχ
2649 613 2826 666 ἱκανοὶ
2858 613 2919 666 τὸ
2971 613 3174 683 πλῆθος
3226 614 3382 677 ὄντες
3432 617 3752 686 κατέκειντο

2199 706 2483 777 φρούριον,
2517 705 2852 758 καταϐολαῖε
2877 705 3236 774 τεταγμένων
3280 706 3452 760 τελῶν
3475 709 3572 771 τὰς
3608 725 3757 762 σπον-

2196 799 2290 861 δὰς
2323 799 2598 852 ὠνεῖσθαι.
2633 798 2758 858 Τοῖς
2799 797 2855 850 δὲ
2887 799 3150 851 καὶκατὰ
3184 798 3282 866 τὴν
3313 799 3540 866 Μηλὲαν
3572 816 3757 869 τραχυ-

2199 891 2443 959 νομένοις
2487 889 2584 942 καὶ
2617 888 2833 952 πολλοῖς
2857 889 2915 940 ἐν
2941 887 3090 956 αὐτῷ
3115 889 3348 940 συστᾶσι
3376 890 3440 940 τὸ
3457 885 3586 941 ἐκεῖ
3608 890 3758 959 μάχι-

2199 999 2300 1050 μον
2335 981 2602 1048 ἐμπίπτει
2640 978 2735 1032 καὶ
2758 981 2851 1031 ἐπὶ
2875 978 2968 1032 τοῦ
2995 979 3418 1048 προτερήματος
3449 980 3672 1045 γίνεται,
3691 979 3758 1041 ὼς

2197 1075 2296 1142 τῆς
2329 1071 2498 1140 αὐτῆς
2558 1071 2744 1141 σχεδὸν
2776 1070 2996 1139 ἡμέρας
3025 1070 3217 1137 φήμας
3267 1067 3483 1134 ἀγαθὰς
3517 1068 3607 1122 τὸν
3632 1086 3759 1138 κρα-

2195 1165 2395 1218 τοῦντα
2422 1166 2517 1217 καὶ⁵
2545 1163 2944 1234 ἀμφοτέρωθεν
2990 1161 3271 1227 δέξασθαι.
3305 1163 3494 1228 Ἔδοξε
3524 1160 3580 1214 δὲ
3603 1162 3757 1214 ταῦτα

2197 1248 2305 1312 τῶν
2346 1258 2554 1328 συχνῶν
2581 1257 2808 1311 ἐκείνων
2839 1256 3126 1310 λιτανειῶν
3148 1255 3243 1309 τοῦ
3273 1253 3756 1326 πατριαρχεύοντος

2198 1355 2501 1421 κάρπωμα,
2535 1350 2630 1403 κοιλ⁵
2654 1346 2721 1420 ἦν
2755 1348 3010 1402 ἐντεῦθεν
3052 1352 3164 1411 τοῖς
3203 1348 3548 1419 γεωργοῦσιν
3573 1348 3756 1414 ἐξιέναι

2196 1445 2340 1496 κατὰ
2369 1445 2579 1512 σπορὰν
2605 1441 2714 1494 τῶν
2749 1441 3072 1511 καρπίμων,
3103 1442 3150 1494 εἰ
3175 1442 3282 1494 καὶ·
3303 1438 3462 1503 αὖθις
3493 1439 3639 1493 ἔνθεν
3672 1440 3757 1508 μὲν

2197 1536 2230 1604 ἡ
2261 1535 2369 1586 τῶν
2396 1533 2608 1603 ἐχθρῶν
2636 1533 2941 1602 προσδοκία
2959 1533 3055 1586 καὶ
3083 1534 3112 1586 ὁ
3141 1531 3358 1585 ἐκεῖθεν
3391 1532 3575 1600 φόϐος,
3597 1530 3756 1584 ἐντεῦ-

2195 1629 2287 1682 θεν
2316 1627 2490 1681 δὲκαὶ
2527 1629 2586 1678 τὸ
2619 1625 2968 1680 κεκωλῦσθαι
3012 1625 3263 1694 σπείρειν
3286 1667 3302 1692 ,
3343 1625 3489 1679 οὕτω
3516 1626 3611 1694 τῆς
3645 1623 3760 1692 περὶ

2197 1723 2289 1774 τὸν
2317 1721 2542 1790 βασιλέα
2575 1719 2956 1789 δοκιμασάσης
2992 1717 3193 1788 βουλῆς
3214 1718 3290 1783 ὡς
3323 1718 3400 1790 μὴ
3419 1721 3532 1780 τοῖς
3564 1717 3758 1788 ἐχθροῖς

499 1781 864 1881 την-πορείαν
892 1781 1212 1884 πεποίηντο.
1247 1781 1469 1884 Οὑσμὴν
1501 1813 1548 1865 δ’
1576 1811 1716 1865 ἀλλὰ
1751 1811 1862 1865 οὐδ’
1886 1813 1934 1864 οἱ
1957 1812 2087 1864 καθ’
2117 1781 2164 1840 Β
2186 1816 2250 1876 ἐς
2301 1781 2478 1866 νέωτα
2537 1781 2807 1882 σπείρειν,
2856 1781 3220 1879 ἀριστοτέρας
3273 1781 3750 1880 τάςὸρμάςέηίὶῶν

506 1904 582 1956 ἐω
614 1907 718 1974 τῆς
745 1907 979 1975 περαίας
1009 1906 1241 1974 Τοῦρκοι
1262 1904 1446 1966 καλῶς
1485 1905 1918 1975 ἀπηλλάττοντο,
1951 1904 2089 1958 ἀλλὰ

508 1998 773 2060 πολλάκις
803 1998 1180 2068 προσέϐαλλον
1231 1999 1327 2051 καὶ
1374 1997 1602 2059 πολλοὺς
1631 1996 1819 2059 κακῶς
1871 1995 2093 2049 ἐποίουν

506 2092 588 2156 εἰς
612 2093 885 2163 τρυγητὸν
930 2091 1198 2158 ἐξιόντας,
1245 2091 1388 2145 ὥστε
1419 2091 1519 2144 καὶ
1568 2092 1697 2154 τοὺς
1736 2091 1796 2144 ἐν
1819 2091 1898 2161 τῷ
1938 2088 2108 2161 Ἱερῷ

509 2278 694 2330 torem
726 2267 1181 2321 continuandum.
1233 2266 1466 2322 Vixdum
1503 2283 1566 2323 ea
1613 2268 1788 2323 tristia
1832 2247 2094 2338 responsa

507 2363 681 2415 redux
721 2359 902 2414 Abbas
931 2360 1175 2429 Augusw
1214 2363 1543 2426 reddiderat,
1577 2377 1699 2415 cum
1729 2361 1892 2416 duces
1929 2366 2092 2415 Amo-

507 2455 838 2519 gabarorum
868 2454 1124 2507 ordinato
1165 2455 1412 2507 exercitu
1447 2455 1555 2508 iter
1589 2463 1733 2509 recta
1775 2453 2093 2509 Constanti-

507 2544 747 2614 llopolittt
807 2546 1273 2613 pronuntiarunt,
1326 2557 1825 2616 processeruntque
1883 2547 2092 2608 statim,

507 2635 825 2688 instruetam
879 2645 1257 2700 promoventes
1291 2638 1464 2690 aciem
1505 2636 1669 2690 solito
1727 2637 1984 2690 lituorum
2039 2647 2094 2692 et

503 2739 770 2779 cornuum
807 2733 989 2779 cantu.
1036 2723 1203 2779 Fama
1249 2725 1367 2795 ejus
1412 2726 1774 2794 expeditionis
1817 2736 2094 2780 momento

506 2831 723 2883 sparsa,
769 2816 952 2868 ridi-re
970 2818 1170 2884 passim
1197 2827 1318 2871 erat
1346 2825 1617 2885 quntquot
1638 2817 1910 2886 degebant
1937 2826 2094 2872 extra

507 2907 696 2960 urbem
747 2909 1095 2961 t‘cs:inatione
1141 2909 1377 2960 niaxima
1426 2923 1554 2962 vasa
1607 2908 1886 2977 colligere,
1939 2925 2094 2962 cum-

506 3015 611 3068 que
633 3005 748 3053 suis
771 3015 1015 3068 quasque
1053 3002 1287 3054 sarcinis
1317 3001 1534 3054 trudere
1557 3018 1615 3054 se
1643 3001 1695 3054 in
1728 3010 1915 3070 portas
1940 3001 2092 3056 urbis

507 3108 651 3164 :rgre
701 3092 912 3146 tutlnrm
967 3101 1436 3146 consternatorqu
1476 3094 1528 3146 in
1583 3093 1762 3160 fugam
1797 3093 2086 3161 capientis.

511 3184 662 3240 Unde
687 3195 743 3238 et
779 3184 1002 3251 trajecto
1049 3185 1202 3237 multi
1237 3183 1397 3249 freto,
1449 3184 1650 3252 aliique
1685 3199 1858 3253 neque
1909 3186 1959 3237 in
1988 3185 2088 3238 ad-

509 3291 774 3331 Vcrsa-se
821 3286 964 3329 tutos
1011 3275 1326 3330 continente
1377 3275 1500 3339 rati,
1549 3278 1755 3329 aditum
1811 3276 2092 3329 tentabant

509 3371 652 3424 intra
708 3385 891 3424 muros
929 3368 1150 3433 Peraeae,
1181 3384 1282 3423 sua
1331 3384 1548 3438 quoque
1593 3384 1703 3438 pm
1759 3384 1818 3423 se
1867 3380 2092 3438 agentes

506 3461 784 3525 animalia,
819 3476 884 3515 ac
927 3465 1095 3515 dense
1131 3461 1288 3513 simul
1329 3476 1453 3514 cum
1490 3462 1556 3515 iis
1601 3462 1887 3516 confertim
1929 3477 2095 3530 pene-‘

506 3552 742 3607 trahant.
794 3547 1102 3616 Stratteque
1134 3549 1498 3603 cernebantur
1535 3550 1634 3602 viae
1689 3549 1889 3615 passim
1941 3548 2090 3601 urbis

509 3659 570 3695 ac
601 3642 791 3711 platea:
825 3643 1001 3695 otiosa
1027 3641 1324 3709 jacentium
1359 3640 1711 3694 multitudine
1737 3641 2087 3704 rusticorum,

506 3735 838 3790 intermissis
894 3735 1012 3802 agri
1077 3734 1336 3802 Operibus
1390 3735 1532 3788 male
1592 3733 1702 3787 illic
1753 3731 2086 3786 feriantium.

506 3828 604 3882 llis
637 3827 797 3880 malis
851 3825 1154 3894 patriarcha
1201 3841 1308 3880 non
1359 3827 1506 3880 aliud
1553 3838 1723 3894 quam
1770 3833 2087 3878 consuetum

490 3919 608 3987 .ipsi
667 3918 962 3972 remedium
1023 3918 1320 3972 adhibebat
1366 3933 1589 3971 suarum
1637 3916 1974 3982 litaniarum,
2019 3917 2089 3971 iis

503 4024 632 4064 tunc
661 4010 951 4065 instantius
983 4011 1228 4079 quotidie
1263 4011 1407 4064 intra
1433 4010 1620 4063 urbem
1653 4007 2086 4077 frequentandis.

504 4103 804 4172 Imperator
846 4114 1028 4157 autem
1079 4105 1425 4156 exanimatus
1478 4102 1611 4163 diris
1671 4102 1875 4155 nuntiis
1927 4105 2086 4172 (nam

501 4195 683 4251 caedes
716 4194 894 4249 obiter
926 4194 1051 4247 fera:
1083 4195 1402 4262 crebraeque
1438 4193 1508 4247 ab
1535 4193 1895 4262 Amogabaris
1929 4193 2086 4248 factae

2196 1905 2395 1970 ἐποίει,
2427 1906 2524 1958 καὶ
2548 1905 2651 1956 οὐκ
2685 1901 3041 1973 ἀπεθάρρουν
3084 1901 3402 1971 τούμφανὲς
3433 1901 3534 1970 τὴν
3574 1897 3758 1964 ἐξέλευ·

2197 2016 2300 2051 σιν.
2337 1998 2438 2050 Διά
2477 1996 2655 2050 ταῦτα
2685 1997 2786 2049 καὶ
2836 1995 2906 2048 τὰ
2938 1993 3033 2047 τοῦ
3065 1994 3266 2064 ἀρότου
3315 1994 3653 2065 ὴπράκτουν,
3677 1990 3759 2044 καὶ

2192 2091 2348 2160 λιμὸς
2381 2093 2409 2142 ὁ
2472 2088 2774 2159 βαρύτατος
2835 2086 3120 2157 ὴπειλεῖτο
3175 2089 3289 2150 τοῖς
3328 2086 3641 2158 ἡμετέροις,
3668 2083 3757 2138 κᾶν

2195 2281 2324 2321 rans
2397 2262 2700 2332 improviso
2757 2261 3052 2316 identidem
3108 2259 3372 2328 carpebat
3439 2271 3751 2328 postremum

2195 2375 2392 2431 agmen
2423 2373 2487 2412 ex
2524 2365 2639 2410 tuto
2679 2356 2931 2421 irruens;
2967 2370 3074 2424 qua
3101 2355 3312 2408 ratione
3339 2369 3485 2424 saepe
3507 2353 3578 2408 illi
3604 2352 3758 2408 conti-

2193 2452 2270 2520 git
2304 2464 2408 2502 non
2437 2446 2649 2501 modica
2676 2445 2880 2499 inferre
2909 2443 3267 2514 Amogabaris
3294 2446 3515 2497 damna.
3545 2442 3649 2496 Sub
3670 2439 3759 2493 hoe

2197 2551 2406 2609 tempus
2433 2538 2525 2609 qui
2563 2539 2705 2591 intra
2737 2535 3033 2591 Tzurulum
3059 2545 3239 2596 erant.
3279 2550 3351 2590 ex
3386 2549 3596 2590 recessu
3623 2546 3758 2588 exer-

2195 2638 2338 2691 citus
2369 2631 2748 2701 Amogabarici
2779 2640 2990 2700 sumpta
3022 2628 3244 2693 ﬁducia,
3277 2628 3410 2682 forti
3441 2633 3757 2696 erumpentes

2197 2744 2358 2781 Inanu
2401 2725 2748 2780 ltbaedestum
2789 2737 2965 2792 nuper
2997 2723 3067 2777 ab
3103 2723 3258 2776 hoste
3287 2731 3606 2789 occupatum
3637 2716 3754 2771 ado-

2198 2821 2433 2882 l'ittutttr,
2472 2827 2529 2871 et
2562 2826 2750 2872 castro
2788 2815 2947 2886 potiti
2988 2823 3235 2884 repertos
3264 2814 3381 2869 illic
3411 2813 3548 2867 male
3579 2807 3752 2863 multa-

2195 2925 2349 2976 runt,
2380 2912 2526 2966 haud
2557 2925 2740 2980 parva:
2767 2918 3032 2978 praeterea
3057 2917 3344 2978 compotes
3377 2907 3587 2976 praedae,
3611 2914 3750 2972 quam

2196 3007 2384 3060 hostes
2428 3020 2494 3059 ex
2525 3012 2684 3074 rapto
2731 3013 3140 3072 congesserant.
3178 3001 3234 3057 ld
3267 3001 3572 3056 nuntiatum
3617 3009 3754 3050 exer-
3828 2990 3832 2997 ’

2195 3098 2324 3152 citui
2369 3111 2558 3151 versus
2593 3095 2805 3165 urbem,
2848 3105 2908 3149 ut
2945 3095 3154 3150 dictum
3187 3101 3294 3160 est,
3328 3095 3478 3149 eunti
3509 3090 3624 3146 novi
3649 3087 3754 3156 ejus

2195 3191 2426 3244 ducibus
2457 3187 2674 3242 consilii
2719 3187 3066 3243 occasionem
3094 3187 3274 3242 dedit:
3308 3197 3454 3242 retro
3479 3183 3749 3239 cedendum

2194 3284 2336 3337 enim
2387 3290 2736 3350 putaverunt,
2778 3279 3254 3350 diﬂ‘erendamque
3301 3279 3359 3333 in
3391 3289 3595 3346 tempus
3623 3268 3751 3326 aliud

2193 3374 2652 3441 oppugnationem
2688 3372 2860 3426 urbis.
2893 3371 3117 3426 lnterim
3155 3384 3256 3425 nec
3278 3371 3379 3440 qui
3411 3369 3747 3425 continentem

2192 3463 2529 3519 Orientalem
2562 3461 2763 3518 dudum
2793 3462 3128 3516 infestabant
3168 3460 3336 3515 Turci
3363 3461 3468 3514 vim
3502 3453 3752 3513 crudelem

2194 3555 2562 3620 remittebant,
2591 3555 2686 3608 sed
2717 3554 2899 3607 multis
2920 3568 3064 3608 nunc
3087 3554 3457 3608 cummaxime
3483 3546 3750 3605 assultibus

2193 3648 2474 3702 tentabant
2501 3661 2678 3708 arces,
2701 3646 3014 3715 multosque
3043 3647 3324 3700 credebant
3352 3649 3419 3700 ad
3450 3640 3746 3698 vindemiant

2191 3741 2500 3794 necessario
2516 3755 2581 3794 ex
2606 3740 2830 3794 urbibus
2850 3742 3198 3807 prodeuntes.
3219 3738 3414 3809 Itaque
3429 3738 3516 3808 qui
3534 3743 3748 3790 casuum

2187 3833 2396 3886 dictum
2429 3832 2650 3886 liierum
2685 3832 2859 3885 nostri
2901 3831 3181 3895 tenebant,
3211 3830 3389 3886 coacti
3419 3837 3543 3884 sunt
3579 3835 3744 3895 pacem

2187 3924 2374 3980 facere
2422 3940 2546 3978 cum
2599 3924 2853 3979 barbaris
2909 3925 3098 3979 tributi
3152 3923 3421 3993 pendendi
3487 3920 3745 3992 pactione.

2189 4018 2400 4086 Quippe
2428 4016 2592 4070 Turci
2617 4017 2760 4071 clam
2789 4017 2960 4072 semel
2990 4017 3046 4073 in
3085 4031 3202 4072 eam
3239 4030 3425 4071 arcem
3455 4021 3747 4084 penetrare-

2187 4120 2336 4172 rant,
2370 4123 2476 4164 non
2519 4117 2700 4163 tamen
2739 4107 2933 4162 idoneo
2967 4123 3197 4164 numero
3232 4108 3300 4162 ad
3337 4123 3454 4162 eam
3494 4116 3743 4170 occupau-

2190 4202 2350 4266 dam;
2396 4200 2539 4254 unde
2591 4201 2764 4255 territi
2823 4199 3129 4254 retulerunt
3176 4201 3392 4268 pedem.
3428 4197 3616 4252 Verum
3656 4194 3743 4244 hoc

503 4287 968 4349 memorabantur,
1023 4301 1135 4348 una.
1173 4284 1258 4339 his
1312 4284 1782 4339 consolatiuacula
1831 4287 2083 4351 admista,
2181 4302 2386 4346 eventu
2424 4291 2716 4346 Hier-enses
2749 4291 3010 4345 admoniti
3037 4301 3092 4345 et
3113 4293 3180 4346 de
3218 4291 3497 4344 voluntate
3529 4283 3744 4341 hostium

503 4379 645 4446 quod
681 4378 745 4431 iis
789 4392 858 4431 ne
885 4376 1230 4445 pervenirent
1266 4374 1818 4444 Constantinopolim,
1851 4393 1957 4446 quo
1982 4379 2087 4432 iter

2191 4385 2337 4451 ipsos
2387 4382 2677 4436 invadendi
2724 4393 2779 4434 et
2811 4381 2881 4436 de
2914 4395 3012 4436 sua
3061 4379 3252 4450 impari
3283 4380 3366 4434 eis
3409 4372 3743 4447 repellendis.

505 4469 871 4531 intenderant,
915 4465 1117 4532 aliquid
1159 4464 1403 4534 obstitit)
1433 4479 1446 4518 :
1485 4466 1592 4530 liis,
1638 4466 1856 4535 inquam
1885 4467 2084 4522 attoni-
2117 4497 2161 4552 ι)
2189 4476 2278 4527 ubi
2303 4471 2495 4540 titajori
2529 4470 2876 4524 multitudine
2904 4469 3198 4534 redissent,
3218 4470 3479 4539 potentia,
3502 4467 3741 4536 Optimum

508 4573 590 4613 tus
622 4560 918 4622 imperator
949 4557 1163 4610 indiciis
1207 4556 1331 4610 aliis
1370 4572 1533 4626 super
1561 4559 1666 4612 alia
1703 4561 2085 4630 ingruentibus

504 4652 764 4714 cladium,
813 4649 1104 4702 destitutus
1152 4650 1348 4718 copiis,
1394 4666 1563 4704 unum
1600 4652 1742 4721 quod
1787 4661 1906 4706 erat
1953 4653 2080 4707 reli-

502 4756 666 4809 quum
713 4740 952 4797 tenebat,
989 4746 1045 4790 nt
1082 4737 1193 4791 Deo
1231 4737 1490 4793 ultionem
1530 4753 1716 4793 earum
1748 4740 2081 4810 linjuriarum

505 4841 832 4892 reservaret,
883 4838 1197 4897 peteretque
1256 4831 1323 4883 ab
1372 4845 1437 4885 eo
1485 4845 1645 4900 quam
1694 4836 1841 4885 solus
1900 4816 2085 4901 pesset

505 4938 726 4980 sumere
770 4923 1064 4977 vindictam
1118 4921 1276 4976 elTusi
1325 4922 1513 4992 inique
1559 4923 1724 4994 627
1753 4924 2082 4994 ,sanguinis.

502 5018 615 5070 Non
641 5014 943 5084 negligebnt
965 5024 1148 5069 tamen
1175 5015 1561 5070 administrare
1578 5033 1645 5070 ex
1678 5031 1777 5070 usu
1803 5016 2081 5086 praesenti,

500 5110 646 5176 quod
683 5117 913 5175 poterat.
947 5106 1148 5160 Ducam
1183 5109 1352 5172 enim,
1378 5122 1634 5176 magnum
1665 5107 2081 5162 betmriarcham

503 5201 660 5254 titulo
681 5199 958 5268 dignitatis
983 5201 1296 5265 vocitatum,
1323 5201 1534 5254 crebris
1558 5199 1842 5254 admonuit
1874 5201 2082 5254 nuntiis

503 5305 558 5346 ut
584 5309 613 5346 a
637 5304 791 5361 tergo
821 5307 882 5346 ex
915 5291 1129 5347 occulto
1166 5302 1220 5345 et
1251 5301 1498 5361 protecte
1532 5293 1778 5360 vestigiis
1808 5292 2082 5347 exercitus

499 5385 880 5454 Amogabarici
926 5399 1111 5438 versus
1138 5386 1325 5438 urbem
1373 5383 1649 5438 tendentis
1685 5384 1954 5438 insisteret
1983 5399 1999 5448 ;
2029 5396 2084 5439 et

499 5479 755 5548 quoniam
813 5478 879 5529 ad
931 5478 978 5530 ei
1015 5491 1074 5530 se
1124 5490 1191 5529 ex
1232 5476 1463 5529 adverso
1501 5477 1882 5544 opponendum
1938 5479 2082 5531 vires

503 5571 726 5623 idoneas
759 5584 863 5622 non
903 5569 1150 5632 haberet,
1183 5567 1519 5622 imminendo
1554 5583 1582 5620 a
1615 5567 1812 5638 dorso,
1839 5567 2078 5636 quadam

501 5659 611 5713 illis
655 5659 979 5727 reapiciendi
1027 5674 1180 5722 cura,
1230 5673 1437 5712 moram
1488 5659 1679 5714 saltem
1729 5658 1968 5728 aliquam
2019 5675 2083 5714 ac

500 5749 924 5810 sollicitudinem
955 5749 1219 5817 injiceret.
1247 5749 1346 5808 His
1377 5751 1468 5808 ille
1496 5751 1766 5807 mandatis
1795 5751 2105 5834 obtempeﬁ

2188 4565 2333 4618 factu
2375 4571 2630 4630 putarunt
2681 4562 2889 4617 cladem
2938 4573 3141 4616 certam
3193 4564 3552 4617 conventione
3589 4552 3745 4624 quali-

2186 4670 2404 4724 cunque
2455 4663 2802 4724 praevertere,
2843 4656 3137 4710 securitate
3166 4656 3379 4710 vivendi
3423 4658 3742 4707 nummorum

2189 4747 2466 4816 impendio
2521 4747 2861 4802 redimenda.
2906 4745 3134 4805 Meleam
3180 4763 3396 4817 quoque
3441 4758 3614 4799 arcem
3659 4738 3740 4806 qui

2189 4841 2447 4895 tenebant
2481 4841 2673 4902 nostri,
2723 4839 2919 4894 vicinia
2957 4839 3316 4896 Barbarorum
3343 4845 3742 4913 aSperepretne-

2187 4933 2403 4995 bantur,
2432 4933 2677 5000 plurimis
2696 4947 2887 4985 eorum
2915 4933 2965 4985 in
2997 4933 3244 5000 proximo
3273 4934 3532 4988 stationes
3555 4928 3739 4984 haben-

2187 5025 2366 5078 tibus;
2418 5025 2511 5078 sed
2557 5025 2698 5092 quod
2743 5024 2855 5078 illic
2884 5032 3003 5077 erat
3032 5023 3198 5079 robur
3229 5025 3436 5082 militia:
3477 5024 3732 5077 Romanae,

2183 5115 2352 5184 628
2390 5116 2442 5168 in
2471 5131 2566 5169 eas
2598 5115 2848 5170 Persicas
2871 5127 3144 5170 Irruentes
3171 5117 3360 5185 capias
3395 5120 3460 5170 de
3491 5116 3556 5170 iis
3585 5113 3736 5166 victo-

2186 5208 2325 5259 riam
2353 5207 2674 5260 retulerunt.
2705 5206 2873 5275 Cujus
2899 5207 3180 5277 utriusque
3202 5223 3507 5272 successus,
3530 5213 3580 5260 et
3604 5199 3732 5256 llicri

2187 5302 2437 5368 pactione
2475 5301 2737 5370 redempti
2770 5312 2826 5354 et
2867 5299 3049 5355 Meleae
3085 5303 3134 5356 vi
3167 5303 3425 5364 liberatae,
3461 5301 3603 5353 laatos
3634 5310 3733 5344 atu-

2187 5391 2286 5443 lios
2319 5404 2426 5442 uno
2467 5389 2555 5443 die
2588 5391 2807 5444 nuntios
2846 5391 3145 5459 imperator
3184 5393 3479 5459 accipiens,
3517 5389 3729 5440 fructum

2185 5483 2330 5535 hunc
2383 5484 2601 5535 tandem
2652 5497 2912 5550 apparere
2963 5483 3306 5550 incipientem
3359 5496 3477 5536 esse
3524 5472 3729 5532 credidit

2186 5575 2503 5628 crebrarum
2531 5574 2641 5627 illa:
2658 5591 2744 5626 um
2769 5575 3096 5642 patriarcha;
3119 5576 3449 5630 litaniarum.
3467 5571 3605 5624 Inter
3627 5567 3725 5618 haec

2188 5667 2315 5715 verb
2346 5675 2635 5730 appetente
2675 5669 2936 5720 sementis
2969 5677 3210 5735 tempore
3238 5667 3467 5722 cultores
3503 5667 3725 5730 agrorum

2186 5755 2317 5808 hinc
2352 5757 2571 5824 quidem
2607 5760 2759 5814 exite
2791 5761 2920 5812 urbe
2955 5760 3259 5829 gestiebant
3290 5760 3355 5814 ad
3393 5748 3722 5813 nec<ssariant
