4046 6376
283 418 386 482 689

1169 425 1268 484 DE
1306 421 1753 485 ANDRONICO
1782 421 2250 484 PALIEOLOGO
2291 426 2441 486 LIB.
2481 428 2614 491 ΥΠ.

3443 425 3549 487 (ibi)

279 530 390 591 τοῖς
417 529 630 598 ἐχθροῖς
656 529 881 601 βαρείας
912 534 1097 603 χεῖρας
1123 534 1329 604 ἐφεῖναι
1361 535 1569 589 τούτων
1599 533 1860 606 προσεδο-
1888 535 1928 592 Α
1964 533 2101 604 ρίοις
2126 538 2516 607 προσέϐαλλον,
2549 538 2728 602 καθὼς
2775 541 2867 591 καὶ
2911 537 3103 607 Βρῦσει
3130 539 3192 607 τῇ
3246 539 3512 608 λεγομένῃ
3533 556 3548 572 ο

281 620 434 684 arato,
465 621 601 691 μηδέ
629 622 840 686 τούτοις
891 625 1201 694 σπείρουσι.
1237 628 1385 697 may
1429 626 1858 696 Ὀσφεντίσθλα-

281 710 372 770 6ος
398 711 501 779 μὲν
535 713 635 780 τῆς
675 715 897 786 εἰρήνης
946 717 1124 785 ἐδίψα,
1147 720 1243 772 καὶ
1271 719 1433 791 κῆδος
1463 720 1600 790 πρὸς
1628 717 1856 789 βασιλέα

281 803 584 858 συντιθέναι
609 805 824 875 ἤθελεν,
857 809 948 862 καὶ
981 811 1074 863 ἐπὶ
1107 811 1315 872 τούτοις
1347 811 1441 865 τὸν
1482 809 1856 881 πατριαρχεύ-

279 912 447 950 σαντα
491 898 929 970 Ἰωάννην(ἐκεῖ
971 904 1079 973 γὰρ
1119 905 1373 968 κάκεῖνος
1405 904 1651 958 συνεάλω
1680 902 1857 966 Σωζο-

279 989 563 1057 πολίταις)
603 991 832 1060 μεσίτην
859 994 993 1062 πρὸς
1017 993 1246 1064 βασιλέα
1275 997 1404 1064 περὶ
1440 994 1550 1047 τῶν
1579 995 1855 1064 ζητουμέ-

275 1097 382 1134 νων
433 1082 799 1151 προύὁάλετο.
847 1085 1112 1150 Βασιλεὺς
1153 1087 1210 1140 δέ
1236 1087 1666 1157 ὑπερτιθέμενος
1701 1087 1853 1156 ὅμως

273 1176 370 1244 τῆς
387 1176 634 1246 ἀνάγκης
672 1178 893 1248 ἡττᾶτο,
922 1181 1014 1232 καὶ
1043 1179 1279 1248 πέμπων
1307 1182 1406 1252 τὴν
1429 1183 1656 1253 εἰρήνην
1677 1183 1854 1234 ποιεῖν

273 1269 411 1321 κατὰ
440 1267 502 1320 τὸ
541 1269 693 1339 αὑτῷ
724 1269 986 1341 βουλητὸν
1013 1273 1362 1343 ἐδοκίμαζεν.
1399 1275 1641 1338 Ἐκεῖνος
1663 1275 1773 1344 γὰρ
1795 1274 1855 1327 ἓν

269 1359 380 1412 τῶν
413 1360 726 1430 θυγατρίων
751 1362 844 1415 τοῦ
873 1363 1140 1432 βασιλέως
1164 1367 1386 1437 Μιχαὴλ
1420 1366 1603 1436 ἐζήτει
1630 1367 1816 1420 λαϐεῖν
1837 1385 1850 1399 ·

213 1471 226 1474 -
268 1451 304 1506 ἃ
361 1453 420 1506 δὲ
466 1452 797 1523 ,προῦφθασε
843 1456 956 1509 τῶν
994 1458 1348 1527 πολισμάτων
1399 1462 1723 1530 κατασχεῖν,
1753 1461 1855 1514 οὐκ

266 1537 472 1597 ἀπέλυε
508 1547 628 1614 μὲν,
663 1547 814 1616 ὅμως
837 1565 899 1615 γε
925 1547 1111 1618 μέντοι
1136 1552 1248 1612 τοῖς
1273 1550 1416 1614 νέοις
1444 1550 1538 1603 καὶ
1562 1551 1853 1620 ὁμοζύγοις

267 1635 523 1689 διενοεῖτο
540 1635 713 1691 ταῦτα
740 1639 1045 1711 διατηρεῖν.
1066 1642 1332 1706 Βασιλεὺς
1354 1644 1449 1696 καὶ
1481 1643 1658 1707 ἄλλως
1683 1642 1853 1696 θέλων

269 1730 537 1800 πράττειν
569 1731 632 1783 τὸ
664 1733 1024 1802 συνάλλαγμα
1082 1738 1290 1790 ἐκεῖνον
1334 1737 1622 1792 άνέόαλλε.
1663 1739 1772 1791 Καὶ
1795 1738 1852 1790 ἐν

263 1821 507 1891 τοσούτῳ
533 1826 742 1886 ἐκεῖνος
777 1827 1056 1894 μετέωρος
1087 1827 1163 1880 ὢν
1212 1831 1308 1882 τὸν
1335 1831 1518 1882 ἐκεῖσε
1551 1833 1699 1882 σῖτον
1734 1832 1855 1884 δια⁸

266 1909 597 1974 πλωῖζεσθαι
651 1914 934 1983 καθυφίει,
1000 1920 1094 1970 καὶ
1123 1919 1270 1972 οὕτω
1341 1920 1605 1990 Ῥωμαῖοι
1630 1923 1850 1991 ἐσιταρ-

265 2001 485 2069 κοῦντο,
515 2007 610 2057 καὶ
634 2007 931 2076 φάρμακον
953 2005 1022 2079 ἦν
1041 2010 1134 2062 τοῦ
1169 2012 1328 2080 λιμοῦ
1357 2013 1418 2065 τὸ
1445 2015 1848 2084 πραττόμενον.

457 2105 565 2167 κη’.
603 2099 678 2152 Τὰ
717 2103 868 2154 κατὰ
900 2102 1014 2169 τὴν
1050 2103 1268 2172 Βιζύην
1296 2105 1660 2174 πραχθέντα.

335 2186 422 2259 [Ρ.
456 2188 585 2260 438]
638 2191 751 2254 Τὰς
805 2193 863 2245 δέ
919 2194 1184 2264 δυνάμεις
1245 2199 1294 2249 oi
1359 2198 1733 2270 Ἀμογάϐαροι
1762 2200 1851 2253 ἀεὶ

264 2279 408 2334 κατὰ
455 2281 686 2352 Θρᾴκην
733 2285 973 2349 ἐκίνουν,
1031 2288 1126 2339 καὶ
1175 2291 1284 2348 τοῖς
1321 2291 1444 2343 κατ’
1476 2291 1648 2362 αὐτὴν
1681 2309 1849 2363 φρον-

263 2474 392 2514 rttre
421 2475 644 2529 operam
688 2463 905 2518 vocati:
952 2465 1076 2519 inde
1129 2481 1309 2522 autem
1363 2471 1557 2524 eodem
1611 2471 1847 2526 hostium

262 2561 495 2615 terrore,
515 2568 625 2622 quo
655 2553 866 2609 fuerant
885 2559 1024 2610 intra
1051 2561 1236 2611 urbem
1262 2563 1548 2627 compulsi,
1573 2579 1639 2618 ne
1658 2581 1852 2620 rursus

261 2659 330 2700 eo
359 2656 647 2716 pergerent
683 2649 828 2702 unde
875 2653 960 2702 vix
1007 2651 1144 2706 salvi
1181 2663 1495 2718 evaserant,
1534 2658 1648 2724 pari
1694 2658 1846 2712 exitii

263 2737 514 2804 periculo
541 2755 684 2793 nunc
715 2756 934 2810 quoque
966 2742 1074 2797 illic
1111 2750 1462 2814 perdurante,
1502 2751 1846 2808 tenebantur.

263 2829 533 2886 Pendenli
579 2832 659 2885 sic
715 2832 766 2885 in
818 2835 1042 2901 ancipiti
1093 2839 1380 2892 sententia:
1429 2855 1760 2896 momentum
1793 2845 1846 2898 itt

263 2923 516 2978 cessandi
561 2933 771 2991 partem
805 2927 1154 2994 imperatoris
1193 2932 1496 2986 auctoritas
1538 2936 1764 2989 addidit.
1800 2937 1848 2990 Is

261 3017 409 3070 enim
455 3033 689 3074 censens
733 3033 1032 3075 seuientem
1074 3039 1356 3077 cessuram
1403 3027 1454 3078 in
1501 3031 1846 3080 commodum

263 3110 529 3177 hostium,
577 3113 672 3182 qui
715 3115 890 3183 campi
939 3116 1142 3169 domini
1179 3125 1391 3186 segetes
1434 3120 1562 3203 olim
1608 3131 1847 3174 maturas

1963 627 2097 682 ἀλλὰ
2127 630 2245 692 ταῖς
2285 629 2498 682 ἔνδοθεν
2549 632 2800 700 ἀντοχαίς
2839 631 2937 684 οὐκ
2974 627 3119 700 εἶχον
3155 632 3181 682 ὃ
3217 647 3269 683 τι
3319 633 3548 684 ποιοῖεν.

1963 719 2184 774 Μᾶλλον
2213 720 2312 790 μὲν
2342 721 2440 774 οὖν
2490 723 2585 774 καὶ
2636 721 3104 792 προσεξημιοῦντο
3132 720 3552 788 ἁφιππευόντων

1961 812 2058 864 ἐπὶ
2099 813 2241 880 σφᾶς
2283 814 2654 880 ἐκείνων,-καὶ
2699 813 3142 884 περιγενομένων
3185 811 3446 874 πολλάκις
3473 810 3553 880 τῷ

1960 903 2222 974 ἀκμῆτας
2249 906 2612 976 προσϐάλλειν
2633 907 2728 959 καὶ
2750 906 3038 976 κραταιότε
3049 922 3136 975 ρον
3158 906 3242 957 δια
3253 902 3544 973 μάχεσθαι.

1962 995 2051 1068 [Ρ.
2083 995 2212 1067 459]
2261 996 2508 1050 Ἐκεῖθεν
2535 997 2718 1050 τοίνυν
2745 998 2794 1049 οἱ
2827 998 2971 1065 ἀμφὶ
3009 999 3099 1049 τὸν
3129 998 3376 1067 Φαρέντα
3419 993 3551 1058 TC:-

1962 1086 2073 1156 μῆν
2097 1087 2188 1138 ἐπὶ
2212 1086 2416 1156 Βιζύης
2439 1087 2704 1157 προῆγον,
2735 1087 2852 1155 ἅμα
2877 1087 3112 1156 Πέρσαις
3157 1085 3377 1149 πλείους
3396 1086 3549 1153 γενό-

1961 1195 2135 1250 μενοι.
2183 1179 2293 1232 Καὶ
2325 1179 2375 1231 οἱ
2412 1179 2558 1249 ἀμφὶ
2605 1179 2696 1232 τὸν
2734 1180 2907 1249 μέγαν
2930 1179 3253 1243 τζακούσιον
3281 1179 3374 1231 τὸν
3398 1178 3552 1246 Οὐμ-

1957 1270 2358 1340 περτόπουλον,
2413 1271 2636 1332 πλείους
2669 1265 2778 1324 τῶν
2807 1271 3101 1323 διακοσίων
3141 1270 3291 1333 ὄντες
3339 1270 3546 1331 ἱππεῖ..

1956 1363 2130 1430 ὀλίγοι
2151 1364 2251 1433 τὴν
2275 1362 2412 1432 πρὸς
2466 1363 2699 1426 πολλοὺς
2757 1365 2858 1416 οὐκ
2896 1363 3167 1434 ἐθάρῤουν
3205 1362 3549 1432 άφίππευσιν

1957 1456 2052 1506 καὶ
2078 1455 2157 1524 τῷ
2181 1454 2432 1525 φρουρίῳ
2455 1456 2904 1526 ἐγκεκλεισμένοι
2933 1457 3267 1527 παρέμενον.
3295 1455 3461 1507 Ἀλλὰ
3489 1459 3550 1508 τδ

1956 1547 2077 1599 ἐκεῖ
2093 1545 2299 1614 πλῆθος
2323 1545 2471 1614 λῆμα
2495 1546 2764 1614 λαμϐάνει
2787 1546 3032 1617 ἁρεῖκδν,
3070 1547 3162 1598 καὶ
3191 1546 3550 1615 περιστάντες

1955 1639 2047 1692 τδν
2077 1638 2284 1704 ἄγοντα
2329 1638 2480 1706 δῆλοι
2508 1633 2674 1710 ἦσαν,
2729 1641 2778 1692 εἰ
2812 1639 3088 1710 ἐκχωροίη
3122 1640 3353 1702 ἐκεῖνος,
3393 1636 3548 1689 πολε-

1959 1731 2298 1802 μησείοντες.
2337 1732 2397 1784 '0
2420 1730 2477 1784 δὲ
2500 1729 2580 1798 τῷ
2612 1731 2764 1798 σφῶν
2791 1731 2984 1801 θράσει
3011 1731 3105 1784 καὶ
3131 1733 3199 1800 τῇ
3226 1730 3546 1800 πολυχειρίᾳ

1957 1823 2422 1892 καταγοητευθεὶς
2481 1823 2500 1890 (
2519 1823 2601 1888 είς
2632 1823 2880 1892 χιλιάδας
2935 1824 3045 1891 γὰρ
3078 1822 3454 1890 συνεπλήρουν
3487 1822 3547 1872 τὸ

1960 1916 2222 1987 πεζικὸν)
2248 1916 2378 1978 τοὺς
2405 1919 2592 1979 ἱππεῖς
2623 1917 2894 1979 συντάξας
2923 1916 3041 1985 ἅμα
3062 1915 3236 1980 τόξοις
3263 1914 3544 1983 ἐξήλαυνε.

1960 2009 2184 2080 Σῶφρον
2216 2009 2396 2062 τοίνυν
2421 2004 2489 2079 ἦν
2515 2009 2614 2078 τὴν
2641 2009 2834 2080 ῥαχίαν
2859 2009 3112 2078 κατέχειν
3137 2008 3233 2058 καὶ
3261 2005 3545 2076 προμηθέ-

1960 2117 2152 2171 στερον
2184 2101 2614 2154 διακινδυνεύειν
2645 2101 2856 2153 ἐκεῖθεν
2897 2103 3017 2162 ταῖς
3050 2099 3387 2168 δυσχωρίαις
3420 2097 3545 2167 βοη⁴

1958 2193 2296 2262 θουμένουςο
2345 2196 2467 2246 ἐπεὶ
2496 2193 2551 2246 δὲ
2590 2193 2756 2262 μοῖρά
2805 2209 2889 2255 τις
2929 2194 3073 2260 σφᾶς
3103 2192 3381 2260 προσῆγεν
3407 2192 3544 2243 ἀπο-

1955 2287 2280 2356 λουμένους,
2344 2286 2614 2356 ἀφέμενοι
2674 2286 2880 2354 ταύτης
2931 2287 3020 2340 ἐπ’
3057 2284 3393 2355 ἀγχωμάλου
3442 2284 3544 2351 τῆς

1958 2475 2269 2528 successus,
2302 2461 2635 2516 frumentum
2661 2477 2769 2532 quo
2801 2463 3114 2517 abundabat
3140 2462 3394 2533 Bulgaria
3419 2463 3546 2516 inde

1957 2557 2226 2624 asportari
2253 2555 2428 2624 plenis
2452 2557 2684 2610 natibus
2703 2555 3240 2624 Constantinopolim
3267 2557 3543 2624 permisit.

1956 2650 2110 2715 Quod
2157 2657 2521 2717 praeterquam
2571 2660 2934 2718 opportunum
2975 2649 3217 2718 penuriae
3263 2649 3373 2716 jam
3431 2649 3542 2702 illic

1957 2741 2225 2811 prementi
2270 2740 2600 2805 subsidium,
2635 2742 2799 2795 etiam
2847 2741 3155 2795 formidata:
3210 2742 3262 2793 in
3300 2739 3542 2794 futurum

1957 2833 2087 2887 fami
2115 2833 2271 2902 quasi
2297 2834 2574 2888 antidotus
2596 2848 2657 2886 ac
2681 2843 3069 2900 praesumptum
3099 2833 3151 2886 in
3175 2843 3416 2902 tempore
3445 2829 3545 2886 fuit

1958 2927 2283 2981 remedium.

2345 3018 2438 3076 28.
2479 3017 2554 3071 De
2589 3019 2750 3088 gestis
2803 3019 2872 3072 ad
2902 3018 3146 3092 Bizgam.

2027 3113 2226 3181 Copias
2277 3126 2442 3182 porro
2494 3127 2623 3166 suas
2668 3112 3000 3182 Amogabari
3053 3111 3398 3165 incessanter
3445 3123 3542 3179 pcr

259 3205 528 3260 essentin
567 3216 835 3275 potestate
866 3209 1130 3271 habituri,
1173 3212 1478 3267 consultius
1518 3202 1925 3278 exiSllmavitc
1957 3206 2255 3260 Thraciam
2319 3207 2633 3270 movebant,
2705 3204 3160 3260 circumferentes
3227 3202 3426 3256 bellum
3490 3203 3541 3254 in

263 3312 374 3350 non
424 3299 722 3366 periclitari
770 3303 1004 3354 rusticos
1055 3302 1124 3356 de
1181 3305 1288 3357 vita
1333 3303 1386 3357 in
1433 3321 1602 3366 onere
1645 3307 1748 3360 sibi
1799 3317 1855 3361 et

259 3388 526 3444 Romanis
569 3392 772 3456 inutili,
805 3395 1063 3450 Barbaris
1097 3397 1366 3451 duntaxat
1414 3399 1747 3462 profecturo.
1779 3399 1853 3454 lta

259 3489 346 3534 est
394 3481 446 3535 in
497 3482 640 3536 hunc
696 3500 900 3538 armum
955 3485 1214 3540 frumenti
1268 3489 1406 3541 satio
1461 3491 1852 3557 przetermissa,

262 3573 472 3627 nostris
527 3573 653 3628 inde
702 3575 754 3629 in
808 3592 1007 3641 magno
1061 3577 1220 3631 famis
1272 3591 1413 3633 metu
1469 3583 1850 3646 versantibus;

264 3677 433 3727 quam
459 3679 562 3716 una
593 3666 898 3719 consolatio
923 3669 1262 3734 temperabat
1287 3685 1317 3723 e
1339 3685 1434 3738 spe
1457 3669 1856 3725 debilitationis

263 3755 511 3822 ipsorum
588 3756 826 3810 hostium
896 3770 1160 3825 proventu
1240 3765 1498 3814 messium
1567 3762 1855 3816 deficiente

260 3858 559 3902 secuturae.
605 3847 740 3902 Nam
790 3851 939 3918 ipsos
983 3853 1125 3904 baud
1162 3851 1385 3907 daturos
1419 3869 1514 3922 per
1547 3869 1605 3907 se
1632 3869 1851 3922 operam

260 3940 414 4007 agris
457 3941 794 3996 Seminantlis
830 3943 1221 4006 confidebant;
1274 3945 1420 3998 unde
1467 3945 1626 3998 [iebat
1664 3947 1856 3999 Verisi—

261 4033 395 4085 mile
437 4030 752 4086 difﬁcnltate
783 4049 1014 4089 annome
1055 4038 1293 4104 graviter
1328 4037 1701 4090 laboraturos.
1740 4037 1855 4090 Cae-

261 4133 443 4177 terum
485 4123 1010 4192 Ospbentistblabus
1050 4143 1235 4193 pacem
1283 4128 1525 4193 sitiebat,
1577 4129 1852 4184 admorcii

261 4215 489 4270 familia:
528 4216 785 4286 Angusta:
831 4217 1111 4274 afﬁnitatis
1154 4222 1559 4274 necessitudine
1607 4222 1854 4288 cupiens.

259 4305 412 4374 Ergo
455 4307 662 4364 habens
695 4310 748 4363 in
801 4320 1066 4378 potestate
1097 4313 1362 4367 Joannem
1409 4317 1852 4382 expatriarcbam

259 4415 390 4455 cum
425 4400 752 4471 Sozopolitis
783 4413 1022 4472 captum,
1078 4419 1202 4459 eum
1244 4407 1600 4476 interpretem
1629 4422 1852 4462 suorum

257 4495 406 4560 apud
456 4492 842 4560 imperatorem
889 4494 1286 4570 desideriorum
1333 4498 1510 4552 misit;
1553 4497 1853 4551 Ctntctatus

259 4583 590 4650 aliquandiu
639 4586 707 4639 ad
761 4601 882 4644 eam
920 4588 1346 4654 propositionem
1394 4589 1671 4656 Augustus
1720 4601 1850 4643 est:

257 4679 519 4732 vincente
543 4686 724 4732 tamen
743 4681 962 4732 tandem
988 4680 1213 4747 negandi
1236 4681 1520 4734 consilium
1546 4683 1852 4737 necessaria

259 4773 360 4827 tali
409 4781 654 4839 tempore
702 4772 1116 4826 minuendorum
1167 4773 1375 4840 imperii
1419 4775 1656 4828 hostium
1698 4790 1854 4840 cura,

261 4867 424 4920 misit
448 4867 539 4934 qui
569 4881 854 4920 assensum
887 4868 954 4918 ad
984 4866 1102 4931 ejus
1123 4868 1346 4934 quaesita
1385 4881 1541 4922 suum
1569 4867 1851 4924 afferrent.

260 4957 493 5012 Petebat
532 4967 712 5011 autem
762 4958 878 5009 dari
912 4957 1014 5009 sibi
1064 4958 1350 5024 conjugem
1395 4973 1552 5011 unam
1579 4972 1610 5012 e
1642 4958 1856 5011 filiabus

260 5050 548 5106 Michaelis
576 5050 801 5117 Augusti
844 5049 1097 5118 iunioris.
1138 5050 1464 5115 Quaeautem
1493 5063 1856 5119 occupaverat

258 5145 508 5199 Romana
526 5143 722 5212 Oppida
739 5143 968 5198 reddere
982 5144 1272 5211 abnuebat,
1291 5145 1458 5215 629
1477 5162 1707 5201 causans
1725 5146 1859 5200 Iibe-

257 5241 345 5295 ris
379 5254 440 5293 se
474 5253 540 5292 ex
582 5238 853 5290 destinato
893 5237 1148 5305 conjueio
1190 5241 1573 5305 suscipiendis,
1621 5249 1676 5294 et
1722 5240 1855 5311 ipsis

256 5349 336 5388 ex
372 5332 722 5400 imperatoris
752 5331 1185 5396 domo‘futuris,
1235 5333 1322 5387 illa
1361 5349 1600 5388 servare.
1634 5332 1740 5389 Nec
1775 5333 1854 5387 fa-

258 5437 420 5480 etum.
463 5439 563 5478 nec
609 5423 736 5477 facti
768 5425 904 5478 ratio
937 5426 1071 5478 satis
1117 5425 1433 5481 Andronico
1477 5426 1849 5497 probabatur;

257 5516 596 5582 volebatque
643 5516 868 5568 omnino
922 5517 1150 5580 aequiori
1203 5519 1514 5574 conditione
1571 5520 1848 5574 eontrabi.

257 5607 456 5674 Itaque
499 5621 764 5673 responso
810 5607 1115 5662 differendo
1164 5613 1436 5681 negotium
1486 5612 1852 5678 extrahebat,

256 5700 412 5755 haud
451 5711 632 5754 tamen
665 5715 816 5768 spem
840 5701 1160 5770 praecidens,
1193 5706 1544 5760 cunctatione
1590 5706 1852 5760 Romana:

255 5802 396 5846 tunc
415 5793 490 5847 rei
517 5791 751 5862 perutili.
777 5790 908 5844 Nam
929 5791 1442 5860 Ospbentistblabus
1461 5797 1703 5862 interim,
1727 5800 1851 5850 dum

261 5888 473 5956 pendet
515 5887 566 5942 in
616 5885 869 5954 ambiguo
914 5888 1290 5944 conventionis
1336 5890 1404 5945 ab
1455 5891 1570 5960 ipso
1606 5899 1854 5948 tractatae

1885 4555 1932 4614 D

1960 3313 2119 3353 arces
2151 3299 2271 3368 ejus
2316 3297 2575 3369 regionis,
2627 3311 2767 3364 quas
2821 3296 3096 3363 sigillatim
3134 3298 3543 3364 Oppugnabant.

1957 3393 2102 3447 inter
2131 3391 2228 3446 bas
2256 3406 2444 3453 unam,
2487 3391 2572 3444 cui
2617 3388 2805 3457 Brysis
2840 3403 3038 3441 nomen
3071 3396 3176 3451 est,
3217 3384 3395 3439 adorti
3429 3385 3540 3437 acri

1956 3500 2145 3538 eorum
2182 3485 2271 3552 qui
2318 3493 2475 3537 erant
2510 3483 2656 3536 intus
2701 3479 3024 3534 defensione
3056 3478 3448 3545 redigebantur
3476 3480 3544 3527 ad

1959 3571 2200 3640 inopiam
2244 3569 2482 3637 consilii,
2511 3570 2646 3624 nihil
2700 3569 3039 3623 invenientes
3071 3569 3213 3636 quod
3253 3565 3549 3633 proficeret

1957 3665 2027 3719 ad
2050 3679 2262 3728 vatum,
2287 3664 2417 3734 quin
2455 3672 2510 3718 et
2534 3663 2748 3716 damnis
2779 3661 2999 3716 interim
3041 3675 3149 3714 non
3176 3657 3549 3715 mediocribus

1957 3757 2165 3813 affecti.
2192 3754 2568 3823 Erumpebant
2592 3753 2738 3808 enim
2759 3753 2812 3807 in
2843 3767 2939 3807 eos
2966 3767 2997 3807 e
3025 3760 3212 3806 castro
3235 3751 3468 3818 equites,
3492 3759 3548 3801 et

1959 3852 2282 3922 plerumque
2337 3849 2694 3920 superabant,
2753 3846 2898 3914 quod
2950 3854 3006 3900 et
3051 3845 3284 3915 juvenes
3337 3843 3544 3895 robusti

1958 3953 2116 4000 erant
2151 3953 2207 4000 et
2238 3958 2452 3999 summa
2484 3941 2837 3996 contentione
2867 3939 3246 3993 decertabant.
3286 3937 3413 3988 Inde
3444 3935 3546 4002 igi-

1959 4051 2050 4095 tur
2094 4037 2359 4094 rccedens
2407 4033 2702 4088 Pbarenda
2744 4031 2964 4085 Tzimes
3009 4030 3230 4100 Bizyam
3273 4025 3547 4096 promovit

1959 4148 2091 4188 suas
2129 4131 2334 4198 copias,
2374 4128 2558 4182 Persis
2599 4126 2777 4179 obiter
2815 4123 3088 4191 adiunctis
3139 4119 3548 4175 numerosiores

1958 4241 2123 4294 quam
2173 4225 2237 4277 ad
2285 4223 2479 4292 Brysin
2528 4227 2816 4276 steterant.
2853 4216 3080 4286 Magnus
3122 4214 3230 4268 illic
3302 4214 3547 4266 tzanzins

1962 4315 2390 4388 Umpertopulus
2421 4313 2634 4384 equites
2655 4313 2754 4366 sub
2778 4327 2838 4366 se
2869 4310 3104 4365 habebat
3134 4308 3317 4378 plures
3345 4309 3549 4360 ducen-

1961 4410 2054 4475 tis,
2087 4408 2184 4463 sed
2231 4407 2428 4475 quibus
2457 4405 2874 4474 comparatione
2912 4411 3064 4455 tanto
3103 4400 3329 4466 majoris
3360 4397 3542 4450 multi-

1961 4500 2167 4556 tudinis
2209 4499 2472 4563 bostium,
2507 4497 2745 4566 impares
2785 4510 2905 4548 sese
2943 4493 3008 4546 ad
3045 4491 3112 4546 iis
3154 4506 3311 4560 aequo
3353 4505 3546 4556 eampo

1960 4605 2154 4648 contra
2211 4590 2470 4647 standum
2518 4587 2908 4651 sentientibus,
2961 4587 3182 4640 animus
3232 4583 3374 4638 haud
3428 4596 3548 4634 erat

1959 4686 2262 4758 prodeundi
2287 4702 2301 4749 ;
2327 4701 2498 4754 quare
2519 4699 2580 4738 se
2604 4684 2816 4738 clausos
2845 4679 3149 4735 munitione
3170 4678 3544 4732 contincbint.

1961 4780 2144 4850 Longe
2209 4780 2442 4836 diversis
2510 4781 2732 4850 vigebat
2797 4777 3048 4832 sensibus
3120 4774 3316 4843 vulgus
3375 4772 3548 4841 plebis

1960 4875 2264 4945 Bizyensis,
2314 4872 2566 4927 Martium
2617 4873 2832 4941 spirans
2872 4878 2926 4922 et
2956 4868 3354 4935 impatientiam
3404 4881 3544 4932 pne-

1958 4968 2128 5023 liandi
2175 4984 2299 5023 cum
2333 4966 2585 5019 vincendi
2633 4963 2828 5016 fiducia
2866 4971 3178 5014 ostentans.
3219 4959 3357 5027 Ergo
3408 4974 3546 5025 przr-

1959 5061 2086 5115 sidii
2107 5061 2301 5114 ducem
2323 5057 2638 5126 frequentes
2663 5055 3114 5119 circumstabant,
3136 5052 3302 5123 630
3322 5061 3546 5106 orantes

1959 5161 2019 5205 nt
2044 5165 2332 5220 erumpere
2366 5149 2418 5202 in
2445 5149 2658 5201 hostem
2693 5160 2751 5200 se
2768 5145 2992 5201 sineret.
3019 5143 3115 5200 llle
3141 5144 3403 5214 deceptus
3429 5152 3539 5195 tam

1959 5245 2128 5298 alacri
2163 5242 2566 5310 significatione
2593 5239 2858 5303 audaciae,
2889 5237 3076 5308 gsimul
3101 5237 3268 5292 etiam
3313 5251 3542 5290 numero

1959 5353 2150 5392 eorum
2199 5337 2372 5389 fretus
2427 5334 2574 5406 (nam
2611 5333 2819 5402 aliquot
2859 5332 3103 5402 peditum
3151 5329 3321 5384 millia
3350 5345 3412 5383 ex
3458 5329 3543 5381 bis

1960 5433 2179 5484 videbat
2211 5445 2372 5498 posse
2413 5428 2655 5501 confici),
2697 5437 2875 5482 armat
2901 5427 3024 5482 illos
3056 5437 3109 5480 et
3135 5425 3376 5482 ordinat,
3406 5437 3540 5487 pra:—

1960 5524 2138 5593 posito
2169 5525 2221 5576 in
2251 5524 2426 5577 fronte
2451 5531 2662 5577 armato
2688 5523 2924 5576 arcubus
2946 5521 3213 5589 equitatu.
3244 5515 3321 5568 lta
3347 5529 3538 5566 ouun-s

1958 5617 2179 5681 emittit,
2208 5629 2306 5683 pro
2331 5631 2426 5670 sua
2454 5617 2584 5685 ipsis
2617 5615 2837 5670 militari
2874 5611 3166 5682 prudentia
3209 5621 3538 5675 magnopvre

1913 5731 1921 5744 κ
1960 5708 2286 5776 prteripiens
2318 5719 2376 5760 ut
2405 5709 2458 5760 in
2490 5708 2618 5768 lata,
2663 5723 2826 5773 quam
2868 5703 3226 5766 monStrabat,
3261 5697 3538 5765 crepidine

1964 5800 2112 5867 rupis
2141 5801 2436 5855 entinentis
2469 5802 2677 5855 hostem
2710 5800 3113 5871 opperirentur,
3155 5793 3388 5861 indeque
3430 5790 3538 5844 eir-

1965 5901 2277 5963 cumspccte
2309 5909 2372 5950 ac
2403 5893 2573 5950 vitato
2601 5907 2764 5965 quam
2811 5899 3034 5962 possent
3063 5885 3536 5961 providentissime
