4046 6390
288 409 390 469 (593

1135 412 1235 474 DE
1272 413 1719 476 ANDRONICO
1751 413 2214 478 PALEEOLOGO
2255 415 2403 477 LIB.
2443 415 2579 480 VII.

3431 415 3530 478 60-5

285 517 482 582 ἄγουσι
506 516 616 573 τῶν
659 517 874 578 Ἰταλῶν
909 520 1266 589 ἐπιτίθενται,
1317 525 1412 578 καὶ
1445 525 1583 596 δόλῳ
1617 515 1861 580 κτείνανο
1894 531 1938 586 Δ
1968 525 2236 594 ἀπόλογον
2288 529 2658 592 καταστάντες
2710 531 3013 599 προφάσεις
3069 527 3396 582 ἐπλάττοντο
3441 529 3542 593 τὰς

287 627 378 673 τες
408 610 515 664 ἀνὰ
548 611 752 684 κράτος
783 614 873 667 ἐπ’
903 615 1184 682 αἰγιαλοὺς
1215 618 1619 689 ἐφυγομάχουν,
1651 619 1727 682 ὡς
1745 622 1865 682 ταῖς

291 701 388 790 τοῦ
422 700 694 773 βασιλέως
721 704 880 759 ναυσὶ
931 708 1458 778 περαιωθησόμενοι.
1523 712 1588 762 Ὃ
1626 711 1691 781 δὴ
1729 728 1866 780 γνω·

293 791 440 856 σΟέν,
470 794 844 866 ἐκθυμότερον
870 795 901 865 ἦ
933 796 1007 860 ὡς
1036 797 1144 850 ἔδει
1173 797 1470 864 ἐλάσαντες
1494 802 1866 872 Ἀμογάΰαροι

289 887 690 954 προσϐάλλουσι
742 889 982 958 φυγάσιν
1034 893 1283 956 ἐκείνοις.
1331 895 1448 948 Κάν
1473 897 1572 965 τῆς
1613 897 1864 966 Εύδήμου

292 979 471 1050 μάχης
508 981 787 1052 συστάσης
809 984 1073 1036 πίπτουσι
1121 985 1220 1055 μέν
1251 987 1476 1040 καὶτῶν
1517 989 1736 1043 Ἰταλῶν
1765 991 1865 1043 οὐκ

285 1067 483 1135 ὀλίγοι,
517 1071 632 1124 ἀλλ’
661 1071 809 1141 ὅμως
842 1073 981 1143 ὑπὲρ
1014 1075 1142 1138 τοὺς
1175 1075 1481 1141 διακοσίους
1503 1078 1611 1132 τῶν
1641 1078 1865 1148 Περσῶν

287 1161 567 1214 πεσόντων
593 1163 736 1216 κατά
768 1164 968 1234 κράτος
1007 1165 1158 1234 σφῶν
1179 1168 1336 1221 αὐτοὶ
1369 1170 1656 1239 περιῆσαν.
1694 1171 1782 1233 Ὠς
1809 1171 1866 1225 δέ

290 1257 384 1307 καὶ
411 1251 568 1318 αὖθις
597 1257 808 1326 Πέρσαι
839 1257 978 1327 πρὸς
1006 1258 1250 1321 ἐκείνους
1291 1260 1604 1325 ἀπέκλινον,
1636 1263 1697 1315 ού
1732 1264 1869 1333 πρό-

287 1364 444 1416 τερον
499 1348 684 1410 αὐτοῖς
741 1347 1089 1403 ἐνεπίστευον
1117 1350 1186 1404 τά
1219 1351 1319 1422 τῆς
1361 1355 1704 1425 συμμαχίας,
1735 1358 1866 1425 πρὶν

282 1439 350 1493 ἂν
378 1440 696 1510 παραδοῖεν,
722 1441 821 1512 οὐχ
846 1443 993 1507 ὅπως
1019 1444 1109 1497 τὸν
1147 1445 1334 1500 Ἰσαὰκ
1357 1447 1570 1518 Μελὴκ,
1607 1449 1745 1504 ἀλλὰ
1771 1453 1868 1507 καὶ

283 1531 374 1582 τὸν
401 1531 554 1600 σφῶν
585 1531 954 1602 ἐξηγούμενον
1003 1536 1444 1609 Ταχαγτζιάριν,
1483 1540 1542 1604 ὃς
1579 1542 1723 1606 ἰδίως
1761 1539 1865 1614 ἦγε

269 1624 409 1703 ,τοὺς
439 1625 909 1694 Τουρκοπούλους,
945 1629 1006 1681 ού
1047 1629 1155 1700 μὴν
1183 1629 1239 1682 δέ
1270 1631 1405 1684 ἀλλὰ
1437 1633 1534 1686 καὶ
1559 1634 1741 1703 τρίτον
1766 1636 1869 1688 αύ-

281 1720 375 1772 τον
399 1720 493 1773 τὸν
543 1721 882 1792 αὐτάδελφον
911 1724 1004 1778 τοῦ
1066 1726 1254 1779 Ἰσαὰκ
1287 1727 1500 1797 Μελὴκ,
1535 1728 1611 1790 ὡς
1643 1729 1867 1797 φανέντι

282 1811 334 1862 οἱ
363 1812 781 1879 προστεθέντας.
808 1807 909 1868 Ὧν
929 1815 1024 1868 καὶ
1042 1816 1412 1887 προδοθέντων
1439 1819 1530 1872 τὸν
1565 1819 1662 1888 μέν
1680 1821 1868 1876 Ἰσαὰκ

286 1903 462 1972 φιτρῷ
490 1905 585 1956 καὶ
616 1904 758 1972 ξίφει
788 1905 1202 1977 διεχειρίσαντο,
1235 1910 1296 1962 οὐ
1331 1911 1489 1980 μόνον
1510 1913 1695 1976 αὑτὸν,
1731 1913 1869 1968 ἀλλὰ

285 1995 499 2050 καὶτὸν
526 1996 882 2067 αὐτάδελφον,
930 2000 1028 2062 τὰς
1057 2002 1305 2070 κεφαλὰς
1352 2003 1534 2057 αὐτῶν
1564 2007 1622 2056 ἐν
1659 2006 1736 2075 τῷ
1774 2024 1870 2074 φο-

287 2086 466 2142 νεύειν
497 2089 640 2142 κατὰ
663 2090 768 2159 γῆς
797 2091 1198 2162 ἐπαλλάξαντες
1225 2092 1307 2165 [Ρ.
1341 2095 1470 2170 4M]
1513 2096 1587 2159 ὡς
1625 2096 1742 2164 ἅμα
1771 2096 1870 2168 τὴν

287 2179 461 2251 τομὴν
487 2180 742 2247 γενέσθαι
773 2183 870 2234 καὶ
903 2182 1255 2253 ἀμφοτέρων.
1288 2181 1421 2239 Εἶτα
1451 2186 1510 2239 δὲ
1544 2187 1869 2257 περιδύσαν-

286 2289 379 2333 τες
402 2271 462 2324 τὺ
494 2271 774 2342 βασιλικὸν
805 2273 943 2344 πρὸς
978 2277 1187 2330 ἐκεῖνον
1209 2277 1602 2347 χρυσόὸουλλον
1635 2280 1728 2333 ἐπὶ
1764 2281 1871 2352 μά-

286 2365 388 2434 λης
415 2357 574 2435 εὗρον
596 2365 992 2437 ἐξηρτημένον,
1019 2368 1156 2438 ὅπερ
1180 2369 1506 2436 ἀναγνόντες
1541 2371 1757 2442 σύναιμα
1777 2374 1870 2426 καὶ

284 2457 467 2521 ἄλλοις
497 2462 610 2522 τοῖς
657 2459 770 2513 τῶν
805 2463 948 2514 κατὰ
993 2461 1145 2516 δύσιν
1197 2461 1587 2534 ἐξηγουμένοις
1643 2467 1870 2537 Περσῶν

287 2547 565 2618 εὕρισκον,
602 2550 722 2603 καθ’
759 2551 1086 2622 ὑποσχέσεις
1131 2554 1180 2606 εί
1210 2556 1568 2608 ἀποστατοῖεν
1603 2558 1868 2626 μεγάλας,

285 2640 386 2692 καὶ.
409 2639 472 2692 τὸ
511 2637 606 2692 τοῦ
637 2639 1016 2712 Ταχαγτζιάρι
1073 2641 1278 2714 ὄνομαο
1327 2643 1412 2712 ἐφ’
1447 2637 1530 2708 οἷς
1563 2646 1764 2699 ἐκεῖνοι
1791 2648 1870 2710 είς

286 2820 511 2886 armati,
540 2828 594 2875 et
628 2820 817 2876 ulcisci
865 2822 1200 2879 obsistentes
1240 2827 1440 2894 parati,
1487 2841 1678 2884 versus
1707 2831 1872 2887 maris

289 2909 476 2965 littora
507 2909 886 2976 intenderunt,
917 2911 1005 2965 ubi
1030 2913 1276 2979 quaedam
1307 2912 1428 2968 illos
1451 2915 1871 2984 opperiebantur

288 3002 639 3072 imperatoris
684 3016 873 3068 naves,
907 3002 1108 3074 quibus
1142 3012 1258 3060 tuto
1294 3005 1347 3060 in
1399 3006 1586 3061 Asiam
1618 3008 1872 3078 deporta-

289 3103 501 3152 rentur.
558 3093 614 3150 ld
667 3095 830 3152 simul
881 3107 1046 3165 atque
1103 3109 1479 3168 cognoverunt
1521 3103 1868 3173 Amogabari,

1970 620 2112 687 σφᾶς
2137 618 2476 688 ὠφελούσας.
2511 621 2696 693 Ταύτῃ
2731 639 2811 675 τοι
2838 623 2932 675 καὶ
2963 621 3055 674 τὸν
3084 622 3242 690 φόνον
3278 621 3376 689 μὲν
3400 623 3546 674 ἀνεῖ-

1969 725 2086 778 χον,
2143 709 2408 777 φυλακαῖς
2460 711 2504 762 δ’
2534 711 2741 764 ἐδίδουν
2793 713 2911 774 ταῖς
2943 711 3403 781 ἁσφαλεστάταις.
3457 711 3545 774 Ὣς

1968 801 2100 869 γοῦν
2125 804 2219 856 καὶ
2247 802 2404 867 αὖθις
2427 805 2495 858 τὰ
2528 805 2698 857 πιστὰ
2721 806 2855 875 πρδς
2892 807 3108 874 Πέρσας
3150 804 3413 867 λαῦόντες
3454 807 3547 856 καὶ

1966 895 2148 959 δόντες
2170 894 2395 964 ἔμελλον
2418 897 2509 949 ἐπὶ
2527 897 2861 966 Τζουρουλοῦ
2885 896 3212 963 ἐξελαύνειν,
3244 896 3345 949 οὐκ
3373 897 3548 959 ἄλλως

1969 989 2353 1057 συμπροάγειν
2393 987 2575 1058 σφίσιν
2604 988 2794 1060 ἦθελον
2821 990 2870 1042 οἱ
2919 989 3349 1056 Τουρκόπουλοι,
3392 990 3442 1040 εἰ
3475 989 3547 1058 μή

1969 1096 2032 1146 γε
2062 1079 2162 1148 τῆς
2213 1080 2436 1150 εἱρκτῆς
2470 1081 2498 1132 ὁ
2536 1079 2686 1148 σφῶν
2731 1078 3098 1150 ἐξηγούμενος
3138 1077 3550 1149 Ταχαγτζιάρις

1968 1170 2290 1241 ἀπολυθείη.
2322 1170 2434 1225 Καὶ
2457 1171 2656 1240 γέγονε
2681 1171 2860 1236 τοῦτο,
2885 1172 3013 1240 μιᾶς
3031 1170 3255 1240 γνώμης
3288 1170 3548 1234 συνόλων,

1967 1263 2044 1326 ὡς
2075 1263 2260 1334 ἐῴκει,
2323 1264 2645 1333 γινομένων,
2699 1265 2790 1317 ὅτε
2824 1264 2918 1315 καὶ
2973 1262 3240 1329 δοξάντων
3279 1263 3411 1315 εὐθὺ
3446 1261 3551 1330 τῆς

1969 1356 2180 1418 πόλεως
2225 1355 2472 1409 ἐλαύνειν
2501 1355 2598 1408 καὶ
2629 1354 2787 1419 αὖθις
2821 1356 2872 1408 οἱ
2924 1355 3081 1417 ἐκτὸς
3109 1356 3547 1422 ἐσκευαγώγουν,

1968 1445 2064 1510 οὓς
2093 1449 2126 1517 ἡ
2169 1447 2366 1528 ἀρότου
2422 1447 2580 1517 χρεία
2610 1448 2954 1516 παραμένειν
3006 1448 3358 1516 κατήπειγεν.
3412 1447 3551 1498 Ἀλλ’

1968 1540 2165 1592 ἐκεῖνοι
2187 1537 2506 1609 Τζουρουλῷ
2525 1539 2921 1608 προσὸαλόντες
2945 1539 3035 1590 ἐπὶ
3058 1538 3150 1592 τοῦ
3179 1540 3554 1608 ὑστερήματος

1971 1628 2341 1696 ἐγεγόνεισαν,
2371 1628 2479 1681 τῶν
2508 1629 2656 1691 ἐντὸς
2683 1629 3038 1698 ἀντεχόντων.
3073 1626 3474 1697 Ταχαγτζιάρις
3497 1627 3553 1678 δέ

1970 1721 2162 1785 νυκτὸς
2217 1721 2435 1792 σύναμα
2494 1721 2774 1784 πλείστοις
2813 1721 2922 1778 τῶν
2982 1719 3554 1790 Τουρκοπούλωνάπὸ

1975 1813 2208 1885 ῥυτῆρος
2255 1813 2488 1883 ἤλαυνον
2541 1813 2681 1882 πρὸς
2720 1812 3023 1882 Τζαράπην
3075 1812 3169 1864 ἐπὶ
3201 1811 3422 1882 Ἀπρῳ,
3459 1814 3555 1865 καὶ

1972 1905 2419 1976 προσεδέχθησαν
2447 1905 2774 1968 ἐπιστάντες
2795 1906 3276 1976 προϋπηργμένων
3300 1907 3363 1958 ἐκ
3391 1920 3551 1974 μηνυ-

1975 2003 2162 2070 μάτων
2189 2000 2298 2053 τῶν
2330 1997 2638 2070 ὁμολογιῶν
2665 1999 2763 2068 τῆς
2795 1997 3236 2067 αὐτομολήσεως.
3273 1998 3337 2049 Οἱ
3367 1996 3552 2066 μέντοι

1970 2110 2036 2161 γε
2091 2093 2200 2146 τῶν
2231 2091 2460 2162 Περσῶν
2492 2091 2917 2160 ἀπολειφθέντες
2968 2091 3026 2144 ἐν
3058 2089 3405 2161 Τζουρουλῷ,
3445 2107 3552 2160 μαι

1972 2185 2159 2248 θόντες
2181 2185 2240 2237 τὸ
2264 2185 2469 2254 δρᾶμα,
2497 2185 2658 2246 εὐθὺς
2693 2183 2798 2238 ἀνὰ
2821 2185 3021 2253 κράτος
3049 2184 3134 2236 ἐπ’
3168 2183 3449 2251 αἰγιαλοὺς
3477 2181 3553 2244 ὡς

1970 2276 2572 2345 διαπεραιωθησόμενοι
2621 2275 2887 2344 φεύγουσι
2946 2273 3025 2344 τῷ
3083 2275 3206 2337 ταῖς
3255 2274 3417 2328 ναυσὶ
3440 2273 3551 2325 τῶν

1978 2366 2204 2423 Πταλῶν
2237 2364 2566 2436 χρήσασθαι.
2591 2363 2668 2420 Οὐ
2697 2366 2804 2436 μὴν
2832 2365 2888 2418 δέ
2917 2365 3055 2419 άλλά
3095 2365 3191 2417 καὶ
3219 2363 3417 2418 Ἰταλοὶ
3450 2363 3550 2432 τὴν

1973 2459 2172 2529 χλεύην
2205 2457 2280 2528 μὴ
2310 2457 2625 2525 ἐνεγκόντες
2652 2457 2881 2510 κατόπιν
2918 2455 3200 2509 διώκουσι.

2349 2550 2390 2602 λ’
2422 2549 2563 2618 Περὶ
2591 2549 2698 2603 τοῦ
2721 2547 2988 2616 Φαρέντα
3021 2546 3212 2615 Τζὶμῆ.

2045 2642 2131 2716 [Ρ.
2167 2640 2295 2714 442]
2328 2641 2437 2695 Καὶ
2463 2640 2654 2707 ἔδοξαν
2683 2639 2867 2709 ἀγαθὰ
2894 2637 3071 2694 ταῦτα
3113 2638 3429 2710 Ῥωμαίοις,
3461 2637 3558 2693 καὶ

1975 2827 2342 2895 impetrarunt
2371 2821 2690 2879 dilationem
2718 2820 2904 2886 caadis,
2935 2821 3205 2876 contentis
3233 2820 3286 2873 in
3318 2832 3555 2888 praesens

1973 2916 2334 2988 Amogabaris
2383 2915 2437 2970 in
2481 2915 2763 2970 custodias
2798 2927 2990 2968 omnes
3039 2914 3272 2966 condere
3319 2912 3558 2966 securis-

1974 3012 2162 3064 simas.
2195 3008 2286 3062 Sic
2332 3007 2679 3064 reconciliata
2727 3007 2831 3062 sibi
2882 3005 3102 3060 Persica
3151 3004 3368 3069 militia,
3422 3003 3554 3058 etei

1977 3101 2222 3155 vicissim
2266 3096 2369 3167 ipsi
2419 3111 2636 3168 quoque
2675 3096 2852 3150 Latini
2897 3095 3092 3166 placati
3133 3110 3193 3150 ac
3234 3095 3339 3163 iam
3383 3095 3560 3150 denuo

287 3199 518 3257 repente
549 3189 628 3243 ira
666 3189 871 3259 ingenti
915 3202 1313 3261 consurgentes
1358 3192 1606 3249 institere
1657 3210 1870 3252 summa
1901 3194 1944 3252 C
1982 3196 2234 3258 tidentes,
2264 3206 2388 3246 cum
2437 3190 2642 3245 vellent
2676 3189 2862 3258 copias
2902 3197 3094 3242 contra
3131 3187 3424 3241 'l‘zurulum
3457 3188 3558 3240 συ.

287 3281 341 3334 vi
385 3279 692 3352 fugacibus.
729 3281 1108 3350 Deprehensos
1159 3283 1273 3338 acri
1329 3283 1505 3338 adorti
1559 3286 1746 3355 praelio
1781 3300 1873 3340 ca-

287 3372 432 3426 dunt
459 3371 785 3442 caeduntque
811 3373 1075 3436 vicissim,
1105 3376 1320 3428 tandem
1355 3385 1532 3430 tamen
1559 3391 1662 3432 non
1690 3380 1875 3447 paucis

290 3477 518 3518 suorum
552 3464 791 3527 amissis,
833 3464 927 3519 sed
966 3463 1152 3520 Persis
1186 3465 1345 3534 longe
1377 3467 1644 3535 pluribus,
1682 3485 1876 3540 nempe

289 3568 461 3622 supra
491 3554 756 3610 ducentos
789 3555 1117 3621 interfectis,
1169 3557 1312 3612 haud
1357 3557 1523 3613 dubie
1567 3561 1877 3630 superiores

285 3645 556 3712 evadunt,
621 3647 928 3717 Persasque
988 3664 1177 3705 rursus
1229 3651 1284 3704 in
1333 3665 1490 3706 suam
1553 3663 1878 3723 poteSIatem

289 3739 567 3810 redigunt.
614 3739 680 3794 ili
710 3755 836 3795 cum
869 3739 1016 3796 aliud
1047 3756 1154 3796 non
1187 3751 1430 3812 possent,
1474 3743 1669 3800 iterum
1718 3747 1879 3802 incli-

287 3830 501 3886 nabant
522 3830 590 3886 ad
613 3832 956 3887 militandum
984 3834 1369 3904 Alnogabaris,
1387 3844 1446 3889 ut
1469 3845 1652 3892 antea.
1673 3838 1876 3896 Verum

288 3925 442 3993 ipsos
479 3925 529 3979 hi
557 3925 852 3981 admittere
897 3941 958 3981 se
989 3926 1125 3982 velle
1163 3927 1217 3982 in
1249 3933 1428 3984 socios
1459 3943 1752 4000 negarunt,
1783 3943 1880 3990 aut

288 4020 521 4074 omnino
550 4021 618 4076 iis
642 4021 830 4088 ﬁdere,
855 4022 960 4077 nisi
979 4023 1131 4090 prius
1151 4025 1253 4080 sibi
1283 4025 1564 4081 traderent
1587 4043 1693 4081 non
1722 4028 1884 4085 modo

290 4113 564 4168 lsaacium
597 4113 884 4180 Melecum,
908 4116 1002 4170 sed
1039 4117 1284 4187 ipsorum
1309 4133 1528 4190 quoque
1560 4120 1881 4190 praefectum

291 4205 745 4274 Tachantziarin,
797 4208 889 4277 qui
930 4210 1150 4278 proprie
1205 4210 1548 4282 Turcopulos
1595 4214 1880 4279 ductabat,

287 4297 422 4368 quin
446 4308 502 4353 et
517 4299 736 4355 tertium
751 4299 943 4355 lsaacii
965 4300 1148 4356 Meleci
1169 4318 1510 4372 germanum,
1527 4321 1635 4374 quo
1649 4307 1886 4372 maxime

293 4392 493 4446 visoad
513 4391 870 4472 deiectionem
900 4393 1111 4450 inducti
1130 4397 1492 4464 putabantur.
1516 4399 1614 4456 His
1639 4400 1884 4463 traditis.

293 4481 508 4538 lsaacio
532 4484 751 4551 quidem
762 4476 919 4554 juﬁo
950 4485 1150 4540 collum
1178 4488 1336 4558 cippo
1369 4491 1680 4560 apprimere
1725 4502 1887 4563 caput

1977 3301 2123 3352 cere,
2150 3283 2448 3354 Turcopuli
2472 3289 2816 3352 negaruntse
2840 3283 3033 3346 ituros,
3056 3281 3158 3334 nim
3183 3279 3292 3333 dux
3315 3281 3560 3348 ipsorum

1977 3378 2400 3436 Tachantziaris
2417 3375 2570 3446 prius
2585 3375 2831 3430 custodia
2852 3375 3020 3428 libera
3030 3384 3199 3427 retur.
3224 3374 3558 3427 Concessum

1978 3473 2084 3527 hoc
2118 3471 2225 3525 illis
2253 3480 2356 3532 est,
2401 3469 2474 3522 ita
2505 3477 2564 3521 ut
2612 3467 2880 3520 universa}
2905 3465 3018 3534 jam
3063 3465 3233 3534 cepia:
3263 3465 3563 3518 concordes

1977 3573 2033 3618 et
2057 3563 2121 3617 ad
2147 3562 2362 3632 quidvis
2391 3574 2502 3615 uno
2524 3559 2706 3613 animo
2730 3559 2997 3626 agendum
3029 3558 3168 3613 satis
3199 3557 3328 3626 ipsis
3357 3567 3565 3625 parata:

1979 3657 2318 3710 viderentur.
2377 3653 2515 3709 Hinc
2577 3667 2771 3708 rursus
2825 3652 2993 3706 didita
3054 3651 3198 3705 fama
3259 3660 3342 3706 est
3378 3661 3564 3704 totum

1983 3748 2134 3802 illum
2171 3746 2472 3802 exercitum
2509 3755 2660 3800 recta
2711 3744 2764 3799 in
2819 3744 3007 3799 urbem
3040 3757 3462 3814 processurum;
3499 3759 3566 3797 ex

1981 3857 2090 3911 quo
2120 3857 2254 3894 nova
2291 3840 2517 3896 incessit
2543 3840 2834 3910 trepidatio
2865 3839 3098 3895 rusticos
3117 3840 3379 3894 sementis
3404 3854 3565 3893 causa

1987 3933 2248 3989 facienda:
2299 3949 2426 3990 rure
2465 3933 2733 3988 hactenus
2790 3942 3052 3997 moratos,
3092 3942 3151 3988 ut
3200 3946 3569 3990 convasarent

1985 4027 2088 4096 ipsi
2120 4027 2232 4096 jam
2267 4041 2507 4097 quoque,
2541 4043 2709 4095 seque
2745 4043 2809 4082 ac
2862 4043 2957 4081 sua
2987 4029 3131 4081 intra
3165 4029 3318 4084 urbis
3365 4031 3568 4084 inmania

1985 4119 2264 4172 conditum
2289 4127 2598 4173 currerent.
2618 4117 2824 4172 Verum
2849 4119 3175 4188 Amogabari
3199 4130 3326 4175 tunc
3348 4122 3566 4190 quidem

1985 4210 2446 4279 oppugnationem
2487 4210 2710 4265 Tzuruli
2753 4213 3087 4282 aggressioni
3132 4213 3285 4267 urbis
3334 4228 3570 4272 Drmvcr-

1989 4303 2209 4357 tendam
2245 4302 2346 4356 rati
2374 4302 2573 4371 oppido
2604 4318 2664 4358 se
2699 4303 2790 4377 isti
2827 4304 3211 4370 admoverunt,
3247 4305 3387 4358 haud
3421 4305 3566 4373 quali

1987 4405 2346 4463 speraverant
2377 4409 2630 4450 successu
2669 4412 2684 4449 :
2719 4395 2896 4450 Valida
2916 4395 3116 4465 quippe
3147 4395 3567 4449 Tzurnlensimn

1991 4485 2311 4540 defensione
2339 4485 2543 4555 repulsi
2582 4486 2781 4541 damna
2813 4501 2922 4540 non
2980 4501 3146 4553 parva
3190 4486 3564 4555 patiebantur.

289 4575 478 4644 gladio
505 4576 896 4644 absciderunt;
943 4591 1045 4633 nec
1081 4577 1232 4632 illum
1271 4579 1471 4648 solum,
1516 4584 1609 4638 sed
1660 4592 1716 4638 et
1759 4584 1881 4654 ejus
1914 4573 1958 4629 D
1991 4578 2089 4632 llic
2146 4587 2308 4647 capto
2337 4579 2605 4648 tempore
2664 4578 3080 4632 Tachanlziaris
3130 4595 3250 4631 cum
3296 4580 3571 4648 plerisque

293 4665 526 4720 fratrem
583 4665 732 4722 ferro
773 4667 980 4736 pariter
1026 4668 1076 4722 in
1126 4668 1395 4723 cervicem
1446 4671 1682 4738 impacto
1723 4687 1880 4742 pere-

295 4765 540 4822 merunt,
571 4756 800 4826 deiectis
850 4757 1012 4811 simul
1050 4759 1102 4810 in
1135 4767 1338 4812 terram
1377 4760 1648 4828 capitibus
1695 4764 1881 4818 ambo-

297 4863 444 4912 rum,
465 4849 608 4915 quod
633 4863 740 4901 uno
761 4857 1004 4918 tempore
1023 4848 1200 4903 fuerat
1219 4851 1439 4920 utrique
1460 4851 1599 4908 ictus
1617 4851 1875 4910 inﬂictas.

297 4937 550 4992 Truncos
613 4938 738 4992 inde
807 4939 1103 5008 spoliantes
1173 4940 1582 5008 imperatorium
1643 4943 1878 5011 diploma

297 5029 568 5082 munitum
601 5043 766 5085 aurea
809 5030 953 5084 bulla
991 5045 1156 5098 super
1192 5031 1478 5086 humerum
1517 5031 1709 5089 lsaacii
1751 5051 1882 5104 pen-

299 5119 440 5174 dens
469 5120 573 5173 sub
596 5129 746 5173 veste
768 5122 1078 5188 reperiunt;
1108 5135 1216 5190 quo
1242 5121 1381 5177 lecto
1415 5122 1466 5176 in
1499 5137 1566 5177 eo
1589 5125 1884 5182 observant

303 5212 628 5266 nominatim
663 5212 922 5268 invitatos
957 5214 1166 5282 magnis
1199 5216 1440 5284 praemiis
1469 5218 1762 5284 propositis
1815 5223 1880 5272 ad

300 5305 694 5358 transeundum
744 5304 799 5358 in
842 5315 1028 5375 partes
1071 5308 1442 5375 imperatoris,
1471 5310 1634 5381 633
1687 5321 1884 5379 praeter

299 5399 475 5452 duces
506 5411 698 5452 omnes
742 5397 940 5452 Persas
983 5400 1034 5452 in
1067 5400 1308 5454 Occidno
1361 5411 1471 5456 tum
1529 5412 1703 5458 tractu
1738 5405 1881 5458 mili-
1909 5401 1930 5419 ‘

307 5497 506 5551 tantes,
534 5489 698 5542 etiam
749 5487 1197 5544 Tachantziarin.
1233 5491 1384 5548 Unde
1422 5493 1625 5562 injecta
1669 5498 1884 5553 cunctis

302 5578 415 5631 illis
457 5577 770 5634 sollicitudo
802 5591 885 5634 est
919 5597 981 5636 se
1029 5583 1254 5651 viritim,
1291 5594 1348 5639 ut
1394 5587 1626 5657 quisque
1677 5591 1884 5657 optime

304 5671 506 5738 putuit,
558 5685 588 5723 a
628 5673 850 5738 cogitati
905 5674 1194 5746 transfugii
1233 5679 1542 5748 suspicione
1592 5682 1882 5751 purgandi.

313 5762 572 5819 l‘tationes
615 5780 746 5835 ergo
803 5769 1050 5822 certatim
1103 5771 1169 5824 ad
1224 5771 1274 5825 id
1325 5786 1480 5844 aptas
1527 5785 1883 5841 conget'entes

310 5853 640 5925 allegabant,
684 5873 790 5913 non
836 5873 1062 5930 prorsus
1103 5863 1391 5921 inutiliter.
1436 5867 1536 5921 i’er
1589 5868 1687 5923 has
1737 5867 1881 5922 cnim

1984 4671 2415 4741 Turcopulorutn
2477 4683 2640 4725 noctu
2703 4670 2934 4742 aufugit,
2993 4671 3059 4726 ad
3115 4671 3398 4742 Tzarapen
3456 4674 3570 4726 arci

1986 4766 2132 4831 Apro
2161 4767 2320 4820 dictae
2342 4766 2656 4832 prmlectum
2683 4780 2843 4819 cursu
2864 4773 3125 4820 contento
3157 4780 3216 4820 se
3248 4767 3567 4831 conferens;

1983 4868 2037 4912 et
2106 4859 2378 4912 admissus
2425 4875 2453 4910 a
2515 4859 2870 4926 prmsidiariis
2924 4860 3064 4912 intra
3113 4869 3352 4912 castrum
3414 4861 3564 4921 illud,

1986 4950 2124 5002 facta
2165 4951 2314 5017 prius
2359 4951 2573 5005 idoneis
2630 4951 2847 5004 indiciis
2900 4951 3005 5004 [ide
3038 4951 3150 5004 veri
3182 4953 3472 5027 transfugii
3499 4957 3565 5005 ad

1987 5052 2169 5108 partes
2209 5043 2598 5095 ltelnanornm.
2626 5042 2808 5095 Persae
2841 5053 3020 5096 autem
3047 5043 3219 5098 relicti
3256 5045 3320 5098 ad
3359 5046 3572 5103 'l‘zurn-

1985 5135 2118 5195 lum,
2162 5133 2285 5202 fuga
2334 5132 2766 5200 Turropulorum
2817 5137 3058 5204 cognita,
3113 5135 3295 5190 subito
3349 5150 3401 5190 et
3469 5140 3568 5207 ipsi

1987 5241 2181 5279 versus
2235 5224 2419 5278 littora
2476 5224 2710 5290 fugiunt,
2758 5225 2849 5279 ubi
2904 5234 3056 5281 stare
3107 5228 3353 5282 sciebant
3405 5248 3568 5284 naves

1987 5318 2242 5371 Italorum
2290 5332 2512 5380 vacuas,
2545 5317 2750 5386 quibus
2793 5319 2844 5372 vi
2887 5322 3170 5390 occupatis
3223 5323 3473 5390 trajicere
3516 5326 3566 5375 in

1987 5412 2174 5464 Asiam
2237 5423 2296 5462 se
2357 5411 2654 5475 sperabant
2715 5425 2896 5478 posse.
2962 5411 3078 5466 Hac
3148 5414 3392 5480 ipsorum
3450 5413 3565 5466 Itali

1989 5498 2211 5566 perﬁdia
2234 5510 2510 5574 coinperta
2536 5509 2684 5554 retro
2709 5500 2964 5567 fugitivos
2997 5505 3381 5572 insequuntur,
3405 5503 3571 5575 634

1986 5575 2389 5657 gratulantihus
2435 5587 2699 5645 Romanis
2739 5591 2922 5648 hostes
2978 5607 3106 5648 suos
3141 5592 3284 5647 civili
3334 5593 3566 5647 invicem

1987 5680 2215 5734 discidio
2246 5683 2596 5737 commissos.

2392 5773 2482 5826 50.
2532 5774 2605 5828 De
2644 5771 2926 5828 Pharcnda
2960 5773 3155 5828 Tzime.

2058 5865 2161 5922 Sed
2184 5874 2238 5922 ct
2265 5866 2438 5939 major
2463 5867 2531 5925 iis
2572 5877 2688 5925 erat
2717 5869 2983 5938 gaudendi
3009 5886 3197 5939 causa,
3261 5871 3399 5940 quod
3428 5869 3573 5927 Pha»
