4046 6438
536 318 644 382 695

1725 325 2052 389 GEORGII
2089 281 2577 392 PACHYllIER/‘E
3679 333 3768 393 crs

535 432 737 504 μᾶλλον
767 432 849 485 ὅτι
878 434 970 487 καὶ
1002 434 1254 503 Φαρέντα
1281 432 1647 510 προσδόκιμος
1670 435 1743 502 ἦν
1794 443 2108 497 ἀποκλίνειν
2137 451 2184 506 Α
2212 464 2298 500 ναι
2325 447 2382 501 δὲ
2413 448 2669 517 πολεμεῖν
2700 446 2798 515 τὴν
2823 444 3048 515 πρώτην
3079 443 3159 507 οἷς
3187 447 3654 500 καταλλάττεσθαι
3686 451 3772 516 ἄρ-

526 525 667 596 «pb;
683 525 910 594 βασιλέα
923 527 1012 578 ἐπὶ
1029 529 1292 595 μεγάλαις
1307 532 1425 591 ταῖς
1444 532 1966 602 ὑποσχέσεσιν.ἰὶλλ’
1979 539 2115 589 ἐκεῖ·

531 637 620 682 νος
644 620 744 690 ήδη
776 622 1254 691 προσποιούμενος
1277 627 1375 694 τὴν
1399 626 1808 697 προσχωρησιν,
1830 632 2116 699 Μπυριγε..

537 712 652 778 ρίου
679 717 742 764 ἐκ
771 712 864 765 τοῦ
898 715 1158 784 αἰφνηδὸν
1193 718 1519 780 ἐπιστάντος
1547 721 1638 772 ἐπὶ
1661 723 1919 788 μεγίστου
1944 725 2116 791 καρὰ-ν

529 804 627 858 σου
653 808 745 859 καὶ
762 807 994 870 πολλοὺς
1012 809 1122 861 τῶν
1148 811 1366 864 ἱππέων
1398 815 1457 865 ἐν
1483 814 1633 880 αὐτῷ
1651 815 1930 885 φέροντος,
1948 817 2110 868 ἀσθε-

531 896 785 963 νέστερος
816 899 913 967 μὲν
936 899 1148 965 ἐγίνετο
1164 903 1284 963 ταῖς
1303 904 1622 970 ὀρμαῖς,ὄτι
1645 921 1708 970 γε
1737 905 1829 958 καὶ
1855 908 1919 957 ἐκ
1948 907 2112 957 Σικε-

530 985 650 1049 λίας
681 989 1007 1055 ἐπαγγελίαι
1041 991 1178 1058 πρὸς
1208 991 1534 1063 Θευδερίχου
1566 994 1761 1064 συχναί
1793 1012 1854 1047 τε
1887 996 1983 1048 καὶ
2008 996 2106 1065 μέ-

527 1095 714 1145 γισται
753 1081 890 1150 πρὸς
921 1082 1165 1144 ἐκείνους
1190 1079 1354 1152 ἦσαν.
1385 1087 1432 1136 εί
1456 1086 1786 1154 ἐπιμένοιεν.
1825 1089 2015 1156 Ὅμως
2043 1104 2106 1155 γε

531 1171 717 1240 μέντοι
739 1172 800 1225 οὐ
825 1173 982 1241 δῆλος
1013 1170 1082 1245 ἦν
1127 1176 1196 1228 τὰ
1235 1177 1371 1245 πρὸς
1408 1176 1632 1245 βασιλέα
1666 1179 2104 1249 προϋπηργμένα

529 1262 821 1326 ἐξαθετῶν.
856 1265 965 1318 Καὶ
999 1268 1234 1334 πέμπων
1258 1270 1685 1338 προηγουμένως
1716 1272 1816 1338 μὲν
1845 1272 1974 1340 περὶ
2003 1271 2104 1338 τῆς

528 1355 766 1425 ἀδελφῆς
794 1357 889 1413 τοῦ
943 1357 1210 1426 βασιλέως
1261 1361 1360 1427 τῆς
1407 1362 1697 1431 Ἀσανίνης
1747 1364 1816 1416 τὰ
1845 1364 2105 1417 πάνδεινα

528 1447 804 1517 διεμήνυε,
840 1450 1263 1516 προσαγγέλλων
1294 1452 1368 1514 ὡς
1398 1453 1535 1523 αὑτὴ
1565 1457 1699 1525 πρὸς
1723 1456 1920 1518 αὐτοὺς
1953 1456 2100 1525 πέμ.

529 1558 706 1592 πουσα
721 1541 814 1592 τὸν
835 1542 1038 1593 οἰκεῖον
1063 1541 1196 1609 αὐτῇ
1227 1543 1632 1614 Κανναϐούριον
1663 1547 1937 1618 ἐξοτρύνει
1959 1547 2102 1599 κατὰ

531 1631 799 1696 βασιλέως
856 1633 920 1684 ἐκ
960 1632 1072 1684 τῶν
1119 1633 1264 1704 ὑπὲρ
1313 1635 1410 1687 τοῦ
1447 1638 1724 1706 Καίσαρος
1777 1643 2100 1708 μηνιμάτων

529 1724 718 1780 πάλαι.
761 1725 828 1776 Ὃ
863 1723 927 1793 δὴ
962 1723 1148 1793 μαθὼν
1187 1725 1441 1795 βασιλεὺς
1483 1728 1581 1782 καὶ
1609 1729 1871 1800 ζητήσας,
1900 1731 1996 1782 καὶ
2031 1730 2096 1782 ἐκ

529 1816 732 1884 μέρους
769 1815 1093 1869 καταλαϐὼν
1129 1817 1158 1868 ὃ
1201 1819 1522 1882 κατέλαϐεν,
1553 1821 1624 1872 δι’
1657 1821 1824 1888 ὀργῆς
1861 1822 2097 1873 ἐποιεῖτο

526 1908 626 1976 τὴν
653 1908 1000 1977 αὐταδέλφην
1033 1911 1142 1962 -καὶ
1175 1912 1402 1981 πέμψας
1445 1911 1806 1983 ἐγκαθείργνυ
1828 1914 1940 1974 τοῖς
1969 1915 2098 1963 ἁνα-

528 2001 766 2072 κτόροις,
822 2002 906 2064 είς
959 2004 1348 2073 ἐντελεστέραν
1385 2004 1628 2068 ἐξέτασιν
1658 2005 1729 2057 τὰ
1781 2004 1903 2056 κατ’
1929 2003 2099 2071 αὐτὴν

525 2091 801 2162 ἀναρτῶν.
858 2092 1099 2154 Ἐκεῖνος
1156 2092 1214 2146 δέ
1271 2094 1398 2156 τοὺς
1448 2095 1886 2163 άνακομίσοντας
1937 2094 2100 2147 αὐτὸν

527 2182 671 2250 πρὸς
697 2181 926 2252 βασιλέα
949 2182 1186 2251 πέμπων
1213 2182 1290 2246 ὡς
1335 2183 1498 2253 δῆθεν
1531 2183 1736 2250 ἐζήτει,
1767 2185 1860 2236 καὶ
1886 2183 1979 2237 δύο
2009 2184 2102 2236 ἐπὶ

526 2273 701 2342 τούτῳ
731 2274 984 2344 τριήρεις
1021 2273 1404 2338 ἐξαπελὺοντο.
1436 2275 1500 2327 Οἳ
1530 2277 1624 2328 καὶ
1653 2275 1972 2338 ἐπιστάντες
1997 2275 2103 2345 ὥρ-

531 2381 713 2438 μησαν
738 2367 830 2418 ἐπὶ
856 2366 946 2418 τὸν
976 2365 1068 2418 τοῦ
1099 2365 1482 2434 Μπυριγερίου
1522 2365 1764 2436 κάραόον
1809 2366 1885 2428 ὼς
1938 2367 2103 2436 αἱρήα

529 2439 736 2517 σοντες.
801 2453 943 2508 Ἀλλ’
999 2456 1026 2506 ὁ
1059 2454 1272 2523 Τζιμῆς
1324 2453 1547 2523 πέμψας
1579 2459 1952 2525 περιεποιεῖτο
2003 2456 2104 2526 τὴν

528 2545 684 2610 ναῦν,
718 2546 851 2604 ἴδιον
882 2546 1056 2614 λέγων
1085 2543 1228 2600 εἷναι
1257 2551 1348 2600 τὸν
1376 2549 1432 2599 ἐν
1461 2548 1637 2617 τούτῳ
1664 2548 1793 2602 λαόν
1816 2567 1829 2580 ·
1870 2549 1944 2620 μὴ
1969 2549 2106 2619 χρῆ-

530 2732 695 2784 renda
715 2730 931 2784 'l‘zimes
951 2731 1384 2798 exspectabatur
1414 2747 1537 2784 mox
1569 2732 1620 2785 in
1657 2741 1840 2799 partes
1893 2736 2104 2803 imperii

529 2824 882 2885 transiturus,
923 2823 1186 2891 pellectus
1229 2824 1294 2876 ad
1337 2826 1440 2878 Itoc
1466 2825 1536 2879 ab
1573 2828 1888 2881 Andronico
1914 2829 2104 2899 ingen-

531 2916 666 2970 titttn
703 2916 1064 2984 promissione
1122 2915 1495 2979 praemiorum.
1531 2917 1704 2982 Atque
1759 2918 1848 2972 ille
1889 2921 2105 2986 quidem

529 3005 656 3068 fide,
694 3011 753 3056 nt
789 3003 1104 3070 apparebat,
1127 3004 1265 3057 bona
1285 3004 1678 3072 profectionem
1713 3005 1779 3058 ad
1803 3007 2128 3075 Angustum-

528 3095 1032 3162 adornabatsnatn,
1066 3097 1285 3164 quando
1315 3110 1446 3150 ecce
1477 3096 1773 3164 improviso
1794 3099 2107 3165 supervenit

527 3187 890 3259 Mpyrigerius
929 3187 982 3240 in
1032 3201 1169 3241 nave
1211 3181 1472 3251 maxima,
1513 3187 1710 3240 mullos
1744 3203 1927 3242 serunt
1959 3190 2112 3258 equi-

531 3293 611 3337 tes
643 3283 937 3334 adducens.
969 3277 1081 3332 [loc
1103 3278 1320 3332 Tzimes
1359 3279 1586 3348 appulsu
1635 3279 1830 3333 lentius
1857 3280 1967 3344 jam
2018 3283 2114 3333 ad-

529 3373 844 3426 ministrare
888 3371 1164 3439 negotium
1201 3371 1350 3423 visus
1379 3381 1483 3433 eet,
1521 3373 1771 3434 consilio,
1808 3384 1864 3423 ιιι
1902 3383 1986 3426 est
2017 3387 2110 3427 ve-

527 3464 782 3526 risimile,
819 3463 987 3531 priori
1032 3461 1187 3515 novis
1229 3463 1432 3529 spebus
1470 3478 1774 3518 concusso.
1798 3464 2114 3518 Aﬂ‘erebant

529 3556 675 3614 enim
703 3553 1012 3624 Mpyrigt-rii
1034 3555 1262 3606 comites
1282 3551 1528 3620 ingentes
1558 3568 1590 3608 e
1623 3552 1805 3607 Sicilia
1847 3553 2114 3621 pollicita-

534 3648 714 3699 tiones
781 3644 1141 3707 Theoderici,
1207 3645 1558 3719 adhortantis
1605 3653 1664 3696 ιιι
1705 3645 1904 3699 bellum
1972 3647 2115 3714 quod

527 3744 815 3804 cmperant
857 3743 1136 3804 urgerent,
1170 3733 1464 3787 missurum
1517 3750 1578 3788 se
1619 3737 1818 3804 quippe
1848 3752 1973 3792 mox
2008 3738 2114 3792 illis

529 3826 729 3890 auxilia
774 3824 1088 3892 praevalida.
1127 3822 1374 3876 Nondum
1404 3833 1586 3878 tamen
1639 3841 1863 3894 prorsus
1907 3828 2112 3882 larvam

531 3918 822 3972 l’ltarenda
886 3917 1156 3984 deposuit,
1218 3916 1425 3970 lactare
1483 3917 1663 3971 adhuc
1723 3919 2113 3986 imperatorem

529 4026 765 4079 pergens
797 4009 879 4064 sui
916 3991 1204 4079 propitiqni
1225 4009 1632 4078 exspectatione
1661 4025 1936 4066 accessus.
1969 4011 2109 4076 Quin

530 4115 589 4157 nt
625 4103 831 4156 haerere
865 4103 1234 4156 cummaxime
1251 4115 1374 4157 sese
1418 4100 1858 4169 jamgconventis
1918 4113 1972 4157 et
2000 4106 2111 4156 An-

529 4205 687 4263 gttslo
715 4197 852 4248 bene
875 4194 1014 4248 velle
1047 4194 1381 4249 luculentius
1407 4197 1748 4260 ostenderet,
1783 4196 2038 4250 indicavit
2063 4197 2111 4250 ei

529 4303 626 4354 per
657 4287 792 4341 fidos
815 4303 844 4338 a
869 4303 925 4340 se
953 4287 1153 4341 missos
1177 4287 1376 4340 Asanis
1404 4287 1646 4351 viduam,
1695 4287 1814 4356 ejus
1843 4303 2110 4354 sororem,

529 4379 666 4431 clam
702 4380 802 4447 ipsi
844 4393 1041 4433 nocere
1074 4393 1234 4446 quam
1269 4384 1457 4446 p'osset
1495 4379 1863 4447 gravissime:
1896 4383 2112 4435 venisse

529 4474 732 4540 quippe
761 4471 827 4525 ab
851 4471 939 4524 illa
967 4471 1032 4521 ad
1061 4484 1118 4522 se
1149 4468 1396 4547 aliosque
1425 4468 1744 4523 Latinorum
1778 4472 1946 4526 duces
1982 4473 2116 4526 mis-

531 4577 650 4612 sum
707 4559 793 4622 isti
865 4558 1188 4617 fidissimum
1251 4567 1512 4613 matrona:
1563 4559 1993 4626 Cannaburium,
2045 4563 2113 4616 ad

529 4666 724 4706 omnes
748 4652 804 4704 in
834 4653 1213 4720 imperatorem
1267 4652 1664 4715 concitandos:
1700 4655 1790 4709 cui
1844 4670 1902 4707 se
1933 4653 2114 4708 infen-

531 4760 647 4796 sam
683 4742 848 4796 ferret
885 4743 954 4795 ob
985 4757 1170 4796 necent
1199 4742 1327 4796 olim
1384 4743 1587 4796 illatam
1622 4744 1828 4799 Ctesari
1878 4760 1980 4798 suo
2015 4760 2110 4812 ge-

533 4853 686 4891 nero.
723 4835 868 4889 lctus
908 4835 1184 4900 inopinato
1221 4835 1514 4903 imperator
1567 4835 1788 4900 indicio,
1830 4836 2113 4902 inquisivit

530 4931 599 4992 de
629 4946 707 4994 re,
743 4946 806 4983 ac
845 4931 1040 4998 partim
1075 4930 1145 4987 ita
1174 4943 1299 4986 esse
1340 4937 1394 4981 ιιι
1439 4928 1790 4982 nuntiabatur
1817 4930 2106 4996 comperit.

530 5023 713 5088 Quare
740 5023 913 5075 iratus
937 5021 1113 5075 sorori
1145 5022 1410 5076 custodiri
1445 5036 1565 5074 eam
1602 5023 1654 5071 in
1701 5021 1899 5088 palatio
1921 5021 2106 5087 jussit,

531 5115 708 5182 quoad
743 5113 954 5179 plenius
988 5115 1329 5177 explorasset
1364 5112 1628 5180 quidquid
1667 5113 1752 5166 ltic
1786 5112 2012 5175 latebat,
2043 5111 2109 5165 de

531 5219 696 5259 causa
729 5201 1113 5266 istajudirinm
1149 5206 1509 5268 suspendens.
1551 5200 1774 5254 Interim
1823 5205 1922 5254 hoc
1953 5203 2108 5270 quasi

531 5307 674 5349 novo
704 5292 926 5360 pignore
951 5293 1021 5345 de
1050 5293 1152 5344 fide
1193 5290 1491 5344 Pbarenda:
1547 5303 1752 5360 certus,
1819 5295 1964 5346 misit
2017 5293 2107 5358 qui

530 5401 652 5441 eum
685 5383 750 5436 ad
781 5397 840 5438 se
871 5384 1055 5439 venire
1077 5424 1092 5447 ,
1126 5393 1180 5433 ιιι
1213 5383 1415 5446 aiebat,
1451 5383 1758 5450 cupientem
1813 5383 2111 5436 ltonoritice

531 5481 882 5532 deducerent.
911 5478 1038 5532 Duae
1067 5477 1128 5540 ad
1160 5478 1210 5541 id
1249 5476 1506 5543 profectae
1539 5478 1789 5530 triremes
1846 5479 1901 5530 in
1953 5479 2109 5530 navi-

531 5571 704 5636 gium,
735 5572 800 5624 de
834 5586 940 5640 quo
968 5570 1227 5636 diximus,
1276 5568 1583 5638 Mpyrigerii
1619 5567 1753 5621 forte
1806 5569 2110 5622 incidentes

529 5662 695 5734 635
717 5661 847 5715 illud
884 5669 1276 5727 expugnatura:
1305 5665 1803 5720 circumsteterant,
1867 5659 1968 5712 nisi
2015 5674 2112 5710 oc-

533 5769 762 5820 currens
788 5753 1004 5818 Tzimes
1061 5767 1187 5807 suos
1237 5768 1356 5807 csse
1415 5753 1620 5809 diceret
1670 5753 1812 5807 illius
1868 5765 2114 5808 vectores

2216 556 2422 609 χονται,
2461 539 2601 592 ἀλλὰ
2637 538 2786 605 σφῶν
2841 537 3172 603 ἐξελθόντων
3232 539 3584 608 προσϐαλεῖν,
3616 543 3660 592 εἰ
3695 542 3774 591 θέ-

2214 631 2377 694 λοιεν,
2415 631 2608 684 ἔωθεν.
2643 629 2810 682 Ταῦτ’
2861 627 3030 681 εἰπὼν
3083 629 3349 696 ἐξηπάτα,
3375 632 3467 682 καὶ
3497 632 3685 699 χηλοὶς
3710 633 3774 694 (τις

2212 724 2445 786 οἰκείους
2469 723 2782 792 θησαυροὺς
2809 723 2948 792 μετά
2970 740 3114 781 τινος
3145 723 3424 774 στιῦαδίου
3464 722 3772 785 3251:0115)-

2212 817 2319 870 λων
2346 815 2413 869 τὰ
2452 817 2620 868 πιστὰ
2652 816 2822 867 ἐδίδου
2861 817 2971 875 τοῖς
3003 814 3188 878 λόγοις
3223 813 3282 878 ἐξ
3327 807 3404 865 ὧν
3429 812 3659 880 ἔπραττε
3689 815 3773 881 δῆ-

2211 908 2324 962 Οεν.
2371 909 2534 960 Ἀλλὰ
2561 908 2759 967 νυκτὸς
2792 906 3152 965 ἱκανωοέντος
3183 905 3394 957 πλείοσι
3423 906 3773 974 πολεμάρχοις

2209 1000 2303 1052 τοῦ
2345 1000 2611 1069 καράϐου,
2644 999 2704 1051 τὸ
2736 1001 2833 1067 μὲν
2861 1000 2946 1050 ἐπ’
2973 999 3169 1066 ἐκείνῳ
3203 999 3429 1069 σκέμμα
3453 999 3561 1049 τῶν
3591 999 3772 1066 ἡμετέι

2211 1109 2323 1162 ρων
2384 1092 2612 1160 μάταιον
2668 1090 2917 1143 ἐντεῦθεν
2973 1087 3063 1160 ἦν,
3095 1092 3188 1142 καὶ
3233 1091 3334 1141 οὐκ
3375 1091 3687 1158 ἐπεχείρουν
3721 1091 3772 1141 τὸ

2210 1182 2451 1243 σύνολον,
2506 1182 2670 1244 αὐτὸς
2710 1181 2764 1234 δὲ
2795 1181 2968 1244 ἔδειξε
3001 1183 3074 1250 μὴ
3126 1181 3284 1248 ὑγιὴς
3314 1179 3391 1231 ὣν
3419 1181 3518 1242 τὰς
3553 1180 3768 1234 πίστεις.

2207 1275 2319 1328 Καὶ
2342 1274 2430 1326 διὰ
2457 1275 2630 1325 ταῦτα
2656 1272 2916 1332 ὑπόπτως
2937 1273 3031 1323 καὶ
3055 1273 3186 1340 περὶ
3215 1272 3324 1322 τῶν
3357 1269 3539 1339 χηλῶν
3572 1272 3769 1339 ἔχοντες

2206 1367 2578 1434 ἀνοιγνύουσι.
2639 1366 2733 1418 xui.
2789 1364 2881 1416 τὸν
2936 1365 3087 1416 ἆθλον
3135 1364 3459 1432 εὑρίσκουσι
3527 1365 3768 1430 φανερᾶν·

2205 1461 2391 1530 ἅμμος
2412 1461 2521 1529 γὰρ
2540 1461 2634 1512 καὶ
2663 1460 2861 1528 πέτραι
2883 1458 2952 1509 τὰ
2971 1456 3318 1524 πληρώματα
3340 1453 3505 1525 ἦσαν,
3531 1459 3620 1510 καὶ
3639 1457 3771 1508 οὐδὲν

2202 1549 2269 1622 ἧν
2298 1553 2359 1605 τὸ
2396 1551 2662 1622 παράπαν
2691 1547 2994 1616 ἀμφίϐολον
3016 1546 3113 1598 τοῦ
3147 1548 3220 1616 μὴ
3265 1548 3533 1614 φενάκην.
3572 1542 3697 1596 εἶναι
3722 1547 3770 1594 τδ

2202 1646 2311 1697 πᾶν
2340 1643 2369 1694 ὅ
2399 1645 2602 1704 ἐκεῖνος
2625 1640 2776 1707 ἔλεγέ
2799 1655 2859 1690 τε
2883 1638 2978 1690 καὶ
3006 1637 3300 1706 ἔπραττεν.
3355 1638 3442 1706 lP.
3470 1633 3594 1704 H5]
3629 1633 3772 1683 Ὅθεν

2203 1735 2298 1788 καὶ
2349 1735 2496 1788 κενοὶ
2529 1732 2666 1802 πρὸς
2699 1729 2926 1800 βασιλέα
2964 1729 3325 1796 ὑπέστρεφον.
3366 1725 3563 1786 ’Λλλος
3616 1723 3668 1774 δέ
3696 1739 3768 1778 τις

2200 1825 2425 1879 ἐκείνων
2459 1821 2930 1892 Φαρεντζανέζας,
2988 1819 3323 1886 αὐτάδελφος
3355 1817 3454 1869 τοῦ
3498 1816 3773 1868 καταστάν-

2197 1935 2289 1982 τος
2309 1915 2635 1986 δομεστίκου
2653 1915 2764 1966 τῶν
2807 1909 3036 1981 σχολῶν,
3091 1908 3480 1978 ’Λμογαϐάρου
3535 1910 3624 1959 καὶ
3667 1904 3748 1954 τού

2201 2027 2314 2072 του,
2377 2008 2695 2078 προσχωρεῖ
2761 2003 2974 2073 βασιλεῖ
3019 2003 3117 2054 σὺν
3171 2003 3552 2068 πεντήκοντα·
3595 1998 3651 2050 ὃν
3693 1995 3771 2046 καὶ

2203 2101 2646 2171 προσδεξάμενος
2675 2099 2703 2149 ὁ
2736 2095 3102 2163 αὐτοκράτωρ
3133 2095 3245 2156 τοῖς
3294 2094 3662 2162 προσήκουσιν
3691 2091 3773 2141 αὐ-

2199 2193 2291 2244 τόν
2315 2206 2375 2242 τε
2401 2189 2641 2249 καὶτοὺς
2669 2188 2767 2239 σὺν
2791 2183 2941 2254 αὐτῷ
2971 2185 3245 2236 ἔστελλεν.
3282 2183 3383 2247 Ὠς
3414 2183 3511 2236 καὶ
3540 2183 3772 2252 πρέσδεις

2203 2283 2269 2334 ἐκ
2316 2281 2500 2334 Ῥόδου
2534 2275 2915 2341 ἐξαποστεῖλαι
2967 2275 3104 2344 πρὸς
3137 2273 3374 2344 βασιλέα
3416 2273 3664 2343 φρερίους
3693 2273 3772 2322 ἐπι

2201 2371 2314 2424 τῶν
2341 2370 2606 2439 βασιλέως
2660 2367 2824 2437 νηῶν,
2875 2366 3166 2430 ἀξιοῦντας
3217 2366 3610 2435 ἐγχωρηθῆναι
3640 2362 3772 2427 σφίσι

2203 2461 2264 2514 τὸ
2286 2459 2565 2530 φρούριον,
2595 2457 2671 2519 ὡς
2695 2459 2816 2526 μετ’
2841 2458 3061 2524 ἀγάπης
3077 2458 3248 2508 οἰκεῖν
3290 2457 3396 2508 καὶ
3417 2457 3497 2518 εἰς
3521 2454 3772 2520 ὑποταγὴν

2203 2552 2299 2607 τοῦ
2334 2549 2599 2621 βασιλέως
2647 2547 2988 2618 λογίζεσθαι,
3021 2546 3376 2617 μαχομένους
3413 2548 3618 2601 ἐκεῖθεν
3652 2545 3772 2618 Πέρο

2207 2733 2390 2797 navis,
2421 2745 2626 2800 negans
2662 2729 2869 2784 idcirco
2901 2729 3195 2782 convenire
3223 2727 3445 2780 initium
3499 2737 3768 2790 exseqnen.

2208 2827 2291 2881 dae
2349 2822 2814 2878 reconciliationis
2860 2836 2888 2873 a
2951 2821 3140 2888 praelio
3205 2834 3331 2872 cum
3384 2814 3768 2871 reconciliandis

2210 2918 2550 2972 conserendo
2589 2914 2811 2968 ducere.
2857 2913 3124 2966 Caeterum
3174 2925 3234 2964 se
3285 2920 3449 2963 nocte
3493 2909 3611 2960 inde
3657 2917 3767 2956 suns

2210 2989 2606 3062 extracturum.
2669 3003 2946 3057 Postridie
2997 3015 3154 3055 mane
3201 3015 3366 3068 posse
3429 2999 3546 3055 illos
3599 3011 3764 3050 navent

2136 3131 2178 3187 ο
2213 3098 2359 3151 illam
2399 3097 2508 3163 iam
2545 3095 2660 3149 suis
2693 3096 2884 3148 amicis
2926 3108 3172 3150 vacuam.
3216 3093 3260 3146 si
3300 3093 3522 3153 vellent,
3572 3100 3762 3155 capere.

2215 3187 2342 3241 Hch
2369 3187 2619 3252 loquens,
2657 3194 2718 3237 ut
2748 3185 2962 3238 caulius
3005 3183 3236 3241 full-iret.
3279 3182 3436 3248 quasi
3470 3181 3608 3232 ultro
3650 3178 3765 3225 tlztltS

2217 3281 2441 3347 pignora
2476 3276 2734 3329 Romanis
2772 3291 2883 3329 suae
2921 3273 3322 3328 benevnlentize
3360 3274 3603 3333 einecne,
3632 3279 3767 3319 arcas

2215 3373 2422 3440 aliquot
2448 3386 2578 3424 sane
2609 3384 2804 3435 graves
2847 3369 2896 3422 iu
2926 3368 3131 3423 ferculo
3171 3368 3509 3436 roustipatas
3539 3361 3763 3432 qttntlattt.

2214 3468 2414 3538 quibus
2451 3466 2628 3518 claudi
2680 3478 2810 3516 suos
2847 3463 3132 3515 thesauros
3165 3462 3395 3524 diceret,
3441 3460 3566 3529 ipsis
3601 3457 3644 3508 in
3688 3451 3769 3504 tri-

2217 3560 2349 3613 remi
2386 3557 2733 3625 deponendas
2784 3555 2968 3609 tradit.
3014 3553 3084 3606 Ea
3133 3555 3205 3608 illi
3253 3564 3400 3606 tanta
3436 3552 3574 3604 velut
3623 3547 3764 3599 arrha

2217 3648 2523 3704 confirmati
2555 3645 2706 3699 nefas
2731 3654 2995 3716 putarunt
3027 3646 3092 3698 de
3130 3645 3230 3698 viri
3260 3645 3530 3698 dictorum
3565 3639 3766 3693 veritate

2218 3739 2488 3793 dubitare.
2541 3735 2738 3789 Verum
2774 3745 2936 3789 nocte
2976 3731 3222 3789 insecuta
3254 3731 3655 3788 centurionibus
3686 3725 3766 3778 ali-

2217 3837 2350 3899 quot
2380 3842 2504 3882 cnm
2541 3828 2835 3895 manipulis
2865 3842 3050 3880 eorum
3089 3827 3140 3880 in
3183 3825 3491 3895 Mpyrigerii
3527 3818 3766 3885 navigium

2219 3920 2566 3984 introductis,
2600 3919 2652 3972 id
2697 3920 2773 3972 ita
2823 3920 3090 3972 munitum
3123 3919 3394 3988 postridie
3426 3913 3682 3984 apparuit,
3719 3911 3768 3956 ut

2217 4015 2453 4084 elapsam
2486 4014 2590 4069 sibi
2626 4013 2694 4068 de
2727 4012 2979 4066 manibus
3013 4011 3132 4080 eius
3170 4010 3512 4081 expugnandi
3556 4001 3769 4058 occasioo

2220 4123 2343 4161 nem
2405 4121 2530 4160 sero
2579 4103 2693 4172 jam
2751 4104 3066 4157 trierarchtc
3116 4101 3452 4168 imperatorii
3509 4095 3764 4153 sentirent.

2221 4199 2493 4266 iidemque
2522 4211 2628 4249 non
2681 4195 2799 4248 sine
2825 4209 2988 4247 causa
3033 4201 3410 4258 suspectarcnt
3457 4190 3683 4244 fraudem
3723 4179 3764 4238 it!

2219 4290 2274 4343 itt
2307 4303 2370 4342 eo
2405 4288 2676 4356 qttaudam
2709 4287 3012 4340 Pltarendas
3048 4295 3340 4338 versatam.
3375 4284 3472 4338 Cui
3501 4268 3763 4345 suspicioni

2218 4397 2340 4435 rum
2381 4387 2696 4434 occurreret
2733 4378 2994 4431 memoria
3023 4378 3310 4443 pignorum
3341 4378 3604 4430 datorum,
3625 4361 3766 4418 subiit

2216 4473 2476 4540 quosdam
2510 4487 2640 4525 cura
2674 4468 2990 4538 explorandi
3024 4470 3150 4535 quid
3185 4467 3375 4521 la'ieret
3412 4467 3464 4518 itt
3493 4461 3636 4515 cistis
3670 4464 3765 4506 tra-

2215 4565 2362 4619 ditis.
2425 4561 2534 4615 llas
2587 4562 2754 4627 igitur
2790 4559 2880 4612 ubi
2917 4560 3285 4627 aperuissent,
3326 4570 3484 4610 arena
3526 4552 3696 4619 plenas
3719 4549 3764 4594 et

2214 4658 2486 4722 lapidibus
2521 4655 2820 4722 reperiunt.
2851 4654 2992 4721 Ergo
3032 4653 3301 4705 cubilibus
3326 4651 3434 4717 jam
3470 4644 3593 4714 ipsis
3624 4633 3763 4706 perii-

2212 4749 2315 4803 dite
2344 4747 2724 4815 deprehensis,
2760 4746 2895 4797 nihil
2933 4745 3244 4798 dubitantes
3274 4741 3505 4807 amplius
3541 4735 3658 4802 quin
3685 4739 3763 4779 ne-

2213 4838 2407 4892 fariam
2458 4835 2824 4905 proditionem
2867 4834 3110 4903 pacifica:
3150 4827 3527 4887 conventionis
3565 4822 3757 4873 obtentu

2212 4931 2431 4984 'l‘zimes
2471 4928 2900 4990 macltinaretur,
2935 4926 3046 4996 spei
3082 4940 3147 4979 ac
3195 4936 3440 4978 votorum
3488 4913 3617 4971 irriti
3654 4906 3761 4959 tric-

2210 5021 2421 5076 rarchte
2467 5021 2533 5073 ad
2587 5022 2974 5086 imperatorem
3039 5019 3338 5072 redierunt.
3400 5011 3546 5064 Alius
3599 5009 3757 5055 tam?"

2213 5113 2434 5182 quidam
2463 5092 2528 5165 ex
2567 5112 2670 5164 ista
2706 5119 2889 5181 gente,
2948 5109 3442 5164 Pbarentzanezas.
3477 5099 3632 5154 frater
3658 5087 3758 5153 ⁸1³⁸³

2213 5206 2304 5273 qui
2335 5205 2664 5258 constitutus
2695 5205 2876 5256 fuerat
2905 5199 3236 5253 domesticus
3262 5195 3583 5250 scholarum,
3612 5184 3756 5233 Amo-

2213 5297 2448 5364 gabarus
2491 5302 2544 5349 et
2591 5294 2726 5362 ipse,
2772 5293 3067 5360 transfugit
3119 5292 3186 5343 ad
3235 5291 3603 5355 imperatorem
3649 5276 3752 5364 cum

2215 5362 2381 5446 sociis
2413 5387 2831 5454 quinquaginta.
2869 5383 3091 5450 Excepti
3126 5385 3194 5435 ab
3235 5397 3300 5436 eo
3331 5375 3505 5433 cuncti
3539 5362 3754 5463 suntho-

2214 5479 2406 5540 uevole
2428 5494 2492 5531 ac
2543 5479 2796 5530 munifice
2844 5478 3084 5530 tractati.
3117 5477 3273 5532 Unde
3315 5467 3538 5535 sumptis
3585 5459 3752 5547 anim-rs

2221 5571 2415 5626 Rhodo
2446 5569 2717 5623 inhiantes
2750 5568 2920 5621 Frerii
2960 5569 3093 5636 ipsis
3139 5565 3416 5635 impositos
3450 5548 3751 5636 imperatorii

2223 5625 2454 5716 navibus
2485 5661 2690 5729 legatos
2718 5659 2784 5712 ad
2814 5625 2992 5728 ipsum
3018 5625 3305 5720 miserit-nt,
3333 5669 3424 5723 per
3448 5658 3574 5713 quos
3610 5625 3748 5702 636

2222 5753 2455 5821 arebant
2487 5751 2784 5818 condonari
2821 5753 2923 5806 sibi
2971 5767 3152 5806 arcem
3188 5752 3304 5822 ejus
3339 5741 3536 5800 insula'.
3582 5734 3627 5782 ί¹¹
3657 5730 3743 5806 Ψ¹³
