4046 6386
357 391 462 462 397

1279 406 1377 466 DE
1419 407 1868 469 ANDRONICO
1902 406 2361 469 PALIEULOGO
2390 408 2536 467 LIB.
2578 406 2714 469 VII.

3486 418 3595 484 698

350 526 496 575 σαις,
520 510 614 564 καὶ
646 510 856 580 βασιλεῖ
881 514 1230 583 τριακοσίους
1254 518 1363 570 τῶν
1382 517 1625 588 ἀρίστων
1646 519 1919 588 πολεμάρ-
1949 517 1997 574 Α
2023 518 2148 586 τῆρι
2180 517 2274 568 ἐπὶ
2299 512 2459 569 Αἶνον
2482 516 2577 568 καὶ
2598 515 2935 588 Μεγαρίσιον
2965 517 3224 585 γίνονται,
3255 520 3390 574 ὅπου
3420 525 3516 576 καὶ
3536 526 3596 591 ἐξ

347 619 461 675 χων
490 603 955 673 συγκροτοῦντας,
979 605 1115 660 ὅπου
1149 607 1258 675 ἄρα
1284 608 1379 662 καὶ
1404 609 1826 679 προσταχθείεν.

557 713 661 768 λα’.
702 715 779 770 Τὰ
810 717 962 776 κατὰ
983 716 1098 782 τὴν
1136 717 1345 772 Ῥόδον
1371 718 1709 787 συμϐάντα.

419 827 493 879 Οὐ
528 828 634 896 μὴν
661 828 717 882 δὲ
743 829 834 881 καὶ
889 828 1146 899 βασιλεὺς
1182 829 1352 884 ταῦτα.
1379 831 1589 894 τούτοις
1644 829 1916 895 ἐπείθετο,

348 918 485 973 ἀλλὰ
512 920 956 988 προσετοιμάσας
986 920 1081 973 καὶ
1110 917 1265 983 αὖθις
1291 923 1392 982 τὰς
1434 922 1569 989 νῆας
1599 922 1694 972 ἐπὶ
1732 922 1916 975 Ῥόδου

348 1007 561 1074 πέμπει
587 1008 654 1061 τὰ
676 1009 879 1062 δυνατὰ
915 1012 1284 1079 προσαρήγων
1327 1011 1572 1074 Ῥοδίοις.
1609 1012 1715 1064 Τοῦ
1741 1012 1786 1064 δ’
1817 1012 1917 1064 αὐ·

345 1099 441 1152 τοῦ
474 1104 643 1168 μηνὸς
674 1102 1083 1168 Βοηδρομιῶνος
1113 1104 1255 1156 κατᾶ
1283 1104 1383 1172 τὴν
1412 1105 1605 1172 καινὴν
1633 1104 1918 1172 Κυριακὴν

347 1190 443 1243 καὶ
475 1194 503 1243 ό
525 1191 827 1259 φυλακιτης
857 1192 1269 1262 Μελιτηνιώτης
1293 1193 1539 1262 θνήσκει,
1570 1197 1636 1263 τῇ
1662 1194 1721 1258 ἐξ
1740 1195 1915 1264 ἀρχῆς

346 1283 625 1351 ἐπιμένων
650 1284 840 1355 γνώμῃ
874 1283 1063 1354 ὥσπερ
1101 1287 1194 1337 καὶ
1224 1290 1252 1339 ό
1296 1286 1518 1349 Βὲκκος,
1561 1287 1726 1357 μηδὲν
1758 1286 1917 1338 πλέον

346 1378 482 1445 πρὸς
521 1378 789 1447 βασιλέως
817 1379 1054 1442 ἀξιώσας
1102 1380 1135 1449 ἦ
1167 1381 1228 1431 τὸ
1254 1378 1346 1433 ἐπί
1383 1397 1490 1431 τινι
1514 1379 1623 1431 τῶν
1660 1380 1789 1448 περὶ
1817 1379 1916 1447 τὴν

343 1468 501 1522 πόλιν
533 1471 808 1538 ἀοικήτων
831 1473 1013 1537 νήσων
1065 1470 1310 1539 ἀπαχθὲν
1336 1470 1396 1521 τὸ
1431 1471 1561 1523 ῐδιον
1592 1469 1789 1536 σκῆνος
1817 1484 1916 1518 τα-

343 1562 533 1629 φῆναι.
563 1562 630 1613 Ὃ
656 1561 751 1613 καὶ
774 1560 991 1629 γέγονε.
1024 1562 1134 1614 Καὶ
1153 1564 1230 1622 εἰς
1248 1561 1348 1630 τὴν
1380 1561 1596 1628 Πλάτην
1628 1560 1916 1629 ἐκκομίζε-

341 1667 435 1703 ται
461 1651 556 1702 καὶ
604 1649 830 1713 εἰκαίως
863 1651 1151 1705 θάπτεται.
1212 1653 1390 1713 Μόνος
1423 1654 1480 1703 δὲ
1528 1653 1595 1719 τῇ
1638 1649 1856 1718 φυλακῇ
1888 1649 1916 1699 ὁ

341 1741 646 1810 Μετοχετης
672 1742 1158 1810 ὲγκαταλέλειπτο,
1186 1743 1350 1813 μηδὲν
1368 1743 1463 1796 καὶ
1490 1742 1651 1805 αὐτὸς
1680 1740 1912 1804 ἐνδιδοὺς

341 1831 423 1885 ἔτι
454 1827 530 1885 ὧν
558 1832 618 1896 ἐξ
640 1831 816 1901 ἀρχῆς
845 1832 1108 1902 ὲξείχετο.

340 1945 443 2016 λβ’.
484 1945 627 2014 Περὶ
669 1943 783 2014 τῆς
827 1946 1303 2014 ἐπαναστάσεως
1333 1946 1451 2002 τῶν
1483 1947 1913 2018 Ἀμογαϐάρων.

412 2060 500 2133 [Ρ.
539 2059 667 2131 444]
710 2060 1081 2134 Ἀμογάὸαροι
1102 2062 1158 2114 δὲ
1183 2063 1252 2114 τὰ
1282 2061 1452 2115 πολλὰ
1471 2061 1546 2130 τῷ
1571 2061 1715 2131 λιμῷ
1747 2077 1916 2128 προσ.

339 2153 817 2221 ταλαιπωροῦντες
863 2153 1020 2223 (οὐδὲ
1062 2152 1172 2223 γὰρ
1224 2153 1473 2223 σπείρειν
1516 2152 1768 2224 ἤθελον),
1799 2154 1917 2220 ἅμα

338 2244 397 2297 δὲ
432 2246 527 2297 καὶ
556 2246 653 2314 τῆς
681 2246 745 2298 ὲκ
792 2244 903 2297 τῶν
941 2245 1283 2314 θνησκόντων
1316 2244 1584 2305 δυσωδίας
1618 2244 1694 2313 μὴ
1725 2243 1916 2314 ἀνεχό-

344 2352 518 2404 μενοι,
552 2334 856 2388 Ῥαιδεστδν
886 2334 977 2388 καὶ
1009 2332 1182 2389 Πανία
1211 2335 1304 2388 καὶ
1333 2333 1405 2388 τὰ
1428 2333 1521 2387 τοῦ
1548 2335 1721 2389 Γάνου
1748 2351 1919 2388 κατα-

339 2425 591 2488 λιπόντες
623 2426 948 2498 παμπληθεὶ
974 2428 1112 2481 κατὰ
1137 2427 1235 2498 τὴν
1257 2427 1352 2482 τοῦ
1385 2426 1624 2481 Καλλίου
1651 2427 1913 2494 γίνονται.

352 2519 502 2579 Ἐκεῖ
528 2519 657 2583 τοὺς
706 2520 764 2582 ἐς
815 2517 1064 2589 φυλακὴν
1117 2519 1368 2591 αὐτάρκη
1401 2518 1656 2583 λιπόντες
1683 2518 1788 2589 ὅλῳ
1820 2518 1916 2588 ῥυ-

339 2700 690 2757 ooncorditer
753 2698 1087 2762 habitarent,
1153 2699 1293 2769 ejus
1342 2698 1572 2767 imperio
1643 2698 1911 2768 subjecti;

339 2792 484 2862 quod
516 2790 566 2845 si
598 2798 883 2856 annueret,
917 2790 1217 2846 oil‘erebant
1251 2799 1527 2846 trecentos
1555 2805 1586 2844 e
1614 2790 1726 2844 suis
1750 2804 1916 2860 expe-

341 2882 702 2938 rientissimos
732 2883 808 2938 rei
834 2881 1061 2945 bellicat,
1081 2890 1141 2934 ut
1167 2879 1263 2950 qui
1288 2894 1399 2933 non
1431 2894 1672 2950 pugnare
1717 2880 1915 2945 solum,

338 2976 435 3031 sed
483 2988 716 3042 praeesse
768 2974 990 3028 aciebus
1047 2981 1102 3027 et
1151 2972 1378 3026 ductare
1425 2971 1700 3029 exercitus
1743 2970 1915 3040 perite

338 3075 582 3136 possent.
606 3063 713 3118 Hos
732 3064 1134 3134 pollicebantur
1158 3077 1187 3117 a
1213 3079 1273 3119 se
1303 3063 1476 3117 ituros
1499 3063 1565 3117 ad
1591 3068 1912 3132 Augustum,

2023 606 2271 674 ἀνάγκης
2308 607 2400 658 καὶ
2450 606 2657 668 ἐνδείας
2688 606 3124 674 προσϐάλλοντες
3151 610 3247 662 καὶ
3291 611 3593 681 ῥιψοκινδύ-

2023 715 2129 759 νως
2175 697 2473 767 μαχόμενοι
2503 697 2658 750 οὐδὲν
2705 692 2868 769 ἦττον
2917 699 3068 769 παρὰ
3099 699 3206 753 τῶν
3259 703 3596 775 προσχώρων

2021 789 2367 859 ὲζημιοῦντο.
2414 789 2518 840 Καὶ
2551 787 2748 852 πύστις
2775 785 2843 860 ἦν
2872 792 3245 861 πιστευομένη
3275 794 3460 857 ἐνίοις,
3501 796 3597 847 καὶ

2021 882 2131 939 τοῖς
2188 876 2404 930 δοκοῦσι
2455 879 2565 932 τῶν
2593 880 2927 949 ἀκουόντων,
2961 882 3037 945 ὡς
3088 884 3185 936 τοῦ
3219 886 3466 955 ποταμοῦ
3498 889 3596 957 τῆς

2019 967 2305 1039 Μαρίτζης
2332 968 2394 1021 τὸ
2418 971 2555 1023 πολὺ
2606 971 2699 1024 τοῦ
2730 970 2922 1035 ὓδατος
2961 972 3101 1043 πρὸς
3152 974 3432 1030 θάλασσαν
3463 980 3598 1031 ἁπο-

2020 1062 2318 1126 π-ιύσοντος
2361 1063 2455 1114 καὶ
2508 1062 2674 1132 βατοῦ
2719 1064 2902 1127 ποσῶς
2942 1066 3240 1135 γενομένου
3303 1070 3427 1121 ποσὶ
3458 1070 3597 1139 πρὸς

2020 1154 2248 1219 Βολερὺν
2293 1154 2376 1207 δια
2394 1154 2880 1223 τ-εραιωθήσονται.
2930 1157 3093 1210 Ὅθεν
3120 1161 3218 1212 καὶ
3244 1161 3430 1214 πολλοὶ
3457 1180 3597 1230 προ-
3624 1218 3630 1244 ε

2019 1245 2311 1311 φθάνοντες
2329 1243 2568 1314 ὲξῴκουν
2591 1246 2801 1298 ἐκεῖθεν
2832 1247 2926 1298 καὶ
2952 1251 3065 1308 τοῖς
3088 1250 3369 1319 φρουρίοις
3392 1254 3595 1320 ὲγκατ-
3625 1250 3632 1320 ξ

2018 1334 2257 1397 εδὺοντο,
2312 1334 2386 1396 ὡς
2434 1337 2714 1405 προνομῆς
2758 1336 2930 1389 τύπον
2977 1338 3123 1408 ἔχειν
3179 1342 3277 1393 καὶ
3323 1340 3383 1394 ὃν
3433 1316 3631 1396 τόπονξ

2015 1423 2077 1475 οὖ
2090 1442 2168 1474 πω
2195 1425 2301 1477 τινὶ
2334 1426 2767 1496 προενόμευσαν.

2084 1560 2186 1629 λγ’.
2217 1561 2480 1627 Ἀλωσις
2506 1559 2614 1629 τῆς
2660 1565 3012 1631 Τρικοκκίας
3045 1567 3207 1634 παρὰ
3250 1566 3521 1637 Περσῶν.

2102 1693 2406 1764 Ἐτὲρωθεν
2453 1695 2574 1749 κατ’
2605 1695 2893 1765 ἀνατολὴν,
2936 1697 3034 1749 καὶ
3079 1697 3279 1767 μᾶλλον
3328 1699 3459 1766 περὶ
3490 1699 3596 1762 τὴν

2015 1784 2274 1849 Νίκαιαν,
2311 1785 2596 1854 δυσφόρως
2620 1780 2770 1855 εἶχον
2804 1787 2871 1841 τὰ
2897 1789 3223 1857 πράγματα,
3258 1789 3351 1840 τοῦ
3388 1791 3594 1858 Ἀτμὰν

1942 1878 1986 1933 Β
2015 1876 2332 1938 κλονοῦντος
2379 1877 2446 1928 τὰ
2494 1877 2645 1946 τῇδε,
2698 1878 2794 1930 καὶ
2832 1879 3035 1946 μᾶλλον
3082 1881 3165 1932 ὅτι
3209 1882 3240 1950 ὴ
3276 1882 3590 1953 αὑταδὲλφη

2015 1969 2111 2021 τοῦ
2153 1968 2415 2037 βασιλέως
2448 1969 2635 2038 Μαρία
2660 1969 2886 2022 καὶτῶν
2921 1972 3275 2038 Μουγουλίων
3298 1970 3442 2024 οὕτω
3473 1989 3591 2034 πως

2016 2061 2271 2114 δέσποινα
2293 2060 2669 2132 ὀνομαζομένη
2692 2064 2966 2117 ἐπιστᾶσα
2984 2064 3192 2134 Νικαίᾳ
3208 2064 3268 2128 ἐξ
3288 2065 3591 2134 ὑπερτέρου

2017 2153 2366 2220 φρονήματος
2412 2152 2489 2221 τῷ
2535 2153 2737 2222 ’Ᾱτμᾶν
2779 2157 3191 2224 προσεφέρετο,
3243 2158 3338 2209 καὶ
3386 2159 3468 2218 εἰς
3499 2157 3594 2208 τὸν

2014 2241 2397 2311 Χαρμπαντᾶν
2447 2243 2778 2310 ὲπεγκαλεῖν
2827 2243 2962 2314 δῇλη
3012 2240 3080 2315 ἦν
3113 2247 3436 2299 ἀπειλοῦσα.
3484 2249 3594 2301 Καὶ

2016 2334 2206 2402 γέγονε
2238 2335 2432 2395 ταῦτα,
2470 2335 2564 2387 καὶ
2591 2336 2850 2406 μυριάδες
2872 2339 3040 2405 τρεῖς,
3069 2337 3144 2391 ὡς
3174 2339 3206 2408 ἡ
3237 2340 3432 2401 πύστις
3454 2333 3592 2408 εἶχε,

2002 2424 2146 2494 περί
2189 2442 2293 2478 που
2336 2426 2403 2479 τὰ
2436 2426 2547 2494 ἑῷα
2586 2426 2728 2496 μέρη
2757 2427 3019 2493 Περσίδος
3052 2429 3448 2495 ἐξεπέμποντο.
3482 2430 3594 2483 Καὶ

2017 2516 2156 2587 πρὸς
2191 2515 2418 2587 βασιλέα
2466 2516 2536 2569 τὰ
2580 2518 2834 2587 μήνυτρα
2884 2517 3137 2587 ἔφθανον,
3192 2519 3287 2572 καὶ
3337 2518 3593 2589 βασιλεὺς

2017 2697 2187 2767 magis
2247 2695 2710 2766 appropinquaret
2770 2696 2928 2760 mari,
2996 2711 3062 2749 eo
3131 2696 3307 2749 altiori
3376 2707 3592 2767 turgere

2017 2791 2194 2853 alveo,
2222 2787 2335 2841 ioc:i
2370 2788 2435 2839 de
2463 2786 2729 2841 industria
2770 2799 3076 2854 qumreutes
3125 2787 3258 2841 fonti
3295 2789 3413 2851 eius
3460 2790 3591 2843 viei-

2018 2882 2168 2936 niora
2224 2894 2417 2934 versus
2462 2879 2712 2933 Bolerum
2772 2878 3015 2945 tendere,
3049 2880 3138 2934 ubi
3195 2882 3590 2946 quadamtenus

1966 2990 1969 2995 ·
2016 2974 2251 3029 vadosus
2287 2972 2588 3036 ferebatur,
2624 2980 2680 3023 ut
2721 2986 2844 3025 eum
2875 2972 2986 3027 illic
3018 2973 3241 3039 pedibus
3276 2972 3589 3026 transirent.

2016 3065 2132 3120 Hoc
2185 3065 2277 3133 qui
2337 3065 2485 3118 circa
2542 3072 2749 3118 tractus
2809 3048 2928 3119 illos
2986 3064 3305 3118 habitabant
3352 3065 3588 3133 cognito,

335 3174 391 3212 et
413 3171 737 3226 quocunque
765 3158 924 3213 vellet
953 3158 1248 3220 destinare,
1272 3156 1336 3210 ad
1363 3171 1475 3209 rem
1506 3163 1694 3209 contra
1718 3154 1916 3209 Persas
1942 3200 1984 3257 ο
2019 3155 2217 3223 passim
2273 3154 2607 3209 consternati
2644 3154 2970 3209 deserebant
3003 3156 3215 3217 domos,
3263 3170 3322 3208 se
3381 3169 3590 3222 suaque

339 3270 499 3313 ntanu
534 3266 589 3310 et
611 3237 846 3309 concilio
880 3252 1173 3321 gerendam
1206 3251 1572 3319 profecturos.

705 3368 795 3422 51.
837 3367 969 3432 Qua:
998 3362 1170 3419 Rhodi
1199 3362 1539 3429 contigerint.

405 3484 525 3539 Non
575 3493 760 3538 tamen
816 3483 931 3537 haec
967 3480 1076 3535 illis
1129 3480 1429 3549 imperator
1482 3489 1742 3531 assensus
1778 3482 1909 3528 est:

333 3579 466 3645 quin
500 3585 555 3629 et
602 3590 791 3629 rursus
822 3581 1044 3642 paratas
1095 3586 1258 3626 naves
1306 3570 1561 3623 Rhodum
1599 3570 1770 3633 misit,
1815 3580 1911 3634 pro

332 3670 481 3723 virili
530 3667 772 3722 Rhodios
805 3667 1094 3733 adiuvans.
1141 3662 1346 3717 Eodem
1394 3675 1579 3714 mense
1617 3659 1814 3728 Aprili,
1846 3672 1908 3711 ea

335 3764 424 3816 die
462 3775 581 3829 qua:
614 3775 748 3814 nova
787 3758 1064 3811 Dominica
1094 3764 1343 3821 vocatur,
1376 3766 1529 3808 vetus
1550 3753 1745 3821 hospes
1789 3765 1912 3805 car-

331 3852 482 3908 ceris
515 3851 878 3906 Meliteniotes
937 3848 1193 3913 moritur,
1250 3847 1304 3901 in
1352 3846 1526 3915 prima
1579 3859 1703 3902 sua,
1745 3853 1801 3894 ut
1853 3851 1911 3896 et

332 3947 572 4007 Vrecus,
604 3957 929 4013 permanens
968 3944 1267 4004 sententia,
1303 3939 1435 3994 nihil
1477 3936 1709 4006 amplius
1739 3935 1911 4004 impe-

333 4049 574 4095 ratorem
600 4045 854 4106 precatus
879 4036 983 4089 nisi
1015 4044 1074 4089 ut
1102 4037 1154 4088 in
1180 4034 1358 4102 aliqua
1393 4032 1731 4085 desertarum
1763 4029 1912 4084 insu-

332 4135 510 4188 larum
562 4130 796 4183 cadaver
841 4144 998 4183 suum
1050 4127 1265 4194 sepeliri
1303 4126 1608 4178 mandaret.
1652 4122 1802 4188 Quod
1856 4131 1912 4175 et

336 4227 540 4278 factum
590 4231 721 4278 est:
766 4236 886 4274 nam
943 4221 995 4273 in
1048 4218 1275 4273 insulam
1329 4215 1519 4270 Piatcn
1568 4215 1907 4280 deportatum

331 4334 537 4387 corpus
570 4316 686 4385 ejus
723 4315 794 4370 ibi
828 4322 911 4368 est
957 4312 1212 4366 tralatitie
1244 4312 1549 4365 humatum.
1596 4307 1754 4362 Solus
1781 4320 1911 4359 vero

333 4412 392 4466 in
427 4423 648 4465 carcere
677 4406 966 4460 iiictochita
1003 4402 1287 4468 remansit,
1338 4416 1437 4455 nec
1470 4401 1585 4468 ipse
1615 4398 1908 4467 quidquam

333 4506 514 4559 adhuc
543 4503 828 4557 remittens
862 4500 913 4553 in
949 4498 1016 4552 iis
1054 4513 1176 4568 quae
1206 4511 1234 4549 a
1269 4495 1538 4565 principio
1568 4493 1901 4547 decreverat.
1943 4532 1985 4586 ο

618 4614 706 4668 52.
744 4614 819 4668 De
864 4613 1098 4667 discessu
1145 4607 1623 4680 Amoqabarorum.

412 4730 474 4782 At
501 4725 825 4798 Amogabari
859 4725 1000 4778 fame
1036 4723 1389 4778 vehementer
1410 4721 1581 4789 pressi
1611 4720 1741 4775 (non
1767 4715 1910 4798 enim

334 4821 614 4875 seminare
660 4816 1008 4887 curaverant)
1051 4824 1105 4870 et
1152 4814 1498 4868 morientium
1535 4810 1661 4866 inde
1694 4809 1909 4879 vulgata

334 4910 428 4962 lue
467 4907 825 4972 plurimorum
877 4906 1126 4959 fauorem
1159 4919 1263 4956 non
1320 4902 1581 4966 ferentes,
1619 4899 1911 4954 Rhaedesto

334 5009 393 5052 ct
422 4998 627 5062 Paniis,
659 5012 722 5051 ac
751 5010 1085 5065 quascunque
1111 4995 1176 5048 ad
1215 4992 1424 5049 Ganum
1464 4993 1738 5051 tenebant,
1777 4990 1913 5045 locis

336 5093 568 5153 relictis,
595 5105 767 5160 prono
814 5104 974 5143 cursu
1017 5089 1083 5140 ad
1135 5086 1331 5141 IEnum
1373 5093 1428 5139 et
1473 5085 1816 5152 Megarisium
1850 5097 1911 5137 se

337 5182 701 5237 transferunt.
737 5179 840 5234 Ubi
872 5178 942 5232 ob
968 5178 1248 5247 penuriam
1276 5176 1446 5230 nihilo
1482 5175 1664 5230 secius
1706 5189 1910 5243 urgen-

336 5286 447 5326 tem
491 5271 665 5325 coacti
708 5269 880 5323 aleam
926 5267 1112 5334 jacere
1144 5266 1482 5329 certaminis,
1525 5265 1712 5332 iniquo
1744 5265 1909 5318 etiam

335 5365 459 5418 loco
494 5378 729 5433 pugnam
766 5359 1103 5425 lacessendo,
1134 5372 1202 5413 ne
1239 5358 1319 5411 sic
1358 5356 1575 5426 quidem
1609 5355 1766 5409 malis
1796 5355 1912 5409 suis

338 5456 722 5513 metiebantur,
751 5467 857 5504 non
889 5451 1069 5518 parvis
1097 5450 1164 5503 ab
1203 5448 1415 5503 illarum
1448 5447 1645 5503 incolis
1679 5447 1914 5517 partium

338 5526 558 5599 damnis
605 5544 808 5599 affecti.
861 5541 1013 5596 Tunc
1056 5541 1200 5597 fama
1237 5541 1508 5601 inercbuit
1555 5556 1620 5597 ex
1666 5541 1919 5609 opinione

337 5636 504 5707 637
548 5634 825 5689 verisimili
866 5633 1178 5700 multorum,
1210 5649 1239 5688 a
1270 5635 1401 5688 viris
1433 5633 1595 5688 etiam
1638 5634 1919 5703 prudenti-

2016 3249 2279 3303 abdentes
2319 3248 2462 3302 intra
2506 3247 2743 3301 munitas
2782 3261 2958 3309 arces.
2997 3262 3106 3301 non
3142 3248 3248 3302 alio
3281 3262 3445 3317 quam
3477 3261 3590 3299 ma-

2013 3351 2146 3394 turae
2204 3339 2340 3409 iuga:
2391 3338 2641 3407 praesidio
2692 3346 2839 3393 tutos
2891 3353 2948 3393 se
3001 3339 3212 3392 futuros
3261 3339 3513 3392 arbitrati
3556 3354 3587 3392 a

2014 3429 2353 3498 gravissimis
2384 3428 2561 3490 malis,
2603 3442 2722 3496 qua:
2752 3429 2820 3481 ab
2852 3430 3043 3481 horum
3099 3441 3221 3483 nota
3270 3431 3592 3486 crudelitate

2014 3536 2117 3573 non
2153 3520 2421 3574 immerito
2465 3520 2737 3573 timerent.
2786 3520 2858 3572 ita
2921 3522 3155 3574 nendum
3202 3522 3326 3576 ullis
3377 3533 3586 3578 vastata

2012 3612 2259 3664 hostibus
2325 3611 2494 3680 regio,
2551 3627 2683 3665 vana
2744 3611 3105 3679 trepidatione
3159 3610 3589 3668 discursantium

2016 3703 2120 3754 huc
2170 3714 2224 3756 et
2276 3702 2405 3757 illuc
2444 3702 2770 3773 incolarum,
2820 3716 2936 3756 eam
2976 3703 3300 3769 praeferebat
3353 3704 3590 3772 speciem

2014 3798 2168 3867 quasi
2207 3796 2568 3852 cummaxime
2597 3811 2625 3849 a
2657 3795 3065 3863 pabulatoribus
3097 3795 3274 3862 magni
3319 3796 3590 3850 exercitus

2014 3890 2217 3958 passim
2254 3888 2607 3958 diriperetur.

2259 3983 2347 4036 55.
2396 3981 2732 4051 Expugnqlio
2779 3981 3065 4037 Tricocciw
3105 4000 3137 4037 a
3166 3980 3366 4039 Persis.

2082 4074 2312 4128 Aliunde
2344 4089 2438 4142 per
2469 4072 2769 4135 Orientem,
2797 4083 2849 4128 et
2879 4075 3112 4128 maxime
3148 4074 3294 4127 circa
3327 4073 3587 4134 Nicaeam,

2013 4162 2154 4217 tnalo
2207 4178 2337 4216 sane
2394 4162 2514 4216 loco
2567 4178 2652 4215 res
2715 4172 2891 4226 erant,
2951 4164 3183 4216 Atmane
3232 4170 3420 4216 cuncta
3479 4161 3593 4214 illic

2012 4264 2200 4324 agente
2243 4252 2583 4321 ferenteqne,
2626 4254 2925 4321 prasertim
2973 4269 3040 4308 ex
3074 4268 3181 4323 quo
3225 4266 3382 4307 soror
3422 4252 3567 4319 impe
3664 4308 3669 4313 ,

2014 4348 2213 4401 ratoris
2267 4347 2458 4413 Maria,
2507 4348 2873 4417 Muguiiorum
2926 4350 3144 4404 domina
3197 4350 3450 4409 vocitata.
3498 4348 3591 4402 Ni-

2012 4454 2136 4493 caeae
2186 4439 2427 4494 residens
2461 4439 2570 4493 aito
2624 4441 2907 4494 Atmanem
2963 4440 3241 4508 despicere
3290 4441 3591 4511 supercilio

2017 4531 2127 4585 visa
2177 4542 2279 4597 est,
2306 4540 2683 4587 accusaturam
2709 4548 2769 4588 se
2794 4532 2942 4586 illum
2967 4533 3105 4602 apud
3129 4531 3590 4602 Carmpantanem

2014 4622 2249 4678 ﬁdenter
2272 4624 2622 4679 comminata.
2650 4623 2760 4680 Nec
2790 4626 2949 4680 minas
2979 4625 3199 4680 fuerunt
3231 4641 3381 4680 vana
3408 4642 3423 4680 :
3463 4641 3588 4679 na'n

2015 4729 2043 4767 a
2074 4716 2399 4783 compellato
2442 4733 2540 4781 per
2568 4717 2791 4772 Mariam
2819 4719 3218 4784 Carmpantane
3251 4718 3493 4787 triginta,
3533 4725 3590 4771 ut

2013 4805 2160 4862 {uina
2209 4806 2330 4871 fuit,
2380 4809 2933 4863 armatorumuniilia
2967 4824 3030 4862 ex
3075 4809 3319 4865 interiori
3370 4807 3595 4862 Perside

2019 4914 2214 4953 versus
2263 4897 2592 4954 Orientalem
2629 4898 2907 4953 Romaniae
2959 4899 3183 4953 limitem
3229 4899 3392 4953 missa
3440 4908 3591 4955 situt.

2013 4990 2178 5058 Cujus
2213 4990 2427 5044 indiciis
2460 4990 2534 5043 rei
2565 4998 2774 5043 mature
2808 4991 2873 5044 ad
2904 4990 3288 5059 imperatorem
3332 4989 3586 5058 praemis-

2012 5082 2109 5143 sis.
2159 5082 2368 5135 studuit
2424 5081 2512 5134 ille
2565 5081 2778 5135 obviam
2832 5082 3176 5135 venientibus
3225 5082 3447 5136 mittere
3497 5080 3590 5150 qui

2012 5186 2174 5240 quam
2217 5181 2398 5241 gratus
2448 5170 2550 5225 sibi
2604 5170 2742 5245 {oret
2797 5170 3009 5226 illorum
3059 5172 3326 5245 adventus
3380 5173 3594 5228 cunctis

2015 5263 2579 5317 tleuonstrationibus
2634 5263 3021 5318 benevolentiae
3058 5275 3114 5321 et
3164 5266 3341 5322 xeniis
3384 5268 3592 5335 magni-

2018 5357 2133 5411 iicis
2162 5365 2514 5410 testarentur.
2551 5355 2655 5410 Sed
2690 5356 2825 5410 nihil
2852 5357 3043 5412 borum
3082 5358 3367 5413 Atmanem
3398 5359 3593 5411 terruit

2014 5458 2107 5499 aut
2160 5448 2460 5517 segniorem
2512 5448 2577 5501 ad
2628 5448 2898 5504 destinata
2936 5450 3281 5519 exsequenda
3333 5449 3588 5503 reddidit.

2014 5539 2154 5605 Quin
2181 5548 2233 5592 et
2276 5548 2435 5594 aucto
2463 5554 2526 5593 ex
2566 5538 2651 5594 his
2688 5539 2891 5610 impetu
2928 5541 3243 5595 incumbere
3295 5540 3590 5594 vehemen-

2020 5633 2126 5685 tius
2162 5632 2225 5684 atl
2265 5642 2441 5698 empta
2482 5641 2703 5685 strenue
2737 5634 3094 5702 perpetranda
3127 5631 3431 5686 videbatur.
3480 5632 3593 5685 Ita-

338 5729 466 5792 bus,
507 5727 593 5780 ubi
623 5725 935 5789 erudierunt,
967 5723 1124 5779 facile
1176 5724 1404 5789 credita,
1444 5739 1535 5779 eos
1582 5725 1719 5780 velle
1770 5725 1923 5794 traji-
2019 5740 2123 5793 que
2178 5722 2432 5778 infestum
2487 5727 2784 5787 ewrcitum
2838 5723 3034 5779 Niciam
3084 5724 3377 5779 admovens
3432 5739 3594 5793 agros

339 5833 469 5874 cere
505 5817 784 5873 Maritzam
818 5830 1057 5882 amnem,
1108 5815 1199 5872 scd
1245 5816 1386 5885 quod
1426 5816 1631 5873 scirent
1659 5831 1778 5872 eum
1814 5832 1924 5886 quo
2021 5818 2257 5885 primum
2281 5817 2488 5874 circum
2518 5818 2757 5888 undique
2788 5817 3037 5882 ‘astavit,
3059 5816 3233 5874 vineis
3255 5816 3591 5887 excidendis,
