4046 6392
464 410 468 415 ·
502 390 611 457 699

1741 405 2062 469 GEORGII
2094 409 2396 472 PACHYM
2408 415 2578 476 ΕῐὶιΕ

3639 429 3730 495 700

503 505 739 573 πέμπων
773 499 857 576 [Ρ.
896 506 1021 578 MS]
1070 506 1371 579 ἐπολυώρει
1423 511 1560 579 σφᾶς
1598 516 1814 585 συχνοῖς
1859 518 1952 569 καὶ
1985 534 2082 584 με·
2111 526 2153 581 Α
2185 520 2365 589 ἐχυρῷ
2397 521 2598 592 ἐχρῆτο
2630 524 2895 595 φρουρίῳ,
2953 526 3048 579 καί
3082 525 3241 585 ἀπὼν
3272 530 3360 584 διὰ
3389 531 3496 586 τῶν
3537 537 3732 595 οἰκείων

503 597 873 667 γαλοπρεπὲσι
894 600 1153 671 φιλοτιμή
1164 618 1349 669 μασιν.
1369 603 1539 656 Οὐδὲν
1556 604 1611 657 δὲ
1630 606 1799 659 ταῦτα
1820 606 2082 660 νωθέστε-

480 705 599 763 ,ρον
624 689 715 744 τὸν
744 691 948 760 Ἀτμάν
969 694 1186 746 ἐποὲουν
1216 695 1311 748 καὶ
1345 698 1475 765 περὶ
1503 698 1603 761 τὰς
1625 699 1854 767 πράξεις
1876 701 2080 755 ὡσανεὶ

504 781 976 851 προμηθέστερον,
1004 784 1140 837 ἀλλά
1166 788 1258 839 καὶ
1288 786 1493 856 μᾶλλον
1523 787 1904 858 παρώτρυνον,
1938 793 2078 846 ὥστε

502 870 597 921 καὶ
634 869 844 940 Νικαία
880 872 1295 934 προσϐάλλοντα
1328 876 1541 945 ὲκσπᾷν
1584 878 1682 945 μὲν
1719 879 2077 948 ἀμπελῶνας,

450 1012 451 1015 η
500 959 790 1027 ἀφανίζειν
820 960 877 1012 δὲ
912 961 1061 1028 λήῖα,
1099 964 1194 1018 καὶ
1233 964 1389 1028 τέλος
1416 967 1746 1037 προσϐαλεῖν
1776 970 2081 1042 Τρικοκκίᾳ

502 1047 580 1116 τῷ
610 1049 719 1103 τῶν
748 1050 1021 1106 Νικαιέων
1048 1056 1480 1125 ἐπιτειχίσματι,
1520 1060 1615 1112 καὶ
1645 1062 2081 1132 περικαθίσαντα

504 1138 605 1193 σὺν
637 1141 833 1211 πλήθει
862 1147 1024 1197 παντὶ
1054 1148 1131 1216 τῷ
1168 1148 1294 1218 περὶ
1322 1150 1484 1202 αὐτὸν
1515 1152 1624 1204 τῶν
1657 1153 1882 1224 Περσῶν
1912 1157 2082 1210 πολλά

502 1233 606 1298 μὲν
632 1235 828 1287 παθεῖν
848 1236 909 1300 ἐξ
939 1238 1164 1292 ἐκείνων
1192 1242 1530 1312 ἀρειμανίων
1562 1244 1734 1298 ὄντων
1763 1247 1857 1300 καὶ
1880 1249 2083 1316 μᾶλλον

500 1324 758 1393 ῥυτήρων
790 1326 963 1392 τόξων
1017 1329 1278 1399 ἀρχῆθεν,
1329 1332 1483 1396 τέλος
1532 1333 1591 1387 δὲ
1627 1337 1756 1399 τοὺς
1794 1338 2078 1408 τάφρους,

499 1408 584 1477 οἷς
609 1417 901 1488 ἐθάρρουν,
939 1423 1192 1490 σταυροῖς
1223 1423 1585 1493 ἀναχώσαντα
1612 1427 1705 1480 καὶ
1731 1428 1958 1498 πέτραις
1985 1432 2083 1485 καὶ

500 1506 740 1578 δένδροις
772 1511 866 1564 καὶ
909 1511 1158 1581 χώμασιν
1201 1515 1403 1578 αὐτοὺς
1442 1520 1945 1590 παραστήσασθαι,
1986 1525 2082 1578 καὶ

501 1601 664 1668 φόνον
696 1600 797 1670 μὲν
846 1603 1015 1655 πολὺν
1052 1604 1480 1674 ἐξεργάσασθαι,
1514 1609 1695 1679 ἑαυτῷ
1725 1610 1782 1664 δὲ
1812 1613 1881 1666 τά
1917 1616 2082 1670 πιστά

498 1691 707 1757 δοῦναι,
741 1692 817 1756 ὥς
867 1711 932 1763 γε
983 1695 1170 1766 ἐῴκει,
1219 1698 1356 1765 πρὸς
1400 1701 1501 1773 τήν
1533 1703 1643 1755 τῶν
1673 1705 1975 1774 Τοχάρων,
2031 1708 2081 1761 εί

499 1782 820 1848 ἐπιστῶσιν,
880 1783 1150 1841 ἐπίθεσιν.
1186 1787 1393 1856 Θέρους
1436 1790 1495 1842 δὲ
1541 1786 1612 1861 ἦν
1663 1793 1817 1863 ἀκμὴ
1843 1834 1859 1857 ,
1895 1799 1991 1847 καὶ
2022 1797 2079 1850 at

499 1874 601 1942 μὲν
628 1874 721 1928 τοῦ
758 1875 1030 1946 βασιλέως
1060 1880 1188 1947 νῆες
1217 1880 1346 1948 περί
1384 1898 1491 1936 που
1519 1859 1654 1938 δέκα
1687 1859 1828 1949 μετά
1866 1886 1961 1940 τοῦ
1989 1890 2085 1942 ἐπὶ
2116 1859 2158 1917 Β
2186 1892 2268 1943 ὅτι
2318 1892 2411 1946 καὶ
2458 1859 2617 1965 λίμοῢ
3035 1859 3322 1970 drive-eget
3370 1859 3745 1975 napavdilwpa‘.
3778 1944 3779 1947 η

496 1963 594 2017 τοῦ
625 1965 857 2035 στρατοῦ
886 1967 1154 2040 Μαρούλη
1204 1970 1341 2040 πρὸς
1386 1972 1565 2027 Θάσον
1600 1974 2083 2040 ὲξαπεστέλλοντο.

496 2054 611 2111 Καὶ
652 2057 759 2127 γάρ
808 2058 1043 2124 ἐπιστὰς
1076 2063 1143 2132 τῇ
1181 2063 1328 2133 νήσῳ
1361 2064 1484 2118 δυσὶ
1527 2069 1687 2120 ναυσὶ
1737 2070 2006 2142 πρότερον
2058 2075 2086 2126 ό

494 2146 593 2199 τοῦ
619 2147 878 2219 Μανουήλ
895 2150 1172 2219 Ζαχαρίου
1203 2154 1529 2209 πιστοτάτου
1553 2160 1620 2228 τῇ
1650 2157 1903 2232 βασιλείᾳ
1936 2162 2082 2217 θείου

497 2236 722 2306 ἀνεψιὸς
739 2239 1126 2303 ἀπιστότατος,
1159 2243 1254 2295 καί
1287 2244 1550 2314 πειρατοῦ
1574 2248 1777 2316 τρόπον
1799 2250 2085 2322 ἐπιχειρήο

500 2345 636 2399 σας,
672 2333 820 2403 αίρεί
848 2333 909 2386 τὸ
956 2334 1239 2406 φρούριον.
1294 2339 1361 2391 '0
1402 2338 1468 2411 δὴ
1518 2342 1611 2394 καὶ
1655 2343 1957 2410 ἀνακτίσας
2008 2348 2085 2411 ὡς

498 2509 774 2579 segetibus
789 2511 956 2583 638
976 2516 1429 2582 corrumpendis;
1475 2532 1600 2573 mox
1639 2536 1955 2591 oppugnare
1988 2541 2085 2597 ag-

498 2603 747 2669 greditur
776 2602 1146 2672 Tricocciam,
1183 2608 1451 2664 arcem'in
1485 2609 1685 2666 Nicaea:
1717 2615 1917 2670 vicinia
1967 2634 2086 2673 mu-

495 2693 826 2748 nitissimam
873 2704 928 2756 et
975 2698 1124 2751 velut
1158 2703 1629 2769 propugnaculum
1662 2706 1782 2777 ejus
1816 2710 2081 2769 civitatis.

496 2785 628 2839 Arta
667 2786 836 2856 igitur
866 2789 921 2843 id
943 2794 1498 2851 castrnnnomnibus
1528 2797 1734 2853 circum
1769 2803 1885 2856 suis
1909 2805 2086 2873 cepiis

496 2873 814 2942 dispositis,
844 2878 1133 2935 obsidione
1161 2883 1354 2954 cingit.
1383 2884 1719 2945 Obtinebant
1746 2907 1867 2946 eam
1902 2909 2083 2951 arcem

496 2967 823 3034 praesidiarii
873 2968 1162 3027 fortissimi
1215 2985 1271 3031 et
1321 2991 1388 3031 ex
1436 2978 1598 3050 longo
1642 2984 2084 3043 exercitatissimi

497 3058 769 3125 arquite;
824 3061 967 3116 unde
1017 3061 1089 3118 ab
1140 3064 1225 3120 his
1280 3081 1489 3122 summa
1551 3071 1600 3125 vi
1654 3076 2086 3143 repugnantibus

500 3149 670 3205 multa
702 3158 756 3204 et
784 3155 970 3221 gravia
1008 3157 1115 3226 pati
1145 3156 1344 3214 damna
1388 3160 1592 3218 milites
1620 3163 1873 3223 Atmanis
1901 3172 2085 3225 conti-

498 3242 601 3312 git.
640 3240 851 3299 Tamen
906 3246 960 3300 hi
1016 3256 1169 3303 trans
1221 3251 1404 3307 omnia
1458 3253 1743 3312 obstacula
1796 3272 2085 3328 pergentes

498 3349 672 3404 usque
709 3339 774 3390 ad
813 3337 1012 3394 fossam
1047 3353 1440 3410 processerunt
1467 3347 1787 3414 profundam
1812 3361 1865 3404 et
1899 3352 2085 3422 latam,

497 3444 605 3498 qua
657 3431 866 3486 obsessi
918 3448 1247 3505 magnopere
1281 3436 1538 3493 lidebant.
1588 3438 1657 3494 At
1702 3456 1823 3496 eam
1875 3441 2082 3512 Persas,

500 3522 835 3578 decussatim
895 3527 1158 3582 connexis
1200 3544 1231 3583 e
1281 3530 1529 3586 trabibus
1575 3547 1742 3601 super
1773 3550 1891 3588 eam
1932 3538 2089 3604 quasi

502 3625 719 3685 pontem
746 3619 1164 3687 suspendentes,
1198 3630 1310 3674 tum
1339 3631 1524 3691 petras
1556 3624 1810 3693 desuper,
1844 3628 2088 3697 arbores,

506 3718 670 3763 terra:
703 3710 953 3764 cumulos
981 3720 1035 3765 et
1061 3715 1340 3779 ruderum,
1375 3714 1520 3769 mole
1550 3715 1757 3784 ingenti
1798 3718 2092 3774 devolven-

499 3809 608 3865 tes,
630 3813 985 3872 coaequarnnt
1012 3806 1253 3871 tandem,
1277 3815 1329 3860 et
1356 3821 1453 3874 per
1477 3809 1622 3863 illam
1651 3810 1729 3865 sic
1755 3824 2088 3870 constratam

504 3893 809 3948 insilientes
843 3897 896 3949 in
931 3910 1116 3951 muros
1148 3894 1488 3951 Tricoceiam
1532 3900 1580 3951 vi
1624 3910 1909 3969 ceperunt,
1942 3907 2090 3959 caede

505 3986 728 4040 immani
766 3998 1113 4055 repertorum
1148 3987 1294 4043 intus
1324 3988 1493 4045 edita.
1532 3988 1605 4044 Ea
1635 3991 1691 4046 in
1723 3995 2026 4049 munitione
2058 4010 2089 4049 a

503 4098 564 4138 se
601 4083 906 4137 instmrata
952 4091 1010 4137 et
1060 4082 1318 4151 prmsidio
1355 4083 1458 4138 sibi
1510 4083 1901 4140 fidissimorum
1957 4104 2095 4158 pra:-

505 4174 688 4228 valido
717 4175 927 4229 insessa
968 4173 1274 4244 perfugium
1330 4177 1532 4231 habere
1578 4192 1637 4234 se
1672 4190 1852 4234 tutum
1891 4196 1955 4236 ac
1991 4199 2091 4252 pa-

511 4275 688 4323 ratutn
720 4269 983 4322 adxcrsus
1017 4281 1207 4324 omnes
1241 4283 1403 4324 casus
1434 4269 1587 4336 belli,
1620 4274 1765 4340 quod
1806 4275 2094 4331 imminere

507 4359 610 4429 ipsi
651 4357 932 4415 diceretur
974 4373 1002 4412 a
1055 4355 1320 4413 Tocharis
1373 4361 1652 4432 suppetias
1697 4365 1947 4425 Augusto
1997 4380 2093 4420 ve.

508 4447 810 4510 nientilms,
838 4447 1039 4500 Atman
1069 4449 1326 4504 credidit.
1368 4448 1555 4506 Estas
1581 4466 1745 4520 porro
1781 4464 1899 4508 erat
1941 4469 2093 4508 sum-

2189 612 2433 678 κατεῖχε.
2473 613 2697 666 Καὶ“διὰ
2730 615 2905 668 ταῦτα
2952 617 3210 687 βασιλεὺς
3246 621 3623 695 ἐξαποστείλας
3649 633 3733 687 τὸν

2186 701 2280 753 ἐπὶ
2301 701 2395 755 τοῦ
2427 705 2661 773 στρατοῦ
2694 707 2792 760 σὺν
2817 710 2999 774 ναυσὶ,
3020 711 3435 781 προηγούμενον
3455 718 3550 786 μὲν
3570 721 3737 787 αὐτοῖς

2184 789 2285 862 τὴν
2327 793 2421 847 ἐπὶ
2469 794 2570 864 τὴν
2618 797 2783 867 νῆσον
2815 802 3151 873 προσεδρίαν
3181 805 3549 873 ἑπανετίθετο,
3591 813 3670 878 ἐφ’
3696 806 3735 880 ᾧ

2186 882 2281 936 καὶ
2310 884 2370 937 τὸ
2407 886 2668 955 φρούριον
2699 893 3173 963 παραστήσαιντο,
3226 896 3532 965 ἐπέσκηπτε
3562 900 3615 953 δὲ
3649 920 3735 956 πο·

2184 973 2417 1045 λυωρείν
2465 979 2563 1032 καὶ
2603 982 2739 1050 πρὸς
2786 979 2949 1036 Αἶνον
2997 984 3091 1039 διά
3141 986 3271 1050 τοὺς
3309 986 3737 1061 ’Δμογαεάρους,

2184 1066 2311 1119 ἐπεὶ
2349 1069 2443 1120 καὶ
2475 1070 2524 1122 οί
2556 1073 2684 1142 περὶ
2719 1073 2814 1126 τὸν
2844 1075 3085 1146 Τζιμῆν,
3115 1077 3191 1141 ὡς
3221 1078 3502 1147 ἐλέγομεν,
3533 1083 3621 1135 ἐπὶ
3654 1086 3741 1154 τὴν

2184 1153 2345 1212 Αἶνον
2389 1163 2676 1233 γενόμενοι
2730 1166 3090 1239 ἐπολιόρκουν
3117 1172 3214 1224 καὶ
3243 1173 3624 1244 ἐνεργέστερον
3651 1153 3740 1228 έπ-

2185 1249 2460 1320 εχείρουν,
2488 1254 2631 1307 ὥστε
2679 1258 2776 1309 καὶ
2810 1258 3134 1328 ἀνορύττειν
3167 1263 3234 1315 ικ
3264 1263 3464 1333 μέρους
3507 1267 3742 1337 τάκείνης
3792 1268 3797 1271 ’

2186 1338 2447 1409 θέμεθλα,
2488 1343 2538 1397 εί
2562 1346 2657 1398 καὶ
2686 1347 2864 1418 πέτρα
2890 1350 3159 1420 συμφύτῳ
3195 1356 3635 1424 προσαράξαντες
3656 1359 3741 1412 οὐκ

2183 1423 2332 1500 εἶχον
2361 1432 2389 1484 ὃ
2422 1450 2477 1487 τι
2508 1436 2605 1488 καὶ
2631 1437 2923 1507 πράττειν.
2954 1441 3202 1505 rem-ss
3226 1423 3320 1496 καὶ
3349 1447 3401 1498 ot
3441 1442 3604 1510 ἔνδον,
3637 1449 3742 1511 ἐνὸς

2183 1520 2293 1573 τῶν
2317 1524 2516 1595 τέχνην
2539 1526 2791 1595 ὀρύττειν
2814 1529 3052 1600 ἐχόντων
3073 1536 3487 1604 προσφυγόντος
3509 1538 3741 1606 ἐκείνοις,

2184 1611 2501 1684 ἀνώρυττον
2556 1617 2773 1673 ἔνδοθεν
2829 1623 3063 1694 ἀντικρὺ
3093 1666 3109 1691 ,
3173 1628 3268 1683 καὶ
3329 1631 3743 1700 προτερήσαντες

2184 1703 2387 1775 αἴφνης
2419 1708 2481 1761 τὸ
2520 1711 2964 1783 ἀνορυττόμενον
3002 1718 3383 1786 προσάξαντες
3415 1720 3540 1783 τοὺς
3568 1722 3744 1785 ἔξωθεν

2185 1798 2304 1852 ἐκεῖ
2329 1802 2589 1873 συνέσχον
2606 1807 2700 1858 καὶ
2716 1806 3077 1876 ὲξηφάνισαν.
3100 1811 3457 1880 Σιτηγεῖσθαι
3485 1813 3528 1866 δ’
3551 1813 3742 1885 ήθελον,

2189 1979 2355 2036 Ὅθεν
2386 1985 2482 2037 καὶ
2508 1987 2714 2056 μικράς
2740 2006 2894 2053 τινας
2921 1991 3057 2058 νῆας
3082 1992 3576 2065 ἐξετοιμασάμενοι
3619 1998 3672 2059 ἐς
3696 1998 3749 2048 sb

2185 2074 2362 2145 πέραν
2385 2078 2729 2148 κατήπειγον
2765 2082 2861 2151 τῆς
2884 2084 3199 2156 Μαρίτζης,
3229 2088 3315 2153 ἐφ’
3352 2081 3503 2156 ᾧπερ
3523 2088 3583 2140 ὲκ
3613 2086 3752 2140 Βολε-

2186 2166 2284 2235 ροῦ
2319 2173 2683 2238 σιταρκοῖντο.
2731 2168 2830 2238 AF;
2879 2176 2944 2247 δὴ
2976 2178 3071 2232 καὶ
3106 2181 3249 2234 κατά
3298 2181 3579 2236 θάλασσαν
3609 2183 3749 2234 ἐντυ-

2184 2259 2373 2329 χόντες
2420 2261 2471 2315 oi
2515 2263 2610 2316 τοῦ
2646 2266 2740 2318 ἐπὶ
2785 2266 2883 2319 τοῦ
2926 2271 3166 2338 στρατοῦ
3198 2272 3291 2324 ἐπὶ
3340 2275 3443 2341 τὴν
3481 2274 3565 2327 ἐπ’
3601 2273 3753 2333 αὑτὰς

2185 2349 2533 2406 ὲπέσπευσαν
2558 2353 2760 2420 δίωξιν,
2793 2355 3207 2430 λιχνευσάμενοι
3247 2362 3395 2432 πρὸς
3430 2365 3491 2416 τὸ
3527 2363 3750 2435 θήραμα.

2185 2503 2387 2562 Fuerat
2424 2518 2604 2563 autem
2664 2509 2743 2565 illi
2809 2522 3072 2581 praeterea
3125 2516 3461 2585 imperatum
3511 2519 3669 2591 639
3706 2528 3757 2574 ut

2185 2597 2314 2653 Αξῖιιί
2373 2602 2518 2656 arcis
2574 2604 2642 2656 ab
2692 2605 3047 2676 Amogabaris
3100 2608 3371 2677 obsessae,
3434 2617 3603 2682 quoad
3649 2613 3758 2666 inde

2185 2705 2398 2761 posset,
2438 2696 2622 2751 tutelae
2661 2697 3031 2766 prospiceret;
3057 2698 3193 2755 Nam
3234 2701 3459 2759 Tzimes
3489 2720 3604 2758 cum
3633 2705 3751 2768 suis,

2185 2795 2247 2839 ut
2282 2801 2458 2855 nuper
2506 2788 2844 2856 dicebamus,
2877 2807 3072 2848 versus
3112 2792 3321 2849 [Enum
3368 2795 3594 2866 profecti
3646 2809 3751 2849 eam

2188 2878 2549 2934 munitionem
2581 2884 2995 2950 oppugnabant,
3025 2887 3177 2942 omni
3215 2901 3322 2956 ope
3347 2890 3596 2959 subigere
3619 2896 3752 2943 sata-

2185 2978 2399 3036 gentes,
2430 2971 2567 3023 adeo
2612 2980 2670 3023 ut
2699 2972 2973 3029 cuniculis
3023 2976 3124 3029 sub
3156 2976 3382 3031 humum
3433 2978 3607 3034 ductis
3653 2977 3756 3046 ipsa

2186 3062 2305 3127 ejus
2355 3061 2571 3131 penitus
2604 3063 2816 3117 emoliri
2858 3063 3210 3120 fundamenta
3247 3069 3658 3125 contenderent.
3707 3068 3754 3120 In

2189 3167 2296 3220 quo
2328 3168 2554 3217 magnus
2585 3153 2695 3207 illis
2725 3155 2964 3211 occurrit
3004 3154 3181 3223 labor,
3215 3163 3362 3230 quod
3400 3170 3606 3231 petram
3645 3156 3758 3212 sub-

2191 3254 2283 3297 tus
2329 3255 2642 3313 perpetuam
2689 3256 3012 3314 repererunt
3051 3248 3408 3307 ferramentis
3437 3253 3579 3308 haud
3618 3250 3759 3306 facile

2193 3337 2500 3392 forabilem.
2568 3336 2772 3392 Tamen
2833 3354 2957 3393 cum
3014 3341 3292 3411 inceptum
3368 3352 3759 3415 perseveranter

2191 3431 2447 3485 instando
2495 3432 2881 3500 proveherent,
2928 3445 3235 3506 opportune
3283 3439 3530 3494 obsessis
3582 3436 3759 3493 accidit

2195 3527 2544 3598 transfugere
2578 3530 2642 3583 ad
2698 3529 2844 3598 ipsos
2894 3530 3125 3597 peritum
3164 3533 3457 3599 quemdam
3506 3530 3761 3585 subterra-

2194 3635 2419 3674 neornm
2462 3621 2769 3676 istiusmodi
2808 3622 3111 3675 molitorem
3144 3637 3402 3690 operum,
3431 3626 3587 3692 cujus
3615 3634 3759 3674 suasu

2194 3713 2470 3781 ductuque
2509 3714 2844 3767 contrarium
2877 3723 2931 3767 et
2976 3711 3074 3779 ipsi
3115 3712 3435 3768 cuniculum
3493 3712 3760 3772 ctfodinnt,

2193 3818 2304 3870 quo
2342 3805 2615 3875 progressi
2656 3818 2828 3873 usque
2866 3805 2934 3858 ad
2988 3805 3174 3857 hostes
3230 3818 3377 3858 caeca
3429 3806 3517 3858 illa
3561 3817 3764 3874 progre-

2194 3896 2408 3951 dientes
2447 3897 2531 3950 via
2564 3911 2663 3952 nec
2692 3896 2916 3964 Opinato
2948 3895 3324 3965 deprehensos
3362 3886 3763 3955 interemerunt,

2192 3988 2382 4045 labore
2433 3990 2677 4059 ipsorum
2729 3988 2888 4042 irrito
2936 3988 3169 4041 reddito.
3214 3987 3365 4042 Istud
3416 3984 3763 4042 obsidentium

2194 4076 2598 4134 incommodum
2636 4079 2968 4148 aggravabat
3008 4079 3239 4148 penuria
3269 4088 3696 4139 commeatuum,
3720 4082 3769 4127 et

2196 4172 2325 4228 hinc
2352 4182 2533 4226 metus
2565 4188 2629 4224 ne
2658 4170 2803 4225 fame
2831 4173 3094 4239 perirent.
3132 4170 3268 4226 Huic
3301 4182 3363 4226 ut
3397 4172 3613 4227 obviam
3641 4166 3768 4222 malo

2198 4265 2362 4330 irent,
2396 4264 2676 4318 naviculas
2705 4264 3002 4333 expediunt
3029 4265 3228 4331 quibus
3264 4264 3317 4318 in
3349 4267 3635 4319 adversam
3667 4259 3766 4314 bla-

2196 4358 2348 4412 ritza?
2367 4358 2545 4413 amnis
2566 4358 2730 4411 delati
2753 4357 2925 4426 ripam
2951 4371 2980 4410 e
2996 4355 3190 4411 Bolero
3215 4364 3270 4411 et
3289 4358 3441 4427 agris
3456 4352 3769 4411 circumsitis

2160 4502 2181 4513 α
2198 4451 2453 4505 alimenta
2472 4451 2853 4512 Corraderent,
2877 4449 3086 4505 eisdem
3112 4454 3463 4519 postmodum
3490 4448 3702 4519 scaphis
3721 4445 3769 4498 in

508 4558 636 4608 ma;
689 4555 741 4596 et
804 4543 1158 4612 imperatoris
1209 4559 1376 4599 naves
1434 4547 1655 4602 circiter
1699 4549 1905 4611 decem,
1957 4550 2087 4604 duce

2200 4556 2377 4599 castra
2407 4543 2648 4613 ipsorum
2689 4543 3050 4612 deportanda.
3104 4540 3295 4597 Talem
3324 4546 3476 4612 ipsos
3501 4543 3769 4610 trajectum

513 4638 622 4692 illis
675 4637 965 4706 praeposito
1027 4639 1118 4706 qui
1170 4638 1437 4693 exercitui
1495 4641 1806 4710 praefuerat,
1861 4640 2091 4709 Marule,

510 4730 754 4785 Thasum
804 4745 993 4783 versus
1040 4729 1204 4798 jnssze
1259 4731 1566 4785 solverunt.
1610 4732 1787 4788 Causa
1838 4733 2091 4787 mittendi

486 4813 636 4886 'fnit,
689 4825 830 4892 quod
884 4818 1099 4876 Man'uel
1156 4825 1333 4893 patrui
1377 4825 1460 4878 vel
1513 4825 1762 4881 avunculi
1817 4826 2096 4883 Zachariae

513 4919 749 4988 imperio
785 4916 1089 4972 ﬁdelissimi
1124 4933 1289 4987 nepos
1323 4934 1387 4973 ex
1425 4918 1594 4974 fratre
1624 4929 1717 4975 aut
1757 4935 1943 4976 sorore
1973 4935 2096 4991 per-

517 5011 921 5075 ﬁdiosissimus,
963 5009 1015 5063 in
1070 5023 1190 5064 eam
1236 5010 1400 5079 paulo
1450 5020 1577 5065 ante
1628 5011 1862 5066 insulam
1904 5013 2094 5083 pirata:

515 5104 624 5158 ritu
670 5103 881 5157 duabus
938 5103 1164 5158 navibus
1206 5103 1536 5172 irrumpens,
1583 5118 1760 5159 arcem
1820 5105 1872 5159 in
1916 5120 1977 5159 ea
2021 5105 2099 5160 si-

518 5207 625 5248 tam
683 5206 1069 5264 orcupaverat,
1124 5200 1411 5263 denuoqne
1461 5195 1777 5266 diligentius
1830 5198 2096 5251 munitam

515 5301 575 5341 ut
628 5288 738 5357 jam
785 5301 938 5342 snam
989 5287 1244 5346 habebat,
1294 5289 1495 5342 absens
1545 5288 1762 5356 quidem
1818 5290 1954 5357 ipse,
2002 5290 2094 5344 sed

520 5381 722 5435 vicaria
755 5381 853 5434 sibi
914 5379 1146 5434 lidorum
1205 5378 1313 5432 illic
1352 5380 1665 5447 degentium
1703 5388 1978 5450 potestate
2013 5396 2101 5435 re-

515 5489 672 5543 gens.
718 5470 826 5527 llos
862 5483 924 5528 ut
968 5472 1093 5526 inde
1139 5472 1473 5540 pellerel,et
1504 5473 1736 5540 imperio
1782 5473 2099 5529 restitueret

515 5566 720 5635 injuste
759 5575 1073 5633 usurpatam
1128 5563 1388 5626 insulam,
1422 5578 1583 5632 quem
1637 5563 1937 5630 nominavi,
1971 5579 2094 5620 cum

516 5659 761 5712 exercitu
789 5658 1020 5711 navibus
1045 5668 1200 5710 vcem
1235 5655 1531 5729 imperator
1556 5656 1744 5710 ducem
1774 5657 1940 5711 misit.
1981 5656 2096 5723 Ille,

520 5758 583 5805 ut
641 5758 759 5801 erat
806 5748 1012 5815 jussus,
1070 5747 1315 5815 esposito
1368 5746 1420 5800 in
1459 5746 1697 5801 Thasum
1751 5747 1941 5809 milite,
1984 5747 2096 5802 illic

529 5844 829 5895 itnmurans
866 5855 1043 5895 arcem
1088 5841 1340 5896 amissam
1384 5855 1709 5911 recuperare
1771 5841 2091 5895 conabatur.

2200 4631 2659 4690 administrantes
2682 4633 2820 4688 forte
2864 4635 3163 4701 conspicati
3208 4649 3524 4690 nostrorum
3568 4636 3768 4702 quidam

2197 4727 2629 4792 classiariorum,
2649 4744 2679 4783 e
2700 4727 2834 4780 mari
2858 4726 3095 4782 ﬂuminis
3117 4727 3328 4781 alveum
3344 4729 3602 4799 ingressi,
3622 4731 3772 4782 ruunt

2197 4821 2381 4876 statim
2432 4820 2608 4888 cupidi
2642 4828 2930 4874 venatores
2974 4819 3027 4873 in
3071 4821 3305 4888 praedam
3361 4821 3577 4886 sisam;
3618 4829 3767 4888 quam

2199 4927 2265 4966 ne
2306 4922 2561 4980 caperent
2610 4912 2742 4965 nihil
2793 4904 3085 4981 eislmagis
3130 4928 3292 4981 quam
3345 4912 3517 4967 nimia
3569 4908 3771 4965 obstitit

2200 5005 2457 5059 aviditas.
2492 5005 2549 5059 Si
2600 5004 2744 5058 enim
2777 5004 2992 5060 lentiori
3027 5004 3355 5073 pedetentim
3384 5001 3656 5073 progressi
3692 5013 3769 5054 re-

2204 5099 2369 5167 migio
2408 5098 2630 5169 t-ymbas
2666 5096 2909 5162 hostiles,
2952 5097 3149 5166 quibus
3179 5097 3411 5152 [luvium
3446 5097 3662 5166 oblique
3690 5107 3770 5147 se-

2197 5191 2470 5252 cantibus,
2517 5190 2715 5259 quippe
2746 5205 2868 5244 cum
2918 5204 3025 5243 non
3068 5191 3360 5245 adversum
3416 5200 3569 5244 recta
3628 5187 3767 5240 littus

2199 5283 2293 5337 sed
2321 5281 2466 5335 aliud
2499 5282 2670 5335 multo
2711 5281 2974 5335 remotius
3004 5290 3272 5349 peterent,
3304 5279 3505 5350 longus
3532 5286 3648 5333 erat
3683 5286 3772 5345 per

2200 5390 2415 5429 aumem
2449 5389 2642 5428 cursus
2677 5372 3038 5436 emetiendus,
3066 5374 3224 5427 evehi
3257 5388 3284 5425 a
3323 5374 3467 5441 ripa,
3494 5370 3636 5424 unde
3669 5362 3768 5420 sol-

2201 5475 2414 5528 verant,
2458 5465 2617 5532 panlo
2641 5464 2805 5519 latius
2840 5464 3120 5530 sivissent,
3156 5464 3647 5534 deprehendissent
3674 5454 3771 5509 uti-

2202 5571 2311 5626 que
2369 5556 2489 5609 illas
2540 5555 2592 5609 in
2647 5555 2845 5618 medio,
2881 5561 2936 5606 et
2986 5568 3088 5608 nec
3126 5551 3479 5622 opinantibus
3525 5556 3769 5616 superve-

2205 5649 2440 5713 nientes,
2484 5646 2637 5715 quasi
2688 5646 2896 5702 retibus
2942 5646 3184 5715 undique
3214 5642 3622 5698 inevitabilibus
3651 5651 3770 5693 con-

2203 5740 2405 5799 clusas.
2455 5755 2576 5794 cum
2634 5739 2751 5793 suis
2809 5737 3097 5792 universas
3157 5735 3476 5791 vectoribus
3526 5733 3578 5788 in
3627 5740 3766 5785 suam

2205 5844 2530 5904 potrstatcm
2555 5833 2911 5902 redegissent,
2947 5828 3050 5885 nisi
3082 5829 3124 5885 si
3157 5845 3297 5900 quae,
3333 5828 3470 5882 nihil
3496 5824 3764 5898 profuturo

3806 2262 3833 2271 ι.
