  <div class='ocr_page' id='page_1' title='image "/cluster/home/n/w/nwhite01/storage/ocr_20150623/144:no.2/coo.31924054870492/358.png"; bbox 0 0 4046 6382; ppageno 0'>
   <div class='ocr_carea' id='block_1_1' title="bbox 318 413 419 486">
    <p class='ocr_par' dir='ltr' id='par_1_1' title="bbox 318 413 419 486">
     <span class='ocr_line' id='line_1_1' title="bbox 318 413 419 486; baseline 0 -3"><span class='ocrx_word' id='word_1_1' title='bbox 318 413 419 486; x_wconf 77' lang='grc'><strong>701</strong></span> 
     </span>
    </p>
   </div>
   <div class='ocr_carea' id='block_1_2' title="bbox 1251 419 2716 488">
    <p class='ocr_par' dir='ltr' id='par_1_2' title="bbox 1251 419 2716 488">
     <span class='ocr_line' id='line_1_2' title="bbox 1251 419 2716 488; baseline 0.004 -6"><span class='ocrx_word' id='word_1_2' title='bbox 1251 420 1350 482; x_wconf 88' lang='lat' dir='ltr'><strong>DE</strong></span> <span class='ocrx_word' id='word_1_3' title='bbox 1393 419 1836 482; x_wconf 82' lang='lat' dir='ltr'><strong>ANDRONICO</strong></span> <span class='ocrx_word' id='word_1_4' title='bbox 1888 421 2354 485; x_wconf 70' lang='lat' dir='ltr'><strong>PALA&#39;IOIDGO</strong></span> <span class='ocrx_word' id='word_1_5' title='bbox 2386 426 2540 487; x_wconf 91' lang='lat' dir='ltr'><strong>LlB.</strong></span> <span class='ocrx_word' id='word_1_6' title='bbox 2581 426 2716 488; x_wconf 81' lang='lat' dir='ltr'><strong>VH.</strong></span> 
     </span>
    </p>
   </div>
   <div class='ocr_carea' id='block_1_3' title="bbox 3480 420 3591 488">
    <p class='ocr_par' dir='ltr' id='par_1_3' title="bbox 3480 420 3591 488">
     <span class='ocr_line' id='line_1_3' title="bbox 3480 420 3591 488; baseline 0.018 -2"><span class='ocrx_word' id='word_1_7' title='bbox 3480 420 3591 488; x_wconf 69' lang='lat'><strong>70?</strong></span> 
     </span>
    </p>
   </div>
   <div class='ocr_carea' id='block_1_4' title="bbox 316 511 3591 607">
    <p class='ocr_par' dir='ltr' id='par_1_4' title="bbox 316 511 3591 607">
     <span class='ocr_line' id='line_1_4' title="bbox 316 511 3591 607; baseline 0.002 -23"><span class='ocrx_word' id='word_1_8' title='bbox 316 529 454 601; x_wconf 85' lang='grc' dir='ltr'>Τάχ’</span> <span class='ocrx_word' id='word_1_9' title='bbox 483 529 550 585; x_wconf 79' lang='grc' dir='ltr'><strong>ἂν</strong></span> <span class='ocrx_word' id='word_1_10' title='bbox 581 530 676 584; x_wconf 68' lang='grc' dir='ltr'><strong>καὶ</strong></span> <span class='ocrx_word' id='word_1_11' title='bbox 705 532 1115 604; x_wconf 85' lang='grc' dir='ltr'>κατηυστόχουν</span> <span class='ocrx_word' id='word_1_12' title='bbox 1155 533 1254 604; x_wconf 87' lang='grc' dir='ltr'>τῆς</span> <span class='ocrx_word' id='word_1_13' title='bbox 1288 533 1465 603; x_wconf 76' lang='grc' dir='ltr'>ἄγρας</span> <span class='ocrx_word' id='word_1_14' title='bbox 1501 511 1774 596; x_wconf 44' lang='lat' dir='ltr'><strong>classic;</strong></span> <span class='ocrx_word' id='word_1_15' title='bbox 1797 549 1811 564; x_wconf 88' lang='grc'><strong>·</strong></span> <span class='ocrx_word' id='word_1_16' title='bbox 1852 524 1902 586; x_wconf 79' lang='grc' dir='ltr'>εἰ</span> <span class='ocrx_word' id='word_1_17' title='bbox 1932 532 1977 589; x_wconf 84' lang='grc' dir='ltr'><strong>Α</strong></span> <span class='ocrx_word' id='word_1_18' title='bbox 2006 532 2303 604; x_wconf 62' lang='grc' dir='ltr'>ἀποδρὰς),</span> <span class='ocrx_word' id='word_1_19' title='bbox 2342 536 2389 589; x_wconf 81' lang='grc' dir='ltr'>οἱ</span> <span class='ocrx_word' id='word_1_20' title='bbox 2426 535 2482 589; x_wconf 79' lang='grc' dir='ltr'><strong>δὲ</strong></span> <span class='ocrx_word' id='word_1_21' title='bbox 2534 536 2665 607; x_wconf 73' lang='grc' dir='ltr'>περὶ</span> <span class='ocrx_word' id='word_1_22' title='bbox 2718 535 2811 590; x_wconf 79' lang='grc' dir='ltr'><strong>τὸν</strong></span> <span class='ocrx_word' id='word_1_23' title='bbox 2854 531 3223 606; x_wconf 81' lang='grc' dir='ltr'>Ῥομοφόρτον</span> <span class='ocrx_word' id='word_1_24' title='bbox 3269 534 3591 601; x_wconf 80' lang='grc' dir='ltr'><strong>ταττόμενοι</strong></span> 
     </span>
    </p>
   </div>
   <div class='ocr_carea' id='block_1_5' title="bbox 316 622 1896 694">
    <p class='ocr_par' dir='ltr' id='par_1_5' title="bbox 316 622 1896 694">
     <span class='ocr_line' id='line_1_5' title="bbox 316 622 1896 694; baseline -0.001 -18"><span class='ocrx_word' id='word_1_25' title='bbox 316 624 430 694; x_wconf 82' lang='grc' dir='ltr'>γὰρ</span> <span class='ocrx_word' id='word_1_26' title='bbox 454 622 757 692; x_wconf 80' lang='grc' dir='ltr'>ὑφεικότων</span> <span class='ocrx_word' id='word_1_27' title='bbox 789 622 995 677; x_wconf 85' lang='grc' dir='ltr'>τούτων</span> <span class='ocrx_word' id='word_1_28' title='bbox 1019 623 1118 694; x_wconf 80' lang='grc' dir='ltr'>τῆς</span> <span class='ocrx_word' id='word_1_29' title='bbox 1141 623 1364 688; x_wconf 86' lang='grc' dir='ltr'>ἐλασίας</span> <span class='ocrx_word' id='word_1_30' title='bbox 1388 625 1589 677; x_wconf 80' lang='grc' dir='ltr'>ἐκεῖνοι</span> <span class='ocrx_word' id='word_1_31' title='bbox 1614 624 1896 684; x_wconf 76' lang='grc' dir='ltr'>ἀνωῖστως</span> 
     </span>
    </p>
   </div>
   <div class='ocr_carea' id='block_1_6' title="bbox 320 717 1896 788">
    <p class='ocr_par' dir='ltr' id='par_1_6' title="bbox 320 717 1896 788">
     <span class='ocr_line' id='line_1_6' title="bbox 320 717 1896 788; baseline 0.001 -19"><span class='ocrx_word' id='word_1_32' title='bbox 320 717 419 770; x_wconf 73' lang='grc' dir='ltr'>καὶ</span> <span class='ocrx_word' id='word_1_33' title='bbox 457 717 626 770; x_wconf 79' lang='grc' dir='ltr'><strong>εἰσέτι</strong></span> <span class='ocrx_word' id='word_1_34' title='bbox 669 717 761 769; x_wconf 75' lang='grc' dir='ltr'><strong>τὸν</strong></span> <span class='ocrx_word' id='word_1_35' title='bbox 806 718 1055 787; x_wconf 71' lang='grc' dir='ltr'>ποταμδν</span> <span class='ocrx_word' id='word_1_36' title='bbox 1085 717 1442 788; x_wconf 81' lang='grc' dir='ltr'><strong>παρήλλαξαν</strong></span> <span class='ocrx_word' id='word_1_37' title='bbox 1463 756 1479 780; x_wconf 86' lang='grc'><strong>,</strong></span> <span class='ocrx_word' id='word_1_38' title='bbox 1511 725 1621 771; x_wconf 79' lang='grc' dir='ltr'>καὶ·</span> <span class='ocrx_word' id='word_1_39' title='bbox 1658 719 1753 772; x_wconf 73' lang='grc' dir='ltr'>ἐπὶ</span> <span class='ocrx_word' id='word_1_40' title='bbox 1784 719 1896 772; x_wconf 89' lang='grc' dir='ltr'><strong>τῶν</strong></span> 
     </span>
    </p>
   </div>
   <div class='ocr_carea' id='block_1_7' title="bbox 317 792 1897 880">
    <p class='ocr_par' dir='ltr' id='par_1_7' title="bbox 317 792 1897 880">
     <span class='ocr_line' id='line_1_7' title="bbox 317 792 1897 880; baseline 0.001 -19"><span class='ocrx_word' id='word_1_41' title='bbox 317 809 498 868; x_wconf 69' lang='grc' dir='ltr'>πέραν</span> <span class='ocrx_word' id='word_1_42' title='bbox 526 809 710 861; x_wconf 86' lang='grc' dir='ltr'>τόπων</span> <span class='ocrx_word' id='word_1_43' title='bbox 764 810 824 871; x_wconf 77' lang='grc' dir='ltr'><strong>ἐς</strong></span> <span class='ocrx_word' id='word_1_44' title='bbox 867 809 993 861; x_wconf 77' lang='grc' dir='ltr'>ὅσον</span> <span class='ocrx_word' id='word_1_45' title='bbox 1035 804 1104 879; x_wconf 83' lang='grc' dir='ltr'>ἦν</span> <span class='ocrx_word' id='word_1_46' title='bbox 1152 792 1427 880; x_wconf 66' lang='grc' dir='ltr'>ἀπωτέρω</span> <span class='ocrx_word' id='word_1_47' title='bbox 1458 809 1733 875; x_wconf 77' lang='grc' dir='ltr'>ἐγένοντο,</span> <span class='ocrx_word' id='word_1_48' title='bbox 1774 810 1897 879; x_wconf 85' lang='grc' dir='ltr'>τάχ’</span> 
     </span>
    </p>
   </div>
   <div class='ocr_carea' id='block_1_8' title="bbox 318 896 1898 972">
    <p class='ocr_par' dir='ltr' id='par_1_8' title="bbox 318 896 1898 972">
     <span class='ocr_line' id='line_1_8' title="bbox 318 896 1898 972; baseline 0 -18"><span class='ocrx_word' id='word_1_49' title='bbox 318 901 387 954; x_wconf 78' lang='grc' dir='ltr'>ἂν</span> <span class='ocrx_word' id='word_1_50' title='bbox 443 899 753 966; x_wconf 79' lang='grc' dir='ltr'><strong>φθάσαντες</strong></span> <span class='ocrx_word' id='word_1_51' title='bbox 805 896 952 955; x_wconf 76' lang='grc' dir='ltr'>οὗτοι</span> <span class='ocrx_word' id='word_1_52' title='bbox 1004 901 1450 970; x_wconf 77' lang='grc' dir='ltr'>ἐντὸςάφύκτων</span> <span class='ocrx_word' id='word_1_53' title='bbox 1480 903 1703 972; x_wconf 84' lang='grc' dir='ltr'><strong>ἀρκύων</strong></span> <span class='ocrx_word' id='word_1_54' title='bbox 1748 898 1898 971; x_wconf 76' lang='grc' dir='ltr'>εἶχον</span> 
     </span>
    </p>
   </div>
   <div class='ocr_carea' id='block_1_9' title="bbox 319 992 1899 1066">
    <p class='ocr_par' dir='ltr' id='par_1_9' title="bbox 319 992 1899 1066">
     <span class='ocr_line' id='line_1_9' title="bbox 319 992 1899 1066; baseline 0.001 -19"><span class='ocrx_word' id='word_1_55' title='bbox 319 993 588 1058; x_wconf 86' lang='grc' dir='ltr'>ἐκείνους,</span> <span class='ocrx_word' id='word_1_56' title='bbox 628 993 795 1064; x_wconf 82' lang='grc' dir='ltr'>μηδὲν</span> <span class='ocrx_word' id='word_1_57' title='bbox 829 992 1379 1065; x_wconf 79' lang='grc' dir='ltr'>ὠφεληθησομένους,</span> <span class='ocrx_word' id='word_1_58' title='bbox 1425 993 1514 1066; x_wconf 84' lang='grc' dir='ltr'>[Ρ.</span> <span class='ocrx_word' id='word_1_59' title='bbox 1550 992 1681 1066; x_wconf 69' lang='grc'><strong>446]</strong></span> <span class='ocrx_word' id='word_1_60' title='bbox 1719 997 1767 1048; x_wconf 87' lang='grc' dir='ltr'><strong>εί</strong></span> <span class='ocrx_word' id='word_1_61' title='bbox 1803 996 1899 1048; x_wconf 73' lang='grc' dir='ltr'>καὶ</span> 
     </span>
    </p>
   </div>
   <div class='ocr_carea' id='block_1_10' title="bbox 317 1089 1900 1159">
    <p class='ocr_par' dir='ltr' id='par_1_10' title="bbox 317 1089 1900 1159">
     <span class='ocr_line' id='line_1_10' title="bbox 317 1089 1900 1159; baseline 0.001 -17"><span class='ocrx_word' id='word_1_62' title='bbox 317 1091 387 1159; x_wconf 82' lang='grc' dir='ltr'>τῇ</span> <span class='ocrx_word' id='word_1_63' title='bbox 418 1090 601 1159; x_wconf 80' lang='grc' dir='ltr'>χέρσῳ</span> <span class='ocrx_word' id='word_1_64' title='bbox 644 1091 1050 1159; x_wconf 74' lang='grc' dir='ltr'>προσήραττον,</span> <span class='ocrx_word' id='word_1_65' title='bbox 1093 1090 1360 1143; x_wconf 79' lang='grc' dir='ltr'><strong>ἀδυνάτου</strong></span> <span class='ocrx_word' id='word_1_66' title='bbox 1407 1089 1563 1153; x_wconf 74' lang='grc' dir='ltr'>ὄντος</span> <span class='ocrx_word' id='word_1_67' title='bbox 1609 1090 1900 1149; x_wconf 78' lang='grc' dir='ltr'>ἐπανασώ-</span> 
     </span>
    </p>
   </div>
   <div class='ocr_carea' id='block_1_11' title="bbox 318 1180 1901 1251">
    <p class='ocr_par' dir='ltr' id='par_1_11' title="bbox 318 1180 1901 1251">
     <span class='ocr_line' id='line_1_11' title="bbox 318 1180 1901 1251; baseline 0.001 -18"><span class='ocrx_word' id='word_1_68' title='bbox 318 1181 512 1245; x_wconf 81' lang='grc' dir='ltr'>ζεσθαι</span> <span class='ocrx_word' id='word_1_69' title='bbox 555 1180 693 1249; x_wconf 71' lang='grc' dir='ltr'>πρὸς</span> <span class='ocrx_word' id='word_1_70' title='bbox 742 1182 868 1242; x_wconf 78' lang='grc' dir='ltr'>τοὺς</span> <span class='ocrx_word' id='word_1_71' title='bbox 922 1181 1088 1242; x_wconf 77' lang='grc' dir='ltr'>ἰδίους</span> <span class='ocrx_word' id='word_1_72' title='bbox 1134 1181 1224 1235; x_wconf 78' lang='grc' dir='ltr'>διὰ</span> <span class='ocrx_word' id='word_1_73' title='bbox 1280 1182 1341 1234; x_wconf 71' lang='grc' dir='ltr'><strong>τὸ</strong></span> <span class='ocrx_word' id='word_1_74' title='bbox 1395 1182 1600 1250; x_wconf 79' lang='grc' dir='ltr'>μεταξὺ</span> <span class='ocrx_word' id='word_1_75' title='bbox 1628 1180 1901 1251; x_wconf 80' lang='grc' dir='ltr'>’ἐμποδὼν</span> 
     </span>
    </p>
   </div>
   <div class='ocr_carea' id='block_1_12' title="bbox 318 1268 1901 1341">
    <p class='ocr_par' dir='ltr' id='par_1_12' title="bbox 318 1268 1901 1341">
     <span class='ocr_line' id='line_1_12' title="bbox 318 1268 1901 1341; baseline -0.001 -16"><span class='ocrx_word' id='word_1_76' title='bbox 318 1272 541 1325; x_wconf 75' lang='grc' dir='ltr'>κεῖσθαι</span> <span class='ocrx_word' id='word_1_77' title='bbox 566 1271 658 1324; x_wconf 74' lang='grc' dir='ltr'>τὸν</span> <span class='ocrx_word' id='word_1_78' title='bbox 691 1271 961 1341; x_wconf 82' lang='grc' dir='ltr'>ποταμόν.</span> <span class='ocrx_word' id='word_1_79' title='bbox 997 1269 1114 1322; x_wconf 81' lang='grc' dir='ltr'><strong>Νῦν</strong></span> <span class='ocrx_word' id='word_1_80' title='bbox 1147 1268 1195 1322; x_wconf 86' lang='grc' dir='ltr'><strong>δ’</strong></span> <span class='ocrx_word' id='word_1_81' title='bbox 1226 1269 1364 1324; x_wconf 77' lang='grc' dir='ltr'>ἀλλὰ</span> <span class='ocrx_word' id='word_1_82' title='bbox 1400 1269 1818 1340; x_wconf 86' lang='grc' dir='ltr'>λιχνευσάμενοι</span> <span class='ocrx_word' id='word_1_83' title='bbox 1850 1272 1901 1324; x_wconf 87' lang='grc' dir='ltr'><strong>οί</strong></span> 
     </span>
    </p>
   </div>
   <div class='ocr_carea' id='block_1_13' title="bbox 319 1359 1903 1434">
    <p class='ocr_par' dir='ltr' id='par_1_13' title="bbox 319 1359 1903 1434">
     <span class='ocr_line' id='line_1_13' title="bbox 319 1359 1903 1434; baseline -0.001 -17"><span class='ocrx_word' id='word_1_84' title='bbox 319 1365 611 1434; x_wconf 73' lang='grc' dir='ltr'>ἡμέτεροι</span> <span class='ocrx_word' id='word_1_85' title='bbox 647 1366 914 1432; x_wconf 77' lang='grc' dir='ltr'><strong>ἐμφανεῖς</strong></span> <span class='ocrx_word' id='word_1_86' title='bbox 968 1359 1110 1434; x_wconf 71' lang='grc' dir='ltr'>ἦσαν</span> <span class='ocrx_word' id='word_1_87' title='bbox 1160 1364 1409 1423; x_wconf 85' lang='grc' dir='ltr'>ἐκείνους</span> <span class='ocrx_word' id='word_1_88' title='bbox 1465 1363 1903 1428; x_wconf 74' lang='grc' dir='ltr'><strong>καταδιώκοντες</strong></span> 
     </span>
    </p>
   </div>
   <div class='ocr_carea' id='block_1_14' title="bbox 319 1456 1902 1528">
    <p class='ocr_par' dir='ltr' id='par_1_14' title="bbox 319 1456 1902 1528">
     <span class='ocr_line' id='line_1_14' title="bbox 319 1456 1902 1528; baseline -0.001 -18"><span class='ocrx_word' id='word_1_89' title='bbox 319 1460 455 1528; x_wconf 70' lang='grc' dir='ltr'>πρὶν</span> <span class='ocrx_word' id='word_1_90' title='bbox 489 1458 836 1527; x_wconf 77' lang='grc' dir='ltr'><strong>παραλλάξαι</strong></span> <span class='ocrx_word' id='word_1_91' title='bbox 869 1457 964 1509; x_wconf 80' lang='grc' dir='ltr'>τὸν</span> <span class='ocrx_word' id='word_1_92' title='bbox 995 1457 1262 1524; x_wconf 79' lang='grc' dir='ltr'>ποταμόν.</span> <span class='ocrx_word' id='word_1_93' title='bbox 1294 1456 1460 1510; x_wconf 86' lang='grc' dir='ltr'>Ὅθεν</span> <span class='ocrx_word' id='word_1_94' title='bbox 1500 1457 1596 1510; x_wconf 73' lang='grc' dir='ltr'>καὶ</span> <span class='ocrx_word' id='word_1_95' title='bbox 1625 1459 1682 1509; x_wconf 82' lang='grc' dir='ltr'><strong>ἐν</strong></span> <span class='ocrx_word' id='word_1_96' title='bbox 1729 1457 1902 1527; x_wconf 81' lang='grc' dir='ltr'>στενῷ</span> 
     </span>
    </p>
   </div>
   <div class='ocr_carea' id='block_1_15' title="bbox 317 1541 1903 1619">
    <p class='ocr_par' dir='ltr' id='par_1_15' title="bbox 317 1541 1903 1619">
     <span class='ocr_line' id='line_1_15' title="bbox 317 1541 1903 1619; baseline -0.003 -16"><span class='ocrx_word' id='word_1_97' title='bbox 317 1550 421 1618; x_wconf 85' lang='grc' dir='ltr'>τῆς</span> <span class='ocrx_word' id='word_1_98' title='bbox 449 1549 726 1619; x_wconf 79' lang='grc' dir='ltr'><strong>σωτηρίας</strong></span> <span class='ocrx_word' id='word_1_99' title='bbox 768 1547 1038 1612; x_wconf 80' lang='grc' dir='ltr'>ἐλθόντες,</span> <span class='ocrx_word' id='word_1_100' title='bbox 1066 1546 1192 1599; x_wconf 79' lang='grc' dir='ltr'>ἐπεὶ</span> <span class='ocrx_word' id='word_1_101' title='bbox 1229 1546 1329 1599; x_wconf 84' lang='grc' dir='ltr'><strong>οὐκ</strong></span> <span class='ocrx_word' id='word_1_102' title='bbox 1356 1541 1425 1616; x_wconf 83' lang='grc' dir='ltr'>ἦν</span> <span class='ocrx_word' id='word_1_103' title='bbox 1454 1547 1607 1614; x_wconf 88' lang='grc' dir='ltr'>σφίσι</span> <span class='ocrx_word' id='word_1_104' title='bbox 1638 1547 1775 1616; x_wconf 78' lang='grc' dir='ltr'>πρὸς</span> <span class='ocrx_word' id='word_1_105' title='bbox 1802 1545 1903 1608; x_wconf 80' lang='grc' dir='ltr'>τὰς</span> 
     </span>
    </p>
   </div>
   <div class='ocr_carea' id='block_1_16' title="bbox 317 1628 1901 1712">
    <p class='ocr_par' dir='ltr' id='par_1_16' title="bbox 317 1628 1901 1712">
     <span class='ocr_line' id='line_1_16' title="bbox 317 1628 1901 1712; baseline -0.004 -18"><span class='ocrx_word' id='word_1_106' title='bbox 317 1642 415 1694; x_wconf 78' lang='grc' dir='ltr'>τοῦ</span> <span class='ocrx_word' id='word_1_107' title='bbox 446 1641 713 1712; x_wconf 76' lang='grc' dir='ltr'>βασιλέως</span> <span class='ocrx_word' id='word_1_108' title='bbox 765 1639 1065 1710; x_wconf 83' lang='grc' dir='ltr'>μάχεσθαι,</span> <span class='ocrx_word' id='word_1_109' title='bbox 1125 1628 1569 1708; x_wconf 86' lang='grc' dir='ltr'>προσαράττουσι</span> <span class='ocrx_word' id='word_1_110' title='bbox 1618 1639 1705 1708; x_wconf 81' lang='grc' dir='ltr'><strong>τῇ·</strong></span> <span class='ocrx_word' id='word_1_111' title='bbox 1738 1636 1901 1707; x_wconf 81' lang='grc' dir='ltr'>ξηρᾷ,</span> 
     </span>
    </p>
   </div>
   <div class='ocr_carea' id='block_1_17' title="bbox 318 1728 1903 1803">
    <p class='ocr_par' dir='ltr' id='par_1_17' title="bbox 318 1728 1903 1803">
     <span class='ocr_line' id='line_1_17' title="bbox 318 1728 1903 1803; baseline -0.004 -16"><span class='ocrx_word' id='word_1_112' title='bbox 318 1735 425 1788; x_wconf 57' lang='grc' dir='ltr'>καὶ</span> <span class='ocrx_word' id='word_1_113' title='bbox 452 1737 519 1803; x_wconf 80' lang='grc' dir='ltr'>τῇ</span> <span class='ocrx_word' id='word_1_114' title='bbox 547 1733 732 1803; x_wconf 77' lang='grc' dir='ltr'>χέρσῳ</span> <span class='ocrx_word' id='word_1_115' title='bbox 758 1731 1154 1795; x_wconf 82' lang='grc' dir='ltr'>πιστεύσαντες</span> <span class='ocrx_word' id='word_1_116' title='bbox 1182 1732 1433 1794; x_wconf 77' lang='grc' dir='ltr'>ἑαυτοὺς,</span> <span class='ocrx_word' id='word_1_117' title='bbox 1460 1729 1627 1782; x_wconf 84' lang='grc' dir='ltr'>τινῶν</span> <span class='ocrx_word' id='word_1_118' title='bbox 1660 1728 1903 1782; x_wconf 84' lang='grc' dir='ltr'>ἐαλωκό-</span> 
     </span>
    </p>
   </div>
   <div class='ocr_carea' id='block_1_18' title="bbox 317 1820 1902 1893">
    <p class='ocr_par' dir='ltr' id='par_1_18' title="bbox 317 1820 1902 1893">
     <span class='ocr_line' id='line_1_18' title="bbox 317 1820 1902 1893; baseline -0.004 -14"><span class='ocrx_word' id='word_1_119' title='bbox 317 1843 433 1880; x_wconf 86' lang='grc' dir='ltr'>των</span> <span class='ocrx_word' id='word_1_120' title='bbox 485 1827 704 1893; x_wconf 82' lang='grc' dir='ltr'>σύναμα</span> <span class='ocrx_word' id='word_1_121' title='bbox 736 1827 860 1888; x_wconf 86' lang='grc' dir='ltr'>ταῖς</span> <span class='ocrx_word' id='word_1_122' title='bbox 909 1825 1121 1887; x_wconf 72' lang='grc' dir='ltr'>ναυσὶν,</span> <span class='ocrx_word' id='word_1_123' title='bbox 1157 1825 1207 1876; x_wconf 81' lang='grc' dir='ltr'>οἱ</span> <span class='ocrx_word' id='word_1_124' title='bbox 1262 1822 1452 1875; x_wconf 78' lang='grc' dir='ltr'>πολλοὶ</span> <span class='ocrx_word' id='word_1_125' title='bbox 1493 1822 1781 1886; x_wconf 79' lang='grc' dir='ltr'>σώζονται.</span> <span class='ocrx_word' id='word_1_126' title='bbox 1837 1820 1902 1875; x_wconf 87' lang='lat' dir='ltr'><strong>Ol</strong></span> 
     </span>
    </p>
   </div>
   <div class='ocr_carea' id='block_1_19' title="bbox 322 1913 1901 1988">
    <p class='ocr_par' dir='ltr' id='par_1_19' title="bbox 322 1913 1901 1988">
     <span class='ocr_line' id='line_1_19' title="bbox 322 1913 1901 1988; baseline -0.003 -17"><span class='ocrx_word' id='word_1_127' title='bbox 322 1919 425 1988; x_wconf 72' lang='grc' dir='ltr'><strong>μὲν</strong></span> <span class='ocrx_word' id='word_1_128' title='bbox 454 1917 549 1972; x_wconf 81' lang='grc' dir='ltr'><strong>οὖν</strong></span> <span class='ocrx_word' id='word_1_129' title='bbox 578 1917 741 1986; x_wconf 74' lang='grc' dir='ltr'>ἔργον</span> <span class='ocrx_word' id='word_1_130' title='bbox 774 1917 1076 1988; x_wconf 81' lang='grc' dir='ltr'>μαχαίρας,</span> <span class='ocrx_word' id='word_1_131' title='bbox 1110 1916 1166 1968; x_wconf 77' lang='grc' dir='ltr'><strong>αἱ</strong></span> <span class='ocrx_word' id='word_1_132' title='bbox 1192 1915 1248 1968; x_wconf 82' lang='grc' dir='ltr'><strong>δέ</strong></span> <span class='ocrx_word' id='word_1_133' title='bbox 1277 1913 1450 1984; x_wconf 82' lang='grc' dir='ltr'>πυρὸς</span> <span class='ocrx_word' id='word_1_134' title='bbox 1473 1914 1725 1981; x_wconf 81' lang='grc' dir='ltr'>ἐγένοντο</span> <span class='ocrx_word' id='word_1_135' title='bbox 1755 1930 1901 1984; x_wconf 60' lang='grc' dir='ltr'>παρη</span> 
     </span>
    </p>
   </div>
   <div class='ocr_carea' id='block_1_20' title="bbox 317 2011 1033 2081">
    <p class='ocr_par' dir='ltr' id='par_1_20' title="bbox 317 2011 1033 2081">
     <span class='ocr_line' id='line_1_20' title="bbox 317 2011 1033 2081; baseline 0.004 -14"><span class='ocrx_word' id='word_1_136' title='bbox 317 2011 502 2067; x_wconf 84' lang='grc' dir='ltr'>ανάλω</span> <span class='ocrx_word' id='word_1_137' title='bbox 509 2030 609 2081; x_wconf 84' lang='grc' dir='ltr'><strong>μα.</strong></span> <span class='ocrx_word' id='word_1_138' title='bbox 1032 2052 1033 2055; x_wconf 62' lang='grc' dir='ltr'><strong>η</strong></span> 
     </span>
    </p>
   </div>
   <div class='ocr_carea' id='block_1_21' title="bbox 392 2100 1905 2174">
    <p class='ocr_par' dir='ltr' id='par_1_21' title="bbox 392 2100 1905 2174">
     <span class='ocr_line' id='line_1_21' title="bbox 392 2100 1905 2174; baseline -0.006 -14"><span class='ocrx_word' id='word_1_139' title='bbox 392 2107 553 2171; x_wconf 79' lang='grc' dir='ltr'>Γίόας</span> <span class='ocrx_word' id='word_1_140' title='bbox 583 2106 642 2160; x_wconf 80' lang='grc' dir='ltr'><strong>δέ</strong></span> <span class='ocrx_word' id='word_1_141' title='bbox 663 2122 749 2168; x_wconf 84' lang='grc' dir='ltr'><strong>τις</strong></span> <span class='ocrx_word' id='word_1_142' title='bbox 772 2103 997 2173; x_wconf 83' lang='grc' dir='ltr'>ἀνεψιὸς</span> <span class='ocrx_word' id='word_1_143' title='bbox 1015 2102 1346 2174; x_wconf 85' lang='grc' dir='ltr'>Θευδερίχου</span> <span class='ocrx_word' id='word_1_144' title='bbox 1368 2100 1462 2154; x_wconf 85' lang='grc' dir='ltr'>τοῦ</span> <span class='ocrx_word' id='word_1_145' title='bbox 1487 2100 1628 2154; x_wconf 74' lang='grc' dir='ltr'>κατὰ</span> <span class='ocrx_word' id='word_1_146' title='bbox 1649 2100 1905 2154; x_wconf 75' lang='grc' dir='ltr'>Σικελίαν</span> 
     </span>
    </p>
   </div>
   <div class='ocr_carea' id='block_1_22' title="bbox 320 2189 1903 2266">
    <p class='ocr_par' dir='ltr' id='par_1_22' title="bbox 320 2189 1903 2266">
     <span class='ocr_line' id='line_1_22' title="bbox 320 2189 1903 2266; baseline -0.006 -15"><span class='ocrx_word' id='word_1_147' title='bbox 320 2194 671 2266; x_wconf 79' lang='grc' dir='ltr'>ἐξάρχοντος.</span> <span class='ocrx_word' id='word_1_148' title='bbox 723 2194 993 2249; x_wconf 83' lang='grc' dir='ltr'>ἀκουσθέν</span> <span class='ocrx_word' id='word_1_149' title='bbox 1026 2194 1103 2256; x_wconf 84' lang='grc' dir='ltr'>ὡς</span> <span class='ocrx_word' id='word_1_150' title='bbox 1135 2192 1291 2246; x_wconf 79' lang='grc' dir='ltr'>οὐδὲν</span> <span class='ocrx_word' id='word_1_151' title='bbox 1324 2192 1459 2255; x_wconf 80' lang='grc' dir='ltr'>ὅλως</span> <span class='ocrx_word' id='word_1_152' title='bbox 1494 2192 1544 2244; x_wconf 81' lang='lat' dir='ltr'><strong>oi</strong></span> <span class='ocrx_word' id='word_1_153' title='bbox 1586 2189 1694 2243; x_wconf 87' lang='grc' dir='ltr'><strong>τῶν</strong></span> <span class='ocrx_word' id='word_1_154' title='bbox 1742 2190 1903 2258; x_wconf 73' lang='grc' dir='ltr'><strong>Ἀμοο</strong></span> 
     </span>
    </p>
   </div>
   <div class='ocr_carea' id='block_1_23' title="bbox 319 2279 1947 2356">
    <p class='ocr_par' dir='ltr' id='par_1_23' title="bbox 319 2279 1947 2356">
     <span class='ocr_line' id='line_1_23' title="bbox 319 2279 1947 2356; baseline -0.004 -17"><span class='ocrx_word' id='word_1_155' title='bbox 319 2285 584 2356; x_wconf 80' lang='grc' dir='ltr'>γασάρων</span> <span class='ocrx_word' id='word_1_156' title='bbox 641 2284 969 2354; x_wconf 74' lang='grc' dir='ltr'>ἐξάρχοντες</span> <span class='ocrx_word' id='word_1_157' title='bbox 1018 2281 1445 2352; x_wconf 81' lang='grc' dir='ltr'>συμφωνοῦντες</span> <span class='ocrx_word' id='word_1_158' title='bbox 1479 2281 1561 2334; x_wconf 77' lang='grc' dir='ltr'><strong>ἐνὶ</strong></span> <span class='ocrx_word' id='word_1_159' title='bbox 1607 2279 1708 2350; x_wconf 86' lang='grc' dir='ltr'>τὴν</span> <span class='ocrx_word' id='word_1_160' title='bbox 1752 2280 1904 2349; x_wconf 85' lang='grc' dir='ltr'>σφῶν</span> <span class='ocrx_word' id='word_1_161' title='bbox 1934 2324 1947 2343; x_wconf 48' lang='grc' dir='ltr'>κ</span> 
     </span>
    </p>
   </div>
   <div class='ocr_carea' id='block_1_24' title="bbox 319 2373 1903 2448">
    <p class='ocr_par' dir='ltr' id='par_1_24' title="bbox 319 2373 1903 2448">
     <span class='ocr_line' id='line_1_24' title="bbox 319 2373 1903 2448; baseline -0.003 -18"><span class='ocrx_word' id='word_1_162' title='bbox 319 2377 619 2448; x_wconf 78' lang='grc' dir='ltr'>ἠγεμονίαν</span> <span class='ocrx_word' id='word_1_163' title='bbox 648 2376 1021 2439; x_wconf 80' lang='grc' dir='ltr'>πιστεύουσιν,</span> <span class='ocrx_word' id='word_1_164' title='bbox 1042 2373 1160 2428; x_wconf 80' lang='grc' dir='ltr'>ἀλλ’</span> <span class='ocrx_word' id='word_1_165' title='bbox 1188 2375 1240 2428; x_wconf 78' lang='grc' dir='ltr'>οἱ</span> <span class='ocrx_word' id='word_1_166' title='bbox 1279 2374 1378 2442; x_wconf 81' lang='grc' dir='ltr'><strong>μὲν</strong></span> <span class='ocrx_word' id='word_1_167' title='bbox 1406 2373 1512 2427; x_wconf 79' lang='grc' dir='ltr'><strong>ὑπὸ</strong></span> <span class='ocrx_word' id='word_1_168' title='bbox 1538 2373 1630 2427; x_wconf 85' lang='grc' dir='ltr'><strong>τὸν</strong></span> <span class='ocrx_word' id='word_1_169' title='bbox 1652 2374 1903 2444; x_wconf 78' lang='grc' dir='ltr'>Φαρέντα</span> 
     </span>
    </p>
   </div>
   <div class='ocr_carea' id='block_1_25' title="bbox 318 2465 1904 2539">
    <p class='ocr_par' dir='ltr' id='par_1_25' title="bbox 318 2465 1904 2539">
     <span class='ocr_line' id='line_1_25' title="bbox 318 2465 1904 2539; baseline -0.002 -16"><span class='ocrx_word' id='word_1_170' title='bbox 318 2469 541 2539; x_wconf 77' lang='grc' dir='ltr'><strong>Τζιμῆν</strong></span> <span class='ocrx_word' id='word_1_171' title='bbox 585 2468 837 2522; x_wconf 73' lang='grc' dir='ltr'>ἐθέλουσι</span> <span class='ocrx_word' id='word_1_172' title='bbox 873 2465 1193 2530; x_wconf 75' lang='grc' dir='ltr'>τάττεσθαι,</span> <span class='ocrx_word' id='word_1_173' title='bbox 1252 2466 1302 2519; x_wconf 81' lang='lat' dir='ltr'><strong>oi</strong></span> <span class='ocrx_word' id='word_1_174' title='bbox 1358 2465 1416 2519; x_wconf 77' lang='grc' dir='ltr'><strong>δὲ</strong></span> <span class='ocrx_word' id='word_1_175' title='bbox 1468 2467 1572 2519; x_wconf 83' lang='grc' dir='ltr'><strong>σὺν</strong></span> <span class='ocrx_word' id='word_1_176' title='bbox 1620 2466 1770 2537; x_wconf 81' lang='grc' dir='ltr'>αὐτῷ</span> <span class='ocrx_word' id='word_1_177' title='bbox 1825 2465 1904 2537; x_wconf 83' lang='grc' dir='ltr'>τῷ</span> 
     </span>
    </p>
   </div>
   <div class='ocr_carea' id='block_1_26' title="bbox 317 2556 1903 2631">
    <p class='ocr_par' dir='ltr' id='par_1_26' title="bbox 317 2556 1903 2631">
     <span class='ocr_line' id='line_1_26' title="bbox 317 2556 1903 2631; baseline -0.001 -17"><span class='ocrx_word' id='word_1_178' title='bbox 317 2560 572 2631; x_wconf 76' lang='grc' dir='ltr'>Φαρέντᾳ</span> <span class='ocrx_word' id='word_1_179' title='bbox 601 2559 702 2628; x_wconf 80' lang='grc' dir='ltr'>τὴν</span> <span class='ocrx_word' id='word_1_180' title='bbox 724 2558 1026 2631; x_wconf 80' lang='grc' dir='ltr'>ἡγεμονίαν</span> <span class='ocrx_word' id='word_1_181' title='bbox 1051 2558 1160 2611; x_wconf 86' lang='grc' dir='ltr'><strong>τῶν</strong></span> <span class='ocrx_word' id='word_1_182' title='bbox 1190 2556 1328 2611; x_wconf 82' lang='grc' dir='ltr'>ὅλων</span> <span class='ocrx_word' id='word_1_183' title='bbox 1359 2558 1735 2628; x_wconf 87' lang='grc' dir='ltr'>Μπυριγερίῳ</span> <span class='ocrx_word' id='word_1_184' title='bbox 1766 2575 1903 2629; x_wconf 84' lang='grc' dir='ltr'>προ-</span> 
     </span>
    </p>
   </div>
   <div class='ocr_carea' id='block_1_27' title="bbox 318 2645 1905 2724">
    <p class='ocr_par' dir='ltr' id='par_1_27' title="bbox 318 2645 1905 2724">
     <span class='ocr_line' id='line_1_27' title="bbox 318 2645 1905 2724; baseline -0.001 -18"><span class='ocrx_word' id='word_1_185' title='bbox 318 2653 589 2724; x_wconf 79' lang='grc' dir='ltr'>τρέπουσι</span> <span class='ocrx_word' id='word_1_186' title='bbox 615 2652 732 2722; x_wconf 76' lang='grc' dir='ltr'>(καὶ</span> <span class='ocrx_word' id='word_1_187' title='bbox 758 2652 872 2723; x_wconf 85' lang='grc' dir='ltr'><strong>γὰρ</strong></span> <span class='ocrx_word' id='word_1_188' title='bbox 915 2645 1072 2715; x_wconf 76' lang='grc' dir='ltr'>οὗτος</span> <span class='ocrx_word' id='word_1_189' title='bbox 1118 2649 1277 2715; x_wconf 80' lang='grc' dir='ltr'>αὖθις</span> <span class='ocrx_word' id='word_1_190' title='bbox 1306 2650 1602 2720; x_wconf 71' lang='grc' dir='ltr'>ἐπανῆλθε,</span> <span class='ocrx_word' id='word_1_191' title='bbox 1632 2651 1817 2715; x_wconf 79' lang='grc' dir='ltr'>καθὼς</span> <span class='ocrx_word' id='word_1_192' title='bbox 1846 2653 1905 2706; x_wconf 85' lang='grc' dir='ltr'><strong>ἐν</strong></span> 
     </span>
    </p>
   </div>
   <div class='ocr_carea' id='block_1_28' title="bbox 318 2737 1905 2816">
    <p class='ocr_par' dir='ltr' id='par_1_28' title="bbox 318 2737 1905 2816">
     <span class='ocr_line' id='line_1_28' title="bbox 318 2737 1905 2816; baseline -0.003 -13"><span class='ocrx_word' id='word_1_193' title='bbox 318 2737 437 2812; x_wconf 66' lang='grc' dir='ltr'>τοῖς</span> <span class='ocrx_word' id='word_1_194' title='bbox 466 2748 581 2803; x_wconf 84' lang='grc' dir='ltr'>ἄνω</span> <span class='ocrx_word' id='word_1_195' title='bbox 598 2747 781 2815; x_wconf 80' lang='grc' dir='ltr'>λόγοις</span> <span class='ocrx_word' id='word_1_196' title='bbox 813 2745 1100 2816; x_wconf 79' lang='grc' dir='ltr'>ἐλέγομεν,</span> <span class='ocrx_word' id='word_1_197' title='bbox 1132 2745 1234 2799; x_wconf 84' lang='grc' dir='ltr'><strong>οὑκ</strong></span> <span class='ocrx_word' id='word_1_198' title='bbox 1260 2742 1377 2799; x_wconf 71' lang='grc' dir='ltr'><strong>οἰδα</strong></span> <span class='ocrx_word' id='word_1_199' title='bbox 1409 2745 1528 2809; x_wconf 85' lang='grc' dir='ltr'><strong>πῶς</strong></span> <span class='ocrx_word' id='word_1_200' title='bbox 1566 2746 1631 2798; x_wconf 81' lang='grc' dir='ltr'><strong>ἐκ</strong></span> <span class='ocrx_word' id='word_1_201' title='bbox 1668 2745 1905 2809; x_wconf 83' lang='grc' dir='ltr'>Γενούας</span> 
     </span>
    </p>
   </div>
   <div class='ocr_carea' id='block_1_29' title="bbox 324 2930 1909 2999">
    <p class='ocr_par' dir='ltr' id='par_1_29' title="bbox 324 2930 1909 2999">
     <span class='ocr_line' id='line_1_29' title="bbox 324 2930 1909 2999; baseline -0.001 -11"><span class='ocrx_word' id='word_1_202' title='bbox 324 2932 461 2999; x_wconf 83' lang='lat' dir='ltr'><strong>ipsis</strong></span> <span class='ocrx_word' id='word_1_203' title='bbox 513 2931 731 2999; x_wconf 74' lang='lat' dir='ltr'><strong>effugio,</strong></span> <span class='ocrx_word' id='word_1_204' title='bbox 771 2932 824 2985; x_wconf 90' lang='lat' dir='ltr'><strong>in</strong></span> <span class='ocrx_word' id='word_1_205' title='bbox 885 2930 1036 2986; x_wconf 89' lang='lat' dir='ltr'><strong>littus</strong></span> <span class='ocrx_word' id='word_1_206' title='bbox 1091 2930 1342 2999; x_wconf 57' lang='lat' dir='ltr'><strong>impacta!</strong></span> <span class='ocrx_word' id='word_1_207' title='bbox 1394 2930 1624 2985; x_wconf 89' lang='lat' dir='ltr'><strong>ulterius</strong></span> <span class='ocrx_word' id='word_1_208' title='bbox 1661 2940 1909 2987; x_wconf 78' lang='lat' dir='ltr'><strong>vectores</strong></span> 
     </span>
    </p>
   </div>
   <div class='ocr_carea' id='block_1_30' title="bbox 324 3022 1908 3094">
    <p class='ocr_par' dir='ltr' id='par_1_30' title="bbox 324 3022 1908 3094">
     <span class='ocr_line' id='line_1_30' title="bbox 324 3022 1908 3094; baseline -0.001 -15"><span class='ocrx_word' id='word_1_209' title='bbox 324 3040 457 3079; x_wconf 86' lang='lat' dir='ltr'><strong>suos</strong></span> <span class='ocrx_word' id='word_1_210' title='bbox 494 3025 547 3079; x_wconf 88' lang='lat' dir='ltr'><strong>in</strong></span> <span class='ocrx_word' id='word_1_211' title='bbox 579 3022 832 3078; x_wconf 88' lang='lat' dir='ltr'><strong>hostilem</strong></span> <span class='ocrx_word' id='word_1_212' title='bbox 860 3022 1025 3094; x_wconf 57' lang='lat'><strong>640</strong></span> <span class='ocrx_word' id='word_1_213' title='bbox 1056 3030 1396 3090; x_wconf 87' lang='lat' dir='ltr'><strong>exponerent</strong></span> <span class='ocrx_word' id='word_1_214' title='bbox 1425 3022 1728 3091; x_wconf 73' lang='lat' dir='ltr'><strong>regionem,</strong></span> <span class='ocrx_word' id='word_1_215' title='bbox 1755 3034 1908 3078; x_wconf 84' lang='lat' dir='ltr'><strong>certo</strong></span> 
     </span>
    </p>
   </div>
   <div class='ocr_carea' id='block_1_31' title="bbox 324 3112 1905 3186">
    <p class='ocr_par' dir='ltr' id='par_1_31' title="bbox 324 3112 1905 3186">
     <span class='ocr_line' id='line_1_31' title="bbox 324 3112 1905 3186; baseline -0.003 -15"><span class='ocrx_word' id='word_1_216' title='bbox 324 3117 599 3186; x_wconf 90' lang='lat' dir='ltr'><strong>perituros</strong></span> <span class='ocrx_word' id='word_1_217' title='bbox 648 3114 701 3169; x_wconf 92' lang='lat' dir='ltr'><strong>in</strong></span> <span class='ocrx_word' id='word_1_218' title='bbox 753 3114 875 3168; x_wconf 92' lang='lat' dir='ltr'><strong>loco</strong></span> <span class='ocrx_word' id='word_1_219' title='bbox 914 3113 1133 3177; x_wconf 82' lang='lat' dir='ltr'><strong>infesto,</strong></span> <span class='ocrx_word' id='word_1_220' title='bbox 1182 3112 1325 3167; x_wconf 89' lang='lat' dir='ltr'><strong>unde</strong></span> <span class='ocrx_word' id='word_1_221' title='bbox 1353 3126 1634 3182; x_wconf 77' lang='lat' dir='ltr'><strong>regressus</strong></span> <span class='ocrx_word' id='word_1_222' title='bbox 1667 3115 1799 3183; x_wconf 85' lang='lat' dir='ltr'><strong>ipsis</strong></span> <span class='ocrx_word' id='word_1_223' title='bbox 1838 3112 1905 3167; x_wconf 90' lang='lat' dir='ltr'><strong>ad</strong></span> 
     </span>
    </p>
   </div>
   <div class='ocr_carea' id='block_1_32' title="bbox 2000 625 3592 698">
    <p class='ocr_par' dir='ltr' id='par_1_32' title="bbox 2000 625 3592 698">
     <span class='ocr_line' id='line_1_32' title="bbox 2000 625 3592 698; baseline 0.002 -21"><span class='ocrx_word' id='word_1_224' title='bbox 2000 626 2110 677; x_wconf 85' lang='grc' dir='ltr'><strong>τῶν</strong></span> <span class='ocrx_word' id='word_1_225' title='bbox 2141 628 2344 679; x_wconf 84' lang='grc' dir='ltr'>λοιπῶν</span> <span class='ocrx_word' id='word_1_226' title='bbox 2373 629 2526 682; x_wconf 77' lang='grc' dir='ltr'>οὐδὲν</span> <span class='ocrx_word' id='word_1_227' title='bbox 2554 628 2812 681; x_wconf 78' lang='grc' dir='ltr'>ἐπαΐουσι</span> <span class='ocrx_word' id='word_1_228' title='bbox 2843 627 3039 698; x_wconf 83' lang='grc' dir='ltr'><strong>(μηδὲν</strong></span> <span class='ocrx_word' id='word_1_229' title='bbox 3068 625 3179 697; x_wconf 84' lang='grc' dir='ltr'>γὰρ</span> <span class='ocrx_word' id='word_1_230' title='bbox 3203 626 3364 680; x_wconf 74' lang='grc' dir='ltr'>αὑτὸν</span> <span class='ocrx_word' id='word_1_231' title='bbox 3400 625 3592 695; x_wconf 82' lang='grc' dir='ltr'>Ῥομο-</span> 
     </span>
    </p>
   </div>
   <div class='ocr_carea' id='block_1_33' title="bbox 1980 716 3593 790">
    <p class='ocr_par' dir='ltr' id='par_1_33' title="bbox 1980 716 3593 790">
     <span class='ocr_line' id='line_1_33' title="bbox 1980 716 3593 790; baseline 0.001 -22"><span class='ocrx_word' id='word_1_232' title='bbox 1980 720 2200 785; x_wconf 79' lang='grc' dir='ltr'>’φόρτον</span> <span class='ocrx_word' id='word_1_233' title='bbox 2241 720 2301 771; x_wconf 83' lang='grc' dir='ltr'>τὸ</span> <span class='ocrx_word' id='word_1_234' title='bbox 2337 720 2441 772; x_wconf 80' lang='grc' dir='ltr'><strong>ὑπὸ</strong></span> <span class='ocrx_word' id='word_1_235' title='bbox 2488 720 2584 772; x_wconf 79' lang='grc' dir='ltr'><strong>τὸν</strong></span> <span class='ocrx_word' id='word_1_236' title='bbox 2629 718 3020 790; x_wconf 82' lang='grc' dir='ltr'>Μπυριγέριον</span> <span class='ocrx_word' id='word_1_237' title='bbox 3072 716 3370 771; x_wconf 85' lang='grc' dir='ltr'>τάττεσθαι</span> <span class='ocrx_word' id='word_1_238' title='bbox 3421 734 3593 769; x_wconf 84' lang='grc' dir='ltr'>κατα-</span> 
     </span>
    </p>
   </div>
   <div class='ocr_carea' id='block_1_34' title="bbox 2001 809 2303 879">
    <p class='ocr_par' dir='ltr' id='par_1_34' title="bbox 2001 809 2303 879">
     <span class='ocr_line' id='line_1_34' title="bbox 2001 809 2303 879; baseline 0.01 -17"><span class='ocrx_word' id='word_1_239' title='bbox 2001 809 2303 879; x_wconf 80' lang='grc' dir='ltr'>δέχεσθαι).</span> 
     </span>
    </p>
   </div>
   <div class='ocr_carea' id='block_1_35' title="bbox 2000 920 3591 992">
    <p class='ocr_par' dir='ltr' id='par_1_35' title="bbox 2000 920 3591 992">
     <span class='ocr_line' id='line_1_35' title="bbox 2000 920 3591 992; baseline 0.003 -19"><span class='ocrx_word' id='word_1_240' title='bbox 2000 920 2094 977; x_wconf 85' lang='grc' dir='ltr'><strong>λδ’.</strong></span> <span class='ocrx_word' id='word_1_241' title='bbox 2132 922 2271 989; x_wconf 78' lang='grc' dir='ltr'><strong>Περὶ</strong></span> <span class='ocrx_word' id='word_1_242' title='bbox 2305 921 2427 976; x_wconf 78' lang='grc' dir='ltr'>τῶν</span> <span class='ocrx_word' id='word_1_243' title='bbox 2452 922 2605 976; x_wconf 75' lang='grc' dir='ltr'>ἑπτὰ</span> <span class='ocrx_word' id='word_1_244' title='bbox 2633 922 2790 976; x_wconf 81' lang='grc' dir='ltr'>νεῶν</span> <span class='ocrx_word' id='word_1_245' title='bbox 2820 921 2938 976; x_wconf 76' lang='grc' dir='ltr'>τῶν</span> <span class='ocrx_word' id='word_1_246' title='bbox 2959 923 3110 992; x_wconf 76' lang='grc' dir='ltr'>μετὰ</span> <span class='ocrx_word' id='word_1_247' title='bbox 3141 920 3327 975; x_wconf 81' lang='grc' dir='ltr'>Γίδου</span> <span class='ocrx_word' id='word_1_248' title='bbox 3352 920 3591 992; x_wconf 84' lang='grc' dir='ltr'>Ἀμογα-</span> 
     </span>
    </p>
   </div>
   <div class='ocr_carea' id='block_1_36' title="bbox 2498 991 3105 1061">
    <p class='ocr_par' dir='ltr' id='par_1_36' title="bbox 2498 991 3105 1061">
     <span class='ocr_line' id='line_1_36' title="bbox 2498 991 3105 1061; baseline 0.002 -15"><span class='ocrx_word' id='word_1_249' title='bbox 2498 993 2702 1061; x_wconf 79' lang='grc' dir='ltr'>ϐάροις</span> <span class='ocrx_word' id='word_1_250' title='bbox 2732 991 3105 1047; x_wconf 81' lang='grc' dir='ltr'>ἐπιστασῶν.</span> 
     </span>
    </p>
   </div>
   <div class='ocr_carea' id='block_1_37' title="bbox 2071 1086 3586 1158">
    <p class='ocr_par' dir='ltr' id='par_1_37' title="bbox 2071 1086 3586 1158">
     <span class='ocr_line' id='line_1_37' title="bbox 2071 1086 3586 1158; baseline -0.003 -16"><span class='ocrx_word' id='word_1_251' title='bbox 2071 1089 2173 1142; x_wconf 78' lang='grc' dir='ltr'><strong>Διὰ</strong></span> <span class='ocrx_word' id='word_1_252' title='bbox 2216 1087 2393 1142; x_wconf 82' lang='grc' dir='ltr'>ταῦτα</span> <span class='ocrx_word' id='word_1_253' title='bbox 2439 1088 2467 1140; x_wconf 89' lang='grc' dir='ltr'><strong>ό</strong></span> <span class='ocrx_word' id='word_1_254' title='bbox 2513 1088 2757 1150; x_wconf 84' lang='grc' dir='ltr'>τοιοῦτος</span> <span class='ocrx_word' id='word_1_255' title='bbox 2804 1086 2958 1156; x_wconf 81' lang='grc' dir='ltr'>παρὰ</span> <span class='ocrx_word' id='word_1_256' title='bbox 2995 1087 3319 1158; x_wconf 85' lang='grc' dir='ltr'>Θευδερίχου</span> <span class='ocrx_word' id='word_1_257' title='bbox 3366 1088 3586 1156; x_wconf 85' lang='grc' dir='ltr'>σύναμα</span> 
     </span>
    </p>
   </div>
   <div class='ocr_carea' id='block_1_38' title="bbox 2005 1174 3627 1252">
    <p class='ocr_par' dir='ltr' id='par_1_38' title="bbox 2005 1174 3627 1252">
     <span class='ocr_line' id='line_1_38' title="bbox 2005 1174 3627 1252; baseline -0.002 -19"><span class='ocrx_word' id='word_1_258' title='bbox 2005 1183 2248 1250; x_wconf 77' lang='grc' dir='ltr'>μακραῖς</span> <span class='ocrx_word' id='word_1_259' title='bbox 2270 1183 2463 1234; x_wconf 73' lang='grc' dir='ltr'>ναυσὶν</span> <span class='ocrx_word' id='word_1_260' title='bbox 2494 1181 2659 1243; x_wconf 78' lang='grc' dir='ltr'>ἑπτὰ,</span> <span class='ocrx_word' id='word_1_261' title='bbox 2689 1181 2765 1243; x_wconf 85' lang='grc' dir='ltr'><strong>ὡς</strong></span> <span class='ocrx_word' id='word_1_262' title='bbox 2794 1182 2827 1251; x_wconf 84' lang='grc' dir='ltr'><strong>ή</strong></span> <span class='ocrx_word' id='word_1_263' title='bbox 2861 1181 3021 1250; x_wconf 86' lang='grc' dir='ltr'><strong>φήμη</strong></span> <span class='ocrx_word' id='word_1_264' title='bbox 3047 1174 3217 1250; x_wconf 72' lang='grc' dir='ltr'>εἶχεν,</span> <span class='ocrx_word' id='word_1_265' title='bbox 3260 1180 3591 1244; x_wconf 64' lang='grc' dir='ltr'>ὲξατςοστέλ-</span> <span class='ocrx_word' id='word_1_266' title='bbox 3621 1230 3627 1252; x_wconf 52' lang='grc' dir='ltr'>ι</span> 
     </span>
    </p>
   </div>
   <div class='ocr_carea' id='block_1_39' title="bbox 2001 1262 3629 1344">
    <p class='ocr_par' dir='ltr' id='par_1_39' title="bbox 2001 1262 3629 1344">
     <span class='ocr_line' id='line_1_39' title="bbox 2001 1262 3629 1344; baseline -0.002 -16"><span class='ocrx_word' id='word_1_267' title='bbox 2001 1273 2176 1328; x_wconf 86' lang='grc' dir='ltr'>λεται.</span> <span class='ocrx_word' id='word_1_268' title='bbox 2198 1274 2262 1327; x_wconf 79' lang='lat' dir='ltr'><strong>0i</strong></span> <span class='ocrx_word' id='word_1_269' title='bbox 2280 1273 2337 1326; x_wconf 80' lang='grc' dir='ltr'><strong>δὲ</strong></span> <span class='ocrx_word' id='word_1_270' title='bbox 2359 1273 2451 1326; x_wconf 79' lang='grc' dir='ltr'><strong>τὸν</strong></span> <span class='ocrx_word' id='word_1_271' title='bbox 2475 1271 2561 1344; x_wconf 89' lang='grc' dir='ltr'><strong>[Ρ.</strong></span> <span class='ocrx_word' id='word_1_272' title='bbox 2586 1271 2720 1343; x_wconf 76' lang='grc' dir='ltr'>ιιη</span> <span class='ocrx_word' id='word_1_273' title='bbox 2741 1274 2835 1325; x_wconf 81' lang='grc' dir='ltr'>τοῦ</span> <span class='ocrx_word' id='word_1_274' title='bbox 2859 1273 3028 1342; x_wconf 78' lang='grc' dir='ltr'>ρηγὸς</span> <span class='ocrx_word' id='word_1_275' title='bbox 3053 1273 3301 1336; x_wconf 75' lang='grc' dir='ltr'>Σικελίας</span> <span class='ocrx_word' id='word_1_276' title='bbox 3323 1273 3591 1342; x_wconf 85' lang='grc' dir='ltr'>Ματέρκα</span> <span class='ocrx_word' id='word_1_277' title='bbox 3621 1262 3629 1307; x_wconf 60' lang='grc' dir='ltr'>ἶ</span> 
     </span>
    </p>
   </div>
   <div class='ocr_carea' id='block_1_40' title="bbox 2002 1364 3590 1438">
    <p class='ocr_par' dir='ltr' id='par_1_40' title="bbox 2002 1364 3590 1438">
     <span class='ocr_line' id='line_1_40' title="bbox 2002 1364 3590 1438; baseline -0.003 -16"><span class='ocrx_word' id='word_1_278' title='bbox 2002 1369 2243 1437; x_wconf 81' lang='grc' dir='ltr'>Φαρέντε</span> <span class='ocrx_word' id='word_1_279' title='bbox 2277 1365 2453 1420; x_wconf 81' lang='grc' dir='ltr'>ταῦτα.</span> <span class='ocrx_word' id='word_1_280' title='bbox 2500 1369 2764 1438; x_wconf 83' lang='grc' dir='ltr'>πράττειν</span> <span class='ocrx_word' id='word_1_281' title='bbox 2811 1368 3108 1437; x_wconf 70' lang='grc' dir='ltr'>ἐφήμιζον.</span> <span class='ocrx_word' id='word_1_282' title='bbox 3149 1369 3263 1419; x_wconf 85' lang='grc' dir='ltr'><strong>Οὐκ</strong></span> <span class='ocrx_word' id='word_1_283' title='bbox 3291 1364 3411 1420; x_wconf 77' lang='grc' dir='ltr'><strong>οἶδα</strong></span> <span class='ocrx_word' id='word_1_284' title='bbox 3454 1366 3510 1418; x_wconf 81' lang='grc' dir='ltr'>δὲ</span> <span class='ocrx_word' id='word_1_285' title='bbox 3540 1366 3590 1418; x_wconf 84' lang='grc' dir='ltr'><strong>εί</strong></span> 
     </span>
    </p>
   </div>
   <div class='ocr_carea' id='block_1_41' title="bbox 2003 1458 3625 1529">
    <p class='ocr_par' dir='ltr' id='par_1_41' title="bbox 2003 1458 3625 1529">
     <span class='ocr_line' id='line_1_41' title="bbox 2003 1458 3625 1529; baseline -0.002 -16"><span class='ocrx_word' id='word_1_286' title='bbox 2003 1460 2165 1522; x_wconf 81' lang='grc' dir='ltr'>Γίδας</span> <span class='ocrx_word' id='word_1_287' title='bbox 2194 1458 2271 1514; x_wconf 85' lang='grc' dir='ltr'>ὣν</span> <span class='ocrx_word' id='word_1_288' title='bbox 2300 1459 2421 1514; x_wconf 84' lang='grc' dir='ltr'>κατ’</span> <span class='ocrx_word' id='word_1_289' title='bbox 2452 1458 2626 1529; x_wconf 76' lang='grc' dir='ltr'>ὄνομα</span> <span class='ocrx_word' id='word_1_290' title='bbox 2676 1461 2928 1529; x_wconf 83' lang='grc' dir='ltr'>κρεῖττον</span> <span class='ocrx_word' id='word_1_291' title='bbox 2962 1460 3072 1512; x_wconf 87' lang='grc' dir='ltr'><strong>τῶν</strong></span> <span class='ocrx_word' id='word_1_292' title='bbox 3122 1460 3257 1512; x_wconf 83' lang='grc' dir='ltr'>υἱῶν</span> <span class='ocrx_word' id='word_1_293' title='bbox 3290 1459 3385 1511; x_wconf 85' lang='grc' dir='ltr'>τοῦ</span> <span class='ocrx_word' id='word_1_294' title='bbox 3419 1458 3592 1529; x_wconf 78' lang='grc' dir='ltr'>ρηγὸς</span> <span class='ocrx_word' id='word_1_295' title='bbox 3622 1500 3625 1501; x_wconf 44' lang='grc' dir='ltr'><strong>ν</strong></span> 
     </span>
    </p>
   </div>
   <div class='ocr_carea' id='block_1_42' title="bbox 2004 1548 3593 1622">
    <p class='ocr_par' dir='ltr' id='par_1_42' title="bbox 2004 1548 3593 1622">
     <span class='ocr_line' id='line_1_42' title="bbox 2004 1548 3593 1622; baseline -0.004 -16"><span class='ocrx_word' id='word_1_296' title='bbox 2004 1554 2363 1622; x_wconf 81' lang='grc' dir='ltr'>ὑπεκρίνετο,</span> <span class='ocrx_word' id='word_1_297' title='bbox 2406 1551 2483 1614; x_wconf 84' lang='grc' dir='ltr'>ὡς</span> <span class='ocrx_word' id='word_1_298' title='bbox 2526 1550 2731 1616; x_wconf 73' lang='grc' dir='ltr'>ἔξωθεν</span> <span class='ocrx_word' id='word_1_299' title='bbox 2761 1549 3188 1621; x_wconf 86' lang='grc' dir='ltr'>περιλαλεῖσθαι</span> <span class='ocrx_word' id='word_1_300' title='bbox 3224 1550 3298 1602; x_wconf 88' lang='grc' dir='ltr'>’τὸ</span> <span class='ocrx_word' id='word_1_301' title='bbox 3343 1548 3593 1602; x_wconf 85' lang='grc' dir='ltr'>τοιοῦτον</span> 
     </span>
    </p>
   </div>
   <div class='ocr_carea' id='block_1_43' title="bbox 2001 1636 3593 1717">
    <p class='ocr_par' dir='ltr' id='par_1_43' title="bbox 2001 1636 3593 1717">
     <span class='ocr_line' id='line_1_43' title="bbox 2001 1636 3593 1717; baseline -0.003 -17"><span class='ocrx_word' id='word_1_302' title='bbox 2001 1648 2176 1715; x_wconf 76' lang='grc' dir='ltr'>ὑνομα</span> <span class='ocrx_word' id='word_1_303' title='bbox 2204 1646 2350 1701; x_wconf 86' lang='grc' dir='ltr'>κατά</span> <span class='ocrx_word' id='word_1_304' title='bbox 2393 1662 2446 1699; x_wconf 86' lang='grc' dir='ltr'><strong>τι</strong></span> <span class='ocrx_word' id='word_1_305' title='bbox 2485 1647 2755 1717; x_wconf 83' lang='grc' dir='ltr'>σέμνωμα</span> <span class='ocrx_word' id='word_1_306' title='bbox 2798 1648 3087 1717; x_wconf 79' lang='grc' dir='ltr'>μέγιστον.</span> <span class='ocrx_word' id='word_1_307' title='bbox 3122 1636 3341 1714; x_wconf 83' lang='grc' dir='ltr'>Ὅμως</span> <span class='ocrx_word' id='word_1_308' title='bbox 3367 1646 3466 1713; x_wconf 79' lang='grc' dir='ltr'>μὲν</span> <span class='ocrx_word' id='word_1_309' title='bbox 3501 1643 3593 1697; x_wconf 79' lang='grc' dir='ltr'><strong>οὖν</strong></span> 
     </span>
    </p>
   </div>
   <div class='ocr_carea' id='block_1_44' title="bbox 2005 1735 3594 1802">
    <p class='ocr_par' dir='ltr' id='par_1_44' title="bbox 2005 1735 3594 1802">
     <span class='ocr_line' id='line_1_44' title="bbox 2005 1735 3594 1802; baseline -0.004 -11"><span class='ocrx_word' id='word_1_310' title='bbox 2005 1737 2254 1802; x_wconf 73' lang='grc' dir='ltr'>ἐλθόντος</span> <span class='ocrx_word' id='word_1_311' title='bbox 2301 1739 2588 1801; x_wconf 83' lang='grc' dir='ltr'>κάκείνου,</span> <span class='ocrx_word' id='word_1_312' title='bbox 2626 1740 2785 1792; x_wconf 78' lang='grc' dir='ltr'>οὐδὲν</span> <span class='ocrx_word' id='word_1_313' title='bbox 2823 1738 2963 1801; x_wconf 82' lang='grc' dir='ltr'>ὅλως</span> <span class='ocrx_word' id='word_1_314' title='bbox 3003 1739 3053 1791; x_wconf 94' lang='grc' dir='ltr'><strong>οί</strong></span> <span class='ocrx_word' id='word_1_315' title='bbox 3084 1736 3289 1799; x_wconf 82' lang='grc' dir='ltr'>πάντες</span> <span class='ocrx_word' id='word_1_316' title='bbox 3342 1735 3594 1801; x_wconf 70' lang='grc' dir='ltr'>συνεφώ-</span> 
     </span>
    </p>
   </div>
   <div class='ocr_carea' id='block_1_45' title="bbox 2006 1806 3594 1903">
    <p class='ocr_par' dir='ltr' id='par_1_45' title="bbox 2006 1806 3594 1903">
     <span class='ocr_line' id='line_1_45' title="bbox 2006 1806 3594 1903; baseline -0.004 -18"><span class='ocrx_word' id='word_1_317' title='bbox 2006 1849 2135 1887; x_wconf 85' lang='grc' dir='ltr'>νουν</span> <span class='ocrx_word' id='word_1_318' title='bbox 2164 1832 2258 1885; x_wconf 86' lang='grc' dir='ltr'>ὑπ’</span> <span class='ocrx_word' id='word_1_319' title='bbox 2287 1831 2439 1903; x_wconf 81' lang='grc' dir='ltr'>αὐτῷ</span> <span class='ocrx_word' id='word_1_320' title='bbox 2475 1831 2810 1898; x_wconf 82' lang='grc' dir='ltr'>τάττεσθαι,</span> <span class='ocrx_word' id='word_1_321' title='bbox 2860 1833 2955 1884; x_wconf 73' lang='grc' dir='ltr'><strong>καὶ</strong></span> <span class='ocrx_word' id='word_1_322' title='bbox 3007 1828 3246 1898; x_wconf 80' lang='grc' dir='ltr'>μάλιστα</span> <span class='ocrx_word' id='word_1_323' title='bbox 3287 1806 3594 1896; x_wconf 63' lang='grc' dir='ltr'>Ῥοίιοφόρ-</span> 
     </span>
    </p>
   </div>
   <div class='ocr_carea' id='block_1_46' title="bbox 2004 1918 3594 1996">
    <p class='ocr_par' dir='ltr' id='par_1_46' title="bbox 2004 1918 3594 1996">
     <span class='ocr_line' id='line_1_46' title="bbox 2004 1918 3594 1996; baseline -0.005 -19"><span class='ocrx_word' id='word_1_324' title='bbox 2004 1942 2117 1990; x_wconf 84' lang='grc' dir='ltr'>τος,</span> <span class='ocrx_word' id='word_1_325' title='bbox 2148 1923 2524 1996; x_wconf 78' lang='grc' dir='ltr'>ὑπερηφανῶν</span> <span class='ocrx_word' id='word_1_326' title='bbox 2552 1922 2691 1985; x_wconf 84' lang='grc' dir='ltr'>ὅλως</span> <span class='ocrx_word' id='word_1_327' title='bbox 2722 1923 2818 1975; x_wconf 71' lang='grc' dir='ltr'><strong>καὶ</strong></span> <span class='ocrx_word' id='word_1_328' title='bbox 2848 1921 3307 1991; x_wconf 74' lang='grc' dir='ltr'>μεγαλιζόμενος,</span> <span class='ocrx_word' id='word_1_329' title='bbox 3335 1922 3383 1972; x_wconf 82' lang='lat' dir='ltr'><strong>si</strong></span> <span class='ocrx_word' id='word_1_330' title='bbox 3407 1918 3594 1988; x_wconf 76' lang='grc' dir='ltr'>χώρας</span> 
     </span>
    </p>
   </div>
   <div class='ocr_carea' id='block_1_47' title="bbox 2003 2010 3596 2093">
    <p class='ocr_par' dir='ltr' id='par_1_47' title="bbox 2003 2010 3596 2093">
     <span class='ocr_line' id='line_1_47' title="bbox 2003 2010 3596 2093; baseline -0.006 -23"><span class='ocrx_word' id='word_1_331' title='bbox 2003 2011 2072 2086; x_wconf 83' lang='grc' dir='ltr'><strong>ἦς</strong></span> <span class='ocrx_word' id='word_1_332' title='bbox 2103 2015 2272 2078; x_wconf 72' lang='grc' dir='ltr'>αὐτὸς</span> <span class='ocrx_word' id='word_1_333' title='bbox 2295 2015 2387 2069; x_wconf 74' lang='grc' dir='ltr'><strong>διὰ</strong></span> <span class='ocrx_word' id='word_1_334' title='bbox 2430 2014 2647 2084; x_wconf 72' lang='grc' dir='ltr'>σπάθης</span> <span class='ocrx_word' id='word_1_335' title='bbox 2690 2010 2850 2093; x_wconf 77' lang='grc' dir='ltr'>ἦρξε,</span> <span class='ocrx_word' id='word_1_336' title='bbox 2886 2013 2983 2065; x_wconf 79' lang='grc' dir='ltr'><strong>καὶ</strong></span> <span class='ocrx_word' id='word_1_337' title='bbox 3028 2013 3364 2066; x_wconf 74' lang='grc' dir='ltr'>δυναστείαν</span> <span class='ocrx_word' id='word_1_338' title='bbox 3412 2011 3596 2080; x_wconf 79' lang='grc' dir='ltr'>ἑτέρῳ</span> 
     </span>
    </p>
   </div>
   <div class='ocr_carea' id='block_1_48' title="bbox 2006 2103 3593 2180">
    <p class='ocr_par' dir='ltr' id='par_1_48' title="bbox 2006 2103 3593 2180">
     <span class='ocr_line' id='line_1_48' title="bbox 2006 2103 3593 2180; baseline -0.005 -18"><span class='ocrx_word' id='word_1_339' title='bbox 2006 2108 2373 2180; x_wconf 85' lang='grc' dir='ltr'>παραχωροίη</span> <span class='ocrx_word' id='word_1_340' title='bbox 2411 2107 2471 2172; x_wconf 81' lang='grc' dir='ltr'>ἐξ</span> <span class='ocrx_word' id='word_1_341' title='bbox 2522 2106 2768 2175; x_wconf 83' lang='grc' dir='ltr'>ὑπογύου</span> <span class='ocrx_word' id='word_1_342' title='bbox 2801 2106 3054 2176; x_wconf 76' lang='grc' dir='ltr'>φανέντι.</span> <span class='ocrx_word' id='word_1_343' title='bbox 3112 2105 3225 2158; x_wconf 71' lang='grc' dir='ltr'><strong>Καὶ</strong></span> <span class='ocrx_word' id='word_1_344' title='bbox 3272 2105 3333 2156; x_wconf 80' lang='grc' dir='ltr'><strong>οὐ</strong></span> <span class='ocrx_word' id='word_1_345' title='bbox 3379 2104 3447 2174; x_wconf 80' lang='grc' dir='ltr'>τῇ</span> <span class='ocrx_word' id='word_1_346' title='bbox 3482 2103 3593 2154; x_wconf 84' lang='grc' dir='ltr'><strong>τῶν</strong></span> 
     </span>
    </p>
   </div>
   <div class='ocr_carea' id='block_1_49' title="bbox 2004 2186 3599 2270">
    <p class='ocr_par' dir='ltr' id='par_1_49' title="bbox 2004 2186 3599 2270">
     <span class='ocr_line' id='line_1_49' title="bbox 2004 2186 3599 2270; baseline -0.006 -16"><span class='ocrx_word' id='word_1_347' title='bbox 2004 2201 2213 2254; x_wconf 85' lang='grc' dir='ltr'>λοιπῶν</span> <span class='ocrx_word' id='word_1_348' title='bbox 2240 2199 2406 2270; x_wconf 84' lang='grc' dir='ltr'>βουλῇ</span> <span class='ocrx_word' id='word_1_349' title='bbox 2432 2200 2808 2269; x_wconf 82' lang='grc' dir='ltr'>συνυπήγετο,</span> <span class='ocrx_word' id='word_1_350' title='bbox 2840 2197 2980 2250; x_wconf 84' lang='grc' dir='ltr'><strong>ἀλλὰ</strong></span> <span class='ocrx_word' id='word_1_351' title='bbox 3014 2186 3142 2249; x_wconf 64' lang='grc' dir='ltr'>καθ⁶</span> <span class='ocrx_word' id='word_1_352' title='bbox 3164 2196 3328 2248; x_wconf 77' lang='grc' dir='ltr'>αὑτὸν</span> <span class='ocrx_word' id='word_1_353' title='bbox 3358 2210 3599 2263; x_wconf 86' lang='grc' dir='ltr'>στρατη-</span> 
     </span>
    </p>
   </div>
   <div class='ocr_carea' id='block_1_50' title="bbox 2008 2285 3597 2365">
    <p class='ocr_par' dir='ltr' id='par_1_50' title="bbox 2008 2285 3597 2365">
     <span class='ocr_line' id='line_1_50' title="bbox 2008 2285 3597 2365; baseline -0.007 -17"><span class='ocrx_word' id='word_1_354' title='bbox 2008 2298 2128 2365; x_wconf 81' lang='grc' dir='ltr'>γεῖν</span> <span class='ocrx_word' id='word_1_355' title='bbox 2157 2293 2445 2364; x_wconf 70' lang='grc' dir='ltr'>ἠϐούλετο.</span> <span class='ocrx_word' id='word_1_356' title='bbox 2496 2295 2737 2355; x_wconf 83' lang='grc' dir='ltr'>Πύστεις</span> <span class='ocrx_word' id='word_1_357' title='bbox 2768 2292 2863 2345; x_wconf 84' lang='grc' dir='ltr'><strong>τὸν</strong></span> <span class='ocrx_word' id='word_1_358' title='bbox 2913 2290 3144 2365; x_wconf 84' lang='grc' dir='ltr'><strong>βασιλέα</strong></span> <span class='ocrx_word' id='word_1_359' title='bbox 3178 2285 3597 2356; x_wconf 74' lang='grc' dir='ltr'>κατελάμϐανον</span> 
     </span>
    </p>
   </div>
   <div class='ocr_carea' id='block_1_51' title="bbox 2008 2378 3601 2453">
    <p class='ocr_par' dir='ltr' id='par_1_51' title="bbox 2008 2378 3601 2453">
     <span class='ocr_line' id='line_1_51' title="bbox 2008 2378 3601 2453; baseline -0.008 -12"><span class='ocrx_word' id='word_1_360' title='bbox 2008 2387 2105 2441; x_wconf 70' lang='grc' dir='ltr'>καὶ</span> <span class='ocrx_word' id='word_1_361' title='bbox 2129 2386 2206 2449; x_wconf 85' lang='grc' dir='ltr'>ὡς</span> <span class='ocrx_word' id='word_1_362' title='bbox 2231 2386 2342 2440; x_wconf 79' lang='grc' dir='ltr'>οὐδ’</span> <span class='ocrx_word' id='word_1_363' title='bbox 2364 2386 2532 2449; x_wconf 74' lang='grc' dir='ltr'>αὐτὸς</span> <span class='ocrx_word' id='word_1_364' title='bbox 2564 2386 2726 2447; x_wconf 85' lang='grc' dir='ltr'>Γίδας</span> <span class='ocrx_word' id='word_1_365' title='bbox 2755 2385 2837 2437; x_wconf 75' lang='grc' dir='ltr'>ἔτι</span> <span class='ocrx_word' id='word_1_366' title='bbox 2870 2384 3194 2453; x_wconf 81' lang='grc' dir='ltr'>προσμενεῖ,</span> <span class='ocrx_word' id='word_1_367' title='bbox 3224 2378 3399 2441; x_wconf 79' lang='grc' dir='ltr'>οὑτως</span> <span class='ocrx_word' id='word_1_368' title='bbox 3422 2378 3601 2447; x_wconf 83' lang='grc' dir='ltr'>ἀσυμ-</span> 
     </span>
    </p>
   </div>
   <div class='ocr_carea' id='block_1_52' title="bbox 2008 2465 3596 2550">
    <p class='ocr_par' dir='ltr' id='par_1_52' title="bbox 2008 2465 3596 2550">
     <span class='ocr_line' id='line_1_52' title="bbox 2008 2465 3596 2550; baseline -0.007 -18"><span class='ocrx_word' id='word_1_369' title='bbox 2008 2480 2206 2550; x_wconf 82' lang='grc' dir='ltr'>φώνως</span> <span class='ocrx_word' id='word_1_370' title='bbox 2261 2479 2502 2548; x_wconf 82' lang='grc' dir='ltr'>ἐχόντων</span> <span class='ocrx_word' id='word_1_371' title='bbox 2537 2477 2966 2548; x_wconf 80' lang='grc' dir='ltr'>Ἀμογαϐἀρων.</span> <span class='ocrx_word' id='word_1_372' title='bbox 3022 2475 3199 2538; x_wconf 82' lang='grc' dir='ltr'>Τέως,</span> <span class='ocrx_word' id='word_1_373' title='bbox 3253 2472 3455 2525; x_wconf 75' lang='grc' dir='ltr'>ὁπόσον</span> <span class='ocrx_word' id='word_1_374' title='bbox 3500 2465 3596 2540; x_wconf 78' lang='grc' dir='ltr'>ἦν,</span> 
     </span>
    </p>
   </div>
   <div class='ocr_carea' id='block_1_53' title="bbox 2006 2562 3598 2642">
    <p class='ocr_par' dir='ltr' id='par_1_53' title="bbox 2006 2562 3598 2642">
     <span class='ocr_line' id='line_1_53' title="bbox 2006 2562 3598 2642; baseline -0.008 -17"><span class='ocrx_word' id='word_1_375' title='bbox 2006 2572 2133 2633; x_wconf 78' lang='grc' dir='ltr'>τοὺς</span> <span class='ocrx_word' id='word_1_376' title='bbox 2156 2570 2288 2642; x_wconf 75' lang='grc' dir='ltr'>περὶ</span> <span class='ocrx_word' id='word_1_377' title='bbox 2313 2571 2534 2641; x_wconf 76' lang='grc' dir='ltr'>Τζιμῆν</span> <span class='ocrx_word' id='word_1_378' title='bbox 2566 2568 2998 2638; x_wconf 86' lang='grc' dir='ltr'>κατεμάλασσεν</span> <span class='ocrx_word' id='word_1_379' title='bbox 3031 2569 3059 2620; x_wconf 81' lang='grc' dir='ltr'>ὁ</span> <span class='ocrx_word' id='word_1_380' title='bbox 3087 2564 3309 2635; x_wconf 83' lang='grc' dir='ltr'>κρατῶν</span> <span class='ocrx_word' id='word_1_381' title='bbox 3347 2562 3598 2633; x_wconf 79' lang='grc' dir='ltr'>μείζοσιν</span> 
     </span>
    </p>
   </div>
   <div class='ocr_carea' id='block_1_54' title="bbox 2008 2654 3600 2731">
    <p class='ocr_par' dir='ltr' id='par_1_54' title="bbox 2008 2654 3600 2731">
     <span class='ocr_line' id='line_1_54' title="bbox 2008 2654 3600 2731; baseline -0.008 -14"><span class='ocrx_word' id='word_1_382' title='bbox 2008 2662 2040 2723; x_wconf 79' lang='grc' dir='ltr'>ἢ</span> <span class='ocrx_word' id='word_1_383' title='bbox 2078 2663 2199 2716; x_wconf 77' lang='grc' dir='ltr'>κατ’</span> <span class='ocrx_word' id='word_1_384' title='bbox 2234 2663 2436 2725; x_wconf 79' lang='grc' dir='ltr'>αὐτοὺς</span> <span class='ocrx_word' id='word_1_385' title='bbox 2485 2662 2848 2731; x_wconf 74' lang='grc' dir='ltr'>ὑποσχέσεσι,</span> <span class='ocrx_word' id='word_1_386' title='bbox 2880 2660 2980 2714; x_wconf 70' lang='grc' dir='ltr'><strong>καὶ</strong></span> <span class='ocrx_word' id='word_1_387' title='bbox 3018 2659 3122 2731; x_wconf 78' lang='grc' dir='ltr'><strong>τὴν</strong></span> <span class='ocrx_word' id='word_1_388' title='bbox 3156 2656 3295 2728; x_wconf 81' lang='grc' dir='ltr'>πρὸς</span> <span class='ocrx_word' id='word_1_389' title='bbox 3329 2654 3600 2725; x_wconf 83' lang='grc' dir='ltr'>ἀλλήλους</span> 
     </span>
    </p>
   </div>
   <div class='ocr_carea' id='block_1_55' title="bbox 2010 2744 3600 2825">
    <p class='ocr_par' dir='ltr' id='par_1_55' title="bbox 2010 2744 3600 2825">
     <span class='ocr_line' id='line_1_55' title="bbox 2010 2744 3600 2825; baseline -0.006 -17"><span class='ocrx_word' id='word_1_390' title='bbox 2010 2756 2232 2824; x_wconf 78' lang='grc' dir='ltr'>ἐφάπαξ</span> <span class='ocrx_word' id='word_1_391' title='bbox 2262 2755 2633 2825; x_wconf 75' lang='grc' dir='ltr'>ἀσυμφωνίαν</span> <span class='ocrx_word' id='word_1_392' title='bbox 2659 2754 2920 2806; x_wconf 76' lang='grc' dir='ltr'>ἐντεῦθεν</span> <span class='ocrx_word' id='word_1_393' title='bbox 2953 2753 3204 2816; x_wconf 85' lang='grc' dir='ltr'>συνίστα,</span> <span class='ocrx_word' id='word_1_394' title='bbox 3230 2751 3325 2804; x_wconf 82' lang='grc' dir='ltr'>καὶ</span> <span class='ocrx_word' id='word_1_395' title='bbox 3348 2750 3446 2811; x_wconf 77' lang='grc' dir='ltr'><strong>τὰς</strong></span> <span class='ocrx_word' id='word_1_396' title='bbox 3472 2744 3600 2800; x_wconf 85' lang='grc' dir='ltr'>καθ’</span> 
     </span>
    </p>
   </div>
   <div class='ocr_carea' id='block_1_56' title="bbox 2010 2928 3597 3011">
    <p class='ocr_par' dir='ltr' id='par_1_56' title="bbox 2010 2928 3597 3011">
     <span class='ocr_line' id='line_1_56' title="bbox 2010 2928 3597 3011; baseline -0.011 -17"><span class='ocrx_word' id='word_1_397' title='bbox 2010 2939 2266 3000; x_wconf 76' lang='lat' dir='ltr'><strong>navibus,</strong></span> <span class='ocrx_word' id='word_1_398' title='bbox 2295 2937 2404 3003; x_wconf 83' lang='lat' dir='ltr'><strong>vel,</strong></span> <span class='ocrx_word' id='word_1_399' title='bbox 2437 2944 2495 2989; x_wconf 93' lang='lat' dir='ltr'><strong>ut</strong></span> <span class='ocrx_word' id='word_1_400' title='bbox 2520 2935 2610 2990; x_wconf 84' lang='lat' dir='ltr'><strong>alii</strong></span> <span class='ocrx_word' id='word_1_401' title='bbox 2638 2933 2914 3011; x_wconf 76' lang='lat' dir='ltr'><strong>dicebant,</strong></span> <span class='ocrx_word' id='word_1_402' title='bbox 2947 2931 3237 2986; x_wconf 86' lang='lat' dir='ltr'><strong>Matercam</strong></span> <span class='ocrx_word' id='word_1_403' title='bbox 3270 2928 3597 2982; x_wconf 85' lang='lat' dir='ltr'><strong>Phareutem</strong></span> 
     </span>
    </p>
   </div>
   <div class='ocr_carea' id='block_1_57' title="bbox 2012 3015 3597 3101">
    <p class='ocr_par' dir='ltr' id='par_1_57' title="bbox 2012 3015 3597 3101">
     <span class='ocr_line' id='line_1_57' title="bbox 2012 3015 3597 3101; baseline -0.009 -18"><span class='ocrx_word' id='word_1_404' title='bbox 2012 3030 2294 3101; x_wconf 87' lang='lat' dir='ltr'><strong>propriqu</strong></span> <span class='ocrx_word' id='word_1_405' title='bbox 2326 3027 2521 3090; x_wconf 83' lang='lat' dir='ltr'><strong>ﬁlium,</strong></span> <span class='ocrx_word' id='word_1_406' title='bbox 2557 3025 2673 3080; x_wconf 84' lang='lat' dir='ltr'><strong>sive</strong></span> <span class='ocrx_word' id='word_1_407' title='bbox 2702 3040 2760 3079; x_wconf 88' lang='lat' dir='ltr'><strong>re</strong></span> <span class='ocrx_word' id='word_1_408' title='bbox 2795 3038 2924 3077; x_wconf 87' lang='lat' dir='ltr'><strong>vera</strong></span> <span class='ocrx_word' id='word_1_409' title='bbox 2968 3023 3057 3076; x_wconf 85' lang='lat' dir='ltr'><strong>hic</strong></span> <span class='ocrx_word' id='word_1_410' title='bbox 3096 3021 3329 3084; x_wconf 79' lang='lat' dir='ltr'><strong>venerit,</strong></span> <span class='ocrx_word' id='word_1_411' title='bbox 3359 3019 3473 3072; x_wconf 84' lang='lat' dir='ltr'><strong>sive</strong></span> <span class='ocrx_word' id='word_1_412' title='bbox 3495 3015 3597 3070; x_wconf 85' lang='lat' dir='ltr'><strong>Gi-</strong></span> 
     </span>
    </p>
   </div>
   <div class='ocr_carea' id='block_1_58' title="bbox 2013 3112 3600 3186">
    <p class='ocr_par' dir='ltr' id='par_1_58' title="bbox 2013 3112 3600 3186">
     <span class='ocr_line' id='line_1_58' title="bbox 2013 3112 3600 3186; baseline -0.009 -9"><span class='ocrx_word' id='word_1_413' title='bbox 2013 3123 2134 3186; x_wconf 89' lang='lat' dir='ltr'><strong>das,</strong></span> <span class='ocrx_word' id='word_1_414' title='bbox 2165 3130 2225 3176; x_wconf 90' lang='lat' dir='ltr'><strong>ut</strong></span> <span class='ocrx_word' id='word_1_415' title='bbox 2257 3136 2315 3176; x_wconf 90' lang='lat' dir='ltr'><strong>se</strong></span> <span class='ocrx_word' id='word_1_416' title='bbox 2343 3117 2733 3175; x_wconf 81' lang='lat' dir='ltr'><strong>venerabiliori</strong></span> <span class='ocrx_word' id='word_1_417' title='bbox 2770 3114 2928 3170; x_wconf 86' lang='lat' dir='ltr'><strong>titulo</strong></span> <span class='ocrx_word' id='word_1_418' title='bbox 2955 3112 3385 3176; x_wconf 86' lang='lat' dir='ltr'><strong>commendaret,</strong></span> <span class='ocrx_word' id='word_1_419' title='bbox 3409 3125 3469 3165; x_wconf 88' lang='lat' dir='ltr'><strong>se</strong></span> <span class='ocrx_word' id='word_1_420' title='bbox 3502 3123 3600 3163; x_wconf 87' lang='lat' dir='ltr'><strong>na-</strong></span> 
     </span>
    </p>
   </div>
   <div class='ocr_carea' id='block_1_59' title="bbox 323 3195 3595 3284">
    <p class='ocr_par' dir='ltr' id='par_1_59' title="bbox 323 3195 3595 3284">
     <span class='ocr_line' id='line_1_59' title="bbox 323 3195 3595 3284; baseline -0.004 -19"><span class='ocrx_word' id='word_1_421' title='bbox 323 3224 457 3266; x_wconf 85' lang='lat' dir='ltr'><strong>suos</strong></span> <span class='ocrx_word' id='word_1_422' title='bbox 489 3223 653 3266; x_wconf 85' lang='lat' dir='ltr'><strong>amne</strong></span> <span class='ocrx_word' id='word_1_423' title='bbox 683 3206 909 3275; x_wconf 83' lang='lat' dir='ltr'><strong>praealto</strong></span> <span class='ocrx_word' id='word_1_424' title='bbox 940 3204 1288 3260; x_wconf 77' lang='lat' dir='ltr'><strong>interﬂuente</strong></span> <span class='ocrx_word' id='word_1_425' title='bbox 1319 3206 1718 3273; x_wconf 81' lang='lat' dir='ltr'><strong>prohiberetur.</strong></span> <span class='ocrx_word' id='word_1_426' title='bbox 1755 3204 1904 3261; x_wconf 73' lang='lat' dir='ltr'><strong>Prte-</strong></span> <span class='ocrx_word' id='word_1_427' title='bbox 1936 3195 1981 3256; x_wconf 77' lang='grc' dir='ltr'>α</span> <span class='ocrx_word' id='word_1_428' title='bbox 2015 3223 2128 3269; x_wconf 60' lang='lat' dir='ltr'><strong>tum</strong></span> <span class='ocrx_word' id='word_1_429' title='bbox 2178 3228 2209 3267; x_wconf 72' lang='grc' dir='ltr'>ε</span> <span class='ocrx_word' id='word_1_430' title='bbox 2259 3211 2421 3284; x_wconf 61' lang='grc'><strong>641</strong></span> <span class='ocrx_word' id='word_1_431' title='bbox 2475 3208 2820 3266; x_wconf 73' lang='lat' dir='ltr'><strong>Theuderico</strong></span> <span class='ocrx_word' id='word_1_432' title='bbox 2854 3205 3135 3261; x_wconf 70' lang='lat' dir='ltr'><strong>simulavit</strong></span> <span class='ocrx_word' id='word_1_433' title='bbox 3168 3214 3461 3271; x_wconf 83' lang='lat' dir='ltr'><strong>notamque</strong></span> <span class='ocrx_word' id='word_1_434' title='bbox 3499 3202 3595 3256; x_wconf 81' lang='lat' dir='ltr'><strong>lilii</strong></span> 
     </span>
    </p>
   </div>
   <div class='ocr_carea' id='block_1_60' title="bbox 322 3298 1910 3381">
    <p class='ocr_par' dir='ltr' id='par_1_60' title="bbox 322 3298 1910 3381">
     <span class='ocr_line' id='line_1_60' title="bbox 322 3298 1910 3381; baseline -0.003 -24"><span class='ocrx_word' id='word_1_435' title='bbox 322 3316 561 3376; x_wconf 87' lang='lat' dir='ltr'><strong>propere</strong></span> <span class='ocrx_word' id='word_1_436' title='bbox 602 3299 766 3371; x_wconf 81' lang='lat' dir='ltr'><strong>igitur</strong></span> <span class='ocrx_word' id='word_1_437' title='bbox 799 3313 921 3354; x_wconf 88' lang='lat' dir='ltr'><strong>sese</strong></span> <span class='ocrx_word' id='word_1_438' title='bbox 957 3299 1129 3354; x_wconf 90' lang='lat' dir='ltr'><strong>nostri</strong></span> <span class='ocrx_word' id='word_1_439' title='bbox 1172 3298 1549 3363; x_wconf 81' lang='lat' dir='ltr'><strong>ostendentes,</strong></span> <span class='ocrx_word' id='word_1_440' title='bbox 1585 3308 1640 3353; x_wconf 91' lang='lat' dir='ltr'><strong>et</strong></span> <span class='ocrx_word' id='word_1_441' title='bbox 1676 3300 1910 3381; x_wconf 80' lang='lat' dir='ltr'><strong>scaphas</strong></span> 
     </span>
    </p>
   </div>
   <div class='ocr_carea' id='block_1_61' title="bbox 326 3388 1907 3460">
    <p class='ocr_par' dir='ltr' id='par_1_61' title="bbox 326 3388 1907 3460">
     <span class='ocr_line' id='line_1_61' title="bbox 326 3388 1907 3460; baseline -0.004 -11"><span class='ocrx_word' id='word_1_442' title='bbox 326 3393 559 3449; x_wconf 85' lang='lat' dir='ltr'><strong>insecuti</strong></span> <span class='ocrx_word' id='word_1_443' title='bbox 577 3390 1049 3460; x_wconf 82' lang='lat' dir='ltr'><strong>Amogabarorum</strong></span> <span class='ocrx_word' id='word_1_444' title='bbox 1074 3390 1316 3445; x_wconf 92' lang='lat' dir='ltr'><strong>nondum</strong></span> <span class='ocrx_word' id='word_1_445' title='bbox 1346 3403 1599 3444; x_wconf 89' lang='lat' dir='ltr'><strong>emensas</strong></span> <span class='ocrx_word' id='word_1_446' title='bbox 1622 3388 1907 3443; x_wconf 88' lang='lat' dir='ltr'><strong>dimidium</strong></span> 
     </span>
    </p>
   </div>
   <div class='ocr_carea' id='block_1_62' title="bbox 323 3479 1910 3555">
    <p class='ocr_par' dir='ltr' id='par_1_62' title="bbox 323 3479 1910 3555">
     <span class='ocr_line' id='line_1_62' title="bbox 323 3479 1910 3555; baseline -0.004 -13"><span class='ocrx_word' id='word_1_447' title='bbox 323 3486 562 3555; x_wconf 76' lang='lat' dir='ltr'><strong>spatium</strong></span> <span class='ocrx_word' id='word_1_448' title='bbox 597 3481 908 3539; x_wconf 81' lang='lat' dir='ltr'><strong>latitudinis</strong></span> <span class='ocrx_word' id='word_1_449' title='bbox 965 3481 1127 3547; x_wconf 86' lang='lat' dir='ltr'><strong>alvei,</strong></span> <span class='ocrx_word' id='word_1_450' title='bbox 1177 3493 1272 3535; x_wconf 90' lang='lat' dir='ltr'><strong>eos</strong></span> <span class='ocrx_word' id='word_1_451' title='bbox 1329 3480 1569 3550; x_wconf 90' lang='lat' dir='ltr'><strong>impares</strong></span> <span class='ocrx_word' id='word_1_452' title='bbox 1606 3479 1910 3536; x_wconf 90' lang='lat' dir='ltr'><strong>resistendo</strong></span> 
     </span>
    </p>
   </div>
   <div class='ocr_carea' id='block_1_63' title="bbox 321 3571 1913 3646">
    <p class='ocr_par' dir='ltr' id='par_1_63' title="bbox 321 3571 1913 3646">
     <span class='ocr_line' id='line_1_63' title="bbox 321 3571 1913 3646; baseline -0.002 -16"><span class='ocrx_word' id='word_1_453' title='bbox 321 3580 627 3646; x_wconf 89' lang='lat' dir='ltr'><strong>coegerunt</strong></span> <span class='ocrx_word' id='word_1_454' title='bbox 656 3573 964 3642; x_wconf 85' lang='lat' dir='ltr'><strong>&#39;respicere</strong></span> <span class='ocrx_word' id='word_1_455' title='bbox 1019 3572 1164 3627; x_wconf 88' lang='lat' dir='ltr'><strong>unde</strong></span> <span class='ocrx_word' id='word_1_456' title='bbox 1201 3571 1503 3637; x_wconf 84' lang='lat' dir='ltr'><strong>solverant,</strong></span> <span class='ocrx_word' id='word_1_457' title='bbox 1555 3580 1610 3626; x_wconf 90' lang='lat' dir='ltr'><strong>et</strong></span> <span class='ocrx_word' id='word_1_458' title='bbox 1644 3572 1913 3628; x_wconf 78' lang='lat' dir='ltr'><strong>naviculis</strong></span> 
     </span>
    </p>
   </div>
   <div class='ocr_carea' id='block_1_64' title="bbox 326 3664 1912 3737">
    <p class='ocr_par' dir='ltr' id='par_1_64' title="bbox 326 3664 1912 3737">
     <span class='ocr_line' id='line_1_64' title="bbox 326 3664 1912 3737; baseline -0.003 -16"><span class='ocrx_word' id='word_1_459' title='bbox 326 3670 382 3722; x_wconf 91' lang='lat' dir='ltr'><strong>in</strong></span> <span class='ocrx_word' id='word_1_460' title='bbox 419 3668 590 3737; x_wconf 80' lang='lat' dir='ltr'><strong>ripam</strong></span> <span class='ocrx_word' id='word_1_461' title='bbox 626 3680 652 3719; x_wconf 86' lang='lat' dir='ltr'><strong>a</strong></span> <span class='ocrx_word' id='word_1_462' title='bbox 681 3665 798 3722; x_wconf 86' lang='lat' dir='ltr'><strong>suis</strong></span> <span class='ocrx_word' id='word_1_463' title='bbox 850 3666 1121 3721; x_wconf 79' lang='lat' dir='ltr'><strong>insessam</strong></span> <span class='ocrx_word' id='word_1_464' title='bbox 1180 3664 1522 3721; x_wconf 83' lang='lat' dir='ltr'><strong>reﬂectendis</strong></span> <span class='ocrx_word' id='word_1_465' title='bbox 1570 3665 1731 3721; x_wconf 84' lang='lat' dir='ltr'><strong>saluti</strong></span> <span class='ocrx_word' id='word_1_466' title='bbox 1786 3680 1912 3735; x_wconf 84' lang='lat' dir='ltr'><strong>pro-</strong></span> 
     </span>
    </p>
   </div>
   <div class='ocr_carea' id='block_1_65' title="bbox 321 3757 1912 3830">
    <p class='ocr_par' dir='ltr' id='par_1_65' title="bbox 321 3757 1912 3830">
     <span class='ocr_line' id='line_1_65' title="bbox 321 3757 1912 3830; baseline 0.001 -19"><span class='ocrx_word' id='word_1_467' title='bbox 321 3760 462 3830; x_wconf 71' lang='lat' dir='ltr'><strong>pria:</strong></span> <span class='ocrx_word' id='word_1_468' title='bbox 501 3758 808 3814; x_wconf 86' lang='lat' dir='ltr'><strong>consulere.</strong></span> <span class='ocrx_word' id='word_1_469' title='bbox 855 3757 934 3813; x_wconf 89' lang='lat' dir='ltr'><strong>Ita</strong></span> <span class='ocrx_word' id='word_1_470' title='bbox 963 3758 1206 3827; x_wconf 88' lang='lat' dir='ltr'><strong>plerique</strong></span> <span class='ocrx_word' id='word_1_471' title='bbox 1230 3757 1337 3812; x_wconf 72' lang='lat' dir='ltr'><strong>isto</strong></span> <span class='ocrx_word' id='word_1_472' title='bbox 1372 3766 1500 3811; x_wconf 91' lang='lat' dir='ltr'><strong>sunt</strong></span> <span class='ocrx_word' id='word_1_473' title='bbox 1530 3757 1770 3828; x_wconf 86' lang='lat' dir='ltr'><strong>periculo</strong></span> <span class='ocrx_word' id='word_1_474' title='bbox 1815 3757 1912 3812; x_wconf 87' lang='lat' dir='ltr'><strong>de-</strong></span> 
     </span>
    </p>
   </div>
   <div class='ocr_carea' id='block_1_66' title="bbox 326 3848 1915 3921">
    <p class='ocr_par' dir='ltr' id='par_1_66' title="bbox 326 3848 1915 3921">
     <span class='ocr_line' id='line_1_66' title="bbox 326 3848 1915 3921; baseline 0.001 -19"><span class='ocrx_word' id='word_1_475' title='bbox 326 3852 525 3917; x_wconf 74' lang='lat' dir='ltr'><strong>functi,</strong></span> <span class='ocrx_word' id='word_1_476' title='bbox 557 3851 744 3921; x_wconf 85' lang='lat' dir='ltr'><strong>paucis</strong></span> <span class='ocrx_word' id='word_1_477' title='bbox 781 3850 1046 3905; x_wconf 83' lang='lat' dir='ltr'><strong>duntaxat</strong></span> <span class='ocrx_word' id='word_1_478' title='bbox 1092 3849 1331 3918; x_wconf 89' lang='lat' dir='ltr'><strong>ipsorum</strong></span> <span class='ocrx_word' id='word_1_479' title='bbox 1369 3857 1423 3904; x_wconf 92' lang='lat' dir='ltr'><strong>et</strong></span> <span class='ocrx_word' id='word_1_480' title='bbox 1461 3849 1671 3919; x_wconf 84' lang='lat' dir='ltr'><strong>cymbis</strong></span> <span class='ocrx_word' id='word_1_481' title='bbox 1701 3848 1915 3918; x_wconf 83' lang='lat' dir='ltr'><strong>aliquot</strong></span> 
     </span>
    </p>
   </div>
   <div class='ocr_carea' id='block_1_67' title="bbox 326 3940 1910 4018">
    <p class='ocr_par' dir='ltr' id='par_1_67' title="bbox 326 3940 1910 4018">
     <span class='ocr_line' id='line_1_67' title="bbox 326 3940 1910 4018; baseline -0.001 -21"><span class='ocrx_word' id='word_1_482' title='bbox 326 3947 510 4012; x_wconf 75' lang='lat' dir='ltr'><strong>Caplis</strong></span> <span class='ocrx_word' id='word_1_483' title='bbox 559 3958 656 4012; x_wconf 89' lang='lat' dir='ltr'><strong>per</strong></span> <span class='ocrx_word' id='word_1_484' title='bbox 711 3952 954 4009; x_wconf 86' lang='lat' dir='ltr'><strong>nostros,</strong></span> <span class='ocrx_word' id='word_1_485' title='bbox 1008 3942 1099 4013; x_wconf 89' lang='lat' dir='ltr'><strong>qui</strong></span> <span class='ocrx_word' id='word_1_486' title='bbox 1145 3942 1395 3996; x_wconf 80' lang='lat' dir='ltr'><strong>homines</strong></span> <span class='ocrx_word' id='word_1_487' title='bbox 1436 3941 1657 4018; x_wconf 81' lang='lat' dir='ltr'><strong>quidem</strong></span> <span class='ocrx_word' id='word_1_488' title='bbox 1704 3940 1910 4011; x_wconf 87' lang='lat' dir='ltr'><strong>gladio,</strong></span> 
     </span>
    </p>
   </div>
   <div class='ocr_carea' id='block_1_68' title="bbox 321 4032 1914 4105">
    <p class='ocr_par' dir='ltr' id='par_1_68' title="bbox 321 4032 1914 4105">
     <span class='ocr_line' id='line_1_68' title="bbox 321 4032 1914 4105; baseline -0.001 -16"><span class='ocrx_word' id='word_1_489' title='bbox 321 4038 552 4105; x_wconf 86' lang='lat' dir='ltr'><strong>cymbas</strong></span> <span class='ocrx_word' id='word_1_490' title='bbox 597 4044 779 4090; x_wconf 86' lang='lat' dir='ltr'><strong>autem</strong></span> <span class='ocrx_word' id='word_1_491' title='bbox 825 4034 950 4104; x_wconf 89' lang='lat' dir='ltr'><strong>igne</strong></span> <span class='ocrx_word' id='word_1_492' title='bbox 992 4034 1366 4102; x_wconf 80' lang='lat' dir='ltr'><strong>absumpsere.</strong></span> <span class='ocrx_word' id='word_1_493' title='bbox 1424 4032 1573 4088; x_wconf 84' lang='lat' dir='ltr'><strong>inter</strong></span> <span class='ocrx_word' id='word_1_494' title='bbox 1601 4034 1716 4088; x_wconf 73' lang='lat' dir='ltr'><strong>iure</strong></span> <span class='ocrx_word' id='word_1_495' title='bbox 1745 4033 1914 4088; x_wconf 81' lang='lat' dir='ltr'><strong>Gidas</strong></span> 
     </span>
    </p>
   </div>
   <div class='ocr_carea' id='block_1_69' title="bbox 321 4124 1912 4197">
    <p class='ocr_par' dir='ltr' id='par_1_69' title="bbox 321 4124 1912 4197">
     <span class='ocr_line' id='line_1_69' title="bbox 321 4124 1912 4197; baseline 0.003 -17"><span class='ocrx_word' id='word_1_496' title='bbox 321 4128 577 4197; x_wconf 80' lang='lat' dir='ltr'><strong>quidam,</strong></span> <span class='ocrx_word' id='word_1_497' title='bbox 616 4141 647 4182; x_wconf 94' lang='lat' dir='ltr'><strong>e</strong></span> <span class='ocrx_word' id='word_1_498' title='bbox 683 4124 1018 4182; x_wconf 88' lang='lat' dir='ltr'><strong>Theuderici</strong></span> <span class='ocrx_word' id='word_1_499' title='bbox 1051 4126 1390 4181; x_wconf 88' lang='lat' dir='ltr'><strong>dominantis</strong></span> <span class='ocrx_word' id='word_1_500' title='bbox 1424 4127 1480 4182; x_wconf 89' lang='lat' dir='ltr'><strong>in</strong></span> <span class='ocrx_word' id='word_1_501' title='bbox 1508 4126 1704 4183; x_wconf 15' lang='lat' dir='ltr'><strong>{Sicilia</strong></span> <span class='ocrx_word' id='word_1_502' title='bbox 1744 4128 1912 4184; x_wconf 81' lang='lat' dir='ltr'><strong>fratre</strong></span> 
     </span>
    </p>
   </div>
   <div class='ocr_carea' id='block_1_70' title="bbox 323 4218 1910 4290">
    <p class='ocr_par' dir='ltr' id='par_1_70' title="bbox 323 4218 1910 4290">
     <span class='ocr_line' id='line_1_70' title="bbox 323 4218 1910 4290; baseline -0.002 -14"><span class='ocrx_word' id='word_1_503' title='bbox 323 4231 511 4286; x_wconf 86' lang='lat' dir='ltr'><strong>natus,</strong></span> <span class='ocrx_word' id='word_1_504' title='bbox 546 4219 750 4274; x_wconf 86' lang='lat' dir='ltr'><strong>missus</strong></span> <span class='ocrx_word' id='word_1_505' title='bbox 777 4234 806 4271; x_wconf 91' lang='lat' dir='ltr'><strong>a</strong></span> <span class='ocrx_word' id='word_1_506' title='bbox 840 4228 1038 4289; x_wconf 85' lang='lat' dir='ltr'><strong>patruo</strong></span> <span class='ocrx_word' id='word_1_507' title='bbox 1072 4218 1141 4273; x_wconf 88' lang='lat' dir='ltr'><strong>ad</strong></span> <span class='ocrx_word' id='word_1_508' title='bbox 1188 4218 1565 4290; x_wconf 85' lang='lat' dir='ltr'><strong>Amogabaros</strong></span> <span class='ocrx_word' id='word_1_509' title='bbox 1597 4227 1684 4276; x_wconf 88' lang='lat' dir='ltr'><strong>est</strong></span> <span class='ocrx_word' id='word_1_510' title='bbox 1721 4234 1910 4275; x_wconf 85' lang='lat' dir='ltr'><strong>eorum</strong></span> 
     </span>
    </p>
   </div>
   <div class='ocr_carea' id='block_1_71' title="bbox 323 4310 1908 4384">
    <p class='ocr_par' dir='ltr' id='par_1_71' title="bbox 323 4310 1908 4384">
     <span class='ocr_line' id='line_1_71' title="bbox 323 4310 1908 4384; baseline 0.001 -17"><span class='ocrx_word' id='word_1_511' title='bbox 323 4315 473 4368; x_wconf 76' lang='lat' dir='ltr'><strong>inter</strong></span> <span class='ocrx_word' id='word_1_512' title='bbox 505 4328 648 4378; x_wconf 79' lang='lat' dir='ltr'><strong>sese,</strong></span> <span class='ocrx_word' id='word_1_513' title='bbox 680 4311 727 4366; x_wconf 89' lang='lat' dir='ltr'><strong>si</strong></span> <span class='ocrx_word' id='word_1_514' title='bbox 780 4319 964 4381; x_wconf 88' lang='lat' dir='ltr'><strong>posset</strong></span> <span class='ocrx_word' id='word_1_515' title='bbox 1010 4310 1149 4375; x_wconf 75' lang='lat' dir='ltr'><strong>fieri,</strong></span> <span class='ocrx_word' id='word_1_516' title='bbox 1196 4311 1661 4368; x_wconf 84' lang='lat' dir='ltr'><strong>conciliandorum</strong></span> <span class='ocrx_word' id='word_1_517' title='bbox 1712 4314 1908 4384; x_wconf 84' lang='lat' dir='ltr'><strong>gratia.</strong></span> 
     </span>
    </p>
   </div>
   <div class='ocr_carea' id='block_1_72' title="bbox 322 4401 1912 4462">
    <p class='ocr_par' dir='ltr' id='par_1_72' title="bbox 322 4401 1912 4462">
     <span class='ocr_line' id='line_1_72' title="bbox 322 4401 1912 4462; baseline 0 -1"><span class='ocrx_word' id='word_1_518' title='bbox 322 4405 594 4461; x_wconf 81' lang='lat' dir='ltr'><strong>Audierat</strong></span> <span class='ocrx_word' id='word_1_519' title='bbox 623 4403 840 4459; x_wconf 88' lang='lat' dir='ltr'><strong>scilicet</strong></span> <span class='ocrx_word' id='word_1_520' title='bbox 865 4401 1247 4458; x_wconf 89' lang='lat' dir='ltr'><strong>Theudericus</strong></span> <span class='ocrx_word' id='word_1_521' title='bbox 1282 4403 1534 4458; x_wconf 77' lang='lat' dir='ltr'><strong>laborare</strong></span> <span class='ocrx_word' id='word_1_522' title='bbox 1569 4406 1912 4462; x_wconf 81' lang='lat' dir='ltr'><strong>dissensione</strong></span> 
     </span>
    </p>
   </div>
   <div class='ocr_carea' id='block_1_73' title="bbox 1985 3294 3596 3376">
    <p class='ocr_par' dir='ltr' id='par_1_73' title="bbox 1985 3294 3596 3376">
     <span class='ocr_line' id='line_1_73' title="bbox 1985 3294 3596 3376; baseline -0.01 -15"><span class='ocrx_word' id='word_1_523' title='bbox 1985 3306 2161 3376; x_wconf 67' lang='lat' dir='ltr'><strong>regis</strong></span> <span class='ocrx_word' id='word_1_524' title='bbox 2203 3304 2365 3361; x_wconf 88' lang='lat' dir='ltr'><strong>istius</strong></span> <span class='ocrx_word' id='word_1_525' title='bbox 2412 3303 2516 3359; x_wconf 88' lang='lat' dir='ltr'><strong>sibi</strong></span> <span class='ocrx_word' id='word_1_526' title='bbox 2562 3300 2986 3372; x_wconf 79' lang='lat' dir='ltr'><strong>appellationem</strong></span> <span class='ocrx_word' id='word_1_527' title='bbox 3043 3298 3296 3365; x_wconf 89' lang='lat' dir='ltr'><strong>sumpsit.</strong></span> <span class='ocrx_word' id='word_1_528' title='bbox 3330 3294 3457 3349; x_wconf 86' lang='lat' dir='ltr'><strong>Utut</strong></span> <span class='ocrx_word' id='word_1_529' title='bbox 3489 3301 3596 3355; x_wconf 87' lang='lat' dir='ltr'><strong>est,</strong></span> 
     </span>
    </p>
   </div>
   <div class='ocr_carea' id='block_1_74' title="bbox 2013 3386 3594 3469">
    <p class='ocr_par' dir='ltr' id='par_1_74' title="bbox 2013 3386 3594 3469">
     <span class='ocr_line' id='line_1_74' title="bbox 2013 3386 3594 3469; baseline -0.011 -16"><span class='ocrx_word' id='word_1_530' title='bbox 2013 3398 2200 3469; x_wconf 90' lang='lat' dir='ltr'><strong>opinio</strong></span> <span class='ocrx_word' id='word_1_531' title='bbox 2229 3407 2357 3451; x_wconf 88' lang='lat' dir='ltr'><strong>tunc</strong></span> <span class='ocrx_word' id='word_1_532' title='bbox 2383 3397 2605 3466; x_wconf 89' lang='lat' dir='ltr'><strong>quidem</strong></span> <span class='ocrx_word' id='word_1_533' title='bbox 2644 3391 2938 3454; x_wconf 89' lang='lat' dir='ltr'><strong>increbuit,</strong></span> <span class='ocrx_word' id='word_1_534' title='bbox 2971 3389 3115 3442; x_wconf 75' lang='lat' dir='ltr'><strong>tanta</strong></span> <span class='ocrx_word' id='word_1_535' title='bbox 3140 3387 3250 3441; x_wconf 87' lang='lat' dir='ltr'><strong>late</strong></span> <span class='ocrx_word' id='word_1_536' title='bbox 3277 3386 3594 3453; x_wconf 73' lang='lat' dir='ltr'><strong>dissipantc,</strong></span> 
     </span>
    </p>
   </div>
   <div class='ocr_carea' id='block_1_75' title="bbox 2014 3477 3597 3554">
    <p class='ocr_par' dir='ltr' id='par_1_75' title="bbox 2014 3477 3597 3554">
     <span class='ocr_line' id='line_1_75' title="bbox 2014 3477 3597 3554; baseline -0.011 -10"><span class='ocrx_word' id='word_1_537' title='bbox 2014 3490 2299 3545; x_wconf 86' lang='lat' dir='ltr'><strong>advectum</strong></span> <span class='ocrx_word' id='word_1_538' title='bbox 2346 3487 2430 3543; x_wconf 87' lang='lat' dir='ltr'><strong>his</strong></span> <span class='ocrx_word' id='word_1_539' title='bbox 2457 3488 2685 3542; x_wconf 84' lang='lat' dir='ltr'><strong>navibus</strong></span> <span class='ocrx_word' id='word_1_540' title='bbox 2727 3483 2872 3554; x_wconf 89' lang='lat' dir='ltr'><strong>regis</strong></span> <span class='ocrx_word' id='word_1_541' title='bbox 2903 3480 3072 3536; x_wconf 90' lang='lat' dir='ltr'><strong>Siculi</strong></span> <span class='ocrx_word' id='word_1_542' title='bbox 3104 3479 3297 3532; x_wconf 88' lang='lat' dir='ltr'><strong>lilium.</strong></span> <span class='ocrx_word' id='word_1_543' title='bbox 3329 3477 3597 3532; x_wconf 67' lang='lat' dir='ltr'><strong>Caaterum</strong></span> 
     </span>
    </p>
   </div>
   <div class='ocr_carea' id='block_1_76' title="bbox 2015 3568 3597 3653">
    <p class='ocr_par' dir='ltr' id='par_1_76' title="bbox 2015 3568 3597 3653">
     <span class='ocr_line' id='line_1_76' title="bbox 2015 3568 3597 3653; baseline -0.013 -13"><span class='ocrx_word' id='word_1_544' title='bbox 2015 3597 2113 3653; x_wconf 86' lang='lat' dir='ltr'><strong>spe</strong></span> <span class='ocrx_word' id='word_1_545' title='bbox 2142 3582 2243 3637; x_wconf 89' lang='lat' dir='ltr'><strong>ista</strong></span> <span class='ocrx_word' id='word_1_546' title='bbox 2269 3595 2364 3635; x_wconf 91' lang='lat' dir='ltr'><strong>sua</strong></span> <span class='ocrx_word' id='word_1_547' title='bbox 2393 3578 2770 3635; x_wconf 83' lang='lat' dir='ltr'><strong>Theodericus</strong></span> <span class='ocrx_word' id='word_1_548' title='bbox 2821 3574 2993 3630; x_wconf 79' lang='lat' dir='ltr'><strong>falsus</strong></span> <span class='ocrx_word' id='word_1_549' title='bbox 3021 3581 3106 3629; x_wconf 91' lang='lat' dir='ltr'><strong>est</strong></span> <span class='ocrx_word' id='word_1_550' title='bbox 3145 3589 3160 3626; x_wconf 88' lang='lat'><strong>:</strong></span> <span class='ocrx_word' id='word_1_551' title='bbox 3200 3585 3323 3624; x_wconf 89' lang='lat' dir='ltr'><strong>nam</strong></span> <span class='ocrx_word' id='word_1_552' title='bbox 3362 3585 3429 3623; x_wconf 90' lang='lat' dir='ltr'><strong>ne</strong></span> <span class='ocrx_word' id='word_1_553' title='bbox 3471 3568 3597 3621; x_wconf 85' lang='lat' dir='ltr'><strong>huic</strong></span> 
     </span>
    </p>
   </div>
   <div class='ocr_carea' id='block_1_77' title="bbox 2014 3658 3597 3743">
    <p class='ocr_par' dir='ltr' id='par_1_77' title="bbox 2014 3658 3597 3743">
     <span class='ocr_line' id='line_1_77' title="bbox 2014 3658 3597 3743; baseline -0.013 -14"><span class='ocrx_word' id='word_1_554' title='bbox 2014 3675 2231 3743; x_wconf 89' lang='lat' dir='ltr'><strong>quidem</strong></span> <span class='ocrx_word' id='word_1_555' title='bbox 2262 3671 2331 3726; x_wconf 85' lang='lat' dir='ltr'><strong>ab</strong></span> <span class='ocrx_word' id='word_1_556' title='bbox 2355 3685 2421 3727; x_wconf 93' lang='lat' dir='ltr'><strong>eo</strong></span> <span class='ocrx_word' id='word_1_557' title='bbox 2452 3669 2621 3725; x_wconf 88' lang='lat' dir='ltr'><strong>misso</strong></span> <span class='ocrx_word' id='word_1_558' title='bbox 2666 3668 2935 3736; x_wconf 86' lang='lat' dir='ltr'><strong>subjicere</strong></span> <span class='ocrx_word' id='word_1_559' title='bbox 2959 3677 3018 3720; x_wconf 88' lang='lat' dir='ltr'><strong>se</strong></span> <span class='ocrx_word' id='word_1_560' title='bbox 3053 3676 3239 3737; x_wconf 79' lang='lat' dir='ltr'><strong>omnes</strong></span> <span class='ocrx_word' id='word_1_561' title='bbox 3272 3658 3597 3729; x_wconf 76' lang='lat' dir='ltr'><strong>Amogabari</strong></span> 
     </span>
    </p>
   </div>
   <div class='ocr_carea' id='block_1_78' title="bbox 2013 3750 3602 3820">
    <p class='ocr_par' dir='ltr' id='par_1_78' title="bbox 2013 3750 3602 3820">
     <span class='ocr_line' id='line_1_78' title="bbox 2013 3750 3602 3820; baseline -0.01 -1"><span class='ocrx_word' id='word_1_562' title='bbox 2013 3766 2324 3820; x_wconf 89' lang='lat' dir='ltr'><strong>voluerunt.</strong></span> <span class='ocrx_word' id='word_1_563' title='bbox 2356 3760 2853 3819; x_wconf 86' lang='lat' dir='ltr'><strong>Contumacissime</strong></span> <span class='ocrx_word' id='word_1_564' title='bbox 2884 3759 3029 3812; x_wconf 90' lang='lat' dir='ltr'><strong>inter</strong></span> <span class='ocrx_word' id='word_1_565' title='bbox 3062 3764 3292 3811; x_wconf 67' lang='lat' dir='ltr'><strong>caeteros</strong></span> <span class='ocrx_word' id='word_1_566' title='bbox 3323 3752 3376 3806; x_wconf 90' lang='lat' dir='ltr'><strong>id</strong></span> <span class='ocrx_word' id='word_1_567' title='bbox 3410 3750 3602 3820; x_wconf 77' lang='lat' dir='ltr'><strong>rejet-it</strong></span> 
     </span>
    </p>
   </div>
   <div class='ocr_carea' id='block_1_79' title="bbox 2015 3843 3598 3921">
    <p class='ocr_par' dir='ltr' id='par_1_79' title="bbox 2015 3843 3598 3921">
     <span class='ocr_line' id='line_1_79' title="bbox 2015 3843 3598 3921; baseline -0.011 -9"><span class='ocrx_word' id='word_1_568' title='bbox 2015 3856 2389 3921; x_wconf 79' lang='lat' dir='ltr'><strong>Romofortus,</strong></span> <span class='ocrx_word' id='word_1_569' title='bbox 2423 3853 2642 3910; x_wconf 89' lang='lat' dir='ltr'><strong>sublato</strong></span> <span class='ocrx_word' id='word_1_570' title='bbox 2670 3864 2907 3907; x_wconf 89' lang='lat' dir='ltr'><strong>renuens</strong></span> <span class='ocrx_word' id='word_1_571' title='bbox 2934 3848 3245 3919; x_wconf 90' lang='lat' dir='ltr'><strong>supercilio,</strong></span> <span class='ocrx_word' id='word_1_572' title='bbox 3269 3854 3326 3900; x_wconf 92' lang='lat' dir='ltr'><strong>et</strong></span> <span class='ocrx_word' id='word_1_573' title='bbox 3354 3843 3598 3916; x_wconf 81' lang='lat' dir='ltr'><strong>glorian-</strong></span> 
     </span>
    </p>
   </div>
   <div class='ocr_carea' id='block_1_80' title="bbox 2018 3936 3601 4009">
    <p class='ocr_par' dir='ltr' id='par_1_80' title="bbox 2018 3936 3601 4009">
     <span class='ocr_line' id='line_1_80' title="bbox 2018 3936 3601 4009; baseline -0.013 -3"><span class='ocrx_word' id='word_1_574' title='bbox 2018 3961 2104 4007; x_wconf 91' lang='lat' dir='ltr'><strong>ter</strong></span> <span class='ocrx_word' id='word_1_575' title='bbox 2129 3951 2407 4006; x_wconf 83' lang='lat' dir='ltr'><strong>disserens</strong></span> <span class='ocrx_word' id='word_1_576' title='bbox 2455 3961 2570 4002; x_wconf 91' lang='lat' dir='ltr'><strong>rem</strong></span> <span class='ocrx_word' id='word_1_577' title='bbox 2621 3960 2742 4002; x_wconf 88' lang='lat' dir='ltr'><strong>esse</strong></span> <span class='ocrx_word' id='word_1_578' title='bbox 2793 3958 2866 4000; x_wconf 90' lang='lat' dir='ltr'><strong>ne</strong></span> <span class='ocrx_word' id='word_1_579' title='bbox 2916 3942 3103 3997; x_wconf 89' lang='lat' dir='ltr'><strong>auditu</strong></span> <span class='ocrx_word' id='word_1_580' title='bbox 3157 3940 3374 4009; x_wconf 87' lang='lat' dir='ltr'><strong>quidem</strong></span> <span class='ocrx_word' id='word_1_581' title='bbox 3420 3936 3601 4001; x_wconf 65' lang='lat' dir='ltr'><strong>primo</strong></span> 
     </span>
    </p>
   </div>
   <div class='ocr_carea' id='block_1_81' title="bbox 2016 4022 3599 4108">
    <p class='ocr_par' dir='ltr' id='par_1_81' title="bbox 2016 4022 3599 4108">
     <span class='ocr_line' id='line_1_81' title="bbox 2016 4022 3599 4108; baseline -0.011 -12"><span class='ocrx_word' id='word_1_582' title='bbox 2016 4039 2376 4105; x_wconf 87' lang='lat' dir='ltr'><strong>tolerabilem,</strong></span> <span class='ocrx_word' id='word_1_583' title='bbox 2413 4052 2549 4108; x_wconf 83' lang='lat' dir='ltr'><strong>quas</strong></span> <span class='ocrx_word' id='word_1_584' title='bbox 2592 4036 2709 4105; x_wconf 89' lang='lat' dir='ltr'><strong>ipse</strong></span> <span class='ocrx_word' id='word_1_585' title='bbox 2737 4048 2895 4090; x_wconf 90' lang='lat' dir='ltr'><strong>arces</strong></span> <span class='ocrx_word' id='word_1_586' title='bbox 2950 4047 3015 4087; x_wconf 90' lang='lat' dir='ltr'><strong>ac</strong></span> <span class='ocrx_word' id='word_1_587' title='bbox 3057 4022 3312 4097; x_wconf 82' lang='lat' dir='ltr'><strong>regiones</strong></span> <span class='ocrx_word' id='word_1_588' title='bbox 3340 4040 3506 4081; x_wconf 89' lang='lat' dir='ltr'><strong>manu</strong></span> <span class='ocrx_word' id='word_1_589' title='bbox 3534 4037 3599 4078; x_wconf 79' lang='lat' dir='ltr'><strong>ac</strong></span> 
     </span>
    </p>
   </div>
   <div class='ocr_carea' id='block_1_82' title="bbox 2014 4120 3603 4203">
    <p class='ocr_par' dir='ltr' id='par_1_82' title="bbox 2014 4120 3603 4203">
     <span class='ocr_line' id='line_1_82' title="bbox 2014 4120 3603 4203; baseline -0.013 -14"><span class='ocrx_word' id='word_1_590' title='bbox 2014 4133 2161 4189; x_wconf 80' lang='lat' dir='ltr'><strong>ferro</strong></span> <span class='ocrx_word' id='word_1_591' title='bbox 2191 4131 2473 4203; x_wconf 64' lang='lat' dir='ltr'><strong>quaesisset</strong></span> <span class='ocrx_word' id='word_1_592' title='bbox 2503 4127 2754 4198; x_wconf 85' lang='lat' dir='ltr'><strong>propriis.</strong></span> <span class='ocrx_word' id='word_1_593' title='bbox 2784 4126 2973 4182; x_wconf 74' lang='lat' dir='ltr'><strong>aliena:</strong></span> <span class='ocrx_word' id='word_1_594' title='bbox 2993 4121 3230 4179; x_wconf 87' lang='lat' dir='ltr'><strong>hominis</strong></span> <span class='ocrx_word' id='word_1_595' title='bbox 3253 4120 3414 4175; x_wconf 85' lang='lat' dir='ltr'><strong>modo</strong></span> <span class='ocrx_word' id='word_1_596' title='bbox 3447 4131 3603 4186; x_wconf 53' lang='lat' dir='ltr'><strong>perea</strong></span> 
     </span>
    </p>
   </div>
   <div class='ocr_carea' id='block_1_83' title="bbox 2014 4209 3599 4297">
    <p class='ocr_par' dir='ltr' id='par_1_83' title="bbox 2014 4209 3599 4297">
     <span class='ocr_line' id='line_1_83' title="bbox 2014 4209 3599 4297; baseline -0.013 -15"><span class='ocrx_word' id='word_1_597' title='bbox 2014 4242 2112 4297; x_wconf 85' lang='lat' dir='ltr'><strong>gre</strong></span> <span class='ocrx_word' id='word_1_598' title='bbox 2139 4225 2345 4295; x_wconf 87' lang='lat' dir='ltr'><strong>appulsi</strong></span> <span class='ocrx_word' id='word_1_599' title='bbox 2383 4210 2621 4277; x_wconf 78' lang='lat' dir='ltr'><strong>obnoxie</strong></span> <span class='ocrx_word' id='word_1_600' title='bbox 2671 4220 2868 4275; x_wconf 81' lang='lat' dir='ltr'><strong>cedere</strong></span> <span class='ocrx_word' id='word_1_601' title='bbox 2913 4215 3201 4289; x_wconf 88' lang='lat' dir='ltr'><strong>potestati.</strong></span> <span class='ocrx_word' id='word_1_602' title='bbox 3252 4212 3397 4283; x_wconf 84' lang='lat' dir='ltr'><strong>Ergo</strong></span> <span class='ocrx_word' id='word_1_603' title='bbox 3431 4209 3512 4263; x_wconf 91' lang='lat' dir='ltr'><strong>vel</strong></span> <span class='ocrx_word' id='word_1_604' title='bbox 3553 4209 3599 4262; x_wconf 91' lang='lat' dir='ltr'><strong>si</strong></span> 
     </span>
    </p>
   </div>
   <div class='ocr_carea' id='block_1_84' title="bbox 2016 4301 3601 4371">
    <p class='ocr_par' dir='ltr' id='par_1_84' title="bbox 2016 4301 3601 4371">
     <span class='ocr_line' id='line_1_84' title="bbox 2016 4301 3601 4371; baseline -0.012 0"><span class='ocrx_word' id='word_1_605' title='bbox 2016 4317 2196 4371; x_wconf 86' lang='lat' dir='ltr'><strong>cuncti</strong></span> <span class='ocrx_word' id='word_1_606' title='bbox 2233 4316 2299 4369; x_wconf 88' lang='lat' dir='ltr'><strong>ad</strong></span> <span class='ocrx_word' id='word_1_607' title='bbox 2324 4312 2566 4369; x_wconf 90' lang='lat' dir='ltr'><strong>Siculum</strong></span> <span class='ocrx_word' id='word_1_608' title='bbox 2589 4311 2917 4366; x_wconf 87' lang='lat' dir='ltr'><strong>inclinarent</strong></span> <span class='ocrx_word' id='word_1_609' title='bbox 2946 4306 3152 4371; x_wconf 67' lang='lat' dir='ltr'><strong>caeteri,</strong></span> <span class='ocrx_word' id='word_1_610' title='bbox 3177 4305 3348 4360; x_wconf 86' lang='lat' dir='ltr'><strong>solum</strong></span> <span class='ocrx_word' id='word_1_611' title='bbox 3373 4317 3433 4358; x_wconf 90' lang='lat' dir='ltr'><strong>se</strong></span> <span class='ocrx_word' id='word_1_612' title='bbox 3454 4301 3601 4361; x_wconf 80' lang='lat' dir='ltr'><strong>haud</strong></span> 
     </span>
    </p>
   </div>
   <div class='ocr_carea' id='block_1_85' title="bbox 2016 4388 3602 4476">
    <p class='ocr_par' dir='ltr' id='par_1_85' title="bbox 2016 4388 3602 4476">
     <span class='ocr_line' id='line_1_85' title="bbox 2016 4388 3602 4476; baseline -0.01 -15"><span class='ocrx_word' id='word_1_613' title='bbox 2016 4407 2394 4476; x_wconf 88' lang='lat' dir='ltr'><strong>acquieturum</strong></span> <span class='ocrx_word' id='word_1_614' title='bbox 2427 4412 2512 4460; x_wconf 83' lang='lat' dir='ltr'><strong>est</strong></span> <span class='ocrx_word' id='word_1_615' title='bbox 2544 4402 2775 4472; x_wconf 83' lang='lat' dir='ltr'><strong>superbe</strong></span> <span class='ocrx_word' id='word_1_616' title='bbox 2821 4399 3123 4471; x_wconf 83' lang='lat' dir='ltr'><strong>professus,</strong></span> <span class='ocrx_word' id='word_1_617' title='bbox 3159 4406 3260 4452; x_wconf 83' lang='lat' dir='ltr'><strong>nec</strong></span> <span class='ocrx_word' id='word_1_618' title='bbox 3291 4388 3602 4450; x_wconf 73' lang='lat' dir='ltr'><strong>concessu-</strong></span> 
     </span>
    </p>
   </div>
   <div class='ocr_carea' id='block_1_86' title="bbox 300 4492 3605 4578">
    <p class='ocr_par' dir='ltr' id='par_1_86' title="bbox 300 4492 3605 4578">
     <span class='ocr_line' id='line_1_86' title="bbox 300 4492 3605 4578; baseline -0.003 -31"><span class='ocrx_word' id='word_1_619' title='bbox 300 4497 472 4554; x_wconf 79' lang='lat' dir='ltr'><strong>civili</strong></span> <span class='ocrx_word' id='word_1_620' title='bbox 516 4495 904 4551; x_wconf 88' lang='lat' dir='ltr'><strong>Catelanorum</strong></span> <span class='ocrx_word' id='word_1_621' title='bbox 934 4511 1044 4562; x_wconf 87' lang='lat' dir='ltr'><strong>res,</strong></span> <span class='ocrx_word' id='word_1_622' title='bbox 1093 4496 1221 4551; x_wconf 89' lang='lat' dir='ltr'><strong>dum</strong></span> <span class='ocrx_word' id='word_1_623' title='bbox 1250 4510 1568 4564; x_wconf 89' lang='lat' dir='ltr'><strong>supremum</strong></span> <span class='ocrx_word' id='word_1_624' title='bbox 1615 4497 1907 4565; x_wconf 86' lang='lat' dir='ltr'><strong>imperium</strong></span> <span class='ocrx_word' id='word_1_625' title='bbox 1942 4522 1989 4578; x_wconf 79' lang='grc' dir='ltr'><strong>ι)</strong></span> <span class='ocrx_word' id='word_1_626' title='bbox 2019 4515 2135 4556; x_wconf 92' lang='lat' dir='ltr'><strong>rum</strong></span> <span class='ocrx_word' id='word_1_627' title='bbox 2166 4499 2281 4564; x_wconf 90' lang='lat' dir='ltr'><strong>ulli,</strong></span> <span class='ocrx_word' id='word_1_628' title='bbox 2310 4498 2455 4567; x_wconf 89' lang='lat' dir='ltr'><strong>quod</strong></span> <span class='ocrx_word' id='word_1_629' title='bbox 2485 4507 2539 4551; x_wconf 91' lang='lat' dir='ltr'><strong>et</strong></span> <span class='ocrx_word' id='word_1_630' title='bbox 2571 4497 2798 4550; x_wconf 85' lang='lat' dir='ltr'><strong>meritus</strong></span> <span class='ocrx_word' id='word_1_631' title='bbox 2828 4502 2884 4549; x_wconf 90' lang='lat' dir='ltr'><strong>et</strong></span> <span class='ocrx_word' id='word_1_632' title='bbox 2926 4492 3153 4547; x_wconf 89' lang='lat' dir='ltr'><strong>idoneus</strong></span> <span class='ocrx_word' id='word_1_633' title='bbox 3176 4496 3389 4544; x_wconf 89' lang='lat' dir='ltr'><strong>teneret</strong></span> <span class='ocrx_word' id='word_1_634' title='bbox 3420 4501 3484 4540; x_wconf 91' lang='lat' dir='ltr'><strong>ac</strong></span> <span class='ocrx_word' id='word_1_635' title='bbox 3521 4496 3605 4538; x_wconf 87' lang='lat' dir='ltr'><strong>te-</strong></span> 
     </span>
    </p>
   </div>
   <div class='ocr_carea' id='block_1_87' title="bbox 322 4587 1913 4666">
    <p class='ocr_par' dir='ltr' id='par_1_87' title="bbox 322 4587 1913 4666">
     <span class='ocr_line' id='line_1_87' title="bbox 322 4587 1913 4666; baseline 0.001 -24"><span class='ocrx_word' id='word_1_636' title='bbox 322 4590 565 4666; x_wconf 86' lang='lat' dir='ltr'><strong>p_artinm</strong></span> <span class='ocrx_word' id='word_1_637' title='bbox 615 4590 863 4659; x_wconf 87' lang='lat' dir='ltr'><strong>plerique</strong></span> <span class='ocrx_word' id='word_1_638' title='bbox 896 4589 1136 4659; x_wconf 82' lang='lat' dir='ltr'><strong>ipsorum</strong></span> <span class='ocrx_word' id='word_1_639' title='bbox 1172 4587 1426 4643; x_wconf 85' lang='lat' dir='ltr'><strong>deferunt</strong></span> <span class='ocrx_word' id='word_1_640' title='bbox 1457 4587 1761 4644; x_wconf 73' lang='lat' dir='ltr'><strong>Pharenda:</strong></span> <span class='ocrx_word' id='word_1_641' title='bbox 1784 4589 1913 4644; x_wconf 86' lang='lat' dir='ltr'><strong>Tzi-</strong></span> 
     </span>
    </p>
   </div>
   <div class='ocr_carea' id='block_1_88' title="bbox 326 4681 1914 4752">
    <p class='ocr_par' dir='ltr' id='par_1_88' title="bbox 326 4681 1914 4752">
     <span class='ocr_line' id='line_1_88' title="bbox 326 4681 1914 4752; baseline 0.003 -18"><span class='ocrx_word' id='word_1_642' title='bbox 326 4684 424 4737; x_wconf 86' lang='lat' dir='ltr'><strong>mi.</strong></span> <span class='ocrx_word' id='word_1_643' title='bbox 471 4682 583 4738; x_wconf 83' lang='lat' dir='ltr'><strong>Nec</strong></span> <span class='ocrx_word' id='word_1_644' title='bbox 605 4683 761 4752; x_wconf 84' lang='lat' dir='ltr'><strong>pauci</strong></span> <span class='ocrx_word' id='word_1_645' title='bbox 795 4682 911 4747; x_wconf 89' lang='lat' dir='ltr'><strong>alii,</strong></span> <span class='ocrx_word' id='word_1_646' title='bbox 936 4681 1124 4737; x_wconf 84' lang='lat' dir='ltr'><strong>Tzime</strong></span> <span class='ocrx_word' id='word_1_647' title='bbox 1150 4682 1269 4750; x_wconf 85' lang='lat' dir='ltr'><strong>ipso</strong></span> <span class='ocrx_word' id='word_1_648' title='bbox 1299 4683 1655 4746; x_wconf 85' lang='lat' dir='ltr'><strong>assentiente,</strong></span> <span class='ocrx_word' id='word_1_649' title='bbox 1690 4686 1914 4738; x_wconf 89' lang='lat' dir='ltr'><strong>ductum</strong></span> 
     </span>
    </p>
   </div>
   <div class='ocr_carea' id='block_1_89' title="bbox 322 4773 1917 4845">
    <p class='ocr_par' dir='ltr' id='par_1_89' title="bbox 322 4773 1917 4845">
     <span class='ocr_line' id='line_1_89' title="bbox 322 4773 1917 4845; baseline -0.001 -15"><span class='ocrx_word' id='word_1_650' title='bbox 322 4777 601 4830; x_wconf 83' lang='lat' dir='ltr'><strong>exercitus</strong></span> <span class='ocrx_word' id='word_1_651' title='bbox 632 4776 799 4837; x_wconf 82' lang='lat' dir='ltr'><strong>totius</strong></span> <span class='ocrx_word' id='word_1_652' title='bbox 839 4774 1145 4831; x_wconf 78' lang='lat' dir='ltr'><strong>attribuunt</strong></span> <span class='ocrx_word' id='word_1_653' title='bbox 1188 4773 1542 4845; x_wconf 85' lang='lat' dir='ltr'><strong>Mpyrigerio,</strong></span> <span class='ocrx_word' id='word_1_654' title='bbox 1575 4775 1691 4843; x_wconf 89' lang='lat' dir='ltr'><strong>qui,</strong></span> <span class='ocrx_word' id='word_1_655' title='bbox 1733 4785 1797 4830; x_wconf 92' lang='lat' dir='ltr'><strong>ut</strong></span> <span class='ocrx_word' id='word_1_656' title='bbox 1825 4789 1917 4829; x_wconf 90' lang='lat' dir='ltr'><strong>su-</strong></span> 
     </span>
    </p>
   </div>
   <div class='ocr_carea' id='block_1_90' title="bbox 323 4867 1916 4938">
    <p class='ocr_par' dir='ltr' id='par_1_90' title="bbox 323 4867 1916 4938">
     <span class='ocr_line' id='line_1_90' title="bbox 323 4867 1916 4938; baseline 0.001 -16"><span class='ocrx_word' id='word_1_657' title='bbox 323 4869 512 4938; x_wconf 83' lang='lat' dir='ltr'><strong>perius</strong></span> <span class='ocrx_word' id='word_1_658' title='bbox 560 4868 820 4934; x_wconf 82' lang='lat' dir='ltr'><strong>diximus,</strong></span> <span class='ocrx_word' id='word_1_659' title='bbox 881 4870 1155 4926; x_wconf 88' lang='lat' dir='ltr'><strong>abductus</strong></span> <span class='ocrx_word' id='word_1_660' title='bbox 1210 4868 1487 4930; x_wconf 88' lang='lat' dir='ltr'><strong>Genuam,</strong></span> <span class='ocrx_word' id='word_1_661' title='bbox 1543 4867 1673 4922; x_wconf 87' lang='lat' dir='ltr'><strong>inde</strong></span> <span class='ocrx_word' id='word_1_662' title='bbox 1727 4869 1916 4923; x_wconf 90' lang='lat' dir='ltr'><strong>nescio</strong></span> 
     </span>
    </p>
   </div>
   <div class='ocr_carea' id='block_1_91' title="bbox 324 4960 1914 5031">
    <p class='ocr_par' dir='ltr' id='par_1_91' title="bbox 324 4960 1914 5031">
     <span class='ocr_line' id='line_1_91' title="bbox 324 4960 1914 5031; baseline 0.003 -19"><span class='ocrx_word' id='word_1_663' title='bbox 324 4960 602 5031; x_wconf 76' lang='lat' dir='ltr'><strong>quomodo</strong></span> <span class='ocrx_word' id='word_1_664' title='bbox 630 4962 873 5030; x_wconf 89' lang='lat' dir='ltr'><strong>elapsus,</strong></span> <span class='ocrx_word' id='word_1_665' title='bbox 908 4976 1129 5017; x_wconf 84' lang='lat' dir='ltr'><strong>rursum</strong></span> <span class='ocrx_word' id='word_1_666' title='bbox 1168 4975 1235 5015; x_wconf 91' lang='lat' dir='ltr'><strong>eo</strong></span> <span class='ocrx_word' id='word_1_667' title='bbox 1279 4962 1541 5016; x_wconf 84' lang='lat' dir='ltr'><strong>redierat.</strong></span> <span class='ocrx_word' id='word_1_668' title='bbox 1592 4961 1816 5016; x_wconf 89' lang='lat' dir='ltr'><strong>Diverse</strong></span> <span class='ocrx_word' id='word_1_669' title='bbox 1846 4962 1914 5016; x_wconf 86' lang='lat' dir='ltr'><strong>ab</strong></span> 
     </span>
    </p>
   </div>
   <div class='ocr_carea' id='block_1_92' title="bbox 326 5051 1912 5122">
    <p class='ocr_par' dir='ltr' id='par_1_92' title="bbox 326 5051 1912 5122">
     <span class='ocr_line' id='line_1_92' title="bbox 326 5051 1912 5122; baseline 0 -15"><span class='ocrx_word' id='word_1_670' title='bbox 326 5055 416 5109; x_wconf 89' lang='lat' dir='ltr'><strong>his</strong></span> <span class='ocrx_word' id='word_1_671' title='bbox 449 5058 659 5110; x_wconf 85' lang='lat' dir='ltr'><strong>cunctis</strong></span> <span class='ocrx_word' id='word_1_672' title='bbox 694 5052 1005 5109; x_wconf 83' lang='lat' dir='ltr'><strong>sentiebant</strong></span> <span class='ocrx_word' id='word_1_673' title='bbox 1032 5053 1252 5122; x_wconf 87' lang='lat' dir='ltr'><strong>proprie</strong></span> <span class='ocrx_word' id='word_1_674' title='bbox 1286 5051 1515 5115; x_wconf 84' lang='lat' dir='ltr'><strong>subjecti</strong></span> <span class='ocrx_word' id='word_1_675' title='bbox 1548 5051 1868 5107; x_wconf 69' lang='lat' dir='ltr'><strong>lionml’orto</strong></span> <span class='ocrx_word' id='word_1_676' title='bbox 1898 5070 1912 5107; x_wconf 90' lang='lat'><strong>:</strong></span> 
     </span>
    </p>
   </div>
   <div class='ocr_carea' id='block_1_93' title="bbox 328 5140 1912 5214">
    <p class='ocr_par' dir='ltr' id='par_1_93' title="bbox 328 5140 1912 5214">
     <span class='ocr_line' id='line_1_93' title="bbox 328 5140 1912 5214; baseline -0.003 -14"><span class='ocrx_word' id='word_1_677' title='bbox 328 5146 382 5200; x_wconf 80' lang='lat' dir='ltr'><strong>lii</strong></span> <span class='ocrx_word' id='word_1_678' title='bbox 415 5145 561 5197; x_wconf 80' lang='lat' dir='ltr'><strong>enim</strong></span> <span class='ocrx_word' id='word_1_679' title='bbox 587 5146 708 5198; x_wconf 89' lang='lat' dir='ltr'><strong>duci</strong></span> <span class='ocrx_word' id='word_1_680' title='bbox 741 5159 840 5198; x_wconf 91' lang='lat' dir='ltr'><strong>suo</strong></span> <span class='ocrx_word' id='word_1_681' title='bbox 872 5141 1255 5214; x_wconf 64' lang='lat' dir='ltr'><strong>prafecturam</strong></span> <span class='ocrx_word' id='word_1_682' title='bbox 1279 5140 1564 5210; x_wconf 84' lang='lat' dir='ltr'><strong>copiarum</strong></span> <span class='ocrx_word' id='word_1_683' title='bbox 1598 5141 1912 5195; x_wconf 74' lang='lat' dir='ltr'><strong>universam</strong></span> 
     </span>
    </p>
   </div>
   <div class='ocr_carea' id='block_1_94' title="bbox 323 5230 1911 5305">
    <p class='ocr_par' dir='ltr' id='par_1_94' title="bbox 323 5230 1911 5305">
     <span class='ocr_line' id='line_1_94' title="bbox 323 5230 1911 5305; baseline -0.002 -16"><span class='ocrx_word' id='word_1_684' title='bbox 323 5236 525 5290; x_wconf 76' lang='lat' dir='ltr'><strong>deferri</strong></span> <span class='ocrx_word' id='word_1_685' title='bbox 552 5251 763 5305; x_wconf 52' lang='lat' dir='ltr'><strong>aequum</strong></span> <span class='ocrx_word' id='word_1_686' title='bbox 789 5236 1109 5300; x_wconf 88' lang='lat' dir='ltr'><strong>censebant,</strong></span> <span class='ocrx_word' id='word_1_687' title='bbox 1138 5248 1237 5289; x_wconf 89' lang='lat' dir='ltr'><strong>nec</strong></span> <span class='ocrx_word' id='word_1_688' title='bbox 1258 5233 1381 5302; x_wconf 90' lang='lat' dir='ltr'><strong>ipsi,</strong></span> <span class='ocrx_word' id='word_1_689' title='bbox 1410 5248 1511 5289; x_wconf 90' lang='lat' dir='ltr'><strong>nec</strong></span> <span class='ocrx_word' id='word_1_690' title='bbox 1536 5230 1911 5297; x_wconf 80' lang='lat' dir='ltr'><strong>Romofortus,</strong></span> 
     </span>
    </p>
   </div>
   <div class='ocr_carea' id='block_1_95' title="bbox 326 5328 1278 5401">
    <p class='ocr_par' dir='ltr' id='par_1_95' title="bbox 326 5328 1278 5401">
     <span class='ocr_line' id='line_1_95' title="bbox 326 5328 1278 5401; baseline 0 -18"><span class='ocrx_word' id='word_1_691' title='bbox 326 5329 527 5399; x_wconf 83' lang='lat' dir='ltr'><strong>subjici</strong></span> <span class='ocrx_word' id='word_1_692' title='bbox 557 5328 885 5401; x_wconf 78' lang='lat' dir='ltr'><strong>Mpyrigcrio</strong></span> <span class='ocrx_word' id='word_1_693' title='bbox 918 5328 1278 5385; x_wconf 73' lang='lat' dir='ltr'><strong>susﬁnentes.</strong></span> 
     </span>
    </p>
   </div>
   <div class='ocr_carea' id='block_1_96' title="bbox 322 5439 1914 5512">
    <p class='ocr_par' dir='ltr' id='par_1_96' title="bbox 322 5439 1914 5512">
     <span class='ocr_line' id='line_1_96' title="bbox 322 5439 1914 5512; baseline 0 -15"><span class='ocrx_word' id='word_1_694' title='bbox 322 5442 417 5497; x_wconf 61' lang='grc'>54.</span> <span class='ocrx_word' id='word_1_695' title='bbox 452 5440 530 5497; x_wconf 84' lang='lat' dir='ltr'><strong>De</strong></span> <span class='ocrx_word' id='word_1_696' title='bbox 557 5442 779 5497; x_wconf 76' lang='lat' dir='ltr'><strong>navibus</strong></span> <span class='ocrx_word' id='word_1_697' title='bbox 826 5451 1025 5512; x_wconf 74' lang='lat' dir='ltr'><strong>septem</strong></span> <span class='ocrx_word' id='word_1_698' title='bbox 1073 5458 1191 5496; x_wconf 87' lang='lat' dir='ltr'><strong>cum</strong></span> <span class='ocrx_word' id='word_1_699' title='bbox 1243 5439 1381 5496; x_wconf 83' lang='lat' dir='ltr'><strong>Gida</strong></span> <span class='ocrx_word' id='word_1_700' title='bbox 1432 5441 1503 5494; x_wconf 84' lang='lat' dir='ltr'><strong>ad</strong></span> <span class='ocrx_word' id='word_1_701' title='bbox 1550 5441 1914 5512; x_wconf 79' lang='lat' dir='ltr'><strong>Amogabaros</strong></span> 
     </span>
    </p>
   </div>
   <div class='ocr_carea' id='block_1_97' title="bbox 990 5512 1251 5582">
    <p class='ocr_par' dir='ltr' id='par_1_97' title="bbox 990 5512 1251 5582">
     <span class='ocr_line' id='line_1_97' title="bbox 990 5512 1251 5582; baseline 0 -16"><span class='ocrx_word' id='word_1_702' title='bbox 990 5512 1251 5582; x_wconf 77' lang='lat' dir='ltr'><strong>appulsis.</strong></span> 
     </span>
    </p>
   </div>
   <div class='ocr_carea' id='block_1_98' title="bbox 401 5603 1918 5675">
    <p class='ocr_par' dir='ltr' id='par_1_98' title="bbox 401 5603 1918 5675">
     <span class='ocr_line' id='line_1_98' title="bbox 401 5603 1918 5675; baseline 0.002 -20"><span class='ocrx_word' id='word_1_703' title='bbox 401 5603 503 5658; x_wconf 85' lang='lat' dir='ltr'><strong>Eas</strong></span> <span class='ocrx_word' id='word_1_704' title='bbox 543 5619 603 5658; x_wconf 78' lang='lat' dir='ltr'><strong>se</strong></span> <span class='ocrx_word' id='word_1_705' title='bbox 631 5604 1061 5675; x_wconf 86' lang='lat' dir='ltr'><strong>compositurum</strong></span> <span class='ocrx_word' id='word_1_706' title='bbox 1102 5604 1506 5661; x_wconf 82' lang='lat' dir='ltr'><strong>controversias</strong></span> <span class='ocrx_word' id='word_1_707' title='bbox 1536 5605 1918 5661; x_wconf 82' lang='lat' dir='ltr'><strong>Tlteudericus</strong></span> 
     </span>
    </p>
   </div>
   <div class='ocr_carea' id='block_1_99' title="bbox 327 5694 1918 5764">
    <p class='ocr_par' dir='ltr' id='par_1_99' title="bbox 327 5694 1918 5764">
     <span class='ocr_line' id='line_1_99' title="bbox 327 5694 1918 5764; baseline 0.003 -18"><span class='ocrx_word' id='word_1_708' title='bbox 327 5705 502 5757; x_wconf 87' lang='lat' dir='ltr'><strong>ratus,</strong></span> <span class='ocrx_word' id='word_1_709' title='bbox 529 5694 574 5748; x_wconf 90' lang='lat' dir='ltr'><strong>si</strong></span> <span class='ocrx_word' id='word_1_710' title='bbox 604 5694 840 5763; x_wconf 72' lang='lat' dir='ltr'><strong>aiiqucm</strong></span> <span class='ocrx_word' id='word_1_711' title='bbox 875 5707 908 5748; x_wconf 92' lang='lat' dir='ltr'><strong>e</strong></span> <span class='ocrx_word' id='word_1_712' title='bbox 939 5708 1035 5748; x_wconf 88' lang='lat' dir='ltr'><strong>sua</strong></span> <span class='ocrx_word' id='word_1_713' title='bbox 1065 5696 1416 5763; x_wconf 84' lang='lat' dir='ltr'><strong>cognatione,</strong></span> <span class='ocrx_word' id='word_1_714' title='bbox 1449 5695 1537 5750; x_wconf 77' lang='lat' dir='ltr'><strong>cui</strong></span> <span class='ocrx_word' id='word_1_715' title='bbox 1568 5712 1728 5750; x_wconf 89' lang='lat' dir='ltr'><strong>nemo</strong></span> <span class='ocrx_word' id='word_1_716' title='bbox 1764 5701 1918 5764; x_wconf 85' lang='lat' dir='ltr'><strong>ipso-</strong></span> 
     </span>
    </p>
   </div>
   <div class='ocr_carea' id='block_1_100' title="bbox 324 5786 1907 5858">
    <p class='ocr_par' dir='ltr' id='par_1_100' title="bbox 324 5786 1907 5858">
     <span class='ocr_line' id='line_1_100' title="bbox 324 5786 1907 5858; baseline 0.004 -23"><span class='ocrx_word' id='word_1_717' title='bbox 324 5798 446 5835; x_wconf 80' lang='lat' dir='ltr'><strong>rum</strong></span> <span class='ocrx_word' id='word_1_718' title='bbox 512 5799 704 5852; x_wconf 73' lang='lat' dir='ltr'><strong>parere</strong></span> <span class='ocrx_word' id='word_1_719' title='bbox 753 5794 1052 5849; x_wconf 86' lang='lat' dir='ltr'><strong>recusaret,</strong></span> <span class='ocrx_word' id='word_1_720' title='bbox 1103 5786 1171 5841; x_wconf 88' lang='lat' dir='ltr'><strong>ad</strong></span> <span class='ocrx_word' id='word_1_721' title='bbox 1222 5787 1592 5858; x_wconf 77' lang='lat' dir='ltr'><strong>Amogabaros</strong></span> <span class='ocrx_word' id='word_1_722' title='bbox 1635 5789 1907 5853; x_wconf 79' lang='lat' dir='ltr'><strong>mitteret,</strong></span> 
     </span>
    </p>
   </div>
   <div class='ocr_carea' id='block_1_101' title="bbox 324 5872 1903 5950">
    <p class='ocr_par' dir='ltr' id='par_1_101' title="bbox 324 5872 1903 5950">
     <span class='ocr_line' id='line_1_101' title="bbox 324 5872 1903 5950; baseline 0.005 -23"><span class='ocrx_word' id='word_1_723' title='bbox 324 5872 517 5931; x_wconf 83' lang='lat' dir='ltr'><strong>Gidam</strong></span> <span class='ocrx_word' id='word_1_724' title='bbox 556 5876 697 5930; x_wconf 89' lang='lat' dir='ltr'><strong>hunc</strong></span> <span class='ocrx_word' id='word_1_725' title='bbox 729 5875 795 5932; x_wconf 87' lang='lat' dir='ltr'><strong>ad</strong></span> <span class='ocrx_word' id='word_1_726' title='bbox 834 5889 927 5932; x_wconf 90' lang='lat' dir='ltr'><strong>eos</strong></span> <span class='ocrx_word' id='word_1_727' title='bbox 964 5877 1256 5933; x_wconf 83' lang='lat' dir='ltr'><strong>destinavit</strong></span> <span class='ocrx_word' id='word_1_728' title='bbox 1287 5892 1409 5933; x_wconf 88' lang='lat' dir='ltr'><strong>cum</strong></span> <span class='ocrx_word' id='word_1_729' title='bbox 1460 5891 1671 5949; x_wconf 82' lang='lat' dir='ltr'><strong>septem</strong></span> <span class='ocrx_word' id='word_1_730' title='bbox 1723 5878 1903 5950; x_wconf 77' lang='lat' dir='ltr'><strong>longis</strong></span> 
     </span>
    </p>
   </div>
   <div class='ocr_carea' id='block_1_102' title="bbox 2018 4577 3606 4660">
    <p class='ocr_par' dir='ltr' id='par_1_102' title="bbox 2018 4577 3606 4660">
     <span class='ocr_line' id='line_1_102' title="bbox 2018 4577 3606 4660; baseline -0.012 -13"><span class='ocrx_word' id='word_1_731' title='bbox 2018 4607 2152 4647; x_wconf 86' lang='lat' dir='ltr'><strong>nere</strong></span> <span class='ocrx_word' id='word_1_732' title='bbox 2183 4600 2361 4660; x_wconf 86' lang='lat' dir='ltr'><strong>porro</strong></span> <span class='ocrx_word' id='word_1_733' title='bbox 2382 4587 2543 4642; x_wconf 88' lang='lat' dir='ltr'><strong>vellet</strong></span> <span class='ocrx_word' id='word_1_734' title='bbox 2568 4626 2583 4650; x_wconf 92' lang='lat'><strong>,</strong></span> <span class='ocrx_word' id='word_1_735' title='bbox 2614 4598 2934 4653; x_wconf 87' lang='lat' dir='ltr'><strong>supremum</strong></span> <span class='ocrx_word' id='word_1_736' title='bbox 2965 4582 3022 4638; x_wconf 89' lang='lat' dir='ltr'><strong>in</strong></span> <span class='ocrx_word' id='word_1_737' title='bbox 3053 4594 3181 4636; x_wconf 88' lang='lat' dir='ltr'><strong>suas</strong></span> <span class='ocrx_word' id='word_1_738' title='bbox 3215 4578 3399 4647; x_wconf 87' lang='lat' dir='ltr'><strong>copias</strong></span> <span class='ocrx_word' id='word_1_739' title='bbox 3431 4577 3606 4643; x_wconf 83' lang='lat' dir='ltr'><strong>impe-</strong></span> 
     </span>
    </p>
   </div>
   <div class='ocr_carea' id='block_1_103' title="bbox 2019 4667 3598 4743">
    <p class='ocr_par' dir='ltr' id='par_1_103' title="bbox 2019 4667 3598 4743">
     <span class='ocr_line' id='line_1_103' title="bbox 2019 4667 3598 4743; baseline -0.012 -8"><span class='ocrx_word' id='word_1_740' title='bbox 2019 4685 2182 4735; x_wconf 87' lang='lat' dir='ltr'><strong>rium.</strong></span> <span class='ocrx_word' id='word_1_741' title='bbox 2214 4680 2420 4734; x_wconf 85' lang='lat' dir='ltr'><strong>llormu</strong></span> <span class='ocrx_word' id='word_1_742' title='bbox 2450 4677 2593 4731; x_wconf 89' lang='lat' dir='ltr'><strong>inter</strong></span> <span class='ocrx_word' id='word_1_743' title='bbox 2620 4673 2993 4743; x_wconf 78' lang='lat' dir='ltr'><strong>Amogabaros</strong></span> <span class='ocrx_word' id='word_1_744' title='bbox 3027 4686 3214 4726; x_wconf 88' lang='lat' dir='ltr'><strong>rumor</strong></span> <span class='ocrx_word' id='word_1_745' title='bbox 3239 4667 3598 4723; x_wconf 88' lang='lat' dir='ltr'><strong>discidiorum</strong></span> 
     </span>
    </p>
   </div>
   <div class='ocr_carea' id='block_1_104' title="bbox 2020 4761 3624 4842">
    <p class='ocr_par' dir='ltr' id='par_1_104' title="bbox 2020 4761 3624 4842">
     <span class='ocr_line' id='line_1_104' title="bbox 2020 4761 3624 4842; baseline -0.009 -14"><span class='ocrx_word' id='word_1_746' title='bbox 2020 4775 2260 4842; x_wconf 85' lang='lat' dir='ltr'><strong>perlatus</strong></span> <span class='ocrx_word' id='word_1_747' title='bbox 2298 4772 2362 4824; x_wconf 89' lang='lat' dir='ltr'><strong>ad</strong></span> <span class='ocrx_word' id='word_1_748' title='bbox 2393 4772 2697 4840; x_wconf 78' lang='lat' dir='ltr'><strong>Augustum</strong></span> <span class='ocrx_word' id='word_1_749' title='bbox 2730 4781 2837 4821; x_wconf 89' lang='lat' dir='ltr'><strong>non</strong></span> <span class='ocrx_word' id='word_1_750' title='bbox 2871 4780 3039 4834; x_wconf 87' lang='lat' dir='ltr'><strong>parvo</strong></span> <span class='ocrx_word' id='word_1_751' title='bbox 3068 4762 3245 4832; x_wconf 89' lang='lat' dir='ltr'><strong>ipsius</strong></span> <span class='ocrx_word' id='word_1_752' title='bbox 3278 4761 3471 4814; x_wconf 89' lang='lat' dir='ltr'><strong>solatio</strong></span> <span class='ocrx_word' id='word_1_753' title='bbox 3496 4767 3624 4827; x_wconf 69' lang='lat' dir='ltr'><strong>cst.,</strong></span> 
     </span>
    </p>
   </div>
   <div class='ocr_carea' id='block_1_105' title="bbox 2017 4851 3606 4927">
    <p class='ocr_par' dir='ltr' id='par_1_105' title="bbox 2017 4851 3606 4927">
     <span class='ocr_line' id='line_1_105' title="bbox 2017 4851 3606 4927; baseline -0.012 -5"><span class='ocrx_word' id='word_1_754' title='bbox 2017 4867 2152 4922; x_wconf 85' lang='lat' dir='ltr'><strong>Nam</strong></span> <span class='ocrx_word' id='word_1_755' title='bbox 2185 4877 2239 4920; x_wconf 90' lang='lat' dir='ltr'><strong>et</strong></span> <span class='ocrx_word' id='word_1_756' title='bbox 2288 4865 2418 4919; x_wconf 90' lang='lat' dir='ltr'><strong>hinc</strong></span> <span class='ocrx_word' id='word_1_757' title='bbox 2473 4860 2743 4917; x_wconf 81' lang='lat' dir='ltr'><strong>intellexit</strong></span> <span class='ocrx_word' id='word_1_758' title='bbox 2792 4873 2896 4913; x_wconf 93' lang='lat' dir='ltr'><strong>non</strong></span> <span class='ocrx_word' id='word_1_759' title='bbox 2936 4856 3292 4927; x_wconf 90' lang='lat' dir='ltr'><strong>perstiturum</strong></span> <span class='ocrx_word' id='word_1_760' title='bbox 3340 4852 3396 4906; x_wconf 91' lang='lat' dir='ltr'><strong>in</strong></span> <span class='ocrx_word' id='word_1_761' title='bbox 3450 4851 3606 4906; x_wconf 83' lang='lat' dir='ltr'><strong>hisce</strong></span> 
     </span>
    </p>
   </div>
   <div class='ocr_carea' id='block_1_106' title="bbox 2017 4944 3604 5031">
    <p class='ocr_par' dir='ltr' id='par_1_106' title="bbox 2017 4944 3604 5031">
     <span class='ocr_line' id='line_1_106' title="bbox 2017 4944 3604 5031; baseline -0.013 -16"><span class='ocrx_word' id='word_1_762' title='bbox 2017 4962 2264 5031; x_wconf 83' lang='lat' dir='ltr'><strong>partibus</strong></span> <span class='ocrx_word' id='word_1_763' title='bbox 2289 4959 2505 5017; x_wconf 87' lang='lat' dir='ltr'><strong>Gidam.</strong></span> <span class='ocrx_word' id='word_1_764' title='bbox 2532 4964 2684 5009; x_wconf 81' lang='lat' dir='ltr'><strong>tanta</strong></span> <span class='ocrx_word' id='word_1_765' title='bbox 2720 4953 2909 5020; x_wconf 89' lang='lat' dir='ltr'><strong>utique</strong></span> <span class='ocrx_word' id='word_1_766' title='bbox 2939 4949 3210 5005; x_wconf 77' lang='lat' dir='ltr'><strong>oﬂeusum</strong></span> <span class='ocrx_word' id='word_1_767' title='bbox 3245 4944 3604 5006; x_wconf 77' lang='lat' dir='ltr'><strong>contumelia,</strong></span> 
     </span>
    </p>
   </div>
   <div class='ocr_carea' id='block_1_107' title="bbox 2016 5037 3607 5119">
    <p class='ocr_par' dir='ltr' id='par_1_107' title="bbox 2016 5037 3607 5119">
     <span class='ocr_line' id='line_1_107' title="bbox 2016 5037 3607 5119; baseline -0.008 -14"><span class='ocrx_word' id='word_1_768' title='bbox 2016 5061 2072 5106; x_wconf 86' lang='lat' dir='ltr'><strong>et</strong></span> <span class='ocrx_word' id='word_1_769' title='bbox 2100 5066 2248 5119; x_wconf 87' lang='lat' dir='ltr'><strong>spem</strong></span> <span class='ocrx_word' id='word_1_770' title='bbox 2277 5049 2402 5102; x_wconf 89' lang='lat' dir='ltr'><strong>inde</strong></span> <span class='ocrx_word' id='word_1_771' title='bbox 2429 5046 2679 5113; x_wconf 89' lang='lat' dir='ltr'><strong>concepit</strong></span> <span class='ocrx_word' id='word_1_772' title='bbox 2717 5045 2769 5098; x_wconf 91' lang='lat' dir='ltr'><strong>in</strong></span> <span class='ocrx_word' id='word_1_773' title='bbox 2801 5052 2984 5111; x_wconf 85' lang='lat' dir='ltr'><strong>partes</strong></span> <span class='ocrx_word' id='word_1_774' title='bbox 3011 5038 3322 5095; x_wconf 85' lang='lat' dir='ltr'><strong>attrahendi</strong></span> <span class='ocrx_word' id='word_1_775' title='bbox 3357 5037 3607 5107; x_wconf 78' lang='lat' dir='ltr'><strong>prOprias</strong></span> 
     </span>
    </p>
   </div>
   <div class='ocr_carea' id='block_1_108' title="bbox 2018 5127 3605 5211">
    <p class='ocr_par' dir='ltr' id='par_1_108' title="bbox 2018 5127 3605 5211">
     <span class='ocr_line' id='line_1_108' title="bbox 2018 5127 3605 5211; baseline -0.011 -14"><span class='ocrx_word' id='word_1_776' title='bbox 2018 5141 2251 5211; x_wconf 72' lang='lat' dir='ltr'><strong>alicujus</strong></span> <span class='ocrx_word' id='word_1_777' title='bbox 2286 5141 2510 5192; x_wconf 83' lang='lat' dir='ltr'><strong>istorum</strong></span> <span class='ocrx_word' id='word_1_778' title='bbox 2550 5135 2882 5190; x_wconf 86' lang='lat' dir='ltr'><strong>discordium</strong></span> <span class='ocrx_word' id='word_1_779' title='bbox 2917 5134 3061 5187; x_wconf 80' lang='lat' dir='ltr'><strong>inter</strong></span> <span class='ocrx_word' id='word_1_780' title='bbox 3095 5145 3221 5187; x_wconf 88' lang='lat' dir='ltr'><strong>sese</strong></span> <span class='ocrx_word' id='word_1_781' title='bbox 3249 5131 3446 5185; x_wconf 90' lang='lat' dir='ltr'><strong>ducum</strong></span> <span class='ocrx_word' id='word_1_782' title='bbox 3498 5127 3605 5181; x_wconf 76' lang='lat' dir='ltr'><strong>Lu-</strong></span> 
     </span>
    </p>
   </div>
   <div class='ocr_carea' id='block_1_109' title="bbox 2020 5220 3604 5293">
    <p class='ocr_par' dir='ltr' id='par_1_109' title="bbox 2020 5220 3604 5293">
     <span class='ocr_line' id='line_1_109' title="bbox 2020 5220 3604 5293; baseline -0.008 -9"><span class='ocrx_word' id='word_1_783' title='bbox 2020 5230 2280 5293; x_wconf 85' lang='lat' dir='ltr'><strong>tinorum,</strong></span> <span class='ocrx_word' id='word_1_784' title='bbox 2314 5227 2360 5283; x_wconf 90' lang='lat' dir='ltr'><strong>si</strong></span> <span class='ocrx_word' id='word_1_785' title='bbox 2392 5226 2600 5279; x_wconf 87' lang='lat' dir='ltr'><strong>artibus</strong></span> <span class='ocrx_word' id='word_1_786' title='bbox 2629 5240 2694 5279; x_wconf 91' lang='lat' dir='ltr'><strong>eo</strong></span> <span class='ocrx_word' id='word_1_787' title='bbox 2725 5239 2788 5278; x_wconf 89' lang='lat' dir='ltr'><strong>ac</strong></span> <span class='ocrx_word' id='word_1_788' title='bbox 2815 5223 3101 5292; x_wconf 88' lang='lat' dir='ltr'><strong>promissis</strong></span> <span class='ocrx_word' id='word_1_789' title='bbox 3133 5220 3493 5276; x_wconf 89' lang='lat' dir='ltr'><strong>anniteretur.</strong></span> <span class='ocrx_word' id='word_1_790' title='bbox 3526 5220 3604 5273; x_wconf 72' lang='grc' dir='ltr'>Αιι</span> 
     </span>
    </p>
   </div>
   <div class='ocr_carea' id='block_1_110' title="bbox 2018 5314 3604 5388">
    <p class='ocr_par' dir='ltr' id='par_1_110' title="bbox 2018 5314 3604 5388">
     <span class='ocr_line' id='line_1_110' title="bbox 2018 5314 3604 5388; baseline -0.006 -13"><span class='ocrx_word' id='word_1_791' title='bbox 2018 5321 2073 5375; x_wconf 90' lang='lat' dir='ltr'><strong>id</strong></span> <span class='ocrx_word' id='word_1_792' title='bbox 2102 5336 2231 5388; x_wconf 83' lang='lat' dir='ltr'><strong>ergo</strong></span> <span class='ocrx_word' id='word_1_793' title='bbox 2265 5333 2324 5373; x_wconf 86' lang='lat' dir='ltr'><strong>se</strong></span> <span class='ocrx_word' id='word_1_794' title='bbox 2357 5319 2617 5386; x_wconf 79' lang='lat' dir='ltr'><strong>accingit,</strong></span> <span class='ocrx_word' id='word_1_795' title='bbox 2650 5317 2937 5371; x_wconf 78' lang='lat' dir='ltr'><strong>fecundum</strong></span> <span class='ocrx_word' id='word_1_796' title='bbox 2975 5315 3159 5370; x_wconf 86' lang='lat' dir='ltr'><strong>talium</strong></span> <span class='ocrx_word' id='word_1_797' title='bbox 3209 5314 3604 5370; x_wconf 88' lang='lat' dir='ltr'><strong>industriarum</strong></span> 
     </span>
    </p>
   </div>
   <div class='ocr_carea' id='block_1_111' title="bbox 2018 5406 3603 5483">
    <p class='ocr_par' dir='ltr' id='par_1_111' title="bbox 2018 5406 3603 5483">
     <span class='ocr_line' id='line_1_111' title="bbox 2018 5406 3603 5483; baseline -0.007 -14"><span class='ocrx_word' id='word_1_798' title='bbox 2018 5412 2295 5483; x_wconf 81' lang='lat' dir='ltr'><strong>ingenium</strong></span> <span class='ocrx_word' id='word_1_799' title='bbox 2338 5411 2464 5466; x_wconf 91' lang='lat' dir='ltr'><strong>illuc</strong></span> <span class='ocrx_word' id='word_1_800' title='bbox 2495 5410 2793 5480; x_wconf 85' lang='lat' dir='ltr'><strong>applicans,</strong></span> <span class='ocrx_word' id='word_1_801' title='bbox 2824 5408 3090 5479; x_wconf 84' lang='lat' dir='ltr'><strong>nihilque,</strong></span> <span class='ocrx_word' id='word_1_802' title='bbox 3123 5419 3181 5461; x_wconf 90' lang='lat' dir='ltr'><strong>ut</strong></span> <span class='ocrx_word' id='word_1_803' title='bbox 3208 5407 3418 5463; x_wconf 87' lang='lat' dir='ltr'><strong>solebat</strong></span> <span class='ocrx_word' id='word_1_804' title='bbox 3448 5447 3462 5466; x_wconf 88' lang='lat'><strong>,</strong></span> <span class='ocrx_word' id='word_1_805' title='bbox 3497 5406 3603 5458; x_wconf 87' lang='lat' dir='ltr'><strong>sibi</strong></span> 
     </span>
    </p>
   </div>
   <div class='ocr_carea' id='block_1_112' title="bbox 2018 5499 3605 5573">
    <p class='ocr_par' dir='ltr' id='par_1_112' title="bbox 2018 5499 3605 5573">
     <span class='ocr_line' id='line_1_112' title="bbox 2018 5499 3605 5573; baseline -0.004 -15"><span class='ocrx_word' id='word_1_806' title='bbox 2018 5503 2214 5573; x_wconf 90' lang='lat' dir='ltr'><strong>reliqui</strong></span> <span class='ocrx_word' id='word_1_807' title='bbox 2263 5503 2473 5559; x_wconf 80' lang='lat' dir='ltr'><strong>faciens</strong></span> <span class='ocrx_word' id='word_1_808' title='bbox 2506 5502 2573 5557; x_wconf 88' lang='lat' dir='ltr'><strong>ad</strong></span> <span class='ocrx_word' id='word_1_809' title='bbox 2624 5515 2897 5556; x_wconf 85' lang='lat' dir='ltr'><strong>summum</strong></span> <span class='ocrx_word' id='word_1_810' title='bbox 2937 5512 3192 5557; x_wconf 85' lang='lat' dir='ltr'><strong>conatum</strong></span> <span class='ocrx_word' id='word_1_811' title='bbox 3226 5499 3605 5554; x_wconf 62' lang='lat' dir='ltr'><strong>sustentanda:</strong></span> 
     </span>
    </p>
   </div>
   <div class='ocr_carea' id='block_1_113' title="bbox 2020 5591 3605 5664">
    <p class='ocr_par' dir='ltr' id='par_1_113' title="bbox 2020 5591 3605 5664">
     <span class='ocr_line' id='line_1_113' title="bbox 2020 5591 3605 5664; baseline -0.004 -13"><span class='ocrx_word' id='word_1_812' title='bbox 2020 5596 2266 5651; x_wconf 77' lang='lat' dir='ltr'><strong>coasiliis</strong></span> <span class='ocrx_word' id='word_1_813' title='bbox 2292 5604 2346 5651; x_wconf 84' lang='lat' dir='ltr'><strong>et</strong></span> <span class='ocrx_word' id='word_1_814' title='bbox 2379 5595 2627 5650; x_wconf 73' lang='lat' dir='ltr'><strong>artificiis</strong></span> <span class='ocrx_word' id='word_1_815' title='bbox 2654 5594 2970 5664; x_wconf 66' lang='lat' dir='ltr'><strong>reipublicae</strong></span> <span class='ocrx_word' id='word_1_816' title='bbox 3003 5591 3255 5656; x_wconf 86' lang='lat' dir='ltr'><strong>labantis,</strong></span> <span class='ocrx_word' id='word_1_817' title='bbox 3291 5592 3376 5646; x_wconf 92' lang='lat' dir='ltr'><strong>cui</strong></span> <span class='ocrx_word' id='word_1_818' title='bbox 3407 5592 3605 5644; x_wconf 81' lang='lat' dir='ltr'><strong>subve-</strong></span> 
     </span>
    </p>
   </div>
   <div class='ocr_carea' id='block_1_114' title="bbox 2022 5685 3602 5756">
    <p class='ocr_par' dir='ltr' id='par_1_114' title="bbox 2022 5685 3602 5756">
     <span class='ocr_line' id='line_1_114' title="bbox 2022 5685 3602 5756; baseline -0.005 -13"><span class='ocrx_word' id='word_1_819' title='bbox 2022 5690 2143 5743; x_wconf 85' lang='lat' dir='ltr'><strong>nire</strong></span> <span class='ocrx_word' id='word_1_820' title='bbox 2174 5689 2344 5743; x_wconf 81' lang='lat' dir='ltr'><strong>annis</strong></span> <span class='ocrx_word' id='word_1_821' title='bbox 2389 5698 2440 5742; x_wconf 88' lang='lat' dir='ltr'><strong>et</strong></span> <span class='ocrx_word' id='word_1_822' title='bbox 2474 5702 2637 5741; x_wconf 87' lang='lat' dir='ltr'><strong>manu</strong></span> <span class='ocrx_word' id='word_1_823' title='bbox 2669 5687 2942 5756; x_wconf 89' lang='lat' dir='ltr'><strong>nequiret.</strong></span> <span class='ocrx_word' id='word_1_824' title='bbox 2977 5685 3241 5741; x_wconf 85' lang='lat' dir='ltr'><strong>Submisit</strong></span> <span class='ocrx_word' id='word_1_825' title='bbox 3273 5685 3453 5753; x_wconf 87' lang='lat' dir='ltr'><strong>itaque</strong></span> <span class='ocrx_word' id='word_1_826' title='bbox 3479 5698 3602 5735; x_wconf 74' lang='lat' dir='ltr'><strong>rer-</strong></span> 
     </span>
    </p>
   </div>
   <div class='ocr_carea' id='block_1_115' title="bbox 2022 5774 3603 5846">
    <p class='ocr_par' dir='ltr' id='par_1_115' title="bbox 2022 5774 3603 5846">
     <span class='ocr_line' id='line_1_115' title="bbox 2022 5774 3603 5846; baseline -0.006 -9"><span class='ocrx_word' id='word_1_827' title='bbox 2022 5794 2104 5837; x_wconf 85' lang='lat' dir='ltr'><strong>tos</strong></span> <span class='ocrx_word' id='word_1_828' title='bbox 2146 5782 2397 5835; x_wconf 87' lang='lat' dir='ltr'><strong>homines</strong></span> <span class='ocrx_word' id='word_1_829' title='bbox 2446 5780 2514 5833; x_wconf 84' lang='lat' dir='ltr'><strong>ad</strong></span> <span class='ocrx_word' id='word_1_830' title='bbox 2559 5778 2784 5834; x_wconf 79' lang='lat' dir='ltr'><strong>Tzimen</strong></span> <span class='ocrx_word' id='word_1_831' title='bbox 2810 5819 2825 5843; x_wconf 90' lang='lat'><strong>,</strong></span> <span class='ocrx_word' id='word_1_832' title='bbox 2878 5779 2969 5846; x_wconf 91' lang='lat' dir='ltr'><strong>qui</strong></span> <span class='ocrx_word' id='word_1_833' title='bbox 3007 5794 3129 5834; x_wconf 88' lang='lat' dir='ltr'><strong>eum</strong></span> <span class='ocrx_word' id='word_1_834' title='bbox 3172 5775 3326 5830; x_wconf 84' lang='lat' dir='ltr'><strong>novis</strong></span> <span class='ocrx_word' id='word_1_835' title='bbox 3362 5774 3603 5829; x_wconf 76' lang='lat' dir='ltr'><strong>ostensis</strong></span> 
     </span>
    </p>
   </div>
   <div class='ocr_carea' id='block_1_116' title="bbox 2015 5864 3598 5948">
    <p class='ocr_par' dir='ltr' id='par_1_116' title="bbox 2015 5864 3598 5948">
     <span class='ocr_line' id='line_1_116' title="bbox 2015 5864 3598 5948; baseline -0.004 -20"><span class='ocrx_word' id='word_1_836' title='bbox 2015 5893 2175 5948; x_wconf 84' lang='lat' dir='ltr'><strong>quam</strong></span> <span class='ocrx_word' id='word_1_837' title='bbox 2206 5874 2756 5947; x_wconf 77' lang='lat' dir='ltr'><strong>magniﬁcentissimis</strong></span> <span class='ocrx_word' id='word_1_838' title='bbox 2796 5873 3042 5931; x_wconf 87' lang='lat' dir='ltr'><strong>emollire</strong></span> <span class='ocrx_word' id='word_1_839' title='bbox 3076 5871 3311 5945; x_wconf 66' lang='lat' dir='ltr'><strong>praemiis</strong></span> <span class='ocrx_word' id='word_1_840' title='bbox 3346 5886 3407 5925; x_wconf 86' lang='lat' dir='ltr'><strong>ac</strong></span> <span class='ocrx_word' id='word_1_841' title='bbox 3441 5864 3598 5939; x_wconf 80' lang='lat' dir='ltr'><strong>quasi</strong></span> 
     </span>
    </p>
   </div>
  </div>
