4046 6388
520 377 629 439 703

1715 382 2041 444 GEORGII
2067 383 2555 457 PACHYMERJE

3662 396 3751 459 704

517 490 679 557 ἡμῶν
732 488 1026 552 συνθεσίας
1080 506 1289 543 τουτων
1341 491 1416 552 ὡς
1466 492 1528 543 τὸ
1582 492 1733 556 εἰκὸς
1787 493 2107 549 ἀνέϐαλλεν.
2145 497 2192 555 Α
2220 495 2372 549 λειαν
2400 484 2455 550 δὲ
2485 498 2634 567 ζωῆς
2665 498 2815 569 παρᾶ
2853 501 2948 554 τοῦ
2986 458 3485 573 πατριαρχεύοντος
3516 504 3630 558 οὐδὲ
3655 503 3759 559 κατ’

518 582 687 636 Ὅσον
730 582 838 649 γὰρ
878 577 945 651 ἦν
975 583 1038 634 τὸ
1079 582 1189 637 ἀπὸ
1223 584 1450 651 μεθόδου
1487 586 1584 637 καὶ
1622 586 1912 652 ξυνέσεως,
1950 590 2109 643 οὐδέν

516 677 566 728 oi
599 676 695 728 καὶ
729 674 1098 736 ἐνελέλειπτο,
1131 676 1553 746 βαθυσκέμμονι
1585 681 1723 744 ὄντι,
1757 682 1805 733 εί
1832 683 1926 734 καὶ
1946 682 2108 737 δυνά-

520 784 678 834 μεσιν
715 767 1082 831 ἐνελέλειπτο,
1114 770 1346 839 ὲπικλᾷν
1371 772 1427 831 ἐς
1448 771 1576 824 ὅσον
1595 790 1659 840 γε
1696 773 1791 826 καὶ
1827 773 2105 843 ἐνεδέχετο

515 859 616 921 τὰς
646 860 856 914 τούτων
881 862 1079 929 ὁρμάς.
1114 863 1282 917 Ὅθεν
1312 865 1409 917 καὶ
1437 865 1505 918 τὰ
1536 870 1661 919 κατ’
1693 868 1964 936 ἀνατολὴν
1987 865 2103 923 οἷον

515 952 577 1010 ἐς
604 950 797 1018 τριϐὰς
838 952 1031 1016 ἐτίθει,
1082 953 1158 1018 ὡς
1193 957 1393 1009 αὐτίκα
1424 944 1755 1026 ἐφεξόμενος
1783 961 1893 1013 τῶν
1927 961 2097 1026 ίδίων,

516 1041 584 1108 ἣν
612 1057 677 1108 γε
703 1042 800 1093 καὶ
827 1043 1093 1107 ἐπιεικῶς
1124 1046 1416 1116 ὁρμήσειε.
1454 1047 1536 1101 Τὰ
1563 1048 1620 1102 δὲ
1649 1051 1790 1104 κατὰ
1823 1051 1977 1106 δύσιν
2003 1057 2101 1107 καὶ

514 1134 636 1187 λίαν
672 1135 1002 1207 ἐπολυώρει,
1041 1139 1354 1211 ἐξανασπᾷν
1387 1142 1675 1212 ἐφιέμενος
1698 1144 1759 1195 τὸ
1790 1139 1903 1197 οἷον
1929 1146 2099 1200 κακὸν

513 1228 831 1293 ὲγκόλπιον.
862 1231 1051 1301 Ταύτῃ
1080 1250 1164 1285 τοι
1190 1234 1287 1286 καὶ
1333 1235 1544 1302 Ἀτμὰν
1573 1236 1667 1290 ἐπὶ
1699 1237 1950 1291 πλεῖστον
1976 1242 2100 1302 ταῖς

513 1318 735 1374 ὲλπίσιν
767 1322 1250 1394 ἀπαιωρούμενος,
1283 1326 1440 1380 οὐδὲν
1466 1322 1533 1397 ἦν
1554 1328 1665 1381 τῶν
1699 1330 1830 1399 περὶ
1861 1330 2100 1385 Νίκαιάν

513 1426 579 1461 τε
609 1409 708 1463 καὶ
743 1411 921 1467 Πύθια
952 1413 1047 1468 καί
1079 1415 1257 1469 πάντα
1295 1417 1462 1487 μέχρι
1497 1418 1594 1472 καὶ
1625 1419 1927 1492 Θαλάσσης,
1955 1421 2100 1492 ἅπερ

515 1500 579 1553 οὐ
610 1504 902 1574 κατέσχεν.

982 1567 1011 1589 \

514 1615 616 1671 κε’.
662 1615 755 1693 ’Τὸ
814 1620 966 1685 πρὸς
1029 1622 1138 1693 τιξν
1200 1626 1693 1693 πατριαρχοῦντα
1741 1628 2102 1685 (inoo-tale?

566 1686 801 1756 ῃοάμμα
838 1693 998 1756 παρὰ
1028 1690 1146 1745 τῶν
1175 1686 1620 1765 ἁρχὸντὼιῗτῆς
1647 1699 2042 1767 Ἐκκλησίας.

581 1778 668 1851 [Ρ.
701 1780 829 1853 448]
865 1784 929 1836 Oi
957 1785 1015 1838 δὲ
1045 1789 1147 1853 τῆς
1194 1788 1529 1859 Ἐκκλησίας
1566 1792 1968 1865 πρωτεύοντες,
2001 1796 2097 1848 καὶ

2215 591 2350 659 ὃναρ
2410 591 2654 661 ἔχοντες,
2710 591 2854 645 οὕτω
2908 591 3041 656 γοῦν
3089 595 3393 661 πάσχοντες
3439 593 3513 662 τῷ
3571 593 3764 663 βασιλεῖ

2215 684 2650 753 προσανέφερον,
2673 687 2770 738 καὶ
2795 685 2999 753 μᾶλλον
3029 687 3158 755 περὶ
3176 687 3271 754 τῆς
3295 689 3553 754 προσᾶδου
3578 689 3760 742 αὐτῶν.

2222 778 2279 831 '0
2320 777 2377 830 δὲ
2432 777 2692 847 βασιλεὺς
2724 771 2838 831 οἷον
2866 779 3266 848 ὲπικαμφθεὶς,
3312 782 3406 832 καὶ
3437 781 3764 851 πατριάρχην

2211 870 2760 940 μετακαλεσάμενος,
2787 871 2868 934 είς
2892 871 3085 940 κοινὴν
3120 870 3283 924 τοῦτο
3314 871 3503 940 σκέψιν
3537 872 3764 941 θέμενος,

2209 964 2481 1017 ἐσκόπουν
2515 964 2645 1033 περὶ
2699 962 2916 1018 τούτου.
2964 964 3022 1016 '0
3068 964 3126 1016 δὲ
3176 965 3525 1034 πατριάρχης
3557 963 3651 1034 τὴν
3682 964 3765 1018 τοῦ

2210 1055 2409 1126 καιροῦ
2462 1056 2757 1109 δυσκολίαν
2810 1057 3203 1125 προεϐάλλετο.
3239 1057 3407 1118 Τέλος
3460 1057 3769 1121 συνετάξατο

2210 1150 2395 1204 δοῦναι
2429 1150 2650 1219 ἑκάστῳ
2682 1149 2789 1204 ἀνὰ
2841 1148 2901 1214 ἒξ
2956 1148 3069 1203 τῶν
3119 1145 3506 1220 νομισμάτων,
3537 1149 3674 1219 ἄλλῳ
3721 1149 3771 1202 δὲ

2213 1242 2317 1295 ἀνὰ
2349 1241 2518 1296 ὀκτώ.
2554 1243 2614 1295 '0
2647 1242 2703 1296 δὲ
2732 1242 2992 1311 βασιλεὺς
3020 1243 3173 1295 οὐδὲν
3195 1241 3383 1310 ἔλεγεν
3420 1238 3582 1295 εἶναι’
3607 1242 3771 1307 ὀλίγον

2211 1334 2323 1403 γὰρ
2356 1336 2454 1388 καὶ
2483 1334 2661 1389 ταῦτα
2704 1335 3004 1405 βιωτικοῖς.
3035 1336 3227 1404 Ὅμως
3271 1337 3466 1389 τούτου
3506 1335 3772 1403 γεγονότος

2207 1427 2362 1481 οὐδὲν
2382 1428 2562 1492 οὐδεὶς
2579 1428 2912 1499 ἐλάμϐανεν.
2952 1429 3119 1483 Ἀλλὰ
3147 1428 3241 1482 καὶ
3262 1430 3375 1483 άπὸ
3400 1429 3567 1499 μέσου
3596 1429 3773 1513 νυκτὸς

2205 1520 2379 1589 ἐγγὺς
2413 1521 2569 1590 παρὰ
2607 1522 2709 1589 τὴν
2753 1520 3053 1590 ἐκκλησίαν
3086 1523 3338 1593 άπαντᾷν
3393 1521 3770 1592 ἠναγκάζοντο,

2206 1612 2304 1667 καὶ
2331 1612 2420 1666 διὰ
2453 1612 2622 1682 μέσου
2655 1613 2756 1683 τῆς
2791 1613 3070 1685 ὑμνῳδίας
3103 1614 3364 1685 ὁμιλῆσαι
3419 1613 3628 1684 μηδένα
3671 1629 3770 1683 μη.-

2202 1705 2338 1770 δενὶ,
2379 1708 2522 1777 μήτε
2551 1708 2633 1768 είς
2662 1708 2933 1777 ἀριστερὰ
2960 1708 3145 1762 κλῖναι
3175 1709 3315 1778 μήτε
3340 1709 3424 1770 εἰς
3454 1708 3626 1775 δεξιὰ,
3652 1705 3772 1760 ἀλλὰ

2205 1801 2448 1854 ἀκλινεῖς
2481 1801 2759 1865 ἵστασθαι,
2791 1802 2976 1857 καθὼς
3007 1804 3034 1854 ὁ
3064 1802 3175 1855 τῶν
3220 1803 3388 1872 ιερῶν
3419 1803 3657 1856 κανόνων
3694 1799 3775 1871 βεο

509 1870 587 1934 ὡς
636 1873 738 1942 ἤδη
797 1879 1166 1947 προείπομεν,
1199 1882 1571 1953 ύςρορὼμενοι,
1616 1886 1668 1937 οἱ
1700 1886 1758 1939 δὲ
1806 1890 1865 1940 ὲν
1915 1890 2097 1942 οὐδενὶ
2131 1865 2173 1923 Β
2201 1889 2349 1943 ϐαιοῖ
2380 1890 2561 1956 λόγος.
2594 1891 2694 1944 Διά
2725 1891 2901 1944 ταῦτα
2932 1891 3069 1959 γοῦν
3104 1865 3329 1960 ἀμελως
3352 1889 3504 1963 εἶχον
3529 1892 3624 1945 καὶ
3649 1865 3773 1943 σπα-

508 1964 894 2034 λογιξόμενοι.
953 1970 1049 2022 καὶ
1108 1973 1160 2024 οί
1226 1973 1450 2043 ἔχοντες
1511 1978 1834 2046 οἰκονομίας
1887 1981 2101 2046 ταύτας

509 2061 989 2131 ἀποστερούμενοι
1022 2065 1120 2118 καὶ
1153 2066 1337 2120 αὐτῶν
1363 2068 1638 2138 ὀφφικίων
1670 2072 1826 2141 (ὅταν
1871 2076 1981 2145 γάρ
2016 2093 2102 2141 τις

510 2153 572 2229 ἐν
624 2153 804 2207 οὐδενὶ
831 2155 1141 2227 λογίζηται,
1198 2160 1302 2213 κᾶν
1348 2163 1608 2231 ὀφφίκιον
1650 2167 1775 2237 ἔχῃ,
1816 2169 1898 2233 εἰς
1946 2169 2100 2224 οὐδὲν

511 2243 664 2312 αὐτῷ
693 2248 1082 2316 χρησιμεύει),
1119 2252 1257 2308 ἀλλὰ
1288 2258 1384 2307 καὶ
1414 2257 1524 2308 τῶν
1555 2260 1840 2328 προσόδων
1866 2261 2104 2315 ἀποστε-

516 2338 794 2408 ρούμενοι,
836 2342 931 2393 καὶ
961 2343 1353 2414 ὀνειδιζόμενοι
1384 2349 1669 2417 ἀμέλειαν.
1702 2353 1800 2405 καὶ
1825 2355 1951 2407 καθ’
1973 2355 2099 2423 ἑορ-

509 2428 611 2492 τὰς
647 2432 770 2500 μεθ’
799 2432 1038 2501 ἱματίων
1066 2437 1317 2510 ἀπαντᾷν
1362 2444 1855 2515 προσταττόμενοι,
1905 2447 2101 2517 ἐπιμέ-

484 2594 772 2664 Ἀιιιιιίοῑε
801 2613 1207 2674 eomlitionibus
1240 2627 1528 2687 tentarent.
1571 2624 1626 2678 In
1670 2640 1780 2692 quo
1814 2626 1896 2681 sic
1932 2629 2099 2683 ratio-

510 2714 610 2755 nes
637 2701 1000 2771 subducebat,
1038 2718 1298 2780 reputans
1337 2714 1478 2768 haud
1526 2717 1894 2784 paenitentiam
1932 2722 2093 2775 talem

511 2791 635 2847 fore
661 2810 912 2863 operam,
947 2801 1030 2854 vel
1064 2804 1110 2857 si
1160 2813 1423 2859 tractatus
1471 2825 1728 2863 successu
1782 2824 1997 2866 careret
2031 2814 2097 2867 ad

505 2888 1182 2949 oxtremum.Pr:rsenlem
1205 2900 1349 2950 enim
1377 2911 1592 2955 exstare
1613 2902 1812 2972 incepti
1838 2905 2094 2970 fructum,

509 2981 653 3046 quod
693 2982 775 3036 sic
822 2982 1139 3040 ioverentur
1179 2991 1485 3047 simultates
1517 2994 1628 3060 jam
1663 2995 1764 3048 sibi
1802 3010 2090 3065 suspecto-

508 3082 630 3123 rum
662 3069 893 3127 invicem
926 3083 981 3128 et
1016 3074 1240 3133 fomites
1273 3080 1416 3135 inter
1449 3098 1545 3138 eos
1579 3085 1828 3139 odiorum
1859 3090 2090 3142 ventila-

2206 1981 2338 2044 νίως
2391 1983 2652 2051 ἀπήντων
2710 1984 2793 2045 εἰς
2846 1984 2946 2052 τὴν
2994 1983 3297 2053 ἐκκλησίαν
3351 1986 3450 2037 καὶ
3494 1984 3567 2048 ὡς
3614 1982 3774 2035 εἰπεῖν

2203 2073 2593 2141 ἀπεσχίζοντο.
2632 2073 2691 2127 Ὀ
2723 2075 2783 2128 δὲ
2814 2075 3170 2146 πατριάρχης
3189 2076 3415 2145 γραφὰς
3448 2073 3775 2129 ἀποστέλλων

2205 2163 2393 2226 αὐτοῖς
2433 2165 2814 2232 μετεκαλεῖτο,
2839 2168 2937 2220 καὶ
2972 2167 3176 2234 μᾶλλον
3207 2168 3400 2236 ἔλεγεν
3431 2165 3767 2234 ἀναγνωσθῆ·

2205 2273 2296 2309 ναι
2313 2255 2521 2319 ταύτας
2549 2257 2715 2325 μέσον
2740 2259 2840 2328 τῆς
2870 2259 3095 2312 συνόδου
3128 2258 3240 2313 τῶν
3268 2259 3603 2328 ἡγουμένων
3626 2259 3776 2326 (μετὰ

2206 2345 2412 2399 τούτων
2449 2349 2560 2418 γάρ
2594 2350 2694 2411 τὰς
2722 2350 2977 2411 συνόδους
3018 2349 3219 2420 ἐποίει)
3272 2350 3348 2412 ὡς
3386 2351 3551 2419 δῆθεν
3591 2348 3776 2415 εὔλογα

2203 2437 2402 2506 λέγων.
2447 2440 2920 2511 Ἀναγκαζόμενοι
2943 2438 3037 2496 οὖν
3069 2445 3118 2495 οἱ
3144 2443 3242 2513 τῆς
3277 2443 3609 2510 Ἐκκλησὲας
3639 2458 3776 2511 πρω-

2200 2614 2374 2682 deque
2404 2615 2614 2691 severis
2642 2619 2838 2673 edictis
2881 2634 3199 2688 comparere
3247 2636 3371 2675 cum
3430 2621 3664 2676 vestibus
3718 2615 3777 2672 ad

2204 2707 2607 2764 celebrationes
2655 2709 2922 2766 festorum
2959 2713 3118 2779 jussi,
3151 2713 3327 2769 victus
3377 2725 3559 2767 autem
3606 2726 3777 2767 neces-

2201 2800 2330 2852 sarii
2365 2801 2931 2858 subministrationem
2966 2820 2992 2856 a
3024 2806 3334 2871 patriarcha
3369 2806 3540 2860 ullam
3591 2819 3655 2857 ne
3680 2817 3766 2869 per

2199 2902 2467 2958 somnium
2501 2898 2722 2966 quidem
2763 2897 3049 2960 habentes,
3089 2898 3223 2960 haec,
3252 2897 3503 2965 inquam,
3529 2896 3777 2964 patientes

2196 2996 2449 3064 querelas
2492 2993 2559 3045 de
2616 2991 2700 3044 his
2748 3006 2874 3043 suas
2911 2990 2978 3043 ad
3017 2990 3408 3059 imperatorem
3446 2988 3772 3048 detulerunt,
3808 3060 3809 3069 χ

2196 3087 2250 3142 in
2286 3102 2351 3141 eo
2403 3083 2643 3138 maxime
2711 3083 3047 3148 insistentes,
3080 3084 3156 3135 uti
3200 3083 3282 3137 sui
3339 3083 3424 3138 cis
3479 3089 3773 3153 proventus'

509 3167 743 3222 rentur:
774 3164 863 3232 qui
901 3182 1043 3223 nunc
1089 3169 1283 3224 modus
1316 3185 1551 3228 remanet
1583 3178 1777 3231 unicus
1803 3179 2090 3248 frangendi
2121 3154 2162 3210 (δ
2202 3181 2348 3236 unde
2379 3187 2599 3248 possent
2633 3180 2839 3243 vivere,
2877 3178 3260 3233 redderentur.
3309 3177 3463 3232 Talia
3499 3180 3776 3248 imperator

508 3248 922 3309 formidolosam
956 3257 1124 3322 illam,
1154 3263 1395 3330 quandiu
1419 3269 1759 3333 conspiraret
1796 3271 2097 3337 unanimis,

507 3350 566 3397 et
593 3344 854 3403 Romana:
880 3351 953 3403 rei
987 3366 1129 3406 nunc
1157 3371 1381 3421 prorsus
1401 3359 1679 3413 exitialem
1708 3364 1884 3432 gentis
1911 3364 2096 3421 ell‘era:

507 3438 828 3506 potentiam.
873 3440 1265 3511 Huicnegotio
1300 3450 1370 3502 ita
1408 3460 1576 3505 totum
1613 3453 1928 3524 imperator
1979 3459 2098 3514 ani-

510 3542 658 3581 mum
684 3532 940 3594 advertit,
969 3544 1026 3588 ut
1054 3540 1208 3603 quasi
1236 3542 1530 3610 pepigisset
1563 3561 1683 3598 cum
1710 3546 2099 3604 PersiSOI-ien-

511 3619 675 3672 talem
707 3621 1135 3692 irrumpentibus
1169 3629 1392 3685 limitem
1434 3645 1615 3690 certas
1655 3639 1925 3704 inducias,
1958 3642 2097 3697 nihil

509 3710 578 3764 tle
622 3712 729 3766 illis
774 3714 990 3769 interim
1037 3723 1354 3775 coercendis
1396 3727 1685 3792 cegitaret,
1724 3742 1988 3799 reputans
2026 3749 2087 3788 se

508 3805 854 3869 postmodum
890 3807 1046 3865 facile
1078 3825 1529 3881 recuperaturum
1564 3835 1684 3888 qum
1709 3820 2093 3890 occupassent,

511 3893 601 3945 ubi
654 3895 786 3947 liber
812 3895 922 3965 jam
967 3902 1159 3954 Latino
1189 3904 1355 3977 642
1399 3908 1538 3963 bello
1588 3912 1674 3966 vel
1707 3915 1935 3970 modicis
1966 3918 2093 3973 illuc

508 3986 909 4054 expeditionem
946 3994 1244 4061 susciperet
1276 3999 1469 4068 eopi’s.
1506 4001 1663 4057 Cura:
1697 4014 1883 4058 autem
1919 4008 2091 4076 ipsius

513 4079 965 4148 impendebantur
990 4103 1181 4142 omnes
1212 4090 1264 4142 in
1297 4093 1818 4149 comminiscendam
1849 4138 1864 4160 ,
1894 4099 1938 4153 si
1972 4115 2097 4168 pos-

510 4179 615 4233 set,
670 4176 933 4228 rationem
987 4181 1311 4235 tttmultuum
1361 4191 1569 4240 tractus
1592 4185 1833 4242 Occidui
1873 4205 2097 4262 compo-

510 4260 837 4318 nendorum.
874 4263 1012 4329 Miro
1041 4270 1184 4322 enim
1232 4272 1460 4327 ardebat
1507 4274 1782 4331 desiderio
1821 4260 2093 4338 eximendi

507 4350 614 4409 sibi
646 4353 796 4409 velut
835 4371 866 4411 θ
909 4357 1029 4410 sinu
1066 4361 1426 4429 pmpinquum
1471 4374 1527 4418 et
1576 4366 1766 4423 intime
1814 4372 2092 4429 admotum

2205 3273 2461 3337 audiens,
2498 3271 2649 3325 velut
2682 3270 3034 3325 miseratione
3072 3270 3299 3325 inﬂexus
3332 3272 3592 3340 quadam,
3628 3268 3776 3321 advo-

2202 3375 2330 3423 cato
2366 3365 2677 3432 patriarcha
2716 3379 3059 3417 communem
3100 3379 3264 3428 super
3295 3365 3382 3418 his
3415 3379 3537 3418 cum
3569 3378 3631 3418 eo
3658 3358 3773 3415 deli.

2200 3457 2546 3514 berationem
2582 3454 2836 3509 instituit.
2868 3453 3152 3525 Allegahat
3185 3454 3520 3521 patriarcha,
3555 3470 3620 3507 ne
3644 3450 3775 3504 abla-

2204 3561 2286 3607 tos
2351 3550 2668 3604 restitueret
2712 3546 3102 3600 ecclesiasticis
3162 3546 3395 3613 reditus,
3454 3545 3775 3601 ditiit-nltatce

2197 3642 2569 3699 communium
2607 3647 2937 3709 temporum.
2970 3639 3198 3693 Demum
3233 3653 3299 3692 eo
3333 3639 3691 3696 descendebat
3726 3643 3776 3684 ut

2199 3735 2319 3801 dari
2373 3732 2672 3801 unicuique
2704 3732 2944 3799 ipsorum
3001 3740 3220 3784 curaret
3265 3732 3356 3785 alii
3396 3748 3516 3793 sex,
3549 3731 3633 3784 alii
3666 3736 3776 3780 orto

2198 3841 2474 3888 nummos,
2503 3822 2856 3893 proportione
2897 3821 3081 3876 habita
3112 3822 3489 3877 ditferentium
3527 3824 3663 3875 inter
3690 3831 3775 3871 ros

2192 3916 2456 3987 graduum
2492 3915 2795 3984 dignitatis.
2829 3915 2908 3969 Ad
2945 3915 3087 3983 quod
3124 3925 3313 3969 contra
3350 3915 3657 3984 excipiebat
3684 3911 3775 3963 im-

2194 4019 2413 4079 perator
2447 4008 2580 4062 nihil
2608 4010 2711 4062 hoc
2743 4021 2865 4061 esse
2899 4024 2913 4059 ε
2950 4022 3074 4060 nam
3112 4024 3178 4060 ne
3207 4008 3429 4075 dignam
3460 4006 3668 4075 quidem
3700 4001 3775 4053 vi-

2197 4101 2310 4153 deri
2365 4108 2472 4153 tam
2526 4100 2777 4165 exiguam
2814 4115 3084 4152 summam
3140 4115 3263 4165 qum
3308 4101 3394 4154 vel
3430 4098 3775 4156 smcularibuﬁ

2194 4178 2483 4249 θεῖοι-τοίοι-
2532 4209 2547 4248 :
2599 4202 2802 4262 quanto
2865 4193 3043 4246 minus
3098 4194 3329 4247 sufﬁciat
3362 4188 3777 4251 ecclesiasticis?

2193 4288 2358 4359 653
2380 4288 2688 4343 l’crsistens
2706 4287 3063 4341 nihilominus
3097 4288 3410 4353 patriarcha
3442 4289 3496 4341 in
3524 4280 3773 4341 sententia

2194 4380 2379 4434 oll'erri
2421 4380 2598 4434 sacris
2630 4378 2948 4434 hominibus
2981 4379 3371 4446 pensiunculas
3424 4379 3559 4434 istas
3600 4372 3770 4446 jussit.

511 4441 732 4531 malum.
768 4444 889 4511 Quo
920 4446 1116 4503 Atman
1149 4452 1443 4509 observato
1479 4456 1682 4525 spebus
1710 4460 1886 4518 elatus
1919 4467 2089 4536 majo.
2125 4463 2167 4516 D
2199 4471 2305 4526 Sed
2354 4488 2518 4547 nemo
2567 4486 2755 4526 eorum
2792 4475 3088 4544 quidquam
3152 4474 3258 4528 tale
3299 4472 3473 4528 voluit
3517 4470 3772 4539 accipere.

513 4522 662 4589 ribus
708 4552 931 4595 cunctas
977 4541 1089 4611 jam
1139 4546 1309 4602 libere
1360 4550 1413 4603 in
1464 4560 1646 4618 partes
1694 4561 2095 4623 grassationem

508 4630 753 4683 extendit
804 4648 955 4687 suam
977 4675 992 4693 .
1028 4651 1092 4689 eo
1121 4653 1376 4696 successu
1411 4657 1467 4697 ιιι
1503 4645 1634 4700 nihil
1668 4649 1813 4705 circa
1856 4651 2094 4711 Nicaeam

507 4728 564 4770 et
603 4718 789 4790 Pythia
817 4764 832 4785 ,
881 4726 1013 4780 n’hl
1062 4730 1113 4782 in
1164 4733 1431 4789 universis
1465 4738 1586 4793 inde
1624 4743 1690 4796 ad
1741 4764 1890 4803 mare
1925 4765 2097 4820 usque

511 4813 821 4875 patentibus
870 4818 1135 4873 tractibus
1174 4839 1396 4891 prorsus
1441 4841 1582 4885 esset
1611 4850 1716 4888 non
1751 4840 1818 4891 ah
1853 4839 1971 4907 ipso
2000 4813 2094 4896 oc-

509 4911 794 4968 cupatum.

511 5013 602 5091 b5.
637 5015 882 5086 Epistola
937 5027 1099 5081 missa
1148 5032 1218 5153 ιὲί
1270 5037 1639 5157 patriar-citam
1681 5059 1715 5095 a
1767 5045 2093 5112 primoribus

616 5144 629 5153 ,
985 5116 987 5119 ί
1207 5119 1264 5155 cc
1291 5122 1435 5157 estw.

985 5116 987 5119 ’
1160 5116 1435 5161 ϋεειρδιαξ.

582 5176 855 5244 Primores
881 5198 1059 5242 autem
1098 5190 1371 5257 Ecclesim,
1407 5199 1519 5264 alii,
1548 5203 1621 5254 uti
1658 5205 1910 5268 superius
1946 5209 2092 5262 dixi-

512 5284 656 5333 mus,
697 5281 960 5343 suspecti,
1001 5282 1089 5334 alii
1131 5287 1279 5338 nallo
1318 5305 1542 5343 numero
1573 5294 1763 5357 habiti,
1802 5297 1893 5349 alii
1929 5314 2092 5354 cura,

511 5358 745 5414 tionibus
781 5367 972 5427 privati
1006 5385 1142 5440 quas
1170 5377 1322 5441 prius
1363 5379 1683 5438 habuerant.
1714 5399 1777 5437 ex
1804 5402 1911 5455 quo
1948 5389 2093 5456 ipso-

512 5466 652 5515 rum,
685 5472 912 5521 quorum
945 5464 1127 5518 titulos
1161 5471 1486 5536 gestabant,
1527 5472 1826 5529 ciliciorum
1875 5477 2087 5545 jactura

512 5548 845 5612 sequebatur
873 5550 984 5621 (ubi
1021 5556 1163 5609 enim
1196 5559 1321 5626 quis
1358 5562 1505 5616 nullo
1555 5579 1782 5619 numero
1836 5568 2095 5635 habetur,

508 5648 557 5690 et
592 5639 637 5692 si
670 5642 914 5697 obtineat
944 5647 1198 5711 ofﬁcium,
1247 5653 1296 5705 id
1330 5654 1468 5707 nihil
1503 5655 1577 5708 illi
1616 5659 1879 5725 prodest),
1919 5666 2011 5714 sed
2042 5676 2100 5717 et

514 5729 785 5786 reditibus
814 5736 1035 5803 privati,
1065 5751 1437 5813 prtetereaquc
1467 5747 1738 5816 objurgati
1782 5767 1846 5803 ac
1872 5752 2093 5808 lacerati

510 5821 724 5893 probris
759 5827 911 5895 quasi
949 5830 1281 5903 negligerent
1313 5853 1431 5909 qua:
1460 5855 1620 5910 agere
1653 5844 1972 5910 debuerant,
2009 5846 2095 5901 in-

2207 4564 2298 4619 Sic
2332 4564 2467 4618 istos
2503 4564 2637 4618 nihil
2674 4580 2701 4617 a
2742 4565 2907 4631 priori
2943 4568 3151 4622 levatos
3185 4565 3367 4633 inopia
3391 4604 3406 4627 ,
3438 4567 3666 4629 cogehat
3696 4559 3773 4611 ni-

2205 4652 2318 4707 hilo
2348 4653 2528 4708 secius
2558 4654 3020 4723 imperiosissimis
3058 4657 3329 4712 mandatis
3361 4655 3669 4724 patriarcha
3700 4649 3774 4703 in-

2205 4756 2464 4816 tempesta
2494 4746 2648 4809 hora,
2688 4747 2849 4817 paulo
2875 4749 3083 4804 scilicet
3112 4761 3233 4818 post
3260 4759 3476 4805 noctem
3510 4747 3735 4802 mediam
3755 4782 3770 4807 ,

2199 4854 2392 4895 somno
2435 4840 2663 4907 abrupto
2708 4841 2760 4894 in
2793 4841 3081 4897 ecclesiam
3118 4859 3430 4908 occurrere,
3465 4841 3643 4910 ibique
3670 4847 3769 4891 tam

2197 4945 2389 4986 severo
2422 4930 2643 4985 silentio
2673 4940 2787 4985 toto
2817 4934 3123 5000 bymnodim
3155 4944 3400 5003 tempore
3431 4944 3696 5002 perstare,
3716 4937 3770 4981 ut

2196 5026 2441 5091 quemvis
2476 5025 2694 5078 interim
2741 5025 2894 5080 alteri
2938 5026 3213 5095 quidpiam
3255 5027 3630 5081 insusurrasse
3679 5035 3771 5091 pro

2198 5116 2412 5182 piaculo
2446 5118 2654 5171 acriter
2688 5117 3022 5171 vindicando
3057 5119 3369 5173 haberetur.
3405 5119 3567 5173 Stare
3599 5124 3767 5169 autem

2201 5218 2314 5263 toto
2346 5209 2439 5263 illo
2468 5216 2715 5280 tempore
2737 5209 2964 5277 jnbebat
2997 5210 3348 5266 immobiliter
3376 5221 3612 5273 erectos,
3641 5223 3769 5262 nun-

2201 5316 2360 5369 quam
2396 5315 2572 5369 neque
2625 5301 2676 5353 in
2721 5301 2998 5356 sinistram
3053 5318 3225 5372 neque
3278 5304 3330 5358 in
3377 5305 3656 5358 dexteram
3690 5298 3766 5352 vel

2201 5393 2467 5445 tantillum
2505 5394 2760 5448 inclinato
2790 5410 3041 5463 corpore.
3067 5395 3158 5449 Sic
3178 5397 3322 5450 enim
3350 5397 3528 5450 aiebat
3554 5410 3583 5449 a
3604 5389 3766 5449 sacris

2198 5484 2498 5536 canonibus
2529 5484 2768 5552 prazcipi.
2808 5485 2917 5541 llac
2950 5486 3037 5540 illa
3068 5497 3177 5541 tam
3208 5502 3323 5540 arta
3355 5486 3653 5554 e0nstringi
3687 5483 3762 5535 di-

2198 5575 2423 5642 sciplina
2473 5590 2583 5629 non
2634 5576 2890 5640 ferentes.
2943 5580 3296 5634 remittebant
3347 5594 3487 5645 sese,
3539 5594 3600 5633 ac
3651 5587 3763 5629 raro

2198 5667 2590 5722 conveniebant
2621 5668 2670 5720 in
2701 5669 3018 5731 ecclesiam.
3048 5673 3303 5739 velutque
3335 5687 3433 5740 pro
3465 5667 3711 5725 abscissis
3732 5678 3758 5715 ³

2202 5754 2525 5825 patriarcha:
2572 5761 2957 5815 communione
2997 5777 3057 5815 se
3106 5767 3385 5831 gerebant.
3439 5756 3506 5814 At
3543 5776 3634 5814 eos
3680 5755 3761 5808 ille

2205 5848 2503 5904 minacibus
2545 5852 2726 5907 missis
2772 5855 3063 5910 revocabat
3107 5855 3325 5919 litteris,
3375 5856 3578 5924 hasque
3624 5854 3756 5921 ipsas
