4046 6400
251 360 357 427 7’35

1192 354 1290 417 DE
1324 351 1764 413 ANDliONlCO
1802 344 2445 419 PALZEOLOGO‘LIB.
2489 344 2621 408 νη.

3416 353 3525 416 7⁸6

256 477 509 538 τεύοντες
541 471 934 526 ἀποστέλλουσι
983 470 1218 540 γράμμα
1244 469 1324 538 τῷ
1365 466 1686 536 πατριάρχῃ
1721 464 1844 532 ἔχον
1872 476 1918 527 Α
1947 464 2039 515 καὶ
2093 461 2372 529 βασιλεῦσι
2422 462 2516 514 καὶ
2571 461 2869 531 ἄρχουσιν,
2922 461 3141 530 ἔχοντες
3207 463 3522 536 ἐλευθερίαν

255 570 348 622 ἐπὶ
372 568 574 632 λέξεως
607 565 802 629 οὕτως·
840 583 858 616 ι
891 564 1134 617 "Attulisti
1163 564 1194 631 ἡ
1225 561 1322 615 τοῦ
1341 559 1481 613 Θεοῦ
1512 556 1837 627 Ἐκκλησία,

255 661 645 728 παναγιώτατε
676 658 916 711 δέσποτα
972 656 1069 709 καὶ
1104 651 1457 723 οἰκουμενικὲ
1488 649 1834 721 πατριάρχα,

252 749 353 824 οὔχ
414 746 541 823 εὗρε
596 751 836 821 Θεσμοὺς
889 749 987 802 καὶ
1039 746 1244 812 τάξεις,
1298 746 1505 807 ταύτας
1559 741 1833 810 ἐφύλαττε

259 848 422 919 μέχρι
472 842 569 897 σοῦ
590 860 605 874 ο
639 843 736 896 καὶ
769 843 820 894 οἱ
853 841 997 894 κατὰ
1035 839 1230 908 καιρὸν
1283 831 1831 904 πατριαρχεύσαντες

255 941 353 994 καὶ
381 933 463 1002 εἷς
489 937 727 999 ἕκαστος
748 935 859 988 τῶν
887 932 981 986 τοῦ
1007 932 1214 1001 κλήρου
1242 931 1345 997 τῆς
1378 927 1545 994 ἁγίας
1577 923 1674 977 τοῦ
1691 921 1830 975 Θεοῦ

256 1031 525 1100 Μεγάλης
580 1028 880 1097 ἐκκλησίας
908 1025 1051 1079 κατὰ
1080 1024 1142 1076 τὸ
1194 1020 1444 1091 στοιχοῦν
1492 1017 1594 1086 τῆς
1626 1016 1832 1084 ἀρετῆς

248 1127 343 1198 μ’.
370 1121 500 1193 449]
546 1123 640 1174 καὶ
678 1118 772 1174 τοῦ
819 1117 1014 1190 χρόνου
1062 1112 1272 1187 βαθμὸν
1317 1112 1599 1183 εὕρισκον.
1639 1108 1834 1177 Ἡμεῖς

250 1218 308 1270 δὲ
341 1214 741 1286 σμικρολογίαν
766 1209 1293 1281 καταγνωσθείημεν
1327 1208 1423 1260 καὶ
1466 1202 1832 1274 βαρυκὰρδιοι

246 1306 704 1376 ὀνειδισθείημεν,
731 1304 815 1356 ὅτι
849 1301 1080 1371 ἀφέντες
1105 1301 1175 1353 τὰ
1206 1299 1383 1370 μείζω
1405 1296 1592 1366 ζητεῖν
1630 1292 1832 1363 ζητοῦ-

250 1417 352 1471 μεν
395 1401 465 1452 τὰ
494 1398 705 1451 ἐλάττω
747 1397 844 1449 καὶ
870 1395 1025 1448 οὐδὲν
1057 1397 1137 1456 είς
1176 1394 1362 1463 ψυχὴν
1393 1387 1826 1461 χρησιμεύοντα.

247 1493 325 1546 Oti
361 1490 637 1562 ζητοῦμεν
665 1487 947 1560 ἡμέτερα,
976 1487 1236 1550 δέσποτα,
1282 1482 1422 1537 ἀλλὰ
1448 1482 1520 1535 τὰ
1560 1480 1656 1534 τοῦ
1690 1478 1829 1532 Θεοῦ

246 1588 345 1642 καὶ
373 1585 476 1655 τῆς
517 1582 874 1652 Ἐκκλησίας.
918 1579 1066 1649 Αὕτη
1113 1581 1147 1649 ἡ
1181 1577 1337 1643 τάξις
1362 1577 1464 1643 τῆς
1499 1571 1832 1641 Ἐκκλησίας

246 1679 343 1733 καὶ
390 1675 490 1730 τοῦ
540 1675 776 1746 κλήρου,
814 1673 881 1743 ἥν
921 1673 1087 1742 ἡμεῖς
1118 1673 1202 1733 εἰς
1232 1669 1294 1722 τὸ
1341 1667 1570 1738 ἀκριϐὲς
1604 1666 1830 1729 εἰδότες,

1942 556 2400 624 προηγουμένως,
2449 554 2523 615 ὡς
2564 553 2629 622 δὴ
2678 553 2861 605 αὐτῶν
2909 555 3214 624 γινομένων
3261 558 3369 610 τῶν
3424 563 3525 629 τῆς

1954 646 2284 713 Ἐκκλησίας
2316 645 2596 698 ἁπάντων.
2620 645 2731 697 Καὶ
2758 645 2807 698 οἱ
2841 645 2986 698 κατὰ
3012 647 3239 716 καιροὺς
3270 651 3369 717 τῆς
3404 650 3524 704 Ἐκ-

1940 739 2170 805 κλησξας
2201 735 2638 806 προστατοῦντες
2657 736 2786 798 τοὺς
2810 732 2905 789 τοῦ
2932 735 3135 807 κλήρου
3170 738 3308 808 μέλη
3341 741 3527 793 αὐτῶν

1941 829 2266 895 ἐλογίζοντο.
2306 828 2422 881 Νῦν
2456 828 2512 880 δὲ
2546 827 2682 880 ἀλλὰ
2712 827 2800 892 τίς
2838 828 2983 881 Ἀλλ’
3011 829 3122 899 ἔχει
3157 846 3241 893 τις
3278 831 3525 902 προϐάλ-

1939 921 2131 974 λεσθαι
2171 921 2270 991 τὴν
2307 922 2402 974 τοῦ
2444 920 2639 990 καιροῦ
2670 920 2980 985 δυσκολίαν,
3013 923 3088 983 ὡς
3125 923 3219 975 καὶ
3254 925 3525 990 πολλάκις

1937 1016 1970 1085 ἡ
2010 1016 2287 1084 ἁγιωσύνη
2315 1030 2435 1066 σου.
2478 1013 2641 1065 Ἀλλὰ
2673 1015 2814 1082 μετὰ
2839 1013 3059 1067 πάντων
3082 1016 3191 1068 τῶν
3230 1016 3525 1086 Ῥωμαίων

1936 1110 2031 1161 καὶ
2061 1110 2248 1177 ἡμεῖς,
2295 1109 2391 1160 καὶ
2433 1106 2513 1169 ὡς
2555 1107 2789 1170 ἕκαστος
2826 1107 3018 1176 ἔτυχεν
3064 1107 3204 1180 ἔχων
3252 1110 3395 1162 οὕτω
3429 1112 3522 1165 καὶ

1935 1202 2097 1271 ἡμεῖς
2124 1216 2139 1230 ·
2184 1199 2321 1254 ἀλλὰ
2351 1198 2503 1269 μόνοι
2535 1200 2698 1269 ἡμεῖς
2728 1199 3126 1269 δυστυχοῦμεν.
3164 1201 3275 1254 Καὶ
3304 1203 3405 1272 οὐχ
3434 1203 3521 1255 ὅτι

1933 1297 2133 1366 ἀπορεῖ
2158 1297 2191 1363 ἡ
2230 1293 2533 1364 Ἐκκλησία
2563 1308 2577 1320 ·
2614 1292 2754 1346 ἀλλὰ
2801 1294 2895 1345 καὶ
2930 1295 3181 1361 εὐπορεῖ,
3220 1295 3342 1348 ὅσον
3366 1297 3519 1350 οῖδα-ι

1935 1406 2054 1458 μεν.
2097 1387 2239 1441 Ἀλλ’
2290 1388 2374 1441 ὅτι
2426 1385 2828 1457 ἀπαιτούμενοι
2879 1386 3023 1440 κατὰ
3075 1390 3363 1456 Κυριακὰς
3425 1391 3525 1443 καὶ

1931 1481 2126 1553 ἑορτὰς
2181 1482 2432 1552 ἀπαντᾷν
2491 1481 2614 1550 μεθ’
2657 1483 2975 1551 inescatith
3033 1485 3197 1552 ἡμεῖς
3248 1488 3342 1536 καὶ
3396 1459 3529 1537 καθ’

1929 1572 2171 1641 ἑκάστην
2195 1571 2532 1641 σχολάζομεν
2558 1573 2652 1626 καὶ
2679 1573 2778 1641 οὐχ
2801 1573 3196 1643 ἁμαρτάνομεν
3219 1579 3301 1639 εἰς
3329 1576 3515 1632 τοῦτο.

1943 1666 2085 1720 Ἀλλ’
2114 1666 2265 1733 ὅμως
2315 1668 2412 1719 καὶ
2443 1667 2526 1730 είς
2575 1667 2738 1721 τοῦτο
2786 1667 3235 1737 ἀπολογούμεθα.
3282 1669 3521 1739 Οἴδαμεν

244 1769 423 1841 ταύτῃ
453 1767 894 1835 ἒνεγηράσαμεν.
931 1763 1044 1817 Καὶ
1081 1759 1206 1814 καθ’
1239 1759 1479 1827 ἑκάστην
1525 1755 1681 1810 ἄλλοι
1729 1752 1825 1807 καὶ
1858 1793 1899 1847 Β
1931 1758 2043 1847 γὰρ
2067 1759 2191 1819 τοὺς
2214 1761 2509 1827 μεγίστους
2529 1759 2734 1831 ἄνδρας
2765 1761 3015 1825 ἐκείνους
3041 1764 3167 1824 τοὺς
3200 1764 3309 1831 πρὸ
3332 1763 3519 1832 ἡμῶν,

242 1863 402 1918 ἄλλοι
451 1861 836 1932 προσήρχοντο
883 1859 981 1911 καὶ
1023 1853 1438 1925 προσεδέχοντο,
1488 1850 1549 1903 οὐ
1600 1849 1827 1918 μάταιοι

241 1958 404 2016 ὅντες
437 1955 533 2007 καὶ
571 1951 788 2021 φαῦλοι,
823 1949 905 2003 ὃτι
937 1946 997 2011 ἒξ
1029 1944 1387 2016 νομισμάτων
1421 1942 1548 1996 κατ’
1572 1938 1825 1994 ἐνιαυτὸν

244 2046 527 2102 δουλεύειν
573 2043 916 2113 ἀπέστησαν,
949 2039 1012 2093 οὐ
1047 2040 1122 2109 μὰ
1162 2038 1292 2101 τοὺς
1326 2033 1511 2105 ἱεροὺς
1562 2031 1826 2115 Θεσμρὺς,

244 2138 342 2201 οὓς
369 2137 420 2190 οἱ
450 2134 687 2204 πατέρες
722 2130 1053 2202 παρέδοσαν
1095 2126 1232 2181 ἀλλὰ
1256 2129 1324 2198 τῇ
1360 2126 1587 2196 χάριτος
1620 2122 1832 2193 φυλατο

246 2232 472 2301 διόμενοι
499 2226 727 2294 δυνάμει
758 2225 959 2287 πάντες
986 2223 1192 2275 ἐκεῖνοι
1234 2221 1332 2274 καὶ
1361 2217 1702 2288 πατριάρχαι
1735 2213 1832 2268 καὶ

246 2323 536 2395 ἀρχιερεῖς
559 2315 726 2391 ἦσαν,
749 2319 847 2370 καὶ
867 2313 1183 2370 διδάσκαλοι
1211 2312 1387 2366 κοινοὶ
1410 2311 1506 2364 καὶ
1536 2308 1831 2377 φωστῆρες

242 2419 360 2480 τοῖς
392 2410 874 2484 ἐκκλησιαστικοῐς
906 2409 1294 2479 ὲμπρέποντες
1317 2402 1626 2474 ἀξιώμασι,
1655 2398 1829 2467 τίμιοι

243 2598 313 2650 ad
344 2591 697 2663 ignominiam
731 2589 948 2644 illorum
980 2588 1032 2642 in
1065 2585 1244 2640 medio
1276 2593 1420 2638 coetu
1451 2580 1828 2652 praefectorum

246 2684 605 2744 monasteriis
630 2684 774 2751 (cum
802 2684 884 2736 his
909 2680 1054 2735 enim
1086 2692 1215 2734 suas
1231 2675 1546 2731 celebrabat
1575 2670 1831 2743 synodos)

237 2778 472 2854 jubehat
502 2778 740 2840 recitari,
779 2772 1103 2829 ostentanda
1139 2784 1239 2839 per
1273 2769 1416 2821 hunc
1444 2767 1662 2819 modum
1693 2764 1831 2815 lidu-

241 2852 330 2926 ria
376 2864 874 2937 irreprebensibilis
908 2876 1017 2917 suae
1064 2864 1118 2915 in
1171 2869 1278 2914 tant
1325 2871 1522 2925 aspero
1568 2852 1832 2922 regimine

248 2960 614 3017 rectitudinis.
666 2954 987 3025 Hujusmodi
1020 2953 1110 3006 diu
1141 2945 1522 3004 vexationibus
1559 2943 1831 3012 primores

244 3054 507 3110 Ecclesia:
539 3050 752 3122 fatigati
794 3046 1079 3119 epistolam
1114 3042 1328 3098 tandem
1357 3038 1424 3092 ad
1460 3036 1829 3106 patriarcham

1934 1844 2011 1905 ὧν
2064 1851 2159 1904 καὶ
2208 1853 2333 1915 τοὺς
2389 1853 2588 1915 τόπους
2632 1855 2800 1922 ἡμεῖς
2839 1854 3184 1924 ἐφθάσαμεν,
3244 1857 3327 1908 ὅτι
3378 1855 3522 1908 οίκοι

1936 1945 2101 2006 ναοὺς
2134 1944 2348 2014 ἔχοντες
2386 1947 2482 1999 καὶ
2517 1948 2685 2016 ἱερεῖς
2718 1948 2787 2000 τὰ
2819 1948 2920 2016 τῆς
2950 1948 3281 2010 ἀκολουθίας
3336 1948 3527 2001 αὐτῶν

1939 2039 2242 2103 ὲξετέλουν,
2276 2039 2569 2109 ἐσχόλαζον
2594 2040 2657 2093 δὲ
2684 2042 2776 2094 καὶ
2806 2043 2888 2104 είς
2917 2041 3016 2112 τὴν
3060 2042 3395 2111 Ἐκκλησίαν
3422 2041 3525 2096 τοῦ

1939 2125 2099 2191 Θεοῦ,
2133 2130 2210 2192 ὡς
2253 2125 2398 2200 εἶχεν
2428 2130 2658 2192 ἕκαστος
2692 2130 2982 2202 δυνάμεώς
3032 2149 3092 2184 τε
3135 2133 3225 2184 καὶ
3257 2133 3524 2203 προαιρέ-

1940 2240 2100 2285 σεως.
2152 2222 2218 2275 Δί
2270 2222 2327 2275 δὲ
2358 2223 2663 2293 ὑπηρεσίαι
2702 2226 2931 2278 ἐκείνων
2978 2227 3032 2277 ai
3087 2224 3197 2276 τῶν
3249 2225 3531 2294 όφφικίων

1938 2316 2166 2369 ἐκείνων
2198 2310 2341 2387 ἦσαν
2371 2316 2675 2386 ἐνέργειαι,
2711 2317 2805 2370 τοῦ
2841 2317 2939 2386 μὲν
2963 2317 3037 2379 ὡς
3069 2317 3381 2386 οἰκονόμου,
3426 2317 3523 2371 τοῦ

1937 2407 1996 2463 δὲ
2032 2409 2109 2473 ὡς
2136 2409 2518 2479 σακελλαρίου,
2552 2409 2647 2464 τοῦ
2704 2408 2749 2463 δ’
2796 2410 2872 2473 ὡς
2921 2411 3375 2482 χαρτοφύλακος,
3431 2416 3525 2466 καὶ

1940 2598 2224 2639 manorum
2256 2586 2496 2639 omnium
2530 2600 2755 2641 numero
2786 2601 3078 2642 censemur
3114 2602 3213 2642 nos
3261 2604 3517 2658 quoque;

1938 2688 1995 2732 et
2035 2691 2144 2745 quo
2168 2677 2293 2746 jure
2336 2694 2511 2746 quare
2553 2680 2867 2735 conditione
2892 2681 3123 2749 quisque
3163 2682 3381 2736 illorum
3414 2695 3521 2751 εει,

1941 2781 2003 2822 ea
2032 2778 2085 2822 et
2109 2784 2206 2822 nos
2230 2785 2351 2823 esse
2378 2771 2648 2824 convenit.
2677 2771 2837 2841 Atqui
2857 2772 2998 2825 haud
3029 2773 3097 2825 ita
3123 2783 3226 2828 est.
3247 2772 3354 2828 Nos
3374 2774 3525 2828 enim

1940 2857 2043 2913 soli
2079 2859 2262 2912 miseri
2300 2859 2594 2913 necessarii
2628 2862 2802 2914 victus
2830 2860 3013 2929 inopia
3054 2862 3377 2928 premimur.
3409 2862 3520 2917 Ne-

1941 2966 2047 3017 que
2101 2951 2203 3005 hoc
2250 2952 2375 3004 inde
2414 2961 2495 3005 est
2534 2953 2680 3020 quod
2711 2961 2869 3020 egeat
2910 2951 3150 3007 Ecclesia
3190 2968 3205 3005 :
3240 2954 3329 3007 illa
3376 2956 3521 3009 enim

1939 3043 2103 3097 etiam
2137 3042 2397 3106 abundat,
2448 3056 2709 3112 quantum
2747 3044 3019 3100 novinms.
3053 3049 3135 3099 An
3175 3046 3224 3099 id
3258 3048 3368 3115 pati
3408 3062 3523 3100 me-

246 3151 474 3204 mittunt
501 3145 585 3200 his
614 3119 772 3212 plane
798 3138 1165 3206 conscriptam
1194 3132 1373 3188 verbis
1407 3130 1669 3184 tetidem:
1707 3119 1831 3179 «Su-

1945 3135 2051 3189 ιίὶῐο
2086 3135 2350 3199 dicemur,
2378 3136 2501 3202 quia
2533 3137 2777 3206 requisiti
2807 3148 2938 3208 quot
2963 3138 3260 3194 Dominicis
3285 3148 3340 3193 et
3365 3139 3521 3194 festis

243 3238 451 3311 periori
485 3247 728 3307 tempore
755 3233 846 3289 Dei
882 3230 1145 3293 Ecclesia,
1177 3224 1522 3282 sanctissime
1543 3219 1760 3274 domine
1774 3224 1832 3271 et

245 3332 591 3391 mcutnenice
638 3326 967 3399 patriarcha,
1014 3338 1118 3378 non
1151 3319 1359 3374 invenit
1395 3319 1494 3371 has
1526 3314 1691 3384 leges,
1731 3325 1830 3365 ne-

243 3444 357 3498 que
389 3422 764 3482 ordinationes
814 3420 950 3474 istas
979 3412 1290 3471 observavit
1318 3421 1488 3478 usque
1521 3406 1589 3459 ad
1622 3413 1695 3469 te,
1736 3402 1831 3456 sed

248 3522 344 3594 qui
384 3535 482 3590 pro
514 3529 756 3588 tempore
784 3510 1212 3582 patriarehatum
1249 3502 1531 3574 gerebant.
1566 3506 1623 3553 et
1655 3509 1824 3550 unus-

247 3590 487 3685 quisque
535 3610 861 3665 clericorum
909 3610 1112 3659 sanctae
1150 3598 1248 3653 Dei
1302 3597 1505 3667 Magnae
1549 3590 1832 3653 ecclesiae,

245 3720 349 3776 pro
375 3701 592 3756 virtutis
623 3698 866 3768 profectu
897 3690 1311 3763 praerogativam
1342 3685 1607 3755 temporis
1626 3693 1682 3738 et
1713 3695 1837 3751 gra-

243 3775 379 3853 dum
413 3792 562 3849 aetati
591 3790 828 3845 debitum
863 3782 1228 3855 reperiebant.
1260 3778 1574 3833 Nosautem
1604 3775 1832 3845 pusilla-

243 3885 513 3945 nimitatis
541 3882 768 3938 nimium
808 3878 1047 3949 qnerqu
1081 3877 1426 3933 damnamur,
1456 3876 1513 3923 ct
1541 3867 1699 3922 nobis
1732 3881 1832 3920 ex-

242 3985 545 4054 probratur
574 3976 814 4046 gravitas
853 3970 1123 4033 cordium,
1150 3966 1296 4035 quod
1330 3964 1645 4017 oudttentes
1678 3974 1832 4029 quae-

240 4052 369 4132 rere
404 4071 610 4137 majora
646 4064 854 4121 minora
883 4071 1192 4132 quaaramus
1221 4064 1276 4110 et
1323 4054 1459 4110 nihil
1490 4052 1558 4106 ad
1590 4052 1826 4105 animam

241 4167 426 4223 utilia.
470 4161 586 4216 Non
616 4157 920 4228 «interimus
953 4160 1163 4213 nostra,
1185 4149 1421 4211 domine,
1449 4145 1545 4200 sed
1582 4156 1705 4212 qua:
1733 4141 1828 4196 Dei

238 4271 374 4317 sunt
400 4253 567 4328 644.
595 4261 650 4307 et
690 4246 971 4304 Ecclesiae.
1010 4242 1107 4298 Hic
1147 4240 1281 4296 ordo
1324 4246 1410 4293 est
1458 4234 1713 4290 Ecclesiae
1760 4247 1828 4287 ac

240 4350 383 4407 cieri
403 4324 608 4417 {quem
642 4354 740 4396 nos
771 4344 961 4393 exacte
989 4332 1224 4389 scientes
1246 4329 1298 4382 in
1328 4341 1394 4383 eo
1418 4324 1827 4387 consenuimus,

1941 3235 2140 3292 praesto
2176 3227 2371 3280 adesse
2401 3241 2522 3280 cum
2550 3230 2811 3296 vestibus,
2841 3244 2939 3283 nos
2965 3230 3209 3297 quotidie
3235 3231 3526 3288 vacamus?

1942 3315 2142 3371 Verum
2181 3317 2232 3371 in
2265 3318 2363 3370 hoc
2391 3333 2497 3372 non
2525 3333 2828 3388 peccamus.
2862 3319 3280 3376 Excusationcm
3319 3326 3524 3393 quippe

1939 3406 2070 3462 facti
2114 3408 2235 3479 ejus
2276 3409 2554 3471 all‘erimus
2596 3411 2867 3466 idoneam.
2920 3412 3136 3468 Scimus
3178 3415 3321 3468 enim
3376 3415 3527 3471 viros

1937 3517 2187 3570 magnos,
2225 3517 2457 3570 quorum
2484 3502 2540 3555 in
2571 3502 2687 3556 loca
2713 3506 3108 3570 successimus,
3145 3506 3345 3560 sacella
3374 3507 3524 3560 demi

1937 3597 2193 3651 habuisse
2221 3607 2272 3648 et
2306 3594 2617 3648 Sacerdotes
2644 3595 2735 3662 qui
2775 3610 2930 3650 sacra
2976 3612 3075 3665 pro
3111 3598 3243 3665 ipsis
3277 3599 3525 3651 ministe-

1936 3689 2020 3743 ria
2059 3700 2114 3741 et
2141 3688 2348 3741 ordinis
2392 3687 2631 3757 ipsorum
2660 3687 2833 3741 oliieia
2870 3700 3217 3757 peragerent.
3258 3688 3392 3747 Inda
3425 3688 3527 3756 ipsi

1940 3778 2203 3833 vacabant
2239 3790 2400 3847 prout
2444 3779 2673 3842 vellent,
2706 3781 3098 3833 convenientes
3136 3781 3188 3833 in
3236 3779 3527 3832 ecclesiam

1939 3871 2156 3940 quando
2203 3871 2466 3924 duntaxat
2503 3870 2698 3938 cuique
2744 3871 3042 3934 videretur,
3076 3888 3173 3938 pro
3211 3873 3417 3924 viribus
3472 3881 3527 3923 et

1928 3961 2101 4050 .645
2129 3961 2323 4017 aﬂ'eetu
2355 3963 2717 4030 singulorum.
2751 3954 3046 4017 Minister-ia
3081 3978 3245 4030 porro
3280 3978 3398 4030 qua:
3430 3963 3529 4016 ob-

1940 4055 2016 4108 ire
2052 4069 2152 4122 per
2193 4069 2251 4107 se
2280 4053 2381 4122 ipsi
2417 4053 2631 4119 publice
2663 4053 2944 4113 deberent.
2968 4053 3266 4107 ciliciorum
3290 4069 3521 4122 quorum

1938 4147 2124 4201 titulos
2161 4152 2438 4211 gerebant,
2468 4144 2779 4199 functiones
2802 4157 2979 4209 erant,
3012 4157 3139 4211 puta
3164 4146 3431 4197 wconomi
3461 4146 3529 4196 il-

1938 4238 2262 4309 lius,_bejus
2323 4237 2614 4301 sacellarii,
2675 4237 2898 4289 alterius
2952 4235 3389 4306 chartophylacis
3438 4247 3531 4290 aut

1936 4330 2178 4387 custodis
2198 4343 2369 4383 sacra:
2412 4328 2779 4397 supellectilis,
2814 4337 2869 4383 et
2897 4328 2977 4382 sic
3013 4332 3079 4382 de
3137 4330 3369 4382 caeteris.
3428 4327 3530 4379 illi-

242 4446 317 4500 δα
353 4455 516 4512 quem
546 4435 621 4491 uti
648 4447 770 4488 esse
804 4435 1071 4485 noverant
1114 4421 1402 4478 lenendum
1432 4427 1489 4474 οι
1512 4417 1605 4473 alii
1640 4430 1830 4472 θοοθε·
1863 4460 1909 4516 D
1940 4439 2058 4479 rum
2089 4422 2251 4492 igitur
2284 4432 2338 4475 et
2363 4438 2562 4477 novum
2595 4430 2680 4477 est
2709 4436 2810 4476 nos
2844 4421 3074 4476 istarum
3124 4421 3326 4474 dudum
3377 4435 3530 4474 com--

239 4510 381 4594 sere?
406 4538 759 4604 aggregaules
789 4540 850 4580 se
883 4522 1037 4577 nobis
1062 4559 1076 4584 ,
1106 4528 1339 4586 eumque
1369 4529 1468 4568 usu
1502 4510 1830 4580 comproba—

243 4637 400 4693 runt,
427 4626 844 4691 haudquaquam
873 4613 1077 4670 idcirco
1103 4608 1253 4666 stulti
1282 4615 1340 4662 et
1364 4604 1490 4660 mali
1523 4604 1664 4673 quod
1689 4615 1832 4656 mer-

242 4721 387 4777 cede
422 4730 516 4772 sex
559 4721 910 4767 nummorum
951 4713 1065 4758 toto
1096 4715 1241 4755 anno
1267 4698 1477 4767 servire
1504 4697 1825 4751 abnuerent.

246 4814 391 4878 Non,
419 4823 514 4880 per
543 4817 731 4860 sacras
765 4800 914 4868 leges
933 4810 1070 4866 quas
1097 4793 1289 4848 Patres
1312 4790 1660 4845 tradiderunt
1688 4804 1704 4842 :
1730 4785 1826 4841 sed

1938 4519 2223 4571 missarum
2250 4514 2407 4570 nobis
2438 4513 2779 4569 curationum
2816 4513 3243 4567 auctoramentis
3271 4519 3325 4564 et
3366 4526 3524 4564 exer-

1936 4603 2066 4660 citio
2128 4603 2370 4672 privatos
2398 4603 2514 4672 cogi
2539 4601 2652 4671 jam
2681 4604 2747 4654 ad
2808 4602 2912 4655 alia
2938 4615 3059 4669 qua:
3115 4600 3181 4653 ad
3237 4614 3337 4652 nos
3424 4614 3528 4651 non

1935 4697 2207 4767 pertinent
2237 4695 2557 4748 ministeria.
2589 4693 2938 4747 Nuncautem
2973 4693 3178 4746 crebrae
3208 4691 3314 4743 λειω
3342 4690 3531 4759 objur-

1933 4790 2155 4862 gntorize
2186 4790 2380 4844 litterae
2411 4788 2715 4842 sanctitatis
2748 4796 2852 4840 tuae
2914 4786 3138 4853 adigunt
3174 4798 3275 4836 nos
3323 4785 3389 4835 ad
3427 4782 3533 4834 tui-

1940 4893 2102 4938 nutas
2130 4879 2656 4944 observatiunculas,
2689 4877 2879 4946 quales
2910 4892 2940 4928 a
2978 4875 3131 4929 nobis
3148 4874 3273 4926 olim
3295 4871 3536 4941 parvulis

247 4904 442 4978 gratiae
472 4894 729 4956 custoditi
765 4896 966 4948 virtute
996 4901 1186 4944 omnes
1223 4885 1298 4940 illi
1334 4892 1389 4940 et
1423 4881 1747 4952 patriarchae
1780 4888 1834 4934 et

1939 4989 2121 5047 patres
2147 4975 2213 5029 ad
2254 4972 2523 5043 ptedagogi
2556 4945 2775 5025 scutica
2806 4967 2969 5021 minis
2993 4962 3389 5032 exprimebant.
3430 4963 3525 5013 At-
3576 4945 3589 5045 ᾖ

248 4971 494 5067 episcopi
526 5000 703 5055 erant,
731 4999 782 5043 et
813 4982 1055 5056 magistri
1086 4991 1426 5041 communes,
1458 4987 1515 5030 et
1543 4971 1833 5028 luminaria

251 5087 668 5149 ecclesiasticis,
705 5082 883 5140 ornati
934 5076 1309 5147 dignitatibus,
1341 5069 1683 5126 venerabiles
1732 5068 1836 5121 ἱιιμ

256 5180 607 5257 peratoribus
655 5183 712 5231 et
748 5171 1106 5243 principibus,
1142 5168 1305 5234 pleno
1348 5180 1413 5219 ex
1459 5162 1509 5216 vi
1565 5174 1838 5231 possessa:

252 5254 548 5351 potestatis
596 5270 720 5338 jure
768 5264 977 5335 praediti
1030 5257 1393 5316 constituendi
1438 5270 1535 5325 pro
1578 5255 1735 5309 libito
1764 5254 1832 5305 de

253 5346 420 5425 rebus
445 5374 501 5419 et
528 5357 779 5432 personis
809 5353 1091 5420 Ecclesia‘,
1124 5351 1337 5407 cunctis
1363 5363 1429 5403 ex
1462 5361 1650 5402 eorum
1680 5346 1830 5400 arbi-

254 5461 362 5517 trio
390 5450 770 5528 pendentibus.
798 5448 869 5503 Et
894 5447 988 5518 qui
1022 5445 1188 5499 variis
1230 5441 1564 5509 temporibus
1599 5437 1831 5507 praefue-

260 5560 385 5605 runt
420 5542 703 5607 Ecclesiae,
733 5554 825 5593 eos
860 5537 950 5606 qui
994 5549 1027 5590 e
1054 5534 1202 5588 clero
1225 5541 1432 5595 essent,
1461 5529 1706 5583 membra
1735 5541 1833 5581 sua

260 5650 503 5717 ipsorum
532 5636 878 5708 reputabant.
904 5632 1060 5687 Nunc
1086 5641 1265 5685 autem
1291 5626 1456 5698 quid?
1484 5624 1625 5681 forte
1652 5624 1842 5680 obten-

261 5741 391 5792 dere
423 5732 566 5787 rolct
594 5727 863 5799 quispiam
888 5722 1234 5778 dililcultates
1254 5717 1608 5790 praesentium
1633 5727 1842 5787 tempo-

262 5845 404 5894 rum,
435 5833 595 5897 prout
640 5833 783 5889 sacpe
815 5816 940 5874 fecit
971 5815 1232 5872 sanctitas
1264 5825 1376 5870 tua.
1420 5813 1617 5870 Verum
1645 5812 1702 5868 in
1734 5811 1842 5867 Ro-

586 6068 606 6095 Ι

1942 5067 2034 5134 qui
2066 5065 2178 5134 jam
2206 5063 2502 5123 senuimns,
2564 5057 2755 5127 majori
2808 5057 2907 5110 arvi
2971 5056 3144 5124 spatio
3204 5055 3256 5106 in
3318 5053 3534 5133 assidua

1942 5158 2201 5216 Ecclesia:
2231 5158 2325 5211 Dei
2358 5154 2693 5211 celebrandae
2716 5161 2770 5205 et
2827 5148 3234 5219 frequentandae
3285 5159 3539 5213 perseve-

1942 5252 2119 5307 rantia
2148 5255 2493 5315 consumpto,
2521 5243 2830 5299 assistendo
2872 5244 3083 5311 quoties
3107 5235 3391 5306 Oportebat
3415 5247 3537 5286 cum

1943 5361 2100 5401 sacro
2127 5343 2322 5399 vestitu
2352 5341 2579 5411 publicis
2616 5337 2830 5392 ritibus.
2863 5336 3067 5390 Tamen
3123 5333 3225 5386 iSta
3277 5329 3539 5401 inusitata

1943 5454 2087 5494 nunc
2117 5438 2363 5506 exigente
2391 5450 2419 5487 a
2451 5432 2604 5489 nobis
2626 5431 2910 5487 sanctitate
2944 5438 3032 5482 tua
3077 5440 3347 5497 paremus,
3371 5433 3422 5474 et
3461 5418 3544 5473 ἰδν-

1950 5533 2124 5588 cimus
2151 5546 2255 5584 non
2287 5528 2461 5582 solum
2488 5527 2561 5580 ob
2591 5524 2947 5580 reverentiam
2987 5519 3199 5588 paterni
3258 5515 3331 5568 tui
3392 5526 3546 5565 man-

1950 5624 2082 5687 dati,
2142 5624 2235 5676 sed
2265 5633 2396 5675 cura
2423 5619 2589 5674 etiam
2639 5617 2861 5672 honoris
2889 5612 3061 5667 nostri
3089 5622 3341 5663 ctamore
3370 5603 3544 5655 laudis

1949 5719 2069 5788 ejus
2101 5730 2224 5787 qua:
2252 5715 2374 5770 talia
2404 5712 2788 5782 prtestantibus
2837 5705 3113 5775 competit.
3177 5700 3369 5753 Verum
3420 5694 3545 5764 qui-

1950 5814 2069 5869 deut
2100 5819 2184 5867 est
2238 5823 2334 5864 uos
2389 5809 2547 5864 istam
2601 5803 2875 5876 paululum
2938 5796 3209 5853 interdum
3267 5791 3547 5849 remisisse
