4046 6388
310 341 418 404 70‘.)

1285 344 1383 404 DE
1423 301 1874 404 ANDIiONlCO
1908 345 2374 408 mneomeo
2406 348 2553 410 LIB.
2589 347 2726 410 v11.

3472 352 3576 414 710

308 451 478 530 ᾗτῶν
513 456 797 528 ἡμετέρων
834 457 1159 529 οἰκονομιῶν
1208 458 1318 512 ἀπὸ
1363 458 1475 512 τῶν
1523 459 1765 528 ἐχθρῶν,
1799 459 1892 512 καὶ
1924 466 1967 522 Α
1998 461 2328 528 πνεύματος.
2379 463 2566 516 Ταῦτα
2608 465 2768 533 ήμεῖς
2800 463 3112 534 βιασθέντες
3157 465 3406 536 εἴπομεν,
3438 469 3580 538 πλὴν

309 547 443 601 αὐτὸ
490 549 846 619 περισυνάγει
894 553 921 603 ὁ
969 551 1074 603 τῶν
1109 549 1218 602 σῶν
1263 549 1489 604 δικαίων
1519 550 1730 621 ἔφορος.
1782 551 1892 603 Καὶ

309 639 469 692 τοῦτο
496 641 696 708 καλόν;
753 641 895 712 Πλὴν
930 641 988 694 δὲ
1039 640 1200 694 τοῦτο
1232 641 1394 706 μόνον
1442 640 1890 711 παρακαλοῦμεν,

308 728 390 782 ὃτι
425 730 549 782 ἐπεὶ
583 729 681 793 τὰς
714 735 809 794 σὰς
848 733 1066 801 γραφὰς
1095 731 1193 793 τὰς
1242 733 1379 800 πρὸς
1408 732 1554 801 ἡμᾶς
1598 730 1892 794 συνοδικῶς

308 821 671 891 προστάττεις
709 821 1206 890 ἀναγινώσκεσθαι,
1259 823 1354 874 καὶ
1402 823 1451 874 οἱ
1482 821 1704 890 ἀδελφοὶ
1729 822 1890 891 ήμῶν

311 912 396 984 [Ρ.
430 913 560 985 451]
586 916 636 966 οἱ
662 915 954 985 ἡγούμενοι
983 914 1410 985 ἐπιψηφίζονται
1433 917 1570 984 ήμῖν
1590 917 1658 967 τὰ
1685 915 1891 984 ἀρεστὰ

307 1008 375 1073 τῇ
410 1006 688 1075 ἁγιωσύνῃ
722 1024 838 1068 σου,
872 1006 959 1058 ἵνα
989 1005 1314 1078 ἀναγνωσθῇ
1349 1007 1445 1059 καὶ
1472 1004 1669 1076 αῦτηή
1699 1006 1888 1076 γραφὴ

310 1098 490 1166 ἡμῶν,
529 1097 619 1149 καὶ
661 1097 690 1149 ὃ
720 1115 771 1150 τι
807 1097 876 1150 ἂν
908 1097 1262 1168 διακρίνωσιν
1300 1099 1375 1160 ώς
1408 1098 1749 1168 Χριστιανοί.
1784 1098 1892 1150 Καὶ

309 1190 438 1240 ἄλλο
467 1189 640 1253 πιέζει
663 1191 811 1260 ἡμᾶς
832 1191 1156 1262 δεινότερον,
1185 1190 1245 1243 τὸ
1271 1190 1363 1246 ἐπὶ
1385 1191 1656 1252 τοσούτοις
1679 1190 1889 1260 χρῦνοις

308 1281 749 1350 ἀπροϐιόάστους
791 1283 1068 1352 διαμένειν
1103 1282 1273 1353 ἡμᾶς.
1309 1279 1497 1345 Ἔδοξε
1547 1281 1706 1334 τοῦτο
1738 1281 1888 1350 ὑμῖν,

311 1376 404 1424 καὶ
437 1371 600 1426 ἔστω.
635 1373 804 1427 Ὅπου
853 1376 886 1444 ή
934 1374 1108 1444 ζημία
1157 1373 1370 1439 πίπτει,
1403 1376 1430 1426 ὁ
1475 1373 1695 1435 συνετὸς
1729 1370 1886 1426 οἶδεν.

310 1466 384 1517 Τὸ
411 1465 464 1517 δὲ
497 1466 590 1518 κιὶ
614 1465 724 1518 τῶν
756 1467 1038 1536 προσόδων
1081 1465 1192 1520 τῶν
1239 1464 1512 1535 όφφικίων
1539 1465 1698 1535 ήμῶν
1759 1482 1886 1518 στε-

311 1556 528 1625 ρεῖσθαι
559 1559 648 1610 καὶ
669 1557 779 1611 ἀπὸ
799 1558 961 1630 λιμοῦ
985 1559 1374 1628 ἀποθνήσκειν,
1403 1559 1554 1622 ποῖος
1584 1557 1762 1610 κανὼν
1792 1560 1891 1628 τῆς

319 1647 698 1718 Ἐκκλησίαςῆ
734 1649 862 1702 ποία
902 1648 1010 1700 τῶν
1055 1649 1314 1719 Πατέρων
1347 1648 1542 1718 πρᾶξις
1589 1647 1621 1717 ἢ
1653 1650 1782 1700 ποῖα
1815 1648 1892 1700 δι-

1995 557 2070 618 ώς
2113 556 2374 625 Ῥωμαῖοι
2407 559 2500 611 καὶ
2532 561 2589 610 ὲν
2612 558 2836 629 Χριστῷ
2871 558 3274 629 ἀπελεύθεροι,
3310 563 3370 612 οὐ
3409 579 3580 615 καταο

1993 645 2336 715 δουλούμενοι
2359 647 2458 717 τὴν
2488 648 2822 718 ἐλευθερίαν.
2859 649 3051 702 Καίτοι
3097 666 3161 717 γε
3197 651 3439 719 Σευῆρον
3484 651 3578 704 καὶ

2004 737 2324 792 Ἀντωνίνου
2375 737 2588 790 ἀσεϐῶν
2663 737 2929 807 βασιλέων
2982 740 3319 806 ἀντιγραφαὶ
3389 740 3572 804 καλῶς

1992 828 2218 898 ἔχουσαι
2260 831 2354 883 καὶ
2410 831 2504 882 ἐπὶ
2552 832 2662 892 τοῖς
2697 829 2945 882 εὐσεϐέσι
2993 831 3332 900 κατέχονται,
3373 831 3447 895 ὡς
3500 834 3575 902 μή

1993 922 2399 989 ἀναγκάζεσθαι
2426 923 2576 992 παρὰ
2599 923 2828 992 δύναμιν
2863 925 2988 986 τοὺς
3017 921 3237 985 δούλους
3262 923 3365 976 κᾶν
3394 926 3577 989 όπωσ-

1991 1013 2214 1082 δήποτε.
2247 1010 2400 1068 .Εἷτα
2445 1016 2514 1066 τά
2547 1015 2891 1084 δικαιώματα
2921 1014 3015 1068 τοῦ
3046 1015 3182 1068 Θεοῦ
3214 1015 3290 1078 ὼς
3326 1017 3415 1069 ἐπ’
3451 1017 3578 1069 Ἐκ-

1992 1104 2224 1174 κλησίας
2267 1105 2588 1172 ἱσταμένους
2639 1107 2793 1168 ὅλους
2832 1105 3248 1177 ὲστηλωμένους
3281 1102 3426 1161 εἶναι
3455 1107 3578 1178 θεῷ

1993 1194 2092 1260 δεῖ,
2128 1194 2296 1265 μηδὲν
2320 1194 2456 1264 πρὸς
2481 1196 2764 1264 ἀλλήλους,
2791 1195 2894 1250 κᾶν
2923 1198 3202 1266 ἀναγκαία
3227 1199 3577 1268 παρεμπέσοι

1929 1339 1937 1347 _
1991 1286 2171 1355 χρεία,
2210 1287 2270 1338 τὸ
2301 1285 2508 1340 οἱονοῦν
2543 1287 2882 1356 ὁμιλοῦντας,
2922 1290 3016 1342 καὶ
3050 1288 3209 1342 τοῦτο
3237 1289 3445 1360 ἔπρεπε
3481 1292 3578 1343 καὶ

1992 1378 2123 1446 ἡμῖν
2143 1377 2413 1446 γίνεσθαι,
2433 1378 2709 1446 δέσποτα;
2735 1382 2783 1433 εί
2812 1383 2952 1434 κατὰ
2987 1383 3254 1453 μοναχοὺς
3271 1385 3366 1435 καὶ
3386 1384 3574 1452 ἡμεῖς,
3603 1393 3608 1398 ’

1991 1468 2068 1532 ὡς
2111 1471 2310 1523 ἐκεῖνοι
2366 1470 2902 1541 ὲκκλησιαξώμεθα,
2948 1471 3089 1526 ὥστε
3131 1475 3205 1543 μὴ
3243 1473 3422 1536 καλῶς
3458 1475 3580 1526 ἐπι-

1995 1559 2235 1626 φώσκειν
2262 1562 2360 1631 τὴν
2393 1562 2607 1632 ἡμέραν
2653 1566 2745 1616 καὶ
2780 1564 3060 1629 ἀπολύειν,
3104 1565 3238 1635 μηδέ
3279 1583 3431 1628 τινας
3468 1566 3578 1618 τῶν

1995 1645 2100 1710 ἔξω
2123 1651 2534 1720 προσαπαντᾷν.
2573 1651 2690 1704 Νῦν
2728 1651 2786 1704 δὲ
2819 1652 2880 1702 ἐκ
2917 1654 3278 1721 μεσονυκτίου
3307 1656 3365 1717 ἐς
3402 1654 3576 1726 μέσην

308 1739 601 1808 καιώματα
627 1740 841 1794 δίδωσιν
864 1758 880 1806 ;
913 1741 1108 1811 Ὅμως
1133 1739 1272 1793 ἔστω
1296 1743 1392 1794 καὶ
1422 1739 1600 1795 τοῦτο.
1627 1741 1774 1812 Πλὴν
1805 1741 1891 1794 ἵνα
1929 1733 1968 1787 Β
1997 1738 2208 1809 ἡμέραν
2233 1740 2524 1811 ἱστάμεθα,
2557 1743 2648 1794 καὶ
2673 1742 2800 1805 λαὸς
2825 1745 2918 1796 καὶ
2942 1744 3147 1815 πλῆθος
3179 1747 3273 1798 καὶ
3301 1745 3573 1814 κώδωνες,

310 1832 386 1903 μὴ
441 1832 770 1902 αὑτοφόνται
839 1832 1172 1902 γενώμεθα,
1227 1835 1326 1895 τὰς
1393 1832 1495 1887 τῶν
1548 1833 1890 1904 Χριστιανῶν

307 1923 749 1994 περιορεξόμεθα
782 1924 952 1995 θύρας
1003 1927 1100 1979 καὶ
1149 1925 1554 1995 άπαιτήσομεν,
1591 1926 1685 1978 καὶ
1732 1913 1894 1992 μολο-

307 2018 451 2086 Εροὶ,
475 2015 621 2084 οἴμοι
646 2017 658 2069 !
685 2017 734 2068 οί
760 2017 1199 2086 τῆςἚκκλησίας
1235 2017 1492 2087 τρόφιμοι
1518 2019 1584 2070 ἐκ
1614 2017 1722 2070 τῶν
1752 2019 1888 2086 Χριο

307 2111 540 2161 στιανῶν
594 2109 776 2178 θυρῶν
824 2109 1247 2179 τραφησόμεθα,
1285 2109 1479 2161 πλατεί
1531 2107 1607 2177 τῷ
1660 2110 1888 2178 στόματι

306 2200 802 2272 ἐκτραγῳδοῦντες,
830 2202 902 2264 ὼς
937 2202 1106 2264 εἰκὸς,
1132 2204 1203 2253 τὰ
1227 2201 1496 2270 ήμέτερα.
1530 2199 1888 2269 Παρακαλοῦ-

307 2313 407 2364 μεν
437 2296 823 2364 ήσυχάξοντες.
848 2295 959 2348 Καὶ
988 2293 1063 2364 μὴ
1092 2297 1156 2346 ὲκ
1180 2293 1290 2346 τῶν
1326 2293 1434 2344 σῶν
1455 2291 1686 2362 γραφῶν
1717 2307 1885 2359 παροσ

302 2385 650 2457 τρυνώμεθα,
676 2388 771 2438 καὶ
799 2383 950 2440 ταῦτ’
981 2384 1346 2450 ἀδικούμενοι.
1371 2383 1520 2444 Τέως
1539 2382 1595 2434 δὲ
1615 2380 1884 2433 δουλεύειν

305 2480 408 2547 μὲν
452 2478 716 2548 μέλλομεν
756 2477 900 2531 κατά
935 2477 1205 2547 δύναμιν,
1263 2476 1354 2529 τὸν
1399 2475 1458 2529 δὲ
1495 2474 1688 2542 μισθὸν
1722 2475 1883 2545 ήμῶν

304 2572 619 2642 θαρροῦμεν
645 2569 742 2634 ὡς,
783 2569 832 2621 εί
880 2568 1016 2629 Θεὸς
1046 2567 1210 2632 θέλοι,
1238 2567 1339 2618 οὐκ
1368 2566 1730 2633 ἀπολέσομεν,
1779 2563 1884 2616 κᾶν

303 2664 554 2730 κάλαμον
609 2659 1071 2730 συντετριμμένον
1119 2656 1409 2725 κατεάγειν
1477 2656 1578 2709 οὐκ
1624 2657 1880 2717 ἀποκνείς

303 2755 399 2805 καὶ
437 2753 530 2805 τοῦ
564 2749 760 2822 καιροῦ
789 2751 1116 2824 δριμύτερος
1145 2748 1415 2816 γίνεσθαι.
1455 2746 1656 2816 Ἐχρῆν
1687 2747 1745 2799 δὲ
1785 2746 1884 2816 οὐχ

300 2843 446 2897 οὕτω
494 2843 590 2898 τοῦ
634 2841 843 2913 ἀγαθοῦ
901 2843 998 2897 καὶ
1050 2838 1432 2910 φιλανθρώπου
1491 2837 1884 2907 πιστευόμενον

302 3019 602 3086 dientibus,
630 3026 686 3073 et
720 3031 784 3073 ea
821 3016 1098 3072 intellecta
1147 3014 1412 3082 judicium
1469 3013 1535 3069 de
1566 3027 1734 3070 causa
1787 3029 1884 3069 no-

300 3123 412 3166 stra
455 3111 656 3174 ferant,
683 3126 748 3166 ea
814 3109 1144 3166 rectitudine
1175 3123 1298 3176 quae
1331 3105 1676 3162 Christianos
1706 3108 1880 3172 decet,

301 3203 440 3258 nihil
471 3202 770 3257 tribuentes
794 3200 1121 3271 praeiudiciis
1155 3175 1248 3252 aut
1278 3199 1584 3268 acceptioni
1619 3214 1883 3268 persona-
1908 3175 1953 3234 θ

303 3311 448 3351 runt.
479 3296 638 3351 Aliud
681 3305 942 3364 praeterea
981 3297 1171 3365 pungit
1203 3311 1302 3352 nos
1330 3294 1572 3366 gravius,
1605 3293 1748 3362 quod
1770 3292 1882 3362 jam

301 3397 384 3442 tot
410 3387 568 3440 annis
596 3385 743 3440 nulla
775 3384 1102 3453 cujusquam
1154 3385 1296 3440 facta
1347 3382 1620 3454 promotio
1647 3391 1748 3436 est.
1794 3381 1886 3436 Sic

302 3480 461 3534 vobis
491 3479 663 3534 visum
711 3487 813 3534 est.
847 3477 1160 3533 Perieratur
1208 3488 1264 3532 et
1313 3478 1435 3530 hoc.
1471 3475 1590 3540 Quo
1626 3476 1884 3527 damnum

301 3575 422 3642 ejus
451 3573 761 3627 omissionis
823 3573 1049 3635 recidat,
1103 3571 1342 3640 prudens
1402 3569 1582 3637 quivis
1611 3569 1882 3637 intelligit.

305 3665 520 3719 l'rivari
551 3674 732 3718 autem
783 3679 884 3718 nos
935 3665 1296 3732 proventibus
1329 3669 1645 3714 nostrorum
1680 3659 1887 3714 olIicio-

303 3773 422 3811 rum
446 3766 500 3812 et
532 3756 674 3811 fame
703 3757 897 3821 emori,
923 3756 1046 3824 quis
1080 3770 1252 3810 canon
1303 3754 1576 3819 Ecclesiae,
1603 3753 1728 3824 quis
1755 3768 1884 3807 usus

301 3850 550 3914 Patrum,
589 3863 709 3917 qua:
757 3847 968 3916 iustitia
1028 3847 1572 3916 permittitiverum
1632 3855 1687 3899 et
1741 3845 1886 3899 istud

300 3957 523 4010 quoque
555 3943 834 3996 toleretur.
860 3938 1066 3994 Tamen
1102 3953 1168 3992 ne
1206 3950 1410 3994 nostra:
1447 3939 1571 4007 ipsi,
1606 3937 1751 4008 quod
1777 3952 1882 3990 non

301 4035 454 4099 licet,
497 4033 688 4088 mortis
745 4041 998 4086 auctores
1057 4031 1250 4096 simus,
1280 4030 1627 4085 cursabimus
1677 4029 1888 4083 mendi-

301 4125 483 4180 cando
534 4126 740 4179 circum
791 4123 1231 4178 Christianorum
1287 4123 1452 4185 ostia,
1495 4123 1694 4176 misera
1730 4122 1888 4189 panis

304 4220 478 4273 frusta
506 4218 907 4287 conquirentes.
951 4215 1016 4269 Et
1068 4231 1211 4270 nunc
1251 4215 1423 4270 Iurida
1488 4215 1886 4280 mendicabula,

301 4312 443 4366 eheu
473 4311 486 4363 l
514 4309 642 4363 olim
682 4309 887 4364 alumni
943 4307 1226 4372 Ecclesiae,
1278 4306 1560 4362 sordidum
1593 4309 1800 4362 victum
1832 4308 1886 4360 in

1995 1830 2086 1881 καὶ
2111 1829 2211 1883 οὐκ
2245 1830 2361 1882 ἔστι
2391 1831 2451 1883 τὸ
2501 1831 2892 1902 ἐνεργούμενον
2943 1837 3051 1887 πᾶν
3103 1837 3408 1907 προσευχὴ,
3456 1837 3574 1890 ἀλλ’

1995 1919 2112 1973 ἔστι
2145 1923 2238 1974 καὶ
2270 1922 2601 1990 καλλιφωνία
2633 1924 2726 1975 καὶ
2755 1923 3163 1994 ἀναγνώσματα
3195 1925 3289 1978 καὶ
3333 1926 3578 1994 καθέδρα

1995 2012 2089 2064 καὶ
2117 2013 2299 2076 ἄνεσις
2327 2014 2414 2066 διὰ
2444 2014 2631 2083 μέσου,
2667 2013 2789 2066 καθ’
2819 2013 2854 2068 ἃ
2897 2015 3088 2079 ἄλλους
3120 2017 3216 2085 μὲν
3259 2016 3440 2080 ἔξεστι
3481 2019 3575 2070 καὶ

1992 2101 2173 2177 λέγειν
2195 2105 2286 2156 καὶ
2316 2106 2580 2173 πράττειν
2603 2106 2663 2158 τὸ
2695 2107 3102 2177 παριστάμενον
3141 2107 3215 2170 ὼς
3251 2108 3572 2175 ἀναγκαῖον.

1993 2168 2267 2264 Οὑδέγάρ
2295 2168 2387 2248 καλ
2418 2197 2579 2266 ήμεῖς
2609 2168 2802 2261 ἄλλους
2836 2168 2964 2260 τοὺς
2997 2168 3321 2267 οἰκονόμους
3354 2168 3572 2268 έχομεν,

1989 2285 2064 2347 ὼς
2095 2284 2348 2338 ἐντεῦθεν
2375 2286 2780 2353 ἀπολυομένους
2838 2289 3142 2358 τραπέζαις
3193 2290 3444 2360 ἑτοίμαις
3474 2295 3575 2360 ἐφ-

1987 2374 2263 2441 ίστασθαι,
2317 2375 2458 2429 ἀλλὰ
2515 2378 2678 2446 τυχδν
2736 2380 2800 2431 ὲκ
2859 2379 3271 2449 διαλειμμάτων
3324 2381 3464 2433 κατὰ
3513 2381 3575 2436 τὸ

1991 2469 2136 2528 εἰκὸς
2162 2471 2544 2540 φροντίσομεν.
2579 2469 2666 2542 [Ρ.
2686 2470 2816 2542 452]
2843 2471 2936 2541 Μὴ
2959 2468 3052 2526 οὖν
3077 2474 3216 2527 κατά
3244 2474 3342 2544 τὴν
3367 2475 3578 2546 ὑψηλὴν

1988 2562 2195 2632 ταύτην
2216 2563 2275 2615 δὲ
2314 2563 2408 2616 καὶ
2452 2566 2717 2633 μεγίστην
2749 2565 2847 2617 καὶ
2889 2567 3016 2626 τοὺς
3053 2566 3373 2636 χθαμαλοὺς
3425 2569 3579 2638 ἡμᾶς

1982 2656 2087 2723 ,καὶ
2120 2655 2405 2724 βιωτικοὺς
2438 2655 2584 2726 ἔχειν
2613 2656 2758 2719 θέλε,
2801 2659 2896 2710 καὶ
2927 2659 3010 2720 εἰς
3042 2658 3389 2727 κατάγνωσιν
3429 2663 3575 2729 ἀμε-

1992 2747 2141 2809 λείας
2203 2746 2343 2800 τίθει
2399 2749 2467 2801 τά
2525 2749 2618 2818 τῆς
2673 2749 2943 2816 ἀνάγέης.
3004 2750 3373 2820 Ἀτονήσομεν
3421 2752 3575 2823 γάρ,

1995 2838 2301 2891 πίστευσον.
2359 2839 2463 2892 Καὶ
2511 2839 2606 2891 ἐὰν
2663 2839 2951 2909 μέλλωμεν
2997 2839 3252 2892 ἐντεῦθεν
3307 2844 3577 2914 κατακρί-

1995 3026 2092 3070 tes.
2141 3015 2298 3070 Enim
2333 3031 2463 3072 vero
2521 3016 2705 3072 Set-eri
2738 3027 2790 3074 et
2826 3019 3109 3084 Antonini,
3141 3021 3419 3090 gentilium
3452 3024 3580 3079 licet

1995 3110 2404 3178 imperatorum,
2435 3111 2750 3179 prtescripta
2787 3121 3004 3168 exstant
3061 3115 3198 3168 bona
3246 3122 3302 3168 et
3354 3129 3384 3168 a
3418 3116 3580 3170 ϐίη-ἰ.

1986 3199 2177 3253 stianis
2234 3213 2451 3267 quoque
2526 3201 2864 3269 principibus
2924 3214 2982 3256 nt
3036 3203 3278 3258 salubria
3336 3215 3575 3272 retenta,

1985 3291 2178 3360 quibus
2206 3299 2430 3374 vetatut;
2456 3309 2522 3346 ne
2556 3309 2584 3345 a
2631 3295 2806 3350 servis
2863 3310 3029 3363 opera
3061 3310 3227 3364 supra
3265 3297 3408 3353 vires
3461 3301 3578 3352 exi-
3619 3333 3622 3336 -

1986 3391 2164 3453 gatur,
2189 3386 2670 3455 autcujuscunque
2722 3389 2886 3443 sortis
2916 3391 3182 3458 mancipia
3240 3394 3578 3448 contendere

1986 3489 2248 3545 cogantur
2281 3476 2420 3530 ultra
2450 3492 2611 3543 quam
2650 3479 2854 3533 valent.
2905 3479 3038 3544 Qua:
3073 3493 3256 3536 autem
3293 3484 3413 3538 ista:
3445 3494 3576 3539 sunt

1967 3584 2123 3650 quas
2179 3569 2378 3636 allegas
2423 3567 2844 3638 justiﬁcationes
2877 3569 2998 3637 Dei,
3043 3571 3246 3640 quibus
3277 3573 3490 3629 scilicet
3520 3587 3579 3630 ut

1986 3666 2350 3734 obtemperes,
2389 3679 2416 3715 a
2461 3665 2617 3718 nobis
2673 3664 2846 3732 exigis
2893 3673 2952 3720 ut
3001 3674 3210 3719 stemus
3261 3667 3314 3720 in
3346 3668 3576 3722 ecclesia

1989 3751 2179 3818 erecti,
2215 3753 2541 3812 immobiles,
2568 3753 2739 3806 instar
2771 3753 3038 3807 columna:
3089 3753 3275 3825 deliri,
3315 3755 3452 3811 nihil
3493 3759 3577 3810 Iri-

1987 3855 2200 3898 scentes
2223 3844 2290 3897 ad
2324 3860 2421 3898 nos
2446 3845 2702 3910 invicem,
2727 3846 3076 3914 quantumvis
3105 3861 3302 3914 urgens
3319 3848 3573 3917 cuiquam

1989 3936 2242 3990 inciderit
2286 3939 2596 3992 necessitas
2632 3938 2917 3992 verbulum
2961 3939 3110 3992 socio
3145 3937 3527 3992 insusurrandi
3551 3939 3577 3993 ἲ

1993 4030 2184 4086 Utrum
2217 4041 2269 4087 et
2305 4032 2406 4086 hoc
2441 4032 2622 4085 decuit
2665 4041 2714 4086 te
2771 4033 2932 4088 nobis
2971 4031 3281 4101 injungere,
3315 4033 3578 4088 domine?

1989 4122 2044 4176 Si
2071 4122 2278 4193 legibus
2308 4125 2703 4177 monachorum
2743 4127 2914 4179 teneri
2971 4140 3069 4180 nos
3094 4142 3310 4195 aequum
3345 4143 3566 4190 censes,

1989 4215 2062 4269 sit
2099 4215 2169 4267 ita
2221 4229 2394 4280 sane;
2443 4216 2784 4270 celebremus
2825 4232 2955 4287 ergo
2991 4232 3101 4287 quo
3145 4219 3219 4271 illi
3260 4219 3363 4272 ritu
3401 4220 3576 4273 eccle-

1991 4306 2246 4359 siasticas
2285 4305 2521 4374 vigilias.
2556 4305 2656 4360 Ubi
2693 4307 2869 4376 primo
2899 4309 3140 4363 diluculo
3175 4309 3290 4364 dies
3341 4312 3576 4378 cmperit

301 4403 461 4458 ostiis
482 4401 924 4457 Christianorum
952 4400 1198 4468 precario
1222 4399 1519 4468 impetrare
1543 4401 1882 4475 conabimur,
1921 4397 2288 4461 Dalbesrere,
2339 4413 2368 4450 a
2433 4399 2603 4452 choro
2661 4399 3037 4467 dimittantur;
3099 4402 3393 4468 neminem,
3440 4403 3570 4457 dum

305 4493 478 4549 hianti
535 4493 900 4547 lamentantes
929 4506 1024 4546 ore
1057 4506 1330 4545 summam
1368 4491 1740 4544 infelicitatem
1789 4507 1884 4544 no-

301 4596 495 4638 stram.
527 4581 761 4637 Oramus
806 4592 985 4636 autem
1032 4593 1090 4634 ut
1133 4582 1282 4636 ineo
1334 4581 1526 4635 saltem
1573 4581 1884 4635 miserrimo

304 4685 452 4732 statu
491 4689 677 4744 pacem
712 4691 778 4730 ex
809 4683 862 4730 te
903 4676 1204 4729 habeamus
1235 4674 1605 4744 quiescentes,
1637 4689 1736 4728 nec
1776 4678 1880 4727 tuis

307 4767 624 4822 infestemur
650 4767 868 4829 litteris,
897 4768 950 4819 in
981 4767 1258 4820 cumulum
1288 4775 1366 4818 tot
1399 4765 1653 4827 aliarum,
1680 4763 1882 4834 quibus

303 4859 689 4929 Opprimimur,
734 4855 906 4927 648
956 4855 1300 4926 injuriarum.
1343 4856 1415 4908 De
1449 4865 1650 4908 caetero
1678 4845 1884 4909 servie-

306 4967 430 5005 mus
461 4965 558 5004 nos
602 4948 820 5017 quidem
855 4955 1116 5016 quantum
1157 4945 1473 5018 poterimus
1507 4965 1522 5000 ε
1577 4945 1882 4999 mercedem

304 5055 437 5096 vero
467 5049 712 5094 nostram
742 5035 1090 5098 conlidimus,
1119 5036 1164 5088 si
1193 5036 1335 5090 Deus
1365 5035 1620 5099 voluerit,
1654 5051 1751 5090 nos
1777 5052 1881 5088 non

307 5133 630 5195 amissuros,
663 5129 876 5183 etiamsi
926 5137 978 5182 tu
1007 5126 1278 5182 calamum
1317 5126 1615 5181 contritum
1644 5127 1884 5184 confrin-

307 5241 438 5297 gere
492 5239 601 5288 non
643 5221 940 5288 cuncteris,
985 5231 1040 5276 et
1072 5219 1175 5274 ἱειο
1209 5224 1310 5274 hoc
1367 5219 1486 5288 ipso
1536 5222 1886 5274 mrumnosiso

309 5323 452 5374 simo
505 5327 752 5385 tempore
797 5316 1046 5384 asperior
1092 5313 1250 5366 nobis
1294 5312 1389 5365 sis.
1443 5311 1609 5381 Atqui
1663 5329 1765 5366 non
1809 5314 1888 5367 sic

307 5409 594 5482 oportebat
643 5422 806 5477 agere
861 5395 1134 5461 ltotninem
1170 5404 1263 5472 qui
1313 5405 1460 5459 credi
1498 5405 1690 5473 dignus
1743 5415 1891 5458 esset
1942 5395 1949 5403 ’

309 5520 340 5557 a
372 5503 514 5558 bono
544 5512 601 5557 et
630 5501 912 5556 hominum
939 5509 1157 5552 amante
1192 5497 1488 5553 instinctus
1520 5498 1736 5565 spiritu.
1764 5497 1891 5551 llrec

310 5611 413 5651 nos
441 5610 650 5650 summa
683 5594 731 5648 vi
762 5591 938 5648 adacti
971 5592 1227 5655 diximus,
1266 5606 1458 5660 nempe
1484 5598 1541 5644 ut
1574 5589 1802 5645 Romani
1835 5601 1890 5644 et

310 5693 366 5743 in
397 5687 616 5742 Christo
645 5684 823 5749 liberi,
861 5698 961 5738 nec
998 5682 1315 5752 cujusquam
1370 5683 1664 5738 obnoxiam
1698 5697 1886 5752 respe-

310 5782 421 5837 ctui
456 5779 765 5835 libertatem
801 5775 1118 5832 enuntiandi
1169 5792 1288 5846 qua:
1321 5777 1590 5832 sentimus
1643 5776 1890 5832 retinen-

1995 4502 2183 4557 preces
2211 4497 2506 4543 nocturnas
2526 4491 2857 4560 peragimus,
2882 4491 3127 4547 sinamus
3146 4504 3490 4547 extet-norum
3518 4494 3572 4546 in

1992 4582 2251 4649 templum
2276 4581 2508 4651 ingredi.
2529 4580 2689 4636 Nunc
2717 4583 2870 4637 nobis
2895 4602 2922 4636 a
2949 4596 3106 4639 nocte
3133 4587 3304 4638 media
3323 4589 3387 4638 ad
3411 4588 3576 4638 ΙΙιΟΓῘι

1992 4673 2135 4727 diem
2160 4676 2410 4729 standum
2438 4685 2543 4741 est,
2568 4676 2797 4743 objectis
2820 4678 2992 4730 oculis
3014 4679 3192 4746 populi
3221 4679 3272 4731 in
3299 4693 3572 4732 concursu

1995 4766 2354 4822 multitudinis
2394 4769 2585 4822 excitae
2613 4767 3097 4822 tintinnabulortnn
3127 4784 3281 4822 sono.
3308 4769 3414 4822 Nec.
3449 4784 3579 4822 vero

1991 4858 2134 4928 quod
2179 4868 2328 4913 tanto
2359 4861 2613 4914 continuo
2645 4861 2823 4930 spatio
2855 4860 2906 4914 in
2931 4861 3160 4914 ecclesia
3190 4861 3271 4923 lit,
3293 4864 3467 4913 oratio
3491 4877 3580 4914 so-

1991 4948 2102 5001 lum
2121 4958 2224 5003 est.
2249 4949 2386 5003 Sunt
2409 4951 2552 5005 vices
2574 4950 2683 5004 illic
2702 4948 3023 5004 olIiciorum.
3041 4951 3372 5019 Est_'quando
3393 4951 3579 5002 modu-

1993 5039 2408 5094 latecantantur
2431 5043 2951 5109 quatdatn;estcum
2989 5043 3191 5111 aliqttid
3245 5043 3576 5096 audiendum

1996 5135 2418 5199 pronuntiatura
2447 5137 2649 5188 lcetorc
2673 5151 2687 5199 ;
2713 5144 2798 5191 est
2823 5135 3056 5204 denique
3082 5133 3305 5189 sedendi
3340 5145 3574 5204 tempus;

1993 5223 2160 5296 649
2204 5237 2284 5279 est
2319 5235 2373 5279 et
2419 5225 2621 5281 inserta
2657 5227 2766 5281 illic
2803 5229 3140 5283 contentioni
3192 5225 3579 5297 quaedam‘rc-

1999 5319 2206 5381 missio,
2271 5333 2362 5386 per
2411 5333 2573 5386 quam
2634 5320 3114 5374 conceditur‘dici
3170 5323 3370 5390 agique
3433 5322 3578 5390 quod

1997 5423 2235 5477 pra‘sens
2267 5411 2404 5462 forte
2429 5425 2555 5464 usus
2585 5415 2916 5480 poposcerit.
2962 5412 3083 5466 Non
3112 5412 3256 5466 enim
3315 5428 3413 5466 nos
3440 5412 3580 5468 alios

1997 5516 2026 5553 a
2080 5501 2235 5554 nobis
2297 5502 2576 5554 ministros
2635 5519 2817 5557 rerum
2871 5503 3223 5558 familiarium
3291 5505 3577 5571 habemus,

1997 5606 2230 5659 quorum
2283 5609 2472 5662 opera,
2526 5593 2616 5647 tibi
2677 5595 2846 5647 choro
2895 5593 3314 5652 cxcesscrimns,
3361 5609 3589 5646 mensas

1996 5687 2294 5741 instruetas
2331 5687 2476 5740 domi
2529 5686 2886 5755 reperiamus.
2945 5685 3134 5754 Itaque
3191 5684 3505 5739 subsecims
3544 5701 3577 5740 e

1998 5776 2302 5834 ministerio
2353 5786 2462 5831 tam
2521 5779 2679 5848 longo
2736 5777 3032 5848 particulas
3081 5776 3254 5848 Qiiberi
3317 5782 3581 5847 temporis
