4046 6420
496 376 599 444 ⁸111

1693 373 2016 436 GEORGII
2063 373 2545 434 PACilYMEll/E

3630 378 3722 443 ἨΞ

499 489 709 551 νεσθαι,
750 485 909 539 πλέον
942 485 1015 556 μὴ
1048 484 1279 556 ζητείτω
1311 488 1344 556 ἡ
1376 484 1661 556 ἁγιωσύνῃ
1695 503 1789 539 σου
1825 489 1903 548 εἰς
1929 484 2070 537 ἐτοίο
2104 488 2145 543 Α
2177 483 2235 536 τὸ
2265 485 2452 537 λοιπδν
2482 484 2981 555 στρατολογοίμεθα
3003 501 3017 517 ο
3049 485 3255 556 ταύτην
3292 485 3348 539 δὲ
3388 487 3483 554 τὴν
3510 505 3723 557 πνευμα-

503 595 610 649 μην
663 578 1030 645 κατάγνωσιν.
1088 577 1270 630 Καλὸν
1324 577 1498 643 τάξις,
1555 578 1720 631 καλὸν
1779 576 2079 647 προσευχὴ,

501 669 666 722 καλὸν
696 668 975 733 εὐλάϐεια,
1008 684 1176 721 καΑον
1216 667 1325 720 τῶν
1364 667 1585 736 ἀγαθῶν
1628 669 1879 721 ἕκαστον.
1921 669 2083 722 Ἀλλὰ

497 760 550 812 τί
579 759 751 813 ταῦτα
784 762 895 823 τοῖς
925 761 1456 829 κυμαγωγουμένοις
1488 762 1621 829 ἡμῖν
1652 759 1738 812 διὰ
1788 761 1886 828 τὴν
1920 761 2081 828 ψῦξιν

498 850 597 918 τῆς
624 851 863 918 ἀγάπης,
905 852 980 912 ὡς
1011 854 1039 904 ὁ
1070 853 1276 922 Κύριος
1297 851 1532 921 ἔφησεν;
1570 851 1726 904 ’Ἐπ’
1748 853 1813 905 ἂν
1844 852 1905 905 τὸ
1945 852 2082 904 σκά-

501 958 600 1010 φος
631 941 892 1010 σώζηται,
925 943 1044 996 τότε
1072 944 1178 1014 χρὴ
1212 945 1308 996 καὶ
1357 943 1561 1013 ναύτην
1604 945 1699 996 καὶ
1734 944 2080 1014 κυϐερνήτην

503 1033 756 1085 σπεύδειν
783 1034 920 1102 πρὸς
964 1034 1242 1104 σωτηρίαν
1278 1034 1371 1088 τοῦ
1407 1033 1893 1103 κλυδωνιζομένου,
1953 1036 2083 1089 ὅταν

499 1127 546 1179 δ’
576 1126 610 1196 ἡ
640 1126 889 1180 θάλασσα
920 1127 1026 1179 ὑπὸ
1053 1126 1163 1179 τῶν
1189 1126 1454 1196 κυμάτων
1479 1126 1572 1179 καὶ
1606 1128 1903 1196 συμφορῶν
1929 1143 2085 1198 περι-

499 1217 747 1287 γένηται,
784 1218 1012 1285 μάταιος
1044 1217 1075 1285 ή
1106 1216 1336 1286 σπουδὴ.
1372 1216 1563 1276 Ὅπως
1585 1217 1639 1268 δὲ
1662 1217 2086 1286 κατηντήσαμεν

499 1306 618 1372 νῦν,
648 1311 739 1361 καὶ
773 1310 838 1362 τὰ
870 1310 1113 1380 ἡμέτερα
1140 1309 1375 1363 καλύϐια
1405 1309 1872 1376 μαρτυρήσουσιν.
1894 1307 2091 1360 Ταῦτα

498 1402 627 1467 γοῦν
647 1404 1081 1471 προσαναφέρειν
1101 1403 1363 1472 μέλλομεν
1380 1400 1457 1471 τῷ
1479 1403 1619 1468 ἁγίῳ
1641 1401 1798 1470 ἡμῶν
1840 1402 2077 1471 δεσπότῃ

498 1498 593 1548 καὶ
619 1494 847 1562 βασιλεῖ.
882 1496 991 1546 Καὶ
1018 1498 1066 1547 εί
1098 1496 1195 1563 μὲν
1236 1496 1509 1565 διακρινεῖ
1544 1495 1577 1563 ή
1612 1494 1745 1560 ἁγία
1779 1493 1946 1545 αὐτοῦ
1976 1494 2076 1559 βα-

499 1587 681 1639 σιλεία
713 1588 944 1656 πάσχειν
993 1588 1141 1657 ἡμᾶς
1176 1586 1424 1651 τοιαῦτα,
1476 1576 1608 1650 ἴσως
1656 1585 2080 1655 ὑποστησόμεθα

495 1680 593 1731 καὶ
636 1678 710 1749 μὴ
743 1678 1010 1741 θέλοντεςο
1042 1680 1154 1741 τοῖς
1189 1680 1296 1750 γὰρ
1329 1679 1475 1748 ζωῆς
1514 1680 1608 1731 καὶ
1637 1679 1801 1748 τιμῆς
1834 1677 2075 1743 ἀναξίοις

2182 578 2345 646 τικὴν
2383 577 2693 646 στρατείαν,
2735 579 2784 629 εί
2835 576 3121 647 ὀρέγεσθε,
3152 578 3295 648 πλὴν
3339 580 3476 633 κατὰ
3516 582 3572 632 τὸ
3602 583 3728 637 ἔνδε-

2182 660 2413 733 χόμενον
2460 662 2560 730 τῆς
2594 664 2917 731 ’δυνάμεως,
2972 664 3065 716 καὶ
3102 663 3178 733 μὴ
3211 665 3565 730 ἀναγκαστῶς
3601 666 3725 721 οὕτω

2184 752 2277 805 καὶ
2302 754 2419 819 μετ’
2453 756 2849 824 ἐπιταγμάτων
2872 754 3158 823 μειζόνων·
3185 756 3366 827 πολλῷ
3390 758 3492 826 γὰρ
3512 759 3730 812 ἐλλεῖπον

2180 846 2319 915 πρὸς
2348 848 2445 900 τὰς
2474 848 2743 913 ἐπιταγὰς
2772 849 2863 900 καὶ
2906 849 2967 901 τὸ
2997 847 3361 917 δοθησόμενον
3402 850 3632 918 οἴδαμεν.
3666 850 3727 903 Ἦ

2181 939 2255 1001 ὡς
2285 941 2687 991 κατασαπείσιν
2716 940 2817 1009 ἤδη
2845 942 2911 1011 τῇ
2952 940 3182 1011 τοιαύτῃ
3200 941 3473 1012 στρατείᾳ
3499 942 3588 994 καὶ
3612 941 3731 994 duo.

2182 1029 2410 1094 τάκτοις
2456 1032 2517 1083 τὸ
2548 1031 2785 1099 γράμμα
2834 1032 2955 1085 δότε
2991 1032 3055 1085 τὸ
3100 1033 3200 1101 τῆς
3246 1033 3511 1100 ἀφέσεως.
3553 1033 3659 1086 Κᾶν
3689 1049 3733 1085 τι

2184 1123 2306 1173 τότε
2336 1124 2431 1175 xui.
2462 1122 2652 1176 διδῶτε
2685 1125 2823 1195 πρὸς
2852 1125 3127 1195 σιτισμὸν,
3160 1127 3235 1196 μὴ
3266 1127 3343 1187 ὡς
3376 1124 3562 1194 μισθὸς
3606 1126 3738 1194 λογι-

2185 1214 2383 1277 ζέσθω,
2416 1214 2491 1276 ὡς
2538 1216 3040 1285 προσαπαιτείσθαι
3093 1218 3336 1287 μεγάλας
3368 1218 3461 1270 καὶ
3507 1218 3599 1279 τὰς
3629 1218 3735 1270 δου-
3806 1258 3813 1263 .

2186 1302 2360 1365 λείας,
2398 1305 2460 1357 οὐ
2516 1305 2659 1358 κατὰ
2698 1306 2888 1374 χρείαν
2933 1307 3115 1369 τόσον,
3150 1307 3227 1370 ὡς
3259 1307 3506 1377 οἰόμεθα,
3552 1306 3585 1376 ἢ
3632 1304 3735 1359 κατ’

2186 1398 2477 1465 ἐπήρειαν,
2532 1398 2649 1451 ἀλλ’
2695 1399 2771 1461 ὡς
2819 1403 3303 1471 προϋπηργμένων
3357 1402 3531 1455 πόνων
3557 1418 3625 1455 ,τε
3659 1403 3739 1453 καὶ

2185 1490 2453 1560 καμάτων
2507 1490 2884 1563 πολυχρονίων
2936 1494 3268 1558 ἀντέκτισις.
3332 1496 3555 1556 Πάντως
3600 1494 3653 1546 δέ
3683 1509 3739 1560 γε

2187 1584 2279 1636 καὶ
2314 1584 2375 1637 τὸ
2406 1583 2684 1656 ἀπόλεμον
2724 1585 2903 1656 γῆρας
2946 1586 3009 1640 ιν
3035 1589 3150 1650 τοῖς
3182 1587 3388 1658 τιμίοις
3417 1588 3504 1643 διὰ
3526 1588 3593 1641 τὰ
3620 1585 3739 1656 φοι.

2190 1688 2383 1729 σαντα.
2422 1693 2441 1727 ι

495 1772 599 1824 οὐκ
633 1771 943 1860 ἀποθύμιος
972 1772 1094 1824 οὐδὲ
1122 1774 1150 1824 ὁ
1192 1773 1445 1834 Θάνατος.
1485 1773 1544 1826 El
1579 1773 1637 1825 δέ
1668 1789 1719 1825 τι
1753 1773 1849 1825 καὶ
1890 1772 2079 1841 φιλαν-
2112 1757 2152 1812 Β
2184 1784 2297 1852 κςι,
2329 1788 2461 1854 ηὼς
2483 1787 2739 1860 διῆλθον
2774 1790 3153 1860 Ἆμοτάεαροι
3176 1792 3276 1846 καὶ
3301 1794 3425 1848 σὺν
3460 1790 3737 1858 Τούρκοις.

498 1859 975 1932 θρωπευθείημεν,
1009 1861 1170 1931 χάρις
1203 1863 1301 1932 μὲν
1322 1862 1462 1932 Θεῷ,
1479 1863 1642 1933 χάρις
1677 1863 1733 1916 δὲ
1768 1863 1862 1915 καὶ
1887 1865 1951 1934 τῇ
1981 1863 2077 1917 αὐ·-

495 1953 590 2005 τοῦ
619 1952 893 2024 βασιλείᾳ.
924 1955 1242 2024 Κεφάλαιον
1267 1955 1377 2009 τῶν
1396 1956 1591 2024 λόγων.
1622 1956 1691 2007 Ἥ
1715 1957 1791 2017 ὡς
1816 1955 2076 2027 κληρονόο

496 2062 636 2115 μους
663 2045 1054 2116 δυσωπήθητε,
1079 2046 1176 2099 καὶ
1213 2047 1475 2116 φροντίδα
1518 2046 1665 2101 θέσθ’
1695 2048 1843 2110 ὅπως
1868 2049 1962 2100 καὶ
1993 2047 2074 2111 είς

496 2230 824 2285 necessariae
859 2244 1004 2285 cura:
1043 2246 1331 2301 corporum
1368 2245 1518 2287 recte
1554 2232 1942 2301 impendimus.
1990 2233 2070 2290 Ne

496 2323 661 2393 igitur
694 2328 759 2377 ad
809 2333 956 2377 tuam
1006 2324 1169 2377 istam
1220 2323 1623 2378 institutionem
1657 2325 1781 2378 vitae
1817 2336 2077 2392 austerae,

494 2414 747 2470 sublimis
805 2424 861 2469 et
915 2413 1070 2486 longe
1126 2414 1422 2469 humanum
1463 2430 1835 2486 supergressa
1887 2416 2077 2470 modu-

495 2506 631 2570 lum,
699 2522 795 2560 nos
851 2506 1000 2560 humi
1052 2515 1307 2576 repentes
1357 2508 1648 2564 saeculares
1691 2509 1827 2562 velis
1857 2510 2077 2580 exigere

494 2619 592 2672 per
643 2603 862 2668 omnia;
926 2612 981 2657 et
1025 2617 1148 2657 cum
1187 2602 1394 2657 severis
1439 2602 1563 2659 istis
1605 2602 1830 2673 judiciis
1878 2618 2077 2659 causas

494 2705 714 2751 nostras
770 2695 1076 2749 absentium
1123 2696 1422 2763 expendes,
1485 2711 1555 2751 ne
1602 2696 1757 2765 prius
1812 2710 1910 2750 nos
1945 2711 2077 2751 con-

491 2786 694 2839 demna
754 2785 1118 2856 negligentiae,
1183 2799 1344 2854 quam
1408 2787 1750 2841 necessitatis
1807 2789 2072 2842 rationem

497 2875 774 2931 habueris.
808 2874 902 2931 Sic
933 2874 1080 2929 enim
1132 2874 1229 2930 tibi
1278 2877 1549 2944 persuade
1584 2892 1598 2928 :
1640 2887 1860 2934 utemur
1907 2887 1964 2933 et
2018 2880 2073 2933 in

493 2978 776 3040 posterum
820 2979 884 3025 ut
932 2969 1086 3040 prius
1121 2969 1450 3025 remissione
1496 2970 1826 3035 necessaria,
1872 2980 2074 3026 utcun-

494 3078 603 3131 que
659 3070 873 3118 nos’eo
929 3061 1125 3117 deinde
1177 3063 1398 3117 nomine
1447 3079 1478 3117 a
1534 3074 1586 3117 te
1632 3064 1947 3118 dantuatum
2004 3064 2070 3117 iri

2396 1859 2495 1913 καί
2516 1861 2670 1928 πρὸς
2694 1859 3115 1932 Κασάνδρειαν
3153 1864 3569 1931 κατήντησαν.

2254 1947 2343 2022 [Ρι
2377 1949 2505 2029 45,3]
2560 1951 2721 2006 Ἀλλά
2763 1954 2942 2007 ταῦτα
2971 1955 3071 2024 μὲν
3103 1957 3160 2017 ὲς
3191 1956 3452 2009 τοσοῦτον
3494 1955 3573 2016 είς
3597 1949 3742 2017 δεῖξιν

2186 2041 2416 2112 μετρίαν
2447 2044 2556 2096 τῶν
2617 2046 3044 2100 καταλασουσῶν
3094 2047 3225 2111 τοὺς
3271 2050 3375 2118 τῆς
3434 2043 3742 2113 Ἐκκλησὶεις

2186 2237 2336 2277 mum
2368 2222 2501 2290 Deo,
2535 2239 2657 2279 mox
2702 2225 2960 2282 beneﬂcre
3004 2228 3271 2297 principis
3303 2228 3622 2284 humanitati
3656 2226 3743 2279 dc-

2187 2316 2331 2369 bitas
2379 2318 2688 2373 reddemus.
2743 2320 3024 2375 Summam
3072 2322 3348 2377 dictarunt
3380 2324 3434 2376 in
3468 2322 3581 2375 haec
3608 2318 3745 2374 colli-

2187 2407 2385 2476 gimus.
2463 2406 2521 2463 Si
2583 2422 2682 2463 nos
2744 2418 2804 2464 ut
2862 2408 3121 2467 Ecclesiae
3172 2410 3316 2467 iilios
3375 2410 3744 2481 participanda:

2185 2508 2449 2553 materna:
2516 2501 2850 2557 htereditatis
2928 2502 3020 2571 jus
3100 2503 3375 2561 habentes
3447 2501 3744 2573 agnoscitis.

2184 2598 2371 2641 curate
2424 2588 2583 2643 sultis
2639 2593 2974 2659 suppeditari
3042 2595 3359 2649 necessaria
3421 2596 3578 2649 nobis
3633 2589 3748 2646 huic

2186 2679 2480 2734 toleranda:
2508 2696 2572 2736 ac
2608 2684 3014 2750 continuandae,
3061 2686 3115 2741 in
3170 2702 3339 2757 quam
3385 2687 3584 2743 dudum
3617 2685 3743 2741 scri-

2181 2775 2262 2843 pti
2301 2789 2511 2836 sumus,
2551 2775 2841 2845 spiritualii
2869 2777 3080 2833 militia:
3106 2795 3123 2834 :
3155 2780 3254 2835 sed
3287 2789 3344 2836 et
3374 2779 3537 2849 hujus
3564 2789 3740 2833 neces-

2178 2868 2356 2923 Sarias
2404 2868 2710 2924 functiones
2746 2885 2815 2926 ne
2849 2873 3162 2928 arbitrariis
3206 2874 3523 2943 aggravetis
3567 2878 3742 2924 aucta-

2181 2959 2300 3016 riis.
2338 2957 2415 3013 Ne
2449 2960 2568 3029 plus
2612 2960 2907 3031 imponatis
2936 2976 3097 3031 quant
3137 2963 3288 3019 ferre
3325 2974 3650 3035 possumus;
3683 2970 3745 3012 ne

2178 3053 2428 3123 imperiis
2490 3068 2591 3109 nos
2654 3056 2875 3111 acribus
2935 3068 2994 3111 et
3060 3057 3394 3115 dominante
3454 3060 3749 3114 obterentes

494 3165 899 3225 exspectemus.
935 3155 1124 3224 itaque
1149 3156 1193 3210 si
1233 3154 1327 3209 tibi
1361 3165 1570 3210 certum
1603 3164 1686 3209 est
1720 3154 1980 3224 deinceps
2017 3163 2072 3209 ut

2179 3144 2465 3225 supercilio
2532 3147 2924 3215 ingenuitatem
2996 3149 3380 3206 conculcando
3440 3148 3743 3221 deprimatis

500 3251 763 3301 hactenus
791 3246 1091 3301 infirmitati
1124 3247 1261 3301 nihil
1291 3246 1550 3314 compati,
1582 3239 1904 3316 eiserejam
1931 3262 2079 3302 nunc

495 3352 809 3392 mucronem
858 3352 1105 3393 censurae
1148 3337 1426 3408 judicialis
1475 3337 1529 3391 in
1568 3339 1798 3393 cﬂmina
1834 3340 2074 3393 nondum

492 3427 621 3481 licet
668 3438 916 3498 patrata;
965 3443 1065 3483 nec
1106 3427 1252 3481 aliud
1303 3436 1513 3497 quaerat
1567 3437 1655 3481 tua
1703 3428 1966 3482 sanctitas
2009 3429 2075 3479 ad

496 3537 598 3595 nos
648 3521 760 3589 jam
813 3536 958 3576 nunc
1007 3519 1349 3574 damnandos
1378 3519 1449 3573 ob
1479 3533 1542 3572 ea
1585 3534 1706 3588 qua)
1743 3535 1865 3573 mox
1901 3531 2072 3585 cet-to,

493 3615 694 3682 quippe
751 3615 1154 3678 inevitabiliter,
1204 3615 1575 3681 peccabitnus.
1635 3613 1870 3667 Pulcher
1913 3615 2071 3677 ordo,

496 3710 637 3761 bona
674 3708 873 3769 oratio,
927 3706 1157 3759 honesta
1216 3705 1429 3774 religio,
1462 3707 1608 3759 nulla
1659 3720 1764 3758 non
1807 3706 2071 3760 bonarum

496 3813 680 3852 rerum
737 3798 1184 3853 commendabilis
1240 3808 1345 3854 est.
1406 3796 1512 3851 Sed
1567 3799 1696 3866 quid
1746 3798 1861 3853 haec
1894 3801 2070 3866 nobis,

494 3890 620 3942 vita:
649 3888 898 3941 sollicita:
926 3906 989 3941 ac
1019 3891 1228 3957 egentis
1259 3890 1600 3954 necessariis,
1632 3890 1793 3943 ﬂuctu
1828 3893 2066 3960 agitatis,

491 3980 699 4034 idcirco
734 3982 895 4048 quod,
917 3980 1212 4034 sicutdixit
1250 3980 1529 4045 Dominus,
1554 3982 2070 4053 cltaritasfrel‘rixit?

492 4072 681 4136 Quoad
718 4072 917 4140 scapha
950 4083 1104 4126 natat
1137 4074 1315 4126 adhuc
1345 4088 1445 4127 nec
1468 4075 1721 4142 depressa
1748 4089 1848 4128 nec
1875 4075 2066 4135 fracta.

490 4173 712 4216 nautam
756 4175 812 4217 et
869 4166 1295 4233 gubernatorem
1344 4179 1476 4217 sane
1520 4167 1778 4219 convenit
1825 4178 2073 4237 satagere

491 4256 800 4324 enitarique
846 4265 1111 4324 quantum
1148 4257 1286 4309 valet
1336 4258 1399 4309 ad
1441 4258 1668 4312 salutem
1715 4259 2073 4327 periclitantis

489 4351 863 4402 asset-endam.
915 4346 1017 4401 Ubi
1063 4364 1260 4402 navem
1314 4365 1463 4404 mare
1507 4350 1752 4403 obruerit
1790 4350 2062 4417 ﬂuctibus,

2179 3222 2423 3289 nostram
2483 3235 2536 3289 in
2599 3238 2908 3306 pudendam
2971 3240 3361 3296 necessitatem
3420 3240 3745 3310 mancipatus

2177 3328 2414 3383 servilis.
2474 3328 2689 3383 Etenim
2748 3331 2834 3385 his
2884 3347 3009 3401 qua:
3064 3343 3329 3403 praestare
3392 3349 3493 3390 nos
3545 3341 3749 3403 paratos

2174 3420 2521 3484 profitemur,
2555 3425 2687 3477 satis
2716 3424 2921 3477 scimus
2957 3423 3386 3493 haudquaquam
3414 3425 3596 3480 debita
3642 3438 3753 3493 pro.

2176 3514 2425 3582 portione
2467 3527 2796 3583 responsura
2857 3530 2978 3585 qua:
3020 3517 3307 3573 dabuntur
3355 3518 3659 3588 stipendia;
3698 3523 3749 3565 ut

2176 3609 2259 3662 his
2289 3622 2413 3661 esse
2457 3608 2700 3663 contenti
2732 3607 3001 3664 debeatis.
3034 3608 3244 3676 Quodsi
3290 3622 3490 3667 nostra
3519 3612 3595 3668 uti
3626 3606 3751 3663 effe-

2174 3707 2352 3753 tornm
2410 3707 2464 3753 et
2513 3714 2629 3753 aevo
2683 3701 2968 3756 enervinm
3011 3701 3124 3772 jam
3176 3703 3417 3760 militum
3483 3705 3537 3759 in
3592 3700 3751 3757 sacris

2171 3791 2324 3847 hisce
2381 3793 2580 3847 castris
2612 3794 2687 3845 uti
2728 3793 2991 3863 deinceps
3033 3810 3198 3864 opera
3236 3798 3500 3860 renuitis,
3550 3796 3632 3851 cia
3663 3794 3754 3862 igi-

2172 3895 2259 3940 tur
2294 3884 2568 3950 dimittite,
2607 3888 2764 3950 cedo,
2821 3888 3059 3942 libellum
3090 3889 3571 3944 exauctorationis
3619 3888 3752 3944 date.

2178 3979 2376 4032 bonam
2410 3979 2657 4033 emeritis
2703 3990 3101 4049 repmsentate
3140 3983 3494 4040 missionem.
3536 3983 3593 4039 Si
3639 3979 3753 4051 quid

2176 4070 2256 4125 sic
2303 4072 2567 4141 ablegatis
2619 4076 2762 4126 unde
2819 4074 3128 4128 victitemns
3172 4075 3526 4142 adjeceritis,
3562 4089 3663 4129 non
3704 4077 3756 4125 ut

2178 4159 2507 4227 stipendium
2558 4170 2861 4231 reputetur,
2891 4177 2957 4216 ex
3000 4178 3114 4231 quo
3147 4164 3435 4221 ulterioris
3480 4161 3753 4221 ministerii

2180 4266 2318 4306 Onus
2350 4254 2507 4307 nobis
2555 4257 2875 4321 praestandi,
2905 4255 3063 4311 vobis
3094 4259 3352 4325 exigendi
3373 4260 3468 4327 jus
3499 4259 3751 4330 pendeat;

2176 4348 2323 4399 unde
2402 4345 2611 4400 titulum
2664 4347 2871 4401 habere
2922 4362 3018 4402 vos
3072 4350 3278 4417 putetis
3332 4351 3542 4405 iterum
3610 4348 3756 4404 nobis

493 4441 582 4490 ubi
646 4440 757 4508 jam
809 4442 915 4495 vita
978 4443 1236 4496 aerumnis
1299 4457 1555 4511 oppressa
1631 4445 1681 4497 in
1743 4444 2067 4511 profundum
2102 4476 2150 4533 ω
2179 4441 2374 4491 acerbe
2418 4438 2729 4506 iniungendi
2773 4439 2994 4493 sermia
3029 4442 3358 4512 incongrua,
3402 4460 3513 4498 non
3552 4454 3658 4497 tam
3694 4440 3754 4493 ad

490 4532 777 4598 absorpta,
820 4532 982 4586 stulta
1030 4535 1099 4587 sit
1142 4535 1321 4589 otmtis
1365 4537 1641 4590 cententio
1677 4551 1903 4590 servare
1929 4538 2071 4604 quod

2180 4544 2338 4584 usum
2402 4530 2673 4597 publicum
2705 4569 2722 4593 ,
2782 4540 2841 4583 ut
2896 4541 3189 4600 putamus,
3249 4536 3428 4590 ullum
3482 4552 3650 4605 quam
3696 4532 3756 4586 ad

486 4623 601 4689 jam
647 4622 809 4690 periit
874 4624 1229 4679 studt-utinm.
1325 4626 1443 4691 Quo
1506 4628 1767 4680 malorum
1825 4637 2069 4680 extrema

491 4728 637 4767 nunc
681 4714 916 4782 denique
948 4718 1189 4770 omnium
1246 4717 1426 4786 inopia
1463 4718 1870 4782 devenerimus,
1906 4728 2071 4773 testa-

408 4804 417 4807 “
487 4806 691 4858 buntur
725 4808 935 4876 tuguria
973 4821 1155 4860 nostra
1188 4811 1433 4863 funditus
1470 4811 1773 4873 exinanita,
1807 4826 1837 4864 e
1865 4811 2067 4880 quibus

488 4897 746 4966 reliquias
789 4899 1003 4951 ultimas
1053 4902 1351 4965 absumpta:
1402 4901 1556 4968 longa
1616 4899 1756 4951 l‘ame
1800 4900 1882 4952 vel
1930 4915 2066 4969 pau-

487 4991 716 5055 pertina:
754 4991 1110 5056 Supelleclilis
1139 4992 1368 5044 delaturi
1413 5001 1599 5042 sancto
1624 5001 1815 5043 nostro
1843 4991 2065 5045 domino

400 5082 407 5095 ‘
489 5080 805 5149 imperatori
836 5097 1046 5147 smnus,
1082 5085 1132 5136 in
1168 5084 1444 5152 specimen
1472 5084 1703 5135 miserim
1737 5083 1876 5138 infra
1902 5098 2062 5153 quam

487 5171 623 5223 nihil
656 5175 749 5224 sit.
780 5175 846 5225 At
871 5177 913 5228 si
945 5178 1166 5243 quidem
1213 5190 1365 5228 sacra
1415 5173 1537 5243 ejus
1588 5173 1866 5243 tnajestas,
1904 5174 2064 5228 intel-

487 5263 629 5318 lecto
687 5266 752 5319 ad
809 5283 944 5335 quas
994 5269 1166 5320 simus
1216 5266 1415 5319 incitas
1465 5265 1695 5331 redacti,
1735 5264 1929 5336 dignos
1965 5268 2062 5336 qtti

487 5361 761 5424 patiamur
795 5361 941 5424 talia,
977 5360 1188 5414 eunetis
1222 5360 1527 5429 perpensis,
1568 5376 1664 5412 nos
1705 5358 2058 5428 iudicaverit,

488 5449 896 5516 acquiescemns
924 5453 1129 5517 animo,
1161 5462 1438 5520 utcunque
1479 5462 1671 5505 natura
1700 5464 2055 5523 repugnante,

480 5540 651 5611 650
694 5551 745 5595 et
777 5557 974 5596 Stlrielll
1007 5543 1131 5597 boui
1180 5544 1545 5607 consulemus,
1582 5561 1701 5612 quae
1734 5546 1886 5598 nobis
1918 5546 2060 5600 obti-

486 5644 584 5699 git,
643 5635 964 5702 pessimam:
1004 5652 1128 5687 nam
1176 5638 1267 5704 qui
1324 5638 1431 5689 vita
1480 5648 1535 5690 et
1595 5640 1800 5691 honore
1856 5638 2060 5706 indigni

478 5724 819 5790 judicantur,
878 5726 940 5778 iis
974 5742 1144 5796 neque
1189 5743 1333 5781 mors
1377 5709 1677 5782 recusanda
1721 5739 1824 5783 est.
1853 5730 2061 5794 Quodsi

485 5814 689 5883 aliquid
740 5818 1032 5874 miseratus
1082 5819 1378 5887 indulgebit
1448 5821 1622 5885 nobis,
1680 5821 1886 5889 gratias
1952 5822 2062 5888 pri-

2176 4633 2424 4675 nostram
2503 4622 2888 4676 contumeliam
2945 4626 3302 4691 pertinentia.
3388 4629 3501 4684 Sed
3558 4630 3606 4684 si
3655 4640 3754 4695 quo

2177 4715 2441 4769 abeuntes
2489 4714 2746 4767 donativo
2808 4719 3241 4784 prosequetnini,
3275 4721 3355 4773 sit
3393 4723 3446 4775 id
3479 4722 3753 4791 longorum

2177 4817 2328 4875 grata
2359 4805 2605 4873 quatdam
2650 4809 3022 4860 remuneratio
3061 4810 3311 4864 laborum
3345 4828 3359 4863 :
3400 4828 3529 4866 nam
3561 4820 3617 4867 et
3657 4813 3753 4864 im»

2178 4897 2317 4950 belle
2362 4898 2572 4950 senium
2628 4907 2748 4967 post
2769 4900 2938 4953 vitam
2998 4903 3261 4957 honorata
3320 4907 3520 4961 militia
3558 4920 3752 4976 expen-

2176 5003 2315 5051 sam,
2366 4988 2616 5042 clementi
2675 4990 2869 5044 ducum
2912 4992 3142 5059 judicio,
3188 4996 3419 5063 dignum
3462 4994 3747 5053 honoraria

2175 5090 2449 5140 censetur,
2509 5080 2891 5136 recordatione
2936 5088 3297 5140 certaminum
3334 5088 3472 5143 olim
3512 5089 3747 5144 exantla-

2174 5181 2375 5227 torum.
2412 5190 2430 5222 1

2175 5286 2265 5341 56.
2310 5284 2631 5359 Πιγιίὶθνεδδὶ
2669 5258 2774 5342 sint
2816 5293 3133 5359 Amogabari
3175 5312 3292 5347 cum
3347 5290 3566 5357 Turcis,
3603 5306 3650 5351 et
3685 5294 3749 5347 ad

2367 5358 2730 5411 Casandream
2775 5362 2829 5413 in
2869 5377 2922 5414 se
2954 5358 3142 5416 mutuo
3176 5373 3574 5422 concurrerint.

2244 5448 2370 5501 Haec
2422 5449 2732 5503 describere
2789 5467 2970 5518 Operae
3020 5458 3253 5520 pretium
3302 5466 3395 5511 est
3443 5461 3644 5522 visum,
3696 5463 3748 5506 ιιι

2170 5551 2357 5594 essent
2410 5540 2497 5592 .vel
2548 5540 2801 5607 exiguum
2865 5545 3140 5610 specimen
3188 5562 3571 5602 aerumnarum
3616 5558 3748 5617 quas

2168 5643 2298 5687 tunc
2359 5633 2718 5687 ecclesiasnci
2759 5635 2825 5690 ab
2874 5637 3175 5693 Athanasio
3231 5643 3551 5708 patriarcha
3592 5654 3745 5711 pera-

2170 5724 2362 5778 cerbas
2396 5725 2540 5792 passi
2575 5735 2723 5778 sunt.
2763 5726 2926 5782 Nobis
2977 5740 3156 5783 autem
3196 5746 3308 5799 tam
3347 5736 3441 5787 ltic
3471 5748 3662 5789 cursus
3694 5732 3742 5783 in

2171 5826 2328 5885 portu
2353 5828 2455 5881 est,
2485 5826 2538 5871 et
2566 5818 2805 5871 laborem
2832 5822 2937 5873 alia
2968 5832 3215 5878 nostrum
3245 5837 3474 5889 vocant,
3507 5826 3740 5887 historia,
