4046 6388
313 399 420 462 H3

1227 405 1328 466 DE
1365 405 1805 468 ANDRONICO
1841 406 2303 472 PALAEOLOGO
2342 413 2484 475 LIB.
2532 416 2659 474 VII.

3452 421 3557 485 714

307 514 767 584 παραλυπήσεων.
805 515 969 585 Ἡμῖν
997 517 1053 570 δὲ
1077 517 1242 582 πόνος
1265 520 1442 584 ἄλλως
1470 521 1550 584 εἰς
1576 519 1730 584 τέλος
1753 518 1881 580 τοὺς
1907 524 1954 576 Α
1985 520 2189 582 οἴκαδε,
2230 525 2306 585 ὡς
2337 526 2392 580 δὲ
2421 528 2624 595 ἔλεγον,
2657 529 2743 598 ἐφ’
2783 523 2827 598 ᾧ
2862 532 3258 596 προσϐάλλοιεν
3300 539 3472 607 Ἄθῳ,
3504 545 3556 598 εἰ

305 604 715 670 καταλύσαντες
751 607 852 676 τῆς
882 609 1126 680 ἱστορίας
1171 610 1384 679 λόγους.
1433 611 1583 681 Πλὴν
1627 610 1744 665 ἀλλ’
1788 611 1878 662 εύ-

303 697 519 768 χόμεθα
540 698 703 752 πάλιν
723 702 818 753 καὶ
846 701 912 752 τὰ
933 701 1195 770 βελτίονα.
1228 704 1340 758 Καὶ
1364 706 1412 757 εἰ
1435 704 1568 768 Θεὸς
1593 703 1871 775 βραϐεύει,

303 787 402 840 οὐκ
436 788 503 841 ἂν
553 789 653 858 τὴν
686 793 846 860 χεῖρα
883 793 1150 861 ὲφέξομεν
1193 794 1289 846 τοῦ
1337 796 1412 864 μὴ
1467 795 1763 866 προθύμως
1804 796 1875 849 τὰ

301 880 404 948 τῆς
418 881 695 950 ὲπανακλή
704 898 841 944 σεως
858 884 1087 936 καθόσον
1105 883 1447 954 εὐποροῦμεν
1464 885 1870 940 συντάττεσθαι.

303 972 488 1024 Δεινδν
537 973 643 1042 γὰρ
692 975 741 1026 εί
794 975 1080 1045 συμφορὰς
1131 975 1228 1045 μὲν
1275 977 1594 1046 ὑπέστημεν
1639 979 1872 1048 γράφειν

301 1061 506 1125 ταύτας
545 1064 751 1127 κοινὰς,
807 1063 895 1134 [Ρ.
937 1065 1068 1136 454]
1110 1065 1290 1128 δεινὰς
1321 1067 1379 1120 δὲ
1410 1068 1505 1120 καὶ
1536 1068 1614 1135 τῷ
1655 1069 1871 1139 κόσμῳ,

300 1153 482 1216 δεινὰς
511 1154 569 1206 δὲ
603 1156 694 1207 καὶ
719 1157 873 1225 ἡμῖν,
906 1156 1358 1228 ἀποναρκοίημεν
1387 1158 1448 1210 δὲ
1477 1158 1525 1210 τί
1548 1158 1682 1222 Θεὸς
1699 1159 1868 1230 διδοίη

299 1245 370 1298 τὰ
404 1245 568 1312 καλὰ,
600 1248 694 1301 καὶ
723 1247 898 1300 ταῦτα
928 1246 1022 1300 τοῦ
1049 1247 1316 1316 βασιλέως
1351 1250 1459 1302 ἀπὸ
1491 1250 1592 1320 τῆς
1624 1252 1704 1313 είς
1738 1250 1868 1303 Θεὸν

303 1337 569 1406 μεγίστης
621 1338 834 1400 ἐλπίδος
893 1339 991 1392 καὶ
1049 1339 1288 1402 πίστεως
1339 1343 1745 1412 προσδοκῶντος
1799 1345 1869 1397 τὰ

299 1427 568 1498 βελτίονα,
619 1428 752 1497 μηδὲ
789 1429 955 1481 αὑτοῦ
987 1428 1048 1482 τὸ
1094 1432 1352 1500 παράπαν
1397 1435 1866 1502 ὲπινυστάζοντος,

296 1519 415 1570 ἀλλ’
442 1518 518 1581 ὡς
537 1519 762 1571 δυνατὸν
794 1521 1234 1590 ἁντιμαχομὲνου
1263 1523 1396 1592 πρὸς
1416 1526 1484 1577 τὰ
1512 1525 1866 1596 παγχάλεπα.

295 1612 410 1666 Νῦν
440 1613 500 1666 δὲ
532 1615 790 1678 ἐπιεικῶς
844 1617 1179 1686 φημίζονται
1230 1622 1326 1672 καὶ
1377 1622 1445 1674 τὰ
1502 1621 1733 1691 βελτίω,
1771 1625 1866 1678 καὶ

294 1703 450 1757 ἔνθεν
480 1705 576 1774 μὲν
600 1706 678 1768 ὡς
710 1707 877 1774 ἔγγὺς
903 1711 1226 1779 τρισμύριοι
1257 1711 1490 1782 Τόχαροι
1518 1715 1867 1782 πεμφθέντες

296 1796 450 1865 παρὰ
480 1796 575 1849 τοῦ
609 1797 959 1867 Χαρμπαντᾶ
985 1801 1254 1871 μεγάλην,
1297 1805 1390 1856 καὶ
1433 1803 1508 1866 ὡς
1537 1804 1638 1856 οὐκ
1667 1805 1863 1875 ήλπισέ

293 1903 378 1948 τις
410 1888 712 1958 ἀναστολὴν
761 1889 1092 1957 ἐργάζεσθαι
1141 1893 1402 1962 ἄρχονται
1457 1894 1563 1946 τῶν
1612 1897 1862 1966 Περσῶν,

289 1976 434 2031 ὥστε
463 1979 560 2030 καὶ
591 1980 690 2033 ὅσα
723 1980 961 2051 φρούρια
994 1981 1285 2051 Ῥωμαίων
1319 1984 1634 2038 ἑαλώκεσαν
1672 1987 1867 2056 πρότε·

292 2086 407 2138 ρον,
449 2070 555 2122 άνὰ
588 2069 644 2122 δὲ
672 2073 741 2122 τὰ
776 2071 950 2141 ὀχυρὰ
973 2071 1067 2124 τοῦ
1106 2073 1382 2142 Ὀλύμπου
1425 2075 1864 2148 παραδυσθῆναι.

303 2160 399 2212 Ἐκ
426 2160 628 2222 δύσεως
649 2160 705 2213 δὲ
733 2162 1103 2235 Ἀμογάσαροι
1128 2164 1357 2233 ἀφέντες
1384 2164 1420 2218 ἃ
1462 2169 1740 2238 κατεῖχον,
1775 2169 1866 2222 τὸν

290 2250 546 2320 ποταμὸν
581 2252 791 2322 περῶσι
825 2253 1140 2324 Μαρίτζαν,
1193 2257 1249 2318 ἐς
1290 2256 1318 2308 ὃ
1365 2257 1524 2310 τάκεῖ
1567 2258 1866 2324 διελθόντες

287 2345 694 2414 ἀπαλλαγεῖεν,
729 2347 806 2411 ὡς
843 2348 908 2402 ἄν
964 2365 1024 2402 τε
1081 2349 1176 2402 καὶ
1207 2349 1477 2418 δύναιντο,
1525 2352 1621 2406 καὶ
1659 2353 1732 2418 ὡς
1765 2355 1865 2426 μὲν

289 2545 454 2598 quam
491 2506 832 2586 scribendam
884 2545 1318 2600 susceperamus,
1353 2533 1404 2589 in
1436 2535 1595 2590 finem
1627 2536 1864 2592 destina-

289 2632 405 2673 tum
465 2620 753 2689 aliquando
798 2623 1074 2692 perducta.
1114 2625 1336 2690 Verum,
1380 2627 1647 2696 siquidem
1681 2633 1866 2683 accin-

287 2711 432 2765 cturi
487 2727 586 2766 nos
637 2713 772 2768 alias
830 2715 896 2767 ad
943 2730 1124 2769 rerum
1169 2732 1448 2785 gestarum
1491 2722 1860 2775 narrationem

284 2815 518 2864 sumus,.
560 2811 829 2871 optamus,
878 2812 934 2856 et
979 2818 1009 2858 a
1064 2805 1247 2862 divina
1296 2806 1644 2876 benignitate,
1695 2809 1855 2880 651

285 2905 398 2945 non
436 2894 788 2961 desperantes
833 2894 948 2949 fieri
973 2899 1083 2948 voti
1129 2906 1431 2964 compotes,
1461 2898 1692 2966 petimus
1727 2915 1859 2970 sug-

285 2983 403 3050 geri
437 2983 594 3038 nobis
621 2983 837 3039 felicius
864 3001 927 3040 ac
957 2987 1149 3040 saltem
1184 2988 1364 3044 minus
1394 2989 1724 3055 luctuosum,
1754 2991 1858 3045 hoc

286 3076 434 3144 quod
468 3075 730 3130 hactenus
753 3076 968 3146 obtigit,
1001 3077 1316 3147 scriptionis
1345 3090 1748 3149 argumentum.
1790 3080 1858 3135 Et

1976 611 2114 672 τέως
2144 614 2328 678 αὐτοῖς
2347 617 2620 686 ἀναιμωτὶ
2651 621 2754 682 τὰς
2774 621 2831 673 ὲν
2853 621 2930 692 τῷ
2960 627 3167 693 μεταξὺ
3197 632 3558 702 κλεισωρείας

1976 701 2227 756 διελθεῖν.
2253 706 2484 774 γένοιτο.
2533 710 2696 763 Ἀλλὰ
2738 712 2911 766 ταῦτα
2947 716 3046 784 μὲν
3081 718 3151 771 τὰ
3181 720 3282 789 τῆς
3321 701 3508 794 φήμης
3535 744 3552 758 ο

1975 793 2175 847 ἐκεῖνοι
2216 795 2275 848 δὲ
2307 797 2614 867 ἀπάραντες
2650 802 2759 854 ἀπὸ
2803 806 2904 872 τῆς
2948 809 3133 872 Λῖνου,
3187 793 3555 885 Ῥομοφόρτος

1979 881 2079 979 σὺν
2115 884 2224 945 τοῖς
2259 883 2542 954 Τούρκοις,
2572 891 2953 964 Μπυριγέριος
2979 899 3074 950 σὺν
3092 901 3341 976 Φαρέντᾳ
3371 881 3550 979 ἰ’ζιμῇ

1977 972 2069 1023 καὶ
2099 974 2280 1041 Γίδας,
2331 977 2529 1048 ἔχθραν
2555 981 2615 1035 δὲ
2649 985 2783 1053 πρὸς
2831 987 3102 1057 ἀλλήλους
3153 972 3395 1062 ἔχοντες,
3434 972 3554 1054 ei}?

1972 1063 2114 1118 οὕτω
2146 1065 2244 1136 μὲν
2279 1069 2606 1135 ἀπελθόντες
2646 1079 2995 1147 κατήντησαν
3035 1083 3113 1144 εἰς
3143 1086 3549 1159 Κασάνδρειαν,

1973 1157 2134 1253 κάκεῖ
2169 1159 2306 1226 πρὸς
2339 1160 2609 1231 ἀλλήλους
2646 1164 3074 1237 διετεχνάζοντο.
3122 1175 3182 1228 Ὀ
3210 1177 3321 1248 γάρ
3356 1157 3553 1253 Ῥομοη

1971 1247 2167 1345 φόρτος
2195 1249 2296 1305 σὺν
2327 1255 2439 1314 τοῖς
2471 1257 2602 1325 περὶ⁸
2635 1258 2800 1311 αὑτὸν
2830 1261 3098 1332 Τούρκοις
3148 1247 3552 1345 ὲχθραίνωννῆν

1967 1339 2366 1412 Μπυριγέριον,
2394 1346 2644 1416 Φαρὲντα
2686 1351 2902 1421 Τζιμῆν
2945 1358 3040 1408 καὶ
3074 1357 3268 1426 Γίδαν,
3302 1339 3549 1421 κακεῖνοι

1970 1427 2288 1528 ⁴σύμᾼπαντιες
2338 1434 2534 1506 τούτῳ.
2572 1438 2630 1492 '0
2678 1441 2734 1493 δὲ
2788 1443 3179 1516 Ῥομοφόρτος,
3237 1455 3418 1519 συνεὶς
3450 1457 3550 1528 τὴν

1969 1520 2286 1592 ἐπιϐουλὴν,
2314 1527 2558 1597 ἐνέδραις
2587 1532 2688 1602 τὴν
2726 1535 2910 1605 μάχην
2943 1540 3283 1610 ἐπίστευσεν,
3327 1549 3421 1600 καὶ
3454 1520 3550 1602 πός

1967 1611 2130 1708 λεμον
2161 1617 2511 1708 προσαράξας
2541 1622 2682 1676 κατὰ
2718 1625 2916 1692 κράτος
2937 1631 3083 1702 νικᾷ,
3116 1632 3192 1696 ὡς
3226 1639 3413 1690 πεσεῖν
3446 1641 3546 1708 μὲν

1965 1701 2364 1794 ἣξπυριγέριον,
2419 1707 2510 1761 τὸν
2563 1710 2620 1762 δέ
2669 1728 2734 1780 γε
2782 1715 3028 1786 Φαρέντα
3063 1701 3274 1786 ἀκλεῶς
3311 1701 3540 1794 ἁλῶναι,

1967 1786 2066 1845 εἶτ’
2096 1791 2254 1858 αὖθις
2281 1797 2619 1869 ἀπολυθῆναι
2654 1806 2808 1875 παρὰ
2835 1808 2928 1860 τοῦ
2965 1809 3358 1885 Ῥομοφόρτου.
3393 1820 3454 1873 '0
3486 1786 3544 1876 ei

1967 1884 2213 1980 Φαρέντα
2265 1888 2479 1959 Τζιμῆς
2517 1894 2792 1964 ἀπογνοὺς
2843 1902 2959 1964 τοῖς
3007 1901 3171 1969 ὅλοις,
3221 1906 3408 1980 ὥσπερ
3455 1928 3542 1976 τις

1968 1975 2246 2047 πλανήτης
2266 1980 2381 2072 καὶ
2410 1985 2758 2053 αἰχμάλωτος
2788 1990 3081 2060 αὐτομολεῖ
3125 1996 3202 2066 τῷ
3230 1975 3541 2072 δομεστίκῳ

1967 2070 2104 2138 πρὸς
2144 2070 2440 2127 Ξάνθειανο
2495 2076 2524 2129 ό
2554 2078 2646 2132 καὶ
2677 2081 2832 2150 μόλις
2879 2085 3119 2152 γνωσθὲν
3153 2070 3536 2159 περισώζεται.

1965 2161 2030 2212 Οί
2073 2162 2256 2230 μέντοι
2308 2179 2371 2233 γε
2423 2169 2574 2239 παρὰ
2622 2171 2750 2234 τοὺς
2798 2173 2856 2228 ἐν
2884 2176 2963 2247 τῷ
2997 2178 3218 2251 πολέμῳ
3269 2183 3540 2249 πεσόντας

1965 2252 2304 2340 προσέπεσον
2348 2256 2722 2332 ῗΡομοφόρτῳ,
2757 2264 2854 2319 καὶ
2895 2265 3039 2321 οὕτω
3070 2271 3207 2340 πρὸς
3243 2272 3540 2332 Θετταλίαν

1965 2338 2198 2411 ἀπῆρεν.
2235 2343 2398 2399 Ἀλλὰ
2431 2347 2606 2402 ταῦτα
2641 2351 2761 2420 μὲν,
2795 2352 2895 2424 ὅση
2933 2356 3054 2427 Θεῷ
3083 2338 3259 2430 φίλον,
3290 2363 3536 2432 ἀγέσθω.

3297 2493 3323 2514 Ι

1965 2525 2039 2578 illi
2094 2528 2326 2595 perculsi
2381 2544 2487 2584 non
2539 2532 2716 2587 solum
2779 2549 2840 2591 se
2897 2539 3251 2596 continebant
3297 2557 3327 2596 a
3381 2547 3536 2601 novis

1963 2616 2421 2678 incursationibus
2472 2633 2528 2678 ot
2562 2629 3059 2696 oppugnationibus
3097 2636 3392 2701 tentandis,
3439 2641 3533 2692 sed

1961 2717 2017 2762 et
2065 2709 2234 2764 multa
2284 2711 2400 2766 loca
2437 2715 2588 2782 prius
2617 2717 2829 2781 invasa,
2863 2730 2916 2774 et
2944 2733 3208 2792 quotquot
3245 2743 3398 2782 arces
3425 2729 3534 2782 Ru-

1963 2813 2244 2854 manorum
2279 2811 2408 2857 ante
2439 2818 2856 2876 occupaverant,
2891 2813 3091 2879 passim
3125 2815 3529 2887 relinquebant,

1955 2903 2081 2943 sese
2127 2889 2270 2946 intra
2300 2891 2517 2964 Olympi
2575 2897 2776 2953 montis
2827 2899 3110 2960 inaccessa
3146 2913 3358 2975 tesqua,
3410 2921 3532 2963 artu

1963 2982 2212 3047 transitu,
2250 2994 2302 3038 et
2332 2989 2616 3057 praeruptis
2667 2991 2792 3045 hinc
2835 2991 2960 3046 inde
3008 2996 3214 3051 munita
3271 3002 3520 3069 rupibus.

1961 3073 2342 3130 recondentes.
2410 3076 2488 3132 Ex
2551 3077 2782 3136 Occidua
2808 3097 2936 3139 vero
2967 3086 3278 3144 continente
3299 3093 3532 3164 Amogu-

287 3167 616 3234 sperabatur
665 3167 765 3222 hoc
805 3169 1037 3224 articulo
1079 3185 1259 3225 rerum
1291 3172 1534 3242 qumdgm
1568 3173 1624 3228 in
1663 3173 1856 3229 melius
1881 3169 1930 3234 ο
1962 3164 2080 3218 bari
2117 3167 2526 3234 nuntiabantur,
2568 3172 2808 3229 dimissis
2859 3189 2978 3244 quae
3025 3179 3303 3245 tenebant,
3341 3183 3528 3240 Marit-

288 3259 649 3314 commntatio
697 3260 928 3329 publica:
987 3261 1234 3316 fortunae.
1267 3263 1394 3329 Quae
1445 3263 1492 3318 si
1540 3265 1854 3335 contigerit,

284 3350 432 3404 haud
463 3353 806 3407 retrahemus
845 3369 1084 3420 manum,
1127 3365 1376 3426 prompte
1400 3359 1679 3412 occursuri
1712 3358 1856 3414 desi-

281 3443 449 3496 deriis
486 3445 852 3498 revocantium
879 3446 944 3498 ad
977 3445 1316 3515 provinciam
1372 3447 1543 3502 semel
1578 3457 1854 3519 utcunque

280 3543 491 3601 gestam
537 3537 950 3589 commendandi
1000 3537 1274 3592 memoriae
1306 3555 1402 3607 pro
1437 3539 1654 3594 modulo
1685 3539 1854 3594 facul-

277 3626 415 3679 tatis
452 3636 672 3692 nostrae,
715 3644 835 3696 qua:
883 3628 1176 3683 viderimus
1214 3630 1434 3684 evenire
1469 3645 1576 3685 non
1629 3629 1849 3706 indigna

275 3716 476 3770 notitia
543 3729 908 3786 posterorum.
949 3720 1220 3776 llliheraie
1269 3721 1466 3792 quippe
1510 3737 1609 3777 nec
1652 3737 1850 3779 conse-

274 3825 454 3878 quens
504 3811 671 3866 fuerit
717 3827 834 3876 nos,
867 3823 1152 3886 postquam
1206 3813 1348 3868 ultro
1381 3814 1596 3868 taedium
1622 3815 1850 3870 devora-

277 3899 524 3954 verimus
574 3899 925 3969 consignandi
975 3900 1342 3955 monumentis
1375 3899 1460 3954 illa
1495 3909 1573 3954 tot
1603 3902 1846 3970 exposita

276 3987 438 4042 libris
470 3987 642 4052 hisce,
679 3989 882 4044 mundo
914 3991 1132 4056 acerba,
1172 3987 1416 4044 Romano
1469 3991 1696 4060 imperio
1750 3989 1846 4045 fu-

271 4089 468 4145 uesta,
534 4079 652 4134 urbi
701 4079 826 4134 huic
879 4091 1082 4135 nostra:
1138 4091 1193 4135 et
1242 4081 1504 4137 Ecclesiae
1568 4082 1846 4148 luctuosa,

271 4171 618 4242 prosperiora
656 4171 869 4233 deinde,
900 4173 1118 4241 quando
1141 4175 1526 4237 successerint,
1569 4174 1713 4228 nollc
1749 4189 1848 4229 nec

272 4264 564 4338 invitatos.
597 4264 886 4334 attingere.
921 4258 1112 4316 Vertat
1171 4265 1354 4329 modo,
1418 4264 1508 4334 qui
1556 4263 1712 4320 facile
1751 4279 1848 4334 po-

266 4365 404 4422 test,
456 4371 674 4412 scenam
713 4357 852 4411 hanc
908 4355 1154 4420 feralem,
1215 4365 1271 4410 et
1308 4358 1662 4412 conversione
1715 4366 1846 4438 rotae

267 4450 502 4504 meliora
562 4449 705 4503 Deus
739 4447 950 4503 tandem
1000 4448 1268 4518 propitius
1299 4450 1524 4504 reducat
1559 4459 1838 4518 tempora:

270 4540 417 4594 haud
460 4549 783 4594 cunctantes
817 4553 1171 4594 occurremus
1219 4539 1284 4593 ad
1323 4539 1496 4594 fausta
1535 4538 1841 4609 posteritati

266 4634 614 4697 nuntianda;
673 4634 913 4701 qualium
963 4648 1068 4687 non
1126 4648 1340 4702 semper
1374 4634 1682 4686 defuturam
1717 4633 1842 4689 huic

266 4741 384 4779 aevo
436 4725 647 4792 copiam
682 4725 810 4779 licet
840 4712 1096 4793 augurari
1131 4741 1196 4778 ex
1233 4723 1599 4793 perseveranti
1633 4739 1727 4793 spe
1779 4739 1844 4780 ac

269 4819 374 4869 lide
446 4815 759 4883 longanima
813 4816 1177 4884 imperatoris,
1233 4815 1385 4884 cujus
1439 4815 1580 4868 haud
1637 4814 1844 4869 fractus

266 4907 517 4962 adversis
570 4907 786 4960 animus
841 4917 892 4960 et
935 4907 1166 4960 ﬁdenter
1215 4916 1502 4974 exspectat
1543 4915 1843 4960 commuta-

267 4999 472 5051 tionem
527 4999 692 5051 sortis
741 4997 992 5066 publicae,
1021 4998 1150 5051 etei
1188 5013 1286 5065 pro
1311 4997 1452 5049 virili
1489 4999 1842 5065 procurandae

263 5089 486 5144 sedulus
541 5089 768 5153 insistit,
823 5103 1090 5158 nusquam
1149 5089 1506 5145 indormiens.
1562 5090 1655 5141 sed
1729 5096 1839 5140 toto

261 5191 465 5234 conatu
493 5195 767 5247 generosae
799 5180 1020 5233 virtutis
1056 5180 1272 5234 infestis
1315 5188 1502 5234 contra
1533 5178 1836 5247 ingruenti-

263 5273 368 5326 bus
401 5271 688 5325 obluctans
716 5272 959 5324 casibus.
989 5272 1134 5325 Sane
1183 5272 1286 5324 hoc
1317 5280 1561 5336 tempore
1590 5270 1837 5336 quaedam

261 5378 362 5430 pro
407 5363 631 5416 tristitia
696 5364 1091 5432 prseteritornm
1146 5363 1279 5416 satis
1331 5360 1447 5414 laeta
1497 5359 1838 5415 st-rmonibus

261 5453 702 5507 celebrabantur.
758 5450 892 5506 Nam
946 5452 1074 5506 hinc
1105 5454 1318 5519 quidem
1352 5453 1572 5521 triginta
1617 5452 1838 5506 cit-riter

261 5545 432 5600 millia
487 5543 862 5598 Tocharorum
923 5560 950 5595 a
987 5543 1424 5612 Cliartnpantane
1463 5546 1515 5598 in
1569 5545 1832 5599 auxilium

260 5639 581 5706 imperatOri
615 5637 780 5691 missa
808 5637 966 5705 plane
993 5653 1264 5707 magnam,
1290 5639 1452 5691 etiam
1482 5652 1644 5705 supra
1671 5654 1832 5707 quam

258 5729 473 5798 sperari
528 5729 898 5783 verisimiliter
951 5738 1220 5798 potuerat,
1271 5729 1453 5785 Persis
1507 5745 1604 5799 per
1648 5731 1831 5784 Asiam

259 5820 640 5893 grassantibus
671 5818 874 5873 inferre
907 5819 1321 5888 trepidationem
1355 5829 1667 5888 cmperant;
1723 5836 1830 5891 qua

580 5915 852 5975 Pn'ttOL.
888 5916 1003 5975 tia.
1039 5913 1223 5976 CXLI
1243 5915 1318 5977 Υ.

1960 3268 2078 3309 2am
2132 3255 2355 3314 (luvium
2409 3261 2677 3330 trajicere,
2733 3265 2914 3320 animo
2958 3283 3054 3338 per
3097 3271 3385 3328 ulteriores
3449 3278 3526 3332 illi

1959 3346 2103 3401 amni
2136 3350 2388 3418 regiones
2421 3353 2728 3420 recedendi,
2763 3370 2924 3424 quam
2975 3359 3242 3415 citissime
3277 3377 3522 3432 possent,

1957 3436 2012 3491 in
2065 3439 2270 3506 patrias
2303 3439 2562 3508 ipsorum,
2593 3451 2651 3496 ut
2693 3442 2914 3512 quidem
2949 3446 3300 3514 audiebatur,
3333 3461 3388 3504 ut
3429 3468 3526 3506 au-

1955 3537 2061 3583 tem
2104 3531 2204 3600 ipsi
2251 3530 2520 3598 dicebant,
2549 3534 2820 3602 proposito
2851 3534 3136 3592 invadendi
3165 3543 3350 3595 urbem
3380 3542 3524 3598 Atlio

1954 3619 2117 3673 sitam
2180 3620 2232 3673 in
2293 3628 2476 3676 monte
2519 3622 2840 3690 cognomine
2875 3622 3221 3691 Macedouim,
3254 3629 3298 3681 si
3341 3639 3520 3683 tamen

1954 3710 2088 3781 ipsis
2145 3711 2429 3766 incruente
2484 3721 2774 3782 penetrare
2811 3713 2976 3784 652
3024 3720 3369 3787 contingeret
3425 3736 3523 3774 an-

1951 3802 2158 3871 gustias
2189 3802 2424 3870 faucium
2456 3819 2552 3874 per
2571 3819 2707 3874 quas
2727 3804 2850 3860 illuc
2878 3809 3246 3863 necessarium
3277 3822 3362 3865 est
3389 3813 3518 3866 iter.

1950 3893 2028 3946 Ac
2082 3892 2206 3947 talia
2246 3893 2460 3962 quidctn
2527 3894 2666 3947 fama
2729 3893 3062 3952 ferebantur.
3113 3899 3377 3953 Caeterum
3443 3902 3520 3955 illi

1951 3983 2115 4036 motis
2153 3983 2219 4035 ab
2272 3981 2414 4036 Ᾱεῖιιο
2462 3983 2685 4048 castris,
2741 3983 3092 4040 Romofortns
3138 4004 3260 4042 cum
3302 3989 3518 4056 Turcis,

1949 4070 2304 4143 Mpyrigerius
2356 4088 2479 4126 cum
2529 4071 2813 4127 Pharenda
2865 4075 3074 4136 Tzime,
3118 4087 3172 4129 et
3203 4077 3391 4144 Gidas,
3437 4082 3522 4134 iu-

1949 4161 2087 4216 fensi
2143 4161 2272 4217 licet
2318 4161 2587 4227 invicem,
2639 4163 2842 4230 junctis
2905 4166 3258 4222 nihilominus
3319 4172 3516 4238 copiir,

1950 4254 2224 4308 communi
2263 4255 2522 4308 comitatu
2554 4253 2953 4310 Cassandream
2991 4270 3380 4325 pervenerunt.
3415 4261 3516 4317 Ubi

1949 4345 2314 4410 considentes,
2343 4361 2441 4414 pro
2469 4359 2534 4399 eo
2556 4362 2666 4416 quo
2705 4347 2844 4401 clam
2880 4346 2931 4400 in
2974 4363 3095 4403 sese
3140 4359 3326 4405 mutuo
3359 4355 3520 4407 arde-

1947 4434 2080 4489 bant
2122 4421 2269 4500 odio,
2347 4435 2697 4490 intenderunt
2754 4439 2972 4491 animos
3032 4439 3411 4495 machinandis
3465 4445 3517 4496 iu
3567 4458 3573 4464 ·

1948 4528 2049 4581 sibi
2079 4537 2359 4598 suspectos
2384 4529 2546 4592 dolis,
2581 4531 2760 4596 quoad
2803 4531 2854 4584 in
2896 4531 3004 4584 vim
3059 4544 3306 4600 apertam
3355 4535 3522 4589 disci-

1949 4621 2098 4676 dium
2153 4623 2354 4692 erupit,
2409 4623 2721 4676 commissis
2757 4624 2931 4690 palam
2983 4623 3330 4682 factionibus.
3382 4625 3518 4682 Nam

1948 4714 2305 4770 Bomofortus
2355 4731 2476 4769 cum
2523 4716 2634 4770 suis
2663 4714 2858 4768 Turcis
2908 4715 3040 4770 iram
3092 4719 3371 4781 hostilctr,
3420 4736 3518 4774 nec

1943 4807 2117 4875 ipsam
2152 4810 2287 4862 bene
2327 4807 2744 4871 dissimulatam,
2778 4811 3046 4876 coquebat
3085 4811 3343 4864 adversus
3371 4812 3519 4882 Μυγ-

1947 4899 2228 4967 rigerium,
2281 4896 2649 4961 Pharendam,
2691 4899 2932 4952 Tzinu-m
2970 4911 3022 4952 ct
3069 4898 3294 4964 Gidam;
3354 4901 3518 4971 hique

1942 4989 2183 5042 vicissim
2221 4987 2363 5040 haud
2393 4988 2524 5042 satis
2575 4989 2828 5056 tegebant
2855 4989 3183 5043 voluntatem
3225 4989 3517 5047 Bomofor-

1945 5092 2057 5135 tum
2116 5081 2330 5134 insidiis
2371 5080 2803 5134 circumventum
2841 5081 3206 5150 opprimendi.
3239 5083 3392 5149 Quod
3428 5086 3512 5140 hic

1941 5162 2268 5243 intelligens,
2315 5175 2446 5227 aleae
2474 5171 2662 5227 Martis
2709 5189 2861 5242 spem
2894 5175 3120 5229 credere
3157 5184 3320 5245 atque
3366 5178 3515 5232 anci-

1942 5268 2036 5336 piti
2110 5266 2430 5320 discrimine
2493 5267 2746 5320 lraudum
2810 5269 3147 5320 occultarum
3206 5270 3513 5324 invadendi»

1940 5363 2115 5428 palam
2201 5360 2386 5428 praelio
2450 5359 2616 5412 semel
2692 5359 2909 5429 defungi
2972 5361 3128 5414 duxit
3181 5365 3508 5417 consultius.

1938 5451 2092 5515 Quod
2128 5459 2180 5504 et
2214 5450 2288 5502 illi
2321 5462 2350 5501 e
2380 5448 2614 5502 sententi
2640 5450 2984 5504 asuccessit:
3017 5451 3230 5518 plenam
3261 5454 3406 5505 enim
3446 5455 3510 5506 dc

1935 5543 2283 5602 adversariis,
2320 5541 2371 5593 in
2420 5555 2513 5594 eos
2551 5540 2786 5605 irruens,
2817 5541 3097 5595 victoriam
3139 5542 3347 5606 retulit,
3375 5543 3510 5595 adeo

1937 5644 1991 5688 ut
2027 5633 2380 5702 Mpyrigerius
2425 5631 2644 5700 quidem
2693 5649 2755 5688 ea
2803 5649 2981 5704 pugna
3031 5634 3312 5695 ceciderit,
3366 5635 3508 5688 Pita-

1936 5725 2101 5778 renda
2156 5737 2283 5776 vero
2331 5721 2546 5778 'fzimes
2595 5724 2824 5792 primum
2871 5724 3228 5792 ignominioso
3285 5735 3502 5792 captus,

1933 5824 2106 5885 posta
2147 5810 2465 5869 Romoforto
2499 5811 2635 5878 liber
2669 5814 2948 5880 dimissus,
2977 5815 3266 5878 desperata
3291 5827 3502 5868 summa

3103 5909 3181 5968 23
