4046 6392
554 383 662 446 ⁸Ξ1ἐ5
1462 380 1530 439 Ρ.
1573 377 1885 440 POSSINI
1920 379 2152 440 OBSEE

2175 377 2584 440 VATIONUM
2639 379 2791 440 LIB.
2844 377 2896 438 Ῐ.
3684 384 3771 450 716

549 494 778 564 ’Δγοιτο
825 493 884 547 δὲ
944 495 1064 547 κατ’
1119 493 1340 553 ἐλπίδας
1375 492 1619 563 χρηστὰς
1641 533 1656 555 ,
1709 493 1804 544 καὶ
1853 490 1929 554 ὡς
1971 492 2002 559 ἡ
2035 489 2129 544 τοῦ
2160 498 2207 556 Α
2235 509 2326 555 τος
2359 491 2524 562 μόνου
2549 490 2910 559 πεντήκοντα,
2945 487 3069 543 καθ’
3094 488 3156 543 ὃν
3185 490 3374 562 καιρὸν
3396 492 3528 547 καὶὸ
3551 492 3772 563 βασιλεὺς

544 584 878 658 κρατοῦντος
914 587 1031 658 ἔχει
1070 586 1420 656 πεποίθησις.
1459 583 1527 635 Ἦ
1581 581 1765 653 μέντοι
1815 598 1880 650 γε
1926 581 2125 653 συνόλη
2238 579 2585 654 Ἀνδρόνικος
2627 579 2720 634 τὸν
2761 578 2924 634 αὐτὸν
2955 579 3055 652 τῆς
3090 579 3308 652 ἡλικίας
3333 583 3637 653 παρίππευε
3662 587 3773 657 χρόα

548 681 764 751 ἱστορία
789 678 899 733 τῶν
928 679 1234 750 δεκατριῶν
1263 677 1441 744 λόγων
1463 676 1710 748 περιέχει
1731 673 1958 745 χρόνους
1977 674 2128 728 δέονο
2241 690 2353 730 νον.

549 876 757 927 rerum,
802 867 862 916 ut
895 872 1019 914 erro
1050 868 1104 914 et
1142 857 1392 928 captivus
1423 857 1718 928 quispiam,
1771 862 1838 915 ad
1871 861 2134 917 domesti-
2237 867 2455 916 nostras
2486 861 2714 934 meliora
2758 859 2863 916 sibi
2897 857 3235 929 despondere
3271 871 3424 913 ursas
3456 866 3640 914 cuncta
3665 858 3777 914 diri-

547 968 672 1008 cum
724 966 893 1021 prope
937 949 1256 1006 ‘Xantbeam
1302 950 1693 1022 transfugerit;
1753 968 1783 1007 a
1837 968 1946 1023 quo
1987 969 2130 1024 aegre
2235 967 2385 1024 gere,
2436 967 2502 1008 ac
2555 967 2665 1022 quo
2693 960 2821 1007 vota
2879 960 2936 1006 et
2997 951 3192 1005 ﬁducia
3242 959 3498 1004 constans
3544 950 3776 1019 principis

547 1043 765 1114 agnitus
820 1051 1092 1097 servatur.
1185 1040 1289 1108 Qui
1335 1041 1508 1110 praelii
1550 1044 1886 1098 carniﬁcinae
1933 1057 2128 1111 super-
2234 1043 2410 1100 nostri
2454 1045 2662 1100 dudum
2719 1043 3067 1100 incumbunt.
3125 1041 3360 1096 Historia
3406 1040 3519 1096 haec
3556 1042 3776 1096 universa

549 1133 721 1196 luere,
755 1133 820 1188 ad
868 1140 1056 1201 partes
1082 1129 1388 1188 Romoforti
1421 1148 1481 1188 se
1505 1131 1892 1203 adiunxerunt.
1927 1135 2130 1205 Sicque
2233 1137 2496 1194 tredecim
2536 1137 2824 1202 librorum,
2872 1149 3046 1190 annos
3074 1130 3462 1204 complectitur
3487 1148 3591 1188 uno
3618 1133 3775 1188 minus

551 1224 649 1280 ille
677 1234 907 1280 cunctos
938 1223 1038 1279 sub
1073 1238 1134 1280 se
1170 1223 1380 1281 habens
1411 1240 1551 1280 unus
1576 1224 1690 1294 jam
1719 1227 1827 1282 dux
1868 1227 1923 1282 in
1955 1227 2131 1284 Thes-
2231 1227 2650 1299 quinquaginta,
2681 1240 2917 1297 aequaeva
2964 1235 3160 1280 exacte
3209 1223 3524 1279 Andronico
3572 1224 3778 1292 impera-

550 1317 742 1372 saliam
808 1317 998 1371 movit.
1033 1315 1234 1372 Verum
1289 1318 1404 1374 bac
1450 1334 1557 1389 qua
1604 1319 1716 1375 Deo
1765 1321 1916 1375 cordi
1962 1319 2133 1374 fuerit
2230 1319 2338 1374 tori
2377 1335 2391 1372 :
2431 1332 2557 1372 nam
2614 1317 2664 1373 is
2718 1331 2828 1386 quo
2875 1314 2966 1370 illa
3014 1314 3214 1371 desinit
3265 1324 3549 1386 tempore,
3604 1314 3778 1385 pariter

553 1408 815 1464 ferantur.
860 1407 1075 1464 Utinam
1111 1420 1290 1464 autem
1318 1410 1396 1464 illi
1427 1412 1640 1481 placeat
1673 1412 1974 1468 secundum
2007 1425 2133 1481 spes
2233 1409 2893 1481 undequinquagesimum
2922 1407 3100 1464 aetatis
3131 1407 3328 1479 agebat
3360 1423 3578 1463 annum.

553 1728 3770 1770 Μ

1408 1944 2002 2140 PETRI
2169 1942 2950 2074 POSSINI

1716 2287 1731 2297 ο
1819 2211 1870 2271 E
1914 2208 2360 2274 SOCIETATE
2395 2211 2582 2274 JESU

751 2423 1995 2546 ‘OBSEB’VATIONUM
2113 2426 3576 2547 PACHYMERIANARUM

2145 2717 2230 2761 AD

543 2913 1025 2980 HISTORIAM“
1043 2912 1328 2978 RERUM
1359 2913 1464 2977 AB
1496 2909 1960 2996 ANDBONICO
1990 2911 2510 2978 PALEOLOGO
2540 2911 2890 2979 SENIORE
2908 2912 2992 2978 IN
3012 2913 3362 2981 IMPERIO
3391 2906 3790 2982 GESTARUM

1819 3211 2158 3303 LIBRI
2207 3209 2580 3306 .TRES-

2161 3496 2236 3519 β

1304 3694 1346 3748 Ι.
1366 3692 1819 3750 θιοεεωυι.
1841 3719 1902 3732 -
1920 3693 1985 3746 Η.
2016 3693 2246 3748 ΝΟΤΕ.
2283 3719 2345 3732 -
2380 3693 2466 3747 ΙΙΙ.
2515 3692 3096 3748 σηηοηοιοθισσε.

1619 4181 2050 4300 LIBER
2173 4179 2754 4298 PRIMUS.

1930 4481 2465 4548 GLOSSARIUM.

911 4739 1212 4790 (nevocatur
1237 4735 1398 4782 lector
1423 4739 1522 4780 non
1546 4738 1605 4780 au
1628 4737 1882 4780 cotumnas
1902 4731 2119 4790 nostras,
2142 4727 2234 4780 sed
2265 4727 2328 4780 ad
2355 4739 2591 4780 numeros
2619 4728 2911 4793 grandiores
2932 4727 2996 4794 in
3019 4731 3168 4784 textu
3190 4731 3499 4796 expressos.)

637 5084 801 5158 655
832 5084 916 5158 [P.
960 5083 1088 5158 45η
1125 5084 1426 5154 Ἀτγωνες
1476 5099 1531 5154 p.
1593 5083 1718 5138 5H.
1769 5082 1966 5139 Telum
2017 5086 2143 5155 ejus
2179 5090 2222 5146 Β
2251 5085 2319 5141 ad
2344 5087 2560 5143 saeculis
2578 5085 2789 5156 aliquot
2815 5087 3124 5144 anteriores
3153 5087 3494 5161 Pachymere
3519 5074 3792 5154 Byzantini?

569 5180 750 5234 simile
802 5179 948 5249 quod
997 5177 1172 5234 Medis
1226 5178 1358 5232 olim
1415 5176 1686 5230 familiare
1739 5175 2053 5246 Xenophon
2095 5178 2152 5231 in
2251 5179 2477 5235 Graeciae
2527 5181 2848 5250 scriptores.
2889 5181 2969 5235 Ex
2998 5181 3202 5252 quibus
3225 5190 3281 5237 et
3308 5179 3507 5236 Suidas
3548 5183 3601 5232 et
3629 5171 3795 5228 Eusla‘

571 5270 700 5341 Cyri
728 5269 903 5340 pardia
935 5270 1138 5323 παλτὸν
1166 5268 1487 5337 appellavit,
1522 5281 1648 5320 cum
1686 5277 2025 5336 usurparent
2056 5283 2154 5337 po-
2254 5271 2404 5326 thius
2461 5273 2771 5327 istiusmodi
2847 5272 2943 5330 teli
3005 5273 3438 5344 descriptionem
3504 5263 3790 5325 hauserunt-

571 5375 686 5420 stea
719 5363 882 5417 bellis
911 5371 1106 5417 contra
1133 5361 1357 5416 Graecos
1387 5368 1482 5412 aut
1527 5359 1669 5413 alios
1694 5360 1929 5429 populos
1957 5357 2156 5414 Orien-

2252 5363 2412 5418 Prtor
2471 5365 2552 5417 sic
2603 5363 2849 5434 loquitur
2896 5365 3234 5433 τ’Δγγωνες
3297 5363 3569 5435 ἐπιχώρια
3619 5355 3788 5424 δόρατα

573 5459 713 5512 tales
744 5454 962 5520 Franci,
992 5440 1218 5522 dﬁwva
1248 5453 1353 5523 ipsi
1377 5452 1679 5518 vocabant;
1712 5451 1860 5507 unde
1890 5463 1946 5507 et
1983 5468 2073 5507 res
2099 5462 2158 5506 et
2254 5453 2404 5524 παρὰ
2455 5454 2748 5523 Φράγκοις.
2784 5453 2984 5522 Quem,
3023 5467 3081 5512 ut
3129 5457 3308 5520 vides,
3341 5456 3686 5526 Pachymeres
3717 5442 3792 5495 de-

574 5562 775 5601 nomen
814 5544 1022 5600 Graecis
1061 5543 1468 5600 recentioribus
1518 5543 1778 5598 innotuit.
1833 5543 1953 5598 Non
2005 5543 2154 5597 enim
2261 5543 2504 5613 scripsit,
2534 5544 2775 5599 Francos
2806 5553 3018 5600 tantum
3047 5560 3158 5600 non
3193 5559 3522 5608 memorans,
3541 5535 3672 5610 quod
3699 5531 3787 5586 ll“

573 5639 709 5694 illud
768 5639 829 5692 τδ
875 5639 1107 5689 παλαιὸν
1165 5635 1341 5692 nostri
1389 5635 1496 5692 hoc
1531 5635 1652 5690 loc'o
1703 5635 2058 5707 Pacbymeris
2084 5634 2152 5689 ad
2260 5649 2323 5689 os
2348 5635 2422 5689 ibi
2473 5645 2598 5692 ante
2629 5637 2945 5692 nominatos
2989 5637 3058 5692 iis
3082 5653 3416 5710 synonymos
3441 5636 3672 5690 duceret.
3699 5622 3787 5677 Re-

577 5732 828 5786 ultimam
867 5728 1257 5785 vetustissima:
1287 5727 1514 5784 Graeciae
1542 5727 1628 5801 [P.
1661 5727 1788 5799 458]
1819 5736 1912 5782 aut
1944 5726 2152 5781 ﬂoren-
2258 5742 2389 5782 vera
2418 5728 2566 5783 enim
2600 5744 2630 5782 a
2661 5743 2944 5784 sacrarum
2987 5731 3296 5799 praesertim
3331 5725 3716 5799 expeditionum
3743 5710 3810 5772 in.

573 5820 714 5878 tium
760 5819 1100 5877 Athenarum
1148 5818 1475 5877 memoriam
1527 5817 1879 5875 referendum
1914 5827 2019 5882 est,
2053 5817 2148 5872 sed
2259 5817 2487 5876 Terram
2552 5829 2800 5878 sanctam
2855 5821 3204 5893 temporibus
3249 5819 3438 5877 Asiani
3492 5811 3784 5874 Francorum
