4046 6396
328 413 435 483 ’117

1703 368 2217 473 GLOSSARIUM.

3488 416 3600 487 ’118

326 530 601 591 vocabulo
659 527 1056 586 transmarinas
1117 542 1313 584 omnes
1376 526 1608 600 Europae
1660 529 1913 584 nationes
1940 529 1988 589 Α
2017 542 2248 599 usurpat
2273 540 2468 584 auctor
2496 529 2549 584 in
2592 529 2814 585 notione
2863 531 2931 586 ab
2968 532 3240 604 Ilesycbio
3281 533 3597 600 observata,

327 620 890 692 comprehendebant.
927 619 1253 675 Eustathius
1286 636 1509 692 quoque
1534 619 1602 675 ad
1650 620 1847 691 Odyss.
1881 637 1912 672 τ

327 715 434 773 sub
477 714 698 770 initium
737 715 985 782 ιἈγγον
1037 715 1179 785 (lege
1215 714 1461 785 Ἀγγων)
1496 709 1638 777 εἶδος
1683 713 1914 784 δόρατος

327 806 643 879 Φραγγικοῦ
671 804 796 859 οὔτε
826 806 947 860 λίαν
989 804 1215 877 μικροῦ,
1245 805 1440 876 φασὶν,
1487 803 1614 859 οὔτε
1647 805 1910 874 μεγάλου,

326 888 390 949 οὗ
409 895 471 951 τδ
501 895 758 949 πλεῖστον
791 896 999 967 σιδήρῳ
1032 896 1371 966 περιέχεται,
1401 897 1463 949 οὐ
1505 897 1647 951 κατὰ
1674 897 1733 950 τὸ
1762 896 1914 965 παρὰ

328 987 646 1056 Λυκόφρονι
682 986 948 1057 σίγυμνον
974 1004 990 1019 ·
1016 988 1197 1041 ἐκεῖνο
1227 986 1337 1059 γὰρ
1363 988 1695 1060 ὁλοσίδηρον.
1722 989 1913 1062 Angon

325 1081 524 1153 species
551 1084 717 1138 hasne
747 1080 1025 1139 Francica:
1046 1099 1211 1155 neque
1244 1085 1403 1138 nimis
1426 1099 1629 1155 parva,
1655 1095 1713 1139 ut
1734 1087 1912 1153 aiunt,

328 1189 493 1242 neque
524 1190 769 1244 magnae;
814 1191 933 1246 quis
967 1177 1076 1246 fere
1106 1183 1218 1230 tota
1245 1175 1389 1246 {erro
1421 1178 1908 1252 comprehenditur,

324 1267 384 1322 in
427 1267 522 1322 hoc
564 1268 835 1323 dissimilis
867 1279 1161 1325 memorato
1203 1269 1347 1340 apud
1396 1269 1792 1342 Lyc0phronem
1845 1273 1914 1327 si-

326 1362 564 1434 liymno:
594 1363 691 1416 hoc
714 1364 855 1417 enim
877 1362 1041 1417 telum
1076 1371 1153 1418 est
1194 1371 1362 1418 totum
1386 1364 1641 1433 ferreum.
1675 1363 1906 1420 Videtur

325 1460 524 1508 auctor
553 1452 915 1524 Etymologiei
941 1454 1258 1512 existimare
1289 1470 1493 1511 nomen
1520 1457 1625 1512 hoe
1650 1457 1720 1512 ab
1744 1458 1910 1511 ἀκον-

323 1544 501 1609 τίζειν
556 1547 808 1610 ductum,
861 1554 923 1602 ut
967 1546 1230 1618 quoniam
1278 1548 1592 1604 istiusmodi
1631 1549 1741 1620 pila
1798 1565 1910 1605 non

325 1636 476 1708 longi
531 1637 813 1693 manubrii
869 1653 980 1694 non
1015 1639 1180 1695 modo
1218 1654 1383 1695 manu
1415 1655 1617 1711 quassa
1662 1640 1911 1698 vibrata.

320 1741 432 1796 que
482 1727 695 1782 hostem
744 1726 1002 1783 cominus
1034 1726 1320 1784 admotum
1372 1728 1648 1796 luderent,
1700 1732 1796 1787 sed
1854 1738 1904 1788 et

323 1818 497 1874 habili
529 1820 798 1875 brevitate
836 1820 904 1875 ad
947 1822 1343 1891 jaculationem
1399 1832 1526 1894 apta
1578 1823 1801 1880 eminus
1848 1826 1903 1879 in

322 1920 569 1967 remotos
612 1912 988 1978 mitterentur,
1049 1914 1300 1982 ἇγγωνες
1350 1914 1498 1971 dicta
1557 1916 1691 1972 sint.
1725 1917 1909 1974 Verba
1943 1895 1984 1949 Β

322 2004 443 2075 ejus
470 2003 761 2073 scriptoris
793 2004 911 2060 hac
936 2012 1068 2059 sunt
1100 2021 1114 2059 :
1147 2006 1433 2075 Ἀγγωνες
1454 2008 1680 2077 δοράτια
1701 2010 1761 2062 οὐ
1788 2010 1910 2065 λίαν

325 2097 558 2166 σμικρὰ,
571 2095 869 2168 θεθάλλ²
886 2096 1009 2150 οὐδὲ
1025 2098 1382 2168 μεγάλα,ἀλλ’
1395 2099 1520 2153 ὅσον
1532 2099 1910 2166 ἀκοντίζεσθαι

320 2186 460 2240 ὅπου
481 2187 688 2256 δεήσοι.
716 2185 826 2242 Sed
855 2203 1083 2252 vanum,
1111 2188 1335 2259 Opinor,
1363 2192 1435 2247 sit
1464 2206 1715 2262 quaerere
1740 2192 1911 2265 origi-

320 2296 450 2336 nem
477 2281 733 2337 vocabuli
764 2281 1017 2338 Francici
1050 2282 1107 2338 in
1131 2281 1321 2354 lingua
1344 2281 1558 2339 Graeca.
1665 2294 1755 2302 ἡ·

407 2371 748 2441 Ἀγρώτιδες
813 2388 872 2444 p.
931 2373 1055 2429 269.
1110 2373 1280 2430 Casas
1343 2375 1581 2432 rusticas
1634 2391 1700 2433 ac
1750 2385 1913 2450 tugu-

320 2465 406 2521 ria
431 2466 623 2522 aestiva
650 2480 959 2521 messorum
988 2466 1305 2536 manipulos
1329 2466 1385 2522 in
1414 2469 1562 2524 areis
1587 2471 1910 2535 terentium,

317 2557 547 2627 opinor,
576 2555 871 2627 intelligit;
904 2570 1046 2627 quas
1070 2572 1101 2612 a
1134 2556 1514 2614 fundamentis
1547 2560 1767 2617 avulsas
1795 2561 1915 2617 elu-

322 2650 438 2715 vie,
470 2662 530 2706 et
583 2649 733 2720 quod
769 2649 887 2705 fere
924 2649 1126 2705 tabulis
1172 2665 1238 2706 ac
1289 2652 1521 2708 materia
1569 2663 1911 2724 constarent,

324 2750 579 2799 torrente
599 2742 862 2811 abreptas
883 2741 1158 2815 significat
1181 2742 1499 2799 innatantes
1519 2745 1700 2815 aquis,
1728 2747 1912 2817 quoad

323 2836 580 2906 impacta:
610 2834 891 2891 mtenibus
942 2834 1096 2890 urbis
1145 2835 1307 2891 allisu
1339 2835 1770 2909 dissiparentur.
1805 2839 1911 2918 Δεῖ

319 2936 510 2984 autem
574 2927 925 2998 potissimum
991 2926 1060 2983 de
1115 2928 1471 2998 temporariis
1530 2930 1908 2988 tabernaculis

316 3021 535 3076 circum
573 3035 736 3076 areas
779 3020 1032 3091 frugibus
1059 3019 1250 3091 plenas
1279 3021 1479 3092 positis
1502 3021 1571 3078 ad
1598 3024 1911 3082 custodiam

319 3119 713 3182 congestarum
766 3110 880 3165 illic
934 3110 992 3166 in
1044 3111 1220 3168 moles
1267 3110 1532 3169 frumenti
1590 3114 1910 3185 spicarum,

318 3218 460 3273 quas
500 3203 688 3258 excuti
719 3210 775 3258 et
805 3202 974 3258 exiis
1009 3218 1243 3273 granum
1276 3204 1518 3269 secerni,
1547 3219 1718 3275 opera
1765 3208 1908 3264 mul-
1931 3241 1976 3300 c

321 3304 506 3351 torum
533 3295 888 3351 continenter
912 3295 1131 3351 dierum
1158 3295 1405 3352 laborem
1434 3299 1712 3369 exigente,
1745 3314 1909 3370 opor-

317 3387 496 3453 tebat,
556 3388 755 3443 suadet
819 3388 1084 3458 temporis
1131 3388 1402 3445 articulus
1439 3389 1544 3445 sub
1594 3399 1902 3446 extremum

315 3483 630 3552 Augustum
687 3489 746 3535 et
787 3480 1048 3552 adjuncta
1101 3481 1313 3537 mentio
1356 3480 1537 3552 ἔργων
1569 3481 1782 3552 αἰζηῶν
1803 3486 1904 3537 ἁν-

313 3571 484 3641 δρῶν,
514 3587 741 3643 operunt
771 3572 1023 3637 iuvenum
1053 3571 1311 3634 virorum,
1334 3572 1442 3627 hoc
1475 3580 1574 3628 estw
1601 3573 1903 3629 valentium

315 3680 650 3723 messorum.
688 3665 870 3735 Ἔργα
919 3665 1067 3721 enim
1116 3666 1428 3722 universim
1476 3682 1646 3737 opera
1697 3669 1905 3724 rustica

313 3757 466 3813 circa
504 3755 693 3825 fruges
738 3764 1029 3820 vocantur,
1078 3764 1314 3811 extenso
1352 3755 1519 3811 etiam
1575 3757 1697 3827 ejus
1753 3759 1906 3815 vocis

312 3841 634 3914 signiﬁcatu
661 3841 731 3896 ad
767 3840 987 3898 fructus
1020 3844 1169 3913 ipsos
1195 3843 1316 3899 istis
1341 3844 1631 3902 laboribus
1649 3858 1901 3918 paratos;

313 3949 429 4003 quo
456 3947 626 3989 sensu
655 3932 822 3988 etiam
858 3934 1007 3989 Psal.
1039 3950 1243 3999 cxxvu,
1294 3936 1349 4000 2,
1384 3936 1605 3994 labores
1637 3953 1904 3995 manuum

250 4030 259 4035 “
311 4040 544 4081 suarum
592 4028 927 4081 manducare
963 4025 1238 4093 homines,
1271 4042 1471 4100 nempe
1513 4030 1788 4102 agricolae,
1819 4030 1905 4087 di-

312 4125 541 4172 cuntur.
595 4116 928 4173 Corroborat
956 4127 1141 4173 autem
1172 4118 1568 4189 conjecturam,
1595 4122 1743 4192 quod
1775 4137 1902 4178 mox

312 4210 691 4281 Pacbymeres
736 4209 792 4263 in
849 4210 1098 4265 membro
1148 4212 1364 4280 periodi
1408 4213 1780 4284 reSpondente
1814 4214 1903 4272 his

313 4302 524 4365 verbis,
574 4301 786 4372 αἰζηῶν
812 4301 1025 4371 ἀνδρῶν
1053 4301 1217 4371 ἔργα,
1248 4304 1534 4375 subiungit
1564 4305 1634 4358 τὰ
1668 4305 1715 4360 δ’
1761 4307 1904 4376 ἀφα-

313 4393 564 4458 νίζεσθαι
586 4396 707 4459 ταῖς
734 4393 1067 4465 προχώσεσι,
1099 4394 1328 4466 disjecta
1356 4404 1416 4452 et
1451 4397 1759 4468 disperdita
1794 4398 1902 4455 ista

312 4503 485 4558 opera
511 4486 706 4542 dicens
737 4502 863 4542 cum
895 4488 1138 4544 molibus
1171 4498 1268 4543 aut
1296 4489 1463 4546 metis
1490 4490 1900 4560 frumentariis,

2015 620 2145 675 dum
2178 621 2419 692 ἀδηρίτῳ
2459 638 2557 692 pro
2599 623 2920 694 synonymis
2947 624 3168 693 copulat
3195 623 3428 695 ἄμαχον,
3461 627 3604 680 ὰκα-

2015 714 2356 783 ταμάχητον,
2395 716 2672 778 invictum,
2731 715 3086 771 ineluctabile.
3136 716 3318 783 Quare
3367 717 3600 772 verbum
3693 710 3698 723 ’

2015 801 2288 872 διέφερον,
2329 805 2475 874 quod
2510 822 2635 858 mox
2678 804 2958 870 subditur,
2998 807 3208 859 nullum
3260 822 3452 861 eorum
3485 807 3603 861 ele-

2014 900 2261 968 gantium
2289 900 2697 971 signiﬁcatuum
2743 901 2833 955 ltie
2856 901 3094 961 obtinet,
3130 900 3336 970 quibus
3372 901 3603 973 insigni-

2019 998 2108 1044 tur
2162 989 2218 1043 in
2272 992 2556 1061 plerisque
2613 991 2951 1047 disertorum
3003 1007 3237 1063 operum
3286 992 3465 1059 libris,
3502 993 3602 1049 sed

2014 1082 2343 1152 simpliciter
2381 1093 2542 1139 sonat
2570 1083 2830 1152 ferebant.

2096 1174 2400 1241 Ἁλλαγαί,
2437 1189 2491 1245 p.
2543 1175 2669 1231 496.
2719 1174 2922 1230 Τοῦτον
2983 1174 3236 1246 βασιλεὺς
3281 1175 3401 1245 μετ’
3438 1178 3603 1243 εὐμε-

2015 1264 2163 1327 νείας
2210 1263 2424 1335 δέχεται
2472 1270 2568 1320 καὶ
2612 1268 2879 1336 ἀλλαγαῖς
2925 1268 3274 1337 ἀγάλλειςῖδ.
3313 1283 3444 1323 vero
3473 1268 3597 1336 498,

2014 1355 2083 1411 de
2144 1357 2475 1430 Mpyrigerio
2539 1359 2620 1414 sic
2665 1361 2860 1415 scribit
2914 1379 2928 1416 :
2984 1363 3092 1415 Kal.
3143 1361 3434 1415 ὲκυδνοῦτο
3481 1364 3601 1425 ταῖς

2017 1453 2241 1520 συχναῖς
2320 1450 2610 1522 ἀλλαγαῖς.
2673 1453 2980 1526 Hesychius
3058 1454 3307 1526 ἀλλαγὴν
3374 1454 3602 1524 exponit

2013 1541 2272 1613 ἀμοιϐὴν,
2317 1543 2415 1598 sed
2450 1559 2573 1598 eam
2613 1545 2928 1615 generalem
2963 1544 3249 1600 notionem
3301 1544 3390 1600 his
3423 1545 3599 1599 nostri

2011 1631 2150 1687 locis
2176 1632 2325 1688 haud
2366 1634 2642 1705 quadrare
2670 1650 2832 1690 nemo
2862 1651 2972 1690 non
3007 1634 3176 1688 videt.
3206 1633 3379 1689 Multo
3417 1633 3602 1687 minus

2012 1734 2303 1779 contentus
2340 1725 2611 1795 quispiam
2661 1742 2784 1782 esse
2841 1726 3015 1796 possit
3058 1740 3122 1780 ea
3176 1740 3344 1796 quam
3392 1725 3602 1778 Eusta-

2014 1815 2165 1871 thius
2210 1814 2580 1887 παρεκϐολαῖς
2628 1818 2694 1872 ad
2734 1817 2890 1874 lliad.
2955 1835 3003 1882 ε,
3038 1834 3094 1885 p.
3144 1818 3243 1872 531
3301 1815 3392 1871 ed.
3429 1816 3593 1869 Rom.

2012 1916 2240 1963 annotal
2280 1908 2366 1964 his
2394 1909 2580 1965 verbis
2612 1925 2628 1964 :
2666 1910 2734 1963 Al
2761 1910 2820 1964 δὲ
2853 1911 3088 1980 ἱστορίαι
3122 1909 3397 1979 σταθμοὺς
3419 1909 3600 1967 οἴδασι

2013 1999 2197 2069 λέγειν
2223 2003 2316 2054 καὶ
2346 2004 2447 2066 τὰς
2468 2002 2808 2073 ὡρισμένας,
2850 2001 2952 2067 sit:
2973 2000 3066 2054 οὖν
3088 2000 3458 2071 τεταγμένας,
3489 2001 3601 2051 ενο-

2012 2092 2158 2157 δίῦυς
2386 2095 2709 2159 ἀναπαύλας
2741 2098 2852 2158 τοῖς
2888 2093 3004 2147 εἴτε
3055 2092 3317 2146 ἱππεῦσιν
3350 2093 3460 2146 εἴτε
3503 2109 3602 2144 πε-

2014 2184 2322 2257 ζοδρόμοις,
2370 2184 2438 2251 ἃς
2489 2187 2585 2240 καὶ
2625 2185 2868 2255 ἀλλαγὰς
2909 2184 3099 2254 ἔλεγόν
3128 2200 3295 2247 τινες.
3334 2183 3395 2238 in
3426 2199 3588 2254 quant

2012 2276 2343 2335 sententiam
2385 2280 2498 2334 duo
2531 2278 2806 2334 Meursius
2840 2277 3160 2334 testimonia
3192 2277 3415 2346 allegat,
3463 2276 3595 2331 altes
3682 2273 3689 2280 “

2013 2384 2138 2424 rum
2175 2369 2452 2425 Basilicon
2491 2370 2678 2442 Eclog.
2710 2369 2820 2424 58:
2861 2371 2987 2424 Ἐάν
3013 2387 3098 2433 τις
3129 2368 3428 2442 παρελάσει
3467 2368 3602 2438 μίαν

2014 2461 2148 2532 γοῦν
2172 2461 2440 2532 ἀλλαγὴν,
2471 2461 2534 2516 τὸ
2558 2461 2962 2533 τετραπλάσιον
2984 2461 3087 2531 τῆς
3110 2460 3205 2514 τοῦ
3253 2459 3399 2526 ζὼου
3433 2459 3603 2531 τιμῆς

2012 2550 2226 2616 διδότω,
2250 2551 2487 2606 alterum
2528 2565 2561 2607 e
2586 2550 2784 2622 glossis
2826 2549 3128 2615 veteribus,
3182 2548 3424 2619 σταθμὸς
3457 2547 3601 2612 ζῶον

2012 2641 2276 2715 δρομικὸν
2301 2642 2467 2714 (forte
2496 2642 2795 2716 legendum
2828 2642 3070 2714 σταθμὸς
3102 2638 3260 2706 ζώων
3292 2640 3599 2713 δρομικῶν)

2012 2734 2073 2797 ὃς
2125 2734 2348 2805 λέγεται
2407 2734 2505 2789 νῦν
2559 2735 2797 2808 ἀλλαγή.
2838 2735 3045 2792 Verum
3094 2733 3233 2789 nihil
3266 2735 3396 2790 hinc
3431 2733 3601 2789 elicio

2012 2825 2162 2898 quod
2197 2825 2563 2882 declarationi
2587 2825 2828 2881 duorum
2878 2840 3002 2897 quae
3042 2825 3306 2898 proposui
3344 2824 3596 2882 locorum

2013 2919 2271 2977 sufficiat.
2315 2920 2558 2992 Reperio
2612 2917 2857 2989 ἀλλαγὰς
2919 2930 3185 2990 praeterea
3237 2929 3421 2975 vestes
3483 2918 3597 2974 dici

2014 3012 2408 3084 speciosiores,
2465 3018 2700 3068 Ornatus
2739 3010 2928 3083 potius
2983 3009 3041 3065 in
3094 3008 3239 3066 festo
3264 3018 3360 3064 aut
3398 3025 3600 3081 pompa

2013 3119 2178 3175 quam
2214 3102 2567 3161 necessitatis
2602 3110 2702 3159 aut
2732 3117 2868 3159 usus
2904 3100 3086 3175 civilis
3110 3101 3285 3173 gratia
3327 3105 3469 3157 sumi
3504 3116 3596 3159 so-

2012 3196 2160 3254 litas.
2194 3195 2462 3262 Codinus,
2494 3196 2597 3252 lib.
2617 3195 2697 3251 De
2718 3194 2863 3267 ofﬁc.
2894 3211 2945 3253 c.
2990 3195 3077 3263 10,
3107 3211 3167 3251 n.
3199 3196 3233 3250 7
3264 3213 3279 3250 :
3307 3194 3542 3252 Ἔπειτα
3569 3197 3600 3249 ὁ

2014 3288 2391 3362 πατριάρχης,
2435 3289 2641 3361 μᾶλλον
2675 3288 2733 3344 δὲ
2771 3290 2822 3343 oi
2855 3290 3222 3359 πατριάρχαι,
3252 3288 3301 3342 εἰ
3328 3282 3601 3358 παρόντες

2011 3381 2177 3448 εἰσὶν,
2242 3379 2587 3452 ἐνδεδυμένοι
2637 3381 2739 3445 τὰς
2791 3379 3035 3449 ἀλλαγὰς
3083 3372 3288 3434 αὖτῶν.
3353 3380 3481 3450 Agit
3530 3380 3601 3434 de

2010 3487 2213 3543 pompa
2244 3470 2356 3527 diei
2388 3472 2723 3528 Palmarum.
2774 3471 2969 3528 Vestes
3016 3486 3243 3542 quoque
3274 3471 3599 3541 imperatori

2010 3565 2207 3621 eadem
2237 3564 2588 3621 solemnitate
2622 3565 2873 3631 usitatas,
2912 3580 2967 3620 ιι.
3004 3566 3064 3628 3,
3111 3576 3408 3620 vocaverat
3437 3564 3602 3618 ἀλλά-

2008 3672 2223 3726 γματα,
2264 3656 2342 3710 uti
2381 3664 2438 3712 et
2463 3672 2521 3712 ιι.
2554 3656 2589 3710 4
2617 3657 2947 3712 vestimenta
2974 3656 3087 3711 τῶν
3122 3656 3407 3727 ἀρχόντων
3447 3657 3601 3726 prin-

2007 3750 2194 3822 cipum
2239 3759 2337 3807 aut
2378 3749 2784 3822 praecipuorum
2835 3751 3279 3822 magistratuum,
3328 3767 3599 3822 apparere

2005 3842 2339 3900 cmremonia
2392 3841 2485 3899 tali
2518 3842 2808 3914 splendido
2840 3843 3032 3898 habitu
3085 3857 3151 3897 ex
3186 3858 3339 3899 more
3387 3843 3598 3899 deben-

2008 3935 2168 4002 tium,
2201 3934 2529 4008 ἀλλάγματα
2574 3937 2782 4007 pariter
2815 3935 3052 3995 dixerat.
3090 3936 3319 3993 Videtur
3343 3937 3461 3993 hzec
3499 3953 3598 4008 ap-

2005 4028 2230 4100 pellatio
2278 4028 2528 4086 derivata
2581 4044 2612 4084 e
2646 4030 2820 4084 sacris
2849 4029 3097 4093 Litteris.
3129 4030 3222 4085 ubi
3264 4030 3596 4086 vestimenta

2005 4121 2260 4192 quaedam
2302 4120 2607 4194 insigniora
2638 4130 2954 4193 comparata
3023 4121 3210 4194 potius
3248 4121 3317 4177 ad
3349 4122 3591 4191 speciem

2006 4230 2170 4287 quam
2198 4216 2268 4271 ad
2310 4216 2777 4289 vulgarem'usum
2818 4214 3022 4279 Μήτι
3047 4232 3079 4271 a
3119 4215 3292 4272 verbo
3329 4200 3455 4302 ἢθη
3477 4232 3595 4269 ηιαι

2008 4315 2128 4361 tare
2161 4306 2450 4374 dicuntur,
2495 4307 2565 4363 lV
2592 4306 2732 4379 Reg.
2786 4323 2841 4370 v,
2872 4309 2909 4363 5
2946 4317 3003 4364 et
3030 4308 3124 4364 22.
3148 4307 3471 4367 lsaim,vero
3511 4324 3593 4373 tu,

2006 4395 2101 4463 22,
2140 4406 2197 4453 et
2227 4397 2508 4453 Zachariae
2543 4399 2679 4454 item
2709 4413 2789 4464 ιιι,
2825 4400 2882 4464 4,
2921 4410 3215 4461 vocantur.
3250 4407 3355 4459 rm:
3371 4410 3484 4464 πυ.
3522 4398 3593 4452 ad

2007 4506 2130 4562 qua:
2162 4491 2345 4547 omnia
2386 4490 2506 4546 loca
2542 4489 2910 4562 Hieronymus
2936 4491 3227 4546 mutatoria
3267 4490 3595 4561 interpreta-

311 4579 567 4635 struibus
603 4579 859 4635 videlicet
902 4581 1142 4651 aggestis
1175 4583 1586 4652 manipulorum
1623 4584 1794 4641 tritici
1834 4600 1901 4642 ac
1933 4597 1976 4649 ι)
2010 4593 2123 4639 tur.
2173 4583 2401 4639 Duobus
2430 4598 2563 4639 vero
2594 4583 2878 4653 prioribus
2919 4583 3056 4638 locis
3104 4583 3457 4654 septuaginta
3505 4599 3595 4639 se-

310 4671 538 4742 frugutn
592 4680 943 4739 exterarum,
996 4687 1120 4743 quae
1174 4673 1358 4731 solent
1414 4691 1514 4745 per
1548 4684 1793 4733 astatem
1841 4677 1895 4733 in

311 4764 464 4820 areis
520 4772 760 4819 exstare.
818 4764 989 4821 Favet
1043 4766 1132 4821 his
1183 4767 1521 4838 coniecturis
1567 4771 1812 4842 epitome
1841 4773 1896 4830 in

312 4857 465 4913 hunc
496 4857 679 4911 locum
709 4856 993 4920 Vaticana,
1019 4874 1184 4928 quam
1216 4860 1345 4917 vide
1380 4862 1666 4919 recitatam
1702 4865 1756 4920 in
1793 4865 1900 4922 hoc

309 4946 587 5020 glossario
615 4945 763 5002 infra
799 4947 968 5003 verbo
1011 4949 1345 5019 προχώσεις.
1376 4952 1533 5017 Quod
1589 4953 1697 5010 huc
1726 4957 1899 5025 perti-

310 5047 430 5105 net,
461 5038 735 5095 admoneo
764 5038 903 5095 satis
938 5055 1126 5095 rarum
1151 5040 1330 5103 videri
1362 5044 1691 5100 vocabulum
1720 5048 1900 5115 ἀγρώ-

306 5131 457 5196 τιδες
486 5145 614 5186 cum
665 5147 711 5184 ω
740 5131 1009 5200 scriptum
1042 5149 1056 5186 :
1089 5147 1216 5187 nam
1246 5134 1410 5206 vulgo
1457 5136 1703 5209 ἁγρότης
1736 5141 1900 5195 rusti-

306 5241 402 5279 cus
426 5224 716 5280 scribitur.
746 5221 853 5280 Sed
884 5224 1120 5280 fortasse
1151 5235 1341 5281 noster
1374 5242 1441 5283 ex
1468 5229 1671 5285 usitato
1699 5231 1897 5288 eadem

306 5316 542 5373 notione
572 5315 744 5371 verbo
776 5315 1110 5386 ἀγροιώτης,
1142 5317 1286 5372 crasi
1313 5319 1575 5388 quadam,
1617 5322 1763 5377 hanc
1796 5336 1898 5379 vo.

307 5424 432 5465 cem
486 5408 974 5476 formaverit;aut
1021 5410 1190 5464 etiam
1232 5411 1285 5465 in
1331 5421 1514 5469 mente
1553 5414 1812 5471 habuerit
1838 5424 1897 5473 et

305 5502 601 5574 scriptioni
625 5516 762 5566 suae,
788 5513 849 5557 ut
878 5500 1156 5557 interdum
1188 5504 1349 5570 solet,
1387 5506 1686 5563 inseruerit
1709 5508 1893 5566 locum

305 5609 486 5666 poeta:
530 5593 840 5664 cujusdam.
902 5593 1064 5650 Certe
1127 5596 1247 5652 haec
1303 5606 1523 5664 cuncta,
1585 5602 1891 5671 prmertim

303 5703 443 5744 vero
490 5687 702 5757 αἰζηῶν
754 5686 966 5759 ἀνδρῶν
995 5687 1158 5763 ἔργα,
1211 5690 1414 5760 poetici
1463 5692 1586 5764 styli
1641 5709 1892 5764 saporem

301 5782 541 5840 habent.

373 5873 460 5948 ῃ).
489 5871 616 5946 459]
662 5872 981 5942 Ἀδήριτον
1023 5889 1076 5945 p.
1112 5875 1234 5930 152.
1271 5875 1470 5933 Vocem
1521 5874 1778 5947 ἀδήριτον
1804 5876 1895 5933 hic

2002 4677 2191 4733 niores
2242 4675 2657 4746 ἀλλασσομένας
2694 4676 2889 4738 στολὰς
2929 4691 3027 4746 pro
3067 4660 3271 4738 111534711
3303 4675 3542 4732 reddunt
3575 4692 3592 4731 :

1998 4767 2232 4825 Genesis
2269 4784 2402 4825 vero
2454 4785 2580 4834 xcv,
2626 4768 2696 4824 22
2736 4769 2827 4838 (de
2878 4784 2990 4839 quo
3028 4769 3149 4826 loco
3186 4784 3311 4824 mox
3338 4774 3589 4840 agemus)

2002 4858 2446 4924 ὲξαλλασςούσας
2493 4860 2712 4925 στολάς.
2748 4860 2875 4917 Haec
2926 4875 3028 4916 nos
3066 4870 3292 4916 movent
3332 4870 3393 4916 ut
3429 4861 3591 4916 initio

1999 4952 2305 5022 propositis
2337 4952 2591 5009 hist-orici
2643 4953 2818 5008 nostri
2874 4953 3014 5009 locis
3059 4968 3289 5009 munera
3322 4954 3589 5024 pretiosa-

2000 5059 2125 5098 rum
2173 5044 2412 5100 vestium
2430 5045 2510 5117 ab
2540 5044 2859 5101 Andronico
2894 5045 3234 5101 honorandis
3273 5045 3589 5117 hospitibus

2000 5135 2253 5208 impensa
2287 5137 2398 5193 dici
2422 5110 2683 5206 ’maya;
2712 5148 2996 5210 putemus.
3046 5138 3192 5195 Sane
3219 5110 3589 5211 perantiquus

2001 5248 2121 5290 mos
2148 5233 2462 5304 principum
2476 5233 2680 5291 charos
2711 5235 2955 5291 advenas
2976 5233 3239 5291 donativo
3271 5234 3589 5306 splendida-

1998 5340 2125 5382 rum
2158 5327 2393 5382 vestium
2422 5326 2769 5394 demerendi,
2802 5328 2916 5397 jam
2953 5327 3081 5383 inde
3107 5342 3141 5383 a
3172 5325 3400 5398 Josepbi
3426 5326 3591 5400 Egy-

2000 5424 2097 5485 pto
2125 5417 2405 5488 praepositi
2459 5419 2922 5497 temporibusest
2963 5418 3205 5475 celeber.
3256 5414 3351 5474 llle
3379 5419 3583 5489 quippe

1999 5511 2123 5567 loco
2183 5509 2348 5565 modo
2395 5520 2702 5567 memorato
2751 5510 2969 5567 Genes.’
3026 5527 3150 5576 xcv,
3207 5510 3300 5574 22,
3363 5510 3495 5566 dum
3527 5527 3588 5567 se

1999 5601 2411 5672 agnoscendum
2470 5601 2737 5663 fratribus
2789 5600 3067 5673 praebuit,
3125 5599 3353 5671 singulis
3403 5616 3587 5656 eorum

1999 5692 2192 5765 (verba
2231 5701 2362 5750 sunt
2416 5694 2590 5751 sancti
2649 5694 2973 5766 Hieronymi
3029 5693 3274 5762 Vulgatae
3319 5692 3586 5760 auctoris)

1999 5787 2233 5860 proferri
2272 5787 2436 5856 jussit
2472 5786 2625 5842 binas
2652 5785 2839 5843 stolas.
2873 5785 3166 5854 Beniamin
3222 5800 3343 5839 vero
3368 5783 3585 5854 (utique

1996 5894 2262 5951 germano
2297 5894 2409 5950 prae
2465 5880 2680 5935 caeteris
2726 5876 2955 5949 dilecto)
3010 5876 3153 5932 dedit
3202 5885 3459 5932 trecentos
3496 5891 3586 5930 αι·-
