4046 6416
505 367 624 427 .719

1432 364 1496 423 P.
1538 362 1841 424 POSSINI
1882 360 2537 426 OBSERVATIONUM
2581 361 2730 423 LIB.
2771 364 2821 429 Ι.

3622 370 3713 432 720

509 493 720 553 gcntcos
752 499 866 535 cum
889 480 1119 551 quinque
1159 478 1303 534 stolis
1337 481 1565 551 optimis.
1606 480 1665 533 In
1699 481 1927 535 historia
1957 495 2093 550 qtto-
2119 483 2163 540 Α
2195 475 2515 531 diuturnam
2564 477 2892 549 probassem
2920 492 3169 550 operam,
3221 478 3346 535 inde
3370 481 3571 535 emeriti
3616 500 3724 550 pro.

512 589 621 641 quc
660 573 904 641 Augusta
932 572 1212 626 Romanos
1244 571 1606 641 imperatores
1632 573 1912 627 munerari
1947 573 2083 627 soli-

514 675 602 718 tos
646 664 904 733 pretiosis
935 665 1177 717 vestibus
1227 679 1366 733 quos
1419 664 1624 717 vellent
1659 664 1957 723 honorare.
2017 664 2086 719 de

508 757 823 811 Alexandro
852 756 1057 811 Severo
1088 757 1388 817 refertum
1430 755 1769 825 Lampridio,
1804 754 1871 809 de
1905 754 2086 810 Probo

510 865 540 903 a
563 849 754 903 Flavio
789 848 1046 916 Vopisco.
1076 847 1254 913 Quem
1292 848 1418 901 olim
1461 862 1670 901 morem
1701 847 1754 900 in
1788 847 1913 900 aula
1942 845 2086 901 Con-

511 941 1001 1006 stantinopolitana
1061 940 1423 994 Orientalium
1482 937 1764 993 Caesarum
1812 940 2083 1008 viguisse,

508 1041 875 1102 praeterquam
928 1033 982 1085 hi
1038 1032 1395 1101 Pacbymeris
1447 1030 1552 1084 loci
1612 1030 1877 1092 indicant,
1919 1029 2080 1082 etiam

511 1131 691 1191 potest
719 1122 947 1192 intelligi
984 1138 1049 1176 ex
1074 1122 1476 1177 consuetudine
1513 1121 1815 1175 Turcarum
1847 1120 1959 1174 illic
1987 1120 2085 1173 bo-

507 1214 601 1266 die
639 1214 1022 1283 regnantium;
1058 1228 1197 1283 quos
1229 1213 1282 1267 in
1312 1213 1738 1265 admissionibus
1776 1212 2080 1281 legatorum

510 1303 880 1370 insigniumve
915 1317 1271 1372 personarum
1329 1301 1609 1356 donativis
1659 1303 1858 1356 talibus
1909 1311 2082 1357 vesta-

506 1414 654 1459 rum.
690 1405 750 1451 ut
799 1398 964 1467 vulgo
999 1408 1217 1463 vocant,
1251 1399 1455 1467 passim
1487 1397 1566 1450 uti
1599 1408 1941 1468 compertum
1975 1405 2079 1452 est.

502 1488 573 1541 Et
608 1488 880 1541 Andream
928 1488 1095 1556 igitur
1155 1496 1212 1542 et
1254 1485 1644 1558 Mpyrigerium
1693 1487 2077 1557 Pachymeres,

506 1582 634 1633 dum
669 1581 933 1648 ἀλλαγαῖς
983 1582 1051 1634 ab
1078 1581 1399 1636 Andronico
1436 1582 1737 1637 honoratos
1758 1581 1979 1643 scribit,
2007 1582 2081 1637 si-

502 1669 727 1739 gnificat
750 1670 911 1725 donis
944 1673 1308 1740 pretiosarum
1352 1682 1409 1727 et
1441 1673 1814 1743 speciosarum
1842 1674 2077 1727 vestium

503 1776 611 1814 non
636 1761 806 1815 semel
823 1762 1025 1816 cultos.
1048 1762 1173 1816 Haec
1190 1762 1459 1818 hactenus
1483 1764 1836 1834 scripseram,
1859 1765 2080 1832 quando

502 1852 647 1907 forte
681 1856 736 1907 in
786 1854 970 1909 locum
1019 1855 1187 1909 incidi
1242 1855 1619 1925 paraphraSIis
1665 1855 1915 1911 Vaticani
1966 1872 2077 1926 quo

501 1944 819 1999 declaratur
866 1945 1047 2016 ipsum
1098 1946 1152 2000 in
1185 1946 1378 2001 eadem
1434 1962 1646 2001 mecum
1694 1947 1760 2002 de
1810 1955 2079 2017 potestate

480 2036 654 2089 .ivocis
715 2037 929 2107 ἀλλαγὴ
979 2037 1253 2093 sententia
1311 2038 1505 2103 fuisse,
1548 2038 1824 2108 siquidem
1886 2039 1932 2096 is
1985 2041 2078 2096 illa

458 2127 669 2179 'verba
718 2126 1075 2197 Pachyme‘ris
1120 2128 1288 2198 653
1353 2144 1407 2199 p.
1461 2127 1586 2194 542,
1639 2129 1762 2192 Tot;
1810 2129 1909 2199 μὲν
1946 2148 2079 2185 ναυ-

502 2221 695 2288 άρχοις
754 2219 988 2271 τὰ’τῶν
1034 2220 1348 2285 ἀναϐολῶν,
1396 2219 1470 2284 ὡς
1517 2217 1681 2291 εἶχον,
1737 2222 1875 2295 πρὸς
1918 2223 2078 2293 βασι.

501 2307 637 2369 λὲως
660 2306 756 2379 ’[Ρ.
790 2306 915 2380 460]
953 2308 1369 2378 φιλοτιμότερον
1419 2311 1827 2382 μετημφίαστο,
1864 2315 1943 2367 sic
1984 2327 2078 2367 ex-

504 2394 735 2470 primit:
769 2402 831 2452 Οἱ
888 2401 1153 2471 ναύδρχοι
1212 2401 1526 2456 Γεννουῗται
1590 2404 1861 2473 τιμῶνται
1921 2407 2075 2474 παρὰ

502 2493 598 2553 τοῦ
636 2494 902 2561 βασιλέως
948 2494 1210 2562 ἀλλαγαῖς
1248 2497 1479 2565 ἱματίων
1511 2496 1805 2565 λαμπρῶν.
1847 2497 1925 2550 lla
1953 2498 2070 2561 ille;

502 2586 558 2640 in
591 2586 795 2655 quibus
831 2602 938 2641 non
975 2596 1180 2641 temere
1211 2588 1694 2667 suSpicor‘vocem
1733 2588 1960 2658 quidem
1996 2588 2077 2659 ip-

500 2694 623 2732 sum
653 2678 903 2746 ἁλλαγῶν
924 2693 991 2733 ex
1016 2679 1165 2735 hisce
1186 2695 1306 2751 qua:
1342 2681 1504 2735 modo
1531 2688 1832 2735 tractamus
1869 2681 2079 2752 Pachy—

500 2769 671 2825 meris
698 2767 836 2826 locis
880 2771 1184 2840 accepisse,
1237 2771 1368 2841 quid
1402 2778 1587 2826 autem
1618 2787 1682 2827 ea
1726 2788 1828 2827 suo
1861 2774 2076 2844 judicio

497 2861 742 2928 valeret,
804 2861 1183 2917 demonstrare
1242 2863 1524 2919 studuisse
1585 2864 1939 2934 adiunctione
2009 2865 2076 2920 ad

471 2953 649 3006 ‘illam
687 2952 969 3021 exegetica
1022 2954 1266 3023 ἱματίων
1313 2955 1610 3026 λαμπρῶν.
1637 2956 1759 3011 Non
1788 2956 2078 3011 omittatur

498 3040 569 3095 ad
630 3048 962 3107 extremum,"
999 3042 1131 3097 hinc
1170 3042 1418 3098 ‘fortasse
1470 3043 1889 3113 originationem
1949 3044 2078 3099 duci

2193 568 2560 623 movebantur
2600 570 2654 625 in
2685 571 3024 640 speciosiora
3055 571 3252 637 cilicia,
3292 582 3349 626 ut
3381 571 3467 627 hic
3496 573 3727 630 Nicolaus

2190 658 2257 712 ad
2292 659 2697 730 episcopatum,
2752 677 3071 733 quanquam
3110 678 3178 717 ne
3209 664 3428 732 ἀμέσως
3471 680 3648 721 manus
3700 685 3725 719 e

2189 750 2373 804 culina
2416 752 2671 806 sordidas
2703 753 2770 806 ad
2800 768 2925 810 aras
2974 753 3168 819 ferret,
3212 755 3549 825 professione
3594 758 3727 826 prius

2189 840 2494 896 tnonastica
2556 853 2821 914 purgatus
2872 846 3049 900 videri
3108 848 3312 916 potuit,
3356 863 3548 901 nomen
3584 864 3644 903 ex
3671 865 3725 905 ea

2188 942 2495 1003 sumptum,
2525 937 2821 1008 Neophyti,
2855 939 3130 993 cathedra:
3165 941 3424 995 Prusrnsi
3469 941 3729 996 honestius

2180 1022 2456 1078 inferens.
2486 1026 2607 1082 Etsi
2644 1037 2828 1081 autem
2877 1029 2932 1082 in
2969 1028 3177 1084 Graecis
3226 1031 3529 1099 originibus
3556 1032 3728 1086 culina).

2185 1113 2278 1168 hic
2308 1116 2570 1172 Palatina:
2623 1119 2773 1173 nulla
2814 1119 3083 1174 iudicatio
3114 1128 3217 1187 est,
3274 1138 3362 1176 rcs
3414 1133 3586 1176 tamen
3626 1124 3729 1193 ipsa

2188 1207 2445 1275 prudenti
2506 1210 2883 1279 conjecturam
2951 1214 3228 1285 suggerit,
3293 1208 3455 1268 talem
3522 1215 3727 1284 intelligi

2186 1308 2466 1368 oportere,
2505 1300 2611 1355 hoc
2645 1302 2764 1370 ipso
2808 1303 2953 1372 quod
2999 1306 3183 1358 culina
3220 1316 3570 1359 memoratur.
3615 1300 3731 1360 Nam

2182 1390 2237 1444 id
2271 1407 2369 1461 per
2392 1409 2451 1449 se
2506 1401 2612 1447 tam
2668 1395 2777 1450 vile
2822 1395 3195 1450 ministerium
3247 1398 3354 1451 nisi
3403 1413 3433 1452 e
3469 1398 3729 1468 principali

2184 1483 2346 1537 domo
2370 1483 2683 1552 splendoris
2709 1485 2919 1554 aliquid
2949 1487 3204 1556 accipiat,
3236 1487 3539 1543 obsoletius
3559 1488 3734 1543 obscu-

2183 1574 2414 1644 riusque
2446 1590 2546 1645 per
2587 1588 2645 1630 se
2676 1575 2748 1630 sit
2777 1591 2941 1646 quam
2988 1586 3051 1632 ut
3089 1578 3142 1632 in
3188 1578 3397 1648 scripto
3425 1579 3636 1649 publico
3657 1594 3731 1632 re-

2183 1674 2272 1720 cte
2305 1673 2636 1720 ostentetur.
2687 1665 3062 1735 Prazterquam
3111 1668 3361 1724 favorem
3416 1669 3727 1738 principum,

2187 1760 2307 1813 sine
2357 1773 2475 1828 quo
2521 1760 2623 1814 istc
2683 1759 3008 1831 Neophytus
3066 1776 3176 1814 non
3238 1773 3649 1830 promoveretur
3687 1762 3733 1815 in

2183 1851 2563 1921 episcopatum
2601 1851 2757 1905 urbis
2788 1851 3041 1917 illustris,
3090 1868 3329 1922 pronum
3362 1854 3627 1909 acstimatu
3664 1855 3738 1908 esi

2184 1958 2296 1998 non
2338 1943 2444 1998 alia
2480 1945 2653 2014 gratia
2701 1944 2833 1999 huic
2865 1944 3138 2015 aspirasse
3174 1961 3340 2015 quam
3378 1961 3445 2001 ex
3478 1962 3736 2001 commen—

2183 2034 2403 2090 datione
2456 2035 2634 2089 intimi
2694 2036 2991 2092 ministerii
3049 2036 3181 2091 olim
3243 2040 3604 2109 regnantibus
3645 2039 3737 2093 im-

2180 2124 2360 2196 pensi.
2413 2124 2683 2194 Congruit
2733 2134 2917 2180 autem
2969 2125 3241 2196 analogia,
3318 2136 3381 2181 ut
3437 2127 3734 2182 missionem

2178 2213 2346 2284 659
2374 2226 2569 2270 nactus
2597 2214 2796 2269 bonam
2847 2230 2877 2269 a
2908 2216 3252 2285 coquinariis
3308 2217 3620 2287 imperatori
3651 2233 3736 2272 ex-

2181 2305 2441 2361 hibendis
2495 2306 2781 2377 obsequiis
2830 2307 2911 2362 sic
2944 2308 3356 2379 ἀμαγειρευτος
3403 2319 3642 2373 vocetur,
3684 2319 3738 2365 ut

2180 2397 2548 2467 ἀστράτευτος
2571 2399 2775 2454 dicitur
2801 2400 2896 2469 qui
2926 2400 3127 2455 bonam
3159 2417 3190 2456 a
3215 2403 3414 2456 militia
3440 2403 3736 2458 missionem

2179 2489 2444 2543 emeruit.

2258 2580 2344 2654 [P.
2397 2581 2525 2655 461]
2559 2583 2967 2655 Ἀμογάϐαροι,
2999 2600 3055 2656 p.
3089 2584 3216 2642 395.
3247 2584 3379 2642 Hinc
3406 2587 3582 2658 prima
3604 2582 3736 2655 quod

2168 2675 2529 2730 meminerim
2579 2675 2633 2731 in
2690 2676 2795 2732 hac
2845 2678 3078 2733 historia
3123 2678 3338 2735 mentio
3391 2688 3479 2734 est
3524 2679 3738 2745 Amoga-

2178 2766 2463 2832 barorum,
2490 2782 2629 2838 quos
2672 2769 2804 2824 alibi
2840 2780 3048 2834 noster,
3080 2786 3279 2840 nempe
3316 2786 3374 2841 p.
3402 2771 3528 2831 416,
3564 2769 3639 2822 sic
3666 2767 3738 2821 di-

2180 2864 2300 2914 ctos
2347 2869 2505 2930 putat
2565 2859 2712 2930 quod
2764 2862 3034 2931 originem
3098 2861 3393 2916 traherent
3448 2877 3514 2915 ex
3567 2857 3746 2914 Avaris

2181 2953 2299 3006 sive
2354 2953 2647 3018 Avaribus,
2682 2954 3008 3009 Borealibus
3047 2955 3309 3010 videlicet
3365 2955 3505 3009 Asiae
3544 2951 3742 3023 populis

2180 3045 2328 3099 circa
2357 3044 2661 3101 Caucasum
2718 3046 2879 3101 sedes
2908 3045 3266 3101 habentibus.
3326 3045 3434 3102 Sed
3471 3061 3535 3099 ea
3582 3043 3744 3096 histo-

501 3132 938 3202 plausibiliorem
996 3148 1159 3203 posse
1211 3134 1466 3189 vocabuli
1503 3134 1762 3207 ἀλλάγιον
1809 3150 1871 3190 ea
1912 3151 2073 3205 quam
2102 3160 2147 3216 ο
2181 3137 2282 3191 rici
2330 3137 2573 3207 suspicio
2617 3146 2703 3192 est
2751 3138 2913 3207 plane
2952 3137 3340 3193 inverisimilis
3389 3155 3404 3191 :
3447 3135 3575 3207 quid
3606 3132 3740 3189 enim

500 3223 671 3292 priori
720 3233 910 3279 nostro
959 3224 1240 3280 Glossa’rio
1301 3225 1673 3280 btrsitabundi
1727 3226 2071 3295 proponeba-

501 3331 645 3369 nius.
671 3317 811 3382 Quid
861 3317 906 3371 si
954 3319 1104 3372 enim
1141 3318 1379 3386 ἀλλάγια
1423 3329 1686 3386 putemus
1721 3319 1868 3372 dicta
1903 3318 2074 3373 fuisse

475 3409 730 3479 collegia
779 3425 873 3464 seu
911 3424 1144 3479 corpora
1193 3409 1430 3465 militum
1488 3410 1698 3481 ἀλλαγῇ
1747 3410 1936 3474 simili,
1968 3409 2073 3465 hoc

498 3510 584 3555 est
632 3514 805 3565 veste,
837 3502 1148 3556 utentium?
1185 3517 1306 3572 quae
1350 3503 1663 3557 communio
1695 3502 1853 3557 facile
1887 3503 2072 3557 coale-

498 3605 655 3644 scere
688 3590 832 3645 inter
863 3591 1110 3661 ejusdem
1133 3592 1372 3646 nationis
1405 3600 1647 3646 armatos
1683 3593 1883 3661 potuit.
1913 3590 2073 3647 Certe

498 3681 554 3733 id
587 3682 912 3735 convenisse
937 3683 1160 3751 proprio
1189 3682 1494 3751 prmscrtim
1528 3683 1879 3751 imperatoris
1906 3681 2072 3735 tilitat-

484 3772 604 3842 ργίῳ
633 3773 957 3826 nominatim
981 3775 1048 3828 ab
1073 3773 1388 3843 Acropolita
1413 3785 1733 3843 memorato,
1761 3773 1876 3829 sive
1896 3773 2071 3840 τάξει,

497 3878 662 3933 quam
692 3864 833 3918 idem
860 3880 1048 3919 vocem
1082 3882 1182 3935 pro
1214 3865 1362 3921 illius
1393 3866 1625 3921 alterius
1646 3881 1946 3938 synonyma
1975 3882 2075 3941 po-

456 3986 461 3993 ·
498 3956 602 4021 uit,
634 3956 1039 4012 verisimillime
1085 3958 1417 4028 cogitabitur
1450 3973 1516 4012 ex
1552 3974 1653 4014 usu
1699 3975 1921 4030 quoque
1966 3960 2071 4016 bo-

475 4048 697 4101 odierno
732 4047 1110 4119 distinguendi
1157 4063 1311 4105 ccrto
1347 4062 1550 4119 genere
1582 4051 1804 4117 coloris,
1838 4052 2071 4123 insignis

499 4137 726 4194 habitus
780 4146 879 4193 aut
911 4141 1211 4209 peculiaris
1260 4141 1567 4212 chlamydis
1621 4149 1805 4198 certos
1843 4144 2070 4199 ordines

492 4230 758 4294 militum,
783 4230 1017 4302 principi
1049 4231 1271 4288 nomine
1300 4233 1423 4303 ipso
1461 4248 1524 4288 ac
1553 4234 1813 4305 singulari
1845 4235 2070 4291 delectu

468 4322 861 4377 addictorum.
888 4323 1029 4385 :Post
1074 4324 1194 4379 haec
1229 4325 1415 4379 omnia
1448 4325 1659 4396 scripta
1702 4329 2070 4385 animadverti

496 4414 676 4467 locum
729 4412 897 4468 alium
954 4415 1065 4471 hue
1124 4417 1495 4486 pertinentem
1562 4419 1740 4475 nostri
1799 4420 2066 4485 auctoris,

495 4520 661 4574 quem
681 4506 807 4561 vide
832 4520 888 4575 p.
904 4506 1005 4561 81.

569 4597 1033 4663 Ἀλληλένδετα,
1081 4615 1130 4668 p.
1175 4597 1265 4653 9'5.
1304 4600 1383 4654 ita
1419 4602 1624 4672 optime
1652 4602 1897 4656 omnium
1930 4602 2065 4657 Bar-

470 4688 724 4744 ‘berinus
758 4689 953 4753 codex,
995 4706 1118 4744 cum
1154 4692 1459 4748 Allatianus
1491 4694 1892 4762 ἀλληθενδεκτὰ
1926 4696 2067 4751 scri-

494 4783 610 4844 hat,
661 4782 960 4838 Vaticanus
1021 4794 1205 4838 autem
1241 4785 1629 4855 αλληλενδοτὰ,
1658 4784 1752 4840 ille
1787 4786 2065 4855 vitiosius,

370 4899 379 4906 -
470 4875 583 4927 ‘hic
612 4873 978 4942 prepinquius
1010 4889 1161 4928 vero.
1195 4875 1397 4929 Notum
1433 4882 1518 4929 est
1548 4874 1979 4931 ﬁszovivinetum
2009 4886 2067 4933 et

397 4952 405 4965 ’
493 4979 690 5018 nexum
741 4978 961 5025 sonare.
1016 4983 1044 5020 a
1075 4967 1179 5020 δέω
1214 4967 1338 5036 ligo.
1382 4966 1485 5020 Est
1513 4982 1641 5036 ergo
1678 4968 2065 5034 ἁλληλένδετον

476 5059 711 5110 invicem
771 5072 986 5122 nexum,
1047 5048 1108 5110 ut
1179 5059 1247 5111 sit
1304 5056 1635 5125 ισοδύναμον
1698 5058 1778 5127 τῷ
1830 5059 2064 5128 ἀλληλό-

493 5150 672 5202 ττλοικα
702 5167 826 5203 mox
872 5152 1072 5219 posito,
1106 5151 1389 5220 aptissima
1438 5152 1664 5205 notione
1699 5153 1766 5206 ad
1799 5152 1908 5207 loci
1943 5167 2068 5208 sen—

493 5244 744 5303 tentiam,
776 5250 836 5295 ut
864 5241 1042 5295 lector
1070 5242 1325 5295 oculatus
1354 5244 1536 5295 statim
1573 5251 1781 5298 cernet.
2042 5290 2057 5303 ,

561 5330 990 5401 Ἁμαγείρευτοι
1044 5347 1100 5399 p.
1135 5330 1224 5384 88.
1280 5330 1384 5396 Qui
1433 5342 1764 5387 vocarentur
1792 5333 1898 5387 hoc
1942 5333 2066 5389 loco

489 5425 883 5493 ἀολαγείρευτοι
947 5438 1072 5477 cum
1115 5422 1259 5476 foret
1299 5422 1555 5478 divinare
1600 5426 1975 5480 necemarium
2006 5425 2065 5480 in

488 5517 717 5569 silentio
766 5514 1121 5583 scriptorum,
1160 5529 1269 5567 non
1324 5515 1568 5568 occurrit
1599 5515 1745 5584 quod
1790 5516 2067 5570 verisimi-

500 5608 607 5662 lius
629 5608 873 5661 dieerem
917 5621 1080 5674 quam
1107 5605 1255 5676 quod
1298 5607 1352 5660 in
1395 5608 1853 5677 interpretatione
1879 5609 2064 5678 posui,

484 5698 570 5751 sic
605 5711 806 5763 nempe
853 5704 1078 5750 vocatos
1133 5710 1230 5750 eos
1284 5696 1378 5766 qui
1433 5707 1723 5767 postquam
1764 5699 1822 5751 in
1881 5699 2067 5769 aliqua

484 5797 647 5848 parte
682 5783 973 5841 ministerii
1002 5795 1096 5842 aut
1128 5786 1475 5858 praefecturae
1507 5788 1760 5859 coquinae
1805 5787 2065 5845 Palatina:

2181 3228 2453 3284 AVaribus
2511 3227 2866 3283 Hamaxobiis
2923 3242 2992 3282 ex
3058 3228 3323 3298 Scythico
3390 3242 3590 3297 genere
3632 3237 3743 3276 cum

2180 3321 2335 3376 hisce
2378 3320 2657 3376 Catelanis
2707 3334 2830 3375 esse
2890 3327 3186 3375 commune
3234 3320 3419 3389 potuit
3450 3335 3521 3373 ex
3570 3314 3743 3371 Sicilia

2180 3411 2462 3481 profectis,
2495 3425 2606 3481 quo
2639 3410 2790 3479 pri‘us
2820 3423 2888 3463 ex
2917 3408 3175 3479 Hispania
3205 3408 3587 3465 transierant?
3608 3406 3746 3477 plau-

2179 3504 2401 3558 sibilius
2456 3503 2512 3557 hi
2555 3516 2758 3556 nomen
2803 3500 3026 3555 duxisse
3060 3499 3235 3554 videri
3273 3505 3538 3568 poterant
3570 3511 3598 3549 a
3628 3506 3745 3563 pro-

2180 3591 2952 3649 montorio‘Tarraconensis
3011 3591 3315 3660 Hispaniae,
3376 3588 3528 3660 quod
3584 3584 3749 3640 Ptole-

2181 3700 2353 3739 maeus
2387 3682 2602 3752 Αΰαρον
2660 3684 2903 3738 Auarum
2953 3691 3212 3735 vocatum
3269 3681 3489 3735 scribit.
3529 3672 3747 3745 Reperio

2172 3777 2325 3846 apud
2356 3773 2680 3837 Marianam,
2717 3775 2755 3828 l.
2789 3790 2882 3840 xu,
2932 3789 2983 3828 c.
3017 3775 3106 3841 17,
3141 3772 3217 3826 De
3264 3773 3426 3828 rebus
3471 3766 3746 3839 Hispania,

2183 3866 2565 3937 A'lmogaraves
2600 3866 2712 3920 illic
2765 3864 3071 3935 appellatos
3121 3873 3422 3919 veteranos
3483 3863 3679 3917 milites
3720 3869 3748 3908 e

2181 3969 2343 4031 gente
2370 3958 2631 4015 Maurice.
2666 3960 2874 4014 Horum
2918 3959 3125 4013 multos
3171 3957 3451 4014 admistos
3484 3949 3750 4011 Catelanis

2179 4049 2433 4106 subsidio
2461 4049 2659 4104 missos
2688 4049 2969 4103 Friderico
2998 4050 3204 4105 bellum
3234 4049 3292 4103 in
3322 4049 3515 4105 Sicilia
3546 4041 3745 4117 gerenti

2178 4155 2209 4195 a
2237 4141 2410 4196 fratre
2441 4140 2616 4211 ipsius
2638 4154 2766 4212 rege
2796 4140 3083 4211 Aragoniaa
3110 4140 3379 4207 arbitror,
3405 4138 3465 4196 et
3494 4140 3596 4195 bos
3619 4134 3749 4191 bello

2180 4231 2364 4288 Siculo
2389 4246 2523 4302 pace
2566 4231 2711 4301 facta
2760 4233 3080 4298 terminato,
3111 4232 3256 4287 duce
3289 4233 3538 4302 Rogerio
3583 4230 3747 4283 Brun—

2178 4323 2400 4387 dusino,
2427 4338 2590 4393 quem
2623 4331 2813 4378 noster
2833 4322 3188 4378 Rontzerium
3223 4334 3413 4392 vocat,
3448 4317 3752 4378 Constanti-

2176 4415 2421 4482 nopolim
2455 4416 2694 4470 venisse.
2743 4415 2934 4484 Itaque
2975 4415 3092 4485 pari
3146 4415 3377 4471 licentia
3427 4431 3537 4485 qua
3570 4410 3745 4467 Fride-

2100 4506 2354 4564 D'ricum
2407 4508 2474 4561 in
2522 4506 2996 4570 Theudericbum,
3054 4508 3356 4577 Rogerium
3414 4509 3474 4562 in
3526 4504 3752 4560 Bootae-

2176 4599 2347 4664 rium,
2374 4599 2740 4669 Pacbymeres
2773 4598 3062 4661 deformat,
3091 4600 3259 4653 etiam
3300 4600 3365 4653 in
3404 4594 3748 4667 Amogabaris

2178 4688 2519 4758 balbutierit,
2576 4689 2657 4745 sic
2687 4703 2785 4744 eos
2844 4705 2943 4758 pro
3008 4690 3382 4759 Almogaraeis
3444 4691 3748 4743 nominans.

2161 4779 2349 4835 liabet
2376 4795 2441 4835 ea
2471 4796 2576 4835 vox
2610 4781 2757 4835 haud
2785 4781 3019 4836 dubium
3043 4782 3244 4851 linguae
3272 4782 3531 4838 Arabicae
3559 4777 3752 4834 Mauris

2174 4869 2468 4925 familiaris
2518 4870 2919 4926 characterem.
2974 4870 3159 4945 Itaque
3210 4873 3419 4941 placet,
3456 4885 3622 4940 quam
3673 4867 3751 4921 vir

2168 4963 2533 5032 pereruditus
2584 4956 2832 5031 mihique
2863 4963 3235 5018 amicissimus
3285 4962 3619 5018 Dominicus
3644 4960 3751 5013 Ma-

2156 5055 2324 5123 Igrius
2349 5070 2380 5108 e
2402 5056 2565 5124 patrii
2594 5055 2897 5110 Melitensis
2922 5056 3197 5111 idiomatis
3232 5072 3336 5113 usu
3373 5066 3433 5112 et
3459 5053 3751 5112 domestica

2158 5146 2370 5199 notitia
2421 5148 2685 5216 suggerit,
2738 5149 3035 5218 originatio
3099 5148 3252 5204 vocis
3318 5150 3513 5220 hujus.
3569 5149 3657 5203 Ait
3708 5144 3752 5197 is

2171 5236 2462 5290 Africanos
2489 5238 2747 5306 Algharbi
2778 5238 2971 5293 Melita:
3002 5240 3212 5306 vocari,
3240 5242 3393 5308 quod
3425 5239 3746 5296 vocabulum

2172 5328 2557 5405 Occidentales
2592 5340 2771 5393 sonat,
2839 5333 3105 5400 quoniam
3163 5331 3233 5386 ab
3292 5330 3516 5389 Occasu
3571 5330 3745 5386 Melita

2172 5420 2408 5477 Africam
2439 5423 2687 5492 respicit.
2720 5423 2991 5478 Inseritur
3021 5432 3206 5479 autem
3242 5425 3397 5480 inter
3431 5425 3662 5496 primam
3699 5427 3750 5476 et

2162 5515 2471 5569 secundam
2498 5515 2763 5586 syllabam
2791 5515 3045 5571 vocabuli
3077 5515 3343 5587 Algharln'
3370 5518 3643 5588 particula
3674 5527 3750 5567 suo

2174 5603 2384 5662 Latinae
2432 5608 2809 5679 praapositioni
2851 5624 2916 5664 ea:
2966 5609 3324 5679 aequivalens,
3363 5612 3591 5682 quoties
3614 5604 3750 5662 desi-

2173 5714 2341 5769 gnare
2367 5715 2514 5770 Opus
2536 5710 2622 5755 est
2647 5700 2888 5771 aliquem
2915 5715 2983 5756 ex
3015 5700 3199 5757 Africa
3227 5702 3350 5758 sive
3396 5704 3505 5758 alia
3533 5701 3746 5771 regione

2172 5788 2418 5848 Occidua
2467 5790 2779 5863 profectum
2826 5794 2999 5849 :talis
3034 5793 3185 5849 enim
3236 5792 3356 5850 illic
3409 5785 3747 5865 Almoyltarii
