  <div class='ocr_page' id='page_1' title='image "/cluster/home/n/w/nwhite01/storage/ocr_20150623/144:no.2/coo.31924054870492/368.png"; bbox 0 0 4046 6392; ppageno 0'>
   <div class='ocr_carea' id='block_1_1' title="bbox 349 454 450 520">
    <p class='ocr_par' dir='ltr' id='par_1_1' title="bbox 349 454 450 520">
     <span class='ocr_line' id='line_1_1' title="bbox 349 454 450 520; baseline 0.03 -3"><span class='ocrx_word' id='word_1_1' title='bbox 349 454 450 520; x_wconf 80' lang='grc' dir='ltr'><strong>7Ξ1</strong></span> 
     </span>
    </p>
   </div>
   <div class='ocr_carea' id='block_1_2' title="bbox 1723 482 2497 549">
    <p class='ocr_par' dir='ltr' id='par_1_2' title="bbox 1723 482 2497 549">
     <span class='ocr_line' id='line_1_2' title="bbox 1723 482 2497 549; baseline 0.006 -8"><span class='ocrx_word' id='word_1_2' title='bbox 1723 482 2238 549; x_wconf 77' lang='lat' dir='ltr'><strong>GLOSSARIUM.</strong></span> <span class='ocrx_word' id='word_1_3' title='bbox 2468 534 2497 546; x_wconf 49' lang='grc' dir='ltr'><strong><em>κ</em></strong></span> 
     </span>
    </p>
   </div>
   <div class='ocr_carea' id='block_1_3' title="bbox 3503 494 3623 539">
    <p class='ocr_par' dir='ltr' id='par_1_3' title="bbox 3503 494 3623 539">
     <span class='ocr_line' id='line_1_3' title="bbox 3503 494 3623 539; baseline 0 0"><span class='ocrx_word' id='word_1_4' title='bbox 3503 494 3572 539; x_wconf 64' lang='grc' dir='ltr'><strong>’ΐὲτῖ</strong></span> <span class='ocrx_word' id='word_1_5' title='bbox 3581 494 3623 539; x_wconf 61' lang='grc' dir='ltr'><strong><em>ἶ</em></strong></span> 
     </span>
    </p>
   </div>
   <div class='ocr_carea' id='block_1_4' title="bbox 3513 522 3609 554">
    <p class='ocr_par' dir='ltr' id='par_1_4' title="bbox 3513 522 3609 554">
     <span class='ocr_line' id='line_1_4' title="bbox 3513 522 3609 554; baseline 0 -1"><span class='ocrx_word' id='word_1_6' title='bbox 3513 522 3609 554; x_wconf 62' lang='lat'><strong>1-25</strong></span> 
     </span>
    </p>
   </div>
   <div class='ocr_carea' id='block_1_5' title="bbox 350 589 1922 675">
    <p class='ocr_par' dir='ltr' id='par_1_5' title="bbox 350 589 1922 675">
     <span class='ocr_line' id='line_1_5' title="bbox 350 589 1922 675; baseline 0.014 -31"><span class='ocrx_word' id='word_1_7' title='bbox 350 589 575 659; x_wconf 75' lang='lat' dir='ltr'><strong>dicitur,</strong></span> <span class='ocrx_word' id='word_1_8' title='bbox 612 593 720 651; x_wconf 86' lang='lat' dir='ltr'><strong>hoc</strong></span> <span class='ocrx_word' id='word_1_9' title='bbox 766 606 850 654; x_wconf 88' lang='lat' dir='ltr'><strong>est</strong></span> <span class='ocrx_word' id='word_1_10' title='bbox 884 601 977 671; x_wconf 84' lang='lat' dir='ltr'><strong>qui</strong></span> <span class='ocrx_word' id='word_1_11' title='bbox 1008 618 1071 657; x_wconf 77' lang='lat' dir='ltr'><strong>ea:</strong></span> <span class='ocrx_word' id='word_1_12' title='bbox 1103 605 1283 675; x_wconf 73' lang='lat' dir='ltr'><strong>Africa</strong></span> <span class='ocrx_word' id='word_1_13' title='bbox 1321 608 1438 663; x_wconf 92' lang='lat' dir='ltr'><strong>sive</strong></span> <span class='ocrx_word' id='word_1_14' title='bbox 1482 609 1710 667; x_wconf 79' lang='lat' dir='ltr'><strong>Occiduo</strong></span> <span class='ocrx_word' id='word_1_15' title='bbox 1754 623 1922 668; x_wconf 82' lang='lat' dir='ltr'><strong>tractu</strong></span> 
     </span>
    </p>
   </div>
   <div class='ocr_carea' id='block_1_6' title="bbox 2022 589 3600 675">
    <p class='ocr_par' dir='ltr' id='par_1_6' title="bbox 2040 599 3600 675">
     <span class='ocr_line' id='line_1_6' title="bbox 2040 599 3600 675; baseline 0.003 -28"><span class='ocrx_word' id='word_1_16' title='bbox 2040 604 2250 651; x_wconf 88' lang='lat' dir='ltr'><strong>tantum</strong></span> <span class='ocrx_word' id='word_1_17' title='bbox 2293 599 2457 654; x_wconf 81' lang='lat' dir='ltr'><strong>habet</strong></span> <span class='ocrx_word' id='word_1_18' title='bbox 2489 617 2503 654; x_wconf 72' lang='grc' dir='ltr'>ε</span> <span class='ocrx_word' id='word_1_19' title='bbox 2538 601 2642 654; x_wconf 71' lang='grc' dir='ltr'><strong>Καὶ</strong></span> <span class='ocrx_word' id='word_1_20' title='bbox 2671 600 2852 655; x_wconf 72' lang='grc' dir='ltr'>πάντα</span> <span class='ocrx_word' id='word_1_21' title='bbox 2891 602 3318 675; x_wconf 14' lang='grc' dir='ltr'>ἀνέτρεποννκειὶ</span> <span class='ocrx_word' id='word_1_22' title='bbox 3342 603 3600 671; x_wconf 73' lang='grc' dir='ltr'><strong>συνέχεον</strong></span> 
     </span>
    </p>
   </div>
   <div class='ocr_carea' id='block_1_7' title="bbox 348 688 1980 777">
    <p class='ocr_par' dir='ltr' id='par_1_7' title="bbox 348 688 1980 777">
     <span class='ocr_line' id='line_1_7' title="bbox 348 688 1980 777; baseline 0.015 -38"><span class='ocrx_word' id='word_1_23' title='bbox 348 688 587 745; x_wconf 86' lang='lat' dir='ltr'><strong>venerit.</strong></span> <span class='ocrx_word' id='word_1_24' title='bbox 624 688 737 747; x_wconf 88' lang='lat' dir='ltr'><strong>Nec</strong></span> <span class='ocrx_word' id='word_1_25' title='bbox 763 702 849 748; x_wconf 90' lang='lat' dir='ltr'><strong>est</strong></span> <span class='ocrx_word' id='word_1_26' title='bbox 898 696 1226 754; x_wconf 86' lang='lat' dir='ltr'><strong>incredibile</strong></span> <span class='ocrx_word' id='word_1_27' title='bbox 1259 718 1325 755; x_wconf 79' lang='lat' dir='ltr'><strong>ex</strong></span> <span class='ocrx_word' id='word_1_28' title='bbox 1350 711 1536 776; x_wconf 81' lang='lat' dir='ltr'><strong>etymo</strong></span> <span class='ocrx_word' id='word_1_29' title='bbox 1564 708 1840 777; x_wconf 83' lang='lat' dir='ltr'><strong>ejusmodi</strong></span> <span class='ocrx_word' id='word_1_30' title='bbox 1873 711 1926 763; x_wconf 94' lang='lat' dir='ltr'><strong>in</strong></span> <span class='ocrx_word' id='word_1_31' title='bbox 1978 772 1980 775; x_wconf 21' lang='lat'>.</span> 
     </span>
    </p>
   </div>
   <div class='ocr_carea' id='block_1_8' title="bbox 346 777 1923 867">
    <p class='ocr_par' dir='ltr' id='par_1_8' title="bbox 346 777 1923 867">
     <span class='ocr_line' id='line_1_8' title="bbox 346 777 1923 867; baseline 0.016 -36"><span class='ocrx_word' id='word_1_32' title='bbox 346 777 607 849; x_wconf 81' lang='lat' dir='ltr'><strong>Hispania</strong></span> <span class='ocrx_word' id='word_1_33' title='bbox 665 800 888 857; x_wconf 87' lang='lat' dir='ltr'><strong>quoque</strong></span> <span class='ocrx_word' id='word_1_34' title='bbox 941 806 1142 867; x_wconf 81' lang='lat' dir='ltr'><strong>nomen</strong></span> <span class='ocrx_word' id='word_1_35' title='bbox 1199 794 1345 849; x_wconf 91' lang='lat' dir='ltr'><strong>istud</strong></span> <span class='ocrx_word' id='word_1_36' title='bbox 1408 796 1702 854; x_wconf 87' lang='lat' dir='ltr'><strong>inolevisse</strong></span> <span class='ocrx_word' id='word_1_37' title='bbox 1740 820 1753 855; x_wconf 91' lang='lat'><strong>:</strong></span> <span class='ocrx_word' id='word_1_38' title='bbox 1797 818 1923 867; x_wconf 83' lang='lat' dir='ltr'><strong>nam</strong></span> 
     </span>
    </p>
   </div>
   <div class='ocr_carea' id='block_1_9' title="bbox 343 866 1925 961">
    <p class='ocr_par' dir='ltr' id='par_1_9' title="bbox 343 866 1925 961">
     <span class='ocr_line' id='line_1_9' title="bbox 343 866 1925 961; baseline 0.015 -36"><span class='ocrx_word' id='word_1_39' title='bbox 343 871 568 928; x_wconf 80' lang='lat' dir='ltr'><strong>Mauros</strong></span> <span class='ocrx_word' id='word_1_40' title='bbox 599 890 795 933; x_wconf 88' lang='lat' dir='ltr'><strong>omnes</strong></span> <span class='ocrx_word' id='word_1_41' title='bbox 840 866 1055 935; x_wconf 84' lang='lat' dir='ltr'><strong>certum</strong></span> <span class='ocrx_word' id='word_1_42' title='bbox 1103 894 1188 938; x_wconf 85' lang='lat' dir='ltr'><strong>est</strong></span> <span class='ocrx_word' id='word_1_43' title='bbox 1222 902 1286 939; x_wconf 78' lang='lat' dir='ltr'><strong>ex</strong></span> <span class='ocrx_word' id='word_1_44' title='bbox 1329 886 1511 944; x_wconf 84' lang='lat' dir='ltr'><strong>Africa</strong></span> <span class='ocrx_word' id='word_1_45' title='bbox 1549 894 1834 961; x_wconf 85' lang='lat' dir='ltr'><strong>trajecisse</strong></span> <span class='ocrx_word' id='word_1_46' title='bbox 1870 894 1925 948; x_wconf 91' lang='lat' dir='ltr'><strong>in</strong></span> 
     </span>
    </p>
   </div>
   <div class='ocr_carea' id='block_1_10' title="bbox 341 964 1927 1048">
    <p class='ocr_par' dir='ltr' id='par_1_10' title="bbox 341 964 1927 1048">
     <span class='ocr_line' id='line_1_10' title="bbox 341 964 1927 1048; baseline 0.012 -30"><span class='ocrx_word' id='word_1_47' title='bbox 341 964 603 1033; x_wconf 85' lang='lat' dir='ltr'><strong>lberiam,</strong></span> <span class='ocrx_word' id='word_1_48' title='bbox 646 983 701 1024; x_wconf 91' lang='lat' dir='ltr'><strong>et</strong></span> <span class='ocrx_word' id='word_1_49' title='bbox 737 987 803 1026; x_wconf 81' lang='lat' dir='ltr'><strong>ex</strong></span> <span class='ocrx_word' id='word_1_50' title='bbox 828 973 993 1042; x_wconf 78' lang='lat' dir='ltr'><strong>hujus</strong></span> <span class='ocrx_word' id='word_1_51' title='bbox 1021 975 1279 1033; x_wconf 66' lang='lat' dir='ltr'><strong>OCCitiUiS</strong></span> <span class='ocrx_word' id='word_1_52' title='bbox 1320 980 1576 1048; x_wconf 89' lang='lat' dir='ltr'><strong>partibus</strong></span> <span class='ocrx_word' id='word_1_53' title='bbox 1613 982 1669 1036; x_wconf 90' lang='lat' dir='ltr'><strong>in</strong></span> <span class='ocrx_word' id='word_1_54' title='bbox 1700 994 1927 1039; x_wconf 65' lang='lat' dir='ltr'><strong>caeteras</strong></span> 
     </span>
    </p>
   </div>
   <div class='ocr_carea' id='block_1_11' title="bbox 341 1054 1927 1144">
    <p class='ocr_par' dir='ltr' id='par_1_11' title="bbox 341 1054 1927 1144">
     <span class='ocr_line' id='line_1_11' title="bbox 341 1054 1927 1144; baseline 0.015 -36"><span class='ocrx_word' id='word_1_55' title='bbox 341 1054 690 1113; x_wconf 78' lang='lat' dir='ltr'><strong>dominatum</strong></span> <span class='ocrx_word' id='word_1_56' title='bbox 735 1063 1072 1127; x_wconf 76' lang='lat' dir='ltr'><strong>extendisse,</strong></span> <span class='ocrx_word' id='word_1_57' title='bbox 1113 1068 1259 1121; x_wconf 90' lang='lat' dir='ltr'><strong>unde</strong></span> <span class='ocrx_word' id='word_1_58' title='bbox 1308 1071 1472 1125; x_wconf 89' lang='lat' dir='ltr'><strong>isthic</strong></span> <span class='ocrx_word' id='word_1_59' title='bbox 1517 1087 1740 1144; x_wconf 88' lang='lat' dir='ltr'><strong>quoque</strong></span> <span class='ocrx_word' id='word_1_60' title='bbox 1773 1084 1927 1131; x_wconf 85' lang='lat' dir='ltr'><strong>recte</strong></span> 
     </span>
    </p>
   </div>
   <div class='ocr_carea' id='block_1_12' title="bbox 340 1147 1924 1236">
    <p class='ocr_par' dir='ltr' id='par_1_12' title="bbox 340 1147 1924 1236">
     <span class='ocr_line' id='line_1_12' title="bbox 340 1147 1924 1236; baseline 0.014 -36"><span class='ocrx_word' id='word_1_61' title='bbox 340 1147 692 1219; x_wconf 79' lang='lat' dir='ltr'><strong>Almogharbi</strong></span> <span class='ocrx_word' id='word_1_62' title='bbox 719 1151 830 1207; x_wconf 92' lang='lat' dir='ltr'><strong>dici</strong></span> <span class='ocrx_word' id='word_1_63' title='bbox 872 1158 1178 1222; x_wconf 84' lang='lat' dir='ltr'><strong>potuerint,</strong></span> <span class='ocrx_word' id='word_1_64' title='bbox 1218 1169 1313 1212; x_wconf 85' lang='lat' dir='ltr'><strong>aut</strong></span> <span class='ocrx_word' id='word_1_65' title='bbox 1346 1163 1615 1219; x_wconf 86' lang='lat' dir='ltr'><strong>vocabulo</strong></span> <span class='ocrx_word' id='word_1_66' title='bbox 1655 1165 1711 1220; x_wconf 90' lang='lat' dir='ltr'><strong>in</strong></span> <span class='ocrx_word' id='word_1_67' title='bbox 1745 1182 1924 1236; x_wconf 85' lang='lat' dir='ltr'><strong>popu-</strong></span> 
     </span>
    </p>
   </div>
   <div class='ocr_carea' id='block_1_13' title="bbox 338 1237 1927 1325">
    <p class='ocr_par' dir='ltr' id='par_1_13' title="bbox 338 1237 1927 1325">
     <span class='ocr_line' id='line_1_13' title="bbox 338 1237 1927 1325; baseline 0.013 -33"><span class='ocrx_word' id='word_1_68' title='bbox 338 1237 515 1294; x_wconf 85' lang='lat' dir='ltr'><strong>larem</strong></span> <span class='ocrx_word' id='word_1_69' title='bbox 548 1257 746 1296; x_wconf 90' lang='lat' dir='ltr'><strong>sonum</strong></span> <span class='ocrx_word' id='word_1_70' title='bbox 786 1244 1009 1301; x_wconf 88' lang='lat' dir='ltr'><strong>detorto</strong></span> <span class='ocrx_word' id='word_1_71' title='bbox 1057 1247 1564 1324; x_wconf 57' lang='lat' dir='ltr'><strong>Almogabariseu.</strong></span> <span class='ocrx_word' id='word_1_72' title='bbox 1614 1265 1782 1325; x_wconf 89' lang='lat' dir='ltr'><strong>prout</strong></span> <span class='ocrx_word' id='word_1_73' title='bbox 1810 1257 1927 1312; x_wconf 82' lang='lat' dir='ltr'><strong>Ma-</strong></span> 
     </span>
    </p>
   </div>
   <div class='ocr_carea' id='block_1_14' title="bbox 340 1334 1926 1408">
    <p class='ocr_par' dir='ltr' id='par_1_14' title="bbox 340 1334 1926 1408">
     <span class='ocr_line' id='line_1_14' title="bbox 340 1334 1926 1408; baseline 0.009 -20"><span class='ocrx_word' id='word_1_74' title='bbox 340 1334 501 1388; x_wconf 87' lang='lat' dir='ltr'><strong>riana</strong></span> <span class='ocrx_word' id='word_1_75' title='bbox 531 1334 749 1399; x_wconf 84' lang='lat' dir='ltr'><strong>scribit,</strong></span> <span class='ocrx_word' id='word_1_76' title='bbox 781 1337 1180 1408; x_wconf 79' lang='lat' dir='ltr'><strong>Atmogaraves,</strong></span> <span class='ocrx_word' id='word_1_77' title='bbox 1210 1340 1386 1396; x_wconf 82' lang='lat' dir='ltr'><strong>Mauri</strong></span> <span class='ocrx_word' id='word_1_78' title='bbox 1416 1344 1619 1400; x_wconf 84' lang='lat' dir='ltr'><strong>milites</strong></span> <span class='ocrx_word' id='word_1_79' title='bbox 1643 1363 1712 1400; x_wconf 77' lang='lat' dir='ltr'><strong>ex</strong></span> <span class='ocrx_word' id='word_1_80' title='bbox 1741 1346 1926 1404; x_wconf 85' lang='lat' dir='ltr'><strong>Africa</strong></span> 
     </span>
    </p>
   </div>
   <div class='ocr_carea' id='block_1_15' title="bbox 252 1426 1927 1506">
    <p class='ocr_par' dir='ltr' id='par_1_15' title="bbox 252 1426 1927 1506">
     <span class='ocr_line' id='line_1_15' title="bbox 252 1426 1927 1506; baseline 0.011 -30"><span class='ocrx_word' id='word_1_81' title='bbox 252 1452 255 1459; x_wconf 63' lang='grc' dir='ltr'>λ</span> <span class='ocrx_word' id='word_1_82' title='bbox 338 1435 401 1480; x_wconf 87' lang='lat' dir='ltr'><strong>et</strong></span> <span class='ocrx_word' id='word_1_83' title='bbox 449 1426 711 1481; x_wconf 88' lang='lat' dir='ltr'><strong>Occiduis</strong></span> <span class='ocrx_word' id='word_1_84' title='bbox 764 1429 1036 1484; x_wconf 86' lang='lat' dir='ltr'><strong>tractibus</strong></span> <span class='ocrx_word' id='word_1_85' title='bbox 1093 1431 1400 1488; x_wconf 83' lang='lat' dir='ltr'><strong>venientes.</strong></span> <span class='ocrx_word' id='word_1_86' title='bbox 1462 1437 1758 1506; x_wconf 85' lang='lat' dir='ltr'><strong>Postquam</strong></span> <span class='ocrx_word' id='word_1_87' title='bbox 1808 1439 1927 1494; x_wconf 80' lang='lat' dir='ltr'><strong>haec</strong></span> 
     </span>
    </p>
   </div>
   <div class='ocr_carea' id='block_1_16' title="bbox 338 1517 1924 1589">
    <p class='ocr_par' dir='ltr' id='par_1_16' title="bbox 338 1517 1924 1589">
     <span class='ocr_line' id='line_1_16' title="bbox 338 1517 1924 1589; baseline 0.009 -17"><span class='ocrx_word' id='word_1_88' title='bbox 338 1517 697 1587; x_wconf 81' lang='lat' dir='ltr'><strong>scripseram,</strong></span> <span class='ocrx_word' id='word_1_89' title='bbox 733 1519 844 1573; x_wconf 87' lang='lat' dir='ltr'><strong>vidi</strong></span> <span class='ocrx_word' id='word_1_90' title='bbox 894 1536 1015 1589; x_wconf 77' lang='lat' dir='ltr'><strong>qua:</strong></span> <span class='ocrx_word' id='word_1_91' title='bbox 1066 1522 1262 1577; x_wconf 86' lang='lat' dir='ltr'><strong>Petrus</strong></span> <span class='ocrx_word' id='word_1_92' title='bbox 1296 1524 1765 1583; x_wconf 79' lang='lat' dir='ltr'><strong>d‘Outrernannus</strong></span> <span class='ocrx_word' id='word_1_93' title='bbox 1820 1546 1924 1585; x_wconf 56' lang='lat' dir='ltr'><strong>nov</strong></span> 
     </span>
    </p>
   </div>
   <div class='ocr_carea' id='block_1_17' title="bbox 334 1610 1924 1677">
    <p class='ocr_par' dir='ltr' id='par_1_17' title="bbox 334 1610 1924 1677">
     <span class='ocr_line' id='line_1_17' title="bbox 334 1610 1924 1677; baseline 0.009 -13"><span class='ocrx_word' id='word_1_94' title='bbox 334 1619 479 1674; x_wconf 82' lang='lat' dir='ltr'><strong>ster,</strong></span> <span class='ocrx_word' id='word_1_95' title='bbox 512 1610 568 1665; x_wconf 88' lang='lat' dir='ltr'><strong>in</strong></span> <span class='ocrx_word' id='word_1_96' title='bbox 612 1610 759 1671; x_wconf 89' lang='lat' dir='ltr'><strong>notis</strong></span> <span class='ocrx_word' id='word_1_97' title='bbox 789 1610 857 1666; x_wconf 91' lang='lat' dir='ltr'><strong>ad</strong></span> <span class='ocrx_word' id='word_1_98' title='bbox 889 1628 941 1667; x_wconf 92' lang='lat' dir='ltr'><strong>c.</strong></span> <span class='ocrx_word' id='word_1_99' title='bbox 988 1613 1021 1666; x_wconf 77' lang='grc'><strong>’5</strong></span> <span class='ocrx_word' id='word_1_100' title='bbox 1048 1614 1179 1672; x_wconf 84' lang='lat' dir='ltr'><strong>libri</strong></span> <span class='ocrx_word' id='word_1_101' title='bbox 1220 1616 1310 1670; x_wconf 88' lang='lat' dir='ltr'><strong>sui</strong></span> <span class='ocrx_word' id='word_1_102' title='bbox 1351 1616 1419 1672; x_wconf 91' lang='lat' dir='ltr'><strong>de</strong></span> <span class='ocrx_word' id='word_1_103' title='bbox 1461 1619 1681 1675; x_wconf 79' lang='lat' dir='ltr'><strong>excidio</strong></span> <span class='ocrx_word' id='word_1_104' title='bbox 1702 1619 1924 1677; x_wconf 69' lang='lat' dir='ltr'><strong>Graeco-</strong></span> 
     </span>
    </p>
   </div>
   <div class='ocr_carea' id='block_1_18' title="bbox 335 1701 1926 1787">
    <p class='ocr_par' dir='ltr' id='par_1_18' title="bbox 335 1701 1926 1787">
     <span class='ocr_line' id='line_1_18' title="bbox 335 1701 1926 1787; baseline 0.007 -31"><span class='ocrx_word' id='word_1_105' title='bbox 335 1717 489 1767; x_wconf 85' lang='lat' dir='ltr'><strong>rum,</strong></span> <span class='ocrx_word' id='word_1_106' title='bbox 526 1701 673 1758; x_wconf 88' lang='lat' dir='ltr'><strong>circa</strong></span> <span class='ocrx_word' id='word_1_107' title='bbox 706 1718 900 1757; x_wconf 87' lang='lat' dir='ltr'><strong>vocem</strong></span> <span class='ocrx_word' id='word_1_108' title='bbox 937 1704 1261 1787; x_wconf 56' lang='lat' dir='ltr'><strong>Auliogabari</strong></span> <span class='ocrx_word' id='word_1_109' title='bbox 1293 1708 1484 1764; x_wconf 85' lang='lat' dir='ltr'><strong>tradit.</strong></span> <span class='ocrx_word' id='word_1_110' title='bbox 1524 1711 1602 1765; x_wconf 84' lang='lat' dir='ltr'><strong>Ea</strong></span> <span class='ocrx_word' id='word_1_111' title='bbox 1632 1711 1770 1766; x_wconf 85' lang='lat' dir='ltr'><strong>nihil</strong></span> <span class='ocrx_word' id='word_1_112' title='bbox 1801 1728 1926 1767; x_wconf 86' lang='lat' dir='ltr'><strong>mu-</strong></span> 
     </span>
    </p>
   </div>
   <div class='ocr_carea' id='block_1_19' title="bbox 336 1790 1926 1866">
    <p class='ocr_par' dir='ltr' id='par_1_19' title="bbox 336 1790 1926 1866">
     <span class='ocr_line' id='line_1_19' title="bbox 336 1790 1926 1866; baseline 0.008 -21"><span class='ocrx_word' id='word_1_113' title='bbox 336 1790 571 1846; x_wconf 86' lang='lat' dir='ltr'><strong>tandum</strong></span> <span class='ocrx_word' id='word_1_114' title='bbox 603 1792 659 1846; x_wconf 91' lang='lat' dir='ltr'><strong>in</strong></span> <span class='ocrx_word' id='word_1_115' title='bbox 707 1792 777 1846; x_wconf 90' lang='lat' dir='ltr'><strong>iis</strong></span> <span class='ocrx_word' id='word_1_116' title='bbox 808 1809 929 1863; x_wconf 73' lang='lat' dir='ltr'><strong>qua:</strong></span> <span class='ocrx_word' id='word_1_117' title='bbox 968 1809 1134 1864; x_wconf 87' lang='lat' dir='ltr'><strong>supra</strong></span> <span class='ocrx_word' id='word_1_118' title='bbox 1174 1799 1333 1866; x_wconf 88' lang='lat' dir='ltr'><strong>posui</strong></span> <span class='ocrx_word' id='word_1_119' title='bbox 1377 1799 1632 1855; x_wconf 75' lang='lat' dir='ltr'><strong>suadent.</strong></span> <span class='ocrx_word' id='word_1_120' title='bbox 1662 1801 1926 1857; x_wconf 86' lang='lat' dir='ltr'><strong>Indican-</strong></span> 
     </span>
    </p>
   </div>
   <div class='ocr_carea' id='block_1_20' title="bbox 2031 680 3611 763">
    <p class='ocr_par' dir='ltr' id='par_1_20' title="bbox 2031 685 3611 763">
     <span class='ocr_line' id='line_1_20' title="bbox 2031 685 3611 763; baseline 0.004 -26"><span class='ocrx_word' id='word_1_121' title='bbox 2031 685 2118 739; x_wconf 70' lang='grc' dir='ltr'>διὰ</span> <span class='ocrx_word' id='word_1_122' title='bbox 2166 688 2265 757; x_wconf 71' lang='grc' dir='ltr'><strong>τὴν</strong></span> <span class='ocrx_word' id='word_1_123' title='bbox 2293 692 2659 761; x_wconf 80' lang='grc' dir='ltr'><strong>νομιζομένην</strong></span> <span class='ocrx_word' id='word_1_124' title='bbox 2710 693 3029 763; x_wconf 75' lang='grc' dir='ltr'>ἀκρίϐειαν.</span> <span class='ocrx_word' id='word_1_125' title='bbox 3082 693 3285 750; x_wconf 89' lang='lat' dir='ltr'><strong>llabuit</strong></span> <span class='ocrx_word' id='word_1_126' title='bbox 3331 702 3514 747; x_wconf 89' lang='lat' dir='ltr'><strong>autem</strong></span> <span class='ocrx_word' id='word_1_127' title='bbox 3554 692 3611 760; x_wconf 82' lang='lat' dir='ltr'><strong>in</strong></span> 
     </span>
    </p>
   </div>
   <div class='ocr_carea' id='block_1_21' title="bbox 2032 780 3610 873">
    <p class='ocr_par' dir='ltr' id='par_1_21' title="bbox 2032 780 3610 873">
     <span class='ocr_line' id='line_1_21' title="bbox 2032 780 3610 873; baseline 0.003 -40"><span class='ocrx_word' id='word_1_128' title='bbox 2032 780 2220 833; x_wconf 91' lang='lat' dir='ltr'><strong>animo</strong></span> <span class='ocrx_word' id='word_1_129' title='bbox 2266 781 2382 836; x_wconf 80' lang='lat' dir='ltr'><strong>haec</strong></span> <span class='ocrx_word' id='word_1_130' title='bbox 2423 785 2671 839; x_wconf 86' lang='lat' dir='ltr'><strong>scribens</strong></span> <span class='ocrx_word' id='word_1_131' title='bbox 2719 786 3083 857; x_wconf 86' lang='lat' dir='ltr'><strong>Paehymeres</strong></span> <span class='ocrx_word' id='word_1_132' title='bbox 3116 786 3334 842; x_wconf 89' lang='lat' dir='ltr'><strong>initium</strong></span> <span class='ocrx_word' id='word_1_133' title='bbox 3373 784 3610 873; x_wconf 72' lang='lat' dir='ltr'><strong>celebris</strong></span> 
     </span>
    </p>
   </div>
   <div class='ocr_carea' id='block_1_22' title="bbox 2030 872 3607 946">
    <p class='ocr_par' dir='ltr' id='par_1_22' title="bbox 2030 872 3607 946">
     <span class='ocr_line' id='line_1_22' title="bbox 2030 872 3607 946; baseline 0.008 -25"><span class='ocrx_word' id='word_1_134' title='bbox 2030 872 2213 938; x_wconf 81' lang='lat' dir='ltr'><strong>operis</strong></span> <span class='ocrx_word' id='word_1_135' title='bbox 2274 872 2341 926; x_wconf 91' lang='lat' dir='ltr'><strong>ab</strong></span> <span class='ocrx_word' id='word_1_136' title='bbox 2378 872 2700 946; x_wconf 75' lang='lat' dir='ltr'><strong>Anaxagora</strong></span> <span class='ocrx_word' id='word_1_137' title='bbox 2767 876 2835 931; x_wconf 91' lang='lat' dir='ltr'><strong>de</strong></span> <span class='ocrx_word' id='word_1_138' title='bbox 2890 892 3075 932; x_wconf 91' lang='lat' dir='ltr'><strong>rerum</strong></span> <span class='ocrx_word' id='word_1_139' title='bbox 3138 888 3334 931; x_wconf 90' lang='lat' dir='ltr'><strong>natura</strong></span> <span class='ocrx_word' id='word_1_140' title='bbox 3392 872 3607 945; x_wconf 85' lang='lat' dir='ltr'><strong>scripti.</strong></span> 
     </span>
    </p>
   </div>
   <div class='ocr_carea' id='block_1_23' title="bbox 2031 960 3614 1044">
    <p class='ocr_par' dir='ltr' id='par_1_23' title="bbox 2031 960 3614 1044">
     <span class='ocr_line' id='line_1_23' title="bbox 2031 960 3614 1044; baseline 0.007 -31"><span class='ocrx_word' id='word_1_141' title='bbox 2031 960 2325 1020; x_wconf 77' lang='lat' dir='ltr'><strong>recitatum</strong></span> <span class='ocrx_word' id='word_1_142' title='bbox 2369 984 2398 1022; x_wconf 92' lang='lat' dir='ltr'><strong>a</strong></span> <span class='ocrx_word' id='word_1_143' title='bbox 2437 970 2675 1041; x_wconf 74' lang='lat' dir='ltr'><strong>Diogene</strong></span> <span class='ocrx_word' id='word_1_144' title='bbox 2706 973 2928 1027; x_wconf 80' lang='lat' dir='ltr'><strong>Laertia</strong></span> <span class='ocrx_word' id='word_1_145' title='bbox 2970 974 3025 1029; x_wconf 92' lang='lat' dir='ltr'><strong>in</strong></span> <span class='ocrx_word' id='word_1_146' title='bbox 3056 975 3178 1044; x_wconf 91' lang='lat' dir='ltr'><strong>ejus</strong></span> <span class='ocrx_word' id='word_1_147' title='bbox 3207 973 3330 1028; x_wconf 82' lang='lat' dir='ltr'><strong>Vita</strong></span> <span class='ocrx_word' id='word_1_148' title='bbox 3358 972 3446 1027; x_wconf 85' lang='lat' dir='ltr'><strong>his</strong></span> <span class='ocrx_word' id='word_1_149' title='bbox 3487 987 3614 1025; x_wconf 80' lang='lat' dir='ltr'><strong>ver-</strong></span> 
     </span>
    </p>
   </div>
   <div class='ocr_carea' id='block_1_24' title="bbox 2030 1055 3614 1136">
    <p class='ocr_par' dir='ltr' id='par_1_24' title="bbox 2030 1055 3614 1136">
     <span class='ocr_line' id='line_1_24' title="bbox 2030 1055 3614 1136; baseline 0.008 -30"><span class='ocrx_word' id='word_1_150' title='bbox 2030 1055 2161 1109; x_wconf 88' lang='lat' dir='ltr'><strong>bis:</strong></span> <span class='ocrx_word' id='word_1_151' title='bbox 2202 1059 2384 1113; x_wconf 77' lang='grc' dir='ltr'><strong>Πάντα</strong></span> <span class='ocrx_word' id='word_1_152' title='bbox 2431 1063 2695 1132; x_wconf 66' lang='grc' dir='ltr'>χρήματα</span> <span class='ocrx_word' id='word_1_153' title='bbox 2741 1060 2809 1135; x_wconf 87' lang='grc' dir='ltr'>ἦν</span> <span class='ocrx_word' id='word_1_154' title='bbox 2864 1064 3037 1136; x_wconf 75' lang='grc' dir='ltr'>ὁμοῦ·</span> <span class='ocrx_word' id='word_1_155' title='bbox 3091 1065 3211 1119; x_wconf 83' lang='grc' dir='ltr'><strong>εἶτα</strong></span> <span class='ocrx_word' id='word_1_156' title='bbox 3264 1064 3390 1126; x_wconf 77' lang='grc' dir='ltr'>νοῦς</span> <span class='ocrx_word' id='word_1_157' title='bbox 3441 1064 3614 1118; x_wconf 82' lang='grc' dir='ltr'>ἐλθὼν</span> 
     </span>
    </p>
   </div>
   <div class='ocr_carea' id='block_1_25' title="bbox 2029 1148 3613 1223">
    <p class='ocr_par' dir='ltr' id='par_1_25' title="bbox 2029 1148 3613 1223">
     <span class='ocr_line' id='line_1_25' title="bbox 2029 1148 3613 1223; baseline 0.008 -24"><span class='ocrx_word' id='word_1_158' title='bbox 2029 1148 2170 1201; x_wconf 77' lang='grc' dir='ltr'><strong>αὐτὰ</strong></span> <span class='ocrx_word' id='word_1_159' title='bbox 2222 1150 2577 1223; x_wconf 77' lang='grc' dir='ltr'>διεκόσμησε.</span> <span class='ocrx_word' id='word_1_160' title='bbox 2615 1154 2806 1211; x_wconf 83' lang='lat' dir='ltr'><strong>Omnes</strong></span> <span class='ocrx_word' id='word_1_161' title='bbox 2859 1174 2940 1211; x_wconf 84' lang='lat' dir='ltr'><strong>res</strong></span> <span class='ocrx_word' id='word_1_162' title='bbox 2992 1166 3148 1213; x_wconf 85' lang='lat' dir='ltr'><strong>erant</strong></span> <span class='ocrx_word' id='word_1_163' title='bbox 3181 1157 3378 1223; x_wconf 79' lang='lat' dir='ltr'><strong>simul;</strong></span> <span class='ocrx_word' id='word_1_164' title='bbox 3423 1156 3613 1209; x_wconf 73' lang='lat' dir='ltr'><strong>deinde</strong></span> 
     </span>
    </p>
   </div>
   <div class='ocr_carea' id='block_1_26' title="bbox 2000 1234 3098 1321">
    <p class='ocr_par' dir='ltr' id='par_1_26' title="bbox 2000 1234 3098 1321">
     <span class='ocr_line' id='line_1_26' title="bbox 2000 1234 3098 1321; baseline 0.01 -28"><span class='ocrx_word' id='word_1_165' title='bbox 2000 1302 2003 1303; x_wconf 20' lang='grc' dir='ltr'><em>ν</em></span> <span class='ocrx_word' id='word_1_166' title='bbox 2030 1234 2407 1300; x_wconf 70' lang='lat' dir='ltr'><strong>mensreniens</strong></span> <span class='ocrx_word' id='word_1_167' title='bbox 2436 1248 2576 1316; x_wconf 86' lang='lat' dir='ltr'><strong>ipsas</strong></span> <span class='ocrx_word' id='word_1_168' title='bbox 2607 1258 2795 1303; x_wconf 86' lang='lat' dir='ltr'><strong>ornate</strong></span> <span class='ocrx_word' id='word_1_169' title='bbox 2824 1250 3098 1321; x_wconf 72' lang='lat' dir='ltr'><strong>disposuit.</strong></span> 
     </span>
    </p>
   </div>
   <div class='ocr_carea' id='block_1_27' title="bbox 2113 1334 3615 1412">
    <p class='ocr_par' dir='ltr' id='par_1_27' title="bbox 2113 1334 3615 1412">
     <span class='ocr_line' id='line_1_27' title="bbox 2113 1334 3615 1412; baseline 0.009 -26"><span class='ocrx_word' id='word_1_170' title='bbox 2113 1334 2507 1393; x_wconf 77' lang='grc' dir='ltr'><strong>Ἀποσκίπτω.</strong></span> <span class='ocrx_word' id='word_1_171' title='bbox 2537 1338 2712 1410; x_wconf 82' lang='lat' dir='ltr'><strong>Hujus</strong></span> <span class='ocrx_word' id='word_1_172' title='bbox 2737 1357 2960 1412; x_wconf 91' lang='lat' dir='ltr'><strong>quoque</strong></span> <span class='ocrx_word' id='word_1_173' title='bbox 2988 1358 3264 1412; x_wconf 85' lang='lat' dir='ltr'><strong>nusquam</strong></span> <span class='ocrx_word' id='word_1_174' title='bbox 3298 1344 3430 1398; x_wconf 85' lang='lat' dir='ltr'><strong>alibi</strong></span> <span class='ocrx_word' id='word_1_175' title='bbox 3467 1361 3496 1398; x_wconf 91' lang='lat' dir='ltr'><strong>a</strong></span> <span class='ocrx_word' id='word_1_176' title='bbox 3535 1354 3615 1399; x_wconf 89' lang='lat' dir='ltr'><strong>tot</strong></span> 
     </span>
    </p>
   </div>
   <div class='ocr_carea' id='block_1_28' title="bbox 2026 1421 3611 1505">
    <p class='ocr_par' dir='ltr' id='par_1_28' title="bbox 2026 1421 3611 1505">
     <span class='ocr_line' id='line_1_28' title="bbox 2026 1421 3611 1505; baseline 0.008 -29"><span class='ocrx_word' id='word_1_177' title='bbox 2026 1421 2471 1495; x_wconf 83' lang='lat' dir='ltr'><strong>diligentissimis</strong></span> <span class='ocrx_word' id='word_1_178' title='bbox 2522 1430 2919 1485; x_wconf 86' lang='lat' dir='ltr'><strong>vocabulorum</strong></span> <span class='ocrx_word' id='word_1_179' title='bbox 2949 1432 3348 1488; x_wconf 84' lang='lat' dir='ltr'><strong>collectoribus</strong></span> <span class='ocrx_word' id='word_1_180' title='bbox 3402 1439 3611 1505; x_wconf 77' lang='lat' dir='ltr'><strong>reperti</strong></span> 
     </span>
    </p>
   </div>
   <div class='ocr_carea' id='block_1_29' title="bbox 2027 1517 3612 1607">
    <p class='ocr_par' dir='ltr' id='par_1_29' title="bbox 2027 1517 3612 1607">
     <span class='ocr_line' id='line_1_29' title="bbox 2027 1517 3612 1607; baseline 0.009 -39"><span class='ocrx_word' id='word_1_181' title='bbox 2027 1517 2182 1570; x_wconf 84' lang='lat' dir='ltr'><strong>verbi</strong></span> <span class='ocrx_word' id='word_1_182' title='bbox 2219 1518 2461 1588; x_wconf 78' lang='lat' dir='ltr'><strong>aliquant</strong></span> <span class='ocrx_word' id='word_1_183' title='bbox 2490 1521 2546 1574; x_wconf 91' lang='lat' dir='ltr'><strong>in</strong></span> <span class='ocrx_word' id='word_1_184' title='bbox 2592 1520 2698 1576; x_wconf 91' lang='lat' dir='ltr'><strong>hoc</strong></span> <span class='ocrx_word' id='word_1_185' title='bbox 2727 1523 2911 1577; x_wconf 86' lang='lat' dir='ltr'><strong>minus</strong></span> <span class='ocrx_word' id='word_1_186' title='bbox 2942 1525 3243 1607; x_wconf 50' lang='lat' dir='ltr'><strong>obviorum‘</strong></span> <span class='ocrx_word' id='word_1_187' title='bbox 3280 1541 3447 1581; x_wconf 83' lang='lat' dir='ltr'><strong>censu</strong></span> <span class='ocrx_word' id='word_1_188' title='bbox 3486 1529 3612 1583; x_wconf 77' lang='lat' dir='ltr'><strong>ﬁeri</strong></span> 
     </span>
    </p>
   </div>
   <div class='ocr_carea' id='block_1_30' title="bbox 2028 1609 3616 1686">
    <p class='ocr_par' dir='ltr' id='par_1_30' title="bbox 2028 1609 3616 1686">
     <span class='ocr_line' id='line_1_30' title="bbox 2028 1609 3616 1686; baseline 0.006 -22"><span class='ocrx_word' id='word_1_189' title='bbox 2028 1609 2365 1665; x_wconf 81' lang='lat' dir='ltr'><strong>mentionem</strong></span> <span class='ocrx_word' id='word_1_190' title='bbox 2421 1627 2639 1681; x_wconf 65' lang='lat' dir='ltr'><strong>acquum</strong></span> <span class='ocrx_word' id='word_1_191' title='bbox 2669 1624 2785 1680; x_wconf 80' lang='lat' dir='ltr'><strong>est;</strong></span> <span class='ocrx_word' id='word_1_192' title='bbox 2822 1616 2982 1686; x_wconf 80' lang='lat' dir='ltr'><strong>cujus</strong></span> <span class='ocrx_word' id='word_1_193' title='bbox 3032 1619 3378 1686; x_wconf 67' lang='lat' dir='ltr'><strong>prteteritum</strong></span> <span class='ocrx_word' id='word_1_194' title='bbox 3425 1620 3616 1674; x_wconf 88' lang='lat' dir='ltr'><strong>inlini-</strong></span> 
     </span>
    </p>
   </div>
   <div class='ocr_carea' id='block_1_31' title="bbox 2029 1688 3611 1781">
    <p class='ocr_par' dir='ltr' id='par_1_31' title="bbox 2029 1688 3611 1781">
     <span class='ocr_line' id='line_1_31' title="bbox 2029 1688 3611 1781; baseline 0.008 -26"><span class='ocrx_word' id='word_1_195' title='bbox 2029 1703 2125 1756; x_wconf 89' lang='lat' dir='ltr'><strong>tivi</strong></span> <span class='ocrx_word' id='word_1_196' title='bbox 2163 1704 2362 1773; x_wconf 84' lang='lat' dir='ltr'><strong>passivi</strong></span> <span class='ocrx_word' id='word_1_197' title='bbox 2391 1688 2581 1760; x_wconf 79' lang='lat' dir='ltr'><strong>noster</strong></span> <span class='ocrx_word' id='word_1_198' title='bbox 2606 1717 2835 1776; x_wconf 85' lang='lat' dir='ltr'><strong>usurpat</strong></span> <span class='ocrx_word' id='word_1_199' title='bbox 2861 1708 2992 1762; x_wconf 88' lang='lat' dir='ltr'><strong>dum</strong></span> <span class='ocrx_word' id='word_1_200' title='bbox 3032 1708 3114 1764; x_wconf 88' lang='lat' dir='ltr'><strong>sic</strong></span> <span class='ocrx_word' id='word_1_201' title='bbox 3144 1711 3359 1776; x_wconf 89' lang='lat' dir='ltr'><strong>scribit,</strong></span> <span class='ocrx_word' id='word_1_202' title='bbox 3391 1727 3446 1781; x_wconf 91' lang='lat' dir='ltr'><strong>p.</strong></span> <span class='ocrx_word' id='word_1_203' title='bbox 3470 1713 3611 1769; x_wconf 69' lang='lat'><strong>269:</strong></span> 
     </span>
    </p>
   </div>
   <div class='ocr_carea' id='block_1_32' title="bbox 2027 1796 3612 1874">
    <p class='ocr_par' dir='ltr' id='par_1_32' title="bbox 2027 1796 3612 1874">
     <span class='ocr_line' id='line_1_32' title="bbox 2027 1796 3612 1874; baseline 0.007 -26"><span class='ocrx_word' id='word_1_204' title='bbox 2027 1796 2119 1865; x_wconf 80' lang='grc' dir='ltr'><strong>Μὴ</strong></span> <span class='ocrx_word' id='word_1_205' title='bbox 2205 1796 2303 1861; x_wconf 80' lang='grc' dir='ltr'><strong>τῆς</strong></span> <span class='ocrx_word' id='word_1_206' title='bbox 2387 1799 2562 1867; x_wconf 71' lang='grc' dir='ltr'>φορᾶς</span> <span class='ocrx_word' id='word_1_207' title='bbox 2645 1799 2924 1871; x_wconf 72' lang='grc' dir='ltr'><strong>ληγούτης</strong></span> <span class='ocrx_word' id='word_1_208' title='bbox 3009 1802 3140 1874; x_wconf 72' lang='grc' dir='ltr'>πρὶν</span> <span class='ocrx_word' id='word_1_209' title='bbox 3220 1804 3289 1856; x_wconf 83' lang='grc' dir='ltr'>ἂν</span> <span class='ocrx_word' id='word_1_210' title='bbox 3373 1806 3612 1859; x_wconf 78' lang='grc' dir='ltr'>ἀπεσκί-</span> 
     </span>
    </p>
   </div>
   <div class='ocr_carea' id='block_1_33' title="bbox 337 1877 1922 1974">
    <p class='ocr_par' dir='ltr' id='par_1_33' title="bbox 337 1877 1921 1956">
     <span class='ocr_line' id='line_1_33' title="bbox 337 1877 1921 1956; baseline 0.01 -24"><span class='ocrx_word' id='word_1_211' title='bbox 337 1877 475 1932; x_wconf 87' lang='lat' dir='ltr'><strong>durn</strong></span> <span class='ocrx_word' id='word_1_212' title='bbox 516 1886 700 1934; x_wconf 87' lang='lat' dir='ltr'><strong>tamen</strong></span> <span class='ocrx_word' id='word_1_213' title='bbox 748 1879 927 1935; x_wconf 88' lang='lat' dir='ltr'><strong>locum</strong></span> <span class='ocrx_word' id='word_1_214' title='bbox 959 1884 1148 1952; x_wconf 89' lang='lat' dir='ltr'><strong>putavi</strong></span> <span class='ocrx_word' id='word_1_215' title='bbox 1200 1884 1451 1941; x_wconf 90' lang='lat' dir='ltr'><strong>studioso</strong></span> <span class='ocrx_word' id='word_1_216' title='bbox 1483 1888 1699 1956; x_wconf 87' lang='lat' dir='ltr'><strong>lectori,</strong></span> <span class='ocrx_word' id='word_1_217' title='bbox 1731 1902 1789 1946; x_wconf 90' lang='lat' dir='ltr'><strong>ut</strong></span> <span class='ocrx_word' id='word_1_218' title='bbox 1834 1909 1921 1956; x_wconf 87' lang='lat' dir='ltr'><strong>eo.</strong></span> 
     </span>
    </p>
   </div>
   <div class='ocr_carea' id='block_1_34' title="bbox 2022 1877 3612 1974">
    <p class='ocr_par' dir='ltr' id='par_1_34' title="bbox 2029 1885 3612 1967">
     <span class='ocr_line' id='line_1_34' title="bbox 2029 1885 3612 1967; baseline 0.009 -29"><span class='ocrx_word' id='word_1_219' title='bbox 2029 1885 2162 1955; x_wconf 74' lang='grc' dir='ltr'>φθαι</span> <span class='ocrx_word' id='word_1_220' title='bbox 2208 1886 2284 1955; x_wconf 76' lang='grc' dir='ltr'><strong>τῷ</strong></span> <span class='ocrx_word' id='word_1_221' title='bbox 2332 1890 2502 1958; x_wconf 81' lang='grc' dir='ltr'>τείχει</span> <span class='ocrx_word' id='word_1_222' title='bbox 2564 1909 2664 1959; x_wconf 82' lang='grc' dir='ltr'><strong>της</strong></span> <span class='ocrx_word' id='word_1_223' title='bbox 2702 1895 2934 1958; x_wconf 75' lang='grc' dir='ltr'>πόλεως.</span> <span class='ocrx_word' id='word_1_224' title='bbox 2974 1893 3096 1947; x_wconf 85' lang='grc' dir='ltr'><strong>Νοη</strong></span> <span class='ocrx_word' id='word_1_225' title='bbox 3138 1904 3371 1950; x_wconf 78' lang='lat' dir='ltr'><strong>cessante</strong></span> <span class='ocrx_word' id='word_1_226' title='bbox 3411 1897 3612 1967; x_wconf 73' lang='lat' dir='ltr'><strong>impetu</strong></span> 
     </span>
    </p>
   </div>
   <div class='ocr_carea' id='block_1_35' title="bbox 334 1967 1927 2050">
    <p class='ocr_par' dir='ltr' id='par_1_35' title="bbox 334 1967 1927 2050">
     <span class='ocr_line' id='line_1_35' title="bbox 334 1967 1927 2050; baseline 0.011 -29"><span class='ocrx_word' id='word_1_227' title='bbox 334 1967 384 2021; x_wconf 90' lang='lat' dir='ltr'><strong>si</strong></span> <span class='ocrx_word' id='word_1_228' title='bbox 420 1967 525 2036; x_wconf 84' lang='lat' dir='ltr'><strong>ipsi</strong></span> <span class='ocrx_word' id='word_1_229' title='bbox 564 1967 867 2035; x_wconf 88' lang='lat' dir='ltr'><strong>videbitur,</strong></span> <span class='ocrx_word' id='word_1_230' title='bbox 900 1969 1076 2037; x_wconf 88' lang='lat' dir='ltr'><strong>adito,</strong></span> <span class='ocrx_word' id='word_1_231' title='bbox 1108 1974 1276 2045; x_wconf 84' lang='lat' dir='ltr'><strong>eligat</strong></span> <span class='ocrx_word' id='word_1_232' title='bbox 1312 1992 1377 2031; x_wconf 81' lang='lat' dir='ltr'><strong>ex</strong></span> <span class='ocrx_word' id='word_1_233' title='bbox 1419 1979 1679 2034; x_wconf 89' lang='lat' dir='ltr'><strong>omnibus</strong></span> <span class='ocrx_word' id='word_1_234' title='bbox 1706 1995 1808 2050; x_wconf 88' lang='lat' dir='ltr'><strong>pro</strong></span> <span class='ocrx_word' id='word_1_235' title='bbox 1838 1999 1927 2039; x_wconf 88' lang='lat' dir='ltr'><strong>ar-</strong></span> 
     </span>
    </p>
   </div>
   <div class='ocr_carea' id='block_1_36' title="bbox 335 2057 1249 2133">
    <p class='ocr_par' dir='ltr' id='par_1_36' title="bbox 335 2057 1249 2133">
     <span class='ocr_line' id='line_1_36' title="bbox 335 2057 1249 2133; baseline 0.007 -19"><span class='ocrx_word' id='word_1_236' title='bbox 335 2057 511 2116; x_wconf 83' lang='lat' dir='ltr'><strong>bitrio</strong></span> <span class='ocrx_word' id='word_1_237' title='bbox 545 2075 666 2130; x_wconf 65' lang='lat' dir='ltr'><strong>quae</strong></span> <span class='ocrx_word' id='word_1_238' title='bbox 693 2064 868 2132; x_wconf 83' lang='lat' dir='ltr'><strong>magis</strong></span> <span class='ocrx_word' id='word_1_239' title='bbox 908 2064 1249 2133; x_wconf 86' lang='lat' dir='ltr'><strong>probaverit.</strong></span> 
     </span>
    </p>
   </div>
   <div class='ocr_carea' id='block_1_37' title="bbox 412 2152 1926 2232">
    <p class='ocr_par' dir='ltr' id='par_1_37' title="bbox 412 2152 1926 2232">
     <span class='ocr_line' id='line_1_37' title="bbox 412 2152 1926 2232; baseline 0.01 -25"><span class='ocrx_word' id='word_1_240' title='bbox 412 2152 829 2221; x_wconf 74' lang='grc' dir='ltr'>Ἀμφιδρόμια,</span> <span class='ocrx_word' id='word_1_241' title='bbox 878 2171 931 2224; x_wconf 89' lang='lat' dir='ltr'><strong>p.</strong></span> <span class='ocrx_word' id='word_1_242' title='bbox 965 2156 1094 2213; x_wconf 69' lang='lat'><strong>282.</strong></span> <span class='ocrx_word' id='word_1_243' title='bbox 1125 2159 1260 2212; x_wconf 68' lang='grc' dir='ltr'><strong>Οὐδὲ</strong></span> <span class='ocrx_word' id='word_1_244' title='bbox 1293 2162 1402 2232; x_wconf 79' lang='grc' dir='ltr'><strong>γὰρ</strong></span> <span class='ocrx_word' id='word_1_245' title='bbox 1427 2162 1576 2227; x_wconf 72' lang='grc' dir='ltr'>εἰκὸς</span> <span class='ocrx_word' id='word_1_246' title='bbox 1606 2195 1675 2204; x_wconf 90' lang='grc'><strong>-</strong></span> <span class='ocrx_word' id='word_1_247' title='bbox 1708 2168 1805 2220; x_wconf 71' lang='grc' dir='ltr'><strong>καὶ</strong></span> <span class='ocrx_word' id='word_1_248' title='bbox 1833 2169 1926 2223; x_wconf 78' lang='grc' dir='ltr'><strong>εὐ-</strong></span> 
     </span>
    </p>
   </div>
   <div class='ocr_carea' id='block_1_38' title="bbox 272 2244 1928 2315">
    <p class='ocr_par' dir='ltr' id='par_1_38' title="bbox 272 2244 1928 2315">
     <span class='ocr_line' id='line_1_38' title="bbox 272 2244 1928 2315; baseline 0.013 -21"><span class='ocrx_word' id='word_1_249' title='bbox 272 2278 280 2285; x_wconf 79' lang='grc'><strong>.</strong></span> <span class='ocrx_word' id='word_1_250' title='bbox 333 2244 542 2311; x_wconf 76' lang='grc' dir='ltr'>λογεῖν.</span> <span class='ocrx_word' id='word_1_251' title='bbox 575 2244 985 2302; x_wconf 81' lang='lat' dir='ltr'><strong>Perobscurum</strong></span> <span class='ocrx_word' id='word_1_252' title='bbox 1048 2250 1115 2305; x_wconf 91' lang='lat' dir='ltr'><strong>de</strong></span> <span class='ocrx_word' id='word_1_253' title='bbox 1158 2267 1311 2308; x_wconf 90' lang='lat' dir='ltr'><strong>more</strong></span> <span class='ocrx_word' id='word_1_254' title='bbox 1350 2255 1599 2310; x_wconf 89' lang='lat' dir='ltr'><strong>auctoris</strong></span> <span class='ocrx_word' id='word_1_255' title='bbox 1646 2256 1795 2313; x_wconf 90' lang='lat' dir='ltr'><strong>hunc</strong></span> <span class='ocrx_word' id='word_1_256' title='bbox 1844 2259 1928 2315; x_wconf 89' lang='lat' dir='ltr'><strong>lo-</strong></span> 
     </span>
    </p>
   </div>
   <div class='ocr_carea' id='block_1_39' title="bbox 333 2336 1923 2415">
    <p class='ocr_par' dir='ltr' id='par_1_39' title="bbox 333 2336 1923 2415">
     <span class='ocr_line' id='line_1_39' title="bbox 333 2336 1923 2415; baseline 0.011 -26"><span class='ocrx_word' id='word_1_257' title='bbox 333 2350 489 2401; x_wconf 88' lang='lat' dir='ltr'><strong>cum,</strong></span> <span class='ocrx_word' id='word_1_258' title='bbox 538 2336 633 2406; x_wconf 88' lang='lat' dir='ltr'><strong>qui</strong></span> <span class='ocrx_word' id='word_1_259' title='bbox 684 2337 873 2395; x_wconf 74' lang='lat' dir='ltr'><strong>Grteca</strong></span> <span class='ocrx_word' id='word_1_260' title='bbox 903 2341 1070 2412; x_wconf 76' lang='lat'><strong>660</strong></span> <span class='ocrx_word' id='word_1_261' title='bbox 1100 2342 1379 2413; x_wconf 83' lang='lat' dir='ltr'><strong>inspiciet,</strong></span> <span class='ocrx_word' id='word_1_262' title='bbox 1419 2349 1681 2415; x_wconf 88' lang='lat' dir='ltr'><strong>reperiet,</strong></span> <span class='ocrx_word' id='word_1_263' title='bbox 1714 2351 1771 2404; x_wconf 90' lang='lat' dir='ltr'><strong>ni</strong></span> <span class='ocrx_word' id='word_1_264' title='bbox 1819 2350 1923 2406; x_wconf 87' lang='lat' dir='ltr'><strong>fal-</strong></span> 
     </span>
    </p>
   </div>
   <div class='ocr_carea' id='block_1_40' title="bbox 332 2429 1922 2509">
    <p class='ocr_par' dir='ltr' id='par_1_40' title="bbox 332 2429 1922 2509">
     <span class='ocr_line' id='line_1_40' title="bbox 332 2429 1922 2509; baseline 0.009 -25"><span class='ocrx_word' id='word_1_265' title='bbox 332 2429 447 2484; x_wconf 91' lang='lat' dir='ltr'><strong>lor.</strong></span> <span class='ocrx_word' id='word_1_266' title='bbox 500 2429 635 2484; x_wconf 86' lang='lat' dir='ltr'><strong>Mihi</strong></span> <span class='ocrx_word' id='word_1_267' title='bbox 696 2431 921 2502; x_wconf 87' lang='lat' dir='ltr'><strong>quidem</strong></span> <span class='ocrx_word' id='word_1_268' title='bbox 996 2434 1143 2488; x_wconf 87' lang='lat' dir='ltr'><strong>haud</strong></span> <span class='ocrx_word' id='word_1_269' title='bbox 1207 2452 1403 2506; x_wconf 89' lang='lat' dir='ltr'><strong>parum</strong></span> <span class='ocrx_word' id='word_1_270' title='bbox 1466 2440 1676 2509; x_wconf 75' lang='lat' dir='ltr'><strong>negotii</strong></span> <span class='ocrx_word' id='word_1_271' title='bbox 1750 2442 1922 2507; x_wconf 88' lang='lat' dir='ltr'><strong>dedit,</strong></span> 
     </span>
    </p>
   </div>
   <div class='ocr_carea' id='block_1_41' title="bbox 333 2520 1925 2606">
    <p class='ocr_par' dir='ltr' id='par_1_41' title="bbox 333 2520 1925 2606">
     <span class='ocr_line' id='line_1_41' title="bbox 333 2520 1925 2606; baseline 0.013 -34"><span class='ocrx_word' id='word_1_272' title='bbox 333 2520 522 2590; x_wconf 63' lang='lat' dir='ltr'><strong>Quoad</strong></span> <span class='ocrx_word' id='word_1_273' title='bbox 553 2523 817 2579; x_wconf 89' lang='lat' dir='ltr'><strong>omnibus</strong></span> <span class='ocrx_word' id='word_1_274' title='bbox 843 2527 1092 2594; x_wconf 87' lang='lat' dir='ltr'><strong>pensatis</strong></span> <span class='ocrx_word' id='word_1_275' title='bbox 1125 2543 1290 2596; x_wconf 78' lang='lat' dir='ltr'><strong>quam</strong></span> <span class='ocrx_word' id='word_1_276' title='bbox 1325 2530 1708 2602; x_wconf 82' lang='lat' dir='ltr'><strong>interpretatio</strong></span> <span class='ocrx_word' id='word_1_277' title='bbox 1739 2538 1925 2606; x_wconf 87' lang='lat' dir='ltr'><strong>expri-</strong></span> 
     </span>
    </p>
   </div>
   <div class='ocr_carea' id='block_1_42' title="bbox 335 2612 1924 2699">
    <p class='ocr_par' dir='ltr' id='par_1_42' title="bbox 335 2612 1924 2699">
     <span class='ocr_line' id='line_1_42' title="bbox 335 2612 1924 2699; baseline 0.012 -34"><span class='ocrx_word' id='word_1_278' title='bbox 335 2612 439 2665; x_wconf 87' lang='lat' dir='ltr'><strong>mit</strong></span> <span class='ocrx_word' id='word_1_279' title='bbox 493 2615 770 2684; x_wconf 81' lang='lat' dir='ltr'><strong>exsculpsi</strong></span> <span class='ocrx_word' id='word_1_280' title='bbox 821 2621 1178 2674; x_wconf 84' lang='lat' dir='ltr'><strong>sententiam.</strong></span> <span class='ocrx_word' id='word_1_281' title='bbox 1233 2621 1505 2678; x_wconf 67' lang='lat' dir='ltr'><strong>Cancrum</strong></span> <span class='ocrx_word' id='word_1_282' title='bbox 1569 2629 1924 2699; x_wconf 76' lang='grc' dir='ltr'>ἀρχαιολογεα</span> 
     </span>
    </p>
   </div>
   <div class='ocr_carea' id='block_1_43' title="bbox 336 2700 1925 2784">
    <p class='ocr_par' dir='ltr' id='par_1_43' title="bbox 336 2700 1925 2784">
     <span class='ocr_line' id='line_1_43' title="bbox 336 2700 1925 2784; baseline 0.011 -29"><span class='ocrx_word' id='word_1_283' title='bbox 336 2703 429 2759; x_wconf 87' lang='lat' dir='ltr'><strong>hic</strong></span> <span class='ocrx_word' id='word_1_284' title='bbox 475 2706 717 2758; x_wconf 87' lang='lat' dir='ltr'><strong>notanda</strong></span> <span class='ocrx_word' id='word_1_285' title='bbox 751 2700 807 2759; x_wconf 87' lang='lat' dir='ltr'><strong>in</strong></span> <span class='ocrx_word' id='word_1_286' title='bbox 839 2706 1011 2761; x_wconf 87' lang='lat' dir='ltr'><strong>verbo</strong></span> <span class='ocrx_word' id='word_1_287' title='bbox 1058 2708 1403 2783; x_wconf 69' lang='grc' dir='ltr'>ἀμφιδρόμια</span> <span class='ocrx_word' id='word_1_288' title='bbox 1441 2715 1590 2784; x_wconf 86' lang='lat' dir='ltr'><strong>quod</strong></span> <span class='ocrx_word' id='word_1_289' title='bbox 1639 2728 1832 2773; x_wconf 88' lang='lat' dir='ltr'><strong>noster</strong></span> <span class='ocrx_word' id='word_1_290' title='bbox 1857 2737 1925 2776; x_wconf 82' lang='lat' dir='ltr'><strong>ex</strong></span> 
     </span>
    </p>
   </div>
   <div class='ocr_carea' id='block_1_44' title="bbox 337 2788 1923 2884">
    <p class='ocr_par' dir='ltr' id='par_1_44' title="bbox 337 2788 1923 2884">
     <span class='ocr_line' id='line_1_44' title="bbox 337 2788 1923 2884; baseline 0.011 -34"><span class='ocrx_word' id='word_1_291' title='bbox 337 2812 445 2851; x_wconf 82' lang='lat' dir='ltr'><strong>suo</strong></span> <span class='ocrx_word' id='word_1_292' title='bbox 471 2806 757 2852; x_wconf 88' lang='lat' dir='ltr'><strong>mutuatur</strong></span> <span class='ocrx_word' id='word_1_293' title='bbox 787 2788 1113 2870; x_wconf 41' lang='lat' dir='ltr'><strong>Hesychio,&#39;</strong></span> <span class='ocrx_word' id='word_1_294' title='bbox 1141 2805 1221 2858; x_wconf 88' lang='lat' dir='ltr'><strong>sic</strong></span> <span class='ocrx_word' id='word_1_295' title='bbox 1253 2806 1527 2862; x_wconf 84' lang='lat' dir='ltr'><strong>scribente</strong></span> <span class='ocrx_word' id='word_1_296' title='bbox 1569 2827 1582 2864; x_wconf 92' lang='lat'>:</span> <span class='ocrx_word' id='word_1_297' title='bbox 1627 2811 1923 2884; x_wconf 79' lang='grc' dir='ltr'>Ἀμφιδρόο</span> 
     </span>
    </p>
   </div>
   <div class='ocr_carea' id='block_1_45' title="bbox 339 2890 1922 2974">
    <p class='ocr_par' dir='ltr' id='par_1_45' title="bbox 339 2890 1922 2974">
     <span class='ocr_line' id='line_1_45' title="bbox 339 2890 1922 2974; baseline 0.013 -34"><span class='ocrx_word' id='word_1_298' title='bbox 339 2906 444 2957; x_wconf 70' lang='lat' dir='ltr'><strong>pta</strong></span> <span class='ocrx_word' id='word_1_299' title='bbox 485 2890 671 2960; x_wconf 78' lang='grc' dir='ltr'>ἡμέρα</span> <span class='ocrx_word' id='word_1_300' title='bbox 713 2894 961 2964; x_wconf 82' lang='grc' dir='ltr'><strong>ἀγομένη</strong></span> <span class='ocrx_word' id='word_1_301' title='bbox 1008 2897 1122 2958; x_wconf 83' lang='grc' dir='ltr'><strong>τοῖς</strong></span> <span class='ocrx_word' id='word_1_302' title='bbox 1157 2899 1423 2966; x_wconf 69' lang='grc' dir='ltr'>παιδίοις,</span> <span class='ocrx_word' id='word_1_303' title='bbox 1467 2894 1585 2974; x_wconf 80' lang='grc' dir='ltr'>ὲνῇ</span> <span class='ocrx_word' id='word_1_304' title='bbox 1630 2903 1690 2957; x_wconf 83' lang='grc' dir='ltr'><strong>τὸ</strong></span> <span class='ocrx_word' id='word_1_305' title='bbox 1721 2904 1922 2974; x_wconf 83' lang='grc' dir='ltr'><strong>βρέφος</strong></span> 
     </span>
    </p>
   </div>
   <div class='ocr_carea' id='block_1_46' title="bbox 335 2982 1920 3064">
    <p class='ocr_par' dir='ltr' id='par_1_46' title="bbox 335 2982 1920 3064">
     <span class='ocr_line' id='line_1_46' title="bbox 335 2982 1920 3064; baseline 0.011 -31"><span class='ocrx_word' id='word_1_306' title='bbox 335 2984 473 3052; x_wconf 80' lang='grc' dir='ltr'>περὶ</span> <span class='ocrx_word' id='word_1_307' title='bbox 500 2984 599 3045; x_wconf 69' lang='grc' dir='ltr'><strong>τὴν</strong></span> <span class='ocrx_word' id='word_1_308' title='bbox 631 2983 821 3036; x_wconf 75' lang='grc' dir='ltr'>ἑστίαν</span> <span class='ocrx_word' id='word_1_309' title='bbox 843 2982 1042 3055; x_wconf 79' lang='grc' dir='ltr'>ἔφερον</span> <span class='ocrx_word' id='word_1_310' title='bbox 1074 2987 1367 3058; x_wconf 74' lang='grc' dir='ltr'><strong>τρέχοντες</strong></span> <span class='ocrx_word' id='word_1_311' title='bbox 1404 2992 1618 3064; x_wconf 82' lang='grc' dir='ltr'>κύκλῳ,</span> <span class='ocrx_word' id='word_1_312' title='bbox 1666 2996 1761 3049; x_wconf 75' lang='grc' dir='ltr'><strong>καὶ</strong></span> <span class='ocrx_word' id='word_1_313' title='bbox 1790 2999 1920 3050; x_wconf 79' lang='grc' dir='ltr'>έπε-</span> 
     </span>
    </p>
   </div>
   <div class='ocr_carea' id='block_1_47' title="bbox 334 3074 1920 3161">
    <p class='ocr_par' dir='ltr' id='par_1_47' title="bbox 334 3074 1920 3161">
     <span class='ocr_line' id='line_1_47' title="bbox 334 3074 1920 3161; baseline 0.012 -37"><span class='ocrx_word' id='word_1_314' title='bbox 334 3075 568 3125; x_wconf 85' lang='grc' dir='ltr'>τίθεσαν</span> <span class='ocrx_word' id='word_1_315' title='bbox 622 3074 786 3147; x_wconf 78' lang='lat' dir='ltr'><strong>(forte</strong></span> <span class='ocrx_word' id='word_1_316' title='bbox 836 3079 1226 3148; x_wconf 77' lang='lat' dir='ltr'><strong>corrigendum</strong></span> <span class='ocrx_word' id='word_1_317' title='bbox 1261 3084 1356 3135; x_wconf 77' lang='grc' dir='ltr'>καὶ</span> <span class='ocrx_word' id='word_1_318' title='bbox 1408 3085 1722 3157; x_wconf 82' lang='grc' dir='ltr'>ὲπετίθουν)</span> <span class='ocrx_word' id='word_1_319' title='bbox 1768 3088 1920 3161; x_wconf 84' lang='grc' dir='ltr'><strong>αὐτῷ</strong></span> 
     </span>
    </p>
   </div>
   <div class='ocr_carea' id='block_1_48' title="bbox 333 3166 1842 3250">
    <p class='ocr_par' dir='ltr' id='par_1_48' title="bbox 333 3166 1842 3250">
     <span class='ocr_line' id='line_1_48' title="bbox 333 3166 1842 3250; baseline 0.009 -31"><span class='ocrx_word' id='word_1_320' title='bbox 333 3166 514 3234; x_wconf 78' lang='grc' dir='ltr'>δνομσ.</span> <span class='ocrx_word' id='word_1_321' title='bbox 561 3167 648 3219; x_wconf 75' lang='grc' dir='ltr'><strong>ὅτε</strong></span> <span class='ocrx_word' id='word_1_322' title='bbox 703 3168 807 3221; x_wconf 87' lang='grc' dir='ltr'><strong>ὑπὸ</strong></span> <span class='ocrx_word' id='word_1_323' title='bbox 835 3169 946 3221; x_wconf 81' lang='grc' dir='ltr'>τῶν</span> <span class='ocrx_word' id='word_1_324' title='bbox 978 3171 1198 3226; x_wconf 75' lang='grc' dir='ltr'>οἰκείων</span> <span class='ocrx_word' id='word_1_325' title='bbox 1244 3176 1337 3227; x_wconf 76' lang='grc' dir='ltr'>καὶ</span> <span class='ocrx_word' id='word_1_326' title='bbox 1367 3176 1539 3245; x_wconf 84' lang='grc' dir='ltr'>φίλων</span> <span class='ocrx_word' id='word_1_327' title='bbox 1569 3178 1723 3250; x_wconf 84' lang='grc' dir='ltr'>δῶρα</span> <span class='ocrx_word' id='word_1_328' title='bbox 1749 3182 1842 3234; x_wconf 76' lang='grc' dir='ltr'>ἐπέ</span> 
     </span>
    </p>
   </div>
   <div class='ocr_carea' id='block_1_49' title="bbox 338 3260 1922 3339">
    <p class='ocr_par' dir='ltr' id='par_1_49' title="bbox 338 3260 1922 3339">
     <span class='ocr_line' id='line_1_49' title="bbox 338 3260 1922 3339; baseline 0.013 -31"><span class='ocrx_word' id='word_1_329' title='bbox 338 3275 493 3311; x_wconf 83' lang='grc' dir='ltr'>πετο.</span> <span class='ocrx_word' id='word_1_330' title='bbox 562 3260 731 3314; x_wconf 89' lang='lat' dir='ltr'><strong>Paulo</strong></span> <span class='ocrx_word' id='word_1_331' title='bbox 784 3261 1102 3320; x_wconf 89' lang='lat' dir='ltr'><strong>distinctius</strong></span> <span class='ocrx_word' id='word_1_332' title='bbox 1148 3264 1372 3331; x_wconf 88' lang='lat' dir='ltr'><strong>Suidas,</strong></span> <span class='ocrx_word' id='word_1_333' title='bbox 1434 3271 1528 3339; x_wconf 90' lang='lat' dir='ltr'><strong>qui</strong></span> <span class='ocrx_word' id='word_1_334' title='bbox 1577 3288 1776 3327; x_wconf 88' lang='lat' dir='ltr'><strong>nomen</strong></span> <span class='ocrx_word' id='word_1_335' title='bbox 1816 3274 1922 3330; x_wconf 90' lang='lat' dir='ltr'><strong>hoc</strong></span> 
     </span>
    </p>
   </div>
   <div class='ocr_carea' id='block_1_50' title="bbox 343 3352 1917 3436">
    <p class='ocr_par' dir='ltr' id='par_1_50' title="bbox 343 3352 1917 3436">
     <span class='ocr_line' id='line_1_50' title="bbox 343 3352 1917 3436; baseline 0.01 -30"><span class='ocrx_word' id='word_1_336' title='bbox 343 3353 630 3422; x_wconf 79' lang='lat' dir='ltr'><strong>singulare</strong></span> <span class='ocrx_word' id='word_1_337' title='bbox 668 3352 995 3410; x_wconf 82' lang='lat' dir='ltr'><strong>femininum</strong></span> <span class='ocrx_word' id='word_1_338' title='bbox 1042 3357 1225 3413; x_wconf 79' lang='lat' dir='ltr'><strong>facit:</strong></span> <span class='ocrx_word' id='word_1_339' title='bbox 1272 3362 1670 3433; x_wconf 80' lang='grc' dir='ltr'>Ἀμφιδρομία,</span> <span class='ocrx_word' id='word_1_340' title='bbox 1715 3367 1917 3436; x_wconf 85' lang='lat' dir='ltr'><strong>inquit,</strong></span> 
     </span>
    </p>
   </div>
   <div class='ocr_carea' id='block_1_51' title="bbox 332 3445 1920 3531">
    <p class='ocr_par' dir='ltr' id='par_1_51' title="bbox 332 3445 1920 3531">
     <span class='ocr_line' id='line_1_51' title="bbox 332 3445 1920 3531; baseline 0.009 -32"><span class='ocrx_word' id='word_1_341' title='bbox 332 3446 403 3516; x_wconf 76' lang='grc' dir='ltr'>ἣν</span> <span class='ocrx_word' id='word_1_342' title='bbox 436 3445 974 3528; x_wconf 67' lang='grc' dir='ltr'>πέμπτηνᾶγουσιν</span> <span class='ocrx_word' id='word_1_343' title='bbox 1011 3450 1108 3504; x_wconf 75' lang='grc' dir='ltr'><strong>ἐπὶ</strong></span> <span class='ocrx_word' id='word_1_344' title='bbox 1147 3454 1264 3515; x_wconf 85' lang='grc' dir='ltr'>τοῖς</span> <span class='ocrx_word' id='word_1_345' title='bbox 1298 3455 1583 3525; x_wconf 74' lang='grc' dir='ltr'><strong>βρέφεσιν,</strong></span> <span class='ocrx_word' id='word_1_346' title='bbox 1618 3458 1675 3510; x_wconf 80' lang='grc' dir='ltr'>ὲν</span> <span class='ocrx_word' id='word_1_347' title='bbox 1777 3461 1920 3514; x_wconf 79' lang='grc' dir='ltr'>ἁποο</span> 
     </span>
    </p>
   </div>
   <div class='ocr_carea' id='block_1_52' title="bbox 332 3524 1921 3619">
    <p class='ocr_par' dir='ltr' id='par_1_52' title="bbox 332 3524 1921 3619">
     <span class='ocr_line' id='line_1_52' title="bbox 332 3524 1921 3619; baseline 0.009 -29"><span class='ocrx_word' id='word_1_348' title='bbox 332 3524 719 3608; x_wconf 74' lang='grc' dir='ltr'>καθαίρονται</span> <span class='ocrx_word' id='word_1_349' title='bbox 738 3538 837 3602; x_wconf 74' lang='grc' dir='ltr'><strong>τὰς</strong></span> <span class='ocrx_word' id='word_1_350' title='bbox 866 3542 1059 3612; x_wconf 84' lang='grc' dir='ltr'>χεῖρας</span> <span class='ocrx_word' id='word_1_351' title='bbox 1086 3544 1142 3596; x_wconf 80' lang='lat' dir='ltr'><strong>at</strong></span> <span class='ocrx_word' id='word_1_352' title='bbox 1173 3524 1567 3616; x_wconf 68' lang='grc' dir='ltr'>συνσψάμεναι</span> <span class='ocrx_word' id='word_1_353' title='bbox 1608 3524 1921 3619; x_wconf 41' lang='grc' dir='ltr'><strong>τῆς-’μαιώ-</strong></span> 
     </span>
    </p>
   </div>
   <div class='ocr_carea' id='block_1_53' title="bbox 334 3629 1917 3714">
    <p class='ocr_par' dir='ltr' id='par_1_53' title="bbox 334 3629 1917 3714">
     <span class='ocr_line' id='line_1_53' title="bbox 334 3629 1917 3714; baseline 0.011 -34"><span class='ocrx_word' id='word_1_354' title='bbox 334 3646 496 3696; x_wconf 79' lang='grc' dir='ltr'>σεως,</span> <span class='ocrx_word' id='word_1_355' title='bbox 525 3630 585 3682; x_wconf 70' lang='grc' dir='ltr'><strong>τὸ</strong></span> <span class='ocrx_word' id='word_1_356' title='bbox 610 3629 813 3701; x_wconf 82' lang='grc' dir='ltr'>βρέφος</span> <span class='ocrx_word' id='word_1_357' title='bbox 844 3637 1213 3706; x_wconf 84' lang='grc' dir='ltr'>περιφέρουσι</span> <span class='ocrx_word' id='word_1_358' title='bbox 1250 3639 1356 3709; x_wconf 66' lang='grc' dir='ltr'><strong>τὴν</strong></span> <span class='ocrx_word' id='word_1_359' title='bbox 1385 3640 1572 3695; x_wconf 80' lang='grc' dir='ltr'>ἑστίαν</span> <span class='ocrx_word' id='word_1_360' title='bbox 1595 3644 1917 3714; x_wconf 77' lang='grc' dir='ltr'><strong>τρέχοντες,</strong></span> 
     </span>
    </p>
   </div>
   <div class='ocr_carea' id='block_1_54' title="bbox 331 3720 1922 3800">
    <p class='ocr_par' dir='ltr' id='par_1_54' title="bbox 331 3720 1922 3800">
     <span class='ocr_line' id='line_1_54' title="bbox 331 3720 1922 3800; baseline 0.009 -28"><span class='ocrx_word' id='word_1_361' title='bbox 331 3721 437 3774; x_wconf 77' lang='grc' dir='ltr'><strong>καὶ</strong></span> <span class='ocrx_word' id='word_1_362' title='bbox 485 3720 636 3791; x_wconf 78' lang='grc' dir='ltr'>δῶρα</span> <span class='ocrx_word' id='word_1_363' title='bbox 681 3724 999 3794; x_wconf 78' lang='grc' dir='ltr'>πέμπουσιν</span> <span class='ocrx_word' id='word_1_364' title='bbox 1047 3727 1098 3780; x_wconf 75' lang='grc' dir='ltr'>οἱ</span> <span class='ocrx_word' id='word_1_365' title='bbox 1160 3730 1539 3800; x_wconf 82' lang='grc' dir='ltr'>προσήκοντες</span> <span class='ocrx_word' id='word_1_366' title='bbox 1584 3732 1660 3796; x_wconf 84' lang='grc' dir='ltr'><strong>ὼς</strong></span> <span class='ocrx_word' id='word_1_367' title='bbox 1717 3734 1814 3786; x_wconf 76' lang='grc' dir='ltr'><strong>ἐπὶ</strong></span> <span class='ocrx_word' id='word_1_368' title='bbox 1860 3734 1922 3789; x_wconf 81' lang='grc' dir='ltr'><strong>τὸ</strong></span> 
     </span>
    </p>
   </div>
   <div class='ocr_carea' id='block_1_55' title="bbox 332 3809 1921 3895">
    <p class='ocr_par' dir='ltr' id='par_1_55' title="bbox 332 3809 1921 3895">
     <span class='ocr_line' id='line_1_55' title="bbox 332 3809 1921 3895; baseline 0.009 -35"><span class='ocrx_word' id='word_1_369' title='bbox 332 3809 597 3864; x_wconf 76' lang='grc' dir='ltr'>πλεῖστον</span> <span class='ocrx_word' id='word_1_370' title='bbox 644 3812 957 3878; x_wconf 80' lang='grc' dir='ltr'><strong>πολύποδας</strong></span> <span class='ocrx_word' id='word_1_371' title='bbox 1007 3816 1105 3870; x_wconf 76' lang='grc' dir='ltr'><strong>καὶ</strong></span> <span class='ocrx_word' id='word_1_372' title='bbox 1171 3819 1401 3889; x_wconf 85' lang='grc' dir='ltr'>σηπίας,</span> <span class='ocrx_word' id='word_1_373' title='bbox 1459 3823 1526 3891; x_wconf 84' lang='grc' dir='ltr'><strong>τῇ</strong></span> <span class='ocrx_word' id='word_1_374' title='bbox 1564 3821 1771 3895; x_wconf 77' lang='grc' dir='ltr'><strong>δεκάτῃ</strong></span> <span class='ocrx_word' id='word_1_375' title='bbox 1822 3824 1921 3876; x_wconf 77' lang='grc' dir='ltr'><strong>καὶ</strong></span> 
     </span>
    </p>
   </div>
   <div class='ocr_carea' id='block_1_56' title="bbox 330 3898 1920 3981">
    <p class='ocr_par' dir='ltr' id='par_1_56' title="bbox 330 3898 1920 3981">
     <span class='ocr_line' id='line_1_56' title="bbox 330 3898 1920 3981; baseline 0.008 -30"><span class='ocrx_word' id='word_1_376' title='bbox 330 3898 580 3970; x_wconf 76' lang='grc' dir='ltr'>τοῦνομα</span> <span class='ocrx_word' id='word_1_377' title='bbox 619 3901 885 3957; x_wconf 70' lang='grc' dir='ltr'>τίθενται.</span> <span class='ocrx_word' id='word_1_378' title='bbox 937 3904 1051 3959; x_wconf 85' lang='lat' dir='ltr'><strong>Hoc</strong></span> <span class='ocrx_word' id='word_1_379' title='bbox 1099 3914 1230 3960; x_wconf 86' lang='lat' dir='ltr'><strong>est:</strong></span> <span class='ocrx_word' id='word_1_380' title='bbox 1285 3906 1714 3979; x_wconf 82' lang='lat' dir='ltr'><strong>Amphidramia,</strong></span> <span class='ocrx_word' id='word_1_381' title='bbox 1759 3927 1920 3981; x_wconf 84' lang='lat' dir='ltr'><strong>quam</strong></span> 
     </span>
    </p>
   </div>
   <div class='ocr_carea' id='block_1_57' title="bbox 333 3992 1921 4073">
    <p class='ocr_par' dir='ltr' id='par_1_57' title="bbox 333 3992 1921 4073">
     <span class='ocr_line' id='line_1_57' title="bbox 333 3992 1921 4073; baseline 0.008 -28"><span class='ocrx_word' id='word_1_382' title='bbox 333 3993 477 4046; x_wconf 84' lang='lat' dir='ltr'><strong>diem</strong></span> <span class='ocrx_word' id='word_1_383' title='bbox 509 3992 779 4048; x_wconf 71' lang='lat' dir='ltr'><strong>cetebrant</strong></span> <span class='ocrx_word' id='word_1_384' title='bbox 814 3997 1059 4066; x_wconf 82' lang='lat' dir='ltr'><strong>quintam</strong></span> <span class='ocrx_word' id='word_1_385' title='bbox 1085 4015 1117 4051; x_wconf 90' lang='lat' dir='ltr'><strong>a</strong></span> <span class='ocrx_word' id='word_1_386' title='bbox 1148 3999 1290 4054; x_wconf 85' lang='lat' dir='ltr'><strong>natis</strong></span> <span class='ocrx_word' id='word_1_387' title='bbox 1321 4001 1632 4072; x_wconf 82' lang='lat' dir='ltr'><strong>infantibus,</strong></span> <span class='ocrx_word' id='word_1_388' title='bbox 1665 4019 1769 4073; x_wconf 82' lang='lat' dir='ltr'><strong>qua</strong></span> <span class='ocrx_word' id='word_1_389' title='bbox 1793 4020 1921 4071; x_wconf 84' lang='lat' dir='ltr'><strong>pur-</strong></span> 
     </span>
    </p>
   </div>
   <div class='ocr_carea' id='block_1_58' title="bbox 327 4086 1918 4161">
    <p class='ocr_par' dir='ltr' id='par_1_58' title="bbox 327 4086 1918 4161">
     <span class='ocr_line' id='line_1_58' title="bbox 327 4086 1918 4161; baseline 0.009 -26"><span class='ocrx_word' id='word_1_390' title='bbox 327 4090 464 4153; x_wconf 86' lang='lat' dir='ltr'><strong>gant</strong></span> <span class='ocrx_word' id='word_1_391' title='bbox 519 4101 711 4138; x_wconf 84' lang='lat' dir='ltr'><strong>manus</strong></span> <span class='ocrx_word' id='word_1_392' title='bbox 744 4102 860 4156; x_wconf 71' lang='lat' dir='ltr'><strong>qua:</strong></span> <span class='ocrx_word' id='word_1_393' title='bbox 906 4086 1320 4161; x_wconf 81' lang='lat' dir='ltr'><strong>obstetricationi</strong></span> <span class='ocrx_word' id='word_1_394' title='bbox 1370 4108 1585 4160; x_wconf 73' lang='lat' dir='ltr'><strong>operam</strong></span> <span class='ocrx_word' id='word_1_395' title='bbox 1636 4094 1918 4161; x_wconf 84' lang='lat' dir='ltr'><strong>dederunt,</strong></span> 
     </span>
    </p>
   </div>
   <div class='ocr_carea' id='block_1_59' title="bbox 329 4175 1919 4251">
    <p class='ocr_par' dir='ltr' id='par_1_59' title="bbox 329 4175 1919 4251">
     <span class='ocr_line' id='line_1_59' title="bbox 329 4175 1919 4251; baseline 0.009 -24"><span class='ocrx_word' id='word_1_396' title='bbox 329 4175 597 4244; x_wconf 78' lang='lat' dir='ltr'><strong>infantem</strong></span> <span class='ocrx_word' id='word_1_397' title='bbox 634 4178 834 4231; x_wconf 83' lang='lat' dir='ltr'><strong>circum</strong></span> <span class='ocrx_word' id='word_1_398' title='bbox 866 4179 1039 4248; x_wconf 79' lang='lat' dir='ltr'><strong>focum</strong></span> <span class='ocrx_word' id='word_1_399' title='bbox 1077 4191 1283 4250; x_wconf 80' lang='lat' dir='ltr'><strong>gestant</strong></span> <span class='ocrx_word' id='word_1_400' title='bbox 1333 4195 1628 4251; x_wconf 82' lang='lat' dir='ltr'><strong>currentes,</strong></span> <span class='ocrx_word' id='word_1_401' title='bbox 1692 4197 1742 4240; x_wconf 79' lang='lat' dir='ltr'><strong>et</strong></span> <span class='ocrx_word' id='word_1_402' title='bbox 1778 4188 1919 4241; x_wconf 86' lang='lat' dir='ltr'><strong>dona</strong></span> 
     </span>
    </p>
   </div>
   <div class='ocr_carea' id='block_1_60' title="bbox 334 4268 1917 4348">
    <p class='ocr_par' dir='ltr' id='par_1_60' title="bbox 334 4268 1917 4348">
     <span class='ocr_line' id='line_1_60' title="bbox 334 4268 1917 4348; baseline 0.007 -27"><span class='ocrx_word' id='word_1_403' title='bbox 334 4268 552 4321; x_wconf 81' lang='lat' dir='ltr'><strong>mittunt</strong></span> <span class='ocrx_word' id='word_1_404' title='bbox 587 4269 893 4338; x_wconf 84' lang='lat' dir='ltr'><strong>propinqui,</strong></span> <span class='ocrx_word' id='word_1_405' title='bbox 927 4270 1219 4342; x_wconf 77' lang='lat' dir='ltr'><strong>p‘olypodas</strong></span> <span class='ocrx_word' id='word_1_406' title='bbox 1261 4273 1569 4346; x_wconf 82' lang='lat' dir='ltr'><strong>plerumque</strong></span> <span class='ocrx_word' id='word_1_407' title='bbox 1608 4293 1670 4332; x_wconf 88' lang='lat' dir='ltr'><strong>ac</strong></span> <span class='ocrx_word' id='word_1_408' title='bbox 1709 4278 1917 4348; x_wconf 82' lang='lat' dir='ltr'><strong>sepius;</strong></span> 
     </span>
    </p>
   </div>
   <div class='ocr_carea' id='block_1_61' title="bbox 329 4356 1917 4439">
    <p class='ocr_par' dir='ltr' id='par_1_61' title="bbox 329 4356 1917 4439">
     <span class='ocr_line' id='line_1_61' title="bbox 329 4356 1917 4439; baseline 0.008 -29"><span class='ocrx_word' id='word_1_409' title='bbox 329 4356 538 4411; x_wconf 85' lang='lat' dir='ltr'><strong>decima</strong></span> <span class='ocrx_word' id='word_1_410' title='bbox 565 4373 683 4412; x_wconf 80' lang='lat' dir='ltr'><strong>vero</strong></span> <span class='ocrx_word' id='word_1_411' title='bbox 708 4376 895 4439; x_wconf 83' lang='lat' dir='ltr'><strong>nomen</strong></span> <span class='ocrx_word' id='word_1_412' title='bbox 933 4364 1231 4432; x_wconf 71' lang='lat' dir='ltr'><strong>imponunt.</strong></span> <span class='ocrx_word' id='word_1_413' title='bbox 1267 4363 1347 4419; x_wconf 79' lang='lat' dir='ltr'><strong>Ex</strong></span> <span class='ocrx_word' id='word_1_414' title='bbox 1378 4364 1465 4419; x_wconf 89' lang='lat' dir='ltr'><strong>his</strong></span> <span class='ocrx_word' id='word_1_415' title='bbox 1490 4379 1718 4437; x_wconf 85' lang='lat' dir='ltr'><strong>apparet</strong></span> <span class='ocrx_word' id='word_1_416' title='bbox 1743 4385 1917 4423; x_wconf 72' lang='lat' dir='ltr'><strong>caere-</strong></span> 
     </span>
    </p>
   </div>
   <div class='ocr_carea' id='block_1_62' title="bbox 327 4451 1992 4525">
    <p class='ocr_par' dir='ltr' id='par_1_62' title="bbox 327 4451 1992 4525">
     <span class='ocr_line' id='line_1_62' title="bbox 327 4451 1992 4525; baseline 0.005 -22"><span class='ocrx_word' id='word_1_417' title='bbox 327 4451 576 4505; x_wconf 87' lang='lat' dir='ltr'><strong>moniam</strong></span> <span class='ocrx_word' id='word_1_418' title='bbox 616 4462 859 4508; x_wconf 82' lang='lat' dir='ltr'><strong>veterem</strong></span> <span class='ocrx_word' id='word_1_419' title='bbox 895 4464 1085 4525; x_wconf 88' lang='lat' dir='ltr'><strong>aptare</strong></span> <span class='ocrx_word' id='word_1_420' title='bbox 1116 4456 1395 4514; x_wconf 87' lang='lat' dir='ltr'><strong>studuisse</strong></span> <span class='ocrx_word' id='word_1_421' title='bbox 1427 4459 1757 4515; x_wconf 71' lang='lat' dir='ltr'><strong>Christianis</strong></span> <span class='ocrx_word' id='word_1_422' title='bbox 1793 4459 1916 4515; x_wconf 83' lang='lat' dir='ltr'><strong>riti-</strong></span> <span class='ocrx_word' id='word_1_423' title='bbox 1949 4455 1992 4511; x_wconf 90' lang='lat' dir='ltr'><strong>D</strong></span> 
     </span>
    </p>
   </div>
   <div class='ocr_carea' id='block_1_63' title="bbox 327 4542 1914 4615">
    <p class='ocr_par' dir='ltr' id='par_1_63' title="bbox 327 4542 1914 4615">
     <span class='ocr_line' id='line_1_63' title="bbox 327 4542 1914 4615; baseline 0.008 -18"><span class='ocrx_word' id='word_1_424' title='bbox 327 4542 436 4598; x_wconf 89' lang='lat' dir='ltr'><strong>bus</strong></span> <span class='ocrx_word' id='word_1_425' title='bbox 496 4542 892 4615; x_wconf 85' lang='lat' dir='ltr'><strong>Pachymerem</strong></span> <span class='ocrx_word' id='word_1_426' title='bbox 930 4554 1032 4601; x_wconf 87' lang='lat' dir='ltr'><strong>:et</strong></span> <span class='ocrx_word' id='word_1_427' title='bbox 1078 4546 1221 4602; x_wconf 88' lang='lat' dir='ltr'><strong>forte</strong></span> <span class='ocrx_word' id='word_1_428' title='bbox 1268 4549 1315 4601; x_wconf 90' lang='lat' dir='ltr'><strong>is</strong></span> <span class='ocrx_word' id='word_1_429' title='bbox 1373 4552 1550 4604; x_wconf 84' lang='lat' dir='ltr'><strong>voluit</strong></span> <span class='ocrx_word' id='word_1_430' title='bbox 1591 4553 1697 4607; x_wconf 85' lang='lat' dir='ltr'><strong>isto</strong></span> <span class='ocrx_word' id='word_1_431' title='bbox 1742 4556 1914 4611; x_wconf 88' lang='lat' dir='ltr'><strong>verbo</strong></span> 
     </span>
    </p>
   </div>
   <div class='ocr_carea' id='block_1_64' title="bbox 326 4635 1913 4712">
    <p class='ocr_par' dir='ltr' id='par_1_64' title="bbox 326 4635 1913 4712">
     <span class='ocr_line' id='line_1_64' title="bbox 326 4635 1913 4712; baseline 0.006 -22"><span class='ocrx_word' id='word_1_432' title='bbox 326 4635 592 4706; x_wconf 85' lang='lat' dir='ltr'><strong>baptismi</strong></span> <span class='ocrx_word' id='word_1_433' title='bbox 626 4638 941 4709; x_wconf 79' lang='lat' dir='ltr'><strong>panegyrim</strong></span> <span class='ocrx_word' id='word_1_434' title='bbox 968 4637 1052 4711; x_wconf 91' lang='lat' dir='ltr'><strong>[P.</strong></span> <span class='ocrx_word' id='word_1_435' title='bbox 1078 4638 1206 4712; x_wconf 73' lang='lat'><strong>462]</strong></span> <span class='ocrx_word' id='word_1_436' title='bbox 1233 4641 1560 4711; x_wconf 79' lang='lat' dir='ltr'><strong>exprimere.</strong></span> <span class='ocrx_word' id='word_1_437' title='bbox 1588 4644 1702 4712; x_wconf 79' lang='lat' dir='ltr'><strong>Ego</strong></span> <span class='ocrx_word' id='word_1_438' title='bbox 1730 4654 1913 4701; x_wconf 87' lang='lat' dir='ltr'><strong>tamen</strong></span> 
     </span>
    </p>
   </div>
   <div class='ocr_carea' id='block_1_65' title="bbox 328 4729 1915 4801">
    <p class='ocr_par' dir='ltr' id='par_1_65' title="bbox 328 4729 1915 4801">
     <span class='ocr_line' id='line_1_65' title="bbox 328 4729 1915 4801; baseline 0.006 -16"><span class='ocrx_word' id='word_1_439' title='bbox 328 4732 665 4801; x_wconf 79' lang='lat' dir='ltr'><strong>conjecturae</strong></span> <span class='ocrx_word' id='word_1_440' title='bbox 694 4729 840 4785; x_wconf 87' lang='lat' dir='ltr'><strong>docti</strong></span> <span class='ocrx_word' id='word_1_441' title='bbox 875 4732 1104 4789; x_wconf 89' lang='lat' dir='ltr'><strong>lectoris</strong></span> <span class='ocrx_word' id='word_1_442' title='bbox 1151 4733 1554 4789; x_wconf 87' lang='lat' dir='ltr'><strong>divinationem</strong></span> <span class='ocrx_word' id='word_1_443' title='bbox 1601 4738 1915 4795; x_wconf 88' lang='lat' dir='ltr'><strong>istiusmodi</strong></span> 
     </span>
    </p>
   </div>
   <div class='ocr_carea' id='block_1_66' title="bbox 329 4822 1912 4896">
    <p class='ocr_par' dir='ltr' id='par_1_66' title="bbox 329 4822 1912 4896">
     <span class='ocr_line' id='line_1_66' title="bbox 329 4822 1912 4896; baseline 0.006 -20"><span class='ocrx_word' id='word_1_444' title='bbox 329 4823 679 4892; x_wconf 78' lang='lat' dir='ltr'><strong>relinquens,</strong></span> <span class='ocrx_word' id='word_1_445' title='bbox 736 4822 871 4878; x_wconf 87' lang='lat' dir='ltr'><strong>satis</strong></span> <span class='ocrx_word' id='word_1_446' title='bbox 933 4824 1102 4879; x_wconf 89' lang='lat' dir='ltr'><strong>habui</strong></span> <span class='ocrx_word' id='word_1_447' title='bbox 1160 4827 1413 4896; x_wconf 87' lang='lat' dir='ltr'><strong>quintam</strong></span> <span class='ocrx_word' id='word_1_448' title='bbox 1464 4826 1535 4881; x_wconf 89' lang='lat' dir='ltr'><strong>ab</strong></span> <span class='ocrx_word' id='word_1_449' title='bbox 1592 4840 1718 4884; x_wconf 92' lang='lat' dir='ltr'><strong>ortu</strong></span> <span class='ocrx_word' id='word_1_450' title='bbox 1766 4832 1912 4886; x_wconf 90' lang='lat' dir='ltr'><strong>diem</strong></span> 
     </span>
    </p>
   </div>
   <div class='ocr_carea' id='block_1_67' title="bbox 328 4917 1914 4994">
    <p class='ocr_par' dir='ltr' id='par_1_67' title="bbox 328 4917 1914 4994">
     <span class='ocr_line' id='line_1_67' title="bbox 328 4917 1914 4994; baseline 0.004 -23"><span class='ocrx_word' id='word_1_451' title='bbox 328 4917 669 4985; x_wconf 84' lang='lat' dir='ltr'><strong>exprimere,</strong></span> <span class='ocrx_word' id='word_1_452' title='bbox 695 4924 921 4985; x_wconf 88' lang='lat' dir='ltr'><strong>quotam</strong></span> <span class='ocrx_word' id='word_1_453' title='bbox 950 4932 1085 4971; x_wconf 85' lang='lat' dir='ltr'><strong>voce</strong></span> <span class='ocrx_word' id='word_1_454' title='bbox 1110 4917 1479 4988; x_wconf 82' lang='grc' dir='ltr'>ἀμφιδρομία,</span> <span class='ocrx_word' id='word_1_455' title='bbox 1500 4921 1589 4974; x_wconf 93' lang='lat' dir='ltr'><strong>cui</strong></span> <span class='ocrx_word' id='word_1_456' title='bbox 1613 4936 1914 4994; x_wconf 79' lang='lat' dir='ltr'><strong>synonyme</strong></span> 
     </span>
    </p>
   </div>
   <div class='ocr_carea' id='block_1_68' title="bbox 329 5002 1911 5081">
    <p class='ocr_par' dir='ltr' id='par_1_68' title="bbox 329 5002 1911 5081">
     <span class='ocr_line' id='line_1_68' title="bbox 329 5002 1911 5081; baseline 0.008 -22"><span class='ocrx_word' id='word_1_457' title='bbox 329 5013 648 5061; x_wconf 86' lang='lat' dir='ltr'><strong>consonant</strong></span> <span class='ocrx_word' id='word_1_458' title='bbox 668 5006 735 5058; x_wconf 74' lang='grc' dir='ltr'><strong>τὰ</strong></span> <span class='ocrx_word' id='word_1_459' title='bbox 765 5005 1138 5077; x_wconf 79' lang='grc' dir='ltr'>ἅμφιδρὸμια,</span> <span class='ocrx_word' id='word_1_460' title='bbox 1170 5008 1447 5081; x_wconf 81' lang='lat' dir='ltr'><strong>designari</strong></span> <span class='ocrx_word' id='word_1_461' title='bbox 1481 5012 1707 5069; x_wconf 88' lang='lat' dir='ltr'><strong>Suidam</strong></span> <span class='ocrx_word' id='word_1_462' title='bbox 1748 5002 1911 5072; x_wconf 81' lang='lat' dir='ltr'><strong>retuli</strong></span> 
     </span>
    </p>
   </div>
   <div class='ocr_carea' id='block_1_69' title="bbox 330 5097 653 5153">
    <p class='ocr_par' dir='ltr' id='par_1_69' title="bbox 330 5097 653 5153">
     <span class='ocr_line' id='line_1_69' title="bbox 330 5097 653 5153; baseline -0.003 -1"><span class='ocrx_word' id='word_1_463' title='bbox 330 5097 653 5153; x_wconf 85' lang='lat' dir='ltr'><strong>docentem.</strong></span> 
     </span>
    </p>
   </div>
   <div class='ocr_carea' id='block_1_70' title="bbox 403 5189 1912 5272">
    <p class='ocr_par' dir='ltr' id='par_1_70' title="bbox 403 5189 1912 5272">
     <span class='ocr_line' id='line_1_70' title="bbox 403 5189 1912 5272; baseline 0.009 -27"><span class='ocrx_word' id='word_1_464' title='bbox 403 5189 764 5259; x_wconf 76' lang='grc' dir='ltr'>Ἀνάγωγος,</span> <span class='ocrx_word' id='word_1_465' title='bbox 817 5206 874 5261; x_wconf 91' lang='lat' dir='ltr'><strong>p.</strong></span> <span class='ocrx_word' id='word_1_466' title='bbox 931 5191 1055 5247; x_wconf 79' lang='grc'><strong>557.</strong></span> <span class='ocrx_word' id='word_1_467' title='bbox 1112 5193 1276 5249; x_wconf 79' lang='lat' dir='ltr'><strong>Vocis</strong></span> <span class='ocrx_word' id='word_1_468' title='bbox 1327 5196 1616 5267; x_wconf 82' lang='grc' dir='ltr'>ἀνάγωγος</span> <span class='ocrx_word' id='word_1_469' title='bbox 1664 5217 1788 5272; x_wconf 60' lang='lat' dir='ltr'><strong>quae</strong></span> <span class='ocrx_word' id='word_1_470' title='bbox 1821 5204 1912 5260; x_wconf 88' lang='lat' dir='ltr'><strong>hic</strong></span> 
     </span>
    </p>
   </div>
   <div class='ocr_carea' id='block_1_71' title="bbox 331 5281 1912 5365">
    <p class='ocr_par' dir='ltr' id='par_1_71' title="bbox 331 5281 1912 5365">
     <span class='ocr_line' id='line_1_71' title="bbox 331 5281 1912 5365; baseline 0.011 -32"><span class='ocrx_word' id='word_1_471' title='bbox 331 5290 634 5351; x_wconf 87' lang='lat' dir='ltr'><strong>usurpatur</strong></span> <span class='ocrx_word' id='word_1_472' title='bbox 666 5281 819 5337; x_wconf 92' lang='lat' dir='ltr'><strong>notio</strong></span> <span class='ocrx_word' id='word_1_473' title='bbox 854 5284 1158 5354; x_wconf 87' lang='lat' dir='ltr'><strong>repetenda</strong></span> <span class='ocrx_word' id='word_1_474' title='bbox 1208 5302 1277 5340; x_wconf 78' lang='lat' dir='ltr'><strong>ex</strong></span> <span class='ocrx_word' id='word_1_475' title='bbox 1307 5285 1579 5359; x_wconf 84' lang='lat' dir='ltr'><strong>Hesychio</strong></span> <span class='ocrx_word' id='word_1_476' title='bbox 1624 5300 1730 5357; x_wconf 87' lang='lat' dir='ltr'><strong>est,</strong></span> <span class='ocrx_word' id='word_1_477' title='bbox 1765 5296 1912 5365; x_wconf 90' lang='lat' dir='ltr'><strong>apud</strong></span> 
     </span>
    </p>
   </div>
   <div class='ocr_carea' id='block_1_72' title="bbox 329 5372 1912 5459">
    <p class='ocr_par' dir='ltr' id='par_1_72' title="bbox 329 5372 1912 5459">
     <span class='ocr_line' id='line_1_72' title="bbox 329 5372 1912 5459; baseline 0.009 -33"><span class='ocrx_word' id='word_1_478' title='bbox 329 5388 496 5443; x_wconf 85' lang='lat' dir='ltr'><strong>quem</strong></span> <span class='ocrx_word' id='word_1_479' title='bbox 553 5372 835 5443; x_wconf 82' lang='lat' dir='ltr'><strong>legimus:</strong></span> <span class='ocrx_word' id='word_1_480' title='bbox 882 5376 1194 5446; x_wconf 76' lang='grc' dir='ltr'>’Δνάγωγος</span> <span class='ocrx_word' id='word_1_481' title='bbox 1251 5378 1535 5451; x_wconf 73' lang='grc' dir='ltr'>ὑϐριστὴς,</span> <span class='ocrx_word' id='word_1_482' title='bbox 1596 5385 1624 5436; x_wconf 86' lang='grc' dir='ltr'>ὁ</span> <span class='ocrx_word' id='word_1_483' title='bbox 1673 5385 1751 5458; x_wconf 76' lang='grc' dir='ltr'>μὴ</span> <span class='ocrx_word' id='word_1_484' title='bbox 1811 5390 1912 5459; x_wconf 82' lang='grc' dir='ltr'><strong>τῆς</strong></span> 
     </span>
    </p>
   </div>
   <div class='ocr_carea' id='block_1_73' title="bbox 328 5463 1191 5539">
    <p class='ocr_par' dir='ltr' id='par_1_73' title="bbox 328 5463 1191 5539">
     <span class='ocr_line' id='line_1_73' title="bbox 328 5463 1191 5539; baseline 0.008 -22"><span class='ocrx_word' id='word_1_485' title='bbox 328 5463 562 5534; x_wconf 86' lang='grc' dir='ltr'>δεούσης</span> <span class='ocrx_word' id='word_1_486' title='bbox 594 5467 820 5536; x_wconf 78' lang='grc' dir='ltr'><strong>ἀγωγῆς</strong></span> <span class='ocrx_word' id='word_1_487' title='bbox 853 5473 1191 5539; x_wconf 80' lang='grc' dir='ltr'><strong>τετυχηκώς.</strong></span> 
     </span>
    </p>
   </div>
   <div class='ocr_carea' id='block_1_74' title="bbox 401 5554 1909 5634">
    <p class='ocr_par' dir='ltr' id='par_1_74' title="bbox 401 5554 1909 5634">
     <span class='ocr_line' id='line_1_74' title="bbox 401 5554 1909 5634; baseline 0.011 -24"><span class='ocrx_word' id='word_1_488' title='bbox 401 5554 833 5626; x_wconf 72' lang='grc' dir='ltr'><strong>Ἀναξαγόρεια</strong></span> <span class='ocrx_word' id='word_1_489' title='bbox 872 5560 1176 5629; x_wconf 77' lang='grc' dir='ltr'><strong>χρήματα,</strong></span> <span class='ocrx_word' id='word_1_490' title='bbox 1226 5580 1283 5634; x_wconf 87' lang='lat' dir='ltr'><strong>p.</strong></span> <span class='ocrx_word' id='word_1_491' title='bbox 1320 5565 1440 5621; x_wconf 80' lang='grc'><strong>150.</strong></span> <span class='ocrx_word' id='word_1_492' title='bbox 1475 5568 1662 5622; x_wconf 77' lang='grc' dir='ltr'><strong>Πάντα.</strong></span> <span class='ocrx_word' id='word_1_493' title='bbox 1707 5570 1752 5625; x_wconf 86' lang='grc' dir='ltr'><strong>δ’</strong></span> <span class='ocrx_word' id='word_1_494' title='bbox 1782 5571 1909 5626; x_wconf 75' lang='grc' dir='ltr'>ἀνέ-</span> 
     </span>
    </p>
   </div>
   <div class='ocr_carea' id='block_1_75' title="bbox 329 5651 1911 5738">
    <p class='ocr_par' dir='ltr' id='par_1_75' title="bbox 329 5651 1911 5738">
     <span class='ocr_line' id='line_1_75' title="bbox 329 5651 1911 5738; baseline 0.012 -38"><span class='ocrx_word' id='word_1_495' title='bbox 329 5665 537 5717; x_wconf 82' lang='grc' dir='ltr'>τρεπον</span> <span class='ocrx_word' id='word_1_496' title='bbox 590 5651 688 5704; x_wconf 78' lang='grc' dir='ltr'><strong>καὶ</strong></span> <span class='ocrx_word' id='word_1_497' title='bbox 723 5652 981 5723; x_wconf 75' lang='grc' dir='ltr'>συνέχεον</span> <span class='ocrx_word' id='word_1_498' title='bbox 1043 5655 1133 5709; x_wconf 79' lang='grc' dir='ltr'>διὰ</span> <span class='ocrx_word' id='word_1_499' title='bbox 1189 5659 1289 5729; x_wconf 79' lang='grc' dir='ltr'><strong>τὴν</strong></span> <span class='ocrx_word' id='word_1_500' title='bbox 1322 5662 1695 5734; x_wconf 76' lang='grc' dir='ltr'>νομιζομένην</span> <span class='ocrx_word' id='word_1_501' title='bbox 1748 5665 1911 5738; x_wconf 83' lang='grc' dir='ltr'>ἀκρί-</span> 
     </span>
    </p>
   </div>
   <div class='ocr_carea' id='block_1_76' title="bbox 330 5742 1905 5825">
    <p class='ocr_par' dir='ltr' id='par_1_76' title="bbox 330 5742 1905 5825">
     <span class='ocr_line' id='line_1_76' title="bbox 330 5742 1905 5825; baseline 0.014 -33"><span class='ocrx_word' id='word_1_502' title='bbox 330 5742 510 5807; x_wconf 74' lang='grc' dir='ltr'>ὁειαν,</span> <span class='ocrx_word' id='word_1_503' title='bbox 566 5743 710 5798; x_wconf 81' lang='grc' dir='ltr'><strong>κατὰ</strong></span> <span class='ocrx_word' id='word_1_504' title='bbox 745 5746 813 5799; x_wconf 84' lang='grc' dir='ltr'><strong>τὰ</strong></span> <span class='ocrx_word' id='word_1_505' title='bbox 859 5747 1259 5819; x_wconf 75' lang='grc' dir='ltr'>Ἀναξαγόρεια</span> <span class='ocrx_word' id='word_1_506' title='bbox 1317 5754 1604 5825; x_wconf 72' lang='grc' dir='ltr'><strong>χρήματα.</strong></span> <span class='ocrx_word' id='word_1_507' title='bbox 1651 5756 1747 5815; x_wconf 77' lang='lat' dir='ltr'><strong>Sic</strong></span> <span class='ocrx_word' id='word_1_508' title='bbox 1794 5758 1905 5814; x_wconf 88' lang='lat' dir='ltr'><strong>duo</strong></span> 
     </span>
    </p>
   </div>
   <div class='ocr_carea' id='block_1_77' title="bbox 325 5831 1906 5904">
    <p class='ocr_par' dir='ltr' id='par_1_77' title="bbox 325 5831 1906 5904">
     <span class='ocr_line' id='line_1_77' title="bbox 325 5831 1906 5904; baseline 0.01 -18"><span class='ocrx_word' id='word_1_509' title='bbox 325 5831 492 5886; x_wconf 85' lang='lat' dir='ltr'><strong>codd.</strong></span> <span class='ocrx_word' id='word_1_510' title='bbox 529 5835 725 5903; x_wconf 91' lang='lat' dir='ltr'><strong>optimi</strong></span> <span class='ocrx_word' id='word_1_511' title='bbox 757 5837 1110 5894; x_wconf 89' lang='lat' dir='ltr'><strong>concorditer</strong></span> <span class='ocrx_word' id='word_1_512' title='bbox 1137 5841 1179 5895; x_wconf 88' lang='grc' dir='ltr'><strong>Β</strong></span> <span class='ocrx_word' id='word_1_513' title='bbox 1216 5851 1270 5896; x_wconf 88' lang='lat' dir='ltr'><strong>et</strong></span> <span class='ocrx_word' id='word_1_514' title='bbox 1302 5845 1367 5897; x_wconf 82' lang='grc' dir='ltr'><strong>Δ.</strong></span> <span class='ocrx_word' id='word_1_515' title='bbox 1405 5844 1704 5903; x_wconf 82' lang='lat' dir='ltr'><strong>Vaticanus</strong></span> <span class='ocrx_word' id='word_1_516' title='bbox 1734 5850 1906 5904; x_wconf 86' lang='lat' dir='ltr'><strong>inter-</strong></span> 
     </span>
    </p>
   </div>
   <div class='ocr_carea' id='block_1_78' title="bbox 328 5925 1906 6007">
    <p class='ocr_par' dir='ltr' id='par_1_78' title="bbox 328 5925 1906 6007">
     <span class='ocr_line' id='line_1_78' title="bbox 328 5925 1906 6007; baseline 0.013 -28"><span class='ocrx_word' id='word_1_517' title='bbox 328 5925 569 5997; x_wconf 90' lang='lat' dir='ltr'><strong>polator,</strong></span> <span class='ocrx_word' id='word_1_518' title='bbox 623 5943 724 5998; x_wconf 82' lang='lat' dir='ltr'><strong>pro</strong></span> <span class='ocrx_word' id='word_1_519' title='bbox 773 5943 877 5987; x_wconf 88' lang='lat' dir='ltr'><strong>suo</strong></span> <span class='ocrx_word' id='word_1_520' title='bbox 927 5945 1081 5986; x_wconf 90' lang='lat' dir='ltr'><strong>more</strong></span> <span class='ocrx_word' id='word_1_521' title='bbox 1129 5932 1363 5991; x_wconf 85' lang='lat' dir='ltr'><strong>obscura</strong></span> <span class='ocrx_word' id='word_1_522' title='bbox 1405 5937 1775 6007; x_wconf 85' lang='lat' dir='ltr'><strong>transiliendi,</strong></span> <span class='ocrx_word' id='word_1_523' title='bbox 1826 5943 1906 5998; x_wconf 81' lang='lat' dir='ltr'><strong>sic</strong></span> 
     </span>
    </p>
   </div>
   <div class='ocr_carea' id='block_1_79' title="bbox 1853 3199 1990 3278">
    <p class='ocr_par' dir='ltr' id='par_1_79' title="bbox 1853 3199 1990 3278">
     <span class='ocr_line' id='line_1_79' title="bbox 1853 3199 1990 3278; baseline 0.007 -1"><span class='ocrx_word' id='word_1_524' title='bbox 1853 3199 1990 3278; x_wconf 75' lang='grc' dir='ltr'><strong>μό</strong></span> 
     </span>
    </p>
   </div>
   <div class='ocr_carea' id='block_1_80' title="bbox 2028 1979 3611 2056">
    <p class='ocr_par' dir='ltr' id='par_1_80' title="bbox 2028 1979 3611 2056">
     <span class='ocr_line' id='line_1_80' title="bbox 2028 1979 3611 2056; baseline 0.008 -26"><span class='ocrx_word' id='word_1_525' title='bbox 2028 1979 2342 2049; x_wconf 81' lang='lat' dir='ltr'><strong>priusquam</strong></span> <span class='ocrx_word' id='word_1_526' title='bbox 2375 1982 2704 2036; x_wconf 78' lang='lat' dir='ltr'><strong>iL&#39;iderentur</strong></span> <span class='ocrx_word' id='word_1_527' title='bbox 2744 2002 2894 2039; x_wconf 84' lang='lat' dir='ltr'><strong>muro</strong></span> <span class='ocrx_word' id='word_1_528' title='bbox 2934 1988 3182 2042; x_wconf 77' lang='lat' dir='ltr'><strong>civitatis.</strong></span> <span class='ocrx_word' id='word_1_529' title='bbox 3213 1988 3337 2056; x_wconf 69' lang='lat' dir='ltr'><strong>Agit</strong></span> <span class='ocrx_word' id='word_1_530' title='bbox 3367 1989 3436 2043; x_wconf 89' lang='lat' dir='ltr'><strong>dc</strong></span> <span class='ocrx_word' id='word_1_531' title='bbox 3467 1991 3611 2043; x_wconf 71' lang='lat' dir='ltr'><strong>casis</strong></span> 
     </span>
    </p>
   </div>
   <div class='ocr_carea' id='block_1_81' title="bbox 2027 2068 3605 2148">
    <p class='ocr_par' dir='ltr' id='par_1_81' title="bbox 2027 2068 3605 2148">
     <span class='ocr_line' id='line_1_81' title="bbox 2027 2068 3605 2148; baseline 0.008 -29"><span class='ocrx_word' id='word_1_532' title='bbox 2027 2068 2365 2122; x_wconf 87' lang='lat' dir='ltr'><strong>rusticorum</strong></span> <span class='ocrx_word' id='word_1_533' title='bbox 2412 2071 2671 2127; x_wconf 84' lang='lat' dir='ltr'><strong>eluvioue</strong></span> <span class='ocrx_word' id='word_1_534' title='bbox 2720 2077 2931 2130; x_wconf 83' lang='lat' dir='ltr'><strong>avulsis</strong></span> <span class='ocrx_word' id='word_1_535' title='bbox 2964 2087 3018 2130; x_wconf 85' lang='lat' dir='ltr'><strong>et</strong></span> <span class='ocrx_word' id='word_1_536' title='bbox 3064 2087 3309 2131; x_wconf 82' lang='lat' dir='ltr'><strong>torrente</strong></span> <span class='ocrx_word' id='word_1_537' title='bbox 3340 2079 3605 2148; x_wconf 83' lang='lat' dir='ltr'><strong>abreptis.</strong></span> 
     </span>
    </p>
   </div>
   <div class='ocr_carea' id='block_1_82' title="bbox 2027 2156 3609 2239">
    <p class='ocr_par' dir='ltr' id='par_1_82' title="bbox 2027 2156 3609 2239">
     <span class='ocr_line' id='line_1_82' title="bbox 2027 2156 3609 2239; baseline 0.009 -28"><span class='ocrx_word' id='word_1_538' title='bbox 2027 2156 2185 2223; x_wconf 84' lang='lat' dir='ltr'><strong>Quod</strong></span> <span class='ocrx_word' id='word_1_539' title='bbox 2222 2161 2454 2215; x_wconf 82' lang='lat' dir='ltr'><strong>verbum</strong></span> <span class='ocrx_word' id='word_1_540' title='bbox 2499 2166 2663 2234; x_wconf 80' lang='lat' dir='ltr'><strong>vulgo</strong></span> <span class='ocrx_word' id='word_1_541' title='bbox 2698 2166 2966 2221; x_wconf 85' lang='lat' dir='ltr'><strong>scribitur</strong></span> <span class='ocrx_word' id='word_1_542' title='bbox 3009 2169 3258 2238; x_wconf 75' lang='grc' dir='ltr'>σκήπτω,</span> <span class='ocrx_word' id='word_1_543' title='bbox 3292 2170 3428 2226; x_wconf 89' lang='lat' dir='ltr'><strong>alias</strong></span> <span class='ocrx_word' id='word_1_544' title='bbox 3462 2188 3559 2239; x_wconf 88' lang='lat' dir='ltr'><strong>per</strong></span> <span class='ocrx_word' id='word_1_545' title='bbox 3594 2194 3609 2225; x_wconf 85' lang='grc' dir='ltr'><strong>ι</strong></span> 
     </span>
    </p>
   </div>
   <div class='ocr_carea' id='block_1_83' title="bbox 2027 2252 3605 2332">
    <p class='ocr_par' dir='ltr' id='par_1_83' title="bbox 2027 2252 3605 2332">
     <span class='ocr_line' id='line_1_83' title="bbox 2027 2252 3605 2332; baseline 0.01 -28"><span class='ocrx_word' id='word_1_546' title='bbox 2027 2252 2195 2306; x_wconf 89' lang='lat' dir='ltr'><strong>scribi</strong></span> <span class='ocrx_word' id='word_1_547' title='bbox 2231 2254 2478 2319; x_wconf 91' lang='lat' dir='ltr'><strong>solitum,</strong></span> <span class='ocrx_word' id='word_1_548' title='bbox 2522 2273 2630 2311; x_wconf 93' lang='lat' dir='ltr'><strong>non</strong></span> <span class='ocrx_word' id='word_1_549' title='bbox 2672 2258 2910 2315; x_wconf 86' lang='lat' dir='ltr'><strong>obscura</strong></span> <span class='ocrx_word' id='word_1_550' title='bbox 2956 2264 3183 2331; x_wconf 83' lang='lat' dir='ltr'><strong>vestigia</strong></span> <span class='ocrx_word' id='word_1_551' title='bbox 3213 2273 3516 2332; x_wconf 84' lang='lat' dir='ltr'><strong>snpersunt</strong></span> <span class='ocrx_word' id='word_1_552' title='bbox 3553 2264 3605 2319; x_wconf 88' lang='lat' dir='ltr'><strong>in</strong></span> 
     </span>
    </p>
   </div>
   <div class='ocr_carea' id='block_1_84' title="bbox 2026 2342 3609 2426">
    <p class='ocr_par' dir='ltr' id='par_1_84' title="bbox 2026 2342 3609 2426">
     <span class='ocr_line' id='line_1_84' title="bbox 2026 2342 3609 2426; baseline 0.009 -31"><span class='ocrx_word' id='word_1_553' title='bbox 2026 2342 2256 2398; x_wconf 85' lang='lat' dir='ltr'><strong>vocibus</strong></span> <span class='ocrx_word' id='word_1_554' title='bbox 2308 2345 2435 2401; x_wconf 86' lang='lat' dir='ltr'><strong>inde</strong></span> <span class='ocrx_word' id='word_1_555' title='bbox 2490 2348 2774 2413; x_wconf 80' lang='lat' dir='ltr'><strong>derivatis,</strong></span> <span class='ocrx_word' id='word_1_556' title='bbox 2812 2352 3045 2415; x_wconf 79' lang='grc' dir='ltr'>σκίπων,</span> <span class='ocrx_word' id='word_1_557' title='bbox 3101 2371 3264 2423; x_wconf 83' lang='lat' dir='ltr'><strong>quant</strong></span> <span class='ocrx_word' id='word_1_558' title='bbox 3299 2355 3609 2426; x_wconf 73' lang='lat' dir='ltr'><strong>Hesychius</strong></span> 
     </span>
    </p>
   </div>
   <div class='ocr_carea' id='block_1_85' title="bbox 2025 2436 3607 2516">
    <p class='ocr_par' dir='ltr' id='par_1_85' title="bbox 2025 2436 3607 2516">
     <span class='ocr_line' id='line_1_85' title="bbox 2025 2436 3607 2516; baseline 0.009 -28"><span class='ocrx_word' id='word_1_559' title='bbox 2025 2436 2253 2504; x_wconf 79' lang='lat' dir='ltr'><strong>exponit</strong></span> <span class='ocrx_word' id='word_1_560' title='bbox 2280 2438 2579 2509; x_wconf 72' lang='grc' dir='ltr'>βακτηρία,</span> <span class='ocrx_word' id='word_1_561' title='bbox 2616 2441 2837 2508; x_wconf 76' lang='grc' dir='ltr'>ῥάϐδος,</span> <span class='ocrx_word' id='word_1_562' title='bbox 2890 2453 2946 2497; x_wconf 88' lang='lat' dir='ltr'><strong>et</strong></span> <span class='ocrx_word' id='word_1_563' title='bbox 2979 2445 3236 2511; x_wconf 80' lang='grc' dir='ltr'>σκιπὶων,</span> <span class='ocrx_word' id='word_1_564' title='bbox 3290 2463 3458 2516; x_wconf 89' lang='lat' dir='ltr'><strong>quam</strong></span> <span class='ocrx_word' id='word_1_565' title='bbox 3493 2450 3607 2514; x_wconf 90' lang='lat' dir='ltr'><strong>jam</strong></span> 
     </span>
    </p>
   </div>
   <div class='ocr_carea' id='block_1_86' title="bbox 2024 2524 3602 2604">
    <p class='ocr_par' dir='ltr' id='par_1_86' title="bbox 2024 2524 3602 2604">
     <span class='ocr_line' id='line_1_86' title="bbox 2024 2524 3602 2604; baseline 0.01 -25"><span class='ocrx_word' id='word_1_566' title='bbox 2024 2527 2183 2598; x_wconf 77' lang='lat'><strong>661</strong></span> <span class='ocrx_word' id='word_1_567' title='bbox 2225 2528 2354 2582; x_wconf 89' lang='lat' dir='ltr'><strong>olim</strong></span> <span class='ocrx_word' id='word_1_568' title='bbox 2381 2528 2561 2585; x_wconf 89' lang='lat' dir='ltr'><strong>Latini</strong></span> <span class='ocrx_word' id='word_1_569' title='bbox 2597 2534 2977 2602; x_wconf 82' lang='lat' dir='ltr'><strong>arripuerunt,</strong></span> <span class='ocrx_word' id='word_1_570' title='bbox 3007 2536 3310 2604; x_wconf 88' lang='lat' dir='ltr'><strong>scipionem</strong></span> <span class='ocrx_word' id='word_1_571' title='bbox 3341 2524 3602 2595; x_wconf 73' lang='lat' dir='ltr'><strong>baculum</strong></span> 
     </span>
    </p>
   </div>
   <div class='ocr_carea' id='block_1_87' title="bbox 2000 2621 3606 2700">
    <p class='ocr_par' dir='ltr' id='par_1_87' title="bbox 2000 2621 3606 2700">
     <span class='ocr_line' id='line_1_87' title="bbox 2000 2621 3606 2700; baseline 0.006 -25"><span class='ocrx_word' id='word_1_572' title='bbox 2000 2622 2300 2675; x_wconf 70' lang='lat' dir='ltr'><strong>&#39;dicentes.</strong></span> <span class='ocrx_word' id='word_1_573' title='bbox 2337 2621 2479 2686; x_wconf 87' lang='lat' dir='ltr'><strong>Quin</strong></span> <span class='ocrx_word' id='word_1_574' title='bbox 2515 2632 2570 2677; x_wconf 89' lang='lat' dir='ltr'><strong>et</strong></span> <span class='ocrx_word' id='word_1_575' title='bbox 2622 2623 2823 2695; x_wconf 87' lang='lat' dir='ltr'><strong>ipsum,</strong></span> <span class='ocrx_word' id='word_1_576' title='bbox 2859 2623 2953 2681; x_wconf 88' lang='lat' dir='ltr'><strong>sed</strong></span> <span class='ocrx_word' id='word_1_577' title='bbox 2987 2628 3271 2683; x_wconf 81' lang='grc' dir='ltr'>ἐπενοέσει</span> <span class='ocrx_word' id='word_1_578' title='bbox 3312 2630 3405 2682; x_wconf 72' lang='grc' dir='ltr'><strong>τοῦ</strong></span> <span class='ocrx_word' id='word_1_579' title='bbox 3438 2652 3475 2700; x_wconf 86' lang='grc' dir='ltr'><strong>μ</strong></span> <span class='ocrx_word' id='word_1_580' title='bbox 3503 2652 3606 2689; x_wconf 84' lang='lat' dir='ltr'><strong>au-</strong></span> 
     </span>
    </p>
   </div>
   <div class='ocr_carea' id='block_1_88' title="bbox 2025 2716 3605 2795">
    <p class='ocr_par' dir='ltr' id='par_1_88' title="bbox 2025 2716 3605 2795">
     <span class='ocr_line' id='line_1_88' title="bbox 2025 2716 3605 2795; baseline 0.009 -26"><span class='ocrx_word' id='word_1_581' title='bbox 2025 2724 2175 2769; x_wconf 90' lang='lat' dir='ltr'><strong>ctum</strong></span> <span class='ocrx_word' id='word_1_582' title='bbox 2208 2717 2483 2782; x_wconf 85' lang='lat' dir='ltr'><strong>reperitur</strong></span> <span class='ocrx_word' id='word_1_583' title='bbox 2529 2716 2760 2770; x_wconf 78' lang='lat' dir='ltr'><strong>verbum</strong></span> <span class='ocrx_word' id='word_1_584' title='bbox 2792 2718 3053 2787; x_wconf 77' lang='grc' dir='ltr'>σκῖμπτω</span> <span class='ocrx_word' id='word_1_585' title='bbox 3100 2719 3378 2792; x_wconf 84' lang='lat' dir='ltr'><strong>Hesychio</strong></span> <span class='ocrx_word' id='word_1_586' title='bbox 3403 2727 3605 2795; x_wconf 67' lang='lat' dir='ltr'><strong>sazpius</strong></span> 
     </span>
    </p>
   </div>
   <div class='ocr_carea' id='block_1_89' title="bbox 2026 2812 3599 2889">
    <p class='ocr_par' dir='ltr' id='par_1_89' title="bbox 2026 2812 3599 2889">
     <span class='ocr_line' id='line_1_89' title="bbox 2026 2812 3599 2889; baseline 0.004 -29"><span class='ocrx_word' id='word_1_587' title='bbox 2026 2819 2390 2863; x_wconf 88' lang='lat' dir='ltr'><strong>memoratum</strong></span> <span class='ocrx_word' id='word_1_588' title='bbox 2432 2828 2445 2864; x_wconf 93' lang='lat'>:</span> <span class='ocrx_word' id='word_1_589' title='bbox 2484 2825 2610 2863; x_wconf 87' lang='lat' dir='ltr'><strong>nam</strong></span> <span class='ocrx_word' id='word_1_590' title='bbox 2672 2812 2817 2877; x_wconf 87' lang='lat' dir='ltr'><strong>apud</strong></span> <span class='ocrx_word' id='word_1_591' title='bbox 2854 2812 3004 2867; x_wconf 88' lang='lat' dir='ltr'><strong>hunc</strong></span> <span class='ocrx_word' id='word_1_592' title='bbox 3046 2814 3250 2884; x_wconf 78' lang='lat' dir='ltr'><strong>legitur</strong></span> <span class='ocrx_word' id='word_1_593' title='bbox 3306 2818 3599 2889; x_wconf 75' lang='grc' dir='ltr'>σκίμπιει,</span> 
     </span>
    </p>
   </div>
   <div class='ocr_carea' id='block_1_90' title="bbox 2026 2892 3597 2975">
    <p class='ocr_par' dir='ltr' id='par_1_90' title="bbox 2026 2892 3597 2975">
     <span class='ocr_line' id='line_1_90' title="bbox 2026 2892 3597 2975; baseline 0.009 -23"><span class='ocrx_word' id='word_1_594' title='bbox 2026 2892 2777 2972; x_wconf 74' lang='grc' dir='ltr'>σκιμπτεται,’χαλεπαίνει,</span> <span class='ocrx_word' id='word_1_595' title='bbox 2829 2905 3123 2974; x_wconf 76' lang='grc' dir='ltr'>ἐρείδεται,</span> <span class='ocrx_word' id='word_1_596' title='bbox 3184 2909 3497 2975; x_wconf 69' lang='grc' dir='ltr'>ἐπιπίπτει,</span> <span class='ocrx_word' id='word_1_597' title='bbox 3539 2922 3597 2967; x_wconf 85' lang='lat' dir='ltr'><strong>ct.</strong></span> 
     </span>
    </p>
   </div>
   <div class='ocr_carea' id='block_1_91' title="bbox 2025 2988 3603 3068">
    <p class='ocr_par' dir='ltr' id='par_1_91' title="bbox 2025 2988 3603 3068">
     <span class='ocr_line' id='line_1_91' title="bbox 2025 2988 3603 3068; baseline 0.009 -26"><span class='ocrx_word' id='word_1_598' title='bbox 2025 2988 2265 3059; x_wconf 77' lang='grc' dir='ltr'>σκίμψαι</span> <span class='ocrx_word' id='word_1_599' title='bbox 2297 2991 2640 3061; x_wconf 70' lang='grc' dir='ltr'>ἐμπαγῆναι,</span> <span class='ocrx_word' id='word_1_600' title='bbox 2662 2994 3097 3064; x_wconf 77' lang='grc' dir='ltr'>ἐμπελασθῆναι,</span> <span class='ocrx_word' id='word_1_601' title='bbox 3130 2997 3372 3068; x_wconf 89' lang='lat' dir='ltr'><strong>denique</strong></span> <span class='ocrx_word' id='word_1_602' title='bbox 3405 3010 3465 3055; x_wconf 90' lang='lat' dir='ltr'><strong>ut</strong></span> <span class='ocrx_word' id='word_1_603' title='bbox 3494 3002 3603 3056; x_wconf 72' lang='lat' dir='ltr'><strong>alia</strong></span> 
     </span>
    </p>
   </div>
   <div class='ocr_carea' id='block_1_92' title="bbox 2023 3082 3603 3157">
    <p class='ocr_par' dir='ltr' id='par_1_92' title="bbox 2023 3082 3603 3157">
     <span class='ocr_line' id='line_1_92' title="bbox 2023 3082 3603 3157; baseline 0.008 -21"><span class='ocrx_word' id='word_1_604' title='bbox 2023 3082 2298 3146; x_wconf 87' lang='lat' dir='ltr'><strong>omittam,</strong></span> <span class='ocrx_word' id='word_1_605' title='bbox 2337 3084 2606 3155; x_wconf 72' lang='grc' dir='ltr'>σκιμφθῇ,</span> <span class='ocrx_word' id='word_1_606' title='bbox 2632 3085 2864 3154; x_wconf 69' lang='grc' dir='ltr'>ἐγγίσει,</span> <span class='ocrx_word' id='word_1_607' title='bbox 2900 3088 3296 3157; x_wconf 77' lang='grc' dir='ltr'>προσπελάσει.</span> <span class='ocrx_word' id='word_1_608' title='bbox 3327 3091 3473 3146; x_wconf 85' lang='lat' dir='ltr'><strong>Bene</strong></span> <span class='ocrx_word' id='word_1_609' title='bbox 3507 3093 3603 3147; x_wconf 77' lang='lat' dir='ltr'><strong>ha-</strong></span> 
     </span>
    </p>
   </div>
   <div class='ocr_carea' id='block_1_93' title="bbox 2023 3171 3601 3256">
    <p class='ocr_par' dir='ltr' id='par_1_93' title="bbox 2023 3171 3601 3256">
     <span class='ocr_line' id='line_1_93' title="bbox 2023 3171 3601 3256; baseline 0.008 -29"><span class='ocrx_word' id='word_1_610' title='bbox 2023 3171 2142 3239; x_wconf 79' lang='lat' dir='ltr'><strong>bet,</strong></span> <span class='ocrx_word' id='word_1_611' title='bbox 2208 3175 2355 3230; x_wconf 88' lang='lat' dir='ltr'><strong>dicet</strong></span> <span class='ocrx_word' id='word_1_612' title='bbox 2412 3176 2653 3247; x_wconf 84' lang='lat' dir='ltr'><strong>aliquis:</strong></span> <span class='ocrx_word' id='word_1_613' title='bbox 2686 3179 2784 3233; x_wconf 80' lang='lat' dir='ltr'><strong>sed</strong></span> <span class='ocrx_word' id='word_1_614' title='bbox 2826 3179 2888 3232; x_wconf 75' lang='grc' dir='ltr'><strong>τὸ</strong></span> <span class='ocrx_word' id='word_1_615' title='bbox 2940 3181 3052 3234; x_wconf 82' lang='grc' dir='ltr'><strong>ἀπὸ</strong></span> <span class='ocrx_word' id='word_1_616' title='bbox 3092 3184 3172 3251; x_wconf 75' lang='grc' dir='ltr'><strong>τῷ</strong></span> <span class='ocrx_word' id='word_1_617' title='bbox 3221 3186 3601 3256; x_wconf 77' lang='grc' dir='ltr'>σκίμπτεσοαι</span> 
     </span>
    </p>
   </div>
   <div class='ocr_carea' id='block_1_94' title="bbox 2024 3269 3601 3339">
    <p class='ocr_par' dir='ltr' id='par_1_94' title="bbox 2024 3269 3601 3339">
     <span class='ocr_line' id='line_1_94' title="bbox 2024 3269 3601 3339; baseline 0.011 -21"><span class='ocrx_word' id='word_1_618' title='bbox 2024 3269 2379 3335; x_wconf 67' lang='lat' dir='ltr'><strong>praepositum</strong></span> <span class='ocrx_word' id='word_1_619' title='bbox 2424 3269 2881 3339; x_wconf 71' lang='lat' dir='ltr'><strong>significationem</strong></span> <span class='ocrx_word' id='word_1_620' title='bbox 2928 3273 2984 3328; x_wconf 93' lang='lat' dir='ltr'><strong>in</strong></span> <span class='ocrx_word' id='word_1_621' title='bbox 3018 3277 3362 3331; x_wconf 87' lang='lat' dir='ltr'><strong>contrarium</strong></span> <span class='ocrx_word' id='word_1_622' title='bbox 3414 3283 3601 3335; x_wconf 83' lang='lat' dir='ltr'><strong>vertit.</strong></span> 
     </span>
    </p>
   </div>
   <div class='ocr_carea' id='block_1_95' title="bbox 2021 3355 3605 3443">
    <p class='ocr_par' dir='ltr' id='par_1_95' title="bbox 2021 3355 3605 3443">
     <span class='ocr_line' id='line_1_95' title="bbox 2021 3355 3605 3443; baseline 0.01 -33"><span class='ocrx_word' id='word_1_623' title='bbox 2021 3355 2164 3411; x_wconf 74' lang='lat' dir='ltr'><strong>Huic.</strong></span> <span class='ocrx_word' id='word_1_624' title='bbox 2189 3374 2291 3428; x_wconf 80' lang='lat' dir='ltr'><strong>ego</strong></span> <span class='ocrx_word' id='word_1_625' title='bbox 2319 3360 2399 3414; x_wconf 87' lang='lat' dir='ltr'><strong>sic</strong></span> <span class='ocrx_word' id='word_1_626' title='bbox 2430 3375 2661 3416; x_wconf 80' lang='lat' dir='ltr'><strong>occurro</strong></span> <span class='ocrx_word' id='word_1_627' title='bbox 2689 3374 2749 3418; x_wconf 93' lang='lat' dir='ltr'><strong>ut</strong></span> <span class='ocrx_word' id='word_1_628' title='bbox 2787 3364 2933 3419; x_wconf 89' lang='lat' dir='ltr'><strong>ultro</strong></span> <span class='ocrx_word' id='word_1_629' title='bbox 2980 3367 3248 3422; x_wconf 82' lang='lat' dir='ltr'><strong>confitear</strong></span> <span class='ocrx_word' id='word_1_630' title='bbox 3276 3370 3605 3443; x_wconf 74' lang='lat' dir='ltr'><strong>plerumque</strong></span> 
     </span>
    </p>
   </div>
   <div class='ocr_carea' id='block_1_96' title="bbox 2023 3449 3604 3530">
    <p class='ocr_par' dir='ltr' id='par_1_96' title="bbox 2023 3449 3604 3530">
     <span class='ocr_line' id='line_1_96' title="bbox 2023 3449 3604 3530; baseline 0.011 -30"><span class='ocrx_word' id='word_1_631' title='bbox 2023 3449 2348 3517; x_wconf 78' lang='grc' dir='ltr'>στερητικὸν</span> <span class='ocrx_word' id='word_1_632' title='bbox 2383 3466 2505 3506; x_wconf 88' lang='lat' dir='ltr'><strong>esse</strong></span> <span class='ocrx_word' id='word_1_633' title='bbox 2551 3453 2610 3505; x_wconf 84' lang='grc' dir='ltr'>τὸ</span> <span class='ocrx_word' id='word_1_634' title='bbox 2642 3454 2748 3506; x_wconf 79' lang='grc' dir='ltr'><strong>ἀπό</strong></span> <span class='ocrx_word' id='word_1_635' title='bbox 2784 3454 2837 3508; x_wconf 92' lang='lat' dir='ltr'><strong>in</strong></span> <span class='ocrx_word' id='word_1_636' title='bbox 2868 3459 3271 3525; x_wconf 85' lang='lat' dir='ltr'><strong>compositione</strong></span> <span class='ocrx_word' id='word_1_637' title='bbox 3307 3463 3604 3530; x_wconf 77' lang='lat' dir='ltr'><strong>verborum</strong></span> 
     </span>
    </p>
   </div>
   <div class='ocr_carea' id='block_1_97' title="bbox 2021 3544 3600 3624">
    <p class='ocr_par' dir='ltr' id='par_1_97' title="bbox 2021 3544 3600 3624">
     <span class='ocr_line' id='line_1_97' title="bbox 2021 3544 3600 3624; baseline 0.009 -29"><span class='ocrx_word' id='word_1_638' title='bbox 2021 3551 2117 3596; x_wconf 89' lang='lat' dir='ltr'><strong>aut</strong></span> <span class='ocrx_word' id='word_1_639' title='bbox 2167 3544 2478 3599; x_wconf 85' lang='lat' dir='ltr'><strong>nominum.</strong></span> <span class='ocrx_word' id='word_1_640' title='bbox 2511 3545 2601 3600; x_wconf 91' lang='lat' dir='ltr'><strong>Sic</strong></span> <span class='ocrx_word' id='word_1_641' title='bbox 2651 3548 2919 3604; x_wconf 81' lang='grc' dir='ltr'>ἀπανθεῖν</span> <span class='ocrx_word' id='word_1_642' title='bbox 2945 3559 3030 3605; x_wconf 88' lang='lat' dir='ltr'><strong>est</strong></span> <span class='ocrx_word' id='word_1_643' title='bbox 3061 3552 3422 3624; x_wconf 82' lang='lat' dir='ltr'><strong>deﬂorescere,</strong></span> <span class='ocrx_word' id='word_1_644' title='bbox 3462 3557 3600 3609; x_wconf 75' lang='grc' dir='ltr'><strong>ἀπά-</strong></span> 
     </span>
    </p>
   </div>
   <div class='ocr_carea' id='block_1_98' title="bbox 2025 3629 3604 3710">
    <p class='ocr_par' dir='ltr' id='par_1_98' title="bbox 2025 3629 3604 3710">
     <span class='ocr_line' id='line_1_98' title="bbox 2025 3629 3604 3710; baseline 0.013 -28"><span class='ocrx_word' id='word_1_645' title='bbox 2025 3629 2137 3694; x_wconf 79' lang='grc' dir='ltr'>ξιος</span> <span class='ocrx_word' id='word_1_646' title='bbox 2180 3633 2451 3703; x_wconf 81' lang='lat' dir='ltr'><strong>indignus.</strong></span> <span class='ocrx_word' id='word_1_647' title='bbox 2490 3652 2555 3692; x_wconf 88' lang='lat' dir='ltr'><strong>ac</strong></span> <span class='ocrx_word' id='word_1_648' title='bbox 2580 3638 2781 3694; x_wconf 86' lang='lat' dir='ltr'><strong>similia</strong></span> <span class='ocrx_word' id='word_1_649' title='bbox 2810 3643 3014 3710; x_wconf 81' lang='lat' dir='ltr'><strong>passim</strong></span> <span class='ocrx_word' id='word_1_650' title='bbox 3046 3644 3205 3700; x_wconf 88' lang='lat' dir='ltr'><strong>obvia</strong></span> <span class='ocrx_word' id='word_1_651' title='bbox 3231 3656 3510 3702; x_wconf 79' lang='lat' dir='ltr'><strong>sexcenta.</strong></span> <span class='ocrx_word' id='word_1_652' title='bbox 3542 3649 3604 3703; x_wconf 86' lang='lat' dir='ltr'><strong>ln</strong></span> 
     </span>
    </p>
   </div>
   <div class='ocr_carea' id='block_1_99' title="bbox 2022 3724 3599 3812">
    <p class='ocr_par' dir='ltr' id='par_1_99' title="bbox 2022 3724 3599 3812">
     <span class='ocr_line' id='line_1_99' title="bbox 2022 3724 3599 3812; baseline 0.013 -36"><span class='ocrx_word' id='word_1_653' title='bbox 2022 3724 2226 3793; x_wconf 88' lang='lat' dir='ltr'><strong>quibus</strong></span> <span class='ocrx_word' id='word_1_654' title='bbox 2287 3728 2448 3797; x_wconf 90' lang='lat' dir='ltr'><strong>juvat</strong></span> <span class='ocrx_word' id='word_1_655' title='bbox 2507 3731 2688 3786; x_wconf 82' lang='lat' dir='ltr'><strong>obiter</strong></span> <span class='ocrx_word' id='word_1_656' title='bbox 2740 3751 3050 3791; x_wconf 79' lang='lat' dir='ltr'><strong>memorare</strong></span> <span class='ocrx_word' id='word_1_657' title='bbox 3112 3753 3305 3795; x_wconf 87' lang='lat' dir='ltr'><strong>vocem</strong></span> <span class='ocrx_word' id='word_1_658' title='bbox 3370 3743 3599 3812; x_wconf 79' lang='grc' dir='ltr'>ἁπαρτι·</span> 
     </span>
    </p>
   </div>
   <div class='ocr_carea' id='block_1_100' title="bbox 2021 3820 3594 3903">
    <p class='ocr_par' dir='ltr' id='par_1_100' title="bbox 2021 3820 3594 3903">
     <span class='ocr_line' id='line_1_100' title="bbox 2021 3820 3594 3903; baseline 0.013 -35"><span class='ocrx_word' id='word_1_659' title='bbox 2021 3820 2179 3883; x_wconf 59' lang='lat' dir='ltr'><strong>rixo;</strong></span> <span class='ocrx_word' id='word_1_660' title='bbox 2206 3820 2616 3891; x_wconf 78' lang='lat' dir='ltr'><strong>elegantissime</strong></span> <span class='ocrx_word' id='word_1_661' title='bbox 2666 3829 3025 3896; x_wconf 85' lang='lat' dir='ltr'><strong>compositam</strong></span> <span class='ocrx_word' id='word_1_662' title='bbox 3073 3829 3142 3884; x_wconf 84' lang='lat' dir='ltr'><strong>ab</strong></span> <span class='ocrx_word' id='word_1_663' title='bbox 3203 3846 3430 3887; x_wconf 86' lang='lat' dir='ltr'><strong>aucore</strong></span> <span class='ocrx_word' id='word_1_664' title='bbox 3484 3838 3594 3903; x_wconf 89' lang='lat' dir='ltr'><strong>pul-</strong></span> 
     </span>
    </p>
   </div>
   <div class='ocr_carea' id='block_1_101' title="bbox 2023 3907 3605 3983">
    <p class='ocr_par' dir='ltr' id='par_1_101' title="bbox 2023 3907 3605 3983">
     <span class='ocr_line' id='line_1_101' title="bbox 2023 3907 3605 3983; baseline 0.013 -22"><span class='ocrx_word' id='word_1_665' title='bbox 2023 3907 2283 3964; x_wconf 87' lang='lat' dir='ltr'><strong>cherrimi</strong></span> <span class='ocrx_word' id='word_1_666' title='bbox 2347 3914 2758 3983; x_wconf 78' lang='lat' dir='ltr'><strong>epigrammatis</strong></span> <span class='ocrx_word' id='word_1_667' title='bbox 2807 3919 2875 3972; x_wconf 89' lang='lat' dir='ltr'><strong>ab</strong></span> <span class='ocrx_word' id='word_1_668' title='bbox 2927 3920 3312 3978; x_wconf 84' lang='lat' dir='ltr'><strong>eruditissimo</strong></span> <span class='ocrx_word' id='word_1_669' title='bbox 3370 3924 3605 3981; x_wconf 88' lang='lat' dir='ltr'><strong>Octavio</strong></span> 
     </span>
    </p>
   </div>
   <div class='ocr_carea' id='block_1_102' title="bbox 2023 3999 3601 4085">
    <p class='ocr_par' dir='ltr' id='par_1_102' title="bbox 2023 3999 3601 4085">
     <span class='ocr_line' id='line_1_102' title="bbox 2023 3999 3601 4085; baseline 0.013 -31"><span class='ocrx_word' id='word_1_670' title='bbox 2023 3999 2343 4083; x_wconf 81' lang='lat' dir='ltr'><strong>Falconerio</strong></span> <span class='ocrx_word' id='word_1_671' title='bbox 2367 4005 2631 4075; x_wconf 84' lang='lat' dir='ltr'><strong>descripti</strong></span> <span class='ocrx_word' id='word_1_672' title='bbox 2660 4024 2690 4062; x_wconf 90' lang='lat' dir='ltr'><strong>e</strong></span> <span class='ocrx_word' id='word_1_673' title='bbox 2715 4009 2832 4063; x_wconf 86' lang='lat' dir='ltr'><strong>basi</strong></span> <span class='ocrx_word' id='word_1_674' title='bbox 2864 4026 3171 4068; x_wconf 88' lang='lat' dir='ltr'><strong>marmorea</strong></span> <span class='ocrx_word' id='word_1_675' title='bbox 3202 4030 3380 4085; x_wconf 87' lang='lat' dir='ltr'><strong>nuper</strong></span> <span class='ocrx_word' id='word_1_676' title='bbox 3406 4017 3601 4074; x_wconf 69' lang='lat' dir='ltr'><strong>emissa</strong></span> 
     </span>
    </p>
   </div>
   <div class='ocr_carea' id='block_1_103' title="bbox 2022 4082 3606 4169">
    <p class='ocr_par' dir='ltr' id='par_1_103' title="bbox 2022 4082 3606 4169">
     <span class='ocr_line' id='line_1_103' title="bbox 2022 4082 3606 4169; baseline 0.011 -21"><span class='ocrx_word' id='word_1_677' title='bbox 2022 4102 2079 4148; x_wconf 88' lang='lat' dir='ltr'><strong>et</strong></span> <span class='ocrx_word' id='word_1_678' title='bbox 2117 4110 2242 4149; x_wconf 90' lang='lat' dir='ltr'><strong>cum</strong></span> <span class='ocrx_word' id='word_1_679' title='bbox 2272 4082 2420 4151; x_wconf 80' lang='lat' dir='ltr'><strong>netis</strong></span> <span class='ocrx_word' id='word_1_680' title='bbox 2450 4099 2694 4169; x_wconf 79' lang='lat' dir='ltr'><strong>ejusdem</strong></span> <span class='ocrx_word' id='word_1_681' title='bbox 2722 4101 3062 4158; x_wconf 86' lang='lat' dir='ltr'><strong>doctissimis</strong></span> <span class='ocrx_word' id='word_1_682' title='bbox 3087 4105 3243 4161; x_wconf 85' lang='lat' dir='ltr'><strong>editi.</strong></span> <span class='ocrx_word' id='word_1_683' title='bbox 3286 4108 3606 4165; x_wconf 81' lang='lat' dir='ltr'><strong>Sustinebat</strong></span> 
     </span>
    </p>
   </div>
   <div class='ocr_carea' id='block_1_104' title="bbox 2022 4185 3607 4268">
    <p class='ocr_par' dir='ltr' id='par_1_104' title="bbox 2022 4185 3607 4268">
     <span class='ocr_line' id='line_1_104' title="bbox 2022 4185 3607 4268; baseline 0.014 -32"><span class='ocrx_word' id='word_1_684' title='bbox 2022 4185 2153 4238; x_wconf 85' lang='lat' dir='ltr'><strong>olim</strong></span> <span class='ocrx_word' id='word_1_685' title='bbox 2209 4201 2282 4240; x_wconf 78' lang='lat' dir='ltr'><strong>ea</strong></span> <span class='ocrx_word' id='word_1_686' title='bbox 2319 4187 2466 4242; x_wconf 87' lang='lat' dir='ltr'><strong>basis</strong></span> <span class='ocrx_word' id='word_1_687' title='bbox 2523 4192 2740 4260; x_wconf 81' lang='lat' dir='ltr'><strong>signum</strong></span> <span class='ocrx_word' id='word_1_688' title='bbox 2797 4191 3146 4265; x_wconf 63' lang='lat' dir='ltr'><strong>Esculapii,</strong></span> <span class='ocrx_word' id='word_1_689' title='bbox 3199 4210 3607 4268; x_wconf 78' lang='lat' dir='ltr'><strong>repraesentans</strong></span> 
     </span>
    </p>
   </div>
   <div class='ocr_carea' id='block_1_105' title="bbox 2022 4275 3603 4361">
    <p class='ocr_par' dir='ltr' id='par_1_105' title="bbox 2022 4275 3603 4361">
     <span class='ocr_line' id='line_1_105' title="bbox 2022 4275 3603 4361; baseline 0.016 -33"><span class='ocrx_word' id='word_1_690' title='bbox 2022 4275 2175 4330; x_wconf 87' lang='lat' dir='ltr'><strong>illum</strong></span> <span class='ocrx_word' id='word_1_691' title='bbox 2228 4288 2288 4332; x_wconf 93' lang='lat' dir='ltr'><strong>ut</strong></span> <span class='ocrx_word' id='word_1_692' title='bbox 2330 4278 2607 4335; x_wconf 84' lang='lat' dir='ltr'><strong>infantem.</strong></span> <span class='ocrx_word' id='word_1_693' title='bbox 2640 4298 2838 4340; x_wconf 81' lang='lat' dir='ltr'><strong>recens</strong></span> <span class='ocrx_word' id='word_1_694' title='bbox 2884 4288 3097 4345; x_wconf 87' lang='lat' dir='ltr'><strong>natum.</strong></span> <span class='ocrx_word' id='word_1_695' title='bbox 3151 4288 3331 4349; x_wconf 80' lang='lat' dir='ltr'><strong>Unde.</strong></span> <span class='ocrx_word' id='word_1_696' title='bbox 3359 4292 3603 4361; x_wconf 85' lang='lat' dir='ltr'><strong>primum</strong></span> 
     </span>
    </p>
   </div>
   <div class='ocr_carea' id='block_1_106' title="bbox 2022 4366 2649 4429">
    <p class='ocr_par' dir='ltr' id='par_1_106' title="bbox 2022 4366 2649 4429">
     <span class='ocr_line' id='line_1_106' title="bbox 2022 4366 2649 4429; baseline 0.013 -9"><span class='ocrx_word' id='word_1_697' title='bbox 2022 4366 2299 4424; x_wconf 91' lang='lat' dir='ltr'><strong>distichon</strong></span> <span class='ocrx_word' id='word_1_698' title='bbox 2329 4370 2412 4425; x_wconf 88' lang='lat' dir='ltr'><strong>sic</strong></span> <span class='ocrx_word' id='word_1_699' title='bbox 2434 4371 2605 4429; x_wconf 80' lang='lat' dir='ltr'><strong>habet</strong></span> <span class='ocrx_word' id='word_1_700' title='bbox 2632 4392 2649 4428; x_wconf 84' lang='lat'><strong><em>:</em></strong></span> 
     </span>
    </p>
   </div>
   <div class='ocr_carea' id='block_1_107' title="bbox 2130 4481 3453 4554">
    <p class='ocr_par' dir='ltr' id='par_1_107' title="bbox 2130 4481 3453 4554">
     <span class='ocr_line' id='line_1_107' title="bbox 2130 4481 3453 4554; baseline 0.013 -18"><span class='ocrx_word' id='word_1_701' title='bbox 2130 4481 2247 4538; x_wconf 75' lang='grc' dir='ltr'><strong>Τὰν</strong></span> <span class='ocrx_word' id='word_1_702' title='bbox 2280 4487 2496 4554; x_wconf 76' lang='grc' dir='ltr'><strong>παιδὸς</strong></span> <span class='ocrx_word' id='word_1_703' title='bbox 2524 4491 2871 4546; x_wconf 75' lang='grc' dir='ltr'><strong>καλλίσταν</strong></span> <span class='ocrx_word' id='word_1_704' title='bbox 2900 4495 3041 4549; x_wconf 71' lang='grc' dir='ltr'><strong>εἰκὼ</strong></span> <span class='ocrx_word' id='word_1_705' title='bbox 3074 4496 3257 4552; x_wconf 76' lang='grc' dir='ltr'><em>τάνδε</em></span> <span class='ocrx_word' id='word_1_706' title='bbox 3294 4499 3453 4554; x_wconf 78' lang='grc' dir='ltr'>θεοῖο</span> 
     </span>
    </p>
   </div>
   <div class='ocr_carea' id='block_1_108' title="bbox 2264 4556 3514 4637">
    <p class='ocr_par' dir='ltr' id='par_1_108' title="bbox 2264 4556 3514 4637">
     <span class='ocr_line' id='line_1_108' title="bbox 2264 4556 3514 4637; baseline 0.014 -28"><span class='ocrx_word' id='word_1_707' title='bbox 2264 4556 2531 4624; x_wconf 77' lang='grc' dir='ltr'><strong>Παιᾶνος</strong></span> <span class='ocrx_word' id='word_1_708' title='bbox 2568 4563 2792 4628; x_wconf 83' lang='grc' dir='ltr'>κούρου</span> <span class='ocrx_word' id='word_1_709' title='bbox 2828 4566 3051 4633; x_wconf 79' lang='grc' dir='ltr'><strong>ματρὸς</strong></span> <span class='ocrx_word' id='word_1_710' title='bbox 3080 4568 3514 4637; x_wconf 75' lang='grc' dir='ltr'><strong>ἀπαρτιτόκου.</strong></span> 
     </span>
    </p>
   </div>
   <div class='ocr_carea' id='block_1_109' title="bbox 2032 4641 3596 4729">
    <p class='ocr_par' dir='ltr' id='par_1_109' title="bbox 2032 4641 3596 4729">
     <span class='ocr_line' id='line_1_109' title="bbox 2032 4641 3596 4729; baseline 0.015 -35"><span class='ocrx_word' id='word_1_711' title='bbox 2032 4641 2362 4712; x_wconf 81' lang='grc' dir='ltr'>Ἀρτιτόκον,</span> <span class='ocrx_word' id='word_1_712' title='bbox 2396 4648 2500 4703; x_wconf 91' lang='lat' dir='ltr'><strong>hoc</strong></span> <span class='ocrx_word' id='word_1_713' title='bbox 2521 4660 2607 4705; x_wconf 86' lang='lat' dir='ltr'><strong>est</strong></span> <span class='ocrx_word' id='word_1_714' title='bbox 2630 4656 3066 4724; x_wconf 52' lang='lat' dir='ltr'><strong>recens‘enixam,</strong></span> <span class='ocrx_word' id='word_1_715' title='bbox 3099 4656 3403 4729; x_wconf 64' lang='lat' dir='ltr'><strong>Esculapii</strong></span> <span class='ocrx_word' id='word_1_716' title='bbox 3434 4663 3596 4717; x_wconf 82' lang='lat' dir='ltr'><strong>modo</strong></span> 
     </span>
    </p>
   </div>
   <div class='ocr_carea' id='block_1_110' title="bbox 2017 4733 3600 4821">
    <p class='ocr_par' dir='ltr' id='par_1_110' title="bbox 2017 4733 3600 4821">
     <span class='ocr_line' id='line_1_110' title="bbox 2017 4733 3600 4821; baseline 0.013 -35"><span class='ocrx_word' id='word_1_717' title='bbox 2017 4733 2134 4787; x_wconf 86' lang='lat' dir='ltr'><strong>nati</strong></span> <span class='ocrx_word' id='word_1_718' title='bbox 2163 4739 2488 4804; x_wconf 79' lang='lat' dir='ltr'><strong>genitricem</strong></span> <span class='ocrx_word' id='word_1_719' title='bbox 2512 4757 2640 4797; x_wconf 86' lang='lat' dir='ltr'><strong>vere</strong></span> <span class='ocrx_word' id='word_1_720' title='bbox 2667 4745 2944 4813; x_wconf 88' lang='lat' dir='ltr'><strong>appellare</strong></span> <span class='ocrx_word' id='word_1_721' title='bbox 2973 4746 3304 4804; x_wconf 73' lang='lat' dir='ltr'><strong>Nicomrdes</strong></span> <span class='ocrx_word' id='word_1_722' title='bbox 3322 4752 3600 4821; x_wconf 78' lang='lat' dir='ltr'><strong>epigram-</strong></span> 
     </span>
    </p>
   </div>
   <div class='ocr_carea' id='block_1_111' title="bbox 2019 4833 3598 4907">
    <p class='ocr_par' dir='ltr' id='par_1_111' title="bbox 2019 4833 3598 4907">
     <span class='ocr_line' id='line_1_111' title="bbox 2019 4833 3598 4907; baseline 0.008 -21"><span class='ocrx_word' id='word_1_723' title='bbox 2019 4834 2186 4888; x_wconf 88' lang='lat' dir='ltr'><strong>matis</strong></span> <span class='ocrx_word' id='word_1_724' title='bbox 2219 4833 2458 4904; x_wconf 82' lang='lat' dir='ltr'><strong>scriptor</strong></span> <span class='ocrx_word' id='word_1_725' title='bbox 2492 4849 2603 4888; x_wconf 92' lang='lat' dir='ltr'><strong>non</strong></span> <span class='ocrx_word' id='word_1_726' title='bbox 2642 4837 2861 4904; x_wconf 85' lang='lat' dir='ltr'><strong>putuit,</strong></span> <span class='ocrx_word' id='word_1_727' title='bbox 2893 4841 3156 4907; x_wconf 87' lang='lat' dir='ltr'><strong>quoniam</strong></span> <span class='ocrx_word' id='word_1_728' title='bbox 3210 4858 3330 4896; x_wconf 90' lang='lat' dir='ltr'><strong>eam</strong></span> <span class='ocrx_word' id='word_1_729' title='bbox 3386 4843 3598 4900; x_wconf 83' lang='lat' dir='ltr'><strong>sciebat</strong></span> 
     </span>
    </p>
   </div>
   <div class='ocr_carea' id='block_1_112' title="bbox 2014 4925 3593 5004">
    <p class='ocr_par' dir='ltr' id='par_1_112' title="bbox 2014 4925 3593 5004">
     <span class='ocr_line' id='line_1_112' title="bbox 2014 4925 3593 5004; baseline 0.008 -27"><span class='ocrx_word' id='word_1_730' title='bbox 2014 4939 2300 4994; x_wconf 88' lang='lat' dir='ltr'><strong>nunquam</strong></span> <span class='ocrx_word' id='word_1_731' title='bbox 2325 4925 2629 4996; x_wconf 87' lang='lat' dir='ltr'><strong>peperisse,</strong></span> <span class='ocrx_word' id='word_1_732' title='bbox 2659 4927 2850 4997; x_wconf 90' lang='lat' dir='ltr'><strong>utique</strong></span> <span class='ocrx_word' id='word_1_733' title='bbox 2876 4944 2986 4983; x_wconf 86' lang='lat' dir='ltr'><strong>non</strong></span> <span class='ocrx_word' id='word_1_734' title='bbox 3020 4933 3283 5000; x_wconf 76' lang='lat' dir='ltr'><strong>ignorans</strong></span> <span class='ocrx_word' id='word_1_735' title='bbox 3326 4935 3593 5004; x_wconf 29' lang='lat' dir='ltr'><strong>vulgaris.</strong></span> 
     </span>
    </p>
   </div>
   <div class='ocr_carea' id='block_1_113' title="bbox 2015 4996 3593 5096">
    <p class='ocr_par' dir='ltr' id='par_1_113' title="bbox 2015 4996 3593 5096">
     <span class='ocr_line' id='line_1_113' title="bbox 2015 4996 3593 5096; baseline 0.008 -28"><span class='ocrx_word' id='word_1_736' title='bbox 2015 4996 2213 5069; x_wconf 86' lang='lat' dir='ltr'><strong>simam</strong></span> <span class='ocrx_word' id='word_1_737' title='bbox 2264 5024 2318 5070; x_wconf 91' lang='lat' dir='ltr'><strong>et</strong></span> <span class='ocrx_word' id='word_1_738' title='bbox 2347 5012 2795 5073; x_wconf 84' lang='lat' dir='ltr'><strong>constantissime</strong></span> <span class='ocrx_word' id='word_1_739' title='bbox 2842 5020 3433 5090; x_wconf 86' lang='lat' dir='ltr'><strong>creditam_l‘abulam,</strong></span> <span class='ocrx_word' id='word_1_740' title='bbox 3487 5042 3593 5096; x_wconf 74' lang='lat' dir='ltr'><strong>qua</strong></span> 
     </span>
    </p>
   </div>
   <div class='ocr_carea' id='block_1_114' title="bbox 2015 5109 3591 5189">
    <p class='ocr_par' dir='ltr' id='par_1_114' title="bbox 2015 5109 3591 5189">
     <span class='ocr_line' id='line_1_114' title="bbox 2015 5109 3591 5189; baseline 0.008 -28"><span class='ocrx_word' id='word_1_741' title='bbox 2015 5122 2360 5177; x_wconf 73' lang='lat' dir='ltr'><strong>quaecunque</strong></span> <span class='ocrx_word' id='word_1_742' title='bbox 2411 5109 2633 5164; x_wconf 84' lang='lat' dir='ltr'><strong>tandem</strong></span> <span class='ocrx_word' id='word_1_743' title='bbox 2689 5111 2858 5166; x_wconf 82' lang='lat' dir='ltr'><strong>fuerit</strong></span> <span class='ocrx_word' id='word_1_744' title='bbox 2887 5122 3066 5167; x_wconf 90' lang='lat' dir='ltr'><strong>mater</strong></span> <span class='ocrx_word' id='word_1_745' title='bbox 3108 5112 3416 5187; x_wconf 65' lang='lat' dir='ltr'><strong>Aﬁsculapii</strong></span> <span class='ocrx_word' id='word_1_746' title='bbox 3445 5121 3591 5189; x_wconf 85' lang='lat' dir='ltr'><strong>(nam</strong></span> 
     </span>
    </p>
   </div>
   <div class='ocr_carea' id='block_1_115' title="bbox 2014 5201 3594 5284">
    <p class='ocr_par' dir='ltr' id='par_1_115' title="bbox 2014 5201 3594 5284">
     <span class='ocr_line' id='line_1_115' title="bbox 2014 5201 3594 5284; baseline 0.008 -29"><span class='ocrx_word' id='word_1_747' title='bbox 2014 5201 2111 5255; x_wconf 85' lang='lat' dir='ltr'><strong>alii</strong></span> <span class='ocrx_word' id='word_1_748' title='bbox 2136 5201 2432 5266; x_wconf 86' lang='lat' dir='ltr'><strong>Coronide,</strong></span> <span class='ocrx_word' id='word_1_749' title='bbox 2459 5204 2695 5260; x_wconf 81' lang='lat' dir='ltr'><strong>Arsinoe</strong></span> <span class='ocrx_word' id='word_1_750' title='bbox 2719 5206 2813 5261; x_wconf 89' lang='lat' dir='ltr'><strong>alii</strong></span> <span class='ocrx_word' id='word_1_751' title='bbox 2842 5218 3036 5262; x_wconf 89' lang='lat' dir='ltr'><strong>natum</strong></span> <span class='ocrx_word' id='word_1_752' title='bbox 3066 5217 3405 5283; x_wconf 85' lang='lat' dir='ltr'><strong>autumant),</strong></span> <span class='ocrx_word' id='word_1_753' title='bbox 3435 5216 3594 5284; x_wconf 71' lang='lat' dir='ltr'><strong>prius</strong></span> 
     </span>
    </p>
   </div>
   <div class='ocr_carea' id='block_1_116' title="bbox 2012 5303 3593 5367">
    <p class='ocr_par' dir='ltr' id='par_1_116' title="bbox 2012 5303 3593 5367">
     <span class='ocr_line' id='line_1_116' title="bbox 2012 5303 3593 5367; baseline 0.01 -20"><span class='ocrx_word' id='word_1_754' title='bbox 2012 5304 2231 5348; x_wconf 88' lang='lat' dir='ltr'><strong>mortua</strong></span> <span class='ocrx_word' id='word_1_755' title='bbox 2287 5310 2453 5365; x_wconf 89' lang='lat' dir='ltr'><strong>quam</strong></span> <span class='ocrx_word' id='word_1_756' title='bbox 2513 5309 2733 5365; x_wconf 83' lang='lat' dir='ltr'><strong>pareret</strong></span> <span class='ocrx_word' id='word_1_757' title='bbox 2800 5303 3088 5367; x_wconf 89' lang='lat' dir='ltr'><strong>asseritur,</strong></span> <span class='ocrx_word' id='word_1_758' title='bbox 3143 5320 3212 5359; x_wconf 82' lang='lat' dir='ltr'><strong>ex</strong></span> <span class='ocrx_word' id='word_1_759' title='bbox 3254 5305 3405 5360; x_wconf 88' lang='lat' dir='ltr'><strong>illius</strong></span> <span class='ocrx_word' id='word_1_760' title='bbox 3458 5325 3593 5364; x_wconf 86' lang='lat' dir='ltr'><strong>vero</strong></span> 
     </span>
    </p>
   </div>
   <div class='ocr_carea' id='block_1_117' title="bbox 2013 5386 3589 5467">
    <p class='ocr_par' dir='ltr' id='par_1_117' title="bbox 2013 5386 3589 5467">
     <span class='ocr_line' id='line_1_117' title="bbox 2013 5386 3589 5467; baseline 0.009 -27"><span class='ocrx_word' id='word_1_761' title='bbox 2013 5386 2200 5440; x_wconf 89' lang='lat' dir='ltr'><strong>statim</strong></span> <span class='ocrx_word' id='word_1_762' title='bbox 2245 5396 2467 5441; x_wconf 81' lang='lat' dir='ltr'><strong>exsecto</strong></span> <span class='ocrx_word' id='word_1_763' title='bbox 2501 5400 2659 5444; x_wconf 90' lang='lat' dir='ltr'><strong>utero</strong></span> <span class='ocrx_word' id='word_1_764' title='bbox 2702 5392 2890 5447; x_wconf 89' lang='lat' dir='ltr'><strong>vivum</strong></span> <span class='ocrx_word' id='word_1_765' title='bbox 2948 5410 3178 5464; x_wconf 86' lang='lat' dir='ltr'><strong>puerum</strong></span> <span class='ocrx_word' id='word_1_766' title='bbox 3212 5396 3589 5467; x_wconf 64' lang='lat' dir='ltr'><strong>Esculapium</strong></span> 
     </span>
    </p>
   </div>
   <div class='ocr_carea' id='block_1_118' title="bbox 2011 5479 3590 5560">
    <p class='ocr_par' dir='ltr' id='par_1_118' title="bbox 2011 5479 3590 5560">
     <span class='ocr_line' id='line_1_118' title="bbox 2011 5479 3590 5560; baseline 0.008 -28"><span class='ocrx_word' id='word_1_767' title='bbox 2011 5486 2340 5532; x_wconf 80' lang='lat' dir='ltr'><strong>extractum.</strong></span> <span class='ocrx_word' id='word_1_768' title='bbox 2375 5479 2555 5545; x_wconf 89' lang='lat' dir='ltr'><strong>Quare</strong></span> <span class='ocrx_word' id='word_1_769' title='bbox 2585 5482 2634 5536; x_wconf 87' lang='lat' dir='ltr'><strong>is</strong></span> <span class='ocrx_word' id='word_1_770' title='bbox 2670 5485 2869 5539; x_wconf 79' lang='lat' dir='ltr'><strong>merito</strong></span> <span class='ocrx_word' id='word_1_771' title='bbox 2898 5496 3128 5541; x_wconf 87' lang='lat' dir='ltr'><strong>vocatur</strong></span> <span class='ocrx_word' id='word_1_772' title='bbox 3152 5490 3348 5560; x_wconf 75' lang='grc' dir='ltr'>κοῦρος</span> <span class='ocrx_word' id='word_1_773' title='bbox 3379 5495 3590 5560; x_wconf 75' lang='grc' dir='ltr'>ματρὸς</span> 
     </span>
    </p>
   </div>
   <div class='ocr_carea' id='block_1_119' title="bbox 2010 5571 3587 5653">
    <p class='ocr_par' dir='ltr' id='par_1_119' title="bbox 2010 5571 3587 5653">
     <span class='ocr_line' id='line_1_119' title="bbox 2010 5571 3587 5653; baseline 0.01 -30"><span class='ocrx_word' id='word_1_774' title='bbox 2010 5571 2382 5642; x_wconf 75' lang='grc' dir='ltr'>ἀπαρτιτόκου</span> <span class='ocrx_word' id='word_1_775' title='bbox 2440 5571 2586 5641; x_wconf 83' lang='lat' dir='ltr'><strong>ﬁlius</strong></span> <span class='ocrx_word' id='word_1_776' title='bbox 2639 5579 2825 5630; x_wconf 85' lang='lat' dir='ltr'><strong>matris</strong></span> <span class='ocrx_word' id='word_1_777' title='bbox 2871 5595 2975 5632; x_wconf 86' lang='lat' dir='ltr'><strong>non</strong></span> <span class='ocrx_word' id='word_1_778' title='bbox 3026 5596 3333 5649; x_wconf 75' lang='lat' dir='ltr'><strong>puerperw,</strong></span> <span class='ocrx_word' id='word_1_779' title='bbox 3379 5584 3587 5653; x_wconf 82' lang='lat' dir='ltr'><strong>quippe</strong></span> 
     </span>
    </p>
   </div>
   <div class='ocr_carea' id='block_1_120' title="bbox 2010 5665 3587 5741">
    <p class='ocr_par' dir='ltr' id='par_1_120' title="bbox 2010 5665 3587 5741">
     <span class='ocr_line' id='line_1_120' title="bbox 2010 5665 3587 5741; baseline 0.008 -23"><span class='ocrx_word' id='word_1_780' title='bbox 2010 5680 2134 5735; x_wconf 68' lang='lat' dir='ltr'><strong>qua:</strong></span> <span class='ocrx_word' id='word_1_781' title='bbox 2184 5665 2341 5721; x_wconf 90' lang='lat' dir='ltr'><strong>illum</strong></span> <span class='ocrx_word' id='word_1_782' title='bbox 2384 5666 2656 5722; x_wconf 84' lang='lat' dir='ltr'><strong>duntaxat</strong></span> <span class='ocrx_word' id='word_1_783' title='bbox 2703 5667 2785 5740; x_wconf 90' lang='grc' dir='ltr'><strong>[Ρ.</strong></span> <span class='ocrx_word' id='word_1_784' title='bbox 2823 5668 2947 5741; x_wconf 72' lang='grc'><strong>465]</strong></span> <span class='ocrx_word' id='word_1_785' title='bbox 3001 5672 3124 5725; x_wconf 87' lang='lat' dir='ltr'><strong>alvo</strong></span> <span class='ocrx_word' id='word_1_786' title='bbox 3179 5674 3498 5741; x_wconf 81' lang='lat' dir='ltr'><strong>conceperit</strong></span> <span class='ocrx_word' id='word_1_787' title='bbox 3529 5687 3587 5731; x_wconf 88' lang='lat' dir='ltr'><strong>et</strong></span> 
     </span>
    </p>
   </div>
   <div class='ocr_carea' id='block_1_121' title="bbox 2013 5756 3589 5830">
    <p class='ocr_par' dir='ltr' id='par_1_121' title="bbox 2013 5756 3589 5830">
     <span class='ocr_line' id='line_1_121' title="bbox 2013 5756 3589 5830; baseline 0.006 -20"><span class='ocrx_word' id='word_1_788' title='bbox 2013 5756 2356 5823; x_wconf 78' lang='lat' dir='ltr'><strong>formaverit,</strong></span> <span class='ocrx_word' id='word_1_789' title='bbox 2383 5759 2546 5813; x_wconf 79' lang='lat' dir='ltr'><strong>enixa</strong></span> <span class='ocrx_word' id='word_1_790' title='bbox 2585 5759 2639 5813; x_wconf 92' lang='lat' dir='ltr'><strong>in</strong></span> <span class='ocrx_word' id='word_1_791' title='bbox 2666 5760 2845 5814; x_wconf 87' lang='lat' dir='ltr'><strong>lucem</strong></span> <span class='ocrx_word' id='word_1_792' title='bbox 2888 5778 3168 5830; x_wconf 86' lang='lat' dir='ltr'><strong>nunquam</strong></span> <span class='ocrx_word' id='word_1_793' title='bbox 3192 5762 3387 5827; x_wconf 87' lang='lat' dir='ltr'><strong>fuerit,</strong></span> <span class='ocrx_word' id='word_1_794' title='bbox 3412 5775 3589 5819; x_wconf 85' lang='lat' dir='ltr'><strong>morte</strong></span> 
     </span>
    </p>
   </div>
   <div class='ocr_carea' id='block_1_122' title="bbox 2014 5854 3586 5924">
    <p class='ocr_par' dir='ltr' id='par_1_122' title="bbox 2014 5854 3586 5924">
     <span class='ocr_line' id='line_1_122' title="bbox 2014 5854 3586 5924; baseline 0.006 -21"><span class='ocrx_word' id='word_1_795' title='bbox 2014 5859 2233 5920; x_wconf 87' lang='lat' dir='ltr'><strong>partum</strong></span> <span class='ocrx_word' id='word_1_796' title='bbox 2288 5860 2732 5922; x_wconf 71' lang='lat' dir='ltr'><strong>prmoccupante.</strong></span> <span class='ocrx_word' id='word_1_797' title='bbox 2770 5854 2917 5908; x_wconf 83' lang='lat' dir='ltr'><strong>Inest</strong></span> <span class='ocrx_word' id='word_1_798' title='bbox 2974 5870 3108 5924; x_wconf 74' lang='lat' dir='ltr'><strong>ergo</strong></span> <span class='ocrx_word' id='word_1_799' title='bbox 3141 5856 3263 5908; x_wconf 83' lang='lat' dir='ltr'><strong>sine</strong></span> <span class='ocrx_word' id='word_1_800' title='bbox 3311 5855 3480 5910; x_wconf 88' lang='lat' dir='ltr'><strong>dubio</strong></span> <span class='ocrx_word' id='word_1_801' title='bbox 3532 5857 3586 5912; x_wconf 87' lang='lat' dir='ltr'><strong>in</strong></span> 
     </span>
    </p>
   </div>
   <div class='ocr_carea' id='block_1_123' title="bbox 2015 5942 3590 6019">
    <p class='ocr_par' dir='ltr' id='par_1_123' title="bbox 2015 5942 3590 6019">
     <span class='ocr_line' id='line_1_123' title="bbox 2015 5942 3590 6019; baseline 0.003 -23"><span class='ocrx_word' id='word_1_802' title='bbox 2015 5942 2420 6011; x_wconf 70' lang='lat' dir='ltr'><strong>compositione</strong></span> <span class='ocrx_word' id='word_1_803' title='bbox 2442 5943 2524 6000; x_wconf 83' lang='lat' dir='ltr'><strong>vis</strong></span> <span class='ocrx_word' id='word_1_804' title='bbox 2553 5944 2789 6014; x_wconf 76' lang='lat' dir='ltr'><strong>negandi</strong></span> <span class='ocrx_word' id='word_1_805' title='bbox 2810 5945 2885 6015; x_wconf 79' lang='grc' dir='ltr'><strong>τῷ</strong></span> <span class='ocrx_word' id='word_1_806' title='bbox 2917 5946 3025 5999; x_wconf 75' lang='grc' dir='ltr'><strong>ἀπό</strong></span> <span class='ocrx_word' id='word_1_807' title='bbox 3051 5963 3065 6005; x_wconf 85' lang='grc'>;</span> <span class='ocrx_word' id='word_1_808' title='bbox 3095 5947 3193 6002; x_wconf 86' lang='lat' dir='ltr'><strong>sed</strong></span> <span class='ocrx_word' id='word_1_809' title='bbox 3228 5963 3341 6003; x_wconf 84' lang='lat' dir='ltr'><strong>non</strong></span> <span class='ocrx_word' id='word_1_810' title='bbox 3365 5964 3590 6019; x_wconf 68' lang='lat' dir='ltr'><strong>semper.</strong></span> 
     </span>
    </p>
   </div>
  </div>
