4046 6406
494 405 604 473 723

1416 404 1485 478 P.
1527 413 1831 479 POSSINI
1873 417 2064 480 OBSE

2175 420 2528 485 ATIONUM
2562 423 2713 486 LlB.
2752 422 2806 486 Ι.
3087 377 3094 400 i
3623 423 3716 488 724

490 515 628 576 Nam
652 518 719 576 ad
737 534 792 575 v.
821 518 929 575 775
949 518 1144 578 Iliadis
1175 520 1226 593 β,
1262 521 1357 579 ubi
1382 523 1586 595 legitur
1609 527 1676 583 de
1697 528 1910 585 Achille
1936 529 2068 584 κεῖτ’

2173 531 2615 598 denominatum,
2643 549 2770 589 cum
2801 543 2958 591 antea
2984 535 3264 604 γουστεῖον
3294 544 3603 602 vocaretur,
3623 539 3717 597 hoc

488 612 864 684 ἀπομηνίσας,
897 613 976 668 sic
1005 623 1235 670 annotat
1263 615 1593 675 Eustathius
1627 638 1641 674 :
1686 619 1777 673 Ἐν
1817 621 1916 692 μὲν
1957 622 2075 684 τοῖς

490 706 623 776 ἑξῆς
651 707 996 777 ἀπσμηνῖσαι
1023 707 1116 762 τὸν
1146 708 1398 779 Ἀχιλλέα
1419 712 1447 765 ό
1481 713 1714 784 ποιητὴς
1752 715 1890 786 ἐρεῖ,
1912 731 2074 767 τουτ-

491 803 644 856 έστιν
699 801 1004 857 ἀποθέσθαι
1050 803 1149 873 τὴν
1200 804 1400 874 μῆνινο
1439 805 1677 860 ἐνταῦθα
1711 805 1770 860 δὲ
1800 805 1971 860 είπὼν
1993 808 2075 861 ὅτι

493 899 554 952 ὲν
597 898 820 969 νήεσσιν
877 897 1060 951 ἔκειτο
1113 897 1465 968 ἀπομηνίσας
1536 896 1942 969 Ἀγαμέμνονι,
1974 897 2073 970 τὴν

491 990 767 1061 ἐπιμονὴν
821 990 980 1060 δηλοῖ
1025 990 1127 1060 τῆς
1171 990 1414 1060 μήνιδος.
1459 992 1657 1046 Κεῖται
1701 991 1814 1066 γὰρ
1873 993 1906 1062 ἡ
1961 991 2075 1047 ἀπό

491 1081 764 1154 πρόθεσις
812 1082 984 1154 ἀργὴ,
1017 1079 1094 1146 ὡς
1133 1081 1230 1134 καὶ
1276 1081 1367 1134 ὅτε
1411 1097 1497 1146 τις
1547 1081 1698 1150 λέγει
1747 1085 2076 1154 ἀπομνημοο

491 1175 674 1229 νεύειν
707 1175 953 1246 χάριτος,
987 1175 1047 1240 te
1090 1167 1152 1228 οὗ
1184 1175 1361 1228 καὶτὸ
1390 1175 1890 1246 ἀπομνημόνευμα.
1917 1174 2077 1229 Οὕτω

491 1267 550 1323 δὲ
583 1268 679 1328 καὶ
699 1269 760 1322 τὸ
809 1271 1057 1340 ἀπαντᾷν
1108 1269 1406 1340 ἀδιάφορον
1468 1269 1605 1341 πρὸς
1662 1270 1724 1324 τὸ
1769 1270 1960 1341 ἀντᾷν.
2009 1268 2076 1324 In

487 1365 922 1433 consequentibus
963 1363 1096 1416 dicet
1117 1362 1545 1434 poetaAchillem
1572 1364 1948 1434 ἀπομηνῖσαι,
1981 1365 2077 1418 hoc

487 1462 565 1507 est
593 1456 890 1525 deposuisse
905 1457 1065 1510 iram.
1091 1454 1192 1510 Hic
1219 1471 1339 1511 vero
1355 1456 1531 1512 dicens
1554 1457 1695 1526 quod
1716 1457 1760 1511 is
1781 1456 1837 1511 in
1855 1455 2074 1512 navibus

480 1545 718 1616 jacuerit
772 1546 1118 1618 ἀπομηνίσας
1153 1546 1566 1618 Agamemnoni,
1621 1550 2076 1620 perseverantiam

483 1640 581 1695 ira:
593 1642 707 1712 sign
715 1642 879 1710 iﬁcat.
891 1643 1197 1714 Prwpositio
1209 1645 1348 1699 enim
1361 1645 1467 1698 ἀπό
1482 1646 1564 1700 hic
1579 1647 1748 1700 otiosa
1751 1647 1900 1717 jacet
1910 1690 1922 1706 ,
1939 1647 2075 1700 sicut

485 1742 535 1786 et
559 1735 770 1803 quando
809 1736 924 1804 quis
955 1736 1082 1789 dicit
1124 1737 1606 1807 ἀπομνημονεύειν
1638 1738 1863 1810 χάριτος
1896 1753 2074 1792 recor-

486 1826 607 1878 dari
642 1842 697 1880 se
724 1827 942 1896 gratim;
971 1827 1110 1881 unde
1141 1836 1216 1882 est
1253 1837 1301 1882 et
1335 1845 1528 1883 nomen
1564 1828 2070 1900 ἀπομνημόνευμα.

2177 633 2261 680 est
2313 625 2641 695 ὀψοπώλιον.
2686 626 2762 684 De
2804 626 2928 683 foro
2959 626 3158 683 eodem
3189 627 3305 683 haec
3328 628 3489 691 habet
3531 629 3715 688 Proca.

2175 715 2323 786 pius,
2379 715 2418 770 1.
2464 732 2504 782 ι,
2543 717 2618 770 De
2647 715 2902 785 (adiﬁciis,
2935 732 2986 772 c.
3023 718 3058 771 2
3090 736 3105 774 :
3151 719 3357 790 Ἀγορά
3391 737 3474 784 τις
3515 720 3615 774 ἀπὸ
3637 721 3723 777 τοῦ

2180 807 2567 879 βουλευτηρίου
2639 809 2943 878 ἐτύγχανεν
2990 808 3148 877 οὖσα,
3198 809 3424 866 καλοῦσι
3454 811 3507 865 δὲ
3533 813 3723 882 Αὐγου-

2178 900 2366 952 σταῖον
2411 899 2514 970 τὴν
2553 899 2763 969 ἀγορὰν
2789 899 2837 952 οί
2874 899 3189 964 Βυζάντιοι.
3221 899 3336 955 Hoc
3369 909 3451 956 est
3489 917 3552 957 ex
3577 904 3728 959 inter-

2177 992 2488 1061 pretatione
2521 992 2754 1047 Maltreti
2788 1009 2802 1048 :
2832 991 2941 1047 Pro
2997 995 3148 1048 curia
3189 992 3363 1063 forum
3405 1002 3510 1060 est,
3553 999 3728 1050 dictum

2177 1081 2452 1153 Byzantiis
2496 1082 2864 1155 Augustinum.
2919 1081 3113 1139 Fuisse
3162 1084 3269 1140 hoc
3323 1084 3538 1150 forum,
3595 1087 3726 1156 quod

2177 1173 2531 1246 Pachymeris
2565 1177 2811 1232 narratio
2846 1175 3036 1246 exigit,
3061 1191 3233 1246 prope
3271 1177 3529 1246 templum
3559 1177 3612 1232 S.
3644 1178 3731 1234 So-

2177 1265 2342 1337 phim,
2371 1265 2645 1322 suadetur-
2670 1281 2738 1321 ex
2768 1267 2835 1322 iis
2867 1283 2991 1337 qua:
3015 1267 3212 1322 scribit
3243 1268 3441 1323 Petrus
3461 1268 3646 1324 Gillius
3671 1268 3731 1324 de

2177 1359 2420 1432 Topogr.
2447 1359 2796 1416 Constantia.
2838 1361 2878 1416 l.
2909 1378 2972 1427 ιι,
3004 1377 3055 1418 c.
3090 1362 3179 1428 l7,
3225 1361 3316 1419 his
3345 1363 3530 1417 verbis
3565 1381 3578 1416 :
3617 1363 3733 1417 Pro-

2176 1454 2357 1515 cOpius
2408 1453 2580 1520 forum
2616 1453 2757 1522 quod
2787 1449 3376 1523 Constantinopolitani
3411 1451 3728 1522 Augustccum

2178 1543 2480 1607 nominant,
2512 1543 2754 1597 declarat
2799 1551 2926 1598 ante
2975 1543 3151 1614 regias
3197 1543 3360 1596 situm
3409 1542 3561 1611 fuisse
3600 1541 3730 1596 colu-

2178 1635 2316 1688 mnis
2357 1636 2765 1690 circumdatum.
2803 1635 2956 1690 Nunc
2993 1651 3184 1689 nomen
3225 1651 3330 1688 non
3371 1634 3524 1688 modo
3555 1633 3732 1697 amisit,

2176 1727 2268 1780 sed
2299 1743 2362 1780 ne
2392 1728 2570 1798 forum
2599 1728 2810 1798 quidem
2858 1737 3056 1789 exstat,
3096 1736 3264 1781 totum
3312 1728 3422 1796 fere
3455 1723 3734 1791 extudi/ica-

2179 1829 2312 1874 tum.
2384 1818 2560 1890 Regia:
2617 1819 2818 1874 dudum
2890 1819 3077 1874 deleta:
3137 1827 3283 1873 sunt.
3342 1817 3525 1872 Fuisse
3575 1826 3733 1870 tamen

484 1916 742 1988 Ejusdem
798 1919 984 1988 [omne
1038 1936 1102 1973 ac
1148 1921 1380 1974 nationis
1426 1921 1642 1977 verbum
1673 1922 1945 1994 ἀπαντᾷν,
1989 1920 2068 1977 oc-

2175 1886 2518 1982 Augustwu'm
2568 1911 2658 1964 ubi
2703 1927 2846 1964 nunc
2887 1911 3125 1964 cernitur
3168 1926 3312 1980 aqua
3337 1907 3500 1980 663
3529 1907 3732 1969 saliens,

483 2030 718 2076 currere,
747 2015 886 2069 idem
913 2015 1096 2071 valens
1129 2034 1192 2071 ac
1224 2017 1450 2087 simplex
1486 2019 1674 2091 ἀντᾷν,
1708 2028 1816 2076 etc.
1863 2020 2074 2077 Doctri-

484 2123 612 2163 nam
639 2107 804 2179 hujus
835 2109 1086 2179 magistri
1116 2108 1183 2163 ad
1216 2125 1332 2164 rem
1386 2126 1489 2182 ego
1545 2126 1722 2167 meam
1778 2115 2073 2171 conferens

484 2200 576 2256 aio
609 2200 665 2254 in
697 2201 806 2255 hoc
857 2210 1052 2256 nostro
1103 2201 1277 2256 verbo
1328 2203 1811 2274 ἀποσκίμπτεσθαι
1863 2209 1922 2260 τὸ
1965 2207 2072 2260 ἀπό

484 2308 707 2360 vacare,
753 2303 810 2349 et
858 2293 1005 2349 idem
1051 2295 1238 2350 valere
1296 2295 1664 2365 compositum
1701 2312 1766 2354 ac
1815 2297 2068 2368 simplex,

470 2371 785 2456 ’σκίμπτειν
817 2387 1499 2458 καὶάποσκίμπτειν,ιιίεἰ
1548 2388 1594 2443 si
1636 2404 1802 2458 quam
1846 2391 2072 2462 majoris

482 2479 651 2551 662
699 2479 941 2551 impetus
987 2482 1295 2552 emphasim
1345 2481 1678 2552 compositio
1719 2483 1966 2555 adjiciat,
2013 2492 2072 2539 ut

483 2588 607 2629 cum
628 2573 997 2641 σκίμπτεσθαι
1016 2574 1088 2628 sit
1109 2573 1289 2629 solum
1308 2573 1647 2639 ἐπιπίπτειν,
1666 2575 1918 2638 incidere,
1936 2577 2072 2630 ἀπο-

483 2659 858 2730 σκίμπτεσοαι
894 2661 966 2716 sit
998 2662 1359 2718 vehementer
1413 2662 1682 2732 incidere,
1721 2664 1828 2720 hoc
1869 2674 1977 2731 est,
2012 2674 2072 2720 ut

441 2789 448 2802 ι
481 2751 776 2815 vertimus,
811 2750 970 2805 illidi.

567 2872 1151 2943 'Apuatogpvldxtor,
1190 2890 1246 2946 p.
1285 2875 1410 2932 155.
1448 2876 1541 2929 Ἐν
1569 2875 1649 2948 τῷ
1685 2877 1856 2931 πάλαι
1883 2877 2072 2949 ἁρμα-

483 2969 820 3038 τοφυλακίῳ.
847 2969 1121 3024 Nimirum
1155 2969 1208 3024 in
1235 2970 1408 3025 veteri
1432 2971 1889 3028 armamentario.
1912 2972 2070 3030 Unde

481 3061 886 3118 conﬁrmantur
940 3077 1062 3132 quat
1115 3062 1172 3117 in
1219 3061 1500 3124 Glossario
1535 3064 1709 3134 priori
1737 3064 1806 3120 de
1836 3064 2067 3120 notione

479 3155 636 3210 vocis
669 3155 824 3227 ἅρμα
872 3158 1015 3226 apud
1066 3153 1286 3212 Graecos
1337 3157 1678 3226 posteriores
1717 3158 2066 3224 notavimus;

481 3247 691 3318 quibus
761 3247 905 3302 addo
965 3248 1345 3304 testimonium
1417 3259 1667 3304 veterum
1745 3249 2065 3305 Glossarum

479 3338 652 3404 Juris,
685 3340 777 3396 ubi
804 3341 1008 3412 legitur
1032 3357 1048 3396 :
1071 3343 1264 3412 ’Ἄρμα
1287 3341 1655 3413 παρ”Ἐλλησι
1675 3342 1774 3412 μὲν
1791 3343 1852 3396 τὸ
1873 3342 2070 3411 ζεῦγος

483 3415 646 3504 βοιῖἶν,
679 3433 834 3506 παρὰ
865 3434 922 3488 δὲ
965 3433 1264 3506 Ῥωμαίοις
1311 3435 1413 3507 τὴν
1469 3435 1752 3507 καροῦχαν
1809 3437 2070 3507 σημαίνει

480 3529 581 3583 καὶ
606 3529 794 3583 ὅπλον.

558 3653 1036 3723 Αὐτουστεῶνος
1090 3655 1338 3721 ablata,
1395 3670 1449 3725 p.
1504 3653 1629 3710 196.
1675 3655 1798 3725 Agit
1830 3655 1899 3710 de
1936 3669 2070 3708 con-

483 3761 652 3801 cursu
687 3745 1062 3801 multitudinis
1091 3747 1329 3816 ingentis
1349 3763 1472 3818 qua:
1502 3748 1690 3803 forum
1710 3757 1806 3802 aut
1832 3748 2067 3816 plateam

486 3839 767 3910 propylan
819 3839 1002 3908 templi
1034 3839 1090 3894 S.
1123 3839 1343 3910 Sepbia:
1383 3840 1698 3910 contiguam
1745 3839 2071 3909 impleverat

487 3932 676 3986 studio
707 3931 949 3987 visenda
983 3933 1328 3988 czeremonim
1358 3933 1800 4000 inaugurationis
1831 3932 2064 3987 Michae-

482 4021 556 4078 lis
599 4037 628 4076 a
682 4032 834 4091 patre
880 4022 1200 4076 Andronico
1238 4022 1291 4075 in
1335 4023 1550 4093 imperii
1603 4024 1869 4092 collegam
1914 4037 2069 4076 assu-

483 4113 692 4178 mendi,
731 4123 787 4169 et
814 4115 1139 4169 solemniter
1169 4113 1496 4168 coronandi.
1532 4114 1576 4168 A
1607 4123 1941 4184 congregata
1973 4113 2066 4168 tali

482 4206 778 4261 occasione
805 4206 965 4260 turba
999 4203 1301 4261 confertam
1325 4206 1541 4275 stipatis
1571 4205 1898 4274 corporibus
1923 4213 1979 4260 et
2007 4219 2068 4260 se

481 4308 601 4353 arte
648 4297 1146 4367 comprimentibus
1181 4297 1351 4352 fuisse
1388 4299 1466 4352 ait
1508 4298 1933 4365 Αύγουστεῶνος
1970 4297 2068 4350 αὑ-

479 4389 662 4452 λαίαν,
722 4389 867 4458 quod
935 4397 1232 4458 utrumque
1283 4389 1613 4443 vocabulum
1670 4389 2064 4444 declarandum

481 4489 589 4536 est.
612 4480 950 4548 Incipiamus
981 4495 1010 4532 a
1039 4481 1239 4549 priori._
1263 4480 1385 4535 Non
1409 4481 1631 4536 videtur
1667 4481 1898 4534 dubium
1931 4480 2064 4550 quin

2177 2018 2282 2057 non
2320 2002 2474 2075 longe
2522 2021 2555 2058 a
2585 2001 2795 2074 Saphia:
2833 2002 3034 2074 angulo
3073 2003 3144 2057 ad
3177 2003 3436 2058 Occasum
3487 2011 3734 2072 vergente,

2175 2112 2425 2167 assequor
2461 2111 2525 2150 ea:
2549 2095 2817 2165 stylobata
2846 2094 3011 2167 paulo
3038 2103 3163 2149 ante
3199 2103 3444 2149 exstante
3497 2095 3736 2148 columna!

2171 2189 2466 2245 Iustiniani
2503 2206 2536 2242 a
2585 2187 2764 2242 Turcis
2791 2187 3038 2250 sublata',
3072 2204 3233 2258 quam
3265 2187 3558 2259 ProcOpius
3589 2189 3740 2242 tradit

2171 2279 2536 2335 Iustinianum
2593 2280 2650 2332 in
2705 2279 2987 2350 Augustam
3037 2279 3181 2349 foro,
3234 2277 3484 2334 Zonaras
3519 2279 3572 2332 in
3625 2263 3762 2331 aula.

2174 2378 2298 2424 ante
2332 2369 2495 2423 cedem
2530 2367 2740 2438 Sophia:
2771 2369 3048 2423 excitasse.
3084 2367 3279 2423 Suidas
3312 2370 3463 2424 addit
3499 2368 3742 2424 Iustinia-

2173 2478 2334 2528 num,
2386 2477 2503 2516 cum
2554 2461 2764 2532 Sophia:
2818 2460 3072 2534 templum
3098 2461 3456 2527 condidisset,
3507 2475 3743 2534 purgasse

2173 2554 2360 2608 aulam
2403 2563 2453 2609 et
2483 2570 2752 2609 marmore
2777 2555 3050 2620 stravisse,
3091 2553 3430 2625 appellatam
3465 2555 3610 2626 prius
3645 2553 3741 2609 Au-

2171 2655 2434 2720 gustceum
2482 2647 2681 2718 forum.
2734 2646 3015 2702 Hactenus
3059 2645 3277 2703 Gillius.
3336 2647 3536 2703 Suidas
3585 2645 3741 2700 verbo

2171 2741 2484 2811 Αὔγουστος
2514 2740 2768 2797 meminit
2793 2739 3100 2810 ὀψοπωλίου
3149 2742 3231 2804 είς
3275 2740 3632 2811 αὐγουστείον
3659 2751 3744 2807 με-

2170 2836 2626 2905 τωνομασμένου.
2661 2834 2770 2890 Sed
2815 2834 3040 2890 videtur
3073 2849 3234 2906 agere
3274 2833 3351 2890 de
3389 2834 3513 2889 loco
3556 2828 3743 2886 veteris

2173 2929 2362 2984 Romae
2405 2928 2487 2983 sic
2523 2929 2694 2994 dicto,
2729 2941 2930 2996 nempe
2982 2925 3052 2982 de
3101 2925 3223 2981 foro
3262 2925 3526 2996 Augusti.
3577 2920 3741 2978 Verba

2173 3019 2296 3087 eius
2325 3029 2456 3076 sunt
2499 3038 2512 3073 :
2565 3021 2629 3074 Οί
2667 3019 3043 3089 ρεγεωνάρχαι
3089 3017 3183 3071 καὶ
3218 3017 3609 3087 σεϐαστοφόρα
3638 3013 3744 3085 ἑχό-

2176 3129 2336 3186 ρευον
2371 3115 2429 3166 ὲν
2459 3111 2538 3182 τῷ
2576 3110 2950 3180 Αύγουστείῳ,
2980 3104 3092 3163 οἷον
3135 3111 3191 3164 ἐν
3223 3109 3304 3180 τῷ
3347 3109 3654 3180 ὀψοπωλίῳ,
3676 3107 3744 3166 εἰς

2095 3220 2139 3279 c
2173 3206 2342 3278 τιμὴν
2387 3205 2662 3275 Τιϐερίου.
2698 3205 2804 3258 Τὸν
2842 3203 2899 3257 at
2933 3203 3179 3257 τοιοῦτον
3221 3203 3398 3258 τόπον
3429 3203 3602 3266 οὕτως
3628 3197 3746 3254 ἑκά-

2171 3295 2341 3349 λεσαν
2390 3295 2500 3348 ἀπὸ
2547 3295 2643 3348 τοῦ
2694 3293 3036 3364 Αὐγούστου.
3069 3293 3146 3348 Ita
3205 3294 3446 3361 Suidas,
3499 3293 3744 3348 continue

2175 3389 2516 3460 subjungens
2549 3405 2563 3442 :
2592 3389 2831 3459 Ἔστησε
2861 3388 2918 3442 δὲ
2949 3389 3045 3443 καὶ
3073 3391 3100 3442 ό
3135 3388 3316 3458 μέγας
3340 3386 3743 3444 Κωνσταντῖνος

2171 3483 2252 3545 είς
2285 3482 2349 3536 τὸ
2380 3481 2625 3544 ἀσκεπὲς
2660 3481 2760 3551 τῆς
2797 3481 3008 3552 δάφνης
3048 3481 3251 3551 στήλην
3289 3482 3392 3552 τῆς
3429 3477 3622 3534 ἑαυτοῦ
3649 3492 3745 3545 μη-

2172 3573 2323 3644 τρὸς,
2354 3572 2414 3638 ἐξ
2445 3567 2513 3644 ἧς
2539 3571 2791 3644 ὠνόμασε
2829 3571 2922 3624 τὸν
2965 3571 3132 3624 τόπον
3163 3571 3564 3640 Δύγουστεῐον.
3599 3565 3746 3621 Forte

2170 3665 2289 3719 vult
2365 3664 2679 3735 signiﬁcare
2731 3663 3159 3721 Constantinum
3211 3663 3534 3719 studentem
3566 3668 3746 3714 novam

2172 3773 2337 3827 quam
2372 3757 2648 3812 condebat
2695 3758 2926 3813 Romam
2958 3757 3132 3811 veteri
3165 3771 3264 3826 per
3304 3755 3495 3811 omnia
3524 3751 3744 3809 similent

2171 3847 2391 3914 facere,
2440 3848 2542 3902 tori
2587 3849 2755 3904 etiam
2807 3848 3110 3918 Augustei,
3172 3847 3336 3919 cujus
3393 3846 3539 3917 apud
3617 3837 3748 3896 anti-

2171 3957 2334 4012 quam
2389 3939 2615 3994 Romam
2677 3941 2886 3994 dudum
2948 3939 3050 3994 visi
3110 3939 3492 4004 meminisset,
3538 3932 3747 3990 simula-

2171 4046 2326 4086 crum
2352 4032 2545 4086 eadem
2577 4032 2949 4101 appellatione
2977 4029 3225 4102 Byzantii
3263 4028 3744 4093 fecisse,etlocum

2170 4124 2329 4196 prius
2382 4123 2716 4194 Strategium
2766 4132 3044 4188 vocatum,
3072 4129 3258 4176 erecta
3297 4120 3376 4174 ibi
3413 4118 3606 4175 matris
3648 4126 3752 4171 suae

2170 4216 2432 4287 Augustae
2473 4225 2678 4279 statua,
2718 4214 3078 4285 Augustaeum
3140 4202 3524 4285 nuncupasse.
3583 4210 3750 4276 Atque

2171 4306 2303 4362 hinc
2347 4307 2486 4363 forte
2539 4307 2836 4378 repetenda
2891 4306 3032 4361 ratio
3075 4306 3244 4361 fuerit
3293 4321 3400 4362 cur
3431 4303 3675 4361 Codinus
3702 4305 3752 4353 et

2172 4399 2476 4468 Procopius
2493 4399 2676 4454 forum
2709 4399 2814 4454 hoc
2838 4398 3526 4470 Constantinopolitanum
3558 4395 3754 4462 Αθγου·

2177 4491 2361 4542 σταῖον
2398 4504 2495 4560 per
2521 4506 2575 4540 αι
2606 4489 2872 4553 scribant,
2907 4487 3105 4544 Suidas
3139 4503 3271 4543 vero
3302 4487 3492 4544 forum
3527 4484 3753 4553 antiqua!

481 4570 847 4640 Αύγουστεὼν
880 4571 1059 4648 forum
1089 4573 1160 4627 sit
1202 4572 1346 4626 idem
1382 4572 1530 4642 quod
1562 4573 1807 4628 Codinus
1845 4575 2064 4642 Παρεκ-

2179 4581 2363 4635 Ilomaa
2420 4581 2786 4648 Αὐγουστείον
2835 4594 2934 4648 per
2979 4596 3052 4642 ει,
3105 4579 3374 4633 nimirum
3418 4577 3568 4650 quod
3597 4576 3697 4630 hoc
3725 4583 3753 4623 a

483 4665 669 4728 ϐολαῖς
706 4666 838 4734 περὶ
865 4666 975 4718 τῶν
1006 4665 1260 4736 πατρίων
1292 4667 1392 4736 τῆς
1427 4665 2065 4728 Κωνσταντινουπόλεως

481 4761 645 4814 docet
688 4769 945 4814 vocatum
981 4760 1154 4815 fuisse
1202 4760 1576 4826 Αὐγουσταῖον
1616 4775 1645 4812 a
1678 4758 2061 4822 Constantino,

481 4869 604 4908 cum
625 4864 783 4908 antea
811 4854 1142 4924 στρατήγιον
1161 4853 1461 4908 diceretur.
1484 4852 1662 4908 Verba
1683 4852 1877 4906 (lodini
1898 4862 2064 4906 sunt:

481 4945 541 4996 ἑν
588 4945 665 5015 τῷ
713 4945 1358 5015 στρατηγίῳλεγομένῳ
1413 4943 1597 5012 φόρῳ,
1646 4941 1777 4995 ἔνθα
1840 4945 1969 4995 ποτὲ
2016 4945 2065 4995 οἱ

483 5037 924 5107 στρατηγοῦντες
955 5039 1055 5102 τὰς
1074 5035 1243 5107 τιμὰς
1273 5037 1460 5090 αὐτῶν
1487 5037 1836 5106 ἀπεδέχοντο,
1871 5035 2065 5088 ἑαυτὸν

481 5131 578 5184 ἐπὶ
629 5131 840 5200 λιθίνης
890 5131 1172 5201 ἀνέγραψε
1224 5131 1550 5201 στήλης.....
1604 5131 1702 5184 καὶ
1755 5130 1848 5182 τὸν
1898 5130 2065 5182 τόπον

482 5224 745 5278 ἐκάλεσεν
775 5225 1169 5277 Αύνουσταῖον.
1218 5223 1282 5277 In
1323 5223 1436 5293 foro
1481 5223 1736 5293 strategio
1775 5223 1934 5284 dicto,
1977 5221 2066 5274 ubi

481 5319 744 5372 militares
824 5317 1171 5388 magistratus
1234 5331 1354 5369 suos
1416 5317 1636 5368 honores
1711 5315 2061 5385 accipiebant,

481 5428 637 5465 suam
667 5411 831 5481 ipsius
859 5418 1097 5463 statuant
1129 5409 1354 5476 lapidea:
1393 5408 1652 5461 columna:
1695 5409 2062 5478 imposuit.....

483 5514 534 5558 et
570 5504 742 5559 locum
778 5505 1116 5572 Augustwum
1160 5503 1476 5556 nominavit.
1527 5502 1602 5555 Ita
1637 5501 1882 5556 Codinus
1912 5501 2061 5569 juxta

481 5597 786 5651 editionem
817 5597 1038 5666 Georgii
1064 5596 1262 5650 Douzm
1303 5612 1450 5648 anno
1485 5595 1642 5649 1596.
1669 5595 1844 5648 Aliter
1882 5605 2062 5648 tamen

479 5689 760 5754 eumdem,
810 5697 871 5744 ἰι
923 5695 1182 5757 apparet,
1243 5687 1425 5742 locum
1492 5687 1764 5741 Meursius
1821 5685 1901 5757 [P.
1937 5685 2061 5757 461]

481 5782 704 5847 recitat,
759 5781 931 5835 verbo
985 5784 1311 5849 γουστεῖον,
1363 5796 1429 5835 ex
1485 5780 1680 5836 Codini
1745 5777 2065 5848 Originibus

481 5873 980 5944 Constantinopoli:
1007 5877 1249 5930 referens
1275 5875 1454 5929 forum
1483 5873 1629 5928 istud
1666 5871 2063 5940 Αύγονστεῶνα

2176 4672 2399 4726 nomine
2443 4670 2794 4741 imperatoris
2836 4670 3068 4739 Augusti
3113 4669 3548 4741 appellationem
3614 4676 3754 4721 sum-

2174 4765 2370 4836 pserit,
2399 4779 2465 4818 ex
2496 4779 2607 4833 quo
2656 4764 2809 4834 juxta
2856 4762 3165 4832 analogiam
3221 4761 3456 4816 formari
3505 4755 3750 4816 debuerit

2176 4854 2518 4920 αὺγυστεῖον,
2547 4852 2680 4906 illud
2719 4867 2848 4905 vero
2876 4868 2943 4905 ex
2980 4853 3224 4921 Augusta
3257 4849 3472 4906 Helena
3511 4844 3753 4905 denomi-

2178 4954 2367 5000 natum
2414 4959 2538 4999 cum
2581 4962 2638 4998 αι
2670 4944 2833 4998 scribi
2866 4943 3140 4998 debuerit.
3190 4942 3325 4998 Utut
3356 4945 3454 5008 sit,
3498 4935 3756 5011 positaain

2178 5040 2279 5092 hoc
2305 5037 2785 5106 Constantinopoli
2831 5046 2982 5091 tanto
3025 5035 3145 5090 foro
3182 5051 3212 5090 a
3247 5053 3454 5106 magno
3496 5035 3754 5091 Constan-

2177 5133 2294 5186 tino
2337 5141 2537 5202 przeter
2580 5129 2862 5200 propriam
2913 5137 3152 5184 statuam
3186 5131 3358 5184 etiam
3391 5129 3624 5184 alterius
3652 5131 3751 5178 sta-

2176 5233 2282 5279 tuae
2314 5223 2504 5276 matris
2535 5237 2648 5276 suae
2681 5221 2922 5282 Helenae.
2960 5221 3217 5275 meminit
3255 5236 3488 5291 quoque
3523 5216 3753 5273 Codinus

2175 5316 2298 5372 loco
2349 5316 2605 5384 superius
2663 5314 2929 5379 indicato,
2974 5313 3030 5367 in
3078 5329 3190 5383 quo
3221 5313 3454 5366 videtur
3485 5303 3754 5367 successio

2178 5410 2439 5480 temporis
2472 5409 2662 5468 fuisse.
2692 5417 2748 5461 ut
2809 5407 2989 5476 primo
3022 5421 3178 5460 suam
3229 5415 3472 5460 matrem
3527 5405 3752 5458 honora-

2175 5501 2318 5557 verit
2365 5500 2663 5555 simulacro
2730 5499 2879 5552 illius
2925 5497 3037 5552 illic
3097 5506 3284 5552 erecto
3329 5510 3390 5552 et
3436 5502 3558 5552 loco
3602 5508 3666 5547 ex
3693 5501 3752 5543 ea

2174 5593 2478 5654 nominato,
2507 5590 2706 5646 deinde
2730 5590 2945 5658 signum
2983 5604 3203 5660 quoque
3230 5603 3287 5642 se
3317 5589 3499 5657 ipsum
3527 5585 3752 5640 referens

2179 5685 2381 5740 ibidem
2434 5693 2652 5739 exstare
2711 5684 2973 5737 voluerit.
3013 5684 3189 5738 Porro
3235 5683 3396 5752 lapsu
3453 5685 3746 5744 temporum

2177 5776 2474 5830 invaluisse
2499 5785 2556 5829 ut
2575 5775 2733 5828 locus
2755 5772 2910 5843 prius
2939 5773 3121 5828 dictus
3147 5773 3546 5840 Δύγουσταίον,
3569 5771 3746 5837 postea

2174 5879 2329 5924 :etate
2353 5868 2703 5940 Pachyuncris
2728 5887 2738 5911 π
2759 5869 2881 5938 ulgo
2911 5869 3246 5923 vocitaretur
3279 5860 3657 5931 Αύγουστεὼν,
3685 5866 3746 5908 ex
