4046 6374
273 405 385 472 725

1645 417 2162 494 GLOSSABIUM.

3431 421 3556 484 726’

274 521 386 577 hoc
437 521 600 580 istius
634 524 898 583 liistorici
945 527 1261 584 testimonio
1321 538 1492 597 recte,
1525 539 1586 584 ut
1637 531 1858 602 opinor,
1897 549 1934 603 Α
1966 547 2164 598 statem
2198 538 2591 593 vocabulorum
2620 539 2818 610 lingua:
2847 539 3104 610 preprim,
3147 537 3202 591 in
3246 537 3404 607 cujus
3457 535 3532 590 sit

268 618 609 688 colligimus.

348 707 540 764 Restat
570 709 868 766 videndum
901 714 1033 783 quid
1080 715 1312 770 αὐλαίαν
1347 715 1492 772 idem
1535 726 1714 774 vocet.
1747 719 1856 772 Αὐ-

270 800 400 854 λαὶα
430 810 514 855 est
546 803 606 856 τὸ
636 803 736 872 τῆς
766 805 974 875 σκηνῆς
1004 786 1443 880 παρατεέτασὶια,
1478 811 1854 880 proscenium,

233 894 458 948 \velum
487 894 972 965 objectumaeulis
997 909 1375 968 spectatorum
1410 903 1596 959 mimis
1629 919 1856 974 operam

272 987 556 1040 dantium.
588 986 899 1060 Hesychius
931 999 1130 1060 praeter
1167 994 1330 1048 istam
1371 995 1656 1052 notionem
1694 997 1857 1051 aliam

270 1078 443 1132 etiam
482 1079 712 1150 subjicit
744 1083 866 1136 voci
902 1083 1066 1147 huic,
1110 1084 1242 1138 dum
1283 1085 1481 1141 scribit
1513 1104 1526 1140 :
1559 1086 1770 1142 Αὐλαία
1801 1088 1858 1142 ἐν

270 1169 413 1238 αὐμῇ
461 1170 838 1240 διατρίϐουσα.
896 1173 1250 1243 Disquiratur
1299 1191 1435 1246 ergo
1480 1176 1617 1246 quid
1649 1177 1721 1232 sit
1753 1178 1858 1231 αὐ-

270 1257 376 1327 λή;
416 1260 563 1328 quod
625 1263 958 1317 vocabulum
1015 1265 1074 1318 in
1129 1266 1297 1336 hujus
1346 1267 1524 1336 ipsius
1578 1269 1858 1324 mentione

269 1351 385 1406 loci
424 1361 696 1423 usurpant
745 1364 802 1410 et
852 1355 1117 1421 Zonaras,
1152 1367 1211 1412 et
1245 1356 1446 1415 Suidas
1491 1374 1658 1428 supra
1702 1360 1858 1416 citati

269 1460 300 1498 a
357 1447 524 1500 Petro
587 1446 776 1502 Gillio.
844 1450 1140 1504 Athenaeus
1223 1450 1370 1521 (lib.
1423 1469 1456 1505 v
1507 1455 1864 1521 Δειπνοσοφι-

273 1538 424 1591 στῶν
463 1555 519 1607 p.
559 1539 660 1595 189
688 1540 778 1595 ed.
813 1540 1143 1596 Commelini
1174 1544 1304 1597 anni
1340 1543 1499 1612 1597)
1534 1544 1603 1598 ad
1635 1559 1858 1598 versum

269 1629 581 1685 Aristarchi

305 1726 499 1788 Ζηνός
529 1737 648 1777 που
678 1724 881 1792 τοιήδε
910 1725 963 1793 τ’
996 1724 1329 1793 Ὀλυμπίου
1367 1725 1618 1779 ἔνδοθεν
1645 1723 1827 1791 αὐλή.

267 1814 352 1867 sic
383 1815 626 1882 disputat
652 1814 721 1870 de
751 1815 1066 1885 signiﬁcatu
1100 1817 1252 1872 vocis
1287 1817 1484 1886 hujus:
1527 1818 1647 1870 Ἔτι
1678 1818 1858 1870 τοίνυν

1961 627 2324 683 meditatione
2377 631 2796 686 accuratissime
2850 638 3122 695 versatus,
3166 643 3331 698 quam
3383 637 3534 680 recte

1957 719 2106 773 credi
2156 721 2224 774 de
2275 722 2386 776 ullo
2434 724 2643 777 recenti
2683 733 2852 793 queat
2896 722 3254 788 quantumvis
3285 720 3534 790 diligenti

1955 809 2286 867 litteratore.
2360 813 2497 868 Illud
2555 823 2809 884 potuerat
2857 815 3182 884 elegantius
3223 811 3534 866 illustrator

1957 901 2210 958 Athenaei
2244 907 2298 958 in
2339 906 2461 974 ejus
2496 906 2799 974 interprete
2845 907 3091 975 culpare,
3139 902 3288 974 quod
3335 903 3389 956 in
3441 903 3535 956 illo

1957 991 2264 1046 Aristarchi
2297 1009 2458 1048 versu
2506 994 2700 1048 Latine
2731 995 3016 1048 reddendo
3061 992 3392 1047 vocabulum
3426 992 3534 1045 La-

1959 1083 2136 1138 tinum
2191 1086 2388 1139 atrium
2453 1096 2712 1156 tanquam
2766 1086 2957 1142 Graeco
3008 1085 3145 1157 αὐλὴ
3181 1083 3538 1153 ἰσοδυναμοῦν

1959 1175 2307 1233 adhibuerit.
2349 1177 2566 1232 Atrium
2599 1180 2770 1244 enim,
2829 1191 2992 1247 prout
3041 1178 3256 1233 erudite
3303 1177 3538 1232 demon-

1956 1273 2096 1320 strat
2138 1265 2436 1321 Famianus
2489 1267 2790 1322 Nardinius
2839 1269 2895 1321 in
2946 1282 3044 1322 sua
3089 1265 3258 1321 Roma
3289 1267 3537 1336 antiqua.

1955 1354 1996 1409 l.
2030 1371 2114 1420 ιιι,
2149 1371 2202 1410 c.
2252 1355 2342 1420 l5,
2396 1356 2558 1425 plane
2607 1357 2942 1412 contrariam
2973 1357 3133 1426 αὐλῇ,
3182 1357 3288 1412 hoc
3329 1365 3439 1420 est,
3477 1366 3539 1411 ut

1958 1447 2219 1512 vidimus,
2260 1451 2383 1503 loco
2409 1449 2660 1520 ὑπαίθρῳ
2692 1459 2748 1504 et
2781 1451 2902 1506 sine
2931 1464 3218 1504 murorum
3279 1449 3541 1504 obicibus

1958 1539 2254 1608 perﬂabili,
2289 1541 2574 1597 notionem
2621 1544 2766 1612 apud
2801 1543 3028 1598 Latinos
3084 1551 3302 1600 veteres
3344 1545 3540 1600 habuit

1956 1631 2278 1702 signiﬁcans
2310 1632 2576 1687 nimirum
2607 1642 2821 1703 partem
2869 1633 3072 1688 adium
3123 1635 3539 1692 structis-omni

1957 1737 2025 1776 ex
2059 1731 2213 1792 parte
2260 1723 2528 1780 lateribus
2578 1740 2868 1779 murorum
2905 1733 2968 1780 et
3012 1725 3539 1795 laqueariauperne

1962 1813 2224 1882 imposito
2281 1823 2606 1883 prolectant.
2658 1815 2816 1871 Unde
2864 1815 3147 1871 Ausonius
3193 1816 3252 1870 in
3309 1815 3539 1871 Mosella

267 1905 383 1958 οὐδ’
413 1908 444 1973 ἡ
479 1906 617 1974 αὐλὴ
661 1906 926 1987 ἀρμᾷττει
983 1909 1074 1961 ἐπὶ
1131 1909 1230 1962 τοῦ
1283 1910 1458 1963 οἴκου.
1503 1909 1564 1963 ’0
1603 1909 1711 1979 γὰρ
1741 1909 1858 1962 δια-

1967 1903 2199 1974 laqueati
2229 1905 2554 1975 adjunctum
2597 1909 2738 1962 atrio
2779 1916 2972 1979 aptat;
3018 1917 3075 1964 et
3106 1909 3378 1979 Apuleius
3433 1909 3540 1964 de-

270 1995 574 2063 πνεόμενος
602 1997 768 2062 τόπος
807 1999 947 2068 αὐλὴ
981 1999 1220 2068 λέγεται.
1255 2000 1420 2072 664
1455 1999 1722 2055 Ρνωιενρα
1758 2018 1859 2055 una:

270 2089 412 2158 αὐλὴ
438 2089 635 2142 α-άὶὺιιι
659 2106 764 2144 non
791 2093 1032 2161 congruit
1061 2108 1079 2147 :
1108 2101 1322 2162 apertus
1340 2096 1473 2148 enim
1505 2096 1862 2164 perﬂatusque

273 2182 421 2235 locus
451 2181 588 2251 αὐλὴ
623 2182 838 2238 dicitur.
877 2183 1042 2238 Notat
1068 2185 1215 2240 hunc
1237 2185 1418 2240 locum
1448 2184 1862 2239 animadversor
1891 2223 1897 2229 ο

271 2275 550 2339 Athenaei,
583 2275 842 2340 censura,
888 2277 946 2332 ni
979 2276 1160 2339 fallor.
1208 2293 1403 2346 parum
1451 2277 1617 2346 digna
1661 2286 1862 2332 cretero

272 2370 396 2438 ejus
426 2369 682 2424 acumine
723 2370 941 2425 critico.
981 2371 1072 2426 Sic
1104 2371 1320 2435 scribit,
1358 2386 1406 2424 ο.
1455 2370 1508 2431 5,
1551 2370 1588 2424 l.
1624 2386 1652 2422 v
1691 2389 1703 2423 :
1735 2372 1863 2423 Ha’c

273 2462 557 2540 Athenaeus
600 2477 618 2515 :
655 2462 746 2515 sed
772 2479 930 2528 quam
965 2464 1064 2516 ista
1119 2463 1253 2516 leuia
1271 2464 1315 2516 ?.
1341 2503 1354 2518 .
1385 2503 1400 2518 .
1433 2461 1558 2532 quid
1588 2463 1726 2516 enim
1771 2477 1860 2515 ve-

275 2560 356 2604 tat
388 2569 482 2621 per
508 2553 679 2620 αὐλὴν
703 2563 750 2606 et
773 2553 1038 2621 palatium
1071 2554 1405 2626 intelligere?
1428 2555 1494 2608 Et
1520 2555 1683 2625 paulo
1700 2563 1858 2624 post:

275 2643 326 2697 E
369 2646 642 2697 contrario
684 2645 1017 2714 afﬁrmamus
1073 2663 1166 2699 nos
1223 2645 1341 2708 Διὸς
1369 2647 1540 2716 αὐλὴν
1575 2647 1864 2700 Homerum

277 2733 584 2803 appellasse
617 2734 758 2789 Jovis
793 2736 1084 2807 palatium.
1129 2735 1214 2791 Sic
1253 2739 1392 2791 enim
1443 2738 1586 2807 loqui
1615 2739 1861 2792 obserua-

275 2843 394 2879 mus
447 2828 876 2896 antiquissimum
937 2837 1168 2898 poetam,
1247 2828 1331 2902 [P.
1389 2829 1517 2901 465]
1559 2838 1607 2884 et
1643 2831 1864 2901 quodin

276 2919 466 2986 primis
513 2918 584 2972 ad
633 2935 740 2972 rem
777 2921 923 2988 facit,
978 2937 1242 2974 summum
1285 2920 1501 2974 Homeri
1542 2922 1862 2975 imitatorem

275 3005 610 3077 {Eae/imum,
674 3011 826 3079 cujus
885 3019 958 3063 est
1015 3009 1152 3063 illud
1194 3011 1248 3063 in
1299 3011 1606 3065 Prometheo
1636 3013 1862 3065 vincto:

275 3101 394 3152 ὅσοι
421 3100 520 3168 τὴν
549 3100 669 3160 Διὸς
694 3099 862 3170 αὐλὴν
888 3101 1151 3168 οἱχνεῦσι.
1182 3101 1461 3155 Hactenus
1481 3101 1865 3166 Casaubonus,

1963 1995 2261 2051 scribendo
2304 1997 2507 2052 atrium
2555 1999 2721 2069 regia:
2746 2000 3013 2071 Psyches,
3065 2017 3276 2056 summa
3315 2001 3436 2072 ejus
3461 2001 3544 2054 la-

1962 2087 2184 2155 quearia
2206 2088 2337 2141 citro
2375 2099 2423 2142 et
2457 2089 2608 2143 ebore
2631 2090 2794 2160 665
2815 2091 3017 2146 curiose
3045 2103 3240 2158 cauata
3277 2092 3550 2148 sustineri

1963 2176 2041 2229 ait
2074 2179 2251 2231 aureis
2286 2179 2568 2234 columnis.
2606 2180 2711 2235 Sed
2753 2195 2809 2236 et
2862 2199 2995 2238 usus
3037 2183 3181 2254 apud
3212 2192 3428 2238 veteres
3460 2194 3542 2239 at-

1964 2269 2161 2324 tributi
2193 2271 2335 2324 atrio
2363 2279 2570 2328 tectum
2603 2273 2739 2330 illud
2769 2273 2940 2329 fuisse
2989 2274 3394 2331 demonstrant.
3426 2275 3546 2332 [llic

1962 2362 2111 2415 enim
2145 2378 2213 2416 ex
2242 2363 2442 2430 Plinio,
2479 2364 2516 2419 l.
2551 2381 2713 2428 inv,
2745 2380 2794 2420 c.
2837 2367 2894 2432 2,
2929 2366 3158 2438 Polybio
3197 2367 3233 2421 l.
3272 2381 3348 2432 Vl,
3377 2366 3558 2422 Juve-

1908 2455 1921 2491 θ’
1963 2454 2088 2509 nale
2125 2456 2240 2510 Sat.
2274 2457 2308 2512 8
2345 2466 2402 2512 et
2443 2457 2590 2521 aliis,
2627 2457 2897 2529 imagines
2929 2461 3199 2530 majorqu
3241 2459 3548 2515 servabam-

1965 2555 2078 2613 tur,
2127 2564 2266 2618 quas
2316 2549 2373 2603 in
2419 2549 2540 2604 loco
2577 2550 2726 2605 acris
2759 2551 2978 2621 injuriis
3017 2551 3272 2620 exposito
3313 2566 3425 2606 non
3457 2562 3545 2606 est

1964 2640 2244 2694 versimile
2292 2641 2532 2710 relinqui
2581 2643 2793 2696 solitas.
2845 2643 2926 2697 Ex
2961 2642 3154 2698 Servio
3193 2642 3263 2696 ad
3299 2644 3544 2712 primum

1964 2731 2230 2787 Aineidos
2269 2733 2324 2786 in
2365 2733 2522 2788 atriis
2565 2735 2908 2801 cmnabatur,
2951 2734 3021 2788 ad
3055 2735 3202 2804 quod
3233 2734 3543 2790 subdivalis

1963 2823 2142 2890 locus,
2177 2835 2347 2880 noctu
2426 2827 2753 2897 praesertim,
2787 2828 3010 2896 ineptus
3058 2835 3163 2882 est.
3215 2824 3426 2881 Ibidem
3474 2839 3544 2879 ex

1965 2917 2162 2973 eodem
2202 2919 2394 2974 Servio
2438 2919 2506 2974 ad
2553 2918 2621 2974 XI
2667 2919 2929 2974 [Eneidos
2982 2929 3210 2975 senatus
3259 2917 3546 2972 interdum.

1967 3010 2294 3066 habebatur.
2329 3011 2428 3075 lbi,
2469 3020 2527 3065 ut
2553 3012 2713 3066 docet
2745 3011 3068 3082 Corrippus,
3101 3012 3140 3066 Ι.
3188 3027 3250 3065 ιιι
3303 3010 3381 3064 De
3425 3009 3546 3063 lau-

1968 3105 2116 3158 dibus
2143 3105 2339 3158 Justini
2379 3103 2621 3168 Minoris,
2662 3105 2825 3172 legati
2849 3106 3093 3174 gentium
3121 3115 3437 3159 exterarum
3476 3101 3544 3157 ab

278 3206 448 3260 quem
497 3206 629 3245 sane
679 3192 851 3245 miror
898 3191 953 3245 id
1007 3192 1186 3262 ipsum
1221 3209 1320 3262 pro
1367 3203 1695 3264 argumento
1733 3193 1864 3248 alle-
1891 3227 1936 3290 Ο
1972 3197 2399 3266 imperatoribus
2426 3197 2883 3253 admittebantur.
2913 3197 3032 3252 lllic
3060 3198 3328 3267 denique,
3367 3207 3428 3250 ut
3476 3211 3546 3251 ex

277 3300 412 3355 gare
445 3283 594 3353 quod
628 3285 749 3355 ejus
774 3300 998 3338 causam
1039 3284 1204 3338 unice
1233 3285 1468 3354 jugulat.
1500 3285 1654 3339 ltane
1697 3286 1868 3340 vero?

275 3393 344 3430 ex
381 3391 450 3429 eo
479 3375 624 3445 quod
658 3361 931 3430 Homerus
964 3385 1020 3430 et
1063 3375 1355 3447 fEschylus
1391 3377 1510 3439 Διὸς
1547 3377 1719 3446 αὐλὴν
1752 3377 1867 3432 me-

277 3479 520 3532 morent,
581 3469 834 3537 sequitur
885 3484 983 3523 eos
1040 3469 1204 3522 aliam
1277 3469 1398 3524 Jovi
1467 3469 1864 3524 habitationem

277 3562 590 3631 assignasse
628 3578 790 3630 quam
841 3561 1060 3630 qualem
1116 3560 1288 3629 αὐλῆς
1330 3561 1597 3615 vocabulo
1630 3561 1866 3630 exprimi

183 3656 186 3658 ’
276 3653 574 3709 contendit
599 3654 918 3715 Athena'us,
941 3653 1204 3708 intcctam
1230 3663 1285 3706 et
1321 3669 1453 3707 aura
1490 3653 1868 3722 perﬂabilem?

280 3745 416 3815 quin
467 3745 654 3815 potius
700 3759 770 3799 ex
818 3745 991 3810 Jovis,
1047 3747 1139 3814 qui
1195 3745 1393 3801 [Ether
1437 3747 1551 3816 ipsc
1586 3757 1670 3800 est
1712 3747 1867 3818 juxta

281 3838 417 3892 Illud
449 3837 613 3891 Ennii
645 3839 817 3906 aspice
863 3841 956 3891 hoc
1000 3837 1222 3891 sublime
1267 3839 1497 3893 candens
1540 3855 1691 3908 quem
1719 3839 1868 3892 invo-

281 3943 409 3987 cant
459 3949 637 3986 omnes
671 3931 890 3996 Jovem;
942 3947 1007 3986 ex
1056 3931 1208 3986 Jovis
1252 3931 1474 4000 inquam
1509 3941 1706 3984 natura
1739 3946 1870 4000 pru-

283 4026 424 4080 dens
474 4025 656 4093 quivis
706 4024 932 4078 llomeri
981 4033 1036 4078 et
1086 4022 1327 4093 Aischyli
1379 4023 1552 4076 lector
1602 4023 1872 4092 intelligat

284 4120 399 4172 tale
445 4118 640 4188 utique
674 4116 752 4170 illi
799 4116 1069 4184 assignari
1111 4115 1483 4170 diversorium
1515 4115 1696 4184 qualis
1750 4115 1870 4184 ipse

283 4221 393 4276 est,
446 4210 564 4265 sine
616 4225 906 4263 murorum
955 4207 1245 4270 lateribus,
1297 4208 1414 4262 sine
1466 4208 1593 4261 tecti
1627 4207 1868 4277 fastigio,

285 4317 484 4378 patens
537 4320 758 4361 omnem
814 4304 868 4358 in
913 4312 1125 4373 partem
1177 4313 1342 4374 atque
1398 4302 1701 4374 perﬂabile.
1737 4303 1872 4369 Quis

285 4405 476 4462 legens
525 4394 672 4466 apud
721 4394 1012 4464 Virgilium
1063 4410 1396 4463 annosasque
1445 4395 1622 4447 domos
1671 4395 1870 4460 avium,

285 4498 387 4542 aut
423 4488 491 4542 de
523 4487 754 4557 Aristaeo
788 4487 932 4540 intra
977 4485 1183 4539 ﬂuenta
1220 4486 1388 4540 Penei
1425 4487 1602 4540 amnis
1631 4485 1874 4541 admisso

287 4582 501 4648 iamque
565 4580 779 4632 domum
840 4580 1044 4632 mirans
1095 4578 1366 4648 genitricis
1423 4588 1471 4632 et
1519 4580 1736 4633 humida
1793 4580 1952 4640 re-D

287 4688 420 4741 qua,
455 4667 713 4738 subjiciat
747 4668 931 4722 animo
974 4668 1122 4723 aedes
1151 4667 1219 4721 ad
1264 4667 1569 4722 humanum
1601 4683 1758 4721 usum
1787 4667 1870 4721 la-

288 4763 421 4835 pide
465 4778 529 4817 ac
563 4770 832 4816 catmento
870 4769 1137 4827 structas,
1189 4769 1361 4815 tectas
1395 4759 1773 4829 laquearibus,
1821 4767 1876 4813 et

291 4873 402 4910 non
449 4856 634 4924 potius
681 4854 864 4908 domus
903 4854 1236 4907 vocabulum
1270 4853 1570 4921 utrobique
1598 4852 1875 4921 accipien-

291 4951 427 5003 dum
467 4957 622 5017 putet
654 4957 1024 5001 consentanee
1048 4946 1115 4998 ad
1146 4945 1497 4999 conditiones
1523 4961 1703 4999 rerum
1739 4960 1877 5012 qua-

293 5059 416 5096 rum
447 5051 533 5095 est
585 5042 694 5095 illic
720 5040 946 5102 mentio,
981 5045 1264 5092 volucrum
1302 5040 1358 5092 in
1396 5039 1564 5092 ramis
1592 5038 1875 5102 arborum,

289 5136 674 5206 Nympharum
705 5132 808 5186 sub
845 5131 1002 5201 aquis
1038 5130 1398 5198 degentium?
1429 5128 1701 5197 Equidem
1749 5129 1878 5182 Inde

296 5230 485 5296 potius
533 5227 786 5296 suspicor
833 5226 949 5279 sola
1002 5233 1275 5277 terrarum
1324 5220 1588 5291 patentia,
1638 5235 1878 5288 superne

295 5321 506 5375 intecta
539 5319 660 5372 loca
700 5315 809 5370 dici
860 5314 1122 5386 ὕπαιθρα,
1153 5313 1446 5374 subdialia,
1477 5312 1580 5366 sub
1607 5309 1740 5365 Jove
1777 5311 1879 5364 l‘ri-

296 5414 426 5486 gido
463 5413 662 5482 posita,
713 5410 858 5478 quod
908 5409 1030 5472 Διὸς
1077 5407 1223 5462 lovis
1275 5407 1452 5475 ipsius
1501 5404 1880 5488 habitaculum

297 5501 572 5572 ejusmodi
619 5513 740 5553 esse
794 5499 955 5568 vulgo
1000 5496 1370 5552 existimetur.
1422 5494 1603 5558 Quare
1637 5492 1777 5545 nihil
1824 5491 1878 5545 in

301 5592 562 5648 adductis
591 5608 621 5648 a
653 5591 981 5647 Casaubono
1024 5587 1187 5644 video
1221 5586 1368 5657 quod
1415 5601 1501 5638 me
1553 5592 1772 5638 moveat
1813 5582 1882 5637 ad

306 5685 476 5739 ﬁdem
512 5682 817 5752 negandum
845 5680 1066 5736 docenti
1101 5695 1291 5733 verum
1327 5674 1700 5746 signiﬁcatum
1730 5675 1884 5730 vocis

304 5777 446 5844 οὐλὴ
484 5774 870 5842 antiquissimo
897 5770 1275 5842 grammatico,
1309 5761 1454 5822 haud
1489 5768 1673 5836 paulo,
1712 5775 1772 5819 ut
1799 5774 1885 5820 est

303 5867 632 5931 verisimi'e,
680 5863 1116 5935 perspectiorem
1171 5859 1397 5916 habenti
1433 5858 1669 5914 nativam
1726 5866 1882 5927 pote.

1970 3287 2230 3342 concordi
2267 3287 2581 3341 testimonio
2627 3287 3114 3357 evangelistarum,
3151 3288 3336 3353 Marci,
3361 3287 3544 3351 Luem,

1966 3377 2196 3433 Joannis
2228 3385 2464 3442 constat,
2498 3376 2642 3446 ignis
2674 3377 3054 3445 excitabatur;
3087 3381 3232 3435 unde
3261 3381 3427 3434 etiam
3453 3379 3547 3435 lsi-

1969 3468 2140 3523 dorus
2173 3470 2324 3524 vocis
2346 3476 2568 3540 etymon
2605 3470 2966 3542 repetendum
2997 3479 3175 3541 putat,
3211 3473 3408 3526 atrium
3431 3472 3547 3526 exi-

1968 3562 2198 3616 stimans
2235 3561 2443 3616 dictum
2475 3567 2628 3634 quasi
2656 3566 2718 3619 ab
2750 3569 2867 3638 igne
2907 3575 2957 3619 et
2988 3566 3131 3635 fumo
3163 3573 3364 3620 atrum.
3395 3565 3544 3620 Nihil

1970 3655 2170 3709 horum
2213 3655 2505 3708 commode
2550 3656 2674 3711 loco
2705 3647 2899 3727 aperto
2940 3672 3005 3711 ac
3047 3657 3315 3727 perﬂabili
3367 3657 3545 3712 fieret.

1972 3747 2079 3803 Sed
2113 3747 2231 3801 hmc
2264 3745 2464 3802 obiter.
2493 3749 2575 3803 Ad
2603 3750 2794 3805 orbem
2827 3749 3065 3806 instituti
3109 3749 3422 3811 redeamus.
3455 3750 3550 3805 de-

1973 3837 2337 3906 ﬁniamusque
2386 3839 2518 3908 quid
2555 3840 2783 3902 αὐλαίας
2820 3841 2992 3894 verbo
3017 3839 3307 3911 designare
3339 3839 3552 3907 Pachy-

1973 3949 2151 3989 meres
2194 3935 2298 3990 hoc
2337 3951 2498 4004 quem
2554 3945 2857 3990 tractamus
2899 3935 3022 3989 loco
3077 3936 3335 3990 voluerit.
3384 3935 3551 4004 Equi-

1972 4022 2095 4076 dem
2157 4039 2266 4078 non
2325 4025 2515 4079 dubito
2566 4025 2701 4093 quin
2759 4024 2808 4078 is
2866 4024 3095 4076 αὐλαίαν
3131 4024 3200 4078 ab
3237 4024 3398 4094 αὐλῇ,
3437 4026 3550 4094 jam

1973 4127 2238 4182 expressa
2270 4116 2496 4169 notione
2533 4115 2835 4178 intellecta,
2871 4114 3179 4176 deﬂexerit,
3220 4129 3285 4168 ac
3322 4114 3552 4168 studue-

1975 4203 2048 4256 rit
2077 4203 2324 4259 indicare
2365 4205 2703 4260 subdivalem
2733 4221 2916 4260 aream
2963 4206 3239 4276 Augustaei
3266 4205 3391 4266 fori,
3425 4219 3553 4274 spa-

1975 4295 2113 4348 tium
2159 4295 2422 4350 videlicet
2459 4306 2617 4352 extra
2664 4297 2922 4352 laterales
2968 4297 3096 4351 hinc
3131 4297 3259 4351 inde
3307 4297 3560 4364 porticus

1975 4382 2032 4436 in
2062 4383 2245 4438 medio
2277 4400 2477 4454 purum
2512 4400 2577 4440 ac
2605 4385 2712 4441 late
2737 4401 2996 4450 vacuum,
3029 4386 3177 4456 quod
3219 4385 3390 4440 densa
3421 4401 3555 4440 tunc

1977 4475 2270 4530 multitudo
2299 4476 2683 4546 compleverit.

2049 4565 2133 4638 [P.
2177 4566 2307 4638 466]
2356 4569 2960 4636 Αὐτοπροσκοπίτης,
3011 4584 3066 4637 p.
3125 4569 3251 4623 6l5.
3308 4569 3436 4638 Agit
3487 4568 3557 4623 de

1977 4660 2279 4715 Athanasio
2323 4659 2635 4730 patriarcha
2690 4673 2956 4715 consueta
3004 4661 3107 4715 sibi
3157 4671 3321 4730 atque
3367 4661 3559 4714 innata

1980 4753 2303 4808 morositate
2335 4761 2568 4807 cunctos
2597 4753 2717 4808 sine
2752 4753 3073 4807 discriminc
3098 4753 3382 4808 oﬂ‘cndere
3418 4753 3558 4808 nihil

1976 4845 2133 4915 pensi
2170 4845 2421 4898 habente.
2466 4843 2770 4897 Divinanda
2802 4854 2888 4896 est
2917 4845 3073 4912 origo
3110 4854 3166 4898 et
3205 4843 3362 4896 notio
3395 4843 3560 4911 hujus

1978 4937 2236 4991 vocabuli
2277 4935 2408 4989 mihi
2440 4936 2662 5002 quidem
2688 4935 2820 4990 alibi
2847 4953 2958 4988 non
2993 4938 3139 4990 lecti.
3180 4933 3334 4988 Unde
3372 4945 3558 4988 autent

1978 5026 2340 5081 verisimilius
2385 5023 2511 5078 duci
2555 5033 2742 5094 putem
2791 5040 2956 5094 quam
2999 5042 3030 5079 a
3077 5025 3367 5096 προσκοπή
3422 5039 3558 5080 voce

1979 5117 2343 5174 ecclesiastici
2394 5133 2528 5172 usus
2579 5131 2645 5170 ex
2702 5116 2958 5185 epistolis
3013 5117 3167 5171 Pauli
3230 5115 3561 5171 notissima?

1981 5211 2025 5266 ll
2049 5211 2116 5266 ad
2144 5211 2272 5266 Cor.
2303 5226 2352 5265 c.
2375 5201 2432 5264 vi
2467 5225 2481 5262 :
2519 5209 2811 5278 Μηδεμίαν
2839 5213 2895 5261 ἐν
2927 5210 3118 5280 μηδενὶ
3139 5210 3564 5283 διδόιτεςςπροσο

1982 5303 2183 5372 κοπτήν,
2223 5303 2422 5356 nemini
2461 5301 2649 5355 dantes
2688 5299 2858 5354 ullam
2905 5302 3265 5372 oﬁ'eusionem,
3319 5317 3388 5356 ex
3448 5316 3562 5371 qua

1984 5395 2130 5450 idem
2163 5403 2388 5450 sanctus
2437 5395 2717 5464 apostolus
2762 5395 3148 5464 appellativum
3181 5394 3335 5449 alibi'
3361 5395 3566 5448 format

1982 5487 2353 5558 ἀπρόσκοπος.
2384 5486 2405 5541 Ι
2437 5487 2503 5540 ad
2537 5486 2665 5542 Cor.
2705 5503 2758 5552 x,
2785 5489 2853 5542 52
2892 5505 2904 5542 :
2949 5488 3314 5556 ’Λπρόσκοποι
3346 5486 3562 5554 γίνεσθε

1985 5581 2080 5632 καὶ
2137 5581 2412 5642 Ἰουδαίοις
2443 5580 2539 5633 καὶ
2574 5580 2800 5648 Ἕλλησι
2853 5580 2949 5632 καὶ
2997 5581 3064 5648 τῇ
3119 5576 3418 5646 Ἐκκλησία
3467 5575 3564 5628 τοῦ

1985 5671 2145 5725 Θεοῦ.
2185 5672 2253 5729 Ut
2299 5688 2428 5742 ergo
2476 5673 2751 5744 signiﬁcet
2796 5672 3160 5740 Pachymercs
3202 5668 3564 5724 Athanasium

1985 5779 2097 5819 non
2125 5765 2290 5819 modo
2313 5781 2423 5819 non
2451 5767 2682 5828 cavisse,
2717 5775 2776 5819 ut
2807 5773 3150 5834 oportuerat.
3185 5778 3251 5816 ne
3290 5760 3426 5815 actis
3450 5775 3478 5812 a
3507 5773 3566 5812 se

1987 5858 2134 5914 aliud
2185 5867 2501 5928 spectante,
2548 5859 2695 5914 hunc
2744 5861 2910 5912 etiam
2961 5856 3168 5920 animo,
3222 5854 3570 5918 cuntingcwt
