4036 6394
521 437 628 500 727

1437 433 1501 492 P.
1544 425 1846 489 POSSINI
1886 417 2539 485 OBSERVATIONUM
2581 414 2729 476 LIB.
2768 411 2823 472 Ῑ.
3627 400 3713 461 ’Σεδ

521 551 735 620 aliquos
768 546 996 609 oﬂ'endi,
1048 545 1142 600 sed
1176 545 1251 599 ita
1289 557 1347 598 se
1383 540 1620 612 gessisse
1670 546 1732 592 ut
1765 550 1906 607 pene
1945 534 2098 588 vide-
2128 537 2172 592 Α
2203 529 2305 582 ἀνά
2339 525 2718 620 στρατεύῃ-ρει·
2761 521 3066 620 exercitum.
3102 513 3344 620 Aliorum
3373 523 3575 584 quoque
3599 511 3718 620 seri:

523 650 678 694 retur
707 639 776 693 de
807 637 1080 692 industria
1111 648 1359 704 quaerere
1403 647 1468 687 ac
1506 638 1728 700 captare
1776 626 2097 682 occasiones

521 730 836 786 otl'endendi
867 745 1028 783 omne
1059 743 1231 798 genus
1271 726 1579 790 hominum,
1627 738 1753 776 eum
1797 721 2101 789 αὑτοπροσ-

535 843 600 878 κο
621 824 796 892 πίτην
829 823 932 875 hoc
965 823 1085 875 loco
1122 829 1299 874 vocat.

593 917 919 984 Βλαχικόν,
956 930 1008 984 p.
1042 913 1162 968 106.
1182 913 1508 982 Congruunt
1538 926 1660 981 quae
1685 911 1776 964 hic
1801 908 2101 978 Pachyme-

524 1026 613 1064 res
643 1009 712 1063 de
757 1017 919 1078 gente
968 1007 1220 1061 Blachica
1262 1006 1474 1069 scribit,
1517 1019 1640 1058 cum
1683 1003 1750 1057 iis
1788 1017 1909 1070 quae
1943 1000 2100 1070 prius

525 1106 680 1157 Anna
712 1101 990 1156 Comnena
1041 1101 1096 1154 in
1139 1098 1400 1153 Alexiade
1430 1098 1497 1152 de
1528 1095 1746 1150 Blachis
1777 1094 2098 1162 scripserat,

521 1197 561 1250 Ι.
588 1211 708 1262 vm,
742 1211 798 1265 p.
834 1195 939 1248 227
977 1211 991 1247 :
1021 1194 1131 1245 Καὶ
1155 1191 1342 1245 ὁπόσοι
1369 1191 1460 1242 τὸν
1489 1189 1695 1258 νομάδα
1729 1188 1842 1256 βίον
1874 1185 2098 1250 εἴλοντο,

523 1289 762 1358 Βλάχους
801 1287 1074 1354 τούτουςή
1112 1284 1263 1354 κοινὴ
1311 1284 1497 1336 καλεῖν
1539 1275 1646 1333 οἶδε
1686 1279 1989 1337 διάλεκτος.
2029 1274 2102 1328 De

522 1380 730 1449 quibus
749 1379 956 1447 juverit
972 1377 1158 1432 videre
1185 1391 1305 1445 qum
1328 1375 1381 1428 in
1403 1383 1592 1428 nostro
1617 1371 1894 1426 Glossario
1911 1369 2101 1438 primae

523 1470 806 1526 Alexiadis
833 1468 1065 1524 editioni
1097 1468 1390 1537 subjuncto
1418 1464 1633 1535 pridem
1689 1459 2097 1516 annotavimus.

594 1561 997 1631 Βοηδρομιὼν.
1036 1561 1150 1616 Etsi
1191 1574 1408 1628 semper
1439 1555 1570 1612 alibi
1604 1554 1970 1624 Paehymeres
1996 1550 2103 1604 hoc

525 1657 796 1712 vocabulo
829 1669 1074 1709 mensem
1109 1651 1348 1722 Aprilem
1386 1649 1612 1712 indicat,
1642 1655 1848 1707 tamen,
1875 1651 2103 1712 propter

523 1749 765 1803 rationes
803 1762 832 1801 a
867 1761 951 1802 me
997 1745 1035 1799 l.
1079 1760 1137 1799 ιιι
1173 1743 1383 1799 Observ.
1418 1757 1470 1797 c.
1504 1742 1537 1796 6
1571 1757 1626 1794 ιι.
1659 1740 1714 1803 9,
1762 1737 1974 1799 allatas,
2004 1749 2101 1789 ne-

522 1840 766 1896 cessario
806 1839 1102 1894 dicendum
1149 1846 1234 1892 est
1278 1851 1429 1900 eum,
1473 1851 1529 1904 p.
1577 1832 1702 1896 5‘24,
1739 1832 1842 1884 hoc
1881 1827 2100 1883 nomine

523 1934 840 2004 designasse
875 1933 1132 1986 Martium
1175 1945 1444 1985 mensem.
1484 1927 1598 1983 Nec
1625 1938 1830 1980 novum
1878 1929 1965 1977 est
2009 1937 2103 1975 va-

526 2026 674 2080 riare
729 2026 899 2096 666
948 2026 1102 2080 illum
1161 2025 1216 2078 in
1271 2021 1715 2078 nomenclatione
1771 2016 2041 2072 mensium
2087 2031 2101 2067 :

525 2117 652 2171 vide
689 2132 811 2186 quae
855 2107 1026 2171 verbo
1074 2114 1330 2186 Ληναιὼν
1355 2122 1412 2169 et
1453 2109 1623 2168 verbo
1653 2103 2103 2180 Μαιμακτηριών

527 2208 634 2261 hoc
665 2208 785 2277 ipso
810 2207 1089 2263 Glossario
1123 2216 1398 2260 notamus.

601 2299 884 2366 Βοῦτζον,
923 2315 978 2370 p.
1033 2300 1162 2356 399.
1211 2299 1357 2364 Quid
1415 2298 1525 2354 sint
1569 2296 1675 2351 hoc
1720 2295 1844 2351 loco
1903 2291 2102 2364 βοῦτζα

528 2395 816 2465 quaeritur.
849 2395 987 2449 Puto
1037 2394 1182 2448 idem
1206 2393 1352 2462 quod
1382 2391 1605 2462 βουτζαῑ
1645 2399 1702 2445 et
1735 2387 1978 2460 βουτζία,
2007 2401 2104 2441 vo-

529 2487 720 2540 cabula
745 2484 952 2540 dudum
979 2484 1247 2553 explicata
1284 2499 1313 2538 a
1366 2481 1629 2547 Menrsio,
1661 2479 1806 2536 dolia
1844 2478 2106 2533 videlicet

531 2579 744 2632 vinaria
773 2578 952 2648 lignea
980 2577 1236 2639 rotunda,
1267 2575 1512 2645 qualium
1560 2574 1772 2644 liquore
1803 2586 2103 2626 vacuorum

530 2680 588 2726 et
615 2680 759 2725 terra
791 2671 1137 2740 oppletorum
1185 2685 1319 2724 usus
1365 2677 1450 2724 est
1494 2668 1756 2736 frequens
1804 2665 1858 2720 in
1903 2664 2105 2720 subitis

530 2761 1028 2826 obvallationibus;
1084 2776 1222 2830 quas
1265 2759 1404 2815 Galli
1453 2759 1617 2814 hodie
1663 2757 1968 2812 barricades
2011 2771 2139 2812 vo-.

533 2861 680 2913 cant.
709 2853 837 2922 quia
884 2853 1030 2907 dolia
1084 2853 1298 2908 vinaria
1352 2852 1611 2914 barricas,
1648 2851 1786 2912 sive,
1819 2857 1880 2903 ut
1925 2849 2107 2904 solent

534 2944 802 3009 scribere,
837 2944 1129 3014 barriques,
1157 2945 1456 3013 appellant.
1483 2944 1633 2998 Italis
1655 2940 1923 3012 ejusmodi
1959 2939 2107 2994 dolia

534 3036 677 3089 botte
707 3035 988 3098 dicuntur,
1021 3049 1155 3090 voce
1183 3036 1418 3105 propius
1477 3033 1775 3089 accedente
1806 3030 1874 3084 ad
1908 3044 2104 3086 sonum

533 3129 699 3193 butzi,
733 3127 892 3198 cujus
935 3127 1302 3197 significatum
1356 3126 1570 3181 obtinet
1597 3132 1653 3180 et
1691 3123 1920 3178 fortasse
1951 3121 2107 3191 origo

534 3228 642 3274 est.

609 3314 860 3380 Γλυκὺς
881 3312 1104 3382 ἀγκών,
1132 3328 1186 3382 p.
1218 3313 1372 3368 MJn
1402 3311 1568 3380 hujus
1596 3307 1946 3366 enarratione
1981 3305 2109 3360 ada-

533 3403 608 3474 gii
652 3403 924 3460 dissident
977 3405 1212 3459 invicem
1259 3403 1601 3474 grammatici
1642 3400 1933 3456 sententiis
1977 3412 2110 3452 con-

536 3495 702 3550 trarie
735 3495 1065 3551 commissis.
1101 3495 1377 3549 Zenobius
1403 3503 1553 3549 cent.
1587 3494 1644 3559 2,
1680 3509 1735 3546 ιι.
1774 3491 1862 3552 92,
1896 3491 2112 3557 Anony-

537 3601 663 3640 mus
693 3585 1020 3642 Vaticanus.
1046 3595 1192 3641 cent.
1226 3587 1247 3639 i
1285 3602 1342 3640 ιι.
1377 3586 1466 3642 55.
1518 3584 1842 3639 Eustathius
1871 3581 1956 3654 [Ρ.
1983 3579 2108 3652 46⁵1]

537 3679 603 3731 ad
633 3677 792 3732 Iliad.
826 3695 879 3744 κ,
919 3693 972 3748 p.
1004 3678 1098 3733 79!
1123 3679 1218 3734 ed.
1256 3679 1394 3732 Rom
1425 3718 1440 3743 ,
1466 3677 1808 3732 contendunt
1837 3691 1935 3746 per
1968 3675 2112 3730 anti~

539 3768 786 3837 phrasim
820 3768 928 3823 dici
957 3769 1024 3824 de
1057 3785 1115 3824 re
1156 3770 1410 3824 molesta.
1451 3768 1652 3823 Suidas
1683 3776 1874 3822 contra
1900 3767 2112 3836 judicat

539 3869 687 3915 cent.
717 3860 772 3925 4,
806 3877 861 3914 ιι.
887 3860 975 3925 94,
1007 3861 1089 3914 sic
1126 3861 1272 3914 enim
1304 3860 1501 3914 scribit
1533 3878 1548 3913 :
1588 3860 1797 3922 Γλυκὺς
1829 3858 2015 3926 ἀγκὼν
2049 3859 2111 3912 οὐ

540 3953 666 4007 κατ’
705 3955 1080 4021 ἐναντίωσιν-1)
1117 3954 1408 4022 παροιμία.
1470 3952 1632 4006 Ἀλλὰ
1684 3952 2011 4022 βουλόμενος
2039 3953 2115 4005 εἰ·

543 4045 690 4108 πεῖν,
725 4036 1006 4112 (ξι-γλυκέα
1058 4044 1163 4116 ἢθη
1222 4045 1495 4114 ἐχρήσατο
1554 4043 1779 4097 Πλάτων
1806 4043 1834 4094 ὁ
1868 4042 2111 4111 κωμικὸς

543 4141 604 4190 ἐν
632 4139 709 4208 τῷ
731 4138 931 4193 Φάωνι.
967 4139 1149 4209 Γέρων
1193 4137 1238 4190 δ’
1269 4137 1416 4207 αὐτῷ
1445 4137 1736 4191 ὑπόκειται
1777 4135 1919 4206 ἐρῶν
1949 4136 2115 4204 αὐλη-

541 4231 744 4299 τρίδος,
779 4223 822 4298 ᾧ
851 4231 1090 4301 χρυσοῦν
1123 4231 1378 4299 ἀνάδημα
1406 4272 1417 4281 .
1443 4269 1456 4282 .
1482 4269 1528 4284 ..
1565 4224 1609 4283 ὦ
1643 4230 1850 4298 γλυκὺς
1902 4227 2111 4296 ἀγκών.

543 4322 728 4378 Suida:
771 4324 1138 4395 Pachymeres
1181 4324 1449 4379 accedens
1494 4323 1710 4378 facilem
1771 4323 1837 4377 ad
1896 4321 2115 4393 quidvis

544 4415 724 4470 cuivis
776 4415 1195 4486 gratiﬁcandum
1255 4415 1516 4487 Ctzyleni
1566 4415 1813 4487 episc0pi
1868 4417 2112 4470 animum

545 4506 650 4562 hac
676 4507 913 4562 formula
937 4507 1229 4574 expressit.

616 4598 831 4664 Δεῖξις,
899 4614 957 4666 p.
1005 4598 1130 4654 5%.
1181 4598 1320 4665 Quid
1375 4599 1448 4654 sit
1499 4601 1601 4655 hoc
1640 4600 1761 4654 loco
1797 4597 1981 4662 δεῖξις.
2018 4597 2115 4652 diu

545 4687 794 4757 quaesivi.
829 4687 942 4742 Nec
972 4688 1213 4757 vulgaris
1242 4688 1394 4742 notio
1421 4689 1753 4744 ostensionis
1799 4688 1884 4742 vel
1931 4698 2116 4742 osten-

547 4780 913 4844 tationis,nec
940 4779 1232 4848 peculiaris
1253 4795 1417 4849 quam
1443 4788 1594 4834 notat
1625 4778 2118 4844 Plutarchus,Con-

547 4871 806 4926 nivalium
829 4888 1129 4925 sermonum
1159 4871 1200 4926 l.
1219 4887 1339 4938 vm,
1358 4879 1552 4940 quaest.
1574 4871 1662 4932 l5,
1685 4870 1891 4924 docens
1916 4872 1994 4925 sic
2018 4886 2117 4924 vo-

547 4965 661 5019 cari
690 4965 929 5032 Speciem
979 4972 1074 5018 aut
1105 4973 1317 5033 partem
1366 4963 1659 5033 quamdam
1689 4963 1970 5033 ὀρχήσεως
2003 4963 2118 5017 sal-

550 5056 900 5119 tationis,huc
923 5056 1219 5125 quidquam
1243 5055 1783 5125 faciuntAliqnando
1805 5057 2121 5126 suspicabar

552 5148 720 5213 δεῖξιν
747 5158 1002 5204 vocatum
1028 5165 1276 5218 campum
1309 5149 1601 5218 quemdam
1632 5150 2007 5204 suburbanum
2028 5166 2122 5204 ur-

551 5241 607 5295 lzi
627 5239 1004 5310 Adrianopoli,
1040 5241 1093 5294 in
1122 5255 1230 5309 qua
1253 5249 1383 5294 tunc
1406 5239 1784 5294 diversabatur
1822 5239 2119 5309 imperator

554 5331 809 5398 Michael,
857 5334 1186 5392 exercitum,
1237 5340 1296 5385 nt
1343 5331 1482 5384 solet
1517 5330 1656 5395 fieri,
1698 5331 1752 5385 in
1791 5331 1988 5386 castris
2018 5331 2119 5384 ha-

557 5425 690 5478 bens
715 5423 1054 5478 suburbanis
1086 5423 1208 5476 loco
1236 5421 1401 5487 δεῖξις
1428 5429 1622 5475 vocato
1657 5422 1873 5491 positis,
1901 5422 1966 5476 ad
1999 5437 2122 5491 qua:

552 5527 612 5571 8e
641 5516 735 5570 ille
759 5526 874 5570 tum
897 5516 1039 5570 forte
1076 5513 1403 5568 contulisset
1437 5529 1560 5568 cum
1590 5515 1872 5569 nuntiatus
1905 5523 1988 5568 est
2023 5514 2116 5568 ad-

552 5619 753 5663 ventus
783 5607 1038 5663 Caasaris.
1077 5605 1190 5661 Nec
1224 5606 1517 5660 abludcret
1549 5621 1682 5661 usus
1718 5605 2122 5675 praepositionis

553 5699 675 5767 ἀνὰ,
711 5715 833 5770 qum
858 5714 1001 5768 saepe
1031 5699 1320 5768 aequivalet
1349 5698 1557 5752 Latinae
1585 5715 1698 5767 per,
1730 5708 1785 5752 et
1815 5699 1994 5753 locum
2026 5713 2124 5767 per

551 5807 715 5862 quem
760 5791 875 5846 itur
903 5791 1150 5846 denotat.
1188 5789 1281 5844 Sic
1327 5790 1598 5845 Homerus
1629 5790 1796 5844 habet
1833 5789 2012 5842 Ὀδυσ.
2048 5789 2076 5855 ξ
2106 5806 2120 5842 :

554 5884 732 5955 χῶρον
773 5884 856 5936 ἀν’
905 5884 1162 5954 ὑλήεντα,
1214 5902 1308 5956 per
1356 5885 1520 5940 locum
1575 5883 1942 5955 sylrosum,et
1993 5883 2120 5938 alibi

2201 629 2423 690 ptornm
2456 615 2813 670 classicorum
2866 607 3180 666 testimonia
3227 606 3280 660 in
3330 611 3588 674 promptu.
3630 601 3720 656 Sed

2202 711 2365 778 figere
2419 705 2744 761 sententiam
2798 703 2852 756 in
2911 701 3228 770 conjectura
3283 708 3425 748 mera
3474 707 3574 746 non
3621 705 3724 744 sum

2201 815 2390 864 ausus,
2431 799 2611 852 donec
2643 795 2949 850 auctoritas
2977 807 3063 846 me
3107 791 3332 844 doceret
3355 787 3537 840 idonea
3567 785 3722 837 locum

2203 892 2277 947 ita
2327 891 2672 945 nominatum
2721 900 2894 957 prope
2945 880 3358 950 Adrianopolim
3391 877 3567 930 fuisse.
3606 873 3724 928 Illud

2203 979 2259 1032 in
2291 977 2397 1030 hoc
2435 976 2601 1030 dubio
2627 974 2776 1044 quod
2809 973 2992 1027 minus
3037 967 3470 1025 inverisimiliter
3499 977 3729 1033 sequerer

2201 1085 2260 1125 se
2294 1083 2468 1123 unum
2508 1067 2730 1130 obtulit,
2770 1073 3034 1119 novatum
3075 1064 3129 1116 in
3164 1077 3267 1115 usu
3298 1047 3444 1112 vocis
3479 1057 3628 1124 hujus
3655 1053 3731 1107 hic

2202 1160 2410 1229 aliquid
2461 1173 2762 1228 agnoscere
2811 1173 2880 1210 ex
2924 1154 3296 1225 posteriorum
3341 1148 3561 1204 militari
3588 1146 3732 1200 disci-

2202 1250 2350 1320 plina
2411 1259 2746 1318 temporum.
2799 1245 3006 1313 Nempe
3043 1241 3262 1304 Franci,
3320 1239 3413 1308 qui
3461 1251 3553 1306 per
3579 1233 3733 1288 Asiam

2205 1338 2346 1392 sacri
2375 1337 2506 1392 belli
2533 1351 2697 1390 causa
2727 1334 2820 1388 diu
2852 1331 3245 1391 militaverant,
3280 1340 3482 1382 census
3507 1323 3733 1384 militum,

2203 1429 2396 1499 quales
2422 1429 2658 1483 maxime
2699 1425 3091 1482 solvendorum
3127 1423 3328 1490 cuique
3369 1415 3733 1487 stipendiorum

2203 1519 2496 1574 occasione
2533 1533 2562 1573 a
2605 1517 2747 1572 duce
2783 1516 2903 1584 ipso
2941 1526 3200 1582 supremo
3234 1525 3359 1580 rege
3395 1516 3488 1563 aut
3531 1507 3736 1573 impera-

2205 1617 2326 1662 tore
2373 1607 2756 1671 celebrantur,
2783 1614 3014 1661 montres
3048 1603 3326 1672 hodieque
3368 1606 3578 1657 vocant.
3603 1593 3736 1665 quasi

2205 1697 2422 1752 diceres
2477 1698 2817 1759 ostensionea,
2879 1695 3083 1765 quibus
3130 1692 3344 1746 scilicet
3393 1687 3739 1757 unusquisque

2205 1790 2439 1845 militum
2481 1788 2549 1844 ad
2590 1803 2795 1843 nomen
2822 1787 3025 1840 citatus
3058 1800 3116 1840 se
3153 1781 3395 1838 ostendit
3422 1789 3581 1848 atque
3605 1775 3741 1831 exhi-

2130 1862 2175 1920 Β
2203 1880 2316 1934 bet.
2351 1879 2694 1933 Manifestum
2727 1890 2908 1932 autem
2936 1887 3040 1940 est,
3077 1877 3125 1930 si
3148 1877 3272 1945 quis
3297 1887 3485 1928 vocem
3511 1869 3742 1925 Gallicam

2206 1980 2410 2025 montre
2439 1969 2630 2026 Graeco
2675 1968 2944 2024 vocabulo
2983 1967 3116 2021 velit
3171 1965 3423 2027 reddere,
3470 1976 3574 2015 non
3615 1955 3743 2011 aliud

2203 2059 2386 2131 aptius
2419 2069 2766 2130 reperturum
2790 2057 2954 2128 667
2993 2056 3216 2111 nomine
3249 2054 3433 2119 δεῖξις.
3461 2052 3562 2106 Res
3585 2057 3744 2102 autem

2203 2151 2319 2220 ipsa
2347 2149 2648 2204 narrationi
2691 2149 2974 2218 aptissime
3014 2145 3286 2214 congruit,
3323 2151 3384 2197 ttt
3413 2141 3637 2203 dicatur,
3663 2137 3746 2190 im-

2203 2245 2513 2308 peratorem
2545 2253 2612 2292 ex
2645 2237 2780 2292 urbe
2813 2236 2870 2290 in
2901 2236 3081 2290 vicina
3106 2241 3283 2290 castra
3303 2247 3498 2289 census
3521 2224 3744 2283 militaris

2203 2339 2260 2386 ct
2293 2329 2587 2384 solutionis
2619 2327 3026 2398 stipendiorum
3053 2341 3220 2382 causa
3247 2325 3540 2396 prodiisse,
3581 2319 3745 2387 ibique

2207 2435 2486 2492 repertum
2529 2438 2655 2475 cunt
2685 2420 2735 2476 ei
2780 2421 3070 2476 nuntiatus
3093 2433 3350 2475 accessus
3378 2415 3446 2472 ad
3471 2429 3591 2470 eum
3634 2407 3745 2464 novi

2205 2519 2290 2564 est
2316 2509 2566 2565 Caesaris.

2279 2597 2690 2664 Δεφενδεύειν,
2749 2612 2804 2666 p.
2853 2597 2978 2650 175.
3029 2594 3387 2664 Δεφενδεὺειν
3461 2591 3616 2663 plane
3662 2599 3748 2658 pro

2207 2686 2363 2752 tueri,
2407 2698 2699 2758 protegere,
2731 2687 3011 2757 defendere
3054 2687 3304 2756 ponitur.
3339 2685 3449 2740 Nec
3490 2696 3630 2736 nunc
3655 2677 3753 2747 pri-

2206 2792 2355 2831 mum
2405 2778 2509 2831 hoc
2567 2778 2798 2832 verbum
2844 2793 2875 2831 e
2925 2777 3084 2832 Latio
3132 2776 3337 2831 transit
3380 2776 3435 2830 in
3477 2769 3750 2827 llelladcm.

2206 2865 2413 2922 Glossae
2459 2866 2821 2921 Basilicorum
2853 2865 3236 2936 διφενδεὺεται
3276 2863 3554 2933 explicant
3586 2857 3752 2922 ὲξκου-

2210 2958 2448 3020 σεὺετιιι,
2483 2959 2802 3012 ἐκδικεῖται.
2837 2956 2943 3012 Sed
2984 2957 3102 3010 haec
3126 2955 3379 3010 defensio
3401 2947 3664 3024 judicialis
3684 2951 3755 2998 est

2209 3058 2564 3118 patronorum
2615 3058 2709 3103 aut
2747 3049 3142 3104 advocatorum
3195 3062 3326 3102 reos
3367 3038 3749 3099 excusantium,

2209 3152 2304 3196 aut
2335 3141 2401 3195 ab
2427 3141 2494 3195 iis
2520 3141 2750 3195 crimina
2785 3141 2997 3211 objecta
3038 3138 3348 3194 refellendo
3369 3129 3755 3206 depellentium.

2135 3207 2176 3263 θ
2210 3232 2377 3300 Magis
2393 3231 2501 3285 huc
2521 3231 2649 3284 facit
2671 3207 3002 3286 declaratum
3025 3231 3219 3285 iisdem
3243 3230 3444 3301 glossis
3461 3223 3755 3283 vocabulum

2207 3325 2547 3394 Gszpévcwpe;
2576 3324 2630 3376 in
2653 3323 2801 3377 hunc
2827 3324 3050 3376 modum
3082 3341 3095 3378 :
3122 3324 3186 3375 Ol
3223 3322 3368 3392 μετὰ
3384 3322 3504 3383 τοὺς
3533 3311 3755 3385 κουρσῶο

2211 3431 2308 3486 ρας
2335 3413 2454 3484 ἤτοι
2485 3414 2800 3481 προμάχους
2827 3409 3319 3472 ἐπακολουθοῦντες
3349 3409 3481 3480 πρὸς
3508 3403 3757 3469 ἐκδίκησιν

2211 3505 2413 3559 αὐτῶν.
2454 3504 2639 3560 Utitur
2687 3511 2744 3557 et
2789 3502 2920 3557 alibi
2972 3512 3162 3556 noster
3206 3502 3316 3556 hoc
3363 3500 3552 3563 verbo,
3584 3502 3756 3560 nempe

2211 3593 2252 3648 1.
2291 3609 2369 3658 ιιι,
2407 3609 2459 3648 c.
2491 3593 2558 3646 18
2585 3592 2687 3646 sub
2720 3591 2905 3654 finem,
2937 3593 3016 3647 sic
3045 3592 3299 3647 scribens
3327 3609 3341 3647 :
3373 3593 3482 3644 Καὶ
3527 3588 3631 3654 γὰρ
3677 3574 3757 3634 iul

2212 3685 2313 3748 τὰς
2359 3686 2467 3739 τῶν
2518 3684 2732 3739 Ἰταλῶν
2789 3684 3036 3753 (οἰκίας)
3074 3682 3250 3752 χρεὼν
3303 3679 3372 3753 ἦν
3420 3674 3754 3748 δεφενδεύειν.

2217 3775 2427 3830 Etenim
2462 3785 2514 3828 et
2541 3778 2718 3829 domos
2757 3773 3024 3828 Italorum
3081 3775 3359 3843 defendere
3416 3773 3761 3842 imperatorem

2217 3867 2514 3936 Oportebat,
2572 3866 2677 3920 hoc
2713 3874 2818 3929 est,
2855 3865 2923 3919 ab
2961 3864 3159 3936 injuria
3215 3875 3365 3919 tutas
3401 3871 3671 3934 prrestare,
3715 3861 3761 3907 et

2216 3958 2499 4012 vindicare
2528 3957 2572 4012 si
2603 3958 2734 4028 quid
2763 3957 2959 4012 fuisset
3004 3958 3057 4011 in
3089 3972 3184 4011 eas
3213 3968 3409 4011 contra
3439 3957 3526 4026 jus
3554 3953 3758 4005 factum.

2218 4051 2345 4118 Agit
2399 4050 2468 4104 de
2517 4050 2771 4104 domibus
2813 4048 3189 4104 Gcnuensium
3255 4047 3461 4102 Galatze
3517 4041 3764 4116 permissu

2219 4142 2571 4212 imperatoris
2601 4141 3004 4204 habitantium;
3035 4155 3172 4209 quas
3202 4155 3327 4193 cum
3353 4138 3544 4195 Veneti
3573 4135 3764 4188 flamma

2219 4235 2418 4305 injecta
2473 4233 2871 4308 corrupissent_,
2922 4231 3090 4284 multa
3139 4231 3207 4284 iis
3259 4247 3358 4300 per
3402 4230 3763 4297 imperatorem

2220 4329 2423 4385 indicta
2461 4330 2719 4383 damnum
2764 4341 3020 4396 reparare
3053 4332 3181 4379 sunt
3206 4324 3500 4394 compulsi.

2283 4421 2374 4493 ~[P.
2406 4418 2532 4490 468]
2580 4420 3033 4489 Διακινήσιμος,
3078 4432 3128 4487 p.
3165 4415 3254 4472 50.
3297 4417 3378 4485 Τῇ
3413 4415 3519 4484 γὰρ
3561 4404 3769 4474 δευτέρᾳ

2149 4535 2192 4589 ῃ
2222 4512 2512 4582 ἑὸδομάδος
2548 4511 2686 4581 μετὰ
2716 4511 2816 4579 τὴν
2853 4509 3248 4577 ἁναστάσιμον,
3281 4506 3456 4576 iiii-8h
3497 4503 3586 4556 καὶ
3615 4501 3772 4589 διακι-

2225 4606 2454 4674 νήσιμον
2485 4603 2753 4670 λέγουσιν.
2793 4603 3104 4673 Legebatur
3135 4601 3191 4655 in
3225 4616 3328 4655 ms.
3360 4597 3640 4656 mendose,
3668 4585 3770 4657 opi-

2224 4713 2346 4759 ηονο
2383 4699 2484 4766 τῆς
2513 4696 2620 4766 γὰρ
2667 4695 2948 4765 δευτέρας,
2995 4694 3152 4764 quasi
3205 4693 3508 4747 referretur
3544 4687 3607 4742 ad
3637 4682 3772 4736 ἐϐδο-

2226 4789 2412 4857 μάδος.
2444 4787 2598 4853 Quod
2631 4804 2662 4842 a
2693 4797 2844 4842 recto
2889 4787 3110 4840 aberrat
3144 4803 3156 4839 :
3190 4801 3299 4838 non
3341 4783 3488 4836 enim
3541 4768 3772 4832 meminit

2223 4877 2479 4930 secundae
2508 4877 2815 4946 cujuspiam
2864 4873 3244 4936 hebdomadis,
3278 4870 3373 4925 sed
3420 4869 3568 4923 feria:
3593 4876 3772 4918 secun-

2221 4968 2304 5024 da:
2338 4969 2705 5022 hebdomadis
2728 4967 3030 5027 Paschalis.
3063 4982 3186 5035 qua:
3233 4965 3370 5018 feria
3417 4962 3562 5015 diem
3609 4964 3773 5009 resur-

2221 5061 2486 5114 rectionis
2512 5060 2726 5114 Domini
2754 5059 2970 5127 ἀμέσως
2996 5057 3269 5126 sequitur,
3296 5055 3367 5107 ita
3395 5062 3454 5107 ut
3489 5053 3541 5105 in
3564 5045 3774 5111 δευτέρᾳ

2224 5152 2560 5221 intelligatur
2602 5150 2808 5220 ἡμέρᾳ,
2859 5158 2914 5202 et
2937 5147 3089 5217 ldum
3135 5146 3233 5216 τὴν
3277 5146 3645 5208 ὰναστὰσιμον
3685 5147 3772 5200 ape

2223 5245 2413 5312 pellat,
2454 5258 2562 5296 non
2593 5241 2862 5310 ἑϐδομάδα
2894 5238 3290 5306 subintelligat,
3323 5235 3419 5287 sed
3455 5233 3663 5301 ἡμέραν
3692 5227 3774 5277 aut

2223 5334 2440 5403 ἑορτὴν,
2481 5333 2585 5386 hoc
2623 5341 2706 5386 est
2741 5329 3071 5384 dominicam
3109 5329 3282 5397 ipsam
3336 5324 3578 5386 Paschae,
3626 5327 3771 5387 quam

2227 5425 2516 5482 Vaticanus
2579 5423 2964 5492 paraphrastes
3011 5429 3171 5474 vocat
3221 5419 3326 5471 hoc
3359 5415 3480 5469 loco
3520 5403 3771 5480 κυριακὴν

2224 5522 2371 5583 vim,
2428 5519 2594 5578 diem.
2618 5517 2878 5570 nimirum
2917 5532 3080 5586 quam
3129 5513 3258 5569 fecit
3293 5513 3578 5567 Dominus.
3608 5494 3765 5557 Graeci

2223 5612 2368 5666 enim
2425 5610 2824 5680 hebdomadem
2867 5624 2988 5678 quae
3036 5608 3230 5677 incipit
3275 5620 3304 5658 a
3347 5603 3438 5657 die
3481 5597 3657 5655 statim
3694 5605 3771 5644 se-

2227 5712 2429 5773 quente
2455 5703 2598 5756 diem
2632 5701 2876 5764 Pascha),
2911 5701 3008 5769 τὴν
3037 5699 3421 5768 διακινὴσιμον
3451 5689 3765 5756 nuncupavi.

2228 5795 2308 5848 uti
2335 5803 2388 5847 et
2409 5809 2528 5847 eam
2559 5809 2680 5863 qua:
2709 5792 3002 5846 inchoatur
3032 5789 3296 5859 postridie
3334 5796 3540 5840 octava:
3568 5774 3766 5834 Pascha!

2225 5888 2511 5942 nominant
2556 5884 2823 5956 ἑδδομάδχ
2870 5884 2962 5936 τοῦ
3014 5884 3202 5954 enipi,
3256 5877 3399 5951 quod
3434 5876 3508 5931 illi
3546 5877 3762 5941 quoque.
