4036 6396
363 443 471 510 729

1731 449 2017 511 GLOSSA
2030 451 2074 510 li
2090 449 2254 510 lUM.

3519 449 3628 512 730

360 571 426 618 ut
460 562 666 630 Latini,
699 565 752 618 in
791 565 954 622 missa
999 573 1206 622 octavae
1250 565 1475 622 Pascha:
1508 565 1744 621 recitent
1780 581 1948 621 evan—
1979 574 2025 629 Α
2053 583 2118 620 ex
2159 566 2319 636 equis
2349 563 2554 618 milites
2599 561 2882 634 colligant,
2933 571 3209 628 recreent,
3239 563 3533 632 deportent
3581 565 3640 618 in

360 657 566 727 gelium
604 657 657 711 in
689 673 799 727 quo
829 668 1084 712 narratur
1133 658 1358 712 Thomas
1388 657 1627 727 apostoli
1665 656 1949 711 correctio

359 760 418 806 et
471 749 782 816 confessio;
841 752 999 821 cujus
1057 750 1422 806 hebdomadre
1484 750 1708 804 Thomae
1745 749 1800 803 in
1845 749 1950 803 hac

359 858 582 914 quoque
633 852 819 897 nostra
877 834 1107 897 hisforia
1173 842 1233 898 lit
1273 842 1508 904 mentio,
1561 842 1597 895 l.
1643 856 1719 904 vr,
1755 855 1804 894 c.
1859 840 1945 903 l5,

359 943 506 990 recte
541 934 811 1004 siquidem
866 933 1103 988 Iacobus
1152 934 1297 990 Goar
1329 933 1394 989 Ο.
1426 935 1486 988 Ρ.
1519 933 1572 988 in
1611 930 1948 1002 Euchologio

359 1043 417 1099 p.
463 1027 570 1082 933
618 1027 734 1082 hac
796 1028 961 1082 verba
1005 1031 1070 1098 τῇ
1133 1029 1360 1100 πέμπτῃ
1409 1027 1506 1094 τῆς
1562 1024 1948 1092 διακινησίμου

357 1117 528 1174 vertit
588 1119 719 1188 feria
772 1121 959 1190 quinta
1024 1127 1140 1189 post
1204 1119 1428 1172 Pascha.
1487 1118 1557 1174 Ut
1623 1127 1806 1171 autem
1838 1117 1949 1171 illic

357 1211 586 1282 πξμπτη
616 1211 831 1274 feriam,
861 1212 941 1266 sic
965 1211 1067 1266 hoc
1097 1213 1220 1266 loco
1253 1211 1483 1279 δευτέρα
1509 1226 1618 1264 non
1644 1208 1949 1264 hebdoma-

357 1303 507 1368 dem,
538 1311 596 1358 ut
623 1305 830 1367 monui,
861 1303 958 1360 sed
999 1302 1358 1377 hebdomadis
1411 1301 1557 1356 diem
1607 1300 1836 1364 indicat,
1869 1298 1950 1354 fe—
1985 1367 1992 1373 _

359 1397 501 1450 riam
529 1395 787 1453 videlicet
826 1396 1149 1461 secundam,
1181 1411 1289 1465 qua
1343 1385 1515 1448 l’uerit
1559 1393 1824 1484 edictum,
1879 1389 1948 1445 de

360 1502 471 1558 quo
547 1487 640 1542 hic
689 1487 891 1558 agitur,
947 1488 1378 1558 promulgatum.
1434 1485 1510 1538 Ex
1566 1485 1656 1538 his
1730 1483 1949 1539 eonlido

357 1579 733 1649 apparituram
779 1582 1170 1636 necessitatem
1234 1569 1641 1634 emendationis
1663 1577 1810 1635 σιοσὶ
1841 1577 1948 1629 btt-

353 1673 445 1743 jus
486 1687 517 1726 a
568 1689 656 1728 me
714 1673 890 1728 factae.
939 1674 1192 1728 Restaret
1254 1673 1586 1729 excutienda
1651 1671 1949 1725 diversitas

356 1765 649 1834 scriptum
678 1766 732 1820 in
757 1782 891 1820 voce
920 1767 1326 1834 διακινήσιμος,
1376 1781 1539 1835 quam
1589 1763 1681 1818 alii
1735 1763 1949 1815 διακαι-

357 1859 610 1926 νήσιμος,
670 1859 924 1912 nonnulli
973 1859 1140 1914 etiam
1212 1858 1607 1926 διακενήσιμος
1668 1855 1942 1911 scribunt.

357 1948 470 2003 Nos
494 1948 780 2003 codicibus
808 1950 1156 2005 adhaaremus
1185 1951 1392 2005 nostris
1416 1951 1497 2004 sic
1524 1959 1865 2014 constanter,
1887 1960 1948 2003 ut

360 2050 844 2112 repraesentamus,
875 2043 1274 2099 scribentibus.
1301 2043 1474 2114 quue
1503 2043 1756 2098 suilicere
1778 2043 1949 2114 668

362 2149 514 2189 nunc
553 2133 778 2205 quidem
821 2135 1076 2190 ducimus
1113 2154 1126 2188 :
1161 2152 1264 2191 nec
1308 2137 1456 2192 enim
1491 2147 1650 2190 vacat
1677 2143 1772 2188 aut
1803 2134 1945 2188 tanti

355 2236 442 2280 est
478 2229 532 2281 in
583 2227 797 2282 ratione
839 2229 964 2282 talis
1006 2227 1394 2298 appellationis
1422 2235 1518 2282 aut
1563 2239 1748 2300 etymo
1794 2227 1947 2282 vocis

353 2318 672 2388 indagando
705 2318 1038 2374 conflictari.

424 2413 791 2476 Διασωσταί,
823 2428 878 2482 p.
937 2411 1063 2466 507.
1115 2411 1243 2482 Agit
1281 2412 1349 2466 de
1397 2409 1586 2466 Alanis
1619 2411 1766 2479 Noga
1815 2407 1944 2463 sub-

350 2505 487 2568 lato,
540 2504 630 2559 cui
677 2505 1070 2568 militaverant,
1116 2505 1262 2559 ultro
1307 2520 1366 2560 se
1407 2503 1774 2560 oﬁ'ercntibus
1831 2502 1944 2556 An-

351 2597 605 2662 dronico,
653 2597 748 2666 qui
797 2611 894 2652 eos
940 2597 1091 2652 velut
1133 2596 1403 2651 divinitus
1457 2596 1656 2650 misSoS
1709 2594 1941 2664 accepit,

350 2704 624 2744 summam
669 2689 751 2744 eis
799 2689 881 2745 rei
927 2689 1184 2744 militaris
1229 2690 1578 2758 permittens,
1625 2687 1942 2742 adsciscens

351 2781 620 2836 inlocmn
651 2783 936 2852 copiarum
986 2782 1382 2848 Romanarum,
1418 2781 1558 2836 adeo
1602 2789 1664 2834 ut
1712 2778 1943 2834 delectis

349 2891 421 2929 cx
451 2875 560 2930 isto
589 2890 792 2944 genere
820 2875 913 2945 qui
953 2876 1205 2945 equitatu
1239 2890 1465 2945 operam
1498 2874 1752 2928 navaturi
1785 2873 1942 2927 vide.

353 2977 570 3029 rentur,
601 2961 880 3021 detractos
911 2967 1154 3035 propriis
1185 2967 1468 3036 equitibus
1493 2980 1665 3035 equos
1697 2965 1942 3034 assigna-

351 3059 519 3123 verit,
583 3057 732 3128 ipsos
801 3073 1024 3127 quoque
1082 3057 1360 3112 Romanos
1413 3056 1612 3112 horum
1669 3055 1940 3111 Barbaro-

353 3165 476 3203 rum
504 3149 790 3219 obsequiis
825 3148 1172 3220 mancipans.
1199 3150 1334 3204 Nam
1376 3165 1502 3202 eum
1538 3157 1687 3203 esset
1709 3147 1942 3219 jampri-

2053 669 2254 713 tutum.
2283 659 2423 711 Tum
2463 657 2530 710 iis
2553 656 2690 710 solvi
2723 655 2972 725 praecipit
2999 670 3098 724 pro
3130 655 3380 725 quolibet
3417 667 3638 709 servato

2053 751 2228 805 milite
2255 765 2542 802 nmumum
2576 765 2747 802 unum
2776 789 2789 810 ,
2827 747 2853 818 §
2882 763 3014 800 vero
3045 748 3114 801 5i
3141 747 3286 800 idem
3319 746 3425 800 Leo
3459 747 3640 816 impc-

2053 852 2137 897 rat
2183 845 2238 896 in
2284 858 2444 896 usum
2490 841 2720 895 istorum
2764 841 3156 909 deputatorum
3191 839 3316 892 addi
3361 839 3638 907 ephippiis

2052 936 2377 990 militarium
2422 951 2692 1005 equorum
2741 935 2942 990 scalam
2991 933 3262 1002 geminam
3307 932 3375 986 ad
3420 933 3634 994 laevam,

2053 1038 2114 1084 ut
2142 1029 2339 1082 harum
2371 1027 2541 1082 altera
2582 1026 2903 1096 deputatus,
2940 1025 3160 1094 quoties
3205 1041 3342 1094 opus
3375 1023 3542 1077 fuerit
3568 1023 3636 1076 ad

2003 1150 2007 1154 -
2051 1117 2364 1174 subsidium
2398 1117 2608 1186 equitis
2656 1115 3321 1184 periclitantis,-adjuvari
3362 1114 3539 1183 possit
3569 1125 3636 1167 ao

2052 1212 2428 1268 scandendum
2463 1211 2518 1265 in
2562 1225 2791 1280 equum.
2837 1207 3018 1263 Verba
3050 1208 3253 1262 Leonis
3288 1216 3418 1262 sunt
3451 1227 3463 1260 :
3492 1209 3638 1277 Πρέ-

2052 1323 2154 1359 πον
2183 1307 2335 1358 ἐστὶν
2355 1305 2443 1357 ἵνα
2472 1305 2500 1355 ὁ
2521 1303 2822 1364 δεποτάτος
2843 1302 2942 1364 τὰς
2971 1300 3067 1354 δύο
3091 1300 3292 1365 σκάλας
3326 1303 3402 1361 εἰς
3433 1302 3494 1351 τὸ
3517 1303 3640 1370 dipt-

2054 1399 2246 1469 στερδν
2281 1398 2448 1468 μέρος
2471 1397 2570 1465 τῆς
2599 1396 2756 1457 σέλας
2789 1395 2910 1466 ἔχῃ.
2948 1393 3116 1448 Addit
3145 1393 3385 1463 denique
3409 1393 3635 1448 eosdem

2053 1491 2349 1562 deputatas
2379 1488 2584 1543 debere
2614 1489 2711 1541 καὶ
2761 1488 2842 1550 εἰς
2871 1485 3114 1555 φλάσκια
3151 1483 3297 1556 ὕδωρ
3343 1484 3640 1555 βαστάζειν

2051 1583 2139 1636 διὰ
2167 1583 2294 1645 τοὺς
2323 1581 2584 1642 πολλάκις
2612 1577 3084 1647 λειποουμοῦντας
3111 1579 3479 1648 τραυματίας,
3529 1576 3638 1630 cir-

2053 1677 2333 1734 cumferre
2363 1691 2561 1746 aquam
2593 1675 2646 1728 in
2674 1673 2904 1743 lagenis,
2944 1673 3088 1725 unde
3120 1680 3381 1725 revocent
3407 1670 3473 1723 ad
3507 1685 3638 1724 sen—

2052 1788 2172 1826 sum
2204 1770 2422 1826 saucios
2449 1783 2593 1836 swpe
2639 1783 2706 1820 ex
2753 1767 2949 1820 dolore
2979 1765 3269 1818 vulnerum
3303 1771 3396 1816 aut
3420 1763 3638 1831 jactura

2053 1863 2336 1934 sanguinis
2371 1861 2680 1930 deliquium
2711 1859 3012 1928 patientes.
3050 1857 3242 1911 Obiter
3286 1856 3522 1909 observo
3567 1868 3638 1907 cx

2054 1955 2323 2010 hactenus
2348 1953 2539 2006 relatis
2567 1969 2581 2006 :
2616 1950 2764 2019 quod
2796 1949 2852 2002 hi
2886 1948 3124 2019 deputati
3155 1945 3356 2000 Leonis
3394 1945 3636 2013 impera-

2053 2047 2189 2102 toris
2219 2053 2492 2114 tempore,
2537 2051 2596 2096 ut
2627 2042 2746 2112 ipse
2780 2047 3039 2100 testatur,
3077 2038 3344 2089 scribones
3373 2034 3640 2089 diceban-

2052 2148 2164 2202 tur,
2199 2154 2322 2208 qua:
2346 2135 2523 2191 aliinis
2560 2135 2803 2190 notionis
2830 2149 2934 2188 vox
2963 2141 3049 2188 est
3084 2131 3353 2193 actuario,
3387 2128 3523 2182 satis
3548 2126 3636 2180 in-

2049 2231 2196 2286 dicat
2230 2241 2286 2285 et
2324 2230 2426 2284 hos
2465 2229 2634 2300 669
2669 2244 2737 2283 ex
2783 2227 3158 2283 actuariorum
3189 2237 3390 2294 genere
3441 2221 3633 2284 fuisse,

2048 2323 2141 2393 qui
2178 2322 2362 2384 multi,
2393 2329 2556 2391 prout
2581 2311 2927 2374 ostendimus
2966 2319 3019 2371 in
3054 2333 3118 2371 ea
3151 2331 3287 2369 voce
3318 2315 3496 2382 primo
3526 2326 3625 2365 no-

2048 2428 2165 2472 stro
2201 2414 2507 2477 Glossario,
2544 2420 2722 2468 castra
2764 2412 2894 2466 olim
2941 2411 3188 2465 Romana
3234 2406 3631 2476 sequebantur.

2047 2512 2124 2563 Ac
2159 2509 2303 2578 quod
2351 2507 2426 2561 ibi
2466 2506 2710 2561 diximus
2760 2504 3006 2557 medicos
3052 2517 3295 2570 quoque,
3343 2499 3635 2564 chirurgos

2045 2610 2102 2656 et
2132 2599 2464 2668 νοσοκόμους
2500 2598 2788 2652 universos
2829 2611 2896 2650 eo
2947 2595 3217 2648 vocabulo
3262 2592 3468 2661 pariter
3501 2605 3634 2643 cen-

2045 2691 2178 2757 seri,
2215 2689 2506 2746 conﬁrmat
2535 2689 2648 2744 Leo
2679 2679 3140 2756 idcm'Angustus
3163 2683 3353 2740 Const.
3389 2686 3442 2745 ὃ,
3477 2681 3504 2752 ς
3541 2681 3630 2746 15,
3685 2703 3698 2718 ι

2041 2783 2174 2837 dum
2205 2783 2293 2836 his
2340 2779 2664 2842 δεποτάτοις
2714 2778 3061 2833 medicorum
3097 2785 3281 2846 partes
3333 2773 3484 2827 clare
3533 2771 3631 2826 tri-

2048 2875 2194 2940 buit,
2233 2877 2314 2929 sic
2341 2873 2408 2926 de
2437 2873 2546 2926 illis
2577 2871 2832 2927 scribens
2863 2888 2877 2925 :
2911 2869 3125 2931 Οῖτινες
3156 2864 3634 2936 παρακολουθοῦν-

2041 2985 2134 3032 τες
2169 2969 2234 3038 τῇ
2278 2964 2581 3035 παρατάξει
2629 2967 2754 3026 τοὺς
2790 2966 2845 3016 ἐν
2883 2966 2949 3033 τῇ
2979 2962 3124 3032 μάχῃ
3158 2958 3504 3028 τραυματίας
3546 2972 3636 3023 γι-

2041 3063 2300 3131 νομένους
2314 3057 2787 3129 ἀναλαμϐάνονται
2821 3055 2896 3119 ὡς
2928 3054 3102 3125 ἰατροὶ
3137 3054 3233 3107 xui.
3283 3068 3484 3121 περιπο
3508 3047 3634 3103 οὖν·

2040 3169 2151 3206 τιι.
2195 3149 2334 3204 Hinc
2380 3149 2516 3204 istos
2563 3149 2667 3203 hoc
2708 3149 2832 3203 loco
2883 3159 3069 3202 noster
3104 3153 3263 3200 vocat
3294 3143 3624 3203 διασωστάς.

353 3243 480 3295 dem
519 3243 572 3296 in
602 3241 866 3298 Orientali
899 3242 1148 3313 equestri
1176 3241 1374 3298 militia
1410 3241 1678 3296 usitatum
1705 3247 1768 3294 ut
1789 3248 1937 3295 cata-
1963 3259 2007 3318 α
2041 3252 2360 3305 servatores,
2381 3257 2472 3296 seu
2492 3241 2805 3295 δεποιὰτων
2826 3255 3017 3294 vocem
3039 3233 3479 3304 usitatam,quod
3504 3234 3633 3288 alie-

350 3333 600 3402 phractis
640 3333 926 3402 equitibus
959 3335 1219 3388 adessent
1252 3334 1305 3388 in
1352 3333 1556 3404 praeliis
1589 3333 1814 3403 quidam
1846 3347 1942 3402 pe-

351 3426 516 3490 dites,
555 3427 648 3496 qui
678 3443 793 3494 eos,
829 3427 874 3481 si
899 3429 1066 3492 forte,
1091 3429 1412 3482 vulneratos
1433 3436 1527 3482 aut
1556 3427 1663 3481 alio
1691 3441 1820 3481 casu
1846 3439 1940 3496 pe—

355 3519 660 3574 riclitantes
687 3520 949 3590 juvarent
977 3529 1401 3591 servarentque,
1434 3521 1572 3576 tales
1601 3520 1724 3575 istis
1769 3518 1937 3573 mini-

353 3619 531 3665 strare
561 3610 814 3667 homines
866 3613 1144 3667 Romanos
1191 3615 1374 3685 jussit.
1418 3612 1530 3666 lloe
1564 3628 1738 3679 genus
1769 3627 1937 3683 eque—

355 3704 554 3758 strium
593 3704 977 3760 ministrorum
1028 3714 1220 3761 noster
1269 3707 1376 3761 hoc
1431 3707 1548 3760 loco
1604 3706 1935 3771 διασωστάς,

350 3796 510 3866 quasi
540 3796 688 3853 dicat
723 3808 1145 3859 conservatores.
1188 3809 1371 3854 vocat.
1437 3800 1783 3861 Δεποτάτους
1819 3798 1936 3853 sive

349 3887 736 3952 ὃιαπωτάτους
792 3891 1165 3960 appellaverat
1223 3890 1527 3946 Mauricius
1578 3890 1848 3946 recitatus
1904 3904 1935 3944 a

353 3979 590 4050 Rigaltio
623 3981 675 4034 in
707 3980 1011 4047 Glossario,
1056 3981 1135 4037 sic
1163 3984 1425 4038 continuo
1471 3997 1665 4038 eorum
1695 3981 1934 4036 ol’ﬁcium

351 4068 675 4126 describens
729 4089 742 4128 :
798 4074 861 4126 Oi
912 4072 1454 4143 παρακολουθοῦντες
1513 4075 1579 4145 τῇ
1634 4073 1787 4138 τάξει
1839 4071 1936 4124 καὶ

351 4163 482 4225 τοὺς
524 4165 582 4215 ὲν
627 4166 692 4234 νῇ
745 4165 893 4236 μάχῃ
937 4166 1286 4234 τραυματίας
1314 4165 1645 4234 γενομένους
1676 4163 1937 4232 ἀνακομι-

351 4253 539 4318 ζοντές
562 4271 618 4306 τε
651 4255 747 4308 καὶ
786 4254 1260 4325 περιποιούμενοι.
1305 4255 1567 4325 Adjungit
1611 4255 1701 4308 hic
1750 4253 1935 4308 erudi-

352 4345 601 4399 tissimus
633 4344 901 4416 Iligaltius
943 4345 1061 4400 loca
1105 4345 1256 4399 varia
1297 4344 1765 4400 Constitutionum
1797 4343 1935 4398 Leo—

351 4438 436 4491 nis
460 4437 530 4492 de
563 4438 670 4492 hoc
714 4453 913 4508 genere
955 4438 1422 4495 subsidiariorum
1454 4439 1626 4493 multa
1653 4437 1932 4494 decentia.

349 4528 561 4582 Horum
589 4528 644 4582 in
671 4545 782 4583 uno
805 4545 873 4616 ex‘
904 4529 1142 4584 Constit.
1170 4529 1277 4600 ἵης
1308 4531 1391 4596 l5,
1430 4530 1637 4584 dicitur
1666 4531 1802 4587 istos
1841 4545 1934 4585 as-

2049 3350 2134 3389 nze
2164 3342 2311 3390 esset
2340 3333 2595 3404 originis,
2627 3347 2758 3387 vere
2801 3331 2992 3387 Grtcca
3019 3338 3263 3390 mutans,
3310 3337 3370 3381 ut
3406 3327 3547 3381 solet
3574 3326 3631 3380 in

2046 3428 2370 3484 nominibus
2437 3425 2710 3481 mensium
2771 3435 2828 3479 et
2896 3421 3290 3478 occasionibus
3355 3418 3634 3474 similibus

2048 3522 2216 3594 (nam
2261 3528 2318 3575 et
2369 3532 2506 3589 quas
2556 3517 2762 3579 σκάλας
2813 3516 2978 3569 modo
3036 3512 3317 3581 descripto
3349 3511 3472 3565 loco
3519 3509 3632 3563 Leo

2047 3617 2354 3684 imperator
2391 3611 2551 3676 dixit,
2599 3612 2852 3679 stapedas
2892 3607 3212 3678 designans,
3264 3604 3634 3675 Pachymeres

2045 3706 2158 3762 vol;
2189 3705 2230 3769 Ι,
2260 3721 2314 3775 p.
2341 3704 2468 3765 411.
2510 3701 2785 3772 κλίμακας
2810 3700 3004 3754 maluit
3037 3698 3268 3764 dicere),
3319 3697 3436 3751 sive
3478 3693 3627 3764 quod

2045 3800 2190 3854 forte
2242 3808 2377 3851 tunc
2429 3795 2511 3850 sic
2547 3809 2678 3849 usus
2725 3793 3072 3855 invaluisset,
3120 3799 3182 3844 ut
3219 3790 3311 3860 qui
3344 3788 3632 3841 δεποτάτοι

2043 3891 2305 3962 appellati
2338 3889 2583 3952 fuerant,
2640 3898 2755 3941 tum
2803 3888 2967 3956 vulgo
3014 3885 3271 3940 audirent
3304 3881 3628 3935 διασωσταί.

2056 3986 2329 4039 Caeterum
2377 3982 2479 4036 hos
2505 3982 2813 4044 διασωστάς
2840 3980 3036 4034 solitos
3083 3977 3276 4040 fuisse,
3305 3975 3501 4031 saltem
3527 3973 3632 4028 Pa-

2043 4077 2321 4148 chymeris
2369 4083 2638 4145 tempore,
2681 4072 2964 4128 interdum
3008 4071 3209 4125 armari
3252 4069 3628 4124 etmilitarem

2043 4178 2306 4240 praestare
2331 4174 2557 4236 operam
2588 4175 2708 4219 tuto
2749 4163 3097 4219 deducendis
3125 4179 3223 4231 per
3246 4165 3361 4217 vias
3401 4162 3629 4216 infestas

2041 4259 2368 4324 viatoribus,
2403 4257 2567 4313 docet
2596 4273 2696 4311 nos
2730 4257 2886 4310 locus
2911 4271 2977 4310 ex
3022 4273 3076 4326 p.
3114 4256 3216 4311 59.9
3255 4255 3422 4326 hujus
3449 4257 3629 4309 histo-

2041 4353 2160 4416 riae,
2191 4349 2286 4404 ubi
2315 4349 2555 4404 refertur
2580 4347 2940 4401 Hontzerium
2971 4363 3227 4418 magnum
3253 4345 3473 4411 ducem,
3500 4361 3626 4400 cum

2041 4441 2316 4512 Magnesia
2363 4439 2902 4508 Constantinopolim
2951 4438 3371 4494 Cannaburium
3433 4453 3629 4508 quem-

2042 4538 2168 4594 dam
2210 4538 2472 4601 mitteret,
2528 4535 2820 4606 Nostongg
2853 4535 3156 4606 provinciae
3203 4536 3317 4590 illic
3365 4534 3626 4605 prwiecto

348 4620 524 4674 scclas
553 4631 610 4675 et
634 4619 916 4688 adjutores
948 4625 1196 4690 equitum
1235 4621 1363 4674 olim
1409 4621 1686 4691 deputatas
1725 4622 1924 4690 dictos,
1965 4627 2008 4682 D
2045 4630 2340 4686 mandasse
2386 4637 2447 4684 ut
2484 4631 2535 4685 ei
2570 4627 2878 4690 διασωστάς
2919 4643 2950 4683 e
3005 4628 3122 4683 suis
3165 4628 3342 4698 copiis
3371 4628 3628 4682 .comites

350 4712 556 4767 Leonis
590 4711 819 4784 Augusti
859 4723 1106 4783 tempore
1155 4715 1422 4784 appellari
1468 4716 1662 4770 solitos
1697 4715 1935 4788 σκρεϐω-

347 4825 467 4871 νας,
500 4808 779 4862 scribones.
812 4808 869 4862 ln
910 4808 1086 4863 altero
1129 4824 1197 4862 ex
1219 4810 1454 4865 Constit.
1490 4810 1578 4872 12.
1613 4809 1756 4880 εδει,
1802 4819 1936 4866 noto

348 4901 584 4970 glossam
634 4899 799 4967 hanc,
847 4901 974 4964 τοὺς
1023 4900 1354 4970 λεγομένους
1385 4902 1742 4968 δεποτάτους,
1789 4900 1936 4955 τοῦτ’

347 4991 465 5043 ἔστι
502 4993 630 5054 τοὺς
661 4992 1002 5062 Enipei-qvi;
1047 4993 1158 5046 τῶν
1199 4994 1733 5065 τραυματιζομένων
1767 5013 1937 5066 στρα-

347 5082 582 5139 τιωτῶν.
622 5083 938 5138 Praescribit
982 5084 1246 5153 deinceps
1293 5085 1496 5139 ibidem
1530 5085 1642 5142 Leo
1679 5087 1932 5158 quaedam

347 5175 494 5230 circa
522 5190 816 5229 numerum
849 5184 904 5231 et
949 5176 1224 5230 delectum
1276 5176 1476 5231 horum
1521 5177 1933 5248 deputatorum,

343 5266 548 5337 jubens
583 5266 847 5321 constitui
887 5266 954 5321 ad
995 5283 1158 5332 omne
1210 5269 1420 5337 signum
1459 5266 1668 5337 (Graece
1719 5269 1933 5338 βάνδον,

347 5375 550 5430 nempe
580 5370 818 5414 turmam
851 5370 939 5414 aut
968 5362 1108 5414 alam
1139 5361 1391 5430 equitum
1439 5360 1542 5414 sub
1575 5377 1684 5416 uno
1730 5363 1934 5417 vexillo

346 5453 705 5515 merentium,
732 5453 924 5522 quales
947 5453 1084 5508 Galli
1113 5462 1376 5507 cornettcs
1409 5458 1626 5523 vocant)
1671 5465 1798 5510 octo
1839 5465 1935 5511 aut

352 5545 417 5619 [P
468 5544 600 5616 469]
629 5545 819 5600 decem
860 5560 928 5599 ex
981 5545 1372 5614 deputatorum
1422 5546 1619 5602 ordine
1661 5548 1933 5618 ἐλαφροὺς

347 5641 443 5692 καὶ
501 5637 740 5708 γοργοὺς
793 5638 921 5690 ἄνευ
973 5638 1177 5703 ὅπλων,
1214 5637 1382 5710 agiles
1431 5650 1479 5692 et
1529 5647 1774 5694 strenuos
1824 5643 1934 5696 sine

345 5734 531 5796 armis,
560 5732 655 5800 qui
687 5731 929 5786 debeant
959 5740 1172 5786 turmas
1201 5733 1405 5803 quibus
1431 5733 1740 5789 inserviunt
1765 5734 1934 5789 inter-

343 5823 492 5878 vallo
531 5833 754 5878 centum
789 5823 988 5891 pedum
1025 5832 1178 5879 retro
1229 5824 1470 5896 insequi,
1515 5835 1577 5880 ut
1622 5825 1674 5879 in
1729 5826 1932 5896 praeliis

347 5915 661 5984 periculose
686 5915 906 5971 saucios
942 5925 1035 5971 aut
1072 5931 1404 5987 quocunque
1450 5934 1578 5975 casu
1612 5905 1932 5974 dclabcntcs

2039 4723 2222 4788 daret,
2277 4737 2517 4792 quorum
2567 4730 2720 4776 tutus
2767 4713 3030 4791 praesidio
3075 4735 3272 4774 secure
3325 4719 3432 4774 iter
3478 4719 3625 4774 istud

2038 4815 2341 4870 conficeret
2397 4834 2412 4872 :
2471 4814 2696 4886 Πέμπει
2744 4813 2882 4884 πρὸς
2931 4813 3021 4866 τὸν
3073 4811 3386 4880 Νόστογγον
3419 4828 3628 4880 παρεγ-

2037 4907 2188 4975 γυῶν
2234 4905 2508 4962 ἰκανῶσαι
2561 4907 2898 4968 διασωσταῖς
2950 4906 3015 4958 ὲκ
3062 4903 3157 4956 τοῦ
3221 4902 3623 4974 στρατιωτικοῦ

2039 5000 2130 5051 τὸν
2167 4996 2664 5066 ἁποστελλόμενον.
2692 4995 2971 5065 Atidilque
3003 5010 3132 5049 mox
3179 4994 3480 5049 historicus
3509 4993 3622 5049 N0-

2039 5101 2301 5158 stongum
2349 5087 2645 5143 ostendere
2686 5087 3037 5142 aﬂ‘ectantem
3089 5087 3380 5141 abundans
3424 5086 3626 5156 gratifi-

2036 5183 2201 5237 candi
2227 5181 2354 5236 duci
2397 5194 2595 5251 magno
2637 5181 2907 5246 studium,
2958 5181 3082 5250 plus
3127 5196 3292 5249 quant
3325 5181 3624 5250 rogabatur

2038 5275 2234 5329 fecisse
2265 5289 2280 5330 :
2318 5271 2561 5328 obivisse
2605 5273 2755 5328 enim
2791 5271 2969 5342 ipsum
3016 5289 3141 5327 cum
3189 5273 3309 5326 suis
3341 5273 3624 5342 praetoria-

2037 5366 2126 5420 nis
2167 5365 2222 5420 id
2263 5364 2527 5430 oﬂieium,
2582 5374 2639 5419 et
2683 5364 3099 5422 Cannaburium
3149 5367 3206 5420 in
3259 5366 3452 5420 urbem
3499 5381 3627 5434 per-

2037 5456 2259 5511 duxisse

2107 5549 2556 5618 Δισάμὸουλςν,
2592 5565 2714 5620 pag.
2762 5550 2885 5605 {86.
2925 5549 3066 5617 Quid
3098 5550 3315 5604 dicatur
3359 5549 3468 5603 hoc
3499 5548 3625 5605 loco

2034 5642 2428 5714 διϐάμὸουλον,
2465 5645 2853 5711 dibambulum,
2881 5663 2948 5702 eo
2998 5646 3137 5700 mihi
3174 5645 3500 5715 diligentius
3534 5655 3622 5699 est

2037 5737 2436 5807 quatrendum,
2482 5755 2593 5808 quo
2643 5739 3092 5796 doctissimorum
3143 5739 3430 5793 hominum
3460 5737 3622 5792 edita:

2037 5829 2306 5885 hactenus
2355 5829 2426 5885 de
2485 5831 2651 5903 hujus
2682 5833 2935 5888 vocabuli
2971 5833 3194 5888 notione
3249 5831 3533 5886 sentcntiae
3585 5846 3619 5886 a

2034 5938 2168 5978 vero
2199 5921 2456 5980 aberrare
2506 5924 2592 5980 vel
2641 5940 2709 5982 cx
2751 5924 2854 5982 hoc
2888 5924 3005 5995 ipso
3048 5922 3296 5980 historici
3330 5921 3505 5978 nostri
3539 5931 3620 5976 te-
