4036 6398
478 399 580 469 731

1405 403 1471 464 Ρ.
1513 401 1818 464 POSSINI
1859 399 2528 464 OBSERVATIONUM’
2548 405 2696 466 LIB.
2739 405 2793 466 Ι.

3614 409 3708 474 ’132

477 517 744 576 stimonio
779 515 1070 571 manifeste
1098 513 1617 590 deprehenduntur.
1639 515 2063 571 Eruditissimus
2089 514 2140 574 Α
2165 497 2304 580 mis,
2330 516 2410 570 sic
2457 517 2512 572 in
2546 519 2652 574 hoc
2680 534 2711 572 a
2743 519 2945 574 Graecas
2971 517 3166 574 usibus
3197 519 3552 592 discrepasse.
3585 525 3710 580 San-

477 611 721 668 Jacobus
758 611 1044 666 Pontanus
1099 617 1289 664 noster
1343 609 1401 662 in
1455 607 1685 670 Latina,
1733 623 1895 678 quam
1943 607 2063 662 sine

479 703 672 759 Graeco
699 713 958 758 contextu
986 703 1156 758 solam
1179 701 1378 766 edidit,
1411 700 1866 768 interpretatione
1886 697 2066 754 Chro-

480 795 595 849 nici
636 794 856 865 Georgii
897 794 1188 850 Phrantzis
1225 792 1664 864 protovestiarii,
1690 792 1790 846 lib.
1827 807 1906 855 Ill,
1938 805 2060 858 cap.

482 887 574 950 19,
625 902 749 957 pag.
790 887 888 942 197
922 887 1012 941 ed.
1052 886 1356 956 lngolstadt
1425 902 1556 941 ann.
1606 886 1775 947 1604.
1817 885 2065 938 referens

483 979 653 1032 ritum
713 994 823 1048 quo
885 977 1202 1046 patriarcha
1250 977 1903 1048 Constantinopolitanus
1944 975 2066 1045 ejus

483 1069 772 1139 dignitatis
812 1070 954 1125 inire
1007 1071 1415 1139 possessionem
1464 1079 1584 1126 erat
1650 1069 1869 1133 solitus,
1920 1061 2066 1122 inter

483 1161 592 1215 alia
629 1164 742 1216 base
781 1161 948 1216 habet
996 1177 1011 1214 :
1052 1161 1351 1217 Secundum
1415 1165 1525 1217 lucc
1581 1160 1889 1232 patriarcha
1944 1173 2064 1211 cum

486 1252 825 1323 lampadibus
888 1253 959 1307 ad
1009 1254 1300 1309 diababula
1327 1257 1435 1309 sive
1465 1257 1666 1308 atrium
1698 1250 2062 1306 descendebat.

483 1345 564 1401 Ita
601 1347 696 1400 ibi.
737 1347 904 1401 Recte
952 1362 1139 1416 porro,
1174 1357 1236 1400 ut
1263 1349 1482 1417 opinor,
1522 1347 1795 1401 Meursius
1820 1345 1875 1398 in
1908 1343 2064 1399 Glos-

482 1440 636 1494 sario
682 1439 853 1494 verbo
884 1438 1231 1509 Διϐάμδυλον
1256 1481 1272 1506 ,
1311 1448 1367 1494 et
1410 1454 1479 1493 ex
1517 1454 1584 1494 eo
1613 1437 1782 1492 verba
1823 1436 1938 1505 ipsa
1971 1435 2068 1489 de-

484 1533 738 1589 scribens
761 1533 992 1588 Mathias
1021 1534 1310 1589 Martinius
1345 1534 1400 1588 in
1443 1549 1546 1589 suo
1584 1532 1786 1587 Lexico
1825 1530 2068 1586 Philole-

483 1623 607 1694 gico
636 1626 808 1679 verbo
853 1624 1327 1680 Monobambulum
1373 1641 1478 1697 pro
1514 1624 1800 1679 diababula
1850 1622 2068 1678 dibam-

483 1714 614 1770 bula
673 1715 769 1770 illo
822 1715 1107 1771 Phrautzte
1157 1717 1281 1772 loco
1341 1716 1573 1771 rescribi
1609 1715 1814 1769 debere
1841 1722 2070 1783 putave-

483 1813 637 1860 runt.
669 1803 754 1877 [P.
783 1803 911 1876 470]
941 1803 1060 1859 Νοη
1091 1815 1242 1860 recte
1271 1814 1480 1869 autem,
1503 1813 1772 1874 quantum
1803 1801 2064 1865 arbitror,

484 1897 755 1968 glossema
786 1897 959 1962 illud,
1006 1898 1116 1952 sive
1161 1897 1388 1964 atrium,
1436 1912 1538 1966 pro
1585 1910 1717 1951 vera
1750 1893 1904 1950 vocis
1948 1892 2070 1962 ejus
2099 1871 2141 1927 Β

483 1990 832 2059 expositione
863 1997 1218 2060 receperunt.
1259 1988 1352 2045 Sic
1382 1989 1531 2044 enim
1561 1997 1796 2057 uterque
1830 1985 2066 2042 scribit:

483 2081 926 2152 Μονοϐάμὸυλον
949 2081 1177 2152 simplex
1201 2081 1448 2136 conclave
1481 2080 1675 2152 palatii
1709 2080 1981 2142 secretius,
2015 2077 2069 2130 in

482 2187 588 2242 qua
613 2173 1037 2244 congregabatur
1062 2173 1232 2228 clerus
1260 2174 1624 2244 patriarcham
1649 2187 1842 2226 novum
1872 2168 2072 2224 electu-

485 2281 597 2318 rus.
627 2263 862 2319 Codinus
898 2267 1011 2336 ejus
1043 2266 1283 2320 meminit
1317 2283 1335 2319 :
1371 2267 1398 2319 ὁ
1417 2265 1582 2336 670
1605 2263 1863 2334 δεύτερος
1888 2261 2072 2316 ὀστιά-

489 2373 607 2427 ριος
635 2356 859 2426 κρατῶν
893 2359 952 2410 τὸ
986 2357 1421 2428 μονοϐἀμΰυλον.
1445 2357 1581 2412 Ante
1613 2357 1710 2410 hoc
1743 2362 1862 2409 erat
1896 2354 2066 2421 aliud,

488 2455 544 2510 in
577 2451 720 2519 quod
748 2451 1045 2520 promiscue
1089 2449 1463 2504 conveniebant
1493 2464 1670 2503 omnes
1697 2449 1787 2518 qui
1821 2453 2070 2518 cuperent

484 2550 620 2602 scire
651 2559 807 2615 quem
830 2543 1001 2596 clerus
1033 2542 1397 2612 patriarcham
1431 2548 1703 2612 creasset;
1743 2546 1792 2592 et
1824 2537 1960 2592 illud
1994 2537 2073 2590 δι-

487 2637 769 2708 ϐάμΰυλον
808 2636 1103 2689 dicebatur.
1128 2635 1206 2689 lta
1235 2633 1312 2688 illi
1346 2633 1542 2702 ambo;
1580 2641 1637 2690 et
1675 2633 1782 2689 hoc
1808 2632 2070 2688 continue

486 2731 727 2802 probant
757 2729 994 2800 prolato,
1053 2742 1216 2798 quem
1247 2741 1415 2795 supra
1447 2724 1741 2796 descripsi,
1778 2723 2070 2778 Phrantzaa

487 2829 586 2877 aut
635 2821 819 2890 potius
868 2818 1104 2874 Pontani
1151 2817 1297 2873 loco.
1352 2816 1461 2872 Sed
1509 2817 1566 2870 in
1607 2815 1716 2870 hoc
1763 2823 2069 2885 utrumque

483 2912 599 2969 falli
630 2927 740 2966 non
783 2909 1129 2972 diffitehitur,
1156 2907 1251 2978 qui
1304 2905 1607 2962 attenderit
1636 2920 1803 2976 quam
1833 2904 2068 2959 ridicule

485 3003 767 3060 diceretur
799 3017 830 3056 a
867 2999 1081 3056 Codino
1126 2999 1380 3068 δεύτερος
1423 2997 1703 3068 ὀστιάριος
1756 2998 1978 3067 κρατῶν
2008 2997 2070 3050 τὸ

488 3092 924 3166 μονοϐἀμϐυλον,
952 3091 1210 3146 secundus
1253 3091 1501 3144 ostiarius
1541 3106 1706 3144 manu
1738 3099 1918 3143 tenens
1953 3088 2068 3142 Ma-

2165 619 2284 663 etus
2338 609 2652 665 Bernardus
2711 626 2876 666 serm.
2933 611 2986 666 in
3039 611 3208 667 Coena
3261 613 3474 668 Domini
3514 630 3527 666 :
3561 615 3714 672 Varia:

2163 712 2308 769 sunt,
2339 685 2561 775 ~inquit,
2610 707 2942 760 investiturw
2995 706 3283 761 secundum
3345 723 3406 761 ea
3446 707 3506 761 de
3550 710 3715 777 quibus

2165 801 2497 854 investimur.
2555 801 2705 856 Verbi
2757 803 2935 871 gratia
2975 803 3270 855 .investitur
3323 802 3594 856 canonicus
3639 821 3718 871 per

2167 891 2384 958 librum,
2421 893 2582 947 abbas
2641 910 2736 963 per
2777 893 3047 959 baculum,
3086 895 3353 962 episcopus
3387 909 3476 962 per
3496 892 3720 947 baculum

2166 993 2214 1038 et
2268 983 2530 1038 annulum
2586 985 2771 1039 simul.
2822 985 2902 1040 lta
2953 984 3070 1039 ille.
3105 984 3355 1039 Ecclesia
3401 985 3580 1040 Graeca
3623 985 3720 1040 duo

2167 1075 2391 1146 quidem
2445 1085 2501 1130 et
2543 1077 2660 1146 ipsa
2705 1077 3047 1146 conjunctim
3098 1076 3354 1130 adhibuit
3409 1076 3643 1146 symbols
3673 1076 3722 1130 in

2166 1168 2501 1224 conferenda
2550 1169 2744 1224 electis
2787 1169 3105 1238 pastoribus
3134 1177 3190 1224 et
3229 1168 3447 1238 sponsis
3481 1168 3728 1223 ecclesia-

2166 1273 2290 1312 rum
2331 1257 2664 1329 episcopalis
2691 1260 3040 1328 possessione
3085 1259 3397 1329 dignitatis,
3426 1275 3548 1330 quae
3583 1259 3725 1314 simi-

2167 1351 2296 1406 liter
2328 1351 2736 1420 responderent
2768 1351 2987 1407 duobus
3017 1355 3344 1408 memoratis
3369 1353 3542 1407 titulis
3569 1361 3728 1422 pasto-

2169 1446 2241 1498 ris
2283 1455 2338 1498 et
2378 1448 2580 1514 sponsi.
2631 1447 2703 1499 At
2759 1445 2815 1499 in
2872 1450 3050 1517 primo
3079 1446 3352 1501 duntaxat
3381 1462 3507 1502 cum
3538 1445 3728 1500 Latinis

2167 1537 2344 1592 Graeci
2368 1538 2791 1604 convenientes,
2824 1538 2880 1592 in
2922 1539 3220 1609 posteriori
3252 1539 3556 1609 lampadem
3581 1553 3731 1608 spon-

2167 1631 2246 1686 sis
2283 1631 2528 1702 praeferri
2561 1631 2776 1686 solitam
2807 1647 2876 1687 ex
2899 1632 3218 1703 evangelica
3253 1633 3516 1702 parabola
3546 1640 3599 1686 et
3635 1647 3727 1685 usu

2169 1723 2532 1780 Orientalium
2586 1727 2897 1792 nationum,
2929 1723 2998 1779 ad
3041 1725 3346 1794 nuptialem
3371 1723 3728 1779 czeremoniam

2169 1817 2819 1880 accommodatissimam,
2872 1817 3081 1871 annulo
3131 1816 3536 1886 prmtulerunt,
3583 1814 3730 1884 quem

2175 1914 2356 1961 tamen
2385 1905 2759 1963 Occidentalis
2789 1906 2857 1961 ad
2886 1908 2940 1961 id
2971 1906 3162 1977 potius
3203 1905 3464 1960 adhibuit
3483 1904 3729 1967 Ecclesia,

2173 2009 2234 2054 ut
2260 1999 2514 2070 populari
2548 1999 2692 2056 forte
2741 2000 2990 2070 gentium
3022 1998 3422 2068 Eumpaaarum
3461 1997 3596 2053 mori
3618 2013 3734 2052 cons

2172 2091 2461 2162 gruentius
2488 2089 2796 2160 conjugalis
2833 2088 3263 2146 necessitudinis
3296 2090 3534 2161 signum.
3569 2086 3729 2154 Quid-

2172 2183 2307 2254 quid
2346 2198 2511 2254 porro
2539 2183 2686 2239 circa
2729 2183 2834 2238 hoc
2887 2187 2944 2237 in
2992 2183 3400 2238 consuetudine
3431 2181 3731 2237 Latinorum

2171 2275 2361 2339 fuerit,
2393 2275 2628 2329 Asianos
2662 2273 2886 2344 quidem
2919 2275 3212 2344 episcopos
3257 2273 3524 2343 lampadis
3561 2271 3734 2342 praela-

2171 2367 2323 2421 tione
2353 2366 2672 2436 auspicatos
2695 2368 2857 2438 671
2893 2367 3243 2437 dignitatem,
3275 2376 3637 2438 praeterquam
3662 2363 3736 2417 in-

2171 2456 2361 2511 dicant
2408 2472 2533 2527 quae
2591 2455 2728 2513 alias
2785 2457 2974 2512 notavi
3031 2456 3495 2513 Observationibus
3543 2456 3648 2511 vol.
3694 2453 3733 2516 l,

2170 2559 2230 2614 p.
2279 2543 2406 2610 638,
2441 2545 2608 2600 etiam
2645 2546 2848 2601 astruit
2887 2545 3085 2601 Codini
3118 2549 3280 2603 locus
3317 2548 3384 2601 de
3412 2546 3600 2618 Ofﬁciis
3623 2560 3670 2601 c.
3705 2543 3730 2598 1

2171 2636 2230 2692 in
2282 2646 2436 2693 sexta
2493 2638 2776 2701 Pentade.
2818 2638 2914 2693 ubi
2963 2654 3132 2710 agens
3176 2638 3246 2694 de
3309 2636 3735 2695 ordinationibus

2169 2727 2559 2799 episcoporum
2600 2729 2783 2785 solitis
2805 2745 2836 2784 a
2866 2729 3177 2800 patriarcha
3203 2731 3474 2786 celebrari
3505 2729 3579 2803 (id
3602 2727 3736 2783 enim

2170 2819 2420 2876 indicant
2447 2822 2539 2877 illa
2584 2823 2704 2894 ejus
2735 2823 2904 2878 verba
2938 2824 3020 2886 εἰς
3057 2821 3155 2886 τὰς
3188 2832 3551 2894 χειροτονιας.
3576 2819 3738 2892 expli-

2169 2913 2350 2968 cantia
2388 2913 2520 2983 quid
2556 2916 2768 2984 primus
2789 2925 2846 2971 et
2891 2916 3173 2971 secundus
3201 2917 3498 2972 ostiarius
3536 2911 3727 2986 proprii

2171 3003 2277 3060 sibi
2309 3004 2545 3074 quisque
2592 3005 2888 3060 ministerii
2940 3013 3160 3076 gereret
3204 3007 3257 3061 in
3313 3022 3378 3062 ea
3407 2998 3735 3070 eaeremouia)

2170 3094 2251 3150 sic
2280 3095 2524 3150 scribit:
2568 3095 2627 3149 '0
2679 3097 2897 3168 πρῶτος
2942 3097 3224 3168 ὀστιάριος
3261 3097 3482 3165 κρατῶν
3527 3094 3618 3156 τὰς
3647 3089 3734 3144 Οὑ-

487 3183 908 3252 nobambulum,
971 3184 1016 3238 si
1082 3181 1571 3238 Monobambulum
1635 3182 1838 3236 atrium
1897 3190 2064 3244 esset,

2173 3205 2364 3260 pa;....
2400 3191 2429 3242 ὁ
2475 3188 2733 3260 δεύτερος
2765 3189 2988 3260 κρατῶν
3020 3189 3080 3242 τὸ
3117 3188 3611 3260 μονοὸάμὸουλονί
3633 3181 3736 3255 pri-

485 3279 649 3348 quale
680 3279 872 3348 utique
921 3293 1084 3331 manu
1132 3283 1308 3329 tenere
1335 3275 1462 3344 (hoc
1498 3275 1646 3329 enim
1682 3285 1769 3330 est
1821 3271 2065 3346 κρατεῖν)

484 3385 652 3424 nemo
692 3385 836 3424 unus
863 3376 1064 3438 potest.
1103 3365 1262 3423 Unde
1289 3365 1641 3420 manifestum
1672 3373 1757 3420 est
1785 3379 1853 3420 ex
1883 3373 2067 3420 mente

483 3461 678 3517 Codini
717 3460 1202 3515 Monobambulum
1260 3457 1432 3514 fuisse
1477 3472 1592 3512 rem
1625 3458 1866 3527 aliquam
1901 3471 2069 3511 manu

483 3555 830 3626 gestabilem.
861 3553 940 3609 Ac
975 3551 1209 3622 paritate
1260 3551 1572 3621 argumenti
1618 3550 1920 3606 idem‘erit
1957 3534 2070 3604 sta-

486 3647 756 3702 tuendum
803 3645 869 3700 de
903 3645 1231 3700 Dibambulo
1253 3684 1266 3708 ,
1304 3643 1452 3714 quod
1482 3643 1731 3714 ejusdem
1777 3642 1970 3699 formae
2005 3657 2071 3697 ac

486 3739 707 3812 generis
735 3753 854 3793 esse
885 3745 1172 3807 gestamen
1200 3735 1457 3790 debuisse
1499 3743 1555 3790 et
1583 3735 1722 3790 ratio
1755 3735 2070 3790 communis

486 3831 658 3904 etymi
699 3839 755 3886 et
809 3831 980 3884 series
1031 3829 1148 3899 ipsa
1180 3827 1520 3883 narrationis
1569 3827 1882 3892 Pbrantzm,
1908 3836 1965 3882 et
2007 3838 2069 3882 ut

486 3923 554 3978 ad
596 3937 714 3978 rem
759 3936 935 3975 meam
988 3922 1234 3990 redeam,
1263 3920 1354 3974 hic
1378 3919 1732 3990 Pachymeris
1758 3919 1914 3974 locus
1945 3927 2069 3974 tan-

489 4026 605 4072 tum
641 4031 750 4072 non
787 4015 1206 4071 evidentissime
1254 4013 1658 4070 demonstrant.
1713 4012 1886 4078 Quem
1918 4013 2067 4067 enim

485 4123 670 4180 quaeso
701 4117 926 4177 possent
973 4121 1197 4161 sensum
1260 4104 1601 4160 tolerabilem
1653 4103 1858 4157 habere
1900 4103 2070 4158 verba

487 4200 606 4256 haec
632 4199 806 4254 nostri
841 4200 1106 4263 auctoris,
1137 4200 1445 4269 patriarcha
1487 4199 1749 4270 pastoatli
1788 4198 1973 4252 baculo
2005 4199 2067 4251 ab

484 4293 803 4361 imperatore
835 4298 1066 4359 accepto,
1100 4290 1397 4343 honoratur
1428 4299 1475 4342 et
1509 4290 1835 4355 dibambulo,
1884 4291 1928 4344 si
1969 4291 2062 4344 Di-

489 4381 797 4435 bambulum
835 4381 1038 4436 atrium
1080 4389 1229 4436 esset
1259 4381 1545 4436 exterius?
1582 4382 1854 4446 Quidnam
1901 4382 2069 4451 igitur

485 4476 581 4531 hic
619 4474 930 4546 signiﬁcare
958 4475 1325 4545 Pachymeres
1369 4476 1544 4530 voluit
1571 4477 1735 4531 verbo
1781 4475 2067 4531 Dibambu-

2172 3294 2295 3334 mus
2336 3278 2595 3336 videlicet
2641 3281 2929 3344 ostiarius.
2983 3281 3205 3336 interim
3242 3281 3376 3335 dum
3421 3276 3737 3351 patriarcha,

2168 3380 2264 3426 aut
2303 3371 2397 3427 alii
2437 3373 2558 3442 ejus
2589 3387 2854 3429 concessu
2890 3373 3162 3444 episcopi,
3193 3389 3401 3430 novum
3438 3374 3735 3444 episcopum

2171 3463 2315 3517 intra
2364 3464 2770 3536 presbyterium
2806 3449 2938 3520 'sive
2973 3465 3122 3536 βῆμα.
3168 3473 3582 3525 consecrarent,
3608 3461 3739 3516 fores

2169 3551 2333 3607 soleas
2365 3567 2529 3605 manu
2579 3551 2822 3616 tenebat,
2850 3563 2912 3608 ut
2944 3555 3129 3607 statim
3154 3569 3249 3608 eas
3284 3554 3555 3624 panderet
3587 3561 3737 3618 atque

2169 3640 2413 3710 perfecta
2467 3643 2620 3698 intus
2660 3643 2836 3699 solitis
2890 3645 3096 3700 ritibus
3153 3645 3509 3716 inauguratio
3539 3643 3735 3698 fuisset.

2170 3729 2328 3785 Tunc
2359 3732 2505 3785 enim
2554 3733 2784 3803 produci
2835 3745 3012 3790 navus
3043 3737 3277 3792 antistes
3326 3747 3384 3794 et
3411 3734 3623 3793 ostendi
3653 3746 3738 3804 po-

2169 3823 2298 3892 pulo
2345 3823 2598 3880 debebat.
2633 3826 2771 3893 Quia
2807 3843 2939 3883 vero
2979 3829 3201 3898 prodire
3244 3829 3291 3884 is
3325 3831 3543 3885 bemate
3572 3826 3728 3882 debe-

2169 3914 2264 3968 bat
2315 3916 2516 3985 prrevia
2572 3917 2846 3988 lampade,
2898 3921 2964 3973 ad
3017 3921 3158 3976 hanc
3210 3922 3290 3975 illi
3352 3918 3732 3990 praeferendam

2169 4008 2446 4064 secundus
2475 4009 2737 4064 ostiarius
2760 4013 3043 4068 accinctus
3077 4015 3260 4068 stabat
3289 4015 3514 4085 κρατῶν
3545 4013 3603 4066 τὺ
3644 4027 3732 4079 μου

2169 4102 2504 4171 νὰμπουλον,
2557 4103 2666 4170 vel,
2711 4112 2770 4157 ut
2805 4104 2906 4158 alia
2938 4113 3020 4160 est
3068 4105 3254 4172 lectio,
3288 4108 3353 4160 τὸ
3410 4102 3738 4176 μονοὸἁμὸυ-

2168 4193 2280 4258 λον,
2315 4191 2399 4265 [Ρ.
2441 4193 2569 4266 471]
2619 4210 2784 4248 manu
2821 4203 3016 4250 tenens
3051 4208 3336 4267 gestamen
3389 4199 3476 4254 cui
3507 4208 3621 4253 erat
3655 4195 3735 4249 in-

2169 4296 2315 4342 serta
2366 4287 2576 4356 lampas
2613 4304 2753 4354 una;
2792 4306 2915 4344 nam
2952 4290 3341 4360 μονάμπονλον
3382 4308 3414 4346 a
3463 4292 3594 4362 μόνη
3634 4290 3730 4356 ἆμ-

2171 4379 2398 4431 nauata.
2451 4379 2590 4445 Quid
2653 4380 2724 4434 sit
2773 4389 2956 4434 autem
3008 4381 3302 4451 ἇμπουλλα
3363 4382 3562 4438 docent
3598 4375 3729 4434 Aetii

2172 4471 2341 4524 verba
2399 4471 2489 4525 illa
2530 4471 2627 4525 lib.
2689 4489 2762 4526 VII
2810 4473 3220 4542 ε’Δμπουλλαν
3285 4475 3502 4543 ὑελίνην
3539 4473 3734 4541 πλήσας

487 4568 644 4622 lum?
697 4567 845 4622 ldem
879 4567 1000 4622 sine
1046 4566 1217 4621 dubio
1248 4567 1394 4636 quod
1429 4568 1561 4622 alias
1587 4569 1790 4622 clarius
1841 4583 2064 4638 expres-
2097 4566 2144 4621 D
2173 4563 2377 4628 ἐλαίου,
2415 4563 2712 4634 ampullam
2765 4566 2986 4618 vitream
3020 4565 3108 4618 ubi
3150 4563 3436 4635 repleveris
3494 4564 3622 4617 oleo.
3653 4559 3741 4614 Est

483 4661 577 4726 sit,
627 4659 758 4715 dum
819 4661 988 4714 refert
1043 4660 1174 4728 (vol.
1233 4659 1376 4730 lpp.
1427 4661 1549 4730 112)
1587 4661 1856 4716 sollicitos
1916 4661 2066 4716 anti-

485 4752 644 4809 stites
704 4768 771 4806 eo
825 4752 1288 4826 quod‘Arsenius
1339 4768 1369 4807 e
1433 4754 1772 4822 patriarchio
1841 4754 1898 4808 in
1943 4769 2067 4810 mo-

483 4848 788 4902 nasterium
816 4855 1010 4915 Sponte
1037 4847 1302 4916 profugus
1325 4847 1530 4916 scripto
1559 4861 1876 4916 expressam
1911 4846 2068 4900 abdi-

487 4939 761 4994 cationem
811 4937 942 4993 dare
999 4951 1224 5008 rogatus
1255 4945 1585 5005 recusasset,
1637 4949 1694 4993 ut
1726 4939 1931 5010 aliquid
1966 4939 2065 4995 ha-

485 5034 683 5089 berent
729 5033 950 5102 st-riptae
1001 5033 1242 5089 eessioni
1294 5032 1652 5102 mquivalens.
1685 5032 1753 5087 ab
1784 5049 1851 5087 eo
1889 5035 2064 5102 repeti

487 5139 710 5180 curasse
763 5125 1068 5195 βακτηρίαν
1123 5125 1217 5177 καὶ
1271 5122 1680 5194 λαμπαδοῦχον,
1715 5122 1962 5177 baculum
2015 5131 2067 5176 et

487 5216 887 5283 candelabrum,
934 5218 1036 5272 rati
1086 5218 1132 5272 si
1171 5232 1236 5271 ea
1269 5216 1602 5272 reddidisset
1631 5232 1726 5286 per
1752 5232 1874 5285 quae
1915 5215 2068 5268 inve-

488 5310 652 5364 stitus
679 5307 1055 5378 patriarchatu
1109 5307 1310 5372 fuerat,
1343 5306 1449 5360 hoc
1481 5306 1603 5376 ipso
1629 5307 1766 5361 satis
1794 5304 2068 5359 indicatu-

490 5416 613 5454 rum
665 5401 782 5455 sedi
833 5415 891 5453 se
923 5399 1263 5459 renuntiare.
1293 5413 1358 5452 ac
1385 5398 1612 5452 liberam
1643 5398 1851 5468 synodo
1887 5397 2065 5451 factu-

490 5507 614 5545 rum
663 5491 729 5545 ad
775 5492 973 5544 novam
1012 5488 1339 5558 patriarcha:
1379 5488 1703 5542 electionem
1732 5487 2066 5557 procedendi

488 5592 839 5652 potestatem.
875 5579 976 5636 llic
1008 5580 1318 5636 necessario
1353 5579 1420 5632 de
1449 5578 1674 5648 antiqua
1707 5578 1882 5632 forma
1913 5577 2069 5632 inau-

489 5673 797 5744 gurationis
823 5673 1206 5742 episcoporum
1243 5669 1603 5740 repetendum
1626 5684 1656 5723 e
1693 5668 2067 5724 monumentis

488 5764 877 5820 ecclesiasticis
903 5761 1111 5832 aliquid
1151 5773 1260 5818 est.
1289 5763 1534 5817 Primum
1575 5771 1760 5818 autem
1789 5760 2066 5817 admoneo

491 5857 949 5914 consuetudinem
981 5856 1244 5915 Ecclesia:
1285 5856 1520 5921 Latinae,
1557 5863 1614 5910 ut
1643 5855 1698 5910 in
1731 5853 1853 5910 aliis
1887 5852 2064 5925 pluri-

2175 4671 2307 4726 crgo
2337 4655 2624 4725 ᾶμπουλλα
2657 4657 2883 4726 lampas,
2917 4666 2972 4710 et
3003 4656 3394 4727 μονάμπουλρν
3425 4657 3738 4709 instrumen-

2175 4756 2288 4802 tum
2317 4749 2596 4816 portatile,
2626 4748 2714 4802 cui
2749 4756 2897 4802 esset
2930 4764 3034 4802 una
3079 4748 3288 4817 lampas
3314 4747 3511 4803 indita.
3543 4746 3732 4802 Verum

2175 4839 2264 4893 ubi
2314 4839 2628 4910 patriarcha
2672 4840 3329 4908 Constantinopolitanus
3380 4835 3740 4908 inauguraba—

2175 4942 2285 4996 tur,
2315 4934 2448 4986 satis
2475 4933 2720 5002 prudens
2744 4933 2929 5001 quivis
2967 4932 3222 5002 intelligit
3255 4933 3467 5002 aliquid
3506 4932 3581 4986 illi
3614 4941 3736 4999 prte-

2174 5023 2321 5092 cipui
2367 5023 2599 5078 honoris
2650 5038 2814 5092 supra
2873 5015 3166 5092 episcopos
3213 5024 3408 5078 haberi
3465 5020 3732 5078 debuisse.

2173 5116 2446 5170 Nimirum
2489 5115 2619 5170 huic
2670 5116 2960 5185 prodeunti
3008 5115 3073 5168 ad
3105 5117 3369 5186 populum
3400 5131 3509 5170 non
3543 5109 3733 5183 μονάμ-

2177 5209 2374 5262 πονλον
2422 5217 2519 5262 aut
2559 5208 2972 5276 μονθὸἀμϐυλον
3003 5208 3424 5277 praeferebatur,
3477 5205 3568 5262 sed
3601 5197 3732 5272 quod

2175 5310 2364 5356 noster
2416 5301 2507 5356 hic
2556 5300 2716 5354 docet
2756 5308 2949 5354 auctor
2982 5301 3378 5371 διΰάμσουλον.
3418 5301 3490 5354 De
3518 5299 3618 5351 hoc
3650 5307 3732 5345 v0-

2173 5390 2369 5446 cabulo
2423 5390 2557 5459 quid
2623 5406 2722 5443 nos
2768 5390 2964 5444 doceat
3021 5391 3287 5454 Codinus,
3347 5390 3645 5445 videamus.
3688 5379 3731 5435 l5

2173 5484 2317 5539 libro
2376 5483 2455 5537 De
2511 5483 2710 5554 oﬂiciis,
2763 5482 2918 5538 c.10
2969 5483 3036 5538 de
3091 5481 3284 5548 festis,
3345 5481 3478 5537 dum
3514 5475 3732 5547 explicat

2174 5577 2454 5649 quomodo
2493 5591 2693 5646 pompa
2751 5575 3125 5631 instrueretur
3175 5591 3282 5646 qua
3333 5575 3626 5643 imperator
3670 5560 3730 5618 ad

2174 5669 2569 5726 celebrandum
2597 5667 2803 5723 Christi
2839 5668 3030 5724 Natale
3070 5670 3260 5724 venire
3319 5664 3637 5733 admittique
3677 5657 3729 5710 in

2173 5761 2466 5817 ecclesiam
2519 5759 2751 5825 solebat,
2785 5761 2862 5814 ait
2894 5770 3147 5830 paratum
3198 5759 3476 5814 adstitisse
3525 5755 3727 5820 lampa—

2175 5854 2386 5910 darium
2415 5870 2535 5909 cum
2577 5852 2878 5908 dibambnlo
2911 5869 3072 5908 aureo
3109 5855 3163 5909 in
3197 5868 3381 5907 manu.
3413 5848 3585 5905 Verba
3607 5843 3724 5898 sunt
