4036 6398
342 434 452 502 ’733

1669 435 2183 500 GLOSSARIUM.

3516 439 3627 513 734.

342 552 547 609 Codini
577 569 592 607 :
626 549 1024 624 Λαμπαδάριος
1077 549 1300 622 κρατῶν
1351 549 1412 602 τὸ
1452 548 1689 620 χρυσοῦν
1732 549 1926 618 etsen-

2033 554 2195 601 antea
2225 542 2362 601 solis
2390 544 2659 616 Augustis
2691 551 3010 601 reservatus
3059 544 3255 613 honos)
3291 555 3419 603 ante
3473 551 3627 620 ipsos

344 643 563 699 ϐουλον.
587 643 729 712 Quid
755 643 832 700 ita
853 658 1010 712 vero,
1039 642 1149 699 nisi
1186 641 1318 713 quia
1349 641 1502 697 hunc
1527 641 1726 712 praeire
1757 657 1924 712 opor-

343 733 498 791 tehat
527 750 860 805 processum
885 751 984 806 per
1029 735 1294 804 templum
1333 736 1620 806 Augusto?
1668 734 1824 801 Quod
1850 734 1923 796 si,

346 834 408 881 ut
431 825 694 893 vidimus,
723 827 1162 897 novo6dp6wlov
1180 835 1463 898 gestamen
1481 835 1602 882 erat
1619 827 1930 896 lampadem

343 918 568 974 unicam
597 919 861 976 insertam
890 921 1122 986 habens,
1142 919 1277 990 quid
1310 929 1479 976 restat
1507 921 1616 974 nisi
1651 930 1712 974 ut
1731 921 1930 988 διὸάμ-

344 1009 540 1064 ϐουλον
571 1011 944 1080 intelligamus
969 1021 1063 1067 aut
1095 1011 1369 1066 lucernam
1403 1011 1575 1068 fuisse
1615 1012 1930 1083 bilyclmem,

344 1102 528 1171 qualis
581 1103 840 1158 meminit
891 1104 1188 1160 Petronius
1240 1105 1296 1159 in
1354 1120 1535 1174 nuper
1583 1105 1733 1160 edito
1787 1107 1931 1176 frag-

345 1201 535 1246 mento
566 1192 948 1264 Traguriensi,
994 1206 1090 1251 ant
1142 1197 1571 1252 instrumentum
1615 1198 1762 1252 aliud
1809 1199 1934 1253 bifi-

345 1284 480 1339 dum
510 1284 564 1340 in
591 1286 816 1342 duobus
858 1289 986 1344 hinc
1016 1288 1144 1344 inde
1172 1291 1451 1360 protensis
1479 1291 1649 1345 ramis
1678 1293 1931 1362 geminas

344 1375 628 1446 lampades
680 1378 940 1434 ardentes
987 1378 1246 1434 habens?
1288 1380 1430 1436 Sane
1462 1382 1931 1452 opportunissime

343 1467 412 1520 ad
431 1468 570 1522 hanc
585 1483 698 1522 rem
729 1471 989 1526 admonet
1008 1470 1319 1536 Balsamon,
1346 1471 1693 1540 imperatori,
1709 1473 1931 1542 quando

344 1555 402 1610 in
433 1557 881 1614 solemnitatibus
927 1559 1229 1616 accedebat
1273 1562 1341 1616 ad
1394 1563 1710 1626 ecclesiam,
1742 1564 1928 1634 dupli-

341 1661 466 1701 cem
523 1647 832 1717 lampadem
885 1649 1130 1718 praeferri
1174 1643 1569 1720 coﬁsuevisse;
1613 1654 1928 1709 ministrum

341 1753 565 1808 quoque
597 1749 929 1810 gestatorem
963 1743 1084 1813 ejus
1135 1743 1370 1813 duplicis
1419 1745 1687 1814 lampadis
1718 1746 1930 1814 lampa-

341 1832 562 1886 darium
617 1844 898 1890 vocatum.
937 1835 1112 1906 Igitur
1137 1837 1284 1906 quod
1317 1836 1530 1893 Codino
1565 1840 1930 1894 dibambulum

287 1942 294 1947 ·
342 1940 566 1978 aureum
604 1926 839 1991 dicitur,
862 1943 960 1982 vas
992 1938 1078 1984 est
1116 1931 1273 2000 juxta
1298 1930 1678 1986 Balsamonem
1710 1935 1930 2002 gemina

343 2015 600 2085 lampade
654 2017 889 2089 insigne.
925 2019 1106 2086 Quare
1159 2021 1245 2076 his
1300 2023 1624 2078 auctoribus
1655 2038 1766 2079 non
1798 2040 1933 2082 sane

338 2105 450 2174 jam
477 2107 778 2164 reformido
801 2110 918 2166 falsi
947 2111 1124 2167 dicam
1146 2114 1448 2184 impingere
1473 2109 1667 2169 Latino
1693 2114 1934 2173 Phrant-

343 2213 440 2263 me,
474 2199 782 2256 dibambula
809 2218 907 2272 per
937 2206 1139 2258 atrium
1167 2209 1491 2275 exponenti.
1522 2207 1742 2263 Utinam
1771 2211 1932 2280 copia

342 2289 676 2359 inspiciendi
729 2293 956 2349 daretur
993 2297 1280 2367 archetypi
1331 2308 1637 2354 contextus.
1694 2299 1930 2366 Quaesivi

341 2377 444 2434 diu
504 2389 559 2436 et
624 2382 884 2448 sollicite,
939 2385 1035 2440 sed
1087 2385 1314 2443 frustra.
1351 2387 1581 2445 Confido
1638 2399 1822 2446 tamen
1874 2392 1930 2448 in

341 2471 554 2539 Graaca,
587 2475 633 2530 si
684 2477 895 2546 uspiam
927 2488 1127 2545 exstet,
1160 2482 1414 2537 oratione
1459 2484 1666 2539 nullam
1705 2501 1934 2555 prorsus

339 2566 509 2638 672
534 2569 914 2638 reperiendam
937 2573 1065 2626 atrii
1099 2575 1457 2631 mentionem.
1477 2577 1546 2631 Et
1562 2577 1708 2647 quod
1727 2579 1936 2634 Phraa-

347 2667 470 2714 taes
511 2661 816 2716 dibambulo
873 2664 926 2716 in
975 2664 1170 2732 plurali
1221 2666 1424 2735 posuit,
1456 2667 1765 2739 significare
1800 2678 1934 2739 puto

346 2754 594 2809 voluisse
629 2756 848 2825 gemina
872 2758 1193 2813 candelabri
1229 2745 1475 2824 brachia,
1505 2777 1740 2832 quorum
1772 2777 1928 2817 suam

345 2845 787 2916 unumquodque
839 2847 1147 2904 sustineret
1199 2850 1532 2920 lampadem.
1585 2851 1721 2919 Quis
1778 2853 1927 2908 enim

343 2944 510 3006 neget
544 2947 774 3006 perapte
817 2937 1016 2993 cadere
1067 2954 1290 2996 sensum
1320 2941 1486 2996 istum
1519 2942 1573 2998 in
1604 2944 1721 2999 haec
1761 2946 1929 3002 verba

341 3045 462 3083 cum
491 3028 830 3098 lampadibus
866 3031 937 3084 ad
975 3030 1327 3087 dibambula?

413 3124 630 3196 Opponi
667 3126 935 3182 adversus
979 3125 1096 3182 haec
1138 3136 1326 3197 posset
1374 3142 1440 3182 ex
1491 3128 1655 3182 modo
1705 3128 1929 3184 laudato

2033 647 2252 709 portata
2301 638 2592 707 conSpicui
2658 638 3016 696 ambularent
3073 639 3130 692 in
3185 639 3464 706 ecclesia,
3509 650 3622 696 tam

2033 729 2212 798 prima
2243 728 2537 799 potestatis
2575 729 2936 798 usurpatione
2987 744 3151 798 quam
3187 729 3471 797 deinceps.
3506 730 3622 784 Eli-

2034 829 2128 892 gat
2185 821 2356 892 igitur
2414 837 2607 890 aequus
2664 821 2840 875 lector
2899 831 3086 876 utrum
3141 821 3314 887 malit,
3353 838 3420 875 an
3459 831 3620 876 atate

2021 911 2258 983 unoque
2290 914 2638 970 Balsamonis
2684 914 3337 984 Constantinopolitanos
3371 913 3455 986 [Ρ.
3487 913 3618 987 472]

2032 1005 2380 1075 patriarchas
2423 1005 2476 1060 in
2529 1007 2707 1077 prima
2763 1006 3189 1061 consecratione
3241 1021 3370 1061 usos
3405 1007 3620 1061 dibam-

2032 1097 2187 1160 bulo,
2228 1097 2284 1152 in
2318 1099 2554 1168 reliquo,
2591 1099 2756 1152 etiam
2803 1099 3217 1152 solemuitatum
3265 1115 3616 1168 magnarum,

2031 1205 2132 1260 per
2167 1191 2460 1246 ecclesiam
2515 1192 2738 1246 incessu
2800 1191 3234 1246 monobambulo
3287 1202 3616 1252 contentos:

2031 1299 2100 1337 an
2133 1292 2394 1336 neutrum
2451 1283 2581 1336 dum
2639 1283 2928 1337 Balsamon
2982 1283 3257 1337 scriberet
3287 1299 3610 1336 concessum

2033 1375 2189 1446 ipsis,
2220 1387 2541 1445 utrumque,
2576 1387 2672 1432 aut
2706 1378 2898 1432 saltem
2933 1377 3110 1447 prius,
3145 1385 3275 1432 ante
3321 1377 3463 1431 hanc
3493 1377 3618 1431 edi-

2033 1479 2143 1524 tam
2174 1485 2204 1523 a
2236 1470 2581 1541 Pachymere
2610 1469 2900 1528 historiam
2933 1468 3249 1538 B_v_zantinis
3278 1467 3450 1522 fuisse
3482 1467 3622 1521 anti-

2030 1562 2257 1618 stitibus
2281 1577 2382 1632 per
2420 1577 2555 1618 suos
2590 1562 2872 1632 principes
2920 1561 3214 1614 indultum.
3243 1559 3619 1614 Confirmatur

2030 1655 2190 1725 prior
2231 1655 2521 1726 responsio
2560 1670 2628 1709 ex
2654 1670 2722 1708 eo
2763 1652 2911 1724 quod
2943 1653 3021 1708 ait
3057 1651 3372 1715 Balsamon,
3399 1652 3620 1720 episco-

2031 1746 2118 1816 pis
2147 1754 2350 1815 praeter
2373 1745 2741 1816 patriarcham
2765 1752 2821 1799 et
2845 1758 3050 1812 paucos
3069 1741 3271 1797 eximie
3296 1741 3619 1806 honoratos,

2037 1846 2097 1892 ut
2129 1837 2296 1910 Cypri
2335 1847 2392 1891 et
2420 1835 2687 1908 Bulgaria:
2719 1836 3201 1905 archiepiscopus,
3247 1834 3420 1889 fuisse
3450 1842 3617 1892 caete-

2035 1927 2114 1982 ris
2159 1937 2413 1996 negatam
2456 1928 2512 1982 in
2570 1942 2832 1998 processu
2866 1943 2964 1997 per
2993 1926 3302 1988 ecclesiam,
3348 1924 3616 1978 solemni-

2034 2017 2140 2074 bus
2171 2019 2336 2074 etiam
2394 2019 2614 2085 diebus,
2657 2019 2820 2074 unius
2875 2017 3255 2088 prtelationem
3309 2016 3616 2084 lampadis;

2035 2126 2141 2181 qua
2190 2119 2372 2165 tamen
2411 2111 2536 2166 illos
2592 2111 2648 2165 in
2707 2111 2888 2181 prima
2926 2111 3138 2165 saltem
3196 2107 3620 2178 inauguratione

2034 2201 2203 2256 fuisse
2252 2202 2646 2256 cohonestatos
2695 2202 2785 2255 vix
2846 2210 3030 2270 potest
3070 2200 3141 2253 ob
3176 2199 3436 2268 superius
3472 2197 3621 2250 dicta

2035 2293 2299 2348 dubitari.
2349 2293 2555 2358 Quidni
2600 2308 2736 2362 ergo
2791 2292 2872 2348 sic
2925 2291 3146 2346 dicatur
3183 2290 3252 2344 de
3307 2289 3622 2358 patriarcha

2035 2385 2358 2454 quoque.in
2392 2385 2568 2454 prima
2627 2385 2706 2438 illi
2760 2382 3194 2454 inauguratione
3235 2380 3618 2435 dibambulum

2035 2494 2399 2543 concessum;
2445 2479 2499 2534 in
2544 2479 2777 2548 reliquis
2828 2477 3179 2533 caaremoniis
3219 2475 3621 2530 monobambu-

2035 2571 2150 2626 lum
2208 2571 2524 2627 duntaxat?
2559 2571 2830 2642 Superest
2873 2577 2936 2624 ut
2991 2569 3366 2638 veriloquium
3420 2583 3616 2622 VOCll'll

2034 2665 2265 2719 istarum
2315 2663 2482 2734 673
2537 2661 2984 2733 μονοσάμϐουλον
3034 2671 3092 2715 et
3123 2658 3494 2730 διὸἀμδουλον
3533 2659 3620 2712 ἰη-

2035 2755 2342 2826 quiramus.
2384 2755 2526 2809 Puto
2549 2753 2811 2824 equidem
2855 2768 2886 2808 e
2919 2752 3118 2807 Latina
3141 2766 3275 2806 voce
3303 2749 3618 2804 obambulus

2036 2847 2262 2911 deduci,
2284 2855 2337 2901 et
2367 2856 2425 2901 ut
2451 2862 2592 2911 rem,
2631 2848 2702 2900 ita
2730 2861 2930 2900 nomen
2963 2844 3216 2900 iuaulam
3247 2842 3433 2898 Romm
3463 2856 3622 2895 nova:

2033 2939 2287 2994 e-veteri
2335 2939 2626 3009 migrasse.
2679 2937 2738 2992 In
2793 2937 2976 2992 aulam
3008 2937 3155 3001 dico,
3197 2951 3309 2990 non
3345 2934 3400 2988 in
3436 2932 3617 2988 eccle-

2033 3030 2196 3086 siam.
2225 3029 2361 3084 Nam
2391 3029 2740 3099 praelationes
2779 3027 3096 3098 lampadum
3127 3028 3405 3096 episcopis
3440 3038 3617 3094 usque

2033 3123 2102 3177 ab
2144 3122 2469 3193 apostolicis
2515 3123 2572 3177 in
2615 3122 2744 3178 Asia
2805 3122 3038 3177 usitatas
3096 3119 3438 3190 temporibus
3477 3117 3616 3172 scio.

342 3218 689 3285 Balsamone,
721 3219 1058 3290 singularem
1107 3220 1466 3291 imperatoris
1496 3221 1667 3276 fuisse
1716 3238 1926 3291 praero-
1958 3221 2000 3279 C
2034 3216 2296 3285 Augustis
2341 3216 2568 3286 quidem
2625 3217 2810 3286 ignem
2878 3215 3162 3284 Praelalum
3223 3213 3378 3283 prius
3427 3209 3619 3266 Ριοῐηεθ

343 3312 585 3382 gativam
647 3314 869 3382 praeviis
920 3312 1138 3368 duabus
1194 3329 1292 3382 per
1347 3313 1638 3370 ecclesiam
1671 3314 1931 3372 incedere

342 3404 717 3474 lampadibus,
757 3404 940 3474 qualis
984 3419 1089 3460 nec
1121 3406 1451 3475 patriarcha:
1480 3421 1546 3460 ac
1578 3421 1647 3461 ne
1679 3406 1782 3476 ipsi
1808 3408 1933 3476 qui-

343 3495 470 3549 dem
503 3493 843 3565 imperatrici
872 3495 1246 3550 tribuebatur.
1281 3495 1376 3549 His
1405 3494 1551 3549 enim
1598 3495 1768 3550 tradit
1809 3494 1934 3550 Bal-

345 3601 541 3642 samon
563 3586 811 3656 singulas
844 3595 1056 3642 tantum
1102 3585 1348 3657 praeferri
1395 3585 1589 3641 solitas
1629 3586 1930 3656 lampades.

343 3673 430 3729 Ad
458 3675 566 3730 hoc
592 3674 795 3746 duplex
828 3676 1118 3746 responsio
1144 3691 1264 3730 mea
1287 3685 1392 3730 est.
1429 3675 1588 3730 Prior
1619 3691 1634 3728 :
1671 3693 1779 3730 non
1809 3692 1932 3732 om-

345 3767 441 3822 nia
471 3783 596 3838 qua!
628 3768 826 3838 primis
874 3769 1141 3840 auspiciis
1191 3769 1448 3823 ineunda:
1487 3768 1776 3839 dignitatis
1812 3769 1934 3838 qui-

346 3858 580 3916 busdam
617 3861 1030 3931 magistratibus
1082 3861 1326 3933 legitime
1386 3860 1684 3927 dabantur,
1734 3861 1930 3917 eadem

346 3952 541 4008 itidem
579 3953 908 4022 quotidiana
934 3953 1058 4008 vita!
1094 3969 1197 4009 usu
1250 3953 1446 4008 tribui.
1488 3953 1635 4020 Quot
1665 3969 1933 4010 caeremo-

343 4045 454 4100 nias
513 4043 991 4114 imperatoribus,
1047 4046 1314 4117 regibus,
1397 4046 1524 4101 aliis
1580 4046 1934 4117 principibus

349 4137 753 4208 inaugurandis
818 4138 1200 4199 adhibentur,
1261 4154 1399 4209 quas
1453 4138 1607 4193 nefas
1655 4147 1741 4192 est
1788 4138 1933 4192 ultra

348 4229 504 4283 illum
545 4228 692 4282 diem
739 4228 952 4299 repeti?
983 4229 1074 4284 Sic
1103 4241 1158 4284 et
1195 4229 1249 4283 in
1287 4229 1616 4299 patriarchis
1659 4228 1933 4285 Constans-

347 4319 735 4388 tinopolitanis
792 4319 1108 4374 institutum
1167 4321 1339 4375 fuisse
1397 4324 1579 4390 potuit
1628 4331 1690 4376 ut
1755 4322 1933 4391 prima

347 4410 620 4465 duntaxat
681 4411 1033 4467 ordinatione
1087 4412 1414 4467 dibambulo
1469 4412 1930 4480 honorarentur,

346 4503 563 4573 reliqua
602 4504 714 4560 vita
761 4520 888 4560 cum
958 4503 1251 4574 prodirent
1309 4521 1406 4575 per
1461 4505 1777 4569 ecclesiam,
1818 4520 1931 4560 non

346 4686 630 4756 episcopis
675 4687 855 4758 primo
887 4688 1141 4757 ingressu
1189 4687 1246 4741 in
1301 4687 1470 4742 urbes
1512 4703 1644 4743 suas
1680 4688 1934 4742 umbellae

348 4763 622 4833 honorem
657 4779 778 4834 dari
810 4780 1086 4844 videmus,
1131 4780 1223 4849 qui
1275 4789 1464 4849 postea
1496 4790 1749 4847 negatur.
1780 4781 1934 4834 Alte-

347 4888 406 4926 ra
439 4889 456 4927 ι
486 4873 623 4928 satis
647 4887 907 4944 magnum
943 4888 1065 4929 esse
1095 4872 1394 4927 discrimen
1424 4873 1566 4926 inter
1593 4872 1934 4928 Balsamonis

345 4971 403 5018 et
454 4962 813 5034 Pachymeris
853 4972 1093 5018 aetatem.
1143 4963 1280 5018 Nam
1335 4951 1557 5018 centum
1617 4964 1733 5018 fere
1774 4961 1934 5017 annis

348 5055 640 5110 Balsamon
693 5056 1028 5128 Pachymere
1061 5055 1342 5124 antiquior
1373 5063 1480 5108 est.
1514 5055 1592 5108 Eo
1621 5061 1806 5109 autem
1849 5055 1935 5109 in-

351 5151 584 5206 tervallo
615 5151 790 5204 multa
827 5157 1046 5204 constat
1092 5150 1148 5202 in
1195 5149 1622 5217 magistratuum
1664 5139 1934 5204 ecclesia-

347 5238 620 5300 sticortim
655 5252 709 5299 et
733 5243 1084 5300 saecularium
1120 5242 1500 5314 praerogativis
1532 5251 1589 5297 et
1621 5242 1934 5299 honoribus

343 5335 520 5392 fuisse
558 5337 868 5391 immutata.
894 5335 1052 5392 Unde
1085 5350 1320 5404 pronum
1361 5343 1446 5390 est
1473 5334 1686 5390 creditu
1734 5335 1803 5390 ab
1833 5335 1936 5391 im-

347 5428 703 5499 peratoribus
744 5426 1133 5492 schismaticis,
1179 5441 1340 5480 suum
1372 5425 1936 5496 Constantinopolita-

348 5535 483 5574 num
525 5519 788 5573 thronum
836 5518 904 5573 ad
946 5519 1206 5574 invidiam
1241 5529 1298 5573 et
1331 5518 1742 5587 depressionem
1766 5519 1932 5573 etiam

349 5612 604 5664 omnium
637 5611 800 5680 primi
845 5611 1077 5665 Romani
1112 5610 1404 5665 ambitiose
1433 5610 1686 5665 attollere
1715 5619 1933 5664 certan-

349 5702 523 5760 tibus.
556 5702 715 5755 facile
770 5702 875 5755 isto
920 5701 1098 5769 spatio
1130 5715 1456 5755 concessum
1497 5709 1578 5764 ut,
1607 5715 1733 5754 cum
1768 5710 1932 5754 antea

348 5795 521 5850 unius
548 5793 869 5863 praelatione
914 5791 1190 5862 lampadis
1224 5790 1552 5861 patriarcha:
1582 5790 1932 5845 honoraren-

350 5894 466 5951 tur,
498 5883 762 5952 deinceps
826 5881 1068 5953 bilyclini
1122 5897 1342 5952 quoque
1387 5881 1614 5936 lucerna
1653 5882 1767 5950 (qui
1812 5891 1932 5936 erat

2033 3323 2198 3378 quam
2228 3308 2716 3379 Constantinopoli
2752 3309 2909 3364 fateri
2954 3322 3180 3363 necesse
3221 3317 3328 3367 est,
3355 3321 3483 3361 cum
3505 3305 3618 3374 jam

2031 3401 2316 3457 Commodi
2347 3410 2510 3456 aetate
2567 3402 2817 3456 solemne
2849 3401 3036 3456 Romae
3087 3406 3236 3454 esset
3270 3398 3453 3468 ignem
3506 3396 3620 3450 Au-

2033 3495 2208 3565 gustis
2251 3494 2522 3563 przeferri.
2565 3493 2934 3560 Herodianus,
2966 3493 3005 3546 l.
3048 3508 3104 3546 ιε
3139 3490 3414 3546 Λουκίλλοι
3447 3484 3516 3559 ἦν
3540 3486 3618 3554 τῷ

2034 3587 2312 3657 Κομμόδῳ
2357 3586 2714 3656 πρεσϐυτάτη
2750 3586 2970 3640 πάντων
3011 3584 3240 3652 assium.
3283 3582 3435 3650 Αὕτη
3474 3579 3613 3648 πρό-

2032 3695 2192 3747 τερον
2221 3678 2440 3749 Λουκίῳ
2487 3678 2654 3750 Βήρῳ
2700 3677 3074 3748 αὐτοκράτορι
3111 3672 3447 3746 συνῴκει....
3498 3669 3616 3724 ἀλλ’

2034 3771 2160 3824 ἐπεὶ
2197 3772 2394 3842 συνέϐη
2440 3771 2531 3826 τὸν
2570 3771 2804 3826 Λούκιον
2848 3772 3200 3841 τελευτῆσαι,
3251 3767 3521 3836 μενόντων
3552 3766 3620 3834 τῇ

2035 3863 2306 3934 Λουκίλλῃ
2340 3863 2440 3933 τῆς
2495 3864 2772 3934 βασιλείας
2829 3862 3161 3935 συμϐόλων,
3222 3857 3560 3930 Πομπηῖανῷ
3593 3859 3623 3910 ὁ

2035 3953 2216 4024 πατὴρ
2252 3953 2422 4024 αὐτὴν
2471 3953 2703 4020 ἐξέδοτο.
2743 3953 2912 4007 Οὐδὲν
2967 3947 3134 4025 ἦττον
3180 3951 3366 4021 μέντοι
3401 3951 3429 4000 ὁ
3469 3947 3623 4016 Κόμ-

2037 4043 2198 4112 μοδος
2233 4043 2498 4112 ἐφύλαττε
2534 4043 2634 4107 τὰς
2675 4046 2844 4112 τιμὰς
2873 4047 2940 4114 τῇ
2971 4043 3198 4110 ἀδελφῇ·
3228 4041 3324 4094 καὶ
3369 4040 3482 4109 γὰρ
3522 4039 3620 4090 ἐπὶ

2035 4133 2130 4186 τοῦ
2174 4135 2448 4203 βασιλείου
2487 4133 2681 4201 θρόνου
2717 4136 2958 4204 καθῆστο
2988 4137 3047 4188 ἐν
3073 4137 3182 4197 τοῖς
3209 4134 3485 4202 θεάτροις,
3522 4132 3619 4184 καὶ

2034 4226 2097 4279 τὸ
2151 4225 2262 4297 πῦρ
2305 4227 2736 4297 προεπόμπευεν
2769 4227 2963 4297 αὐτῆς.
3002 4227 3083 4282 En
3123 4227 3474 4282 Herodianus
3505 4227 3621 4279 Au-

2035 4321 2210 4390 gustis
2259 4321 2446 4374 Remae
2499 4321 2902 4391 imperantibus
2937 4330 3086 4376 tanto
3126 4331 3253 4376 ante
3293 4320 3615 4376 Constanti-

2035 4431 2168 4468 num
2201 4416 2562 4470 et-uxoribus
2590 4430 2785 4470 eorum
2820 4418 3001 4487 ignem
3027 4432 3245 4485 quaqua
3289 4415 3614 4470 incederent

2037 4507 2319 4575 praelatum
2365 4507 2565 4573 docet,
2620 4519 2675 4563 et
2719 4509 2804 4581 (ut
2853 4510 2958 4564 hoc
3021 4511 3204 4565 obiter
3261 4506 3619 4578 admoneam)

259 4624 261 4626 -
345 4595 453 4649 nisi
487 4596 976 4651 monobambulum
1013 4597 1147 4666 ipsis
1176 4597 1422 4666 praeiret,
1457 4604 1516 4649 ut
1551 4596 1740 4651 multis
1766 4595 1928 4650 hodie
1956 4588 2008 4648 D
2035 4597 2184 4652 solus
2208 4595 2391 4664 docet,
2434 4614 2504 4653 ne
2538 4599 2809 4654 miremur
2840 4600 2910 4654 ab
2941 4616 3053 4655 uno
3077 4600 3357 4654 interdum
3391 4609 3624 4654 auctore

2035 4690 2245 4759 scripto
2269 4699 2456 4744 notata
2489 4693 2722 4760 reperiri
2753 4693 3004 4761 quaedam
3045 4693 3174 4746 olim
3224 4708 3326 4747 usu
3352 4693 3620 4763 vulgatis—

2035 4781 2172 4836 sima
2224 4783 2456 4853 ideoque
2489 4786 2635 4853 quod
2689 4794 2822 4839 tunc
2857 4797 3044 4840 essent
3080 4786 3370 4863 notissima
3417 4786 3622 4841 litteris

2034 4873 2396 4928 scribentium
2427 4890 2535 4928 non
2568 4889 2850 4945 expressa.
2876 4876 2967 4930 Sic
3007 4876 3178 4930 fuisse
3222 4875 3275 4928 in
3314 4891 3414 4928 usu
3442 4891 3619 4944 quon-

2035 4963 2159 5017 dam
2187 4973 2243 5018 ct
2283 4965 2462 5034 pretio
2496 4967 2790 5034 quemdam
2837 4967 3105 5020 honorem
3143 4965 3334 5019 bisellii
3364 4975 3620 5022 vocatum

2035 5057 2223 5124 (quem
2277 5065 2365 5111 est
2408 5057 2706 5112 verisimile
2747 5058 2911 5112 situm
2969 5058 3140 5140 fuisse
3186 5059 3242 5112 in
3298 5059 3618 5128 praalatione

2033 5147 2169 5198 sedis
2225 5149 2446 5215 gemina:
2493 5147 2774 5216 aliquibus
2826 5148 3028 5203 eximie
3075 5151 3360 5219 concessa)
3409 5165 3477 5203 ex
3509 5165 3618 5204 una

2035 5253 2214 5308 nuper
2287 5238 2562 5307 exscripta
2619 5250 2677 5295 et
2725 5241 2944 5310 vulgata
3007 5252 3226 5298 constat
3277 5259 3375 5313 per
3435 5243 3620 5298 virum

2036 5331 2418 5412 doctissimum
2467 5331 2922 5388 Chimentellium
2966 5335 3152 5390 Pisani
3205 5336 3498 5391 marmoris
3532 5336 3619 5390 in-

2037 5423 2365 5492 scriptione,
2403 5423 2636 5491 reliquis
2669 5440 2732 5479 ea
2772 5425 2840 5481 de
2873 5443 2931 5481 re
2961 5431 3253 5483 vetustatis
3285 5443 3616 5483 monumen-

2038 5517 2114 5570 tis
2152 5515 2468 5570 silentibus.
2501 5514 2654 5572 Unde
2685 5533 2786 5572 nec
2819 5519 2864 5573 si
2895 5521 3107 5590 primus
3141 5530 3200 5574 et
3225 5521 3376 5574 solus
3408 5520 3618 5591 Pachy-

2038 5623 2218 5662 meres
2250 5609 2412 5662 istam
2447 5609 2516 5662 de
2556 5626 2665 5678 qua
2707 5627 2855 5666 nunc
2894 5613 3110 5682 agimus
3165 5613 3469 5666 dibambuli
3515 5628 3619 5668 vo-

2037 5698 2234 5752 cabulo
2267 5697 2612 5769 designatum
2635 5702 2867 5770 geminae
2902 5703 3174 5771 lampadis
3214 5711 3342 5756 ante
3383 5705 3618 5771 patriar-

2034 5790 2194 5844 cham
2221 5790 2898 5864 Constantinopolitanum
2929 5797 3303 5865 pra'lationem
3339 5797 3621 5852 memoria

2037 5881 2394 5952 prodidisset,
2433 5883 2621 5939 mirari
2666 5885 2912 5955 prudens
2960 5887 3134 5942 lcclor
3167 5897 3259 5942 aut
3301 5893 3616 5954 suspectam
