4036 6390
474 435 583 501 ’735

1393 439 1458 500 Ρ.
1502 441 1769 502 POSSIN
1780 442 1805 501 Ι
1844 440 2499 504 OBSERVATIONUM
2542 443 2687 505 LIB.
2724 443 2773 505 Ῑ.

3611 443 3717 499 736

469 549 638 606 unius
666 547 869 605 habere
919 546 1081 604 ﬁdem
1137 560 1431 623 propterea
1464 553 1712 606 deberet.
1746 551 1852 606 Sed
1899 549 2043 619 quod
2079 557 2119 611 Α
2152 550 2343 620 vemis)
2397 551 2684 604 celebraret
2713 589 2728 612 ,
2763 556 2813 603 et
2865 547 3084 614 quidam
3110 545 3308 618 ﬂabelli
3365 546 3715 601 ministerium

470 640 741 709 coepimus
786 656 1012 711 agamus
1063 640 1132 696 de
1179 643 1397 713 origine
1448 645 1598 699 vocis
1664 642 2047 697 dibambulum.

469 731 651 786 Credo
680 731 939 800 equidem
969 732 1282 788 ministrum
1319 737 1411 804 qui
1442 737 1625 790 lumen
1652 735 2053 802 imperantibus

471 818 661 874 Romae
717 821 1000 891 praeferret
1052 825 1212 894 vulgo
1266 825 1474 879 dictum
1532 823 1887 884 obambulum,
1922 825 2052 892 quin

471 920 530 964 et
584 910 950 967 instrumento
987 921 1080 967 aut
1114 915 1225 969 vasi
1258 933 1367 985 quo
1420 916 1466 969 is
1494 915 1602 985 igni
1636 916 1905 984 portando
1935 923 2055 969 ute-

473 1008 630 1053 retur
660 1002 911 1056 eamdem
943 1020 1163 1075 quoque
1205 1005 1633 1075 appellationem
1668 1004 2052 1059 accommoda-

472 1100 582 1144 tam
611 1108 713 1146 usu
748 1095 1043 1163 p0pulari;
1088 1105 1143 1150 et
1180 1096 1449 1150 translata
1485 1112 1583 1165 per
1628 1095 2052 1152 Constantinum

472 1200 503 1240 υ
538 1183 711 1238 Roma
762 1179 951 1240 vetere
993 1187 1048 1239 in
1099 1203 1296 1242 novam
1347 1189 1477 1241 sede
1536 1187 1798 1257 imperii,
1848 1204 2049 1243 nomen

473 1274 620 1329 idem
663 1274 871 1331 Latinae
904 1279 1133 1349 originis
1176 1279 1381 1336 Grmeis
1423 1281 1624 1336 litteris
1652 1282 1948 1351 signatum.
1973 1281 2053 1336 Ac

472 1381 598 1420 cum
646 1365 789 1422 forte
823 1377 1013 1438 postea
1041 1371 1337 1439 excogitati
1365 1372 1573 1439 gradus
1610 1381 1798 1427 essent
1829 1372 1884 1426 in
1920 1388 2052 1442 par-

483 1458 807 1527 ticipatione
844 1460 1010 1530 hujus
1054 1463 1303 1526 honoris,
1353 1464 1427 1517 ita
1486 1472 1546 1518 ut
1588 1464 1674 1519 fax
1708 1474 1803 1518 aut
1843 1467 2053 1535 lampas

475 1548 638 1602 unica
677 1558 803 1602 ante
835 1550 1103 1619 quosdam
1138 1562 1472 1620 portaretur,
1498 1563 1625 1607 ante
1654 1553 1793 1609 alios
1825 1554 2049 1624 duplex,

470 1639 797 1707 explicatam
824 1642 981 1694 istam
1014 1644 1386 1698 dim-rentiam
1415 1645 1644 1701 vocibus
1666 1645 1850 1701 Graeca
1879 1648 2051 1701 forma

470 1731 832 1799 compositis,
876 1732 951 1787 ita
1005 1743 1064 1788 ut
1109 1734 1537 1789 instrumentum
1590 1736 1805 1790 unicam
1856 1752 2051 1805 gerens

468 1820 778 1890 lampadem
805 1826 1291 1891 monobambulum,
1322 1828 1571 1896 geminas
1608 1828 1818 1882 habens
1845 1829 2051 1883 dibam-

2151 642 2473 713 negligenter
2509 642 2791 703 exhiberet,
2839 638 3138 708 lampadem
3189 637 3402 706 impulit
3456 645 3505 690 et
3547 637 3723 690 oleum

2149 746 2306 798 super
2335 731 2511 784 altare
2547 729 2704 799 fudit.
2752 731 2924 784 Erant
2983 743 3180 796 nempe
3234 727 3443 798 ριπὶδια
3506 728 3720 781 laminzr

2153 832 2345 878 tenues
2377 824 2431 877 in
2458 823 2664 876 alarum
2698 821 2907 877 formas
2934 831 3197 882 extensae,
3231 834 3352 888 quae
3383 818 3532 873 circa
3554 818 3719 875 Chri-

2151 916 2221 970 sti
2265 930 2491 982 corpus,
2530 913 2661 968 dum
2714 912 2769 966 in
2811 911 2974 965 altari
3003 912 3206 976 stabat,
3238 926 3266 963 a
3299 910 3572 965 ministris
3601 926 3722 965 mo-

2149 1006 2442 1062 vebantur.
2479 1004 2796 1060 lstiusruodi
2846 1004 3209 1057 instrumenta
3260 1003 3363 1057 tria
3406 1018 3437 1057 e
3482 1003 3733 1070 pretioso

2151 1098 2271 1155 fusa
2317 1098 2557 1162 metallo,
2615 1098 2710 1152 sed
2760 1108 2987 1151 contusa
3037 1104 3131 1149 aut
3168 1096 3452 1148 maculosa
3490 1094 3733 1162 ideoque

2151 1190 2518 1260 reparationis
2548 1188 2788 1258 egentia,
2817 1186 3240 1255 haudquaquam
3277 1186 3454 1248 fuere.
3502 1194 3565 1239 ut
3594 1186 3723 1248 alia,

2150 1281 2208 1334 in
2254 1280 2496 1349 priorem
2545 1277 2734 1332 relicta
2781 1286 2837 1331 et
2881 1276 3105 1330 climata
3156 1275 3411 1343 figuram,
3445 1290 3637 1329 verum
3670 1276 3725 1329 in

2151 1372 2378 1425 unicum
2426 1369 2661 1425 conﬂata
2718 1366 3100 1420 dibambulum.
3147 1366 3294 1419 Ἀντὶ
3327 1363 3423 1418 τοῦ
3457 1364 3719 1435 ἑδρασθῆ-

2149 1479 2239 1516 ναι
2274 1462 2369 1515 καὶ
2419 1452 2871 1529 εὐτρεπισθῆναι,
2908 1458 2985 1519 ὡς
3033 1458 3129 1510 καὶ
3160 1457 3233 1508 τὰ
3261 1456 3427 1509 λοιπὰ
3453 1456 3720 1526 ηὐτρεπί-

2154 1555 2450 1623 σοησαν....
2498 1554 2577 1614 ei;
2608 1550 2977 1623 διῦἀμὸρυλον
3018 1546 3581 1619 μετεσκευάσθησαν,
3623 1547 3725 1615 τῆς

2154 1621 2372 1711 μορφἧς
2438 1639 2547 1693 τῶν
2612 1621 3009 1711 ἑξαπτεὶύγων
3053 1638 3381 1704 ἀποπτάσης
3428 1638 3463 1708 ἢ
3517 1638 3726 1690 ἀπελα-

2154 1729 2411 1800 σοείσης,
2456 1731 2657 1791 εἰπεῖν,
2712 1727 2770 1794 ἐξ
2823 1728 3041 1782 αὐτῶνθ
3113 1726 3285 1781 Priori
3318 1729 3492 1797 {arma
3548 1728 3604 1780 in
3654 1728 3720 1780 iis

2154 1821 2362 1889 sculpta
2415 1820 2830 1875 Cherubinorum
2879 1836 2970 1874 sea:
3022 1819 3122 1874 alis
3164 1823 3543 1875 imtructorum
3597 1832 3726 1874 aoo-
3818 1871 3830 1880 ,

469 1912 653 1966 bulum
681 1926 997 1970 vocaretur.
1040 1918 1198 1971 Dicet
1232 1918 1436 1988 aliquis
1464 1918 1814 1974 commodius
1838 1921 2047 1974 dibam-
2082 1896 2119 1951 Β
2151 1913 2318 1976 laute.
2358 1922 2451 1966 aut
2483 1914 2627 1979 inde,
2664 1924 2719 1966 ut
2751 1915 2827 1967 sic
2863 1913 3057 1975 dicam.
3093 1912 3337 1982 expulsa.
3371 1912 3455 1967 En
3499 1927 3631 1985 ergo
3657 1927 3725 1964 ex

472 2003 650 2058 aulum
692 2006 902 2061 dictum
946 2009 1122 2065 videri
1157 2025 1315 2077 posse
1355 2011 1511 2079 quasi
1555 2010 1916 2081 dibampulum
1977 2013 2046 2068 ab

471 2097 740 2165 ampulla,
780 2096 995 2153 mollito
1019 2116 1052 2169 p
1086 2100 1138 2154 in
1172 2100 1223 2155 ὸ.
1257 2102 1421 2171 Atqui
1463 2103 1506 2156 si
1537 2103 1642 2157 hoc
1666 2113 1835 2167 esset,
1870 2120 2050 2158 mono-

471 2188 783 2242 bumbulum
838 2205 905 2244 ex
971 2192 1221 2262 analogia
1258 2193 1485 2248 formari
1523 2193 1826 2249 debuisset.
1867 2195 2049 2267 Agno-

470 2295 694 2335 scamus
748 2297 880 2351 ergo
919 2285 974 2336 in
1015 2299 1153 2338 voce
1187 2285 1647 2339 monobambulum
1694 2301 1881 2341 veram
1939 2297 2062 2358 tam,

472 2372 866 2427 nronobambuli
930 2390 1094 2444 quant
1150 2375 1441 2430 dibambuli
1486 2377 1752 2447 originem
1792 2378 2046 2432 Latinum

469 2463 801 2517 vocabulum
824 2465 1185 2521 obambulum.
1211 2466 1335 2521 [hec
1361 2483 1481 2522 mea
1511 2470 1656 2522 circa
1687 2468 2047 2524 dibamlmlum

469 2555 854 2626 eoujcctanea.
902 2567 961 2612 ut
1004 2560 1157 2613 soleo
1193 2575 1316 2614 meo
1349 2559 1558 2629 judicio
1601 2560 1871 2626 dillidere,
1918 2577 2045 2616 cum

468 2647 597 2702 aliis
626 2647 974 2703 discutienda
1019 2650 1195 2704 obtuli
1229 2651 1363 2705 viris
1390 2651 1660 2717 eruditis,
1693 2662 1807 2707 tum
1843 2651 2050 2708 doctis-

467 2740 610 2794 simo
642 2739 811 2812 674,
860 2752 917 2796 et
952 2742 1087 2795 mihi
1129 2741 1468 2797 amicissimo
1518 2743 1801 2798 Dominico
1842 2743 2047 2813 Magrio

469 2832 731 2902 theologo
755 2834 1006 2889 ecclesia:
1033 2834 1439 2902 Viterbiensis;
1472 2834 1565 2905 qui
1608 2850 1721 2890 rem
1754 2834 1890 2890 adeo
1920 2851 2048 2905 pro-

466 2924 623 2978 baxit
684 2938 744 2980 ut
788 2927 997 2991 statim,
1034 2942 1157 2996 quae
1209 2927 1420 2981 dudum
1482 2928 1784 2997 scripserat
1839 2928 1895 2981 in
1943 2943 2075 2984 suo.

466 3016 824 3071 Uuomastico
866 3018 1247 3072 ecclesiastico
1292 3017 1510 3073 duabus
1539 3019 1650 3087 jam
1707 3018 2047 3074 editionibus

464 3105 710 3176 vulgato,
761 3122 992 3175 quicque
1052 3107 1105 3160 in
1162 3107 1343 3173 tertia,
1382 3108 1437 3161 in
1470 3122 1576 3177 qua
1626 3123 1776 3162 nunc
1819 3108 2043 3177 prmium

465 3195 716 3264 laborat,
768 3198 1091 3253 decreverat
1149 3215 1355 3269 ponere
1412 3200 1498 3273 [P.
1553 3198 1680 3272 473]
1714 3200 1781 3254 de
1816 3200 2041 3256 notione

465 3286 620 3341 vocis
677 3287 1041 3342 dibambulum
1114 3289 1363 3359 opinioni
1418 3289 1644 3345 Meursii
1686 3297 1745 3346 et
1799 3290 2041 3345 Martinii

464 3389 859 3445 consentanea,
910 3380 965 3435 in
1007 3396 1187 3436 meam
1221 3381 1554 3436 sententiam
1599 3382 1903 3437 rellnxerit.

535 3473 816 3529 llactenus
877 3473 945 3528 de
998 3474 1083 3528 his
1131 3474 1489 3543 scripseram,
1525 3488 1653 3528 cum
1674 3474 2043 3530 iorteineidit

464 3563 525 3618 in
558 3580 707 3619 meas
740 3579 937 3619 manus
968 3565 1208 3621 Historia
1234 3564 1425 3620 Grteca
1448 3565 1674 3620 concilii
1709 3565 2040 3629 Florentini,

379 3688 385 3695 -
464 3662 716 3715 auctore.
749 3663 809 3709 ut
860 3669 1109 3723 nuperus
1153 3654 1338 3710 editor
1367 3664 1548 3720 vocat,
1585 3655 1867 3725 Sylvestro
1906 3654 2044 3726 Sgu-

463 3746 708 3814 rupulo:
749 3746 843 3799 alii
899 3746 1235 3816 Syropulum
1294 3746 1504 3801 dictum
1565 3748 1782 3801 volunt.
1838 3747 1898 3801 In
1936 3748 2043 3803 hoc

463 3852 568 3908 ego
620 3838 765 3893 libro
812 3838 994 3908 reperi
1029 3838 1369 3893 luculentam
1401 3838 1880 3894 confirmationem
1913 3852 2044 3893 eon-

465 3931 691 4000 jecturae
722 3930 791 3984 de
820 3929 1119 3984 dibambulo
1167 3945 1327 3995 meat,
1369 3945 1533 3999 quam
1584 3931 1805 3985 tacitam
1858 3939 2042 4001 transr

463 4023 686 4078 mittere
727 4022 1074 4092 praevaricari
1130 4024 1223 4078 sit.
1264 4022 1461 4077 Narrat
1506 4021 1554 4077 is
1579 4024 1840 4093 scriptor,
1874 4037 1921 4077 c.
1949 4022 2038 4089 Π,

462 4125 598 4169 sect.
631 4116 684 4179 '5,
721 4130 777 4185 p.
820 4114 911 4180 62,
945 4129 1072 4170 cum
1106 4126 1252 4170 esset
1298 4114 1612 4185 patriarcha
1645 4113 2041 4169 Constantino-

463 4209 743 4277 politanus
770 4209 826 4263 in
857 4208 1147 4278 procinctu
1183 4207 1511 4262 desiderata:
1539 4207 1642 4261 sibi
1673 4206 2040 4277 navigationis

463 4295 521 4348 in
562 4294 772 4355 Italiam
823 4297 889 4351 ad
927 4298 1226 4352 concilium
1261 4297 1372 4352 illic
1396 4296 1790 4352 celebrandum
1825 4304 1882 4352 et
1905 4310 2041 4350 con-

462 4390 708 4443 cordiam
742 4390 1111 4444 Ecclesiarum
1147 4390 1523 4453 statuendam,
1560 4388 1826 4453 voluisse,
1863 4403 2034 4459 repu-

462 4491 666 4549 gnante
714 4479 989 4551 Syropulo
1027 4490 1082 4536 et
1121 4481 1249 4536 aliis
1277 4482 1607 4551 quibusdam
1640 4482 1695 4535 in
1737 4480 2039 4537 schismate

2150 2004 2420 2059 relatione
2452 2004 2730 2074 Syropuli,
2767 2013 2879 2058 tres
2906 2004 3135 2059 laminas
3178 2013 3471 2074 argenteas
3499 2004 3727 2058 simula-

2150 2096 2261 2151 cris
2299 2094 2745 2149 Cherubinorum
2790 2095 3027 2160 caelatas,
3053 2094 3108 2149 in
3139 2111 3307 2149 unum
3342 2095 3605 2149 conﬂatas
3638 2097 3695 2148 di
3709 2126 3724 2136 -
3758 2143 3768 2154 ,

2149 2185 2470 2240 bambulum.
2532 2185 2722 2240 Restat
2775 2186 2962 2239 videre
3017 2184 3153 2254 quid
3202 2185 3423 2239 tandem
3482 2184 3561 2239 rei
3596 2200 3723 2241 esse

2149 2278 2506 2332 dibambulum
2539 2278 2956 2340 existimaverit,
2986 2278 3097 2332 imo
3137 2286 3289 2331 certo
3335 2278 3546 2340 scierit,
3569 2286 3628 2331 et
3648 2291 3718 2332 ex

2150 2370 2371 2439 publica
2399 2379 2533 2424 tunc
2557 2369 2802 2425 omnium
2833 2368 3028 2423 notitia
3058 2368 3294 2423 iunuere
3330 2367 3466 2422 satis
3505 2367 3716 2422 habue-

2149 2461 2222 2514 rit
2277 2459 2580 2529 Syropulus
2640 2459 2806 2513 idem.
2856 2457 3189 2526 lntelligitur
3248 2456 3303 2510 id
3366 2472 3432 2511 ex
3480 2457 3721 2526 quadam

2150 2551 2326 2623 ipsius
2353 2553 2714 2621 auguratione
2750 2551 2881 2605 inde
2913 2558 3135 2620 captata
3156 2591 3172 2616 ,
3206 2565 3373 2620 quam
3416 2550 3505 2603 his
3534 2549 3723 2605 verbis

2148 2660 2274 2699 mox
2310 2644 2596 2713 explicat:
2630 2643 2739 2695 Kal.
2796 2643 2923 2695 ἀντὶ
2968 2641 3065 2694 τοῦ
3117 2640 3238 2709 θείᾳ
3299 2640 3719 2694 ἐναπστιθεσθαι

2146 2732 2424 2805 τραπέζῃ,
2466 2733 2542 2797 ὠς
2600 2733 2746 2804 ἱερὸν
2808 2734 3092 2801 ἀνάθημα.
3133 2732 3195 2786 τὸ
3244 2732 3300 2785 δὲ
3331 2732 3719 2803 λαμπαδοῦχον

2149 2826 2514 2895 περιάγεσθαι
2544 2819 2644 2879 ὧδε
2674 2826 2918 2891 κάκεῖσε,
2944 2824 3109 2897 675
3141 2824 3237 2878 καὶ
3257 2825 3335 2887 ὡς
3360 2825 3552 2895 ἔτυχεν
3584 2828 3721 2880 ἀπο-

2145 2918 2395 2972 τίθεσθαι
2437 2920 2529 2971 καὶ
2580 2917 2893 2989 ῥιπτεῖσθαι
2947 2918 3257 2987 προοίμιον,
3311 2913 3467 2972 εἶπεν
3521 2919 3588 2973 ἄν
3634 2934 3719 2980 τις

2146 3007 2307 3060 τοῦτο
2358 3009 2458 3077 τῆς
2528 3007 2653 3059 ὅσον
2702 3005 2858 3059 οὔπω
2925 3004 3717 3076 γενησομένηςιπαρατροπῆς

2146 3098 2242 3153 τοῦ
2275 3096 2517 3167 καθαροῦ
2546 3097 2641 3151 καὶ
2667 3097 2963 3166 ἁκισδὴλου
3001 3097 3102 3165 τῆς
3151 3096 3482 3167 Ἐκκλησίας
3510 3097 3716 3166 δόγμα·
3813 3136 3820 3148 .

2149 3207 2260 3252 τος.
2286 3189 2415 3245 Haec
2462 3198 2701 3245 sonant:
2737 3196 2805 3244 ex
2835 3190 2937 3245 ista
2966 3189 3299 3245 conﬂatione
3335 3189 3505 3244 trium
3538 3188 3720 3245 venti-

2147 3284 2428 3340 labrorum
2462 3299 2527 3338 ει
2562 3292 2788 3353 argento
2839 3282 3032 3339 formis
3068 3282 3513 3339 Cherubinorum
3558 3284 3721 3338 caela-

2147 3385 2355 3441 torum,
2416 3376 2472 3430 in
2512 3384 2698 3430 ‘unum
2741 3374 3143 3435 dibambulum.
3195 3383 3558 3430 eonsecutu
3593 3388 3713 3429 esse

2144 3474 2206 3520 ut
2237 3466 2327 3520 illa
2359 3469 2589 3519 materia
2620 3465 2892 3522 exciderit
2919 3465 3131 3520 henore
3157 3481 3268 3536 quo
3307 3465 3527 3536 dignata
3562 3464 3719 3534 prius

2143 3557 2343 3619 fuerat,
2377 3556 2655 3613 insideudi
2708 3572 2878 3613 sacrae
2920 3573 3127 3613 mensa:
3165 3568 3224 3613 et
3271 3574 3339 3613 ex
3373 3573 3437 3613 ea
3464 3558 3718 3628 speciem

2142 3657 2429 3720 augustam
2461 3649 2779 3705 ostentandi
2806 3651 3014 3705 circum
3045 3650 3464 3715 venerantibus,
3492 3651 3699 3721 dejecta

2144 3757 2276 3798 vero
2313 3742 2479 3797 fuerit
2525 3742 2584 3796 in
2624 3757 2785 3796 usum
2837 3743 2999 3812 longe
3023 3739 3298 3806 viliorem,
3328 3742 3536 3817 quippe
3570 3741 3715 3796 facta-

2142 3833 2533 3889 candelabrum
2567 3834 2673 3888 huc
2706 3833 2948 3903 illucque
2978 3833 3250 3903 portabile
3279 3842 3335 3888 et
3365 3832 3573 3902 deponi
3617 3840 3707 3886 aut

2141 3925 2333 3997 projici
2364 3924 2545 3980 ubivis
2579 3926 2823 3981 solitum.
2855 3925 3028 3989 Quam
3079 3939 3197 3978 rem
3229 3922 3557 3995 Syropulus,
3603 3924 3695 3994 qui

2140 4016 2421 4087 negotium
2448 4016 2852 4071 conciliationis
2877 4014 3243 4069 Ecclesiarum
3277 4014 3480 4071 Graecae
3510 4030 3576 4069 ac
3609 4015 3710 4069 La.

2140 4112 2273 4167 time
2295 4127 2398 4166 nec
2420 4110 2626 4181 suscipi
2650 4125 2891 4179 unquam
2919 4110 3183 4164 voluisset
3209 4124 3312 4163 nec
3335 4117 3714 4178 perpetratum

2139 4203 2386 4268 admisit,
2418 4203 2474 4257 in
2510 4217 2679 4257 omen
2718 4202 2902 4271 rapuit
2936 4217 3063 4256 mox
3095 4210 3366 4255 secuturae
3401 4199 3714 4268 perversio—

2139 4295 2228 4351 nis
2257 4295 2384 4365 puri
2440 4304 2498 4350 et
2544 4294 2752 4348 sinceri
2808 4293 3066 4348 Ecclesiae
3123 4292 3437 4362 dogmatis;
3495 4292 3713 4361 qualem

2139 4388 2418 4450 evenisse,
2464 4386 2699 4451 sancita,
2754 4385 3003 4439 unanimi
3079 4382 3322 4439 Orientis
3377 4398 3507 4437 cum
3559 4382 3715 4438 Occi-

2142 4479 2306 4534 dente
2335 4492 2633 4539 consensu,
2684 4480 2738 4531 in
2783 4491 2943 4529 sacro
2983 4474 3305 4530 Florentino
3331 4474 3577 4533 concilio
3615 4473 3715 4529 do-

460 4583 519 4625 et
549 4573 677 4627 odio
709 4572 1033 4627 Latinorum
1064 4573 1393 4637 oblirmatis,
1432 4574 1645 4643 portari
1689 4586 1878 4627 secum
1908 4586 2037 4625 vasa
2071 4579 2114 4635 ι)
2143 4571 2320 4626 ctrina
2343 4568 2718 4646 processionis
2750 4566 2989 4637 Spiritus
3034 4565 3213 4620 sancti
3242 4581 3308 4621 ex
3352 4564 3515 4620 Patre
3545 4565 3709 4620 Filio-

462 4676 618 4717 sacra
662 4664 849 4718 omnia
880 4675 1084 4719 sanctae
1119 4664 1324 4735 Magna:
1349 4665 1610 4720 Ecclesia:
1641 4682 1654 4718 :
1684 4664 2039 4734 Πατριάρχης

463 4756 913 4826 πῖρεκελεύσατο
962 4758 1363 4827 ἐτοιμασθῆναι
1433 4759 1528 4810 καὶ
1577 4757 1645 4811 τὰ
1684 4758 1807 4822 ἱερά
1865 4756 2038 4826 σκεύη

460 4848 643 4903 πάντα
672 4849 773 4919 τῆς
813 4849 1126 4919 ἁγιωτάτης
1161 4849 1417 4920 Μεγάλης
1453 4848 1805 4918 Ἐκκλησίας,
1847 4848 2041 4917 δυσχε-

465 4942 767 5010 ραινόντων
804 4942 862 4996 δὲ
895 4943 1073 5012 ἡμῶν,
1112 4952 1222 4998 etc.
1269 4942 1345 4996 Ea
1371 4940 1687 5003 occasione,
1722 4953 1848 4993 cum
1882 4953 2037 4993 saera

463 5032 556 5085 illa
591 5047 720 5086 vasa
774 5042 1202 5088 recenserentur
1253 5032 1311 5088 in
1346 5032 1596 5087 sarcinas
1636 5029 1876 5099 liganda,
1914 5044 2038 5099 quae

460 5120 708 5189 ipsorum
746 5136 864 5175 aevo
910 5130 1007 5176 aut
1053 5122 1217 5192 longo
1274 5136 1376 5176 usu
1407 5134 1571 5188 passa
1597 5116 1879 5187 quippiam
1921 5117 2041 5172 fue-

461 5222 606 5276 rant,
634 5213 1025 5268 reconcinnata
1057 5229 1120 5269 ac
1154 5221 1464 5268 restaurata
1489 5222 1655 5277 sunt;
1687 5212 1742 5266 in
1768 5227 1879 5281 quo
1905 5211 2034 5267 dum

459 5304 752 5360 elaborant
810 5306 1074 5367 artiﬁces,
1123 5306 1360 5376 contigit
1399 5305 1587 5360 olferri
1633 5305 1715 5359 eis
1749 5304 1850 5359 tria
1884 5303 2032 5374 ῥιπί-

457 5399 569 5451 δια.
605 5398 952 5469 Creygtonus
997 5400 1195 5454 inscite
1227 5399 1444 5469 pyxides
1479 5398 1666 5454 vertit.
1723 5395 2029 5451 Ventilabra

455 5491 605 5545 enim
639 5491 730 5546 illa
768 5508 873 5545 vox
927 5501 1109 5555 sonat,
1162 5501 1258 5545 aut
1294 5500 1356 5545 ut
1387 5501 1579 5545 auctor
1608 5490 1871 5558 antiquus
1893 5488 2031 5541 Vitae

459 5581 525 5638 S.
556 5581 705 5637 Petri
745 5581 1029 5648 Cavensis,
1065 5581 1208 5652 apud
1238 5570 1644 5637 Henschenium
1674 5579 1761 5634 die
1786 5578 1820 5633 4
1855 5577 2033 5633 Martii

454 5689 507 5729 e.
541 5675 575 5728 4
601 5675 820 5739 scribit,
850 5673 1085 5746 ﬂabella.
1136 5674 1317 5731 Verba
1365 5673 1488 5743 ejus
1532 5673 1622 5729 hic
1648 5686 1870 5744 ponam,
1899 5671 2029 5740 quia

456 5781 620 5821 usum
653 5767 765 5819 τῶν
797 5767 1047 5836 ῥιπιδιων
1087 5768 1142 5822 in
1186 5764 1343 5824 sacro
1374 5767 1623 5821 indicant
1655 5783 1669 5820 :
1696 5763 1828 5821 Cum
1874 5762 2034 5817 Tere-

452 5860 560 5916 δὺιὶ
606 5862 659 5914 in
698 5862 919 5917 ecclesia
955 5860 1014 5919 S.
1041 5861 1270 5920 Joannis
1327 5865 1515 5919 missas
1573 5861 1651 5933 (S.
1698 5858 1886 5913 Petrus
1922 5857 2029 5915 Ca-

2142 4676 2274 4732 que,
2309 4661 2402 4715 hic
2427 4660 2680 4730 pertinax
2721 4660 2778 4713 in
2828 4658 3025 4713 haeresi
3057 4667 3114 4713 et
3142 4659 3445 4713 schismate
3478 4659 3716 4727 scriptor

2141 4762 2352 4808 temere
2385 4767 2450 4806 ac
2476 4750 2797 4820 blaspheme
2828 4765 2939 4803 non
2977 4757 3207 4802 veretur
3243 4746 3541 4801 allirmare.
3577 4745 3714 4801 Illud

2141 4854 2327 4900 tamen
2383 4844 2500 4898 haec
2547 4844 2668 4913 ejus
2708 4841 2878 4911 impia
2905 4841 3175 4895 divinatio
3203 4839 3339 4893 mihi
3372 4838 3535 4894 aﬂ‘ert
3566 4854 3716 4895 cotu-

2140 4935 2312 5000 modi,
2373 4945 2430 4989 ut
2475 4926 2656 4990 ex'ea
2708 4931 2998 4986 manifeste
3034 4939 3299 4999 appareat
3351 4928 3711 4987 dibambulum

2139 5027 2288 5083 aliud
2312 5027 2449 5083 nihil
2479 5041 2648 5096 quam
2674 5022 3084 5094 λαμπαδοῦχον,
3109 5018 3710 5077 iustrumentum'lam—

2138 5121 2371 5192 padibus
2416 5118 2701 5190 gestandis
2741 5119 2797 5171 in
2834 5133 3035 5186 pompa
3081 5115 3334 5186 praeferri
3382 5115 3710 5185 patriarchae

2136 5211 2397 5276 solitum,
2430 5210 2592 5279 quale
2625 5209 2674 5262 is
2712 5222 3044 5278 processum
3085 5206 3144 5260 in
3179 5204 3392 5260 italiam
3434 5205 3566 5269 sibi,
3602 5220 3708 5274 quo

2139 5303 2377 5358 maxime
2402 5309 2694 5372 augustam
2742 5314 2927 5354 rerum
2963 5312 3186 5353 suarum
3230 5295 3472 5366 speciem
3498 5296 3707 5366 praebe-

2137 5405 2219 5450 ret
2252 5395 2481 5458 Latinis.
2519 5409 2741 5449 curasse
2774 5401 2835 5446 ut
2863 5407 3026 5460 quam
3056 5390 3527 5460 speciosissimum
3563 5389 3706 5443 mole

2136 5502 2202 5542 ac
2243 5488 2422 5543 forma
2470 5495 2780 5554 pararetur,
2814 5484 2948 5539 hinc
2978 5481 3373 5553 intelligimus;
3401 5482 3545 5535 unde
3574 5481 3627 5533 in
3655 5478 3706 5533 id

2138 5595 2312 5636 unum
2344 5578 2572 5632 materia
2600 5592 2720 5645 quae
2762 5574 2943 5629 tribus
2978 5573 3169 5628 altaris
3205 5570 3352 5625 vasis
3388 5569 3702 5632 suffecerat,

2135 5683 2221 5729 est
2276 5673 2546 5739 impensa.
2595 5669 2662 5724 Et
2708 5668 2938 5738 pertulit
2985 5665 3069 5738 [P.
3113 5663 3241 5734 4741
3272 5677 3488 5748 .revera
3545 5671 3701 5716 suum

2137 5762 2284 5818 istud
2332 5762 2413 5816 sic
2459 5761 2644 5817 fusum
2677 5775 2985 5829 casumque
3034 5755 3400 5812 dihambulum
3432 5753 3703 5822 Iosephus

2136 5854 2783 5927 Constantinopolitanus
2813 5852 3127 5925 patriarcha
3148 5849 3507 5914 Florentiam,
3539 5847 3696 5915 idque
