4036 6398
327 396 434 460 737

1698 393 2215 456 GLOSSARIUM.

3465 396 3575 459 73S

326 512 403 567 ibi
444 510 679 566 solemni
724 526 825 567 suo
863 511 929 566 ad
979 525 1175 584 papam
1231 526 1453 568 accessu
1480 520 1760 566 ostentare
1786 521 1899 565 stu-
1928 520 1968 572 Α
2003 507 2111 560 lum
2157 522 2275 560 cum
2324 504 2591 576 lantpade.
2620 504 2782 561 Aliud
2828 505 2975 560 enim
3023 515 3110 562 est
3171 507 3400 579 lampas,
3428 511 3578 569 aliud

324 603 467 658 duit.
525 603 799 659 Audiatur
852 603 996 658 idem
1028 604 1355 676 Syropulus,
1414 621 1466 659 c.
1518 605 1612 666 24,
1666 612 1803 658 sect.
1839 604 1892 667 lt,

322 709 383 765 ι).
413 693 483 747 99
515 711 530 746 :
579 691 712 747 Εἶτα
739 690 1108 764 διεμηνὺσατο
1139 698 1166 748 ὁ
1202 696 1553 765 πατριάρχης
1586 694 1661 764 τῷ
1690 696 1898 763 πάππᾳ.

325 786 404 849 ὡς
447 785 704 855 βούλεται
734 786 830 839 καὶ
864 786 992 839 ίδεῖν
1034 786 1198 841 αὐτὸν
1218 825 1235 853 ,
1268 787 1365 840 καὶ
1394 787 1482 840 ἵνα
1514 786 1653 859 τάξῃ
1680 787 1897 855 ἡμέραν

325 876 449 930 καθ’
482 878 547 946 ἢν
580 877 909 947 ἀποδέχεται
939 877 1104 930 τοῦτο
1155 880 1414 948 ποιῆσαι·
1480 877 1680 947 Deinde
1727 878 1895 947 signi-

319 970 504 1037 ﬁcavit
540 971 855 1037 patriarcha
906 986 1062 1040 papae
1100 968 1232 1024 uelle
1278 986 1334 1023 se
1379 970 1554 1040 ipsum
1584 969 1775 1031 visere,
1806 983 1897 1020 ro-

318 1079 455 1133 gans
485 1073 541 1116 ut
563 1062 698 1115 diem
731 1064 1042 1117 admissioni
1064 1064 1387 1135 assignaret.
1414 1062 1583 1119 Paulo
1606 1071 1748 1131 post,
1779 1066 1897 1115 ὲπι-

324 1152 534 1219 στάσης
589 1146 683 1202 οὖν
728 1150 826 1219 τῆς
858 1151 1266 1222 ἀποταχθείσης
1316 1153 1549 1223 ἡμέρας,
1598 1169 1716 1205 cum
1760 1167 1896 1212 prte-

319 1243 511 1295 stituta
554 1241 664 1295 dies
696 1242 1015 1310 advenisset,
1061 1247 1139 1297 ait
1176 1243 1487 1314 Syropulus
1526 1244 1895 1313 patriarcham

322 1327 469 1379 inter
494 1338 689 1382 caetera
732 1344 853 1398 qua:
890 1330 956 1383 ad
1002 1346 1257 1402 pompam
1292 1332 1376 1386 sui
1401 1348 1598 1388 versus
1628 1348 1780 1403 papae
1802 1347 1899 1402 pa-

318 1416 516 1470 latium
576 1432 867 1485 processus
927 1421 1419 1476 commendandam
1466 1424 1730 1493 providit,
1784 1424 1902 1494 jus-

319 1506 464 1562 sisse
500 1516 559 1561 ut
602 1508 709 1562 sibi
748 1511 1109 1566 dibambulum
1140 1522 1193 1567 ct
1219 1516 1536 1571 dicanicium
1569 1517 1900 1586 praeferren-

322 1606 462 1653 tur:
510 1600 768 1667 Ἐπέταξε
817 1603 873 1655 δὲ
905 1603 993 1657 ἵνα
1028 1605 1304 1676 κατέχωσι
1353 1611 1449 1661 καὶ
1491 1607 1554 1660 τὸ
1599 1608 1899 1678 διὸάμὸουσ

312 1689 408 1741 λον
458 1692 550 1743 καὶ
585 1692 644 1745 τὸ
682 1693 987 1747 δικανίκιον
1045 1697 1361 1769 ἔμπροσθεν
1426 1697 1614 1752 αὐτοῦ.
1670 1700 1769 1755 Est
1809 1700 1894 1753 δι-

325 1783 580 1836 κανίκιον
637 1785 958 1840 dicanicium
1013 1789 1223 1858 aliquid
1288 1791 1468 1848 simile
1516 1793 1727 1851 baculis
1786 1793 1895 1848 illis

1998 607 2182 651 contus
2216 608 2427 666 gestans
2472 596 2796 667 lampadem.
2819 597 2975 664 Quod
3002 598 3050 653 si
3073 609 3271 654 contus
3303 602 3578 674 intelliga-

2005 699 2096 742 tur
2130 687 2328 742 biﬁdas
2360 690 2499 741 duos
2531 689 2688 757 quasi
2724 704 2906 742 ramos
2944 691 3303 758 pratendens,
3338 708 3578 762 quorum

1999 779 2235 849 quisque
2289 778 2343 831 in
2384 793 2601 832 summo
2632 778 2830 832 habeat
2860 778 3100 833 loculum
3129 782 3412 850 capiendae
3442 784 3582 855 lam-

2000 870 2128 939 padi
2152 878 2365 939 aptum,
2397 884 2579 923 veram
2612 869 2983 939 διὸαμϐούλου
3020 873 3386 941 expressisset
3415 874 3580 931 Gret-

2000 977 2162 1017 serus
2219 962 2495 1028 formam;
2554 970 2611 1016 et
2669 961 2716 1017 si
2754 963 2974 1018 audiret
3025 979 3186 1017 suum
3241 966 3574 1037 Syropulum

1999 1051 2284 1122 Creigton,
2337 1053 2483 1108 idem
2533 1052 2648 1122 ipse
2680 1056 2890 1107 sentire
2921 1054 3216 1109 debuerat.
3276 1056 3369 1111 Sic
3422 1058 3575 1112 enim

2000 1157 2111 1196 non
2158 1144 2438 1198 laboraret
2491 1142 2546 1196 in
2593 1143 2894 1197 divinando
2941 1160 3209 1213 quorsum
3266 1146 3312 1199 is
3346 1147 3571 1214 λαμπα-

2001 1231 2218 1302 δούχου,
2250 1233 2586 1286 instrumenti
2617 1232 2950 1304 lampadibus
2987 1234 3252 1304 gestandis
3278 1252 3573 1291 accommo-

2008 1319 2120 1373 dati
2155 1322 2513 1387 mentionem,
2548 1338 2601 1375 v.
2636 1324 2727 1385 55,
2768 1322 2948 1382 faciat.
2995 1338 3202 1393 ponens
3239 1326 3295 1380 id
3337 1327 3574 1382 vocabu-

1999 1412 2116 1466 lum
2175 1421 2433 1483 tanquam
2476 1430 2843 1485 synonymum
2886 1416 3275 1485 διδαμσούλου.
3325 1420 3398 1474 At
3435 1423 3578 1476 nihil

2001 1501 2313 1555 mirabilius
2341 1512 2426 1556 est
2450 1518 2613 1573 quam
2649 1503 2796 1573 quod
2832 1504 3080 1558 omnium
3124 1505 3322 1561 horum
3374 1507 3582 1562 oblitus

1998 1590 2292 1661 Creygton,
2325 1592 2453 1647 dum
2493 1609 2544 1648 c.
2587 1595 2679 1659 24,
2715 1603 2849 1649 sect.
2888 1596 2944 1659 4,
2981 1611 3034 1664 ρ.
3087 1597 3176 1661 99,
3222 1597 3424 1652 iterum
3471 1599 3581 1654 illic

1999 1694 2367 1738 memoratum
2413 1699 2442 1738 a
2478 1700 2578 1738 suo
2611 1685 2885 1756 Serpulo
2908 1687 3273 1755 διϐἀμδου).ον
3300 1690 3580 1759 interpre-

2001 1781 2167 1839 tatus,
2218 1779 2453 1829 testivum
2484 1777 2801 1846 papilionem
2863 1778 2914 1831 id
2972 1781 3235 1849 appellat.
3294 1781 3362 1835 Et
3409 1781 3577 1836 Nota-

316 1884 416 1928 am
450 1874 628 1931 comis
676 1880 954 1948 argenteis
996 1883 1177 1950 specie
1211 1882 1489 1938 clavam,“
1522 1885 1709 1954 (γυιεο
1753 1902 1894 1943 mas,
1930 1862 1972 1920 Β
2001 1882 2120 1920 rum
2182 1883 2237 1936 p.
2273 1867 2360 1933 18,
2393 1868 2540 1923 hunc
2573 1871 2751 1924 locum
2781 1870 3077 1940 indigitans
3102 1873 3182 1926 sic
3213 1873 3406 1926 scribit
3440 1889 3454 1925 :
3483 1875 3577 1926 Δι-

316 1980 410 2022 sas
454 1967 676 2040 vocant)
720 1985 856 2038 quas
905 1971 1154 2040 praeferri
1200 1972 1454 2028 videmus
1497 1976 1550 2029 S.
1584 1974 1650 2028 li.
1678 1976 1739 2030 E.
1774 1991 1896 2032 car-

316 2058 641 2123 dinalibus,
715 2060 845 2114 dum
899 2063 1219 2118 solemniler
1268 2064 1582 2131 incedunt;
1647 2068 1894 2137 qualium

319 2146 532 2204 Griecis
558 2151 889 2218 patriarchis
930 2155 1256 2208 usitatorum
1305 2156 1557 2212 meminit
1579 2157 1892 2214 Chronicon

320 2238 747 2311 Constantinop.
800 2242 887 2297 his
946 2244 1131 2299 verbis
1179 2258 1195 2299 :
1243 2245 1424 2311 ’ἰδίαις
1460 2251 1618 2319 χερσὶ
1665 2250 1897 2306 δέδωκεν

317 2332 471 2402 αὐτῷ
498 2331 799 2388 δικανίκιον
832 2334 1030 2388 πολλοῦ
1063 2336 1232 2404 ἄξιον,
1262 2338 1383 2411 ἤτοι
1415 2339 1612 2411 ῥάϐδον
1646 2341 1897 2414 ἀργυρᾶν

318 2425 927 2496 περικεχρυσωμένην·
970 2423 1215 2495 Propriis
1277 2428 1525 2482 manibus
1582 2430 1726 2484 dedit
1793 2433 1896 2503 ipsi

316 2518 637 2571 dicanicium
704 2520 887 2590 magni
945 2520 1128 2589 pretii,
1166 2521 1274 2575 sive
1317 2523 1524 2592 virgam
1589 2528 1897 2596 argenteam

315 2611 797 2669 circumauratam.
845 2612 1044 2667 Motam
1114 2628 1245 2668 vero
1301 2629 1538 2685 pergens
1591 2615 1898 2688 Syropulus

319 2700 495 2757 fuisse
543 2702 714 2758 refert
762 2704 1093 2773 patriarchae
1123 2708 1559 2763 controversiam
1592 2708 1661 2763 de
1700 2711 1896 2778 prada-

321 2794 473 2847 tione
523 2793 813 2848 dibambali
850 2804 906 2849 et
938 2797 1193 2851 dicanicii
1217 2836 1234 2864 ,
1285 2798 1513 2854 dicente
1557 2799 1638 2855 illi
1699 2815 1897 2871 magno

319 2885 775 2956 chartophylace,
809 2888 895 2941 ὅτι
944 2887 1183 2941 ἐνταῦθα
1229 2888 1384 2942 οὐδὲν
1432 2890 1698 2959 ἀνήκουσι
1725 2907 1897 2960 προη-

316 2978 539 3047 γεῖσθαι
568 2978 763 3046 ταῦτα,
802 2979 970 3052 6'76
1016 2979 1111 3033 καὶ
1156 2982 1205 3034 εί
1235 2981 1463 3052 ὁρίσεις,
1516 2982 1899 3052 καταλειφθεί-

316 3087 500 3125 τωσαν
521 3090 534 3103 υ
553 3072 678 3127 Ra’c
700 3074 795 3127 hoc
818 3074 929 3127 loco
947 3077 1258 3144 pra'gcstari
1289 3074 1425 3129 nihil
1448 3076 1676 3141 attinet;
1704 3078 1892 3146 qu'are,

314 3163 362 3218 si
410 3165 505 3218 tibi
543 3166 784 3230 videtur,
841 3166 1238 3235 relinquantur.
1286 3166 1492 3223 Contra
1542 3176 1723 3223 tamen
1777 3178 1964 3254 ten-c

316 3252 484 3309 dente
524 3256 873 3324 patriarcha,
929 3257 1187 3313 convenit
1233 3257 1303 3313 ad
1358 3268 1668 3313 extremum
1722 3259 1895 3315 solius

316 3344 626 3400 dibambuli
678 3347 1056 3416 praelationem
1110 3349 1314 3404 omitti.
1347 3349 1543 3419 Ὅμως
1593 3351 1776 3420 ἀφῆκε
1835 3352 1896 3405 τὸ

314 3435 705 3507 διῦάμϐουλον.
759 3438 1089 3495 Candelabri
1144 3440 1299 3496 biﬁdi
1351 3443 1733 3511 praegestatio,
1770 3451 1896 3498 tan-

313 3546 482 3600 quam
524 3531 605 3625 θαι)
648 3546 748 3585 usu
803 3531 858 3585 in
908 3531 1064 3586 Italia
1110 3540 1331 3600 recepto
1361 3532 1529 3588 nimis
1577 3533 1779 3599 aliena,
1809 3534 1893 3590 vel

313 3623 479 3676 aliam
527 3621 843 3692 quamlibet
898 3621 968 3678 ob
1008 3637 1265 3688 causam,
1300 3624 1443 3679 ultro
1500 3639 1530 3678 a
1578 3626 1893 3694 patriarcha

314 3715 547 3770 remissa
598 3726 684 3770 cst
718 3733 732 3770 :
766 3714 1068 3769 dibambulo
1132 3715 1280 3770 domi
1358 3716 1576 3772 relicto.
1633 3718 1894 3775 Potuitne

313 3808 522 3862 clarius
554 3808 727 3862 astrui
776 3824 805 3862 a
836 3823 924 3862 me
957 3807 1114 3877 prius
1149 3807 1345 3863 tradita
1393 3808 1762 3879 διϐαμϐούλου
1796 3826 1895 3866 ηο-

314 3900 437 3955 tio?
469 3898 676 3954 Tamen
719 3900 825 3956 hoc
872 3899 1008 3954 mihi
1038 3900 1292 3971 Syropuli
1319 3900 1641 3972 suffragium
1673 3902 1892 3974 eripere

309 3992 588 4063 Creygton
626 3994 902 4062 interpres
930 4001 1203 4047 conatur:
1241 4008 1351 4062 quo
1382 4008 1664 4061 successu,
1700 3995 1893 4051 viden-

310 4084 444 4137 dum
503 4083 670 4137 modo
700 4091 893 4159 restat.
946 4082 1036 4136 ille
1086 4084 1254 4152 priori
1306 4100 1371 4138 ex
1419 4084 1679 4140 indicatis
1727 4086 1887 4151 locis,

309 4191 365 4232 c.
401 4175 487 4239 l7,
514 4185 651 4230 sect.
672 4176 726 4238 5,
751 4191 810 4246 p.
844 4173 934 4239 62,
966 4175 1133 4230 verba
1169 4176 1281 4239 illa,
1309 4177 1377 4229 τὰ
1407 4177 1463 4229 δὲ
1489 4178 1619 4247 (hoc
1651 4185 1738 4232 est
1763 4177 1890 4248 τρία

311 4266 547 4336 ριπίδια)
579 4266 658 4328 si;
687 4265 1054 4336 διὸάμϐουλον
1085 4268 1629 4337 μετεσκευάσοησαν,
1654 4269 1739 4323 sic
1768 4285 1891 4323 ver-

310 4355 379 4411 tit
412 4374 426 4410 :
462 4353 565 4411 Sed
598 4358 771 4412 han...
798 4367 901 4410 tres
933 4358 1149 4427 pyxides
1199 4360 1254 4411 in
1288 4375 1474 4426 unam,
1515 4361 1608 4413 sed
1649 4359 1889 4415 eamdem

308 4455 360 4500 ct
414 4446 680 4516 geminam
731 4445 1026 4517 ampullam
1076 4447 1337 4516 prodiere.
1399 4446 1547 4502 Idem
1617 4464 1781 4517 porro
1830 4449 1884 4503 in

1998 1961 2311 2032 ϐάμϐουλον
2364 1965 2419 2018 in
2477 1967 2571 2018 hoc
2613 1965 2727 2019 loco
2778 1968 2923 2020 omni
2976 1966 3133 2021 dubio
3163 1967 3351 2037 procul
3399 1968 3576 2024 velum

1996 2054 2261 2122 signiﬁcat
2298 2055 2674 2110 umbratile....
2716 2056 2852 2111 illud
2907 2059 3048 2111 enim
3107 2058 3280 2112 uelum
3335 2058 3569 2125 danunt

1995 2145 2237 2199 umbram
2291 2159 2494 2212 arceat,
2548 2165 2581 2201 a
2609 2155 2762 2201 conto
2793 2147 3020 2219 longiori
3058 2165 3225 2219 supra
3256 2152 3448 2221 capitis
3483 2151 3573 2219 fa-

1993 2238 2208 2307 stigium
2257 2238 2592 2308 explicatur,
2627 2241 2910 2295 incurvum
2957 2249 3004 2295 et
3049 2252 3377 2296 cameratum
3409 2243 3577 2310 [orni-

1995 2345 2107 2382 cem
2134 2338 2501 2400 representat,
2531 2332 2657 2385 dum
2695 2349 2877 2387 rursus
2914 2334 2985 2387 ad
3023 2344 3234 2388 contum
3279 2336 3573 2401 reducitur,

1997 2430 2295 2476 uentrosam
2344 2421 2684 2494 lagunculam
2727 2434 2821 2479 aut
2871 2425 3185 2496 ampullam.
3238 2426 3297 2480 ln
3342 2426 3431 2481 his
3463 2441 3575 2482 non

1997 2527 2185 2580 quer
2223 2528 2324 2568 cur
2364 2515 2582 2570 dicatur
2625 2515 2877 2580 umbella,
2908 2517 3045 2582 sive,
3100 2527 3160 2572 ut
3190 2516 3463 2589 Creygton
3495 2520 3578 2574 lo-

1997 2605 2225 2673 quitur,
2270 2606 2481 2677 wstivus
2519 2606 2742 2678 papilio,
2789 2608 3031 2662 umbram
3063 2625 3262 2676 arcere,
3312 2625 3436 2664 cum
3472 2610 3579 2666 soli

1998 2697 2183 2764 potius
2211 2697 2437 2750 arcendo
2488 2696 2575 2767 [P.
2627 2698 2755 2771 475]
2789 2708 2843 2755 et
2885 2700 3096 2755 umbrae
3127 2702 3392 2758 facienda:
3421 2718 3574 2758 com~

1999 2800 2250 2856 paratum
2302 2792 2572 2863 ejusmodi
2620 2792 3046 2850 instrumentum
3092 2796 3185 2851 sit.
3223 2796 3363 2851 illud
3406 2796 3573 2851 etiam

1996 2889 2161 2950 atque
2211 2883 2373 2938 etiam
2417 2884 2692 2955 explicare
2736 2883 3108 2957 Creygtonum
3159 2902 3228 2941 ne
3275 2896 3573 2957 gravetur,

1997 2986 2154 3043 rogo,
2200 2990 2307 3043 qua
2338 2976 2555 3031 tandem
2601 2976 2817 3032 ratione
2859 2980 3139 3033 metallum
3192 2979 3355 3032 trium
3416 2978 3574 3048 pyxi-

1996 3064 2122 3119 dum
2154 3066 2379 3121 conllari
2421 3068 2476 3123 in
2527 3069 2691 3141 677
2734 3087 2904 3125 unum
2956 3074 3194 3127 azstivum
3243 3069 3575 3142 papilionem

1997 3157 2113 3213 sive
2145 3159 2437 3214 umbellam
2467 3163 2747 3232 potuerit.
2775 3162 2883 3217 Sed
2923 3166 3107 3218 omnia
3143 3163 3261 3219 haec
3291 3164 3571 3219 arbitran-
3634 3166 3641 3173 '

1997 3250 2066 3304 da
2102 3266 2259 3320 aequo
2289 3260 2344 3306 et
2382 3254 2604 3309 erudito
2643 3254 2837 3310 lectori
2876 3255 3271 3325 permittantur
3303 3273 3317 3308 :
3349 3254 3571 3309 interim

1995 3341 2151 3409 dum,
2196 3358 2319 3412 quae
2352 3345 2522 3399 multa
2554 3360 2655 3400 nos
2684 3356 2885 3401 vocant
2917 3346 3045 3410 alia,
3085 3338 3499 3417 prosequimur.

2064 3440 2274 3507 Διωρία
2324 3456 2378 3511 p.
2433 3441 2557 3496 589.
2598 3442 2775 3496 Videri
2835 3452 3020 3512 posset
3071 3442 3300 3512 διωρίαν
3333 3440 3426 3495 hic
3456 3436 3570 3493 dici

1994 3530 2229 3586 duarum
2270 3533 2531 3589 horarum
2561 3536 2824 3605 spatium,
2872 3536 3017 3591 sicut
3060 3537 3342 3590 trihorium
3371 3535 3570 3605 (Auso-

1994 3622 2091 3677 nio
2120 3632 2297 3694 poeta:
2346 3634 2610 3695 usurpata
2668 3631 2796 3696 vos)
2833 3637 2942 3682 tres
2973 3627 3139 3684 horas
3173 3627 3383 3682 iudicat
3418 3644 3431 3679 :
3472 3626 3569 3682 sed

1993 3731 2104 3771 non
2156 3724 2241 3771 est
2272 3716 2370 3770 ita.
2402 3717 2535 3772 Nam
2564 3718 2759 3788 glossze
2803 3728 3019 3773 veteres
3053 3719 3357 3787 univ‘crsim
3401 3734 3571 3788 expo-

1993 3810 2135 3857 nunt
2180 3802 2373 3874 διωρία
2404 3804 2762 3871 intercapedo,
2799 3808 3052 3876 spatium.
3081 3805 3143 3863 Et
3168 3805 3365 3863 Suidas
3394 3825 3407 3861 :
3438 3809 3567 3862 διω-

1996 3893 2107 3965 ρία,
2137 3895 2424 3964 ἀνακωχὴ,
2460 3896 2606 3965 quod
2639 3898 2836 3966 probat
2866 3897 3104 3952 adducto
3131 3898 3316 3953 statim
3347 3898 3469 3953 loco
3501 3914 3572 3954 ex

1991 3985 2257 4054 quodam,
2297 3996 2356 4040 ut
2386 3972 2636 4058 apparet,
2666 3988 2932 4042 historico
2965 4006 2978 4042 :
3006 3989 3176 4056 Δόξαν
3201 3990 3246 4043 δ’
3279 3989 3566 4046 ἐπανεῖναι

1990 4074 2089 4148 τὴν
2132 4060 2481 4148 πολιορκίαν,
2516 4080 2610 4132 καὶ
2661 4078 2888 4147 διωρίαν
2933 4078 3136 4149 βουλῆς
3173 4082 3287 4144 τοῖς
3342 4099 3571 4136 στασια-

1991 4168 2144 4230 σταῖς
2172 4171 2498 4238 παρασχεῖν.
2541 4166 2671 4223 Cum
2706 4177 2884 4222 autem
2933 4179 3061 4223 esset
3091 4172 3260 4224 uisum
3295 4174 3572 4226 remitten-

1990 4257 2114 4311 dam
2160 4260 2604 4330 oppugnationem
2656 4259 2801 4313 urbis
2855 4267 2903 4313 et
2952 4263 3189 4332 spatium
3238 4261 3569 4319 deliberandi

1987 4351 2249 4405 seditiosis
2290 4350 2547 4405 dandum.
2583 4349 2727 4420 Ergo
2767 4360 2823 4405 et
2877 4351 2930 4405 in
2960 4351 3065 4406 hac
3092 4353 3304 4423 reliqua
3336 4354 3567 4409 historia

1992 4453 2183 4497 noster
2213 4441 2508 4512 aliquoties
2545 4441 2772 4511 διωρίαν
2820 4458 2919 4512 pro
2954 4459 3106 4498 mora
3139 4453 3194 4498 et
3225 4445 3423 4514 spatio,
3455 4461 3567 4516 quo

311 4540 459 4594 notis
507 4540 575 4593 ad
629 4555 755 4595 eum
802 4540 985 4594 locum
1027 4538 1187 4593 docet
1236 4558 1249 4592 :
1289 4539 1646 4611 dibambglum
1696 4557 1817 4595 esse
1856 4557 1886 4596 a
1915 4543 1967 4603 D
1998 4543 2244 4587 cessatur
2295 4540 2392 4586 aut
2442 4531 2804 4600 deliberatur,
2862 4535 3038 4603 ponit,
3096 4543 3155 4589 ut
3213 4551 3338 4606 pag.
3401 4537 3503 4591 497
3547 4556 3585 4597 :.

306 4631 505 4686 Latina
540 4644 671 4686 voce
696 4629 958 4699 ampulla,
991 4646 1299 4700 sonareque
1324 4630 1619 4701 ampullam
1652 4632 1888 4704 biguttu-

307 4742 419 4779 rem
449 4725 659 4795 gemino
690 4740 779 4777 ore
804 4738 896 4775 seu
932 4724 1206 4794 epistomio
1239 4740 1467 4794 superne
1499 4724 1753 4779 hiantem.
1787 4725 1891 4780 De-

309 4820 510 4872 buerat
543 4828 727 4870 autem
773 4814 978 4869 addere
1012 4828 1178 4885 quem
1208 4829 1367 4868 usum
1401 4816 1506 4871 tale
1543 4832 1637 4871 vas
1677 4817 1890 4873 habue-

305 4911 400 4975 rit,
438 4917 534 4963 aut
578 4923 740 4977 quam
767 4906 839 4961 ob
865 4922 1111 4973 causam,
1137 4907 1287 4962 ituro
1314 4905 1370 4960 in
1400 4905 1613 4962 Italiam
1650 4910 1888 4977 patriar-

303 5003 409 5058 cha
460 5001 893 5055 instrumentum
924 4997 1044 5068 ejus
1072 4997 1263 5052 forma:
1294 5005 1403 5052 tam
1437 4998 1676 5055 sollicite
1727 5016 1889 5070 para-

308 5106 424 5149 tum
467 5094 659 5156 fuerit,
694 5092 876 5146 tribus
905 5091 1071 5145 etiam
1113 5090 1289 5145 sacris
1329 5106 1400 5145 ex
1444 5091 1607 5146 altari
1640 5094 1789 5148 vasis
1828 5093 1886 5148 in

308 5189 364 5244 id
394 5185 647 5243 conﬂatis
677 5201 690 5238 :
722 5191 1021 5239 contentus
1042 5181 1251 5237 erroris
1273 5181 1537 5236 damnare
1566 5182 1886 5239 Gretserum

303 5282 597 5340 Jesuitam,
633 5276 780 5349 quod
821 5274 919 5329 lib.
947 5276 1257 5330 Comment.
1302 5274 1360 5328 in
1406 5271 1605 5329 Codin.
1652 5275 1707 5341 5,
1743 5291 1795 5332 c.
1830 5278 1883 5343 l,

306 5392 365 5447 [ι.
393 5375 499 5429 217
527 5368 882 5438 dibambylum
911 5384 1029 5421 cum
1060 5366 1306 5437 lampade
1332 5367 1630 5435 confundit.
1658 5369 1715 5423 ιι]
1753 5384 1885 5424 vero

305 5467 576 5523 Gretsero
611 5462 748 5518 falso
777 5459 1103 5529 imponitur.
1133 5458 1184 5513 ls
1216 5459 1362 5513 enim
1397 5458 1472 5513 ibi
1515 5469 1727 5513 tantum
1752 5461 1886 5515 dicit

303 5559 411 5615 sibi
474 5556 613 5611 alias
656 5569 766 5608 non
811 5550 1161 5620 displicuisse
1221 5549 1588 5620 διϐἁμϐουλον
1640 5550 1748 5607 dici
1787 5569 1887 5606 au-

304 5667 456 5707 reum
485 5657 697 5702 contum
750 5645 836 5698 cui
892 5641 1096 5711 lampas
1155 5643 1561 5710 imponebatur,
1593 5644 1683 5697 sed
1724 5660 1781 5698 se
1827 5644 1886 5698 in

302 5743 420 5800 alia
456 5750 627 5795 mente
655 5753 794 5792 nunc
823 5751 952 5790 esse.
982 5735 1087 5800 Qui
1120 5735 1223 5789 etsi
1288 5750 1398 5791 non
1447 5744 1716 5791 mutasset
1754 5752 1884 5791 sen-

308 5833 561 5897 tentiam,
599 5829 708 5886 dici
750 5843 859 5883 non
885 5834 1067 5897 posset
1091 5840 1218 5881 eum
1268 5828 1566 5899 confudisse
1609 5828 1882 5899 dibamby-

2004 4627 2093 4681 'Ev
2115 4625 2364 4696 διωρίαις
2407 4625 2573 4678 ἐτίθει
2623 4626 2689 4677 τὰ
2728 4628 2847 4677 κατ’
2874 4630 3104 4681 ἐκεῖνον.
3143 4629 3328 4684 Utitur
3361 4639 3415 4683 et
3462 4632 3568 4687 hoc

1990 4720 2261 4775 vocabulo
2319 4718 2378 4774 S.
2435 4718 2605 4773 abhas
2636 4717 2791 4773 Nilus
2838 4735 2890 4772 In
2922 4721 3149 4788 epistola
3188 4725 3344 4793 juxta
3372 4725 3571 4781 editio-

1989 4827 2116 4866 nem
2168 4822 2413 4866 nostram
2448 4810 2570 4875 150,
2624 4827 2679 4882 p.
2716 4811 2816 4866 l59
2842 4814 2918 4884 (in
2950 4816 3257 4883 posteriore
3295 4825 3352 4871 et
3398 4818 3559 4888 longe

1988 4904 2239 4976 pleniore
2268 4904 2538 4959 Allatiana
2570 4914 2657 4959 est
2688 4905 2814 4970 215,
2848 4906 2883 4959 Ι.
2920 4922 2998 4970 ιιι,
3022 4922 3076 4976 p.
3121 4906 3250 4972 596,
3296 4909 3563 4978 inscripta

1990 5000 2323 5065 Rodomino,
2360 5017 2485 5058 cum
2533 5001 2588 5055 in
2640 5001 2940 5071 archetypo
2973 4999 3120 5054 unde
3153 5000 3420 5070 descripsi
3453 5009 3566 5057 Me-

1988 5094 2146 5149 diceo
2180 5092 2370 5149 codice
2403 5092 2533 5147 olim
2566 5093 2793 5163 legerim
2823 5109 2925 5164 ego
2960 5101 3016 5148 et
3040 5093 3310 5148 ediderim
3340 5094 3564 5150 Rhodo-

1986 5187 2196 5259 nymo).
2237 5185 2318 5239 lbi
2341 5200 2473 5255 ergo
2501 5185 2617 5240 haec
2647 5186 2966 5255 loquentem
2999 5184 3131 5240 facit
3155 5195 3380 5242 sanctus
3400 5187 3564 5243 Pater

1986 5288 2337 5349 peccatorcm
2392 5277 2831 5346 impteultentem
2874 5278 2929 5333 in
2982 5277 3195 5348 judicio
3247 5294 3560 5349 supremo;

1989 5374 2153 5443 Οῐμοι
2181 5371 2299 5434 πῶς
2333 5371 2600 5433 ἑκουσίως
2626 5370 2891 5425 ἀπώλεσα
2912 5373 3011 5437 τὴν
3034 5372 3262 5445 διωρίαν
3283 5373 3378 5424 τοῦ
3411 5390 3557 5445 παρ-

1987 5464 2232 5526 ελθόντος
2274 5462 2503 5534 χρόνουί
2537 5461 2637 5517 Hei
2668 5463 2812 5528 mihi,
2841 5462 2979 5532 quod
3024 5462 3201 5517 volens
3230 5480 3417 5534 passus
3440 5480 3558 5517 sum

1986 5558 2202 5628 effluere
2238 5557 2296 5611 in
2349 5572 2539 5610 uanum
2602 5557 2835 5625 spatium
2871 5556 3128 5611 transacti
3191 5555 3440 5626 temporis
3492 5556 3562 5609 ad

1986 5647 2347 5716 paenitentiam
2382 5662 2684 5701 concessum
2703 5647 2723 5701 !

2061 5738 2491 5806 Ἐγκλητεύειν
2517 5752 2572 5807 p.
2611 5735 2735 5791 370.
2786 5736 2868 5792 An
2912 5738 3271 5808 ὲγκλητεύειν
3313 5739 3561 5807 reperia-

1989 5837 2077 5884 tur
2124 5828 2269 5900 apud
2321 5829 2493 5885 alium
2538 5827 2788 5885 Graecum
2854 5837 3159 5897 auctorem,
3220 5830 3409 5887 dicant
3458 5831 3557 5900 qui
3632 5832 3639 5835 ’
