4036 6416
483 401 593 466 739

1414 389 1479 450 P.
1520 385 1832 449 POSSINI
1870 380 2524 444 OBSERVATIONUM
2567 381 2718 442 LIB.
2764 380 2810 442 ῐ.

3629 373 3727 439 πο

483 527 680 572 crimes
701 523 788 564 me
818 505 1142 578 diligentius
1165 504 1440 575 legerunt.
1483 501 1636 566 Mihi,
1671 501 1774 556 etsi
1808 499 1939 554 alibi
1962 512 2072 551 non
2106 505 2147 556 Α
2180 517 2535 586 marginalem
2596 516 2890 569 lectionem
2939 513 3168 583 pmbam
3223 511 3355 566 illud
3410 525 3477 565 ex
3535 509 3732 564 duabus

481 603 815 668 occurrerit,
857 616 970 656 non
1020 598 1125 654 fuit
1164 597 1333 659 dubia
1366 596 1486 666 ejus
1521 594 1702 673 notio,
1741 593 1933 661 utique
1985 605 2073 644 re-

483 697 735 755 cordanti
803 693 1074 763 ἔγκλητον
1129 690 1289 760 δίκην
1353 686 1544 742 vocari
1592 687 1747 740 litem
1807 683 1877 738 de
1912 683 2072 752 cujus

479 791 690 859 judicio
737 794 1092 857 provocatum
1124 784 1228 848 sit;
1273 790 1330 836 et
1361 781 1543 835 forum
1574 780 1629 832 in
1662 792 1774 847 quo
1829 792 1896 832 ex
1947 790 2074 846 pro-

486 882 778 938 vocatione
814 880 1175 948 disceptatur,
1208 874 1478 943 ἔγκλητον
1519 873 1898 942 δικαστήριον.

561 978 900 1041 Ἔκφανσις
948 987 1000 1041 p.
1059 971 1180 1023 H5.
1226 954 1425 1022 'Verba
1490 965 1605 1019 inec
1654 963 1976 1018 referuntur
2005 975 2071 1015 ex

487 1078 636 1120 tumo
665 1062 915 1132 Gregorii
947 1059 1158 1129 Cyprii,
1191 1054 1787 1124 Constantinopolitani
1837 1052 2074 1122 patriar-

483 1158 604 1212 cha:
631 1175 642 1211 :
675 1157 736 1209 Et
759 1155 815 1207 δὲ
847 1153 940 1206 καὶ
972 1153 1124 1221 παρὰ
1145 1150 1223 1220 τῷ
1249 1148 1694 1217 θεολογικωτάτῳ
1722 1144 2072 1215 Δαμασκηνῷ

487 1253 549 1304 τὸ
591 1249 678 1302 διὰ
703 1248 864 1316 λόγου
899 1245 1126 1316 εὕρηται
1171 1241 1487 1314 προϐολεὺς,
1518 1241 1576 1318 οὑ
1615 1241 1712 1311 τὴν
1743 1243 1821 1303 εἰς
1851 1239 1911 1292 τὸ
1937 1235 2073 1292 εῖναι

488 1343 748 1412 καθαρῶς
794 1340 886 1392 τοῦ
949 1337 1263 1407 [Ινεύματος
1303 1334 1533 1404 πρόοδον
1585 1333 1618 1402 ἡ
1686 1330 1832 1395 λέξις
1878 1331 2074 1402 δηλοῦν

491 1435 761 1507 βούλεται,
799 1433 934 1485 ἀλλὰ
969 1431 1068 1499 τὴν
1111 1431 1192 1490 εἰς
1233 1428 1406 1482 ἀΐδιον
1431 1425 1841 1495 ἐκφαςιν.(]ιιω
1875 1426 2076 1494 Saepius

489 1529 680 1600 paucis
716 1528 801 1581 bis
837 1525 1092 1580 versibus
1121 1530 1403 1592 repetatur
1432 1535 1536 1574 vox
1585 1518 1869 1586 ἔκφανσις,
1903 1518 2074 1572 semel

492 1629 705 1673 tantum
741 1614 914 1672 codex
951 1625 1142 1670 noster
1177 1629 1297 1669 eam
1347 1612 1605 1681 exprimit
1637 1611 1826 1668 addito
1859 1631 1908 1674 ν,
1938 1611 2076 1665 alias

491 1711 717 1778 ἔκφασις
745 1710 1016 1764 scribens.
1053 1707 1208 1764 Unde
1245 1707 1479 1762 verebar
1505 1704 1765 1774 equidem
1797 1703 2075 1773 corrigere

491 1812 569 1856 tot
601 1804 716 1856 loca
751 1802 957 1855 iudicio
991 1801 1176 1861 unius.
1223 1798 1330 1852 nisi
1364 1793 1884 1851 animadvertissem
1917 1793 2074 1848 codi-

490 1910 610 1949 Ccm
686 1895 1011 1949 Vaticanum
1076 1897 1402 1946 constanter
1478 1887 1744 1956 ἐκφανσιν
1804 1886 2074 1940 scribere.

494 1986 625 2039 lude
684 1985 926 2038 intellexi
968 1983 1050 2037 sic
1097 1995 1290 2035 revera
1327 1979 1595 2047 scriptum
1643 1991 1673 2031 a
1717 1975 2074 2046 Pachymere,

493 2093 649 2131 more
698 2076 888 2145 utique
935 2083 1159 2141 recepto
1207 2071 1444 2124 aliorum
1473 2067 1642 2133 ,etsi
1684 2080 2078 2136 nonnusquam

492 2169 726 2236 ἔκφασις
761 2180 982 2236 quoque
1012 2164 1237 2234 legitur.
1266 2161 1371 2217 Sed
1411 2161 1638 2233 majoris
1666 2160 1930 2218 momenti
1959 2160 2080 2216 fue-

495 2262 569 2316 rit
601 2261 884 2315 noﬁonem
941 2256 1180 2314 scrutari
1231 2255 1383 2311 vocis
1416 2255 1602 2326 hujus.
1634 2255 1807 2327 Vulgo
1849 2255 2014 2310 video
2045 2270 2076 2310 a

495 2353 730 2409 summis
762 2349 1037 2421 theologis
1068 2347 1257 2406 Grteca
1315 2347 1511 2403 Latine
1565 2347 1931 2402 reddentibus
1986 2347 2080 2401 εκ-

495 2462 715 2514 φανσιν,
735 2443 1122 2512 ἐκφαντορίαν,
1164 2441 1560 2511 ὲκφαντοριιςὸν
1585 2439 1803 2509 πνεῦμα
1821 2439 2081 2495 enuntia-

499 2538 666 2592 tionis
692 2534 1005 2606 signiﬁcatu
1048 2531 1343 2590 declarari.
1377 2532 1498 2588 Non
1532 2531 1901 2597 reprehendo.
1946 2531 2081 2587 lure

501 2639 685 2684 tamen
725 2643 848 2682 meo
878 2627 1035 2682 visus
1078 2627 1216 2681 mihi
1255 2641 1377 2681 sum
1410 2640 1572 2696 posse
1617 2624 1723 2678 hoc
1749 2638 1951 2678 nomen
1979 2622 2083 2678 du-

497 2737 627 2777 cere
657 2722 727 2777 ab
759 2722 1024 2792 ὲκφαίνω,
1056 2729 1332 2789 quatenus
1361 2729 1522 2773 sonat
1557 2717 1753 2783 eluceo,
1793 2723 1854 2770 ut
1880 2715 2084 2785 ἐκφαν-

499 2831 582 2878 σις
614 2825 764 2870 recte
806 2822 1056 2868 vertatur
1099 2794 1603 2881 exsplendescetttia.
1641 2809 1796 2876 Quod
1841 2823 2083 2863 commo-

497 2909 627 2965 dius
678 2909 747 2964 ad
807 2907 1040 2977 subjecti
1074 2906 1183 2962 loci
1237 2905 1594 2966 sententiam,
1631 2903 1684 2956 ni
1721 2901 1882 2955 l‘allor
1937 2900 2084 2955 accil-

497 3003 604 3058 dit.

571 3093 789 3168 [P.476]
805 3090 1308 3165 678Ἐνικανόω
1329 3105 1380 3158 p.
1412 3089 1532 3143 105.
1555 3087 1728 3160 Hujus
1745 3086 1924 3152 verbi,
1950 3085 2085 3140 satis

502 3189 559 3244 in
591 3187 752 3241 libris
773 3201 912 3256 quos
931 3184 1161 3239 viderim
1185 3183 1319 3249 rari,
1354 3182 1637 3238 notionem
1661 3196 1692 3234 e
1726 3179 2084 3249 paraphraste

501 3277 771 3333 Vaticano
799 3278 1034 3346 sumpsi,
1065 3285 1240 3330 totum
1271 3274 1422 3330 hunc
1451 3273 1636 3328 locum
1661 3271 1742 3326 sic
1772 3267 2040 3324 reddente
2064 3284 2078 3320 :

509 3373 740 3427 Ἑκατὸν
797 3374 1136 3442 πεντήκοντα
1169 3371 1460 3440 χρυσὶνους
1507 3368 1691 3430 αὐτοῖς
1746 3366 2082 3435 ἐδωρήσατο.

500 3464 594 3522 Sic
622 3466 712 3520 ille
747 3465 1087 3536 conjungens
1133 3479 1256 3534 quae
1308 3470 1502 3527 auctor
1531 3460 1895 3525 discreverat,
1949 3472 2082 3512 cen-

501 3567 619 3609 tum
652 3569 852 3609 aureos
884 3555 1086 3618 Vecco,
1119 3551 1520 3622 quinquaginta
1556 3549 1911 3606 Meliteniotze
1945 3563 2082 3617 sup-

503 3646 776 3716 peditatos
845 3659 1184 3699 memorans.
1231 3643 1360 3699 lCui
1420 3652 1694 3713 quatenus
1755 3641 2084 3711 simpliciter

503 3738 748 3794 donandi
779 3737 1148 3807 signiﬁcatum
1177 3736 1448 3791 vocabulo
1478 3733 1792 3788 ἐνικανοῠτο
1837 3733 2081 3805 subjicit,

504 3832 766 3885 adita-reo
799 3830 1017 3884 defectu
1049 3828 1297 3884 melioris
1326 3829 1605 3894 auctoris;
1644 3827 1870 3882 interim
1903 3838 2084 3883 tamen

504 3923 794 3989 suspicans
862 3921 1296 3993 aSsignationem
1367 3935 1562 3974 annuae
1638 3919 1888 3991 pecunia:
1952 3921 2085 3974 istas

499 4028 748 4070 summas
778 4015 1067 4082 aequantis,
1095 4012 1314 4066 duobus
1337 4012 1625 4067 exsulibus
1644 4011 1702 4066 in
1733 4011 1996 4066 alimenta
2029 4018 2086 4065 et

505 4120 638 4159 usus
669 4105 793 4158 vita:
837 4115 1068 4159 caeteros
1111 4103 1445 4174 praebendas,
1485 4103 1592 4158 isto
1623 4103 1895 4158 vocabulo
1938 4102 2081 4157 indi-

501 4205 676 4252 catam
722 4213 750 4250 a
794 4197 1164 4267 Pachymere;
1199 4205 1258 4250 ut
1289 4195 1476 4250 dicere
1494 4196 1757 4260 voluerit,
1781 4211 1907 4250 cum
1935 4205 2086 4250 eateo

506 4303 611 4343 nus
637 4287 775 4342 nihil
807 4288 1188 4343 constituisset
1232 4287 1531 4358 imperator
1561 4288 1629 4342 de
1671 4289 1822 4342 victu
1853 4286 2086 4356 captivis

504 4379 726 4434 duobus
769 4379 1139 4450 suggerendo,
1188 4389 1325 4433 tunc
1374 4394 1470 4448 per
1515 4379 1949 4434 Alexandrinum
1992 4395 2088 4447 pa-

507 4467 807 4523 triarcham
857 4478 911 4522 et
966 4468 1302 4539 logothetam
1354 4468 1490 4538 ipsis
1545 4469 1816 4540 assignari
1870 4487 1901 4523 e
1952 4467 2086 4523 ﬁsco

2175 609 2296 662 aliis
2329 609 2684 667 contulimus.
2719 617 2780 662 ut
2816 608 2877 660 τὸ
2904 624 2932 660 ν
2958 607 3386 678 geminaremus.
3435 603 3567 658 Cum
3596 604 3728 655 enim

2176 699 2283 752 hoc
2313 699 2566 766 verbum,
2611 709 2671 753 ut
2732 714 2860 752 mox
2910 699 3288 762 ostendemus,
3349 696 3632 757 formetur,
3673 695 3733 748 ab

2177 791 2395 864 ἐννάτῃ,
2447 791 2592 861 quod
2636 791 2986 861 frequentius
3031 806 3128 860 per
3179 789 3381 858 duplex
3413 807 3441 840 ν
3471 789 3733 850 scribitur,

2176 883 2385 937 rectius
2435 885 2756 954 putavimus
2789 883 3096 947 ~éwuvltew
3123 897 3288 952 quam
3322 881 3584 945 ἐνατέξειν
3614 881 3732 935 diei.

2176 975 2289 1030 Etsi
2315 991 2416 1030 nos
2450 993 2560 1031 non
2593 976 2732 1045 fugit.
2777 976 3138 1045 scriptiouem
3195 976 3290 1028 τοῦ
3328 974 3490 1044 ἐνάτη
3523 990 3617 1043 pro
3659 977 3737 1025 ὲν-

2175 1068 2311 1137 νάτη
2341 1083 2452 1123 non
2485 1069 2647 1124 modo
2673 1078 2734 1124 ut
2763 1069 2990 1140 probam
3024 1069 3248 1124 delendi
3279 1070 3346 1123 ab
3375 1067 3655 1123 Eustathio
3678 1067 3736 1121 ad

2176 1159 2338 1218 Iliad.
2373 1161 2424 1230 β,
2474 1177 2530 1232 p.
2596 1162 2702 1218 295
2734 1162 2825 1217 ed.
2862 1162 3048 1226 Bonu,
3071 1163 3167 1217 sed
3200 1163 3363 1215 etiam
3399 1161 3467 1214 ad
3505 1161 3658 1215 Iliad.
3689 1161 3736 1225 θ,

2178 1266 2231 1320 p.
2289 1250 2425 1316 712,
2483 1252 2862 1306 commendari
2926 1263 3183 1321 tanquam
3249 1251 3455 1320 λογίοις
3509 1250 3725 1304 eruditis
3747 1290 3781 1328 γρ.

2177 1351 2517 1408 usurpatam,
2577 1351 2636 1396 ut
2684 1343 2817 1397 dent
2862 1341 3048 1397 locum
3083 1343 3380 1412 ingeniosa:
3429 1327 3780 1418 trajectiouitfa
3855 1339 3870 1353 ⁶

2175 1429 2511 1497 litterarum,
2542 1450 2649 1503 qua
2687 1434 2876 1487 ἐνατον
2919 1435 2974 1488 in
3007 1435 3197 1487 νέατον
3228 1442 3474 1486 mutetur
3511 1449 3521 1482 :
3550 1421 3778 1508 nonumé‘é‘

2176 1524 2382 1594 quippe
2428 1542 2527 1595 per
2561 1527 2752 1578 ἔνατον
2807 1527 3103 1597 signatum,
3138 1540 3262 1579 cum
3307 1526 3376 1579 sit
3410 1525 3654 1578 ultimum
3683 1521 3762 1574 iu'

2179 1618 2429 1671 numeris
2481 1617 2852 1687 simplicibus,
2914 1619 3103 1670 νέατον
3151 1617 3297 1670 idem
3341 1630 3560 1685 quoque
3616 1623 3730 1667 est:

2177 1710 2294 1764 hac
2336 1710 2482 1762 enim
2518 1726 2624 1764 vox
2673 1721 2835 1764 sonat
2878 1711 3238 1763 novissimum.
3275 1709 3345 1762 At
3378 1708 3510 1761 mihi
3541 1707 3742 1776 quidem

2178 1801 2326 1857 haud
2364 1803 2544 1872 placet
2585 1801 2704 1856 haec
2738 1801 2976 1871 argutia,
3023 1817 3146 1870 qua:
3178 1802 3506 1857 vocabulum
3554 1799 3615 1853 ab
3647 1799 3744 1853 ori-

2180 1894 2306 1964 gine
2337 1909 2435 1948 sua
2469 1893 2704 1948 divellit.
2750 1892 2807 1948 Si
2841 1894 2986 1948 enim
3025 1893 3212 1946 ἐνατον
3263 1893 3425 1962 quasi
3469 1893 3646 1948 νέατον
3675 1890 3744 1945 di-

2180 1993 2329 2039 ctum
2353 1994 2461 2049 est,
2493 1985 2607 2054 jam
2646 1983 2753 2038 hoc
2785 1983 3073 2037 numerale
3111 1998 3312 2037 nomen
3347 2000 3376 2038 a
3409 2000 3507 2038 suo
3534 1997 3744 2037 numero

2180 2076 2336 2128 ἐννέα
2365 2092 2474 2129 non
2531 2075 2920 2141 derivabitur;
2967 2075 3126 2146 .1qu0d
3171 2077 3472 2130 absurdum
3527 2075 3742 2129 videtur.

2180 2166 2314 2223 Utut
2353 2172 2446 2232 sit,
2489 2167 2756 2235 scriptum
2788 2183 2817 2221 a
2865 2167 3206 2238 Pachymere
3238 2167 3539 2231 ὲννατίζειν
3581 2183 3694 2222 cum
3719 2183 3745 2220 ν

2180 2259 2413 2330 duplici,
2446 2275 2514 2313 ex
2543 2259 2819 2329 scriptura
2844 2265 3141 2314 contextus
3167 2266 3225 2314 et
3273 2259 3521 2314 Vaticani
3557 2259 3745 2312 codicis

2179 2369 2293 2409 non
2331 2363 2561 2416 temere,
2597 2361 2659 2406 ut
2685 2360 2841 2422 puto,
2876 2366 3156 2422 auguror;
3183 2352 3558 2421 existimoque
3588 2353 3745 2404 usita-

2180 2454 2299 2499 tum
2362 2442 2420 2497 in
2467 2442 2823 2498 monasteriis
2872 2441 2981 2496 hoc
3014 2442 3247 2496 verbum
3298 2443 3368 2497 ad
3417 2442 3760 2513 indicandam,

2183 2534 2547 2590 refectionem
2594 2533 2848 2604 corporis
2886 2533 3056 2588 semel
3107 2533 3161 2588 in
3202 2534 3293 2590 die
3323 2535 3604 2599 duntaxat,
3659 2546 3747 2586 nec

2181 2627 2340 2698 prius
2379 2626 2516 2681 hora
2563 2626 2633 2681 ab
2671 2636 2804 2681 ortu
2843 2625 2978 2682 solis
3020 2641 3184 2694 nona,
3235 2618 3588 2698 usurpatam;
3618 2623 3746 2695 quod

2183 2719 2384 2775 diebus
2413 2719 2671 2790 religioso
2691 2719 2906 2790 jejunio
2930 2719 3162 2774 sacratis
3182 2728 3398 2773 tantum
3425 2721 3550 2774 olim
3579 2717 3744 2772 ﬁebat.

2182 2811 2342 2868 Nunc
2373 2827 2506 2868 vero
2532 2812 2872 2868 Athanasius
2897 2815 3214 2884 patriarcha
3262 2814 3338 2869 ita
3378 2815 3617 2885 quotidie
3641 2813 3747 2869 ﬁeri

2179 2904 2433 2977 jubebat,
2476 2907 2810 2976 μονοφαγιαν
2855 2905 2924 2959 δι’
2967 2908 3121 2968 ἔτους
3166 2905 3749 2979 ὲξακριϐούμενος.ΝῙ-

2185 2997 2388 3070 mirum
2414 2996 2508 3067 qui
2537 2998 2605 3051 ad
2631 2997 3002 3052 necessariam
3033 2999 3447 3056 observantiam
3479 2997 3748 3064 mopastici

2187 3088 2430 3144 instituti
2463 3089 2752 3158 pertinuere
2776 3088 3006 3145 duceret
3034 3099 3149 3147 toto
3174 3107 3327 3147 anno
3357 3093 3574 3148 nonnisi
3601 3087 3747 3147 semel

2112 3202 2159 3265 α
2190 3180 2245 3235 in
2279 3181 2369 3236 die
2399 3181 2718 3247 comedere,
2749 3182 2918 3252 idque
2950 3197 3059 3236 non
3097 3194 3226 3239 ante
3263 3184 3459 3240 horam
3489 3201 3518 3240 a
3545 3181 3749 3239 meridie

2191 3273 2436 3338 tertiam,
2497 3289 2527 3328 a
2577 3273 2712 3328 solis
2751 3281 2877 3329 ortu
2918 3289 3146 3338 nouam,
3177 3277 3259 3332 sic
3293 3293 3398 3347 per
3444 3271 3750 3332 monasteria

2189 3364 2313 3419 ﬁeri
2356 3365 2604 3434 quotidie
2638 3366 2892 3437 jubebat.
2940 3367 3028 3428 Ὦς
3059 3369 3152 3420 καὶ
3181 3370 3485 3435 ὲννατίζειν
3517 3370 3619 3431 ἀεὶ,
3660 3367 3750 3420 hoc

2190 3467 2301 3521 est,
2356 3457 2433 3512 ita
2467 3467 2528 3512 ut
2557 3458 2682 3512 inde
2712 3468 3039 3528 sequeretur
3072 3475 3291 3530 semper
3315 3461 3611 3516 monachos
3631 3459 3749 3512 liora

2190 3548 2461 3602 duntaxat
2498 3563 2644 3601 nona
2673 3547 2949 3617 jejunium
2993 3548 3245 3610 solvere,
3279 3550 3450 3603 etiam
3487 3548 3632 3603 festis
3661 3543 3750 3596 Do-

2189 3639 2326 3693 mini
2353 3646 2410 3693 et
2457 3638 2842 3693 Paschalibus.
2876 3638 3148 3708 Legitima
3182 3637 3445 3692 videlicet
3486 3637 3539 3692 in
3583 3645 3748 3689 coeno-

2188 3731 2300 3786 biis
2360 3732 2470 3799 jam
2513 3730 2664 3794 olim,
2714 3746 2825 3800 quo
2880 3730 2969 3785 die
3019 3730 3402 3801 jejunabatur,
3459 3722 3750 3783 refectiouis

2193 3823 2332 3878 hora
2365 3837 2512 3877 nona
2550 3832 2704 3890 erat,
2758 3831 2927 3893 prout
2961 3823 3348 3878 demonstrare
3380 3835 3590 3893 possem
3630 3812 3750 3870 mul-

2190 3915 2262 3969 tis
2308 3914 2642 3970 testimoniis
2677 3921 2952 3978 veterum,
2995 3914 3100 3969 nisi
3132 3914 3302 3985 679
3342 3930 3469 3969 eum
3525 3909 3744 3966 laborem

2189 4018 2634 4080 przeoccupassct
2697 4009 3029 4066 ltosweidus
3086 4020 3279 4080 noster
3314 4011 3371 4064 in
3422 4002 3747 4064 Onomastico

2189 4103 2254 4158 ad
2293 4104 2448 4157 Vitas
2494 4104 2741 4168 Patrum,
2777 4106 2942 4157 verbo
2984 4121 3125 4158 nona
3159 4107 3315 4164 liora,
3345 4119 3504 4174 quem
3537 4098 3672 4154 vide.
3698 4094 3744 4147 In

2190 4197 2674 4252 conﬁrmationem
2740 4197 3012 4251 hactenus
3081 4199 3363 4252 dictorum
3425 4205 3608 4252 noster
3668 4188 3744 4242 hic

2191 4291 2335 4344 idem
2403 4297 2596 4343 auctor
2650 4289 2900 4352 inferius,
2959 4306 3011 4358 p.
3058 4289 3203 4352 618,
3286 4290 3444 4359 quasi
3491 4285 3747 4356 explicans

2189 4382 2323 4453 quid
2385 4383 2538 4450 prius
2593 4390 2845 4436 vocasset
2904 4383 3225 4443 ἐννατίζειν,
3282 4384 3359 4437 ait
3409 4376 3741 4436 Athanasium

2194 4475 2444 4545 coegisse
2517 4475 2788 4544 μοναχοὺς
2849 4475 3188 4542 μονοφαγίαν
3239 4475 3362 4528 κατ’
3425 4474 3635 4531 ἒννὰτας
3685 4461 3742 4516 δι’

505 4560 790 4616 curavisse
814 4576 1024 4614 annuas
1068 4563 1385 4631 pensiones.
1417 4563 1593 4618 Vecco
1633 4562 1856 4633 quidem
1893 4577 2090 4616 aureo-
2123 4543 2167 4598 Ῑ)
2197 4565 2352 4624 ἔτους
2387 4566 2579 4618 ἀσκεῖν
2606 4581 2619 4594 ο
2661 4567 2945 4619 monachos
2976 4565 3232 4635 jejunare
3284 4565 3516 4637 quotidie
3559 4575 3646 4630 per
3679 4562 3746 4607 to—

507 4667 629 4706 rum
658 4664 906 4717 centum,
937 4654 1294 4709 Meliteniota:
1323 4669 1456 4709 vero
1485 4655 1907 4726 quinquaginta.

575 4743 938 4809 Ἐννατίζειν
967 4761 1022 4815 p.
1059 4745 1182 4801 5l9.
1229 4745 1417 4801 Codex
1467 4747 1710 4817 Optimus
1754 4744 2091 4799 Barberiuus

505 4836 560 4891 iu
612 4846 873 4893 contextu
923 4838 1090 4893 habet
1123 4841 1472 4906 ἐννεατίζειν,
1523 4839 1620 4895 sed
1683 4840 1990 4903 meliorem,
2029 4846 2090 4894 ut

509 4931 727 4998 Opinor,
759 4931 904 4985 idem
933 4932 1226 4987 lectionem
1263 4933 1315 4986 in
1352 4934 1602 5003 margine
1625 4932 1888 5004 suggerit,
1917 4929 2093 4995 ἐνατί-

511 5021 646 5086 ζειν,
679 5039 778 5092 pro
807 5040 916 5093 quo
954 5025 1248 5080 Vaticanus
1282 5024 1560 5088 ἐννεάζειν
1588 5024 1834 5080 exhibet.
1869 5024 1982 5079 Nos
2012 5023 2080 5078 ad

587 5213 646 5283 (⁸)
680 5211 807 5267 Post
862 5211 978 5265 haec
1011 5213 1212 5281 scripta
1277 5211 1453 5283 reperi
1507 5213 1740 5283 verbum
1785 5209 2088 5274 ἐννατίςειν

511 5282 616 5340 hoc
645 5283 764 5346 ipso
786 5298 942 5350 quem
973 5282 1064 5336 hic
1089 5284 1312 5350 exposui
1345 5282 1663 5352 signiﬁcatu
1705 5293 2028 5352 usurpatum
2057 5294 2088 5332 a

512 5356 572 5410 S.
604 5353 894 5409 Theodoro
929 5353 1141 5407 Studita
1175 5355 1228 5407 in
1275 5350 1608 5407 Laudatioue
1641 5350 1854 5407 funebri
1887 5352 1946 5404 S.
1977 5351 2092 5404 Pla-

518 5427 662 5478 tuuis
707 5422 987 5491 monachi,
1017 5440 1138 5490 quae
1167 5438 1271 5476 ms.
1307 5434 1560 5477 servatur
1586 5423 1638 5476 iu
1676 5423 1800 5477 cod.
1833 5419 2094 5475 Vaticano

516 5494 674 5549 1660.
709 5493 762 5547 lu
791 5509 852 5547 ea
885 5495 1133 5546 oratione
1163 5494 1323 5560 paulo
1356 5503 1482 5545 ante
1512 5493 1747 5546 medium
1784 5491 2097 5546 referuntur

516 5568 628 5620 lucc
660 5564 821 5618 verba
855 5565 1075 5617 Antonii
1109 5564 1381 5627 monachi,
1409 5564 1500 5632 qui
1528 5563 1824 5631 discipulus
1846 5571 1897 5614 et
1936 5561 2097 5615 mini-

517 5651 627 5690 ster
654 5635 829 5686 fuerat
862 5633 919 5688 S.
953 5635 1195 5688 Platonis
1229 5635 1353 5687 dum
1388 5635 1566 5688 adhuc
1594 5634 1836 5685 viveret:
1865 5633 2090 5701 "Aptoq,

513 5705 673 5775 φησὶ,
699 5705 774 5774 τῷ
809 5704 984 5775 Πατρλ
1007 5705 1099 5756 καὶ
1131 5703 1342 5775 κύαμος
1371 5705 1507 5775 πρὸς
1527 5703 1780 5775 λαχάνοις
1808 5705 1900 5755 καὶ
1925 5705 2093 5775 dupo—

511 5774 719 5841 ῖρύοις,
872 5774 996 5827 καθ’
1049 5772 1262 5846 ἡμέραν
1297 5772 1648 5837 ἐννατίςουσα
1690 5773 1938 5834 ἁνέλαιος
1977 5772 2090 5822 διας

516 5844 716 5895 εοοωσὶπ.
759 5845 899 5895 πιὴν
955 5846 1240 5895 Κυοιακῆς
1277 5847 1366 5895 καὶ
1414 5846 1627 5895 eoo-cii;
1665 5843 1788 5895 καθ’
1819 5843 1884 5895 ἃς
1916 5840 2090 5895 εἰώθει

516 5840 716 5916 εροφὴ,
759 5840 899 5910 πλὴν
955 5840 1240 5915 Κυρῖαὶέῆς
1277 5847 1366 5900 καὶ
1414 5846 1627 5916 ἑορτῆς,
1665 5843 1788 5897 καθ’
1819 5843 1884 5906 ἃς
1916 5840 2097 5895 εἰώθει

2195 4670 2301 4711 tum
2350 4675 2574 4723 annum,
2637 4657 2799 4713 semel
2831 4668 3036 4712 tantum
3086 4661 3267 4725 indie,
3301 4660 3456 4730 idque
3506 4671 3602 4708 non
3642 4654 3778 4730 ante;

2191 4752 2380 4806 horam
2414 4767 2610 4805 nonam
2638 4751 2954 4804 comedenda
2984 4751 3076 4821 (').
3758 4723 3789 4760 ’“

2266 4843 2348 4915 ip-
2376 4841 2500 4914 ‘77)
2529 4842 2884 4913 'Efam’ma,
2917 4859 2971 4913 p.
2994 4844 3121 4898 284.
3143 4842 3375 4898 Etiamsi
3410 4841 3564 4908 vulgo
3589 4842 3745 4905 gram-

2193 4933 2381 4986 matici
2432 4931 2703 5001 ἐξαγώνια
2742 4933 2850 4987 dici
2898 4944 3164 4988 censeant
3209 4933 3365 5004 quasi
3397 4931 3498 4995 ἔξω
3540 4923 3741 4994 ἀγῶνοςι

2191 5041 2315 5096 qua:
2351 5015 2648 5080 sint-extra
2699 5035 3007 5093 certamen,
3059 5026 3293 5082 nihilad
3352 5034 3566 5080 causam
3629 5009 3742 5068 alli'

2195 5211 2574 5282 ὁμοτράπεζος
2613 5207 2756 5266 εἶναι
2800 5212 2867 5280 τῇ
2902 5213 3058 5283 κοινῇ
3114 5209 3458 5283 ἀδελφότητι..
3495 5201 3584 5258 Ubi
3615 5196 3744 5283 cities

2197 5270 2587 5345 ἐννατίζουᾶαν
2631 5270 2932 5350 διατροῷὴν
2987 5270 3193 5342 νὸσετί.
3256 5270 3596 5350 refectione!“
3631 5270 3742 5350 ¹¹⁰¹ξ²ξ

2198 5368 2344 5406 nona
2378 5363 2676 5420 sumptam.
2724 5345 2848 5404 Hoc
2887 5345 3034 5406 enim
3071 5363 3244 5405 tutum
3299 5347 3647 5420 testimonium
3678 5345 3742 5420 sic

2204 5424 2399 5476 Latine
2455 5413 2614 5477 sonat
2649 5442 2662 5478 :
2701 5421 2867 5476 Panis
2922 5423 3140 5492 (inquit)
3178 5421 3351 5484 Ραιῖί,
3400 5427 3445 5470 ει
3478 5413 3601 5492 ῙαζΨ,

2205 5493 2433 5546 oleribus
2470 5510 2531 5546 ac
2563 5495 2757 5547 teneris
2809 5482 3041 5559 fastigiis
3092 5482 3740 5563 sitrpiurnipquotidiatttt‘fl:

2205 5574 2356 5618 erant
2381 5565 2491 5618 sine
2520 5564 2632 5617 oleo
2657 5551 2988 5626 alimentum,
3023 5579 3162 5617 nona
3191 5551 3292 5617 itan
3316 5551 3455 5629 prius
3484 5557 3603 5605 liora

2199 5635 2450 5700 solitum,
2507 5635 2611 5688 nisi
2679 5610 3141 5687 Dominica'esset
3201 5610 3739 5701 aut'festuut:qul'_b_"’_f

2200 5705 2381 5760 diebus
2415 5684 2681 5760 c’ommuni
2712 5705 2915 5759 cunctis
2947 5684 3178 5775 [atrioin
3204 5684 3393 5758 omnia
3443 5684 3736 5751 consutam!

2201 5791 2337 5831 ιέδει
2350 5818 2362 5832 .
