4036 6396
363 402 462 470 741

1737 395 2250 458 GLOSSABIUM.

3522 401 3632 464 742

367 496 582 558 nentia,
617 493 1040 565 ἀπροσδιόνυσα,
1091 493 1284 549 videor
1335 492 1470 547 mihi
1519 500 1700 550 tamen
1740 492 1828 547 vel
1875 507 1942 545 ex
1973 499 2018 554 Α
2047 491 2485 548 internecionem
2523 509 2696 564 usque
2738 494 3117 560 conﬂixerant,
3157 505 3345 552 secuta
3369 495 3494 552 inde
3532 499 3637 552 mia

369 587 476 644 hoc
503 590 678 642 nostri
709 589 834 640 loco
858 602 969 641 non
997 595 1204 641 temere
1232 586 1528 656 suspicari,
1555 583 1855 655 signiﬁcari
1883 598 1954 638 eo

369 679 638 735 vocabulo
664 695 787 748 quae
831 679 1011 733 Latini
1061 679 1330 732 subseciva
1357 687 1582 740 vocant,
1630 677 1773 730 ultra
1805 690 1956 730 men-

367 784 557 823 suram
593 778 800 824 rectam
818 769 1136 823 excedentia
1168 767 1224 822 in
1248 766 1643 837 partitionibus
1674 780 1952 834 agrorum.

364 860 504 917 Cum
538 861 688 916 enim
735 860 1071 931 agrimensio
1107 875 1204 930 per
1254 860 1432 912 lineas
1478 858 1572 910 ﬁat
1613 857 1855 910 invicem
1887 854 1954 908 ad

371 961 551 1007 rectos
616 952 845 1021 angulos
895 961 1094 1015 sectas,
1161 965 1304 1019 saepe
1360 951 1416 1002 in
1467 949 1680 1018 campis
1721 946 1958 1015 obliquae

372 1047 560 1117 ﬁgura:
579 1044 934 1114 contingebat
962 1042 1245 1097 abundare
1283 1038 1779 1112 spatiumaliquod
1803 1047 1959 1091 extra

370 1137 667 1207 angulum,
711 1135 815 1202 ἔξω
838 1135 1059 1203 γωνίας,
1095 1134 1242 1205 quod
1277 1134 1573 1202 ἐξαγώνιον
1613 1130 1811 1196 Graeci,
1855 1129 1961 1182 La-

373 1232 499 1294 tini,
547 1239 608 1284 ut
657 1230 794 1292 dixi,
834 1227 1192 1282 subsecivum
1231 1234 1512 1290 vocarent,
1545 1239 1688 1294 saepe
1717 1237 1814 1293 per
1843 1221 1960 1276 haec

372 1321 644 1374 vocabula
689 1318 916 1387 utrique
979 1324 1138 1387 tropo
1192 1318 1432 1387 quodam
1491 1316 1810 1370 indicantes
1871 1327 1961 1367 res

372 1412 713 1468 accessorias
750 1427 854 1466 nec
887 1411 1161 1481 praecipue
1192 1409 1459 1470 intentas,
1493 1407 1588 1463 sed
1623 1423 1743 1476 quae
1774 1416 1959 1460 aucta-

376 1506 443 1559 rii
502 1506 627 1558 loco
672 1505 742 1558 ad
801 1504 1093 1573 primarius
1143 1501 1584 1563 accumulentur,
1648 1498 1793 1552 sicut
1842 1498 1962 1554 istae

372 1597 681 1652 subsecivae
712 1597 827 1664 agri
887 1605 1073 1665 partes
1108 1594 1267 1648 alteri
1314 1591 1612 1647 conﬁnium
1637 1592 1960 1645 colonorum

373 1688 746 1743 addebantur.
764 1688 1028 1757 Πάρεργα
1057 1687 1230 1741 Graeci
1252 1686 1413 1741 aliter
1431 1686 1730 1756 appellant,
1757 1673 1963 1753 quibus

373 1783 654 1853 praecipue
685 1782 963 1836 intentum
1001 1780 1302 1851 designans
1339 1777 1722 1847 respoudetrb
1751 1777 1960 1847 προύρ-

374 1892 500 1943 γου,
532 1874 678 1943 quod
699 1883 755 1928 et
780 1874 872 1928 hic
900 1881 1085 1927 noster
1106 1880 1358 1939 usurpat.

451 1967 752 2032 ’EEd-rznc
775 1981 829 2034 p.
861 1964 990 2018 265.
1029 1963 1157 2017 Scio
1190 1962 1418 2031 ἐξάντην
1454 1961 1617 2030 vulgo
1653 1961 1836 2030 putari
1867 1959 1953 2014 di-

375 2070 527 2113 ctum
553 2059 712 2128 quasi
735 2057 840 2123 ἔξω
868 2058 1024 2126 ἄτης.
1051 2057 1162 2110 sine
1195 2070 1357 2120 noxa,
1388 2054 1725 2119 incolumem,
1755 2053 1962 2108 indem-

378 2168 521 2207 nem.
561 2150 733 2220 Cujus
758 2150 1005 2206 nationis
1039 2149 1096 2202 in
1131 2147 1410 2203 Phaedone
1439 2146 1684 2201 Platonis
1708 2145 1964 2215 exempla

376 2243 660 2314 leguntur.
694 2240 802 2296 Sed
843 2255 956 2295 non
1011 2239 1314 2308 quadraret
1346 2239 1412 2292 ad
1473 2238 1582 2292 loci
1632 2238 1964 2292 sententiam

375 2335 792 2406 interpretatio,
837 2348 961 2404 qua:
1016 2333 1142 2388 istis
1201 2331 1490 2390 vocabulis
1547 2330 1640 2385 hic
1693 2339 1961 2386 uteretur.

375 2427 504 2484 Non
533 2427 682 2483 enim
734 2427 861 2482 ideo
919 2424 1198 2480 vocabant
1238 2422 1462 2494 Bulgari
1494 2421 1562 2477 ad
1595 2437 1824 2492 regnum
1863 2421 1963 2476 Mi-

375 2521 632 2578 chaelem
690 2520 1044 2576 Constantini
1096 2518 1240 2588 regis
1292 2515 1570 2587 quondam
1621 2517 1709 2572 sui
1763 2514 1962 2582 ﬁlium,

373 2615 530 2687 quod
575 2614 699 2686 ejus
753 2630 880 2669 cum
929 2627 1026 2683 spe
1071 2625 1364 2667 successus
1417 2608 1719 2665 inchoandi
1755 2610 1965 2680 negotii

380 2719 606 2776 tempus
630 2719 780 2760 nunc
831 2719 954 2760 esse
1014 2711 1294 2774 putarent.
1335 2716 1488 2776 .cum
1545 2699 1776 2755 adversa
1806 2699 1964 2770 stirpi

375 2798 732 2855 Constantini
767 2797 1013 2867 potentia
1046 2795 1428 2850 Tocharorum
1459 2793 1516 2848 in
1538 2790 1807 2861 Bulgaria
1839 2805 1967 2846 con-

381 2888 522 2944 ﬁnio
552 2888 961 2943 dominantium
997 2895 1170 2941 staret
1197 2883 1497 2940 incolumis
1525 2899 1540 2937 :
1566 2883 1664 2938 sed
1697 2881 1753 2937 id
1773 2881 1966 2938 volunt

379 2980 722 3052 signiﬁcare,
756 2979 1030 3034 inﬁrmam
1091 2993 1214 3032 esse
1267 2976 1434 3032 modo
1483 2975 1634 3030 illam
1669 2974 1966 3045 minusque

379 3086 552 3140 quam
576 3070 733 3140 prius
762 3069 1188 3136 formidabilem,
1219 3068 1364 3123 unde
1390 3067 1742 3122 occasionem
1774 3065 1964 3122 oﬂ'erri

1991 1865 2038 1925 B

2056 585 2292 638 serrima
2345 585 2688 640 desolatione
2746 587 2916 641 totius
2953 588 3198 655 ipsorum
3252 589 3516 658 regionis,
3579 596 3638 644 et
3715 607 3723 615 '

2056 675 2250 744 paucis
2304 677 2601 732 admodum
2648 678 2894 746 ipsorum
2948 679 3180 736 Tzacam
3233 681 3535 750 fugientem
3581 682 3639 736 in

2057 770 2366 841 Bnlgariam
2394 772 2619 837 secutis,
2648 788 2826 843 nuper
2858 773 2970 828 illic
3001 775 3279 843 Oppressis
3305 775 3638 844 praevalente

2057 859 2564 931 Osphentisthlabo.
2628 863 2808 918 Unum
2878 874 3136 933 superest
3206 865 3476 931 dubium,
3539 882 3642 920 cur

2059 953 2428 1022 Pachymeres
2458 955 2513 1007 in
2541 955 2788 1009 secundo
2813 971 2944 1010 casu
2976 956 3206 1027 ὲξὰντης
3238 958 3446 1011 scribat
3472 975 3484 1010 :
3513 974 3640 1010 nam

2058 1045 2115 1099 in
2143 1045 2321 1114 primo
2351 1045 2526 1114 accipi
2587 1061 2697 1100 non
2749 1055 2950 1115 potest,
3003 1063 3128 1100 cum
3158 1048 3335 1102 tribus
3373 1065 3498 1103 mox
3545 1049 3642 1101 ad-

2055 1137 2261 1207 junctis
2286 1136 2571 1191 femininis
2601 1137 2863 1207 genitivis
2913 1149 3201 1209 coaptetur
3246 1143 3512 1211 φανείσης
3547 1145 3645 1195 To-

2061 1227 2298 1298 χαρικῆς
2348 1227 2624 1292 ἐξουσίας.
2676 1231 2759 1283 An
2810 1245 2969 1284 error
3013 1231 3103 1286 hic
3146 1234 3529 1302 agnoscendus
3585 1244 3644 1288 et

2059 1321 2317 1384 ὲξάντους
2369 1321 2825 1388 rescribendum,
2881 1333 3074 1378 contra
3154 1324 3318 1379 ﬁdem
3391 1327 3642 1381 codicum

2063 1411 2144 1484 [P.
2176 1411 2302 1486 478]
2335 1415 2672 1482 optimorum
2700 1415 2742 1467 Β
2777 1424 2831 1468 et
2857 1416 2902 1470 A
2925 1417 2947 1470 ?
2971 1433 3097 1472 nam
3121 1417 3420 1472 Vaticanus
3448 1419 3550 1472 hoc
3574 1420 3643 1474 de

2060 1520 2215 1559 more
2240 1505 2444 1560 omisit.
2471 1505 2562 1578 An_
2589 1506 2777 1575 potius
2822 1508 3278 1576 existimandum,
3322 1525 3354 1564 e
3391 1511 3644 1563 nomina.

2061 1595 2176 1649 tivo
2209 1594 2475 1650 feminino
2503 1596 2698 1667 ἐξάντη
2731 1599 2972 1667 patrium
3007 1598 3153 1653 hunc
3176 1613 3362 1652 casum
3394 1615 3424 1654 a
3452 1609 3643 1654 nostro

2063 1687 2232 1742 duci?
2268 1687 2412 1757 quod
2448 1704 2646 1743 vereor
2679 1699 2738 1744 ut
2781 1690 3032 1760 analogia
3067 1699 3123 1744 et
3167 1699 3319 1746 recta
3372 1707 3646 1762 gramma-

2064 1779 2186 1833 ticae
2211 1779 2352 1834 ratio
2384 1782 2687 1848 permittat.
3143 1778 3146 1780 ’

2138 1870 2520 1938 Ἐπιτύμϐιον
2544 1887 2596 1940 p.
2647 1871 2734 1926 66.
2765 1872 2894 1941 Agit
2924 1872 2992 1926 de
3038 1871 3319 1927 Nicandro
3349 1871 3642 1928 Larisscno

2065 1961 2337 2016 irridente
2364 1962 2739 2019 Andronicum
2770 1965 2899 2018 olim
2925 1965 3248 2034 episcopum
3289 1964 3642 2029 Sardcnsem,

2064 2060 2254 2122 postea
2280 2055 2635 2122 monachum,
2669 2056 2765 2112 sed
2802 2072 2900 2126 per
2931 2058 3292 2113 ambitionem
3328 2073 3360 2112 e
3392 2058 3502 2112 vita
3527 2074 3646 2112 mo-

2065 2145 2276 2200 nastica
2336 2162 2620 2203 reversum
2673 2148 2741 2202 ad
2805 2149 3142 2220 dignitates;
3201 2151 3406 2220 quibus
3463 2150 3647 2205 subita

2065 2238 2431 2293 conversione
2470 2240 2639 2296 sortis
2664 2241 2899 2311 ejectus,
2935 2243 3125 2297 multis
3159 2258 3300 2312 quos
3331 2244 3648 2299 irritaverat

2065 2329 2371 2386 ludibrium
2428 2333 2644 2396 debuit,
2694 2334 2752 2388 in
2811 2335 3009 2405 primis
3072 2334 3355 2391 Nicandro
3382 2337 3471 2392 isti
3527 2338 3649 2408 ejus

2065 2436 2238 2492 opera
2281 2423 2600 2494 episcopatu
2633 2427 2816 2495 pulso.
2849 2428 2954 2494 Qui
2986 2438 3045 2483 ut
3082 2429 3404 2485 Andronico
3443 2445 3647 2499 expro-

2067 2513 2253 2570 braret
2277 2517 2625 2574 ambitiosam
2661 2519 3009 2590 eruptionem
3043 2537 3074 2576 e
3119 2529 3269 2577 statu
3317 2523 3646 2590 monastico,

2067 2608 2458 2664 monachicum
2513 2613 2566 2665 ei
2623 2613 2953 2684 ἐπιτύμϐιον
3003 2613 3220 2682 injecit,
3283 2615 3403 2684 ipso
3457 2615 3646 2670 statim

2067 2703 2376 2772 rejiciente.
2409 2701 2530 2758 Non
2560 2706 2777 2772 reperio
2807 2707 2938 2761 alibi
2968 2707 3113 2760 hanc
3158 2721 3374 2771 vocem,
3404 2708 3496 2761 sed
3529 2724 3650 2762 ma-

2066 2794 2266 2849 nifeste
2291 2794 2457 2851 docet
2486 2795 2578 2851 hic
2608 2798 2729 2866 ipse
2774 2797 2930 2852 locus
2964 2797 3160 2867 capitis
3195 2806 3413 2868 tegmen
3458 2815 3654 2853 mona-

2066 2887 2297 2942 chorum
2362 2888 2646 2958 proprium
2687 2889 2769 2944 sic
2797 2890 3042 2955 dictum;
3085 2893 3235 2944 unde
3279 2898 3336 2945 et
3371 2892 3654 2946 cucullum

2066 2977 2261 3034 Latine
2284 2979 2525 3046 reddidi,
2558 2991 2618 3036 et
2645 2997 2772 3036 mox
2799 2982 2856 3036 in
2907 2982 3239 3052 repetitione
3285 2983 3368 3039 rei
3406 2983 3654 3053 ejusdem

2069 3073 2464 3129 ecclesiasticis
2516 3085 2839 3145 usurpatam
2898 3075 3275 3144 scriptoribus
3319 3091 3418 3146 pro
3448 3075 3656 3131 cuculli

383 3177 498 3216 non
549 3160 954 3231 aspernandam
987 3161 1292 3216 censebant
1323 3159 1610 3214 Michaelis
1655 3159 1712 3214 in
1747 3160 1964 3230 paterni
1996 3209 2035 3262 Ο
2071 3179 2378 3236 synonyma
2427 3167 2633 3237 caputii
2686 3181 2877 3222 vocem
2935 3167 3187 3224 adhibui.
3239 3167 3427 3224 Videri
3483 3168 3658 3237 possit
3745 3203 3748 3206 -

383 3253 540 3324 regni
575 3252 981 3323 possessionem
1007 3251 1334 3307 reducendi.
1368 3251 1480 3307 Nec
1501 3250 1720 3306 abludit
1757 3250 1828 3306 ab
1853 3250 1967 3306 ori.

379 3345 515 3415 gine
542 3359 608 3400 ac
653 3345 965 3416 veriloquio
1000 3346 1112 3417 jam
1140 3345 1310 3417 680
1335 3344 1579 3400 indicato
1610 3344 1764 3400 vocis
1802 3344 1969 3422 hujus

383 3441 508 3495 haec
561 3439 804 3496 secunda
864 3439 1041 3494 notio.
1106 3439 1245 3494 Nam
1298 3438 1530 3509 ὲξάντης
1575 3453 1644 3492 ex
1695 3437 1750 3492 vi
1799 3436 1966 3508 etymi

387 3532 617 3602 proprie
672 3541 833 3587 sonat
887 3547 1015 3586 eum
1065 3531 1162 3600 qui
1195 3546 1264 3586 ex
1289 3532 1444 3601 gravi
1479 3546 1622 3586 noxa
1665 3530 1965 3596 primulum

384 3637 675 3693 emergere
729 3624 925 3694 incipit
955 3633 1012 3679 et
1052 3623 1158 3688 ἔξω
1191 3623 1329 3688 ἄτης
1371 3639 1515 3680 esse.
1553 3624 1745 3694 Itaque
1771 3632 1966 3679 votum

385 3722 473 3770 est
501 3713 656 3770 febre
681 3715 988 3771 laborantis
1017 3727 1073 3770 et
1101 3716 1302 3772 morbo
1326 3716 1694 3786 periclitantis
1727 3717 1966 3781 sontico,

389 3808 486 3864 illo
545 3825 710 3866 versu
762 3825 1087 3884 expressum
1151 3826 1318 3881 quem
1371 3811 1568 3867 recitat
1605 3811 1968 3882 Etymologici

391 3911 618 3967 auctor,
648 3897 694 3956 ὧ
719 3902 847 3969 Ζεῦ,
878 3903 1134 3972 γενέσθαι
1187 3904 1355 3974 τῆσδὲ
1413 3903 1469 3974 μ’
1519 3904 1751 3973 ὲξάντην
1785 3905 1966 3960 νόσου.

393 3997 499 4060 Da,
517 3995 754 4067 Jupiter,
774 3996 995 4052 euadere
1017 4013 1099 4051 me
1121 3997 1414 4069 periculum
1439 3998 1597 4067 hujus
1629 3998 1817 4053 morbi.
1847 3998 1970 4054 Jam

389 4105 562 4159 porro
585 4105 753 4146 sanus
783 4103 909 4146 esse
932 4088 1159 4154 dicitur,
1183 4091 1345 4158 cujus
1372 4089 1665 4145 remittens
1686 4096 1782 4144 aut
1813 4088 1972 4158 peni-

393 4194 482 4238 tus
519 4197 743 4238 cessans
791 4181 964 4238 febris
1016 4196 1170 4251 spem
1219 4181 1480 4236 rediturae
1517 4180 1850 4236 valetudinis
1879 4196 1972 4235 re-

392 4275 598 4345 linquit
643 4275 941 4345 integram.
971 4273 1142 4344 Cujus
1184 4273 1267 4328 rei
1297 4273 1426 4343 quia
1456 4287 1686 4328 somnus
1717 4272 1772 4326 in
1809 4280 1971 4327 acute

394 4365 763 4421 febrientibus
810 4367 1092 4420 interdum
1152 4364 1371 4434 signum
1392 4373 1503 4426 est,
1549 4363 1808 4434 discipuli
1843 4362 1971 4418 dor-

392 4457 536 4512 mire
587 4457 943 4528 languentem
993 4456 1263 4511 Lazarum
1320 4471 1351 4512 a
1397 4456 1624 4512 Christo
1679 4456 1971 4512 audientes

2075 3256 2352 3312 cucullum
2405 3258 2774 3314 monasticam
2838 3259 2964 3315 ideo
3029 3260 3242 3315 dictum
3305 3259 3653 3329 ἐπιτύμϐιον,

2074 3350 2222 3420 quod
2245 3365 2371 3405 cum
2403 3352 2574 3406 vestis
2601 3353 2720 3421 ipsa
2749 3352 2822 3406 sit
2851 3352 3008 3423 quasi
3032 3352 3344 3421 sepulcrum
3370 3350 3656 3417 monachi,

2075 3443 2326 3499 cucullus
2352 3451 2532 3499 exstet
2557 3445 2705 3499 velut
2735 3460 2873 3513 apex
2896 3460 2961 3499 ac
2983 3445 3265 3514 fastigium
3297 3445 3521 3498 tumbas.

2143 3536 2306 3607 681
2339 3536 2962 3606 Ἐσκαμματισμένος,
2995 3551 3047 3604 p.
3103 3537 3226 3592 115.
3263 3535 3406 3603 Quid
3448 3537 3519 3592 sit
3549 3537 3657 3592 hoc

2075 3629 2198 3684 loco
2246 3629 2768 3700 taxappustapévo;
2803 3633 2988 3683 minus
3021 3628 3226 3683 mirum
3264 3641 3350 3683 eat
3404 3628 3654 3699 ignotum

2075 3720 2213 3776 mihi
2259 3737 2380 3777 esse
2418 3736 2691 3791 nusquam
2747 3721 2880 3776 alibi
2909 3721 3019 3776 tale
3077 3721 3409 3776 vocabulum
3468 3729 3654 3785 nacto,

2074 3828 2200 3869 cum
2226 3828 2296 3868 ne
2330 3813 2594 3869 Vaticano
2625 3812 2848 3883 quidem
2883 3811 3258 3882 paraphrasta:
3288 3811 3440 3867 vocis
3489 3811 3657 3881 hujus

2075 3913 2318 3976 potestas
2344 3913 2634 3974 perspecta
2657 3903 2847 3966 fuerit,
2880 3911 3046 3974 prout
3073 3911 3303 3972 apparet
3325 3917 3394 3956 ex
3417 3916 3482 3956 eo
3508 3913 3655 3972 quoa

2076 3995 2605 4066 ἐσκαμματισμένος
2643 3995 2751 4050 viri
2799 4009 3002 4050 nomen
3060 3995 3318 4064 intelligit
3347 3991 3594 4048 distincti
3624 4007 3659 4046 a

2075 4085 2508 4155 Moschampare,
2569 4085 2735 4156 hujus
2786 4085 3046 4143 videlicet
3109 4084 3164 4138 in
3211 4084 3658 4155 chartophylacis

2076 4176 2257 4232 ollicio
2283 4177 2640 4233 successoris.
2679 4176 2770 4233 Sic
2797 4177 2947 4232 enim
2971 4176 3041 4232 ab
3065 4192 3128 4231 eo
3157 4176 3248 4231 hic
3278 4176 3435 4230 locus
3467 4175 3658 4230 reddi-

2078 4277 2170 4323 tur
2204 4285 2218 4321 :
2258 4268 2484 4338 Συμϐἁν
2525 4268 2580 4322 δέ
2613 4287 2666 4322 τι
2699 4269 2798 4322 καὶ
2839 4268 2969 4340 περὶ
3001 4269 3094 4322 τὸν
3133 4267 3657 4339 ὲσκεμματισμένον

2078 4360 2474 4431 χαρτοφύλακα
2502 4361 2600 4414 καὶ
2642 4359 3064 4432 Μοσχάμπαρα.
3103 4361 3358 4430 Ἔχοντες
3390 4358 3482 4412 οὖν
3512 4352 3658 4415 οὗτοι

2078 4451 2174 4504 καὶ
2205 4452 2300 4506 τὸν
2331 4450 2864 4523 Πεντεκκλησιώτην
2894 4452 3180 4506 ὲνεκότουν
3210 4451 3286 4520 τῷ
3314 4451 3658 4522 πατριάρχῃ⁶

339 4628 349 4632 _
391 4548 572 4612 aiunt,
609 4548 769 4604 Joan.
811 4564 887 4615 ιι,
921 4548 992 4601 12
1028 4565 1043 4603 :
1087 4548 1281 4618 Κύριε,
1309 4549 1358 4600 ei
1404 4546 1760 4617 κεκοίμηται,
1795 4546 1968 4615 σωθή-

2079 4545 2158 4600 ita
2189 4546 2308 4612 ille,
2363 4554 2474 4601 tres
2509 4561 2746 4615 ponens,
2790 4545 2888 4600 ubi
2921 4547 3058 4601 satis
3097 4545 3392 4629 manifeste
3420 4544 3658 4598 duorum

391 4654 574 4696 σεται.
613 4639 852 4705 Domino,
905 4642 952 4695 si
1008 4640 1224 4705 dormit,
1262 4639 1442 4694 saluus
1475 4640 1596 4692 erit.
1628 4639 1774 4710 Ergo
1826 4653 1974 4700 cum,

392 4748 561 4804 quem
619 4731 983 4802 Hippocrates
1044 4731 1275 4799 ὲξάντην
1329 4731 1487 4798 dicit,
1555 4729 1798 4786 Galenus
1847 4732 1975 4801 ὑγιῆ

391 4845 588 4884 sanum
614 4829 1038 4900 interpretatur,
1071 4827 1153 4900 sic
1182 4827 1604 4898 intelligendum
1629 4826 1892 4894 putarim,
1919 4836 1982 4882 ut

396 4922 544 4976 malo
611 4898 932 4977 defunctum
986 4928 1044 4974 et
1071 4898 1254 4974 .febre
1311 4934 1511 4990 purum
1549 4919 1687 4975 velit
1741 4919 1977 4975 dicere:

395 5029 524 5068 nam
542 5020 600 5068 et
625 5012 682 5067 hi
707 5012 972 5068 dicuntur
990 5011 1280 5080 ὑγιαίνειν,
1305 5009 1435 5064 licet
1461 5009 1531 5064 ad
1563 5009 1787 5080 plenum
1814 5011 1982 5065 robur

397 5105 598 5176 integri
628 5105 836 5176 vigoris
877 5103 1124 5160 nondum
1164 5101 1478 5157 conﬁrmati
1506 5101 1638 5167 sint,
1671 5102 1767 5157 sed
1798 5102 1981 5157 adhuc

396 5198 742 5254 debilitatem
773 5198 1190 5252 imminutarum
1231 5195 1428 5251 morbo
1475 5194 1679 5249 virium
1713 5195 1979 5250 sentiant.

396 5293 478 5348 Ac
515 5291 661 5346 forte
694 5306 850 5346 more
877 5305 980 5346 suo
1006 5288 1265 5359 Hesychii
1321 5288 1533 5358 glossas
1567 5287 1624 5342 in
1659 5287 1850 5344 animo
1885 5288 1983 5342 ha-

399 5385 590 5441 buerit
614 5384 982 5455 Pachymeres
1004 5383 1122 5438 huic
1141 5381 1414 5447 scribens,
1441 5380 1757 5450 ubilegerat
1784 5400 1798 5435 :
1821 5381 1979 5447 ἐξάν-

396 5497 525 5548 τη,,
565 5479 594 5531 ὁ
617 5478 717 5547 τῆς
754 5477 908 5531 νόσου
941 5474 1046 5540 ἔξω
1076 5474 1173 5528 ὧν.
1209 5474 1314 5541 Qui
1363 5482 1549 5529 autem
1597 5488 1630 5529 e
1663 5474 1861 5530 morbo
1892 5491 1986 5532 re-

395 5584 529 5626 cens
553 5568 809 5638 emergit,
837 5566 1038 5621 debilis
1072 5566 1334 5621 videlicet
1359 5565 1762 5636 imbecillisque
1797 5567 1982 5624 adhuc

397 5672 509 5725 est,
533 5661 728 5731 quales
756 5668 875 5714 tum
912 5659 1086 5714 videri
1120 5666 1376 5728 poterant
1429 5658 1808 5714 Tocharorum
1858 5659 1986 5714 Bul-

398 5755 549 5826 garis
579 5753 940 5809 ﬁnitimorum
971 5767 1126 5822 opes,
1157 5758 1350 5820 utpote
1374 5749 1470 5820 qui
1498 5752 1665 5821 paulo
1687 5761 1814 5807 ante
1838 5752 1984 5808 bello

404 5852 548 5907 inter
576 5864 636 5906 se
672 5849 842 5916 civili,
885 5848 1120 5904 ducibus
1147 5847 1277 5905 hinc
1306 5848 1502 5904 Tuctai
1546 5848 1677 5905 inde
1701 5848 1876 5920 Noga,
1913 5850 1982 5908 ad

2082 4647 2297 4694 tantum
2331 4647 2526 4693 auctor
2575 4639 2852 4706 meminit,
2905 4638 3342 4708 Moschamparis
3367 4637 3662 4692 excharto-

2079 4732 2331 4803 phylacis
2386 4740 2444 4786 et
2491 4730 3107 4800 Quinqneecclesiensis
3168 4730 3458 4786 antistitis.
3523 4726 3658 4783 Nam

2081 4839 2208 4880 cum
2265 4825 2610 4880 nominasset
2663 4825 3192 4895 ὲσκαμματισμένον
3239 4822 3659 4895 χαρτοφύλακα,

2081 4932 2209 4972 mox
2258 4931 2542 4987 exponens
2579 4916 2705 4986 quis
2737 4916 2782 4971 is
2813 4925 2961 4972 esset
3009 4925 3068 4972 et
3111 4930 3276 4986 quam
3335 4915 3407 4970 ob
3439 4930 3664 4970 causam

2081 5011 2608 5082 ὲσκαμματισμένος
2657 5011 2962 5078 diceretur,
3025 5008 3407 5079 parenthesim
3468 5006 3666 5062 inserit

2081 5120 2191 5176 qua
2230 5109 2394 5160 docet
2443 5103 2914 5173 Moschamparem
2973 5101 3151 5159 ofﬁcio
3197 5101 3664 5172 chartophylacis,

2083 5199 2239 5268 prius
2263 5214 2426 5268 quam
2457 5197 2577 5253 huic
2599 5196 2798 5252 ﬁerent
2829 5197 3037 5265 quibus
3064 5212 3125 5252 se
3157 5195 3454 5251 narrandis
3481 5195 3668 5250 accin-

2082 5293 2268 5363 gebat,
2293 5291 2617 5357 decessisse,
2644 5291 2750 5346 hoc
2779 5292 2897 5362 ipso
2926 5290 3180 5346 indicans
3208 5289 3670 5361 ὲσκαμματισμέ-

2082 5403 2174 5439 νον
2202 5383 2596 5455 χαρτοφύλακα
2638 5384 2728 5439 hic
2762 5399 2791 5438 a
2848 5399 2907 5438 se
2964 5383 3204 5452 positum
3241 5396 3341 5452 pro
3383 5383 3671 5436 cxcbarto-

2087 5480 2316 5551 phylace
2397 5477 2510 5533 sive
2580 5476 3009 5548 chartopbylace
3073 5486 3450 5531 exauctorato.
3526 5472 3671 5540 Quid

2086 5573 2318 5639 σκάμμα
2360 5569 2432 5624 sit
2492 5576 2548 5624 et
2613 5568 2747 5639 quid
2800 5570 2869 5621 τὰ
2923 5568 3278 5638 ἐσκαμμένα,
3316 5565 3528 5620 nemini
3587 5573 3674 5620 est

2087 5667 2336 5736 ignotum
2385 5677 2496 5716 non
2532 5663 2691 5732 plane
2728 5661 3022 5731 peregrino
3059 5662 3115 5715 in
3148 5659 3470 5715 Graecorum
3503 5658 3676 5712 libro-

2086 5772 2207 5812 rum
2242 5755 2502 5812 lectione.
2545 5753 2686 5821 Quid
2709 5763 2905 5809 autem
2942 5755 3032 5808 hic
3077 5751 3426 5808 comminisci
3473 5749 3674 5804 verisi-

2047 5829 2055 5837 “
2090 5849 2277 5907 mitius
2329 5862 2623 5920 possumus
2666 5862 2830 5917 quam
2887 5847 2971 5904 vel
3011 5845 3237 5902 ﬁnxisse
3270 5845 3670 5914 Pacbvmerem
