4036 6396
444 348 590 445 ’ω’

1374 377 1438 437 1’-
1483 367 2485 440 ΡΟΞΞΙΝΙῘΟΒΞΕΠΥΑΤΙΟΝΟΜ
2531 371 2678 432 LIB.
2723 369 2774 432 I.

3586 368 3683 436 ιιι
3778 396 3781 399 λ

447 503 681 544 vernum
722 488 1132 559 σκαμματίζειν
1184 502 1250 544 ex
1300 490 1524 545 nomine
1568 491 1825 557 σκάμμα,
1860 486 1945 540 vel
1980 484 2037 539 id

2151 484 2340 563 ligibili
2366 483 2590 539 cunctis
2612 495 2772 537 voce.
2806 478 2933 536 Post
2965 479 3114 550 quod
3138 485 3199 533 ut
3226 489 3492 552 praecepto
3517 481 3689 537 orandi

446 581 684 635 verbum
728 589 824 633 aut
864 581 1011 650 apud
1038 589 1321 636 auctorem
1352 580 1526 645 nobis
1559 579 1900 648 incognitum
1944 592 2036 631 re-

446 685 668 745 pertum
718 684 812 727 aut
855 689 954 728 usu
998 674 1213 743 vulgari
1254 672 1531 727 sermonis
1579 670 1868 741 Byzantini
1903 679 2038 723 tunc

449 767 643 820 tritum
685 780 798 819 suae
843 765 1092 819 historiae
1132 764 1477 818 inseruisse?
1516 760 1829 830 Excogi'ari
1872 776 2039 831 porro

450 858 657 925 duplex
690 865 870 927 potest
900 856 1147 910 nonionis
1178 855 1305 908 talis
1336 855 1468 908 huic
1506 852 1798 922 participio
1827 854 2039 921 ὲσκαμ-

453 950 787 1019 ματισμένος
815 948 922 1001 hoc
960 947 1082 1001 loco
1116 946 1304 1000 inditae
1343 945 1508 1000 ratio.
1542 945 1702 999 Prior
1721 944 1850 1014 quia
1879 944 2040 1000 tabu-

451 1041 655 1095 larium
710 1039 1172 1102 ecclesiasticum,
1211 1038 1300 1092 cui
1354 1037 1722 1093 custodiendo
1775 1037 2032 1106 praeposi-

450 1141 541 1187 tus
568 1143 687 1186 erat
734 1132 1157 1203 chartophylax,
1191 1130 1465 1186 credibile
1495 1140 1581 1185 est
1622 1129 1679 1183 in
1713 1130 1837 1184 loco
1869 1130 2040 1200 septis

449 1230 794 1283 circumdato
824 1228 999 1283 fuisse
1043 1236 1348 1283 servatum.
1401 1226 1567 1296 Septa
1598 1235 1784 1281 autem
1830 1227 2043 1297 ἐσκαμ-

453 1321 593 1390 μένα
635 1331 693 1375 et
740 1321 973 1390 σκάμμα
1006 1320 1161 1375 locus
1192 1319 1338 1373 fossa
1365 1328 1423 1374 et
1445 1318 1590 1372 vallo
1622 1318 2039 1373 circumclusus

451 1413 693 1475 dicitur;
727 1412 874 1467 unde
933 1414 1379 1483 σκαμματισθεὶς
1424 1422 1520 1467 aut
1573 1406 2041 1481 ὲσκαρματισμέ-

450 1521 541 1567 νος
571 1504 812 1568 dicatur,
850 1503 943 1573 qui
983 1513 1140 1573 septo
1182 1504 1544 1559 ecclesiastici
1587 1502 1758 1559 archii
1788 1518 2043 1558 excesse-

452 1598 526 1651 rit
549 1598 672 1668 jure
719 1596 922 1650 amisso
961 1598 1075 1651 illic
1124 1596 1457 1666 praesidendi
1491 1604 1613 1666 post
1656 1596 2044 1667 chartophyla-

451 1690 532 1743 cis
565 1686 804 1743 oﬂicium
838 1689 1126 1744 amissum.
1162 1689 1263 1743 Est
1289 1699 1554 1758 praeterea
1591 1688 1825 1757 σκάμμα
1867 1687 2042 1757 magis

449 1780 674 1849 proprie
711 1780 867 1833 locus
897 1780 1242 1836 certaminis.
1284 1779 1653 1849 Hieronymus
1684 1777 1750 1832 ad
1783 1775 2041 1833 Pamma-

2141 592 2244 649 pro
2262 560 2592 631 \ordinando
2631 581 2885 644 pareant,
2931 581 3040 627 tam
3092 571 3185 642 qui
3227 583 3357 627 sunt
3398 573 3533 627 intra
3578 590 3696 630 can-

2140 669 2311 724 cellos
2347 665 2681 739 presbyterii
2730 681 2897 735 quam
2944 665 3039 734 qui
3082 675 3257 727 extra,
3302 665 3503 733 pariter
3532 668 3698 722 acclao

2140 769 2317 826 mant,
2337 761 2538 830 Κύριε,
2576 758 2825 829 ὶλέησον,
2856 757 3100 818 Domine,
3135 759 3403 811 miserere.
3442 758 3591 812 Tunc
3618 774 3699 815 ce-
3750 826 3757 835 .

2140 855 2365 910 lebrans
2395 851 2676 923 Evangelii
2712 851 2967 906 volumen
2990 850 3233 920 explicat
3280 859 3336 905 et
3363 850 3444 904 sic
3470 861 3699 921 apertum

2142 949 2377 1019 imponit
2424 947 2592 1017 capiti
2633 955 2691 1000 et
2743 944 2887 999 collo
2925 945 3046 1014 ejus
3087 944 3183 1014 qui
3219 942 3526 1007 ordinatur,
3561 943 3702 1015 adju-

2142 1040 2389 1095 tantibus
2423 1039 2477 1093 in
2505 1054 2574 1094 eo
2604 1045 2663 1093 et
2704 1036 2830 1091 aliis
2869 1036 3147 1106 episcopis
3182 1055 3195 1088 :
3241 1036 3597 1090 ’Δναπτῠσσει
3649 1034 3703 1088 τὺ

2141 1132 2481 1200 Εὐαγγέλιον
2508 1134 2535 1184 ὁ
2569 1131 2888 1202 ἀρχιερεὺς,
2923 1131 3018 1183 καὶ.
3068 1129 3347 1200 ἐπιτίθησι
3400 1131 3463 1200 τῇ
3509 1126 3704 1197 κεφαλῇ

2142 1224 2239 1277 καὶ
2290 1221 2368 1294 τῷ
2406 1222 2670 1292 τραχήλῳ
2704 1221 2799 1274 τοῦ
2833 1221 3342 1292 χειροτονουμένου.
3392 1235 3708 1286 συνεφαπτο-
3818 1254 3821 1259 ι

2147 1315 2324 1386 μένων
2382 1316 2478 1368 καὶ
2533 1315 2645 1367 τῶν
2696 1313 2875 1367 ἄλλων
2928 1312 3256 1384 ἀρχιερέων.
3310 1312 3393 1367 Eu
3460 1311 3589 1383 quid
3639 1312 3706 1366 sit

2144 1406 2311 1474 ζυγὸν
2358 1405 2461 1493 Ῑοῦ
2522 1404 2680 1474 ἁγίου
2736 1406 3079 1474 Εὖαγγελίου
3129 1405 3382 1468 τιθέναι,
3433 1404 3575 1474 quod
3629 1403 3709 1458 hic

2142 1508 2334 1555 noster
2385 1507 2676 1564 memorat,
2707 1499 3047 1555 caeremoniae
3099 1496 3470 1552 ordinationis
3513 1507 3706 1566 partem

2144 1591 2294 1647 illam
2324 1591 2481 1645 obire
2529 1606 2636 1661 qua
2681 1606 2839 1645 sacer
2869 1589 3160 1660 Evangelii
3212 1589 3389 1644 codex
3420 1588 3710 1659 explicatus

2144 1683 2372 1751 ponitur
2407 1697 2570 1751 supra
2611 1689 2779 1751 caput
2809 1690 2866 1737 et
2894 1681 3099 1737 collum
3134 1682 3256 1753 ejus
3299 1681 3397 1750 qui
3438 1679 3712 1734 ordinatur

2145 1771 2214 1826 ad
2244 1773 2468 1827 modum
2497 1772 2638 1842 jugi,
2666 1770 2856 1839 ζυγοῦ.
2890 1771 3066 1825 Porro
3116 1771 3173 1824 in
3216 1769 3429 1825 codicis
3476 1777 3712 1838 apertura

451 1872 639 1926 chium
677 1890 690 1925 :
723 1870 834 1925 Cur
876 1880 933 1924 tu
956 1872 1168 1925 omissis
1205 1885 1368 1936 super
1396 1871 1583 1940 quibus
1623 1884 1802 1940 pugna
1833 1877 1928 1935 est,
1979 1869 2043 1922 de
2074 1874 2116 1929 Β
2146 1866 2363 1919 curiosa
2420 1863 2746 1933 superstitio
2801 1862 3060 1933 captabat
3105 1876 3268 1917 omen
3322 1877 3390 1917 ex
3437 1860 3622 1915 verbis
3661 1860 3727 1925 in,

448 1969 737 2016 scammute
775 1968 824 2014 et
856 1961 969 2014 loco
990 1963 1299 2016 certaminis
1328 1961 1628 2030 egrediens.
1665 1961 1723 2013 in
1751 1960 2044 2030 peregrinis

450 2063 499 2108 et
530 2053 684 2123 longe
713 2054 900 2108 alienis
931 2053 1378 2123 disputationibus
1418 2053 1723 2107 immoraris
1742 2052 1768 2105 7
1796 2051 1889 2107 Sic
1920 2067 2048 2106 san-

453 2154 578 2201 ctus
609 2145 807 2199 doctor
839 2161 855 2210 ;
883 2159 950 2198 ex
980 2159 1092 2214 quo
1131 2143 1309 2213 liquet
1331 2143 1691 2198 usitatissimo
1736 2142 2043 2214 significatu

454 2236 688 2304 σκάμμα
734 2235 971 2307 [Μτθ]
1016 2234 1127 2290 dici
1171 2243 1395 2303 septum
1450 2237 1598 2290 intra
1629 2236 1781 2306 quod
1831 2243 2047 2291 certant

453 2328 696 2394 athletae,
734 2327 881 2396 quod
909 2326 1050 2382 Galli
1083 2326 1415 2397 champ-clas
1445 2335 1663 2383 vocant.
1703 2326 1844 2383 Hinc
1872 2326 2045 2384 altera

454 2420 678 2474 ducitur
708 2434 873 2474 causa
897 2434 999 2474 cur
1021 2433 1052 2472 a
1084 2419 1421 2490 Paehymere
1466 2417 1855 2489 Moschampar
1882 2420 2047 2473 char-

456 2513 722 2583 topbylax
754 2511 863 2567 dici
920 2512 1452 2581 ὲσκαμματισμένος
1498 2512 1766 2581 potuerit.
1802 2510 2049 2566 Commi-

456 2611 607 2660 serat
635 2604 784 2659 enim
833 2602 881 2657 is
906 2616 1029 2656 sese
1065 2616 1192 2657 cum
1234 2601 1415 2657 V'ecco
1448 2601 1505 2655 in
1544 2601 1753 2656 celebri
1803 2601 1902 2655 illo
1936 2600 2050 2656 col-

459 2692 672 2766 loquio,
725 2696 764 2748 l.
798 2711 838 2759 ι,
871 2710 923 2752 c.
962 2695 1032 2750 35
1060 2702 1310 2758 narrato,
1342 2702 1541 2767 contra
1573 2708 1701 2747 eum
1732 2692 2046 2763 disputans,

458 2789 559 2845 sed
591 2788 801 2843 infelici
846 2803 1110 2844 successu
1144 2808 1158 2841 :
1198 2802 1325 2841 nam
1377 2801 1500 2856 quae
1527 2786 1662 2841 dixit
1692 2785 1832 2841 adeo
1866 2785 2049 2842 valide

455 2890 588 2938 sunt
634 2897 664 2936 a
701 2882 882 2937 Veeeo
931 2889 1139 2946 retusa,
1167 2886 1232 2934 ut
1281 2879 1352 2934 ab
1403 2879 1525 2949 ipso
1576 2879 1918 2948 patriarcha,
1954 2878 2046 2934 cui

455 2981 593 3028 tunc
625 2972 1015 3042 Moschsmpar
1058 2971 1352 3038 militabat,
1381 2970 1675 3040 reprobata
1706 2969 1838 3025 sint.
1863 2968 2049 3037 Quare

457 3065 607 3135 quod
641 3065 808 3120 victis
833 3063 1058 3119 athletis
1090 3073 1149 3119 et
1176 3071 1336 3134 septo
1360 3063 1538 3134 pulsis
1565 3062 1866 3119 convenire
1888 3061 2049 3117 vide-

364 3182 384 3202 ο
454 3157 626 3213 batur
654 3155 1184 3227 ὲσκαμματισμένου
1225 3157 1344 3212 sive
1392 3154 1727 3221 ὲξωσθέντος
1759 3155 1826 3208 ἐκ
1863 3153 2048 3225 σκάμο

2146 1958 2338 2012 oculos
2370 1957 2673 2012 astantium
2711 1956 3137 2012 incurrentibus
3165 1955 3283 2009 visu
3312 1957 3493 2025 primo
3520 1952 3715 2007 diducti

2146 2050 2496 2115 voluminis;
2558 2050 2718 2119 cujus
2777 2048 3038 2103 vanitatis
3097 2048 3418 2118 exemplum
3477 2047 3566 2101 hic
3623 2045 3717 2099 Pa-

2146 2142 2438 2213 chymeres
2469 2142 2690 2205 recitat,
2737 2152 2903 2211 prout
2956 2139 3011 2194 in
3061 2139 3419 2195 ordinatione
3447 2134 3717 2194 Athanasii

2147 2233 2406 2304 contigit.
2688 2280 2699 2287 .
2796 2280 2801 2297 ,

2221 2323 2512 2393 Θεμέλιον
2542 2365 2558 2391 ,
2617 2337 2672 2393 p.
2733 2320 2861 2379 506.
2913 2322 3059 2390 Quid
3093 2306 3257 2379 vocet
3324 2323 3434 2379 hoc
3477 2323 3595 2378 loco
3624 2320 3719 2376 Pa-

2147 2417 2441 2488 cbymeres
2509 2416 2767 2483 θεμέλιον
2822 2416 3075 2487 πρῶτον,
3152 2418 3390 2489 exponit
3451 2432 3578 2472 mox
3629 2428 3717 2484 per

2148 2508 2242 2564 illa
2294 2508 2464 2563 verba
2511 2508 2704 2580 πρώτη
2738 2508 2917 2578 βάσις.
2959 2510 3057 2565 Est
3102 2525 3238 2580 ergo
3291 2526 3360 2565 ex
3398 2510 3518 2582 ejus
3551 2517 3720 2563 mente

2149 2600 2401 2671 θεμέλιον
2420 2600 2659 2672 σελήνης
2687 2603 2932 2673 πρῶτον,
2967 2602 3181 2671 primus
3205 2617 3236 2657 a
3265 2602 3495 2675 synodo
3512 2600 3719 2657 novilu-

2148 2695 2230 2751 nii
2257 2707 2577 2765 processus,
2624 2693 2732 2750 hoc
2763 2702 2851 2757 est
2888 2694 3159 2764 νουμηνία
3205 2703 3262 2750 et
3302 2708 3499 2750 verum
3532 2691 3724 2747 mensis

2148 2786 2362 2842 lunaris
2391 2785 2632 2841 initium.
2658 2784 2876 2841 Idcirco
2901 2794 3085 2841 autem
3117 2800 3230 2841 non
3255 2787 3439 2843 otiose
3484 2784 3537 2841 id
3574 2791 3725 2839 ηοιιιε

2151 2886 2264 2944 tur,
2296 2877 2447 2951 quod
2480 2879 2806 2949 plerumque
2826 2879 2883 2933 in
2907 2879 3211 2944 mensibus,
3244 2881 3443 2950 quales
3472 2886 3598 2934 sunt
3623 2877 3725 2936 Ro-

2148 2971 2321 3036 mani,
2368 2969 2643 3026 solaribus
2685 2970 2968 3041 contingat
2999 2970 3372 3041 plenilunium
3423 2980 3482 3026 et
3519 2985 3728 3026 neome—

2150 3063 2302 3118 niam
2357 3062 2426 3117 ad
2471 3076 2693 3119 menses
2735 3061 2987 3118 diversos
3017 3065 3330 3133 pertinere.
3371 3062 3728 3121 Ostendemus

2152 3163 2340 3211 autem
2368 3155 2512 3210 libro
2537 3155 2736 3209 harum
2768 3153 3234 3213 Observationum
3260 3152 3320 3220 3,
3347 3156 3447 3211 ubi
3480 3153 3731 3212 defectio-

461 3266 633 3320 ματος
691 3248 1048 3313 vocabulum,
1095 3246 1446 3319 adaptaverit
1506 3246 1598 3302 hic
1658 3256 1853 3302 noster
1905 3230 2121 3303 Mos-C
2155 3247 2245 3302 nis
2296 3247 2464 3319 hujus
2521 3247 2730 3302 lunaris
2786 3248 3032 3303 calculos
3099 3248 3401 3314 dabimus,
3452 3246 3731 3318 contigisse

458 3341 768 3412 champari.
1010 3380 1023 3399 ν-

530 3437 731 3505 Ζυτόν
764 3431 1137 3505 Εὺατγελίου
1159 3437 1406 3499 τιθέναι,
1436 3450 1491 3505 p.
1515 3433 1639 3490 146.
1666 3434 1792 3505 Agit
1839 3433 1909 3490 de
1942 3448 2050 3490 or-

460 3527 747 3591 dinatione
764 3528 1052 3582 Athanasii
1077 3527 1406 3597 patriarchae
1420 3526 2048 3598 Constantinopolitani,

461 3618 518 3672 in
566 3634 676 3689 qua
731 3620 1086 3688 quaerendum
1143 3618 1212 3673 ad
1255 3618 1677 3689 intelligentiam
1714 3619 1880 3690 hujus
1917 3618 2049 3681 loci,

462 3707 594 3776 quid
619 3709 690 3761 sit
711 3709 905 3778 jugum
930 3711 1107 3762 sancti
1136 3708 1417 3778 Evangelii
1444 3708 1613 3780 684
1643 3726 1859 3780 ponere.
1884 3710 2054 3765 Docet

462 3798 518 3853 id
555 3816 657 3855 nos
696 3801 842 3857 ritus
875 3802 1247 3856 ordinationis
1282 3802 1672 3871 episcoporum
1712 3803 1857 3874 apud
1898 3802 2053 3860 Gra-

463 3906 579 3955 cos,
615 3892 705 3961 qui
736 3903 918 3948 exstat
958 3895 1012 3949 in
1053 3894 1422 3965 Eucliologio.
1457 3909 1515 3963 p.
1554 3894 1682 3958 502,
1724 3895 1816 3951 ubi
1848 3896 2053 3953 diserte

464 3986 707 4040 traditur
731 3987 1014 4056 completo
1044 3986 1297 4057 Trisagio
1322 3987 1693 4043 celebrantem
1727 3989 2050 4059 epise0pum

465 4077 767 4133 ascendere
814 4079 871 4132 in
902 4077 1247 4148 crepidinem
1278 4092 1449 4132 sacrae
1477 4093 1702 4143 mensae,
1746 4079 1932 4149 ibique
1974 4078 2053 4134 illi

464 4169 654 4225 oﬂ‘erri
682 4185 712 4224 a
743 4170 1116 4240 prmsentibus
1145 4171 1322 4225 tribus
1355 4170 1635 4240 episcopis
1675 4162 2050 4225 ordinandum

465 4274 496 4312 a
545 4259 760 4313 dextris
815 4259 1205 4323 celebrantis:
1247 4275 1278 4314 a
1338 4259 1584 4315 sinistris
1636 4271 1821 4316 autem
1871 4271 2079 4318 astare-

465 4346 973 4419 chartophylacem,
1004 4348 1102 4417 qui
1151 4348 1463 4403 celebranti
1497 4348 1748 4403 chartam
1781 4349 1966 4415 oﬁ'ert,
1994 4350 2052 4405 in

466 4454 575 4507 qua
599 4425 966 4508 scriptumjsit
995 4455 1010 4493 :
1035 4439 1206 4509 Φήιεῳ
1226 4441 1321 4493 καὶ
1345 4441 1641 4514 δοκιμασίᾳ
1671 4441 1780 4495 τῶν
1806 4441 2052 4511 θεοφιλε-

468 4528 680 4581 eritva
705 4530 1022 4583 ἐπισκόπων
1047 4533 1143 4584 καὶ
1168 4530 1278 4585 τῶν
1301 4531 1614 4586 ὁσιωτάτων
1637 4532 2051 4603 πρεσϐυτέρων,

467 4620 502 4689 ἠ
533 4618 657 4674 θεία
690 4620 852 4689 χάρις
880 4623 913 4692 ή
943 4623 1178 4676 πάντοτε
1211 4625 1279 4677 τὰ
1311 4624 1516 4695 ἀσθενῆ
1540 4626 1928 4696 θεραπεύουσα
1953 4629 2049 4682 καὶ

467 4715 541 4769 τὰ
569 4715 889 4771 ἐλλείποντα
920 4719 1319 4790 ἀναπληροῦσα
1347 4719 1765 4792 προχειρίζεται
1791 4721 1885 4774 τὸν
1906 4722 2057 4778 δεῖνα

468 4808 560 4861 τὸν
591 4806 1014 4876 θεοφιλέστατον
1059 4810 1437 4878 πρεσϐύτερον
1469 4812 1773 4865 ἐπίσκοπον
1802 4815 1905 4884 τῆς
1935 4812 2059 4867 θεο-

470 4895 682 4950 σώστου
716 4898 926 4960 πόλεως
956 4898 1142 4967 τῆσδε.
1181 4898 1269 4970 [Ρ.
1302 4898 1431 4971 481]
1458 4899 1764 4970 sesama
1793 4901 1884 4955 οὖν
1914 4903 2057 4974 ὑπὲρ

467 4988 636 5045 αὖτοῦ
689 4989 778 5043 ἵνα.
832 4990 965 5064 ἔλθῃ
1000 4992 1087 5043 ἐπ’
1122 4992 1288 5045 αὐτὸν
1337 4994 1371 5062 ή
1417 4994 1580 5064 χάρις
1631 4993 1725 5047 τοῦ
1781 4997 2056 5065 παναγὶευ

470 5082 809 5152 Πνεύματος.
846 5083 962 5137 Hoc
1003 5091 1089 5138 est
1117 5102 1131 5139 :
1160 5081 1424 5157 Suﬁ'ragio
1460 5095 1511 5138 et
1551 5086 1931 5155 upprsbatiane
1959 5089 2061 5144 Dei

471 5173 966 5229 antantissimorum
988 5175 1352 5245 episcoporum
1376 5189 1426 5231 et
1454 5180 1911 5234 sanctissimorum
1938 5197 2061 5249 pre-

467 5266 799 5335 sbyterorum
834 5306 849 5329 ,
886 5267 1069 5321 divina
1099 5271 1301 5339 gratia,
1342 5286 1459 5339 qua,
1500 5270 1686 5339 ubique
1714 5270 1936 5338 inﬁrma
1962 5290 2058 5327 cu-

375 5423 379 5429 .
472 5363 559 5409 rat
594 5362 644 5407 et
672 5354 972 5423 deﬁcientia
1000 5357 1231 5427 supplet,
1259 5367 1524 5423 promovet
1558 5358 1630 5413 Ν.
1675 5358 1770 5413 Dei
1797 5363 2061 5416 amantis-

378 5479 387 5509 ;
471 5445 670 5499 simum
700 5447 1062 5517 presbyterum
1090 5451 1395 5515 episcopum
1429 5466 1462 5501 a
1492 5446 1598 5500 Deo
1625 5459 1850 5504 servatae
1871 5452 2060 5504 civita-

475 5537 543 5591 tis
588 5535 657 5591 N.
682 5535 903 5591 Oremus
947 5537 1113 5607 igitur
1141 5555 1235 5607 pro
1261 5555 1347 5601 eo,
1396 5547 1455 5592 ut
1507 5542 1683 5594 veniat
1725 5558 1889 5610 super
1937 5560 2058 5597 eum

475 5629 653 5699 gratia
684 5630 1004 5684 sanctissimi
1036 5629 1290 5701 Spiritus.
1323 5631 1427 5688 Ubi
1462 5632 1709 5687 chartam
1742 5635 1886 5691 hanc
1911 5637 2059 5692 cele-

475 5721 644 5777 brans
707 5723 969 5793 accepit.
1025 5725 1455 5780 archidiaconus
1517 5728 1854 5784 audientiam
1914 5731 2060 5785 indi-

475 5815 574 5878 cit,
632 5813 898 5880 clamans,
935 5816 1294 5888 Πρὸσχωμεν,
1333 5822 1691 5875 attendamus.
1733 5821 1855 5876 Mox
1911 5824 2061 5878 cele-

478 5904 647 5961 lrans
677 5920 795 5974 quae
831 5907 1038 5975 scripta
1068 5916 1196 5966 sunt
1225 5911 1281 5967 in
1307 5911 1495 5966 charta
1527 5914 1871 5983 pronuntiat;
1902 5915 2063 5969 intel-

2155 3337 2309 3393 illam
2361 3338 2452 3393 die
2504 3338 2568 3393 l4
2614 3338 2863 3395 Januarii
2906 3353 3054 3394 anno
3097 3338 3231 3395 Chr.
3263 3340 3434 3396 1302.
3460 3338 3617 3395 Unde
3656 3341 3732 3390 est

2155 3442 2505 3501 consequens
2532 3431 2838 3501 νουμηνίαν
2887 3444 3011 3500 quia
3040 3433 3329 3501 praecessit
3362 3433 3472 3489 hoc
3513 3429 3731 3502 plenilu-

2154 3526 2312 3580 nium
2356 3523 2680 3595 eclipticum
2729 3523 2787 3578 in
2820 3523 2972 3594 ipsas
3005 3523 3255 3579 Januarii
3282 3523 3562 3579 Kalendas
3604 3518 3731 3574 inci-

2156 3616 2329 3672 disse.
2354 3616 2500 3671 Nam
2520 3615 2587 3670 Η
2608 3615 2753 3669 lunae
2773 3615 2863 3671 die
2894 3616 3198 3686 plenilunia
3230 3615 3397 3672 fiunt.
3428 3614 3732 3686 Exprimere

2156 3707 2330 3779 igitur
2372 3714 2567 3762 noster
2626 3705 2720 3760 hic
2777 3706 2956 3760 voluit
3006 3705 3173 3777 685
3220 3705 3372 3761 lunae
3402 3691 3732 3760 menstruum

2155 3815 2384 3856 cursum
2412 3799 2672 3870 allegoria
2695 3798 2932 3868 quadam
2966 3790 3212 3854 aediﬁcii.
3250 3798 3397 3866 Quia
3430 3800 3577 3854 enim
3612 3793 3733 3851 sub-

2155 3892 2483 3948 structionis
2526 3891 2748 3947 initium
2794 3890 3222 3946 fundamentum
3271 3901 3379 3957 est,
3412 3888 3616 3947 Graecis
3659 3883 3733 3940 di-

2155 3994 2308 4041 ctum
2330 3985 2608 4056 θεμέλιον,
2635 3993 2790 4040 recte
2817 3983 3109 4039 transferri
3138 3999 3304 4054 posse
3330 3985 3388 4040 id
3420 3998 3619 4040 nomen
3644 3994 3735 4051 pu-

2125 4079 2294 4133 ltavit
2340 4077 2409 4132 ad
2456 4076 2883 4148 signiﬁcandum
2930 4077 3155 4133 initium
3207 4085 3417 4141 motus,
3465 4090 3577 4148 quo
3611 4073 3730 4128 luna

2155 4164 2345 4225 statim
2370 4186 2400 4225 a
2435 4180 2646 4241 puncto
2682 4169 2864 4224 coitus
2901 4184 3028 4225 cum
3058 4169 3176 4226 sole
3210 4170 3282 4224 ad
3313 4185 3521 4256 novum
3548 4164 3736 4224 circui-

2157 4270 2274 4317 tum
2320 4277 2444 4318 sese
2490 4261 2710 4317 incitat.
2748 4261 2916 4318 Forte
2949 4269 3135 4318 autem
3171 4263 3534 4334 κυριολογιαν
3560 4270 3733 4332 quam-

2137 4356 2283 4419 ,dam
2315 4363 2513 4413 auctor
2539 4356 2733 4428 posuit
2756 4357 2814 4410 in
2846 4370 2981 4412 voce
3009 4357 3137 4427 μὴν,
3163 4365 3227 4411 ut
3263 4373 3367 4429 per
3389 4372 3514 4413 eam
3545 4349 3735 4423 alioqui

2158 4457 2337 4504 totum
2369 4449 2887 4519 τριακονταήμερον
2923 4449 3163 4518 spatium
3199 4449 3451 4520 triginta,
3474 4447 3596 4505 etsi
3616 4441 3735 4517 quid

2159 4538 2427 4606 excurrit,
2451 4540 2670 4596 dierum
2700 4540 2948 4596 indicare
2977 4542 3142 4611 vulgo
3188 4542 3442 4610 solitam,
3486 4543 3577 4598 hic
3617 4553 3734 4611 pro-

2162 4632 2281 4702 prie
2318 4631 2653 4687 intellexerit
2683 4631 2952 4688 Kalendas
2988 4632 3134 4702 ipsas
3167 4634 3284 4689 sive
3318 4634 3557 4703 primam
3595 4641 3736 4683 ruen-

2161 4726 2238 4779 sis
2267 4723 2412 4778 diem
2434 4724 2558 4801 ;.ita
2588 4733 2815 4788 ut,cum
2849 4724 2992 4779 dixit
3019 4726 3165 4796 μῆνα
3199 4726 3257 4779 δὲ
3283 4725 3516 4796 Ληναίῳ
3548 4721 3726 4795 πρώτη

2163 4815 2322 4886 βάσις
2374 4815 2567 4870 ἵστατο
2614 4817 2812 4886 μήνης,
2855 4817 3107 4899 indicare
3139 4817 3445 4888 (ιιιοὰΛὶιὶ
3487 4811 3734 4874 voluerit,

2160 4921 2406 4960 mensem
2431 4906 2684 4961 lunarem
2712 4921 2779 4961 eo
2797 4922 2943 4962 anno
2973 4922 3100 4962 cum
3126 4907 3273 4961 civili
3300 4908 3455 4975 paria
3483 4906 3738 4961 inchoau‘

2160 4999 2233 5054 do
2266 5000 2488 5065 fecisse,
2515 5016 2580 5055 ac
2612 5002 2794 5070 primo
2828 5001 2947 5069 ipso
2969 4999 3222 5056 Januarii
3250 4998 3495 5068 primum
3527 4993 3736 5050 inivisse

2160 5090 2375 5145 lunaris
2422 5092 2636 5160 periodi
2695 5091 2869 5146 diem.
2918 5091 3075 5156 Quod
3121 5106 3191 5144 ex
3223 5088 3737 5150 tabulisvhodieque

2159 5182 2545 5238 astronomicis
2575 5183 2926 5236 verissimum
2961 5181 3427 5251 deprehenditur.

2234 5274 2460 5341 Ἰκταρ,
2515 5289 2565 5342 p.
2615 5275 2706 5329 45.
2766 5272 2969 5329 lterum
3028 5290 3084 5343 p.
3156 5273 3279 5328 155.
3325 5271 3632 5343 Hesychius
3683 5264 3737 5317 τὸ

2166 5364 2328 5435 ἵκταρ
2367 5365 2597 5438 exponit
2623 5364 2815 5433 ἐγγύς,
2839 5381 3023 5437 prope.
3057 5366 3205 5421 ldem
3246 5360 3738 5421 docetEustathius

2161 5455 2229 5511 ad
2265 5454 2462 5527 Odyss.
2493 5455 2557 5525 ψ,
2600 5465 2659 5511 et
2686 5463 2920 5526 uterque
2944 5458 3140 5511 recitat
3169 5465 3500 5526 usurpatum
3534 5447 3734 5509 Platoni

2162 5545 2196 5601 9
2223 5546 2294 5601 de
2341 5547 2481 5617 Rep.
2515 5547 2798 5618 adagium,
2844 5547 2954 5602 οὐδ’
2983 5550 3148 5621 ἵκταρ
3175 5549 3388 5621 βάλλει,
3439 5550 3507 5605 de
3538 5545 3733 5619 jacula-

2166 5649 2286 5700 tore
2312 5640 2546 5706 infelici,
2577 5642 2675 5712 qui
2709 5657 2822 5697 non
2852 5643 3029 5698 solum
3067 5659 3176 5699 non
3214 5645 3350 5700 ferit
3373 5658 3622 5715 scopum,
3647 5635 3732 5695 sed

2164 5746 2238 5785 ne
2273 5746 2444 5802 prope
2472 5732 2701 5802 quidem
2730 5734 2965 5789 accedit.
2999 5733 3079 5790 Ad
3115 5735 3258 5790 hanc
3297 5737 3468 5808 hujus
3505 5735 3586 5807 [P.
3612 5725 3729 5800 ὁδὶ]

2165 5823 2322 5880 vocis
2356 5825 2642 5881 notionem
2697 5827 2994 5898 cogitatam
3048 5829 3101 5882 in
3135 5829 3221 5884 his
3245 5828 3389 5886 locis
3426 5820 3727 5899 Paebymeri

2167 5917 2681 5986 interpretationem
2739 5918 3035 5989 utrobique
3076 5936 3252 5976 meam
3296 5919 3724 5978 accommodans.
