4036 6406
291 401 390 469 ’1ιὸ

1675 392 2199 460 GLOSSARIUM.

3440 392 3546 454 716

296 517 427 571 haud
469 515 753 571 aberrasse
777 527 867 569 me
900 511 968 568 ab
995 510 1236 568 auctoris
1288 510 1562 566 sententia
1612 509 1853 564 confido.
1888 518 1928 573 Α
1963 510 2113 565 Meus
2172 509 2473 579 Procopius
2521 507 2779 561 eumdem
2834 505 3030 559 asserit
3075 506 3299 559 Cubudis
3345 505 3544 560 tilium.

290 608 546 679 Adjiciam
570 607 753 661 obiter
769 605 919 676 quod
955 606 1009 660 in
1040 614 1280 659 mentem
1307 604 1478 668 venit,
1508 612 1730 674 etymon
1765 617 1861 656 vo-

292 702 364 755 cis
397 700 602 754 Latina:
642 699 817 752 instar
847 713 955 752 non
987 698 1209 750 aliunde
1249 696 1430 749 videri.
1455 710 1619 765 quam
1659 692 1727 748 ab
1766 693 1868 747 hac

294 792 467 847 Grzcca
494 790 655 859 ἵκταρ
686 790 1073 860 repetendum.
1107 789 1205 843 Est
1230 789 1416 857 ἴκταρ,
1447 798 1505 841 ιιι
1539 796 1724 840 monet
1758 785 1866 838 lle-

296 884 531 954 sychius,
560 881 668 936 ἀπὸ
689 881 785 934 τοῦ
816 881 1108 946 ἱκνεῖσθαι,
1137 881 1283 944 quod
1313 890 1471 935 sonat
1491 881 1782 949 pervenire,
1802 893 1869 933 ex

294 991 352 1029 ea
380 976 597 1044 origine
625 974 1103 1027 accommodatum
1136 973 1202 1026 ad
1238 972 1435 1042 signift
1457 972 1661 1026 andum
1694 970 1874 1024 imita-

300 1069 497 1118 tionem
530 1078 627 1118 seu
664 1063 1076 1131 expressionem
1108 1063 1317 1126 format,
1360 1077 1482 1131 quae
1511 1070 1724 1115 tantum
1759 1075 1871 1115 non

299 1157 546 1226 pervenit
596 1165 655 1211 et
697 1156 854 1210 abest
893 1156 1140 1225 proxime
1177 1170 1206 1208 a
1235 1169 1362 1207 vera
1390 1150 1751 1206 similitudine
1782 1166 1875 1205 ar-

302 1247 538 1317 chetypi,
562 1254 625 1301 ut
660 1256 812 1302 recte
846 1246 1021 1301 instar
1049 1245 1196 1299 illius
1234 1244 1405 1314 possit
1429 1243 1644 1298 haberi.
1679 1241 1873 1297 Gram-

301 1338 504 1403 matici,
538 1347 595 1391 et
621 1338 675 1391 in
709 1338 796 1391 Itis
828 1336 1128 1390 novissime
1151 1334 1600 1390 accuratissimus
1626 1332 1871 1398 Vossius,

299 1433 520 1494 frustra,
554 1430 608 1483 ni
641 1425 822 1493 fallor,
855 1426 1247 1481 conﬂictantur
1274 1427 1328 1479 itt
1360 1425 1718 1480 extundendo
1756 1425 1875 1479 Mu-

299 1524 374 1579 sis
402 1521 592 1577 invitis
627 1521 936 1590 veriloquio
982 1519 1136 1573 vocis
1166 1518 1333 1587 hujus
1369 1532 1400 1571 e
1442 1519 1610 1571 verbo
1651 1518 1872 1571 instare.

302 1615 575 1669 Habemus
632 1629 699 1668 ex
744 1627 811 1665 eo
841 1612 988 1682 quod
1022 1610 1310 1681 subjiciam
1354 1610 1521 1663 etiam
1558 1609 1794 1663 litteram
1817 1625 1883 1673 ην

300 1724 364 1763 ex
406 1723 435 1758 ν
481 1705 577 1758 τοῦ
620 1706 887 1773 ἱκνὲομαι.
924 1703 1106 1772 Cappa
1145 1718 1280 1757 vero
1314 1701 1473 1755 facile
1506 1702 1656 1756 credi
1693 1709 1879 1771 potest

298 1800 369 1854 ob
393 1797 727 1868 euphoniam
765 1797 1044 1851 sublatum
1080 1803 1175 1848 aut
1215 1795 1268 1847 in
1293 1813 1317 1848 δ
1349 1794 1657 1848 emollitum
1687 1793 1741 1848 in
1778 1806 1878 1846 vo-

1972 604 2162 658 Liceat
2197 598 2471 671 suspicari
2507 598 2875 669 exscriptorcs
2908 597 3036 651 libri
3084 595 3218 651 Scth
3253 596 3417 649 Aa6£6
3451 612 3548 665 pro

1972 693 2165 748 Καὸάδ
2211 694 2407 748 vitiose
2461 692 2712 764 posuisse
2750 707 2916 745 :nam
2950 690 3003 744 in
3049 700 3158 744 tota
3195 685 3422 743 historia
3460 704 3549 742 re-

1970 799 2098 855 gum
2139 783 2491 838 Persicorum
2545 782 2727 836 nullus
2780 782 3058 850 reperitur
3123 779 3291 833 David
3344 780 3547 834 dictus.

1972 874 2113 928 Puto
2136 874 2299 927 etiam
2325 887 2422 926 eos
2443 886 2659 926 errasse
2687 870 2741 925 in
2766 871 2988 925 nomine
3022 871 3255 925 Perzoes
3284 870 3553 940 trajectio-

1974 979 2042 1019 ne
2068 964 2400 1025 litterarum,
2427 978 2553 1017 cum
2588 959 2809 1016 I’erozes
2838 970 2984 1017 recta
3015 962 3240 1030 scriptio
3271 962 3343 1016 sit
3376 979 3388 1016 :
3421 977 3550 1015 nam

1976 1055 2080 1110 hoc
2111 1070 2313 1110 nomen
2351 1055 2537 1109 Persis
2569 1054 2829 1109 usitatum
2854 1054 3147 1123 reperitur.
3170 1053 3350 1120 Quare
3377 1053 3552 1106 corri~

1973 1147 2213 1218 gendum
2283 1162 2505 1217 quoque
2554 1156 2690 1217 puto
2740 1145 3094 1201 Ammianum
3150 1145 3555 1208 Marcellinum,

1974 1239 2072 1295 lib.
2097 1254 2210 1306 XIX,
2241 1238 2371 1292 dum
2417 1237 2637 1294 Pirosen
2660 1255 2761 1309 pro
2799 1238 3054 1302 l’erozen,
3078 1247 3137 1293 ut
3165 1237 3383 1309 opinor,
3420 1239 3558 1293 scri-

1977 1332 2078 1390 bit.
2110 1331 2310 1387 Totum
2342 1332 2525 1388 locum
2559 1333 2633 1388 ita
2668 1341 2724 1387 et
2752 1334 2985 1402 legerem
3017 1343 3072 1388 et
3104 1331 3189 1404 [Ρ.
3221 1330 3350 1404 485]
3383 1332 3560 1386 inter-

1978 1434 2229 1495 pretarer
2257 1440 2390 1495 pace
2414 1425 2717 1482 doctissimi
2740 1425 2940 1482 Valesii
2967 1443 2979 1477 :
3006 1425 3183 1479 Persis
3213 1424 3475 1495 Saporem
3504 1438 3561 1480 et

1978 1514 2271 1571 Xahan-xa
2306 1527 2362 1572 et
2393 1516 2624 1571 Perozen
2660 1517 3086 1587 appellantibus,
3132 1534 3317 1587 regum
3367 1534 3558 1588 regem,

1978 1612 2034 1658 et
2059 1605 2448 1675 dissipatorcm,
2492 1606 2687 1676 supple
2730 1605 2995 1672 hostium,
3020 1622 3050 1660 a
3079 1614 3205 1693 V1:
3235 1621 3419 1678 parata
3458 1609 3562 1663 He-

1978 1696 2147 1753 braeo.
2178 1697 2335 1754 Unde
2364 1696 2491 1752 Baal
2538 1700 2804 1769 peratsim
2853 1700 3040 1755 dictus
3073 1701 3231 1756 locus
3263 1701 3352 1755 ubi
3384 1702 3562 1755 divisit

1979 1789 2236 1844 Dominus
2264 1791 2506 1846 inimicos
2533 1792 2749 1846 Doridis
2770 1792 2832 1864 (ll
2863 1793 3013 1847 Sam.
3034 1810 3083 1855 v,
3101 1793 3215 1865 20).
3238 1813 3256 1845 ι
3281 1794 3406 1849 Ηαξρ
3430 1796 3565 1850 Mal-

299 1892 494 1945 cabulo
552 1890 750 1945 Latino
795 1891 986 1945 instar.
1037 1886 1133 1943 Sic
1189 1887 1459 1958 opinabar
1497 1885 1790 1957 :judicent
1829 1885 1880 1937 ct
1911 1875 1951 1931 Β
1982 1892 2178 1950 tretus,
2222 1885 2424 1953 quibus
2448 1885 2592 1940 addo
2622 1885 2767 1955 quod
2790 1887 2951 1940 amici
2983 1884 3259 1942 Florentia
3284 1888 3560 1951 scribunt,

296 1983 527 2037 τοιαῦτα
557 1983 742 2045 δεινοί,
780 1995 1014 2051 quorum
1044 1979 1293 2035 arbitriis
1313 1977 1586 2034 obnoxius
1609 1984 1664 2031 et
1699 1976 1880 2032 libens

299 2085 532 2130 atetero.
587 2074 897 2143 Antequam
945 2072 1164 2138 desino,
1210 2071 1486 2126 admoneo
1530 2069 1757 2124 tertium
1800 2069 1879 2123 uti

299 2167 469 2221 verbo
523 2166 631 2220 hoc
676 2165 1099 2236 Pachymerem,
1139 2179 1195 2233 p.
1235 2163 1500 2218 nimirum
1537 2162 1646 2217 290
1694 2177 1709 2212 :
1759 2159 1880 2214 Οὐδ’

297 2259 463 2325 ἴκταρ
509 2258 658 2322 ἄξιον
712 2258 976 2327 κρίνουσα
1010 2256 1072 2307 τὸ
1101 2255 1482 2323 συνάλλαγμα,
1531 2252 1599 2307 de
1636 2253 1880 2322 Augusta

299 2360 474 2404 matre
525 2349 755 2404 Joannis
802 2349 1049 2418 (ὶεεροιεε
1100 2347 1265 2417 hujus
1293 2344 1707 2399 matrimonium
1755 2358 1880 2398 cum

292 2438 410 2492 ﬁlia
439 2438 677 2493 Chumni
712 2439 953 2508 pra‘fecti
982 2438 1250 2501 t-anicleo,
1283 2435 1413 2490 licet
1449 2435 1500 2489 id
1535 2435 1882 2490 Andronicus

298 2542 463 2604 pater
498 2534 744 2602 despotae
769 2542 1012 2603 optaret,
1043 2532 1220 2600 impar
1248 2530 1505 2602 dignitati
1542 2530 1636 2585 lilii
1678 2522 1884 2586 ducen-

296 2637 376 2678 te.
424 2624 533 2678 Sed
579 2634 636 2679 et
672 2625 814 2678 alter
848 2623 1098 2678 occurrit
1139 2623 1316 2686 locus,
1363 2637 1418 2692 p.
1466 2606 1573 2676 502
1617 2637 1632 2674 :
1683 2622 1754 2674 Τὸ
1783 2620 1885 2690 μὶν

294 2718 508 2784 ὅσαπερ
546 2716 713 2787 ᾔτουν
777 2717 1001 2780 διδόναι,
1038 2714 1149 2768 οὐδ’
1179 2716 1342 2782 ἵκταρ
1376 2714 1588 2784 βάλλων
1618 2714 1884 2783 οὐμενοῦν

294 2808 616 2876 ἐδοκίμαζεν
659 2807 945 2878 Significat
973 2822 1041 2861 ne
1072 2807 1251 2876 prima
1288 2806 1512 2875 quidem
1547 2805 1882 2874 cogitatione

296 2910 467 2954 tenus
496 2901 711 2954 venisse
744 2900 799 2954 in
823 2907 1065 2954 mentem
1099 2897 1419 2967 imperatori
1453 2896 1584 2951 dare
1605 2894 1885 2952 Catelanis

294 2991 572 3061 stipendia
603 2991 976 3062 ﬂagitantibus
1009 3000 1273 3060 quantum
1314 2989 1562 3059 pecuniae
1606 3002 1877 3059 poposce-

297 3094 441 3139 rant.
471 3082 604 3138 Vide
630 3085 797 3139 etiam
824 3098 878 3154 p.
902 3082 1029 3139 480.

381 3219 583 3286 Ἰπνὸς
612 3219 798 3287 ἅγιος.
835 3234 890 3291 p.
930 3218 1021 3274 80.
1058 3218 1287 3291 Vulgata
1320 3219 1545 3274 notione
1588 3217 1738 3283 ἰπνὸς
1771 3216 1886 3274 fur-
1912 3211 1958 3274 ϐ

299 3328 410 3366 nus
448 3322 551 3377 est,
590 3312 886 3367 autetiam
922 3311 1167 3367 limatum
1211 3321 1267 3366 et
1306 3311 1718 3381 receptaculum
1760 3325 1888 3366 sor-

298 3403 482 3457 dium.
516 3403 656 3458 Hinc
692 3404 746 3457 in
783 3404 996 3459 :edibus
1027 3402 1198 3457 sacris
1226 3403 1382 3458 locus
1419 3403 1474 3456 in
1500 3416 1664 3471 quem
1693 3417 1781 3456 res
1803 3415 1888 3456 sa-

296 3512 412 3551 crae
463 3497 754 3567 putredine
805 3496 1030 3552 inutiles
1072 3495 1462 3551 consumenda:
1492 3495 1886 3565 projicinntur,

296 3585 531 3648 Grmcis,
566 3595 625 3640 ut
675 3588 765 3642 hic
799 3587 995 3642 doceat
1027 3597 1237 3652 noster,
1268 3589 1418 3650 ἰπνὸς
1465 3586 1621 3654 ἆγιος
1683 3587 1889 3642 dicitur

294 3680 473 3750 686
494 3677 713 3733 Memini
752 3690 807 3735 et
829 3680 1027 3735 alicubi
1064 3681 1245 3750 legere
1273 3677 1577 3751 δεξαμενὴν
1613 3678 1888 3736 vocatum.

296 3771 489 3825 Latini
518 3773 778 3841 piscinam
806 3772 1105 3841 appellant.

392 3908 784 3978 Ἰχνηλάτης.
814 3909 931 3964 Hoc
956 3911 1189 3965 verbum
1219 3910 1390 3979 priori
1424 3926 1454 3965 a
1492 3926 1580 3965 me
1609 3911 1890 3966 Glossario

298 4010 604 4055 tractatum
636 4015 867 4071 repono,
893 4015 963 4055 ne
1014 4001 1277 4056 lectorem
1330 4001 1540 4057 lateant
1574 4018 1697 4072 qua:
1729 4000 1891 4056 Clau-

298 4093 436 4147 dius
484 4092 775 4147 Maltretns
828 4092 941 4146 illic
991 4108 1022 4147 a
1079 4108 1166 4147 me
1193 4093 1400 4163 scripta
1446 4093 1635 4162 legens
1682 4091 1750 4148 de
1787 4108 1890 4147 suo

300 4185 549 4240 contulit
598 4184 665 4238 ad
706 4200 824 4239 rem
857 4184 1005 4238 illam
1054 4184 1457 4248 illustrandam,
1510 4199 1648 4239 auro
1699 4196 1890 4239 contra

299 4295 419 4333 non
450 4293 601 4332 cara.
637 4295 656 4329 ι
691 4276 932 4342 Texeira,
974 4276 1177 4347 inquit,
1206 4277 1509 4332 Lusitanus
1564 4277 1618 4331 in
1647 4277 1889 4331 Historia

300 4372 564 4433 Persidis,
593 4370 630 4424 l.
664 4385 703 4434 t,
727 4385 776 4424 c.
800 4369 892 4436 35,
920 4370 1174 4424 meminit
1209 4370 1352 4439 regis
1376 4368 1664 4440 cujusdam
1701 4368 1892 4424 Rcscre

297 4464 589 4517 Anuxiron
623 4461 826 4516 vocati.
854 4463 901 4517 ls
925 4462 1187 4518 nimirum
1219 4471 1303 4517 est
1331 4462 1585 4516 Cltosroes
1615 4461 1891 4515 Anasura-

1982 1990 2183 2043 nempe
2224 1974 2339 2031 illic
2391 1977 2445 2031 in
2488 1977 2851 2039 celeberrima
2893 1978 3059 2033 Ducis
3101 1978 3278 2049 Magni
3318 1979 3560 2034 Medicca

1983 2065 2322 2122 bibliotheca
2372 2068 2583 2123 servari
2616 2070 2900 2139 exemplar
2930 2066 3183 2125 Graecum
3215 2070 3380 2141 hujus
3414 2072 3564 2143 ejus-

1984 2158 2108 2213 dem
2145 2158 2295 2227 libri,
2323 2175 2447 2215 cum
2492 2160 2698 2216 indicio
2732 2162 3022 2231 temporis,
3055 2177 3166 2230 quo
3194 2162 3240 2217 is
3273 2173 3357 2217 est
3385 2179 3415 2218 c
3438 2163 3567 2218 bar-

1985 2250 2174 2307 barica
2196 2251 2248 2305 in
2278 2252 2522 2308 Graecam
2558 2254 2854 2309 translatus
2880 2254 3089 2322 lingua.
3113 2254 3395 2311 Asseritnr
3416 2259 3565 2311 enim

1987 2343 2041 2397 id
2075 2344 2279 2399 factum
2316 2346 2471 2416 jussu
2496 2345 2674 2400 Alcxii
2703 2345 2997 2409 Comueni,
3019 2363 3183 2417 queui
3217 2359 3433 2402 constat
3467 2347 3569 2400 im-

1987 2438 2201 2507 perimn
2240 2438 2520 2495 Orientale
2555 2441 2799 2496 tenuisse
2819 2443 2887 2498 ab
2919 2457 3064 2497 anno
3091 2443 3293 2499 Christi
3338 2444 3474 2500 l080
3499 2446 3567 2500 ad

1988 2528 2149 2586 “18.
2182 2531 2295 2586 Nec
2332 2532 2600 2589 abhorret
2651 2535 2724 2590 ab
2755 2535 2860 2591 hac
2902 2536 3261 2606 chronologia
3299 2548 3431 2592 aetas
3469 2538 3568 2609 Sy-

1989 2623 2203 2677 meonis
2243 2622 2420 2687 Setbi,
2454 2625 2659 2695 quippe
2688 2641 2851 2697 quem
2883 2628 3166 2684 illustriss.
3193 2630 3306 2683 Leo
3331 2630 3565 2687 Allatius

1989 2712 2227 2769 diatriba
2277 2715 2349 2772 de
2399 2715 2718 2773 Sitneonum
2767 2721 3014 2789 scriptis,
3055 2736 3113 2790 p.
3147 2722 3271 2783 181,
3310 2720 3567 2777 floruisse

1991 2812 2227 2859 testatur
2259 2804 2363 2860 sub
2392 2805 2727 2876 imperatore
2761 2807 3026 2866 Michaele
3050 2811 3196 2866 Duca
3223 2828 3237 2876 ;
3272 2813 3433 2881 cujus
3461 2812 3564 2866 im-

1989 2895 2204 2965 perium
2237 2912 2362 2951 cum
2391 2898 2462 2953 ab
2501 2913 2647 2954 anno
2693 2899 2898 2956 Christi
2948 2902 3074 2957 {07l
3113 2903 3181 2957 ad
3210 2903 3346 2959 £078
3390 2906 3567 2973 perti-

1991 2988 2199 3055 nuerit,
2246 2989 2406 3046 facile
2447 2994 2632 3062 potuit
2683 2992 2934 3051 ﬂorentis
2980 3005 3111 3052 tunc
3140 2998 3319 3053 aetatis
3362 2997 3568 3055 Sethus

1992 3081 2160 3136 vitam
2211 3081 2277 3136 ad
2312 3083 2518 3139 multos
2544 3084 2673 3140 inde
2705 3100 2882 3141 annos
2911 3103 3242 3159 propagasse
3282 3098 3339 3144 et
3375 3106 3571 3146 consc-

1994 3182 2229 3243 quenter
2250 3174 2345 3229 diu
2384 3176 2589 3232 vixisse
2617 3178 2721 3233 sub
2750 3180 2941 3235 Alexio
2975 3179 3282 3236 Comueno.

2069 3311 2516 3380 Καϐαλλαρικαὶ
2554 3316 2734 3383 τιμαί,
2764 3332 2816 3385 p.
2851 3318 2978 3373 498.
3011 3318 3136 3390 Agit
3176 3320 3244 3375 de
3276 3322 3572 3378 comitibus

1995 3396 2305 3471 Mpyrigerii
2330 3402 2572 3469 Tentzzc,
2610 3421 2844 3473 quorum
2862 3407 3075 3478 aliquos
3102 3409 3263 3464 docet
3295 3411 3363 3464 ab
3395 3410 3576 3482 impe~

1997 3502 2180 3548 ratore
2211 3495 2567 3564 equestribus
2595 3496 2765 3552 fuisse
2800 3498 3111 3554 honoribus
3127 3500 3382 3559 affectos.
3410 3503 3577 3557 lutei-

1997 3583 2138 3656 ligit,
2200 3588 2420 3657 opinor,
2451 3600 2762 3659 equestrem
2813 3592 2979 3662 637
3029 3592 3350 3665 dignitatem
3405 3597 3580 3653 certis

1998 3675 2252 3734 formulis
2285 3690 2340 3733 et
2371 3681 2588 3749 publica
2615 3683 2944 3737 caeremonia
2986 3685 3118 3753 ipsis
3163 3685 3233 3738 ab
3258 3685 3580 3741 Andronico

1997 3770 2244 3842 Augusto
2278 3772 2577 3829 honoriﬁce
2611 3776 2888 3830 collatam.
2915 3775 3070 3842 Quod
3115 3776 3170 3830 in
3201 3777 3450 3834 historiis
3474 3782 3580 3835 ξιιιεί

1998 3862 2276 3917 citerioris
2307 3863 2503 3919 crebro
2530 3865 2837 3920 factitatum
2869 3884 2896 3921 a
2923 3868 3147 3937 regibus
3172 3867 3426 3939 legimus,
3447 3881 3578 3939 puta

1999 3968 2124 4007 cum
2160 3971 2324 4009 manu
2362 3971 2462 4010 sua
2510 3957 2742 4010 calcaria
2802 3958 3083 4014 nobilibus
3134 3959 3239 4014 sibi
3275 3960 3461 4014 charis
3496 3961 3579 4015 in-

1999 4043 2200 4105 dttunt,
2252 4056 2347 4099 attt
2406 4056 2656 4116 torquem
2709 4051 2762 4103 in
2804 4049 3005 4104 collum
3051 4050 3328 4121 injiciunt,
3362 4050 3579 4122 insigne

2002 4134 2361 4190 honorarium
2393 4137 2668 4205 equestris
2704 4137 3007 4209 dignitatis.

2071 4269 2238 4338 κάκη
2295 4271 2392 4324 καὶ
2446 4272 2645 4338 κάκην
2675 4273 2976 4338 ἐπιλύειν,
3023 4290 3077 4344 p.
3116 4273 3241 4326 128.
3281 4275 3421 4345 Μηδ⁹
3459 4279 3580 4330 ἐπι-

1999 4365 2151 4426 λύειν
2198 4364 2298 4434 τὴν
2329 4367 2532 4433 κάκην.
2569 4365 2644 4418 lta
2675 4364 2848 4420 codex
2880 4377 3114 4437 uterque
3150 4368 3485 4425 Barbcrinus
3524 4381 3582 4425 et

2000 4457 2327 4520 Allatianus,
2353 4472 2475 4526 qua:
2510 4457 2807 4512 Vaticanus
2843 4458 3071 4515 omittit.
3107 4461 3165 4515 In
3192 4463 3298 4518 hoc
3327 4464 3447 4517 loco
3475 4478 3582 4517 no-

304 4571 411 4607 nu:
462 4555 539 4607 tui
588 4551 877 4624 Symeonis
925 4553 1082 4608 Seth.
1116 4552 1285 4607 Addit
1321 4551 1553 4605 Tcxeira
1595 4553 1717 4622 ejus
1749 4551 1893 4620 regis
1929 4570 1971 4624 ι)
2003 4554 2165 4604 tanda
2196 4550 2503 4620 praesertim
2542 4565 2641 4603 vox
2671 4551 2850 4621 κάκην
2896 4566 3024 4608 cum
3051 4565 3283 4610 accentu
3312 4555 3366 4609 in
3397 4556 3583 4625 priore

304 4657 565 4714 tempore
603 4644 819 4699 delatos
852 4660 918 4699 ex
947 4644 1104 4699 India
1146 4645 1203 4698 in
1228 4645 1513 4699 Persidem
1547 4644 1722 4698 libros
1752 4643 1894 4697 duos

301 4737 752 4806 philosophicos,
780 4751 1018 4804 quorum
1050 4735 1143 4789 uni
1175 4749 1375 4789 nomen
1410 4734 1512 4788 fuit
1545 4733 1772 4797 Celilah,
1810 4735 1895 4788 al-

304 4832 416 4882 teri
464 4828 827 4883 Vuademana.
864 4826 1047 4882 Unum
1077 4827 1340 4881 nimirum
1379 4828 1581 4881 librum
1614 4827 1802 4881 divisit
1837 4827 1892 4881 in

301 4923 478 4984 duos.
512 4937 616 4993 pro
654 4921 877 4990 duplice
907 4920 1133 4978 nomine
1164 4922 1399 4975 duorum
1437 4921 1893 4976 intcrlocutorum

300 5015 509 5085 prima:
548 5013 983 5068 dissertationis.
1020 4997 1143 5072 ⁸7⁷³7)
1192 5013 1406 5077 cclilait,
1461 5015 1603 5077 apud
1652 5013 1888 5067 Subind-

298 5109 520 5169 lerum,
572 5121 627 5174 p.
671 5105 798 5170 861,
836 5104 1105 5174 significat
1149 5104 1380 5158 Arabice
1404 5120 1620 5165 corona,
1655 5104 1708 5157 in
1761 5119 1898 5159 voce

297 5200 652 5252 vuademana
710 5196 949 5266 primum
998 5212 1027 5249 υ
1073 5194 1391 5264 coniunctio
1433 5205 1517 5248 est
1557 5204 1599 5254 1.
1647 5194 1896 5249 Secunda

296 5290 521 5361 syilaba
553 5305 619 5342 va
642 5298 727 5342 est
757 5288 984 5342 verbum
1017 5298 1092 5346 te:
1129 5303 1213 5351 ra,
1244 5287 1529 5357 ingressus,
1556 5287 1639 5340 vel
1670 5287 1798 5355 quid
1832 5302 1898 5341 cx

295 5397 384 5437 co
409 5381 745 5435 derivatum.
776 5379 1026 5448 Reliquae
1057 5389 1168 5433 tres
1201 5380 1423 5449 syllabae
1450 5379 1679 5432 demana
1706 5379 1901 5432 viden-

302 5485 414 5528 tur
432 5487 555 5527 esse
580 5487 609 5526 a
629 5482 754 5530 nm
779 5472 962 5532 doma,
986 5469 1293 5524 observavit.
1318 5470 1464 5524 unde
1487 5485 1611 5524 cum
1643 5470 1902 5535 adjuncto

293 5574 329 5622 3
395 5563 523 5616 Nuu
569 5564 889 5617 Iwemantico
926 5576 1124 5615 nomen
1161 5556 1430 5614 formatur
1460 5560 1775 5630 significans
1809 5560 1901 5614 ob-

294 5668 634 5708 servatorem
660 5671 955 5726 gressuum,
984 5654 1278 5723 ἱχνηλὰτην
1305 5654 1565 5707 videlicet
1593 5670 1654 5707 ac
1674 5655 1902 5725 vestiga-

297 5758 491 5801 lorem
514 5757 690 5801 tuum.
718 5747 956 5820 Symcon
992 5747 1123 5801 Seth
1157 5748 1235 5800 ait
1259 5746 1417 5801 initio
1447 5747 1605 5815 primi
1646 5747 1902 5817 Prolego—

295 5843 470 5898 metti
512 5842 777 5896 Chosroen
816 5844 1191 5896 Anasuranmn
1236 5842 1403 5896 fuisse
1445 5842 1619 5895 lilium
1661 5842 1896 5895 Doridis.

692 5939 964 5997 PATROL.
1008 5940 1122 5997 Gn.
1164 5936 1262 5994 CX
1278 5937 1344 5994 LI
1361 5939 1433 5997 γ.

2002 4643 2231 4712 syllaba,
2251 4643 2411 4713 longe
2441 4642 2565 4697 ideo
2593 4644 2809 4699 diversa
2840 4660 2869 4698 a
2897 4645 3165 4700 feminino
3196 4647 3454 4718 adjectivi
3487 4663 3584 4700 κα·

2001 4733 2117 4795 κός,
2151 4733 2297 4802 quod
2325 4748 2545 4803 semper
2570 4735 2712 4803 κακή
2747 4750 2871 4787 cum
2898 4735 3047 4803 gravi
3081 4734 3133 4789 in
3162 4736 3351 4791 ultima
3383 4737 3585 4791 scribi-

2005 4836 2114 4880 tur.
2138 4825 2251 4880 Nec
2280 4825 2524 4895 antiquis
2554 4827 2736 4895 ignota
2771 4826 2856 4881 est
2888 4827 3005 4882 haec
3034 4827 3369 4883 differentia.
3405 4828 3584 4882 Euar-

2006 4931 2088 4973 rat
2114 4918 2417 4989 Hesychius
2439 4918 2732 4987 quemdam
2755 4919 2935 4971 locum
2959 4919 3287 4974 innominati
3313 4920 3611 4979 auctoris.”

2008 5013 2060 5065 in
2096 5026 2207 5080 quo
2233 5010 2554 5065 visebantur
2589 5011 2704 5065 haec
2732 5010 2897 5064 verba
2929 5011 3029 5080 τῆς
3068 5010 3207 5080 ἐμῆς
3231 5011 3430 5077 κάκης,
3459 5010 3584 5066 voci

2006 5104 2185 5171 κάκης
2234 5111 2296 5170 pt
2342 5117 2700 5173 synonymam
2736 5101 3038 5172 subjiciens
3060 5118 3249 5158 vocem
3284 5105 3586 5170 κακουχίας

2006 5195 2273 5264 (rescribe
2318 5197 2665 5264 κακουχίας).
2692 5194 3018 5249 Eustathius
3057 5210 3281 5265 quoque
3309 5197 3587 5269 παρεκϐο·

2005 5290 2125 5351 loti;
2157 5289 2223 5342 ad
2252 5285 2413 5341 Iliad.
2445 5305 2495 5351 ν,
2538 5288 2603 5341 azl
2638 5287 2791 5341 illum
2818 5303 3036 5341 versum
3061 5288 3188 5353 654,
3222 5290 3325 5342 Ἦν
3356 5290 3456 5361 ἐμὲ
3487 5291 3590 5344 λω-

2008 5382 2269 5453 ϐήσασθε,
2319 5382 2490 5433 κακαὶ
2538 5380 2717 5445 κύνες,
2769 5382 3022 5449 agnoscit
3067 5383 3399 5437 vocabulum
3445 5384 3593 5450 κάκη

2006 5475 2287 5530 diversum
2317 5489 2346 5527 a
2367 5473 2535 5540 κακή.
2564 5474 2643 5529 sic
2673 5473 2942 5529 adnotans
2968 5490 2982 5528 :
3009 5474 3171 5546 Κάκη
3198 5475 3306 5545 γὰρ
3335 5476 3395 5528 οὔ
3425 5477 3594 5544 μόνον

2008 5569 2041 5635 ἠ
2084 5566 2273 5628 κακία,
2303 5561 2444 5616 κατὰ
2482 5564 2608 5627 τοὺς
2634 5565 2763 5634 περὶ
2801 5565 3087 5632 Πλάτωνα,
3113 5565 3250 5618 ἀλλὰ
3283 5567 3379 5617 καὶ
3414 5565 3447 5634 ἠ
3475 5563 3588 5615 δει-

2007 5659 2116 5710 ὶίχ.
2150 5657 2394 5727 Denique
2423 5656 2687 5726 antiquus
2707 5657 3099 5728 grammaticus
3121 5666 3315 5712 auctor
3337 5656 3591 5726 opusculi
3684 5710 3687 5717 ,

2009 5751 2096 5805 cui
2133 5749 2324 5803 titulus
2355 5758 2437 5802 est
2462 5767 2475 5803 :
2506 5750 2669 5803 Ὅσαι
2693 5749 2864 5815 λέξεις
2894 5751 3030 5820 πρὸς
3050 5749 3311 5818 διάφορον
3334 5748 3601 5819 σημαινόν-

2021 5860 2180 5913 μενσιν
2210 5842 2471 5911 διάφορον
2518 5842 2763 5913 δέχονται
2795 5843 2973 5911 τόνον,
3016 5843 3160 5897 inter
3196 5843 3465 5898 vocabula
3499 5856 3600 5914 pro

3211 5936 3293 5997 24
