4036 6444
475 331 594 395 747

1441 334 1505 397 P.
1545 332 1852 396 POSSINI
1885 333 2541 401 OBSERVATIONUM
2580 341 2726 405 LIB.
2774 341 2826 404 ῐ.

3638 353 3733 416 743

484 456 751 504 accentus
799 436 1120 503 diversitate
1176 446 1544 518 signiﬁcatum
1588 450 1858 504 mutantia
1880 464 2074 505 recen-
2103 456 2144 511 Α
2177 453 2344 507 nicleo
2381 458 2947 529 praeratNicephorus
2974 458 3264 525 Clmmnus,
3298 463 3504 534 sapiens
3532 476 3580 518 et
3604 485 3736 522 ιηετηε

487 548 572 595 set
621 540 794 608 κάκη,
838 538 1166 592 vocabulum
1224 536 1371 592 aliud
1428 552 1633 591 sonans
1689 552 1853 606 quam
1900 539 2069 603 κακή.

492 631 682 686 Restat
710 647 861 685 nunc
891 631 1248 685 statuendum
1278 645 1443 700 quam
1473 628 1608 684 hu‘ic
1636 631 1756 683 voci
1788 629 2074 684 notionem

486 726 595 782 hoc
652 725 774 780 loco
835 724 1099 795 subjiciat
1151 722 1542 795 Pacbymeres.
1582 722 1744 776 Alias
1782 720 2072 776 observavi

487 818 730 887 pendere
785 817 939 872 illum
972 832 1043 871 ex
1075 814 1370 886 Hesychia.
1415 814 1724 887 Hesychius
1773 823 1980 877 autem,
2012 821 2074 868 ut

491 910 656 964 modo
680 907 896 971 monui,
926 907 1102 976 κάκην
1128 921 1224 975 per
1249 904 1550 976 κακουχίαν
1575 904 1822 973 exponit.
1848 903 2075 958 Rescis-

491 1019 617 1059 mus
648 1011 830 1057 autem
870 1002 999 1055 licet
1026 1015 1094 1054 ex
1121 997 1315 1055 eodem
1352 995 1625 1069 Hesychio
1670 1010 1790 1066 qua:
1817 996 1890 1050 sit
1923 994 2072 1065 apud

494 1096 672 1165 ipsum
719 1093 804 1149 vis
850 1092 1018 1164 hujus
1065 1090 1339 1146 vocabuli.
1378 1089 1686 1160 Κακουχία,
1722 1088 1903 1156 inquit
1954 1087 2071 1156 ille,

491 1187 772 1250 ἀσθένεια,
796 1184 1051 1254 ἀμέλεια,
1082 1181 1478 1252 ἀθεραπευσία.
1508 1181 1605 1236 Est
1636 1194 1767 1249 ergo
1798 1178 2072 1250 Hcsychio

492 1278 763 1351 κακουχξα
793 1293 905 1333 non
935 1276 1198 1347 quaslibet
1238 1274 1553 1341 infirmitas,
1582 1273 1679 1330 sed
1717 1273 1967 1328 incurata
2014 1279 2074 1327 et

488 1375 760 1445 neglecta.
796 1372 940 1440 Quid
971 1388 1103 1442 ergo
1148 1371 1240 1425 hic
1275 1369 1381 1425 sibi
1407 1370 1603 1424 volunt
1645 1367 1961 1439 Ephesinus
2016 1375 2071 1421 et

486 1467 793 1540 Cyzicenus
816 1465 1084 1534 episcopi,
1110 1474 1402 1535 negantes,
1429 1461 1822 1517 declarandum
1841 1474 1961 1516 esse
1979 1474 2070 1513 or-

489 1560 791 1615 thodoxum
820 1557 1149 1628 Gregorium
1172 1556 1431 1628 Cyprium
1462 1556 1783 1626 priusquam
1794 1551 2069 1625 judicium

487 1650 745 1715 subierit,
769 1656 1011 1704 etsecus
1035 1648 1215 1702 facere
1257 1646 1507 1701 dicentes
1534 1645 1650 1699 fore
1691 1643 1940 1697 ἐπιλύειν
1971 1642 2068 1713 τὴν

483 1744 687 1813 κάκην,
737 1741 941 1797 solvere
992 1740 1211 1813 plagam
1270 1735 1621 1795 incuratam?
1670 1734 1807 1802 Hoc,
1846 1734 2064 1807 Opinor,

481 1836 720 1891 volunt:
755 1843 864 1890 tam
895 1847 1187 1904 perperam
1232 1831 1289 1887 id
1342 1839 1527 1886 actum
1557 1830 1848 1899 iri,‘quam
1873 1827 2063 1884 incon-

482 1929 628 1985 sulte
692 1927 946 1982 medicus
998 1924 1295 1994 chirurgus
1351 1922 1553 1977 vulnus
1595 1921 1768 1975 altum
1818 1917 2067 1973 nondum

481 2019 746 2078 coalitum
770 2028 866 2075 aut
898 2017 1159 2074 cicatrice
1189 2014 1428 2070 Obducta
1455 2020 1809 2085 persanatum
1832 2010 2069 2067 solveret

480 2114 674 2172 fasciis
701 2123 758 2170 et
788 2128 887 2182 pro
920 2112 1083 2183 plane
1105 2117 1297 2166 curato
1317 2109 1622 2164 dimitteret
1650 2121 1714 2161 ac
1749 2112 1955 2160 temere
1980 2107 2067 2174 ja-

480 2216 678 2263 ctaret.
744 2205 905 2261 Hunc
961 2218 1183 2258 sensum
1225 2200 1524 2256 adstruunt
1589 2197 1712 2252 duae
1760 2196 1888 2259 illae,
1930 2209 2067 2265 quas

482 2299 748 2356 continuo
806 2296 1171 2367 subjungunt,
1226 2290 1601 2363 proverbiales
1646 2287 1731 2361 [Ρ.
1763 2285 1890 2360 484}
1931 2288 2064 2342 item

480 2389 813 2457 locutiones,
856 2388 991 2444 ἄλλα
1036 2386 1332 2448 κεύθοντας
1392 2382 1529 2437 ἄλλα
1570 2381 1778 2452 βάζειν,
1825 2378 1936 2434 alia
1983 2395 2068 2433 oc-

483 2482 745 2538 cultantes
804 2480 916 2535 alia
966 2480 1187 2550 e/j‘utire,
1222 2484 1278 2531 et
1309 2471 1735 2542 οἱκονομοῦντας
1787 2470 2065 2524 ἀνοικονό-

484 2593 656 2647 μητα,
685 2581 993 2631 excusantes
1024 2568 1425 2634 inexcusabilia,
1463 2581 1585 2638 qua:
1633 2567 1689 2620 in
1725 2579 1910 2635 parem
1941 2579 2067 2619 sen-

479 2669 706 2724 tentiam
757 2667 918 2724 facile
969 2674 1176 2723 coeunt
1227 2678 1327 2735 pro
1374 2660 1694 2717 conditione
1754 2656 2065 2730 argumenti

478 2759 739 2831 subjecti.

545 2893 795 2965 Κάμπος
847 2889 1240 2962 μαινομένου,
1284 2905 1338 2959 p.
1389 2888 1515 2943 5M.
1554 2885 1746 2957 Campi
1796 2882 2054 2939 Latinum

474 3000 682 3042 nomen
731 2984 906 3041 Graeci
945 2982 1291 3039 recentiores
1327 2981 1444 3037 suis
1490 2979 1692 3035 litteris
1724 2976 1917 3033 eadem
1956 2989 2060 3029 no-

477 3077 629 3131 tione
677 3075 1042 3144 scripserunt.
1068 3071 1333 3142 Exempla
1362 3071 1455 3126 dat
1492 3069 1789 3126 Meursius.
1821 3068 1935 3123 Nec
1958 3066 2062 3121 du-

470 3169 630 3225 btum
654 3119 877 3223 videfur
898 3165 1031 3236 quin
1055 3166 1145 3221 hic
1170 3119 1465 3233 dercampo
1491 3164 1730 3234 quodam
1751 3172 1808 3217 et
1832 3158 2059 3230 planitie
2088 3138 2131 3198 (ἶ
2345 3123 2450 3236 1⁸*
2486 3121 2585 3236 Df‘
2628 3122 2795 3236 gilii
3143 3123 3515 3236 fi’f‘egff’fi‘:

477 3270 695 3333 agatur,
727 3259 872 3315 forte
904 3258 1173 3314 interiore
1212 3255 1408 3311 ditioni
1442 3255 1703 3311 Romanae
1732 3263 1789 3308 et
1822 3253 2061 3309 distante

475 3371 508 3411 a
532 3354 731 3420 limite,
767 3368 941 3422 usque
970 3351 1026 3405 in
1056 3364 1220 3421 quam
1245 3359 1426 3404 tamen
1462 3349 1693 3403 licenter
1714 3349 2064 3402 excurrendo

474 3441 697 3498 barbari
733 3437 1096 3511 penetrarint.
1139 3437 1275 3505 Quis
1321 3438 1542 3509 proprie
1585 3437 1675 3492 hic
1716 3436 1873 3491 locus
1918 3437 2065 3491 inter

475 3534 786 3593 Orientales
809 3531 1215 3603 imperiis”
1233 3529 1487 3602 regiones
1510 3531 1696 3595 fuerit,
1732 3541 1788 3585 et
1810 3544 1910 3584 cur
1934 3545 2062 3599 μαι·

478 3628 704 3698 νομένου
743 3626 991 3695 κάμποςς
1019 3624 1241 3694 furentis
1280 3638 1495 3691 campus
1541 3622 1875 3695 appellatus,
1914 3637 2061 3676 non.

477 3722 612 3775 dum
651 3719 858 3789 reperi,
912 3717 1015 3772 etsi
1065 3716 1366 3787 repererim
1407 3716 1465 3769 in
1511 3715 1652 3769 actis
1709 3712 1769 3769 S.
1814 3714 2061 3770 Platonis

476 3811 750 3884 Ancyrani
806 3809 1063 3881 martyris
1125 3806 1530 3880 elegantissime
1574 3805 1762 3862 Graece
1815 3806 2058 3875 scriptis,

476 3921 601 3977 qua:
634 3920 801 3962 manu
852 3902 1057 3972 scripta
1097 3907 1388 3956 servantur
1429 3897 1485 3952 in
1527 3897 1861 3953 bibliotheca
1906 3897 2059 3953 Vati-

477 4015 639 4063 cana,
693 3999 864 4054 luisse
929 4010 1101 4066 prope
1161 3994 1432 4064 Ancyram
1496 3993 1704 4056 locum,
1763 3991 1858 4062 qui
1897 3991 2057 4062 Κάμ-

477 4111 581 4158 no;
612 4093 934 4151 vocabatur.
971 4089 1027 4144 in
1050 4102 1163 4158 quo
1186 4096 1438 4142 sanctum
1469 4086 1589 4157 ejus
1629 4085 1889 4156 martyris
1936 4100 2059 4140 cor-

477 4201 581 4256 pus
616 4199 645 4239 a
671 4179 1002 4240 Chrisuanis
1047 4177 1326 4249 sepultum
1358 4186 1466 4241 est,
1520 4175 1610 4231 ubi
1650 4184 1707 4231 et
1758 4176 1901 4231 idem
1935 4192 2055 4231 am-

479 4286 671 4349 putato
729 4274 911 4345 capite
963 4269 1291 4342 martyrium
1358 4279 1864 4325 consummaverat.
1927 4267 2055 4324 Hac

475 4371 622 4427 enim
658 4368 772 4423 illic
793 4367 1056 4437 leguntur
1085 4379 1104 4418 :
1131 4361 1206 4427 Τὸ
1245 4360 1302 4416 δὲ
1326 4361 1509 4431 τίμιον
1544 4361 1640 4413 καὶ
1672 4360 1829 4427 ἅγιον
1867 4361 2056 4430 λείψα-

474 4479 565 4516 νον
600 4458 695 4514 τοῦ
727 4457 1001 4529 μακαρίου
1049 4454 1359 4514 Πλάτωνος.
1389 4450 1644 4514 λαϐόντες
1682 4450 1733 4503 οἱ
1783 4453 2050 4521 Χριστια-

474 4558 579 4620 νοὶ,
625 4550 922 4607 κατέθεντο
956 4550 1014 4601 ὲν
1055 4544 1135 4617 τῷ
1167 4543 1318 4613 αὐτῷ
1346 4543 1524 4611 τόπῳ,
1553 4542 1631 4611 τῷ
1677 4543 2053 4613 ἐπιλεγομένῳ

476 4647 722 4715 Κάμπῳ.

547 4772 926 4834 Κανικλεῖον,
961 4787 1015 4842 p.
1052 4770 1171 4826 195.
1203 4768 1348 4837 Quid
1378 4781 1526 4827 esset
1549 4770 1879 4835 κανικλεῖον,
1914 4789 2049 4826 nus-

458 4884 639 4953 suam
696 4868 829 4922 satis
862 4865 1192 4934 explicatum
1224 4865 1482 4921 occurrit.
1515 4864 1728 4921 Vereor
1769 4875 1951 4919 autem
1991 4874 2051 4918 ιιι

474 4959 680 5031 possim
715 4956 943 5014 credere
969 4957 1218 5012 Pontano
1247 4970 1429 5012 arcem
1478 4955 1530 5011 id
1559 4964 1615 5011 et
1647 4956 2048 5011 monasterium

474 5053 646 5107 fuisse
683 5048 1164 5118 Constantinopoli
1203 5049 1392 5115 aienti,
1430 5049 1576 5103 notis
1623 5048 1691 5103 ad
1731 5064 1781 5104 c.
1830 5049 1917 5112 M,
1953 5050 1987 5103 l.
2034 5065 2050 5102 ι

476 5145 722 5201 historia:
749 5141 1139 5208 Cantacuzeni,
1168 5142 1259 5197 ubi
1311 5142 1378 5196 de
1424 5141 1527 5196 hoc
1575 5142 1695 5210 ipso
1735 5140 2052 5211 Nicephoro

472 5239 750 5298 Chumno.
786 5251 949 5306 quem
975 5235 1339 5308 Pachymeres
1383 5234 1474 5289 hic
1516 5233 1596 5288 ait
1637 5233 1881 5289 caniclco
1914 5250 2052 5305 pra:-

477 5333 717 5402 positum
754 5328 922 5384 fuisse
953 5329 1021 5383 ab
1055 5328 1327 5399 Augusto,
1359 5341 1636 5397 quemque
1662 5326 1816 5396 prius
1836 5341 1890 5396 p.
1922 5327 2049 5390 164‘,

476 5424 690 5478 dixerat
722 5438 787 5475 ex
822 5430 1094 5494 quaestore
1121 5430 1368 5474 creatum
1408 5416 1477 5472 ab
1506 5417 1701 5472 eodem
1735 5417 2047 5488 mysticum,

475 5514 895 5570 Cantacuzenus
939 5521 1313 5573 consentanee
1374 5519 1567 5565 nostro
1629 5510 1746 5564 haec
1799 5509 2043 5565 scribit:

477 5605 591 5658 Καὶ
611 5604 638 5655 ὁ
662 5605 756 5657 ἐπὶ
772 5602 864 5656 τοῦ
906 5600 1222 5655 κανικλείου
1261 5600 1575 5670 Νικηφόρος
1604 5601 1631 5652 ὀ
1658 5596 1929 5670 Χοῦμνος,
1960 5617 2050 5652 σο-

477 5697 578 5764 (pb;
632 5696 772 5768 ἀνὴρ
827 5696 921 5749 καὶ
970 5694 1272 5763 θαυμάσιος
1330 5694 1389 5745 ὲν
1435 5694 1717 5764 φρονήσει,
1758 5691 1960 5760 πολλῆς
1992 5709 2047 5744 τε

475 5788 767 5842 ἀπολανῖων
796 5786 1061 5857 βασιλέως
1086 5785 1298 5848 εὐνοίας
1327 5801 1385 5837 τε
1414 5785 1509 5839 καὶ
1540 5786 1723 5857 τιμῆς.
1749 5785 1811 5840 Et
1837 5786 1926 5857 qui
1958 5802 2046 5838 ca-

2176 546 2471 612 prudentite
2502 550 2605 615 uir,
2630 550 2684 602 in
2705 551 2892 620 primis
2914 552 3107 606 charus
3145 556 3451 624 imperatori
3481 561 3735 628 magnique

2176 633 2240 687 ab
2277 651 2335 688 eo
2369 637 2598 692 habitus.
2632 640 2827 695 Arcem
2873 640 3045 697 fuisse
3096 641 3569 715 Constantinopoli
3600 648 3735 703 Cani-

2174 725 2354 781 cleum
2388 739 2636 785 vocatam
2672 746 2782 785 non
2811 732 3036 787 memini
3065 734 3267 804 legere.
3296 733 3606 793 Monasterii
3631 739 3737 810 ejus

2175 817 2419 873 nominis
2448 820 2703 876 meminit
2733 822 2915 877 obiter
2945 822 3190 879 Zonaras
3219 824 3273 878 in
3309 825 3499 880 Alexio
3525 826 3737 882 Conme-

2175 923 2273 974 no,
2307 908 2439 965 dum
2480 912 2552 966 ait
2580 910 2892 970 Comnenos
2923 914 3128 972 fratres
3164 916 3301 972 urbe
3338 926 3500 987 capta
3530 919 3633 987 jam
3661 934 3737 973 se-

2173 1013 2340 1054 curos
2390 1015 2647 1056 evocasse
2680 1012 2913 1061 matrem
2954 1015 3012 1060 et
3057 1006 3323 1077 conjuges
3366 1022 3399 1061 e
3425 1008 3737 1062 monasterio

2174 1089 2407 1146 caniclei
2474 1092 2529 1146 in
2587 1094 2881 1163 palatium.
2916 1096 3097 1155 Verba
3129 1099 3361 1153 Zonaras
3403 1106 3534 1155 sunt
3569 1118 3583 1153 :
3612 1100 3736 1167 Ἤδη

2174 1180 2219 1233 δ’
2247 1184 2309 1264 ἐν
2334 1184 2574 1253 ἀσφαλεῖ
2602 1187 2890 1255 γεγονότες
2919 1190 2967 1243 οἱ
2988 1190 3266 1261 Κομνηνοὶ
3295 1190 3393 1244 καὶ
3418 1190 3516 1261 τὴν
3537 1194 3732 1260 μητέρα

2176 1273 2329 1343 σφῶν
2354 1277 2448 1329 καὶ
2480 1275 2580 1340 τὰς
2604 1278 2956 1346 ὁμευνέτιδας
3022 1283 3088 1335 ὲκ
3128 1281 3230 1352 τῆς
3262 1284 3430 1352 μονῆς
3469 1281 3565 1334 τοῦ
3602 1300 3736 1335 κανι-

2174 1367 2357 1422 κλεῖον
2419 1369 2555 1439 πρὸς
2588 1370 2655 1423 τὰ
2690 1371 2945 1441 βασίλεια
2981 1373 3420 1443 μετεστείλαντο.
3462 1373 3655 1428 Tamen
3688 1375 3734 1428 id

2174 1462 2596 1526 monasterium,
2631 1479 2744 1534 quo
2778 1464 3082 1521 abstractas
3118 1480 3148 1520 e
3184 1466 3391 1536 templo
3422 1465 3477 1522 S.
3513 1467 3731 1536 Sephiaa,

2174 1550 2231 1604 in
2264 1553 2411 1621 quod
2438 1554 2573 1627 asyli
2593 1555 2719 1626 jure
2740 1556 3126 1628 confugerant,
3149 1569 3431 1632 matronas
3455 1557 3735 1614 Comneno-

2172 1658 2296 1698 rum
2320 1644 2641 1702 Botaniates
2671 1649 3048 1716 transtulerat,
3082 1659 3142 1704 ut
3172 1649 3318 1705 idem
3362 1649 3600 1705 Zonaras
3623 1666 3731 1705 mox

2172 1735 2270 1799 ait,
2314 1735 2471 1792 Anna
2526 1736 2809 1796 Comnena
2860 1756 2976 1796 rem
3034 1741 3288 1796 eamdem
3339 1740 3583 1797 referens
3625 1741 3660 1795 Ι.
3695 1757 3729 1804 l,

2170 1843 2228 1899 p.
2260 1828 2355 1894 54,
2379 1831 2891 1899 νοοεηιγυναικείαν
2927 1833 3098 1905 μονὴν
3123 1834 3232 1887 τῶν
3264 1834 3531 1905 Πετρίων,
3566 1832 3733 1889 mulie-

2170 1919 2261 1974 bre
2308 1924 2692 1976 monasterium
2743 1922 3071 1987 Petrioram,
3141 1924 3292 1994 quod
3350 1925 3530 1980 et-ait
3582 1927 3730 1980 situm

2168 2010 2340 2068 fuisse
2370 2029 2533 2084 prope
2558 2013 2808 2069 Ferreum
2837 2016 2935 2085 τὴν
2961 2015 3134 2085 ἀγχοῦ
3158 2017 3261 2087 τῆς
3286 2018 3519 2089 Σώηρᾶς
3549 2018 3732 2071 διακει-

2170 2107 2364 2177 μένην.
2393 2105 2658 2177 Suspicor
2691 2106 2998 2161 κανικλεῖον
3035 2107 3185 2164 aedes
3231 2108 3407 2166 fuisse
3466 2111 3520 2165 in
3550 2110 3734 2180 quibus

2169 2200 2597 2256 asservabantur
2632 2203 2919 2270 scriptura:
2969 2200 3225 2271 publicae,
3256 2210 3318 2257 et
3368 2201 3463 2256 ubi
3495 2199 3732 2274 expedie-

2162 2291 2375 2347 bantur
2402 2293 2756 2360 imperatoria
2791 2291 3114 2362 diplomata,
3142 2292 3307 2363 quale
3338 2294 3525 2349 Roma:
3554 2291 3731 2348 visitur

2162 2384 2431 2455 palatium
2454 2384 2832 2452 cancellariaa;
2857 2386 3364 2456 mouasteriumque
3388 2385 3520 2441 illud
3545 2384 3731 2440 Petria-

2168 2491 2293 2529 rum
2349 2476 2570 2547 proprie
2617 2486 2872 2532 vocatum
2922 2491 2990 2531 ex
3032 2477 3155 2548 ejus
3183 2477 3387 2533 domus
3428 2477 3651 2549 publica:
3675 2488 3731 2529 ac

2164 2567 2471 2623 notissima:
2497 2568 2700 2624 vicinia
2735 2569 3033 2624 indicatum
3064 2579 3119 2625 et
3140 2569 3556 2625 denominatum
3585 2584 3614 2623 a
3634 2566 3731 2623 ZO-

2168 2673 2302 2711 nara
2360 2657 2550 2723 fuisse,
2594 2658 2914 2728 praefectum
2961 2669 3147 2714 autem
3190 2660 3429 2716 catticlei
3471 2667 3726 2720 vocatum,

2166 2765 2333 2821 quem
2358 2750 2749 2806 cancellarium
2778 2750 3035 2816 dicimus,
3065 2752 3156 2806 cui
3186 2760 3339 2808 esset
3372 2751 3620 2807 tabularii
3648 2763 3726 2804 re-

2162 2843 2241 2915 gii
2262 2843 2511 2899 custodia
2541 2852 2598 2899 et
2621 2844 2938 2899 chartarum
2962 2844 3444 2911 imperatoriarum
3471 2841 3728 2913 expeditio

2166 2937 2483 3000 commissa,
2518 2937 2762 3006 amplum
2806 2938 2920 3008 jam
2968 2946 3025 2991 et
3047 2936 3288 2992 celebris
3318 2938 3375 2992 in
3396 2937 3537 2992 aulis
3567 2933 3728 2990 omni-

2166 3027 2274 3085 bus
2318 3029 2631 3099 splendoris
2665 3027 2925 3083 oﬂicium.
2960 3030 3258 3085 Auctorem
3293 3030 3476 3085 habeo
3509 3027 3727 3085 Radevi-

3541 3137 3589 3175 c.
3622 3120 3721 3173 i7:

2170 3214 2335 3281 Unus,
2378 3215 2476 3281 ait,
2521 3214 2586 3267 de
2645 3216 2807 3269 seruis
2858 3213 3071 3285 palatii,
3131 3214 3431 3269 canidinus
3485 3213 3724 3273 uidelicet,

2163 3324 2319 3380 quem
2366 3325 2462 3363 nos
2512 3309 2901 3363 canceltarium
2954 3311 3128 3365 dicere
3162 3325 3467 3381 possumus.
3495 3308 3582 3364 Sic
3619 3306 3719 3368 ille,

2163 3399 2384 3464 melius,
2422 3398 2640 3469 Opinor,
2669 3414 2833 3469 quant
2885 3397 3228 3464 Guntherus,
3266 3399 3367 3470 qui
3404 3396 3560 3454 metri
3594 3394 3720 3450 forte

2161 3490 2614 3546 commoditatem
2676 3499 2930 3557 secutus,
2957 3491 3282 3546 caniclinum
3345 3493 3721 3562 interpretatur

2156 3584 2539 3653 camerarium.

2369 3743 2538 3813 689
2570 3742 2738 3798 στα»ςί
2768 3746 3093 3813 cognominis
3131 3761 3233 3801 usu

2266 3813 2362 3867 Hic
2396 3815 2689 3868 canictinus
2723 3825 2861 3870 erat.
2898 3815 3062 3870 Nobis
3098 3818 3429 3873 camerarius
3456 3818 3588 3873 idem

2266 3883 2397 3938 Esse
2412 3894 2604 3955 potest.

2158 4039 2255 4097 Est
2273 4041 2325 4096 in
2356 4043 2548 4097 eadem
2573 4043 2848 4098 sententia
2878 4043 3251 4114 Spelmannus
3271 4047 3328 4103 in
3357 4047 3711 4115 Arcbatologo.

2159 4131 2330 4186 verbo
2385 4132 2757 4187 Cancellarius
2808 4143 2864 4190 et
2919 4134 3256 4194 Canictinus.
3313 4138 3541 4195 Videtur
3581 4136 3710 4190 idem

2156 4224 2483 4279 confirmare
2518 4224 2762 4289 Nicetas,
2789 4226 2826 4281 ι.
2859 4242 2920 4291 tt,
2957 4227 3014 4281 in
3045 4229 3261 4293 Alexio,
3294 4229 3428 4285 dum
3454 4229 3522 4284 de
3544 4226 3713 4284 officio

2155 4313 2397 4383 praefecti
2429 4315 2677 4369 caniclco
2713 4314 2797 4387 [P.
2839 4314 2965 4388 485]
3004 4318 3233 4389 scribit,
3266 4320 3629 4374 existimatum
3662 4312 3713 4368 id

2156 4405 2325 4460 fuisse
2350 4422 2579 4462 summa:
2623 4408 2767 4478 apud
2811 4408 3203 4479 imperatorem
3236 4420 3334 4466 aut
3366 4412 3469 4467 sub
3496 4412 3713 4480 impera-

2088 4492 2128 4543 D
2159 4507 2279 4554 tore
2330 4502 2638 4568 poteStatis.
2668 4500 2847 4557 Verba
2903 4503 3025 4573 ejus
3086 4516 3265 4558 sunt:
3322 4505 3486 4574 Παρὰ
3520 4498 3712 4571 βασιλεῖ

2154 4589 2414 4645 δύνασθαι
2459 4593 2526 4644 τὰ
2573 4592 2750 4645 πάντα
2800 4594 3048 4662 οἰόμενος
3096 4594 3156 4649 τὸ
3188 4595 3289 4663 μὲν
3323 4596 3419 4649 ἐπὶ
3455 4593 3546 4648 τοῦ
3574 4607 3710 4644 κανε-

2155 4680 2335 4736 κλείου
2386 4683 2662 4753 ὀφφῐκιον.
2702 4684 2857 4750 Quod
2895 4686 2982 4739 cui
3016 4690 3189 4757 magis
3231 4702 3397 4755 quam
3441 4684 3632 4755 magni,
3656 4688 3709 4732 υι

2153 4789 2255 4829 nos
2313 4773 2614 4844 loquimur,
2659 4777 2972 4832 cancettarii
3020 4764 3206 4834 Officio
3258 4779 3568 4839 conveniat,
3608 4788 3706 4827 non

2154 4866 2316 4921 video
2341 4866 2480 4922 :hoc
2501 4868 2649 4922 enim
2674 4870 2768 4938 qui
2799 4880 3045 4936 exercet,
3062 4885 3218 4926 mens
3248 4871 3422 4925 veluti
3449 4879 3504 4924 et
3529 4878 3707 4922 manus

2151 4967 2238 5013 est
2267 4959 2551 5028 principis.
2584 4961 2947 5015 Κανικλείονα
2996 4978 3105 5017 uno
3151 4962 3441 5026 vocabulo,
3469 4958 3703 5014 caniclco—

2152 5069 2292 5113 nem.
2322 5054 2427 5108 isto
2459 5054 2774 5123 fungentem
2812 5055 3135 5127 magistratu
3169 5057 3350 5112 virum
3393 5053 3700 5127 appellatum

2150 5145 2388 5200 afﬁrmat
2405 5144 2759 5215 Gregentius.
2779 5148 2962 5218 Agens
2993 5149 3141 5203 enim
3172 5148 3242 5204 de
3264 5149 3498 5217 quodam
3522 5142 3700 5199 Herba.

2154 5237 2387 5306 probato
2414 5248 2470 5291 et
2496 5237 2666 5292 eharo
2717 5239 3058 5308 imperatori,
3091 5241 3184 5309 qui
3233 5247 3291 5294 et
3336 5240 3480 5293 hunc
3508 5250 3537 5291 e
3560 5244 3700 5287 sacro

2150 5330 2303 5384 fonte
2343 5338 2698 5399 susceperat,
2731 5332 2808 5385 ait
2839 5347 2965 5387 eum
3011 5347 3042 5387 a
3085 5332 3304 5388 favente
3345 5331 3447 5401 ipsi
3477 5329 3701 5395 Augusto

2151 5432 2466 5490 cooptatum
2518 5422 2570 5474 in
2619 5432 2874 5477 senatum
2938 5435 2993 5478 ct
3061 5424 3267 5478 factum
3319 5415 3697 5484 ὑπεκκλησίονα

2149 5506 2612 5579 Ιιῃρεεειεείοηεηι,
2636 5511 2868 5581 qualem,
2896 5521 2950 5564 ut
2986 5513 3159 5575 addit,
3184 5513 3410 5567 Romani
3439 5506 3696 5579 patricium

2151 5613 2199 5656 et
2249 5603 2603 5658 canicleonem
2681 5605 2977 5674 appelfant.
3061 5607 3196 5660 Ἕνα
3256 5610 3352 5674 τῆς
3417 5599 3695 5667 συγκλήτου

2150 5695 2342 5748 τοῦτον
2388 5698 2634 5766 ἀπέφηνε
2658 5735 2670 5757 ,
2705 5698 3117 5768 ὑπεκκλησίονι
3169 5700 3330 5752 αὑτὸν
3375 5698 3609 5762 ποιήσας,
3640 5678 3692 5735 δν

2151 5788 2199 5840 οἱ
2239 5786 2497 5857 Ῥωμαῖοι
2544 5791 2831 5858 πατρίκιον
2862 5792 2955 5844 καὶ
2977 5791 3315 5844 κανικῑεὶονα
3349 5770 3689 5860 προσαγορεὼ

3934 2448 3937 2611 ι
