4036 6386
360 338 473 402 ’249

1748 333 2092 398 GLOSSAR
2106 333 2270 395 lUM.

3535 333 3644 398 750

368 470 509 506 oues.
554 451 655 508 Ubi
710 451 890 507 obiter
925 449 1196 508 habemus
1248 464 1358 505 non
1405 457 1779 505 memoratum
1823 447 1955 502 alibi
1983 451 2032 507 Α
2063 449 2314 497 noverat.
2354 439 2570 494 Etenim
2607 435 2864 492 Sinarum
2917 455 3048 500 rex.
3092 455 3255 509 quem
3299 441 3457 499 Kaan
3509 448 3645 502 vicit

366 547 727 615 magistratus
758 546 923 618 hujus
960 560 1161 600 nomen
1196 543 1628 614 ὗτέεκκλησεονα.
1664 543 1737 597 De
1769 552 1953 613 etymo

366 640 626 694 vocabuli
678 640 863 710 hujus,
894 639 999 694 nisi
1063 645 1151 693 est
1185 654 1213 693 a
1249 638 1446 692 Latina
1511 652 1643 691 voce
1699 634 1949 700 cancelli,

368 732 516 786 unde
568 733 950 787 cancellarium
999 732 1201 786 merito
1252 731 1630 802 Spelmannus
1698 730 1949 794 deducit,

367 827 643 878 rationem
684 824 918 895 originis
959 826 1266 895 explicans,
1302 824 1539 893 amplius
1584 822 1948 894 quaarendum

367 926 526 985 puto.

436 1013 646 1078 Krirtc,
674 1030 727 1084 p.
753 1015 876 1071 456.
910 1017 986 1071 De
1019 1031 1153 1071 voce
1185 1017 1356 1077 Κάνις
1377 1025 1573 1081 aut,ut
1603 1015 1732 1071 alibi
1762 1023 1952 1070 noster

361 1106 562 1163 scribit
609 1109 816 1176 Κάνης,
861 1109 974 1163 dixi
1020 1110 1268 1179 quaedam
1322 1108 1603 1165 Glossario
1648 1107 1847 1177 priori.
1879 1107 1952 1162 lis

364 1213 515 1252 nunc
550 1199 663 1252 haec
687 1199 867 1252 habeo
893 1213 1014 1269 quae
1047 1199 1266 1254 addam.
1294 1198 1671 1253 Animadverti
1697 1198 1752 1251 in
1777 1198 1952 1252 Chro-

362 1292 490 1344 nico
518 1289 757 1345 Arabico
784 1291 1200 1361 Abulpharagii,
1222 1291 1368 1347 unde
1397 1291 1709 1344 universam
1730 1289 1950 1360 imperii

276 1418 279 1421 -
362 1379 744 1437 Tocharorutn
784 1382 1040 1453 Mogulici
1088 1383 1530 1453 ehronologiam,
1581 1393 1856 1453 quatenus
1881 1382 1950 1436 ad

359 1474 816 1544 Pacbymeriante
889 1475 1134 1531 historiae
1196 1475 1619 1530 illustrationem
1685 1476 1949 1544 pertinet,

364 1567 598 1620 inferius
626 1567 770 1636 libro
789 1567 984 1620 harum
1012 1567 1449 1622 Observationum
1470 1568 1523 1630 '5,
1544 1581 1594 1622 c.
1621 1568 1651 1620 7
1679 1566 1946 1636 digeram,

362 1658 757 1722 animadverti,
811 1660 1062 1728 inquam,
1119 1660 1396 1729 duplicem
1444 1658 1500 1713 in
1535 1674 1639 1713 usu
1687 1657 1946 1714 Orienta-

360 1751 499 1806 lium
544 1752 789 1821 gentium
838 1752 1023 1808 affluis
1052 1752 1179 1806 soni
1234 1767 1423 1806 vocem
1464 1750 1638 1805 fuisse
1676 1766 1949 1818 supremae

360 1842 721 1897 indicativam
776 1843 1087 1913 potestatis,
1134 1857 1370 1913 quarum
1417 1843 1590 1897 altera
1635 1841 1951 1897 communis

359 1936 632 1991 Tocltaris
688 1951 814 1992 cum
868 1936 1443 1992 Praesteiannensibus
1492 1943 1551 1991 et
1595 1934 1950 1997 Sinensibus,

352 2029 471 2083 alia
519 2029 920 2099 Mogulensium
974 2029 1080 2086 fuit
1132 2029 1380 2100 propria.
1432 2029 1609 2085 Voces
1669 2029 1750 2084 lite
1819 2039 1952 2083 sunt

358 2120 516 2175 Chan
546 2130 602 2174 et
630 2118 814 2174 Kaan.
863 2120 1056 2176 Priore
1094 2120 1394 2192 insignitus
1451 2120 1656 2190 legitur
1688 2120 1785 2187 qui
1822 2120 1952 2175 ulti-

354 2229 490 2269 suus
542 2217 593 2269 ei
638 2212 860 2283 praefuit
920 2214 1159 2283 imperio
1199 2214 1348 2283 quod
1381 2213 1692 2284 presbyteri
1722 2213 1954 2269 Joannis

354 2306 788 2375 appellabatur;
840 2322 907 2361 ex
943 2307 1103 2376 cujus
1146 2306 1442 2361 eversione
1492 2307 1826 2378 Mogulicum
1858 2323 1955 2362 or-

356 2408 480 2451 tum
539 2409 640 2453 est.
706 2397 899 2452 Refert
956 2397 1106 2451 enim
1150 2398 1591 2470 Abulpharagius
1642 2409 1952 2454 extremum

350 2490 517 2543 illum
567 2489 834 2543 Joannem
877 2487 1049 2543 fuisse
1084 2489 1316 2557 proprio
1349 2489 1621 2544 vocabulo
1653 2488 1953 2560 Ung-Chan

348 2579 723 2649 appellatum.
762 2576 919 2632 Hunc
972 2579 1066 2647 qui
1112 2578 1322 2634 occidit
1375 2579 1614 2649 ejusque
1661 2579 1954 2650 m-cuparit

354 2671 564 2726 solium
623 2670 938 2724 Tamuiinus
1004 2669 1245 2739 primum
1300 2671 1520 2736 dictus,
1567 2689 1710 2727 novo
1751 2673 1953 2729 deinde

350 2764 802 2832 adsrito‘Gingi-z
833 2762 1046 2816 nomini
1093 2762 1292 2818 Cltanis
1340 2765 1841 2819 nomenclationem
1895 2777 1955 2820 ut

354 2857 518 2927 regni
555 2857 798 2911 indicem
827 2855 1067 2919 addidit,
1094 2855 1551 2911 Ginbiz-Chanes
1574 2867 1951 2925 nuncupatus.

356 2949 536 3020 Hujus
570 2950 714 3004 filius
754 2960 811 3002 et
842 2949 1018 3004 hzeres
1054 2949 1209 3017 prius
1245 2959 1474 3003 vocatus
1528 2949 1712 3019 Ogtai.
1744 2949 1953 3004 Kaanis

352 3044 417 3097 in
474 3042 742 3113 auspiciis
793 3040 947 3111 regni
997 3041 1338 3095 vocabulum
1393 3041 1639 3110 accepit,
1695 3041 1841 3110 quod
1898 3051 1955 3096 et

354 3135 577 3191 illustre
623 3134 868 3188 reddidit
914 3133 1086 3203 gestis
1118 3133 1284 3188 rebus
1315 3132 1680 3203 victoriisque
1706 3133 1954 3188 ciarissi-
1980 3149 2022 3207 (ς
2055 3132 2269 3224 éél‘i’cis'
2294 3132 2576 3226 :Ilachin'is
2631 3132 2995 3236 sustinendis"

357 3229 486 3282 tuis.
517 3226 649 3281 Inde
683 3227 886 3283 factum
919 3237 1054 3298 puto
1087 3234 1147 3280 ut
1177 3226 1404 3296 quidam
1447 3227 1568 3297 ejus
1602 3236 1950 3296 posterorum

356 3335 565 3374 nomen
607 3320 741 3373 illud
801 3334 902 3389 pro
957 3319 1114 3386 regni
1155 3318 1359 3388 insigni
1411 3332 1763 3388 usurparent.
1821 3320 1952 3373 Dico

351 3412 588 3482 quidam
630 3430 643 3466 :
704 3429 810 3465 non
859 3412 1008 3465 enim
1042 3426 1272 3474 mnnes,
1304 3427 1428 3466 cum
1478 3412 1572 3480 qui
1607 3413 1782 3466 Kaani
1823 3412 1954 3466 huic

355 3493 466 3573 ipsi
523 3507 742 3574 ἁμέσως
799 3504 1072 3559 successit
1122 3504 1244 3573 ejus
1294 3504 1438 3556 lilius
1473 3503 1789 3573 Cayueltus,
1840 3519 1951 3555 non

356 3597 593 3658 Kaunis,
627 3598 722 3651 secl
769 3595 971 3650 Chattis
1005 3595 1365 3665 appendicvm
1425 3596 1477 3647 in
1507 3595 1724 3663 imperii
1763 3607 1950 3653 notan

354 3690 576 3757 privato
610 3688 817 3741 nomini
843 3687 1161 3757 adjunxerit
1185 3685 1351 3755 690
1373 3696 1604 3739 vocatus
1632 3695 1953 3753 constanter

350 3780 778 3851 Cayucb-chan.
830 3781 1047 3833 Primus
1079 3779 1174 3848 qui
1203 3777 1465 3847 Cayucho
1508 3777 1798 3831 decedenti
1833 3779 1948 3832 suf-

359 3872 539 3924 fectus
569 3878 674 3933 est,
710 3867 1054 3922 Munkakaus
1090 3881 1199 3919 non
1228 3864 1425 3920 Cltanis
1456 3862 1550 3919 sed
1590 3864 1800 3919 Kaanis
1830 3868 1951 3935 epi-

356 3964 555 4018 theton
593 3961 807 4015 ascivit.
868 3957 1178 4014 Muukakao
1218 3966 1440 4011 mortuo
1475 3966 1530 4010 et
1565 3957 1686 4026 ejus
1730 3972 1953 4012 succes-

358 4058 517 4107 sione
545 4051 757 4105 incerta
786 4059 1016 4119 prepter
1049 4047 1247 4102 Knblai
1286 4057 1343 4103 et
1373 4046 1636 4116 Aribuga:
1688 4048 1953 4102 candida-

358 4155 544 4199 torum
576 4144 791 4214 intperii
821 4158 917 4212 per
939 4141 1323 4208 duodeviginti
1354 4157 1532 4198 annos
1568 4140 1708 4196 bella
1741 4140 1948 4208 ρίνὶιίδ,

360 4238 574 4293 Ηιιιιιεα
620 4237 791 4291 frater
838 4233 1156 4300 Munkakai,
1194 4233 1399 4289 missus
1443 4232 1653 4287 dudum
1686 4233 1756 4288 ab
1791 4248 1859 4287 eo
1892 4243 1953 4287 ut

361 4348 464 4400 pro
498 4346 557 4385 se
594 4339 859 4400 praeesset
910 4327 1171 4385 Occiduis
1215 4326 1435 4396 imperii
1496 4326 1785 4390 tractibus,
1819 4325 1949 4392 etsi,

360 4436 643 4489 nunquam
694 4419 802 4473 rite
850 4419 1030 4473 lectus
1079 4426 1176 4472 aut
1210 4416 1575 4487 inauguratus
1618 4417 1946 4486 imperator,

364 4513 510 4566 haud
560 4512 749 4566 obtine
781 4526 812 4566 e
864 4510 1150 4565 videretur
1198 4525 1389 4566 verum
1433 4511 1525 4579 jus
1558 4510 1712 4580 regni
1751 4509 1941 4578 lllogu~
1979 4508 2023 4563 D

362 4606 618 4667 lensinm,
657 4612 836 4659 tamen
866 4601 997 4673 quia
1039 4602 1108 4657 de
1134 4601 1282 4657 facto
1315 4602 1408 4656 tali
1442 4611 1717 4672 potestate
1751 4601 1949 4671 funge-

363 4700 547 4760 batur,
579 4697 650 4750 ab
691 4695 1103 4767 Abulpbaragio
1129 4695 1430 4766 aliquando
1476 4694 1792 4765 appellatur
1839 4693 1951 4747 ιιιι.

361 4788 484 4843 lacu
539 4789 579 4843 il
630 4789 801 4843 Chan.
853 4786 969 4843 iloc
1025 4803 1161 4843 vero
1212 4800 1468 4852 mortuo,
1527 4787 1625 4841 ubi
1683 4785 1948 4856 legitimis

361 4884 644 4951 sutiragiis
694 4884 875 4953 gentis
909 4883 1244 4938 collocatum
1286 4881 1342 4935 in
1373 4880 1777 4951 Mogulensium
1809 4879 1949 4935 solio

361 4976 606 5031 Abakam
631 4975 837 5030 Hulacu
872 4972 1046 5028 ﬁlium
1074 4972 1286 5038 retulit,
1305 4989 1528 5043 semper
1562 4972 1719 5026 illum
1746 4971 1950 5028 deinde

360 5067 615 5123 Abaka-il
648 5069 801 5124 Cltan
852 5066 1096 5125 Abakam
1146 5065 1393 5122 Chanem
1439 5066 1714 5125 nominat,
1747 5074 1809 5119 ut
1839 5080 1952 5119 em-

363 5163 577 5232 phasim
612 5161 1084 5232 αὐτοκρατορικῆς
1137 5158 1475 5215 monarcbite
1509 5158 1565 5212 in
1613 5173 1752 5213 voce
1798 5156 1952 5212 Cltan

363 5272 474 5310 non
534 5256 757 5309 dubiam
823 5262 1103 5325 agnoscat.
1159 5252 1412 5309 Cazancn
1492 5234 1744 5315 deinde,-
1783 5265 1950 5320 quem

365 5349 731 5418 l’acltymeres
758 5346 1001 5402 celebrat
1032 5345 1347 5415 principum
1382 5348 1636 5396 veterum
1670 5339 1725 5394 in
1760 5340 1953 5410 paucis

365 5440 667 5495 illustrium
721 5439 1078 5493 ambitiosqu
1122 5435 1530 5495 annulatorem,
1565 5431 1727 5487 facile
1767 5433 1954 5487 credi-

363 5533 541 5588 derim
575 5531 784 5586 Kaanis
818 5529 1048 5586 secundi
1086 5543 1200 5582 suae
1227 5526 1410 5597 gentis
1450 5525 1613 5595 longe
1655 5523 1949 5579 clarissimi

367 5626 682 5679 monarcha:
708 5638 1015 5692 cognomen
1054 5622 1240 5691 potius
1264 5628 1487 5687 optasse
1522 5633 1689 5688 quam
1732 5615 1950 5695 Cll/mis,

365 5717 515 5783 quod
551 5717 604 5769 in
645 5731 803 5786 reges
851 5724 1075 5785 quoque
1104 5728 1216 5768 suae
1254 5710 1439 5781 gentis
1486 5725 1595 5764 non
1633 5707 1953 5763 laudatissi-

366 5823 490 5866 ηοξ
528 5809 807 5880 vulgatum
838 5817 891 5862 et
927 5807 983 5860 in
1013 5805 1141 5861 aliis
1179 5806 1406 5875 insuper
1429 5804 1649 5873 pupulis
1682 5801 1950 5856 usitatum

2059 533 2141 605 [P.
2200 531 2324 603 486]
2375 542 2433 586 et
2476 533 2544 586 ad
2602 545 2795 585 necem
2848 534 2995 587 ultro
3036 534 3141 589 sibi
3191 539 3646 595 consciscendam

2055 627 2258 697 adegit,
2295 625 2638 681 Altun—Cltan
2669 629 2987 682 nominatus
3038 629 3294 684 traditur.
3345 630 3471 687 Haec
3515 648 3642 689 cum

2058 720 2130 774 ita
2164 721 2298 785 sint,
2334 719 2722 790 Pachymeres,
2756 719 2834 773 uti
2869 729 2924 773 et
2952 719 3107 774 nmlti
3159 721 3254 774 alii
3310 723 3639 793 scriptores,

2054 827 2122 866 ex
2158 810 2304 866 Clum
2331 825 2388 865 et
2411 813 2571 865 Kaan
2592 810 2812 865 unicam
2848 809 3159 867 conflarunt
3191 812 3639 883 appellationem,

2054 905 2380 959 Tatarorum
2410 945 2426 971 ,
2469 915 2528 960 ut
2580 915 2777 975 putant
2806 947 2820 969 ,
2885 905 3223 976 peculiarem
3258 908 3637 977 principum,

2054 1014 2181 1053 cum
2244 1007 2427 1053 tamen
2463 998 2557 1059 sit,
2595 1013 2723 1053 meo
2769 998 3005 1068 judicio,
3042 999 3403 1056 verisimilius
3450 1015 3643 1057 vocem

2053 1089 2277 1158 quidem
2337 1089 2497 1144 Kaan
2535 1093 2822 1161 propriam
2859 1090 3041 1161 gentis
3095 1091 3383 1162 Mngulica:
3435 1091 3643 1157 fuisse,

2053 1182 2204 1238 Cltan
2250 1191 2435 1238 autem
2469 1182 2797 1240 Sinensibus
2833 1185 3028 1239 saltem
3067 1193 3123 1238 et
3152 1184 3645 1242 Praesteianncnsi-

2055 1279 2178 1339 bus.
2217 1278 2469 1334 fortassis
2524 1279 2692 1334 etiam
2742 1287 2801 1334 et
2832 1279 2959 1333 aliis
3007 1278 3291 1335 interioris
3324 1277 3468 1334 Asia:
3513 1294 3647 1350 gen-

2053 1371 2189 1426 tium
2221 1371 2470 1443 dynastis
2500 1371 2674 1427 tribui
2707 1383 2975 1443 praeterea
3007 1371 3183 1427 fuisse
3214 1371 3461 1427 solitam.

2124 1509 2416 1579 Κάραϐος,
2449 1525 2506 1581 p.
2550 1509 2679 1564 2H.
2709 1507 3019 1582 Hesychius
3049 1510 3296 1581 κάραϐον
3321 1524 3352 1565 a
3385 1508 3644 1566 Macedo-

2042 1602 2347 1669 .nibusdici
2376 1602 2454 1657 ait
2485 1601 2684 1673 πύλην.
2725 1601 2855 1658 Haec
2886 1603 3002 1659 sola
3032 1618 3064 1659 e
3085 1601 3277 1659 multis
3300 1602 3467 1674 hujus
3492 1602 3646 1658 vocis

2055 1695 2381 1750 notionibus
2430 1695 2537 1750 huc
2586 1699 2846 1766 quadrat,
2871 1695 3006 1750 dum
3041 1710 3107 1750 ea
3146 1710 3249 1767 pro
3280 1704 3478 1753 natura
3507 1694 3643 1750 sub-

1982 1805 2023 1860 Β
2047 1788 2209 1856 jectae
2248 1790 2327 1841 rei
2363 1787 2706 1855 significatos
2744 1800 3004 1858 putemus
3046 1790 3231 1844 exitus
3261 1788 3481 1859 paludis
3523 1788 3643 1845 sive

2054 1880 2276 1936 canales
2304 1881 2472 1936 certis
2499 1880 2638 1939 locis
2666 1881 2918 1942 defossos
2933 1891 2995 1938 et
3033 1882 3164 1937 hinc
3189 1881 3319 1937 inde
3339 1882 3508 1952 tignis
3530 1882 3644 1937 alte

2055 1976 2177 2031 lixis
2214 1976 2462 2031 munitos
2499 1975 2569 2030 ad
2615 1990 2816 2046 aquam
2860 1974 3274 2030 corrivandam.
3313 1973 3522 2030 Horum
3549 1990 3644 2030 ca-

2052 2069 2169 2139 pita
2195 2069 2467 2123 exstantia
2496 2069 2770 2138 tignorum
2790 2067 3031 2139 primum
3063 2066 3374 2123 devinxisse
3401 2067 3643 2123 invicem

2057 2159 2258 2214 validis
2316 2159 2544 2214 funibus
2614 2159 3128 2228 Pbilanthropenus
3194 2159 3287 2214 hic
3352 2167 3643 2219 narratur.

2052 2251 2255 2306 deinde
2311 2251 2636 2307 instravisse
2700 2252 3037 2307 transversis
3084 2251 3310 2314 tabulis,
3364 2260 3478 2307 tum
3539 2249 3646 2306 hoc

2056 2344 2218 2414 plano
2253 2360 2354 2414 pro
2404 2345 2577 2400 fundo
2611 2359 2742 2403 usus
2778 2344 3030 2401 turribus
3060 2345 3348 2409 tollendis,
3381 2361 3413 2401 e
3438 2347 3646 2417 quibus

2056 2450 2239 2489 arcem
2265 2447 2634 2505 Oppugnaret.
2671 2434 2791 2491 Non
2823 2450 2911 2490 me
2945 2434 3151 2490 latebat
3182 2450 3313 2491 cum
3346 2435 3465 2493 haec
3501 2437 3644 2491 scri-

2058 2527 2247 2581 berem
2285 2527 2529 2597 κάραϐον
2561 2541 2756 2582 navem
2785 2542 3007 2596 quoque
3035 2527 3377 2599 significare.
3406 2527 3546 2583 Nam
3586 2537 3647 2583 et

2056 2620 2189 2673 alibi
2219 2619 2362 2674 banc
2391 2629 2718 2686 usurpatam
2742 2634 2774 2672 a
2803 2617 3147 2690 Pacbymere
3181 2633 3374 2675 vocem
3405 2619 3489 2675 sic
3518 2634 3644 2675 sum

2056 2709 2478 2778 interpretatus.
2512 2708 2643 2763 ideo
2687 2717 2871 2762 tamen
2913 2710 3047 2764 mihi
3099 2710 3284 2765 minus
3337 2709 3646 2769 verisimile

2056 2803 2233 2857 visum
2283 2811 2391 2866 est,
2419 2801 2471 2856 id
2512 2801 2841 2857 vocabulum
2886 2804 2992 2857 isto
3016 2802 3141 2859 loco
3173 2818 3204 2858 a
3238 2813 3430 2859 nostro
3460 2803 3643 2859 histo-

2057 2894 2173 2949 rieo
2206 2893 2263 2949 in
2299 2895 2402 2949 hac
2448 2893 2661 2965 vulgari
2688 2895 2920 2951 notione
2945 2904 3294 2966 usurpatum,
3317 2896 3467 2967 quod
3489 2899 3647 2955 navi-

2055 2987 2233 3050 culas.
2266 2986 2687 3056 quantumlibet
2735 2987 2882 3042 inter
2929 3003 2990 3042 se
3030 2990 3279 3054 vinctas,
3327 2989 3646 3049 innatantes

2056 3088 2271 3148 stagno.
2292 3093 2487 3148 parum
2515 3078 2756 3134 solidqu
2780 3077 3013 3134 fundum
3043 3079 3418 3136 existimarem
3438 3082 3647 3151 polior-

3053 3181 3222 3243 prout
3271 3173 3481 3231 factum
3533 3174 3647 3233 illic

2059 3272 2341 3315 narratum
2394 3262 2581 3331 exigit.
2622 3261 2763 3326 Quia
2815 3277 2995 3316 tamen
3023 3264 3275 3333 exempla
3306 3280 3418 3319 non
3444 3265 3648 3322 desunt

2061 3354 2332 3423 μοσύεέων,
2370 3353 2778 3428 obsidionalem
2808 3355 3061 3420 turrium,
3096 3364 3151 3410 et
3170 3357 3555 3412 machinarum
3591 3359 3647 3413 id

2057 3460 2255 3512 genus,
2298 3444 2629 3509 ἑλεπόλεων,
2666 3446 2902 3501 navibus
2952 3447 3341 3516 impositorum
3376 3449 3430 3503 in
3464 3464 3647 3519 oppu-

2056 3536 2411 3606 gnationibus
2468 3536 2800 3591 littoralium
2853 3524 3203 3604 arciutnrsi
3256 3540 3346 3594 cui
3403 3541 3650 3611 pruden-

2058 3628 2184 3682 tiori
2239 3644 2327 3683 me
2377 3630 2575 3683 lectori
2618 3631 2964 3700 praeferenda
3017 3631 3303 3689 videretur
3337 3633 3649 3704 simplicior

2053 3722 2215 3794 εει
2269 3733 2325 3778 et
2381 3723 2554 3794 magis
2600 3723 2765 3779 obvia
2799 3724 2902 3779 loci
2953 3725 3078 3795 ejus
3137 3726 3434 3794 expositio,
3477 3727 3650 3783 inter-

2057 3814 2423 3883 pretationem
2464 3815 2612 3869 illam
2641 3831 2818 3869 meam
2864 3815 2919 3869 iu
2957 3816 3106 3872 hunc
3143 3816 3648 3875 modunrrelictam

2058 3909 2149 3960 hic
2199 3907 2397 3962 habeat
2433 3927 2444 3962 :
2482 3924 2581 3977 pro
2618 3908 2775 3963 hisee
2827 3907 3034 3964 Graecis
3077 3909 3435 3983 Paebymeris
3460 3912 3649 3971 verbis

2057 4016 2184 4069 pag.
2217 3999 2315 4053 ‘2“
2385 4016 2397 4051 :
2474 3998 2753 4070 Ἐπισχὼν
2793 4001 2919 4065 τοὺς
2969 4001 3069 4069 τῆς
3122 4001 3321 4074 λίμνης
3370 4005 3651 4074 καράϐους

2057 4092 2240 4145 συνδεί
2299 4092 2569 4161 σχοίνοις,
2624 4094 2717 4145 καὶ
2747 4092 2879 4158 ξύλα
2918 4095 3152 4163 μέγιστα
3179 4094 3347 4160 ἐνιεὶς
3381 4096 3467 4151 ἐπ’
3503 4096 3650 4151 ὲκεί-

2055 4200 2163 4236 νων
2205 4185 2678 4250 κατασκευάζεται
2714 4191 2990 4255 μόσυναςς
3034 4186 3149 4242 haec
3188 4188 3243 4243 in
3285 4187 3483 4245 Latina
3524 4206 3650 4246 ver-

2057 4273 2214 4329 sione
2232 4274 2643 4330 substituantnr
2670 4293 2682 4329 :
2709 4278 2987 4346 Arreptas,
3005 4294 3124 4348 qua
3139 4278 3195 4333 in
3214 4288 3406 4351 stagno
3423 4291 3650 4352 reperta:

2054 4375 2201 4430 sunt,
2259 4368 2471 4440 cymbae
2519 4369 2729 4438 funibus
2774 4369 3026 4441 colligat;
3084 4381 3134 4426 et
3179 4370 3338 4444 lignis
3368 4389 3530 4445 super
3558 4391 3649 4432 eas

2054 4461 2340 4519 constratis
2404 4461 2679 4525 maximis,
2730 4468 2903 4515 turres
2950 4463 3007 4515 in
3041 4476 3101 4516 eo
3140 4462 3404 4532 tabulato,
3441 4477 3491 4522 et
3532 4483 3651 4522 ma-

2052 4557 2236 4610 chinas
2278 4559 2559 4610 construit.
2601 4559 2783 4628 Atque
2828 4558 2971 4613 hanc
3003 4558 3242 4630 ingenue
3268 4559 3466 4625 fateor,
3499 4576 3651 4617 nunc

2059 4645 2192 4700 mihi
2226 4646 2692 4702 verosimiliorem
2716 4646 2895 4704 videri
2925 4648 3298 4717 sententiam;
3331 4666 3401 4706 ex
3422 4665 3489 4707 eo
3510 4666 3653 4722 prae-

2054 4737 2247 4793 sertim
2300 4738 2451 4809 quod
2500 4739 2873 4814 Pacbymercs
2892 4742 3076 4796 statim
3125 4740 3317 4811 addat,
3347 4744 3417 4796 τὰ
3443 4744 3491 4798 δ’
3509 4743 3649 4799 ἄλλα

2057 4831 2215 4884 πλοῖα
2242 4829 2563 4902 πληρώσας.
2592 4831 2700 4886 Ista
2745 4833 2895 4887 enim
2927 4831 3163 4886 aliarum
3189 4834 3409 4889 navium
3437 4835 3649 4892 mentio

2056 4922 2193 4977 satis
2241 4922 2470 4984 indicat.
2526 4932 2751 4992 putasse
2799 4924 3007 4993 ipsum,
3044 4924 3323 4994 καράϐους
3398 4941 3645 4999 quoque.

2055 5027 2194 5081 quos
2244 5013 2408 5082 paulo
2457 5020 2586 5068 ante
2621 5024 3131 5078 memoraverat,ex
3171 5014 3371 5070 eodem
3440 5015 3646 5075 πλοίων

2056 5104 2174 5158 sive
2209 5104 2554 5175 navigiorum
2591 5119 2797 5176 genere
2840 5118 2984 5160 esse.

2034 5240 2046 5248 ‘
2128 5237 2392 5307 Καρπός,
2441 5253 2495 5308 p.
2555 5238 2684 5294 H6.
2728 5240 2845 5295 Vox
2906 5241 3124 5313 καρπός
3174 5241 3267 5299 bic
3315 5243 3374 5299 in
3421 5243 3648 5300 notione

2059 5330 2278 5399 qualem
2312 5330 2443 5386 alibi
2472 5333 2732 5403 nuspiam
2784 5334 3216 5393 observaveram
3253 5339 3502 5409 ponitur,
3527 5338 3647 5394 folii

2059 5424 2314 5493 paginam
2352 5424 2641 5489 indicans,
2679 5428 3010 5499 metaphora
3061 5429 3326 5485 nimirum
3366 5430 3645 5500 populari,

2057 5516 2206 5585 quali
2256 5518 2421 5588 vulgo
2472 5519 2527 5573 in
2571 5519 2748 5576 Gallia
2799 5535 3002 5591 scapus
3029 5521 3238 5577 chartae
3268 5522 3455 5578 vocari
3506 5522 3651 5578 solet

2061 5627 2164 5663 une
2198 5613 2344 5665 main
2383 5610 2450 5664 de
2504 5615 2715 5684 papier.
2741 5613 2841 5669 Est
2889 5613 3102 5683 καρπός
3132 5613 3393 5684 junctura
3434 5613 3653 5670 brachii

2059 5719 2185 5757 cum
2220 5719 2409 5768 manu,
2446 5706 2650 5776 ἄρθρον
2690 5707 2891 5778 χειρὸς.
2913 5707 3007 5759 καὶ
3037 5706 3346 5777 βραχίονος,
3375 5714 3438 5760 ut
3469 5704 3656 5775 loqui-

2060 5807 2153 5851 tur
2201 5798 2549 5865 Aristoteles,
2586 5815 2624 5853 tt
2657 5799 2735 5854 De
2771 5809 2916 5870 part.
2950 5800 3442 5873 animal.Apparet
3466 5808 3661 5863 tamen
