4036 6438
450 330 544 397 751
850 378 869 391 .
1100 294 1119 299 ”
1383 329 1449 391 Ρ.
1488 328 1791 391 POSSlNl
1822 326 2037 388 ossa]

2139 325 2477 386 ATIONUM
2544 325 2689 387 LIB.
2735 324 2784 386 Ι.
3318 352 3323 355 ·
3592 325 3688 386 ’ἷξε

450 446 627 500 t'oiam
679 455 853 512 Ipsam
912 455 1012 497 seu
1063 439 1302 511 palmam
1359 450 1415 496 ct
1468 441 1705 496 mediam
1744 440 2027 509 planitiem
2059 448 2104 502 Α
2136 438 2420 492 Ammiano
2477 435 2815 502 Marcellino,
2873 424 2915 490 ἲ.
2954 450 3105 498 xvu.
3166 434 3241 489 sic
3287 435 3460 490 notavi
3511 436 3576 489 ad
3605 434 3691 489 illa

448 551 707 592 concavae
735 548 934 589 manus
963 532 1177 601 καρπόν
1193 516 1362 599 etiam
1392 532 1525 587 dici.
1557 533 1693 587 Nam
1735 530 2029 594 Homerus,

438 630 613 685 Iliad.
677 644 711 680 σ
759 627 992 683 choreas
1044 627 1368 683 describens
1420 626 1685 696 juvenutn
1738 640 1864 680 cum
1922 624 2035 677 vir-

448 720 676 792 ginibus
736 718 998 773 manibus
1057 718 1294 774 invicem
1353 717 1629 773 consertis
1685 716 2028 781 saltantium,

451 813 548 866 tali
613 810 837 867 videtur
895 808 1207 881 signiﬁcatu
1267 809 1481 881 καρπόν
1534 823 1845 881 usurpare,
1897 808 2031 864 dum

449 905 676 961 scribit:

452 1044 779 1122 έζζνθαιμὲγ
806 1045 1013 1122 ἠΐβεοι-
1035 1044 1133 1098 καὶ
1152 1040 1482 1122 ,παρθένοιη
1501 1041 1888 1122 algoso/69ml

449 1117 783 1186 ‘Dpxsfzrt‘,
809 1112 1106 1185 ἀλλήλων
1141 1114 1243 1168 ἐπὶ
1284 1112 1492 1182 καρπῷ
1516 1112 1725 1182 χεῖρας
1755 1112 2029 1180 ἔχοντες.

438 1248 506 1326 .Βί
540 1250 689 1305 enim
724 1249 943 1306 alterin
973 1247 1205 1304 alterius
1226 1262 1399 1318 carpo
1426 1262 1649 1302 manum
1669 1245 1931 1307 habebat,
1968 1254 2030 1300 ut

447 1343 546 1411 ait,
578 1359 686 1398 non
742 1343 934 1413 utique
986 1342 1198 1398 brachii
1225 1342 1546 1412 juncturam
1597 1355 1828 1411 carpum
1869 1339 2028 1408 dicit,

446 1436 542 1491 sed
602 1436 838 1506 palmam
887 1443 944 1490 et
987 1433 1191 1497 volam,
1226 1448 1337 1504 qua
1374 1432 1550 1488 teneri
1581 1441 1639 1488 et
1667 1432 1867 1503 stringi
1889 1432 2031 1488 solet

452 1547 648 1586 manus
706 1546 765 1586 se
820 1529 1057 1584 invicem
1108 1527 1365 1583 saltando
1428 1526 1796 1582 trahentium.
1853 1525 2032 1580 Habet

447 1636 633 1679 autem
680 1621 975 1692 quamdam
1007 1620 1246 1691 speciem
1278 1619 1417 1675 volat
1455 1628 1699 1675 extensae
1725 1618 1944 1688 pagina,
1971 1627 2032 1671 ut

448 1716 871 1771 fundamentum
903 1708 1291 1767 translationis
1309 1723 1423 1765 non
1448 1709 1618 1772 desit.
1651 1710 1869 1765 usitatae
1901 1720 2032 1763 tunc

2135 529 2294 583 verba
2331 529 2433 583 mei
2482 528 2731 599 Procopii
2769 541 2786 579 :
2830 526 3091 583 Arsacem
3145 526 3200 581 in
3250 525 3530 580 castellum
3567 525 3696 580 obli-

2135 623 2320 676 vionis
2382 620 2626 687 detrudi,
2677 621 2846 676 verba
2900 618 3299 691 Thcophylacti
3350 616 3548 674 Simoc.
3585 632 3696 687 qua:

2139 730 2226 768 me
2255 713 2603 769 redditurum
2639 713 2868 784 promisi
2895 728 3088 783 supra,
3122 713 3215 767 hic
3237 711 3425 781 accipe
3451 726 3515 765 ex
3545 709 3581 764 Ι.
3620 726 3693 768 tu.

2132 821 2186 860 c.
2225 806 2260 861 5
2289 823 2304 862 :
2338 805 2604 877 Φρούριον
2639 805 2994 877 (Γιλιγέρδων
3036 806 3211 876 ὄνομα.
3249 803 3422 874 αὐτῷ)
3452 803 3698 874 ἐνδοτέρω

2136 899 2238 968 τῆς
2269 899 2525 969 Μηδικῆς
2556 899 2906 970 ᾠκοδόμηται
2933 900 2991 952 ἒν
3028 897 3183 969 χώρᾳ
3225 897 3586 968 ἐπιλεγομένη
3620 888 3700 947 lli-

2134 990 2326 1056 ζακοῦ,
2363 992 2423 1045 οὐ
2455 991 2647 1064 πὸῥρω
2677 992 3114 1063 Βενδοσαὸεἰρων
3145 995 3245 1061 τῆς
3272 992 3501 1053 πόλεως.
3536 990 3700 1059 Πρόσ-

2135 1100 2253 1136 εστι
2280 1084 2336 1136 δὲ
2370 1083 2550 1152 τούτῳ
2581 1086 2672 1136 καί
2706 1102 2787 1147 τις
2830 1085 3049 1154 εἱρκτὴ.
3080 1084 3265 1153 Λήθην
3300 1082 3359 1136 δὲ
3391 1081 3700 1151 ὀνομάζουσι

2133 1174 2345 1248 ταύτην
2390 1179 2441 1230 οἱ
2490 1177 2780 1247 βάρϐαροι.
2829 1176 2969 1231 Hinc
3022 1190 3124 1232 nos
3175 1177 3395 1230 videtur
3441 1176 3700 1230 abducere

2133 1268 2460 1323 Ammianus
2490 1268 2863 1329 Marcellinus.
2904 1283 3030 1322 cum
3063 1266 3142 1321 ait
3182 1267 3441 1321 Arsacem
3471 1268 3702 1319 extermi-

2130 1371 2322 1417 natum
2367 1362 2526 1430 fuisse
2546 1363 2602 1415 in
2636 1360 2916 1415 castellum
2950 1361 3227 1431 Agabana.
3265 1362 3333 1413 At
3369 1359 3478 1411 hoc
3514 1359 3698 1427 ipsum,

2136 1471 2255 1510 mea
2298 1455 2524 1525 quidem
2565 1454 2867 1516 sententia,
2906 1453 3058 1507 illius
3112 1459 3199 1505 est
3241 1452 3484 1506 carceris
3516 1465 3699 1504 nomen

2133 1563 2202 1603 ex
2229 1548 2452 1603 duobus
2480 1548 2741 1603 coalitum
2766 1562 2893 1602 cum
2924 1545 3187 1600 articulo.
3221 1545 3476 1599 Proxime
3498 1544 3563 1599 ad
3603 1546 3703 1597 ori-

2134 1640 2290 1711 gines
2348 1641 2577 1695 accedet
2623 1640 2721 1711 qui
2771 1643 2842 1695 ita
2893 1638 3209 1708 scripserit,
3245 1638 3593 1709 llagaba-nas
3626 1638 3703 1691 vel

2143 1732 2556 1803 llagoba-nasa.
2596 1733 2813 1789 Etenim
2862 1731 2994 1799 Gob,
3036 1744 3093 1787 ct
3139 1731 3441 1787 Chaldaice
3469 1731 3595 1800 goba
3627 1730 3704 1785 vel

444 1808 584 1863 “me
626 1806 838 1876 vulgari
897 1818 1177 1868 εθτῖηθηθν
1206 1801 1310 1858 “Si
1355 1802 1537 1857 rarius
1677 1802 1841 1896 “bri?
1868 1816 2027 1872 τίφθ’
2061 1815 2103 1870 Β
2131 1801 2326 1895 gubba,
2351 1826 2502 1896 quod
2534 1827 2700 1880 toties
2736 1826 2791 1880 in
2815 1826 2918 1880 (λϐ
2950 1826 3195 1880 Daniclis
3211 1826 3477 1889 occurrit,
3509 1824 3704 1879 foveam

443 1903 642 1957 riatur.
680 1896 994 1967 Aliquando
1026 1904 1285 1967 putaram
1319 1896 1536 1967 καρπόν
1566 1894 1659 1949 hic
1690 1893 1844 1950 reddi
1870 1908 2031 1964 posse

443 1992 739 2048 articulum
774 1998 871 2044 aut
919 1987 1241 2059 capitulum,
1274 2001 1493 2042 comma
1536 1987 1752 2042 scilicet
1784 1986 2029 2057 primum

443 2086 498 2140 in
524 2083 719 2139 oculos
745 2082 1038 2136 incurrens
1058 2080 1204 2135 libro
1228 2087 1441 2149 aperto,
1474 2080 1622 2150 quod
1646 2087 1829 2150 potest
1858 2080 2033 2134 inter-

443 2177 576 2232 dum
612 2187 741 2231 esse
800 2189 869 2228 ex
924 2171 1107 2228 media
1156 2180 1253 2227 aut
1307 2172 1498 2227 inﬁma
1552 2172 1774 2243 pagina.
1833 2171 1941 2227 Sed
1976 2171 2030 2227 id

444 2269 556 2325 diei
603 2265 799 2338 nequit
855 2265 964 2320 hoc
1019 2264 1163 2320 loco.
1199 2263 1345 2320 Satis
1394 2263 1545 2319 enim
1587 2272 1778 2319 noster
1822 2264 2033 2319 indicat

444 2375 610 2416 omen
667 2358 735 2413 de
787 2372 899 2428 quo
939 2356 1072 2428 agit,
1108 2354 1321 2427 captari
1375 2355 1603 2412 solitum
1648 2369 1717 2408 ex
1764 2355 1947 2410 verbis
1975 2354 2032 2409 in

446 2453 629 2524 capite
657 2450 774 2508 sive
797 2449 1075 2520 principio
1096 2446 1309 2519 pagina:
1339 2447 1789 2503 occurrentibus.
1809 2446 2033 2517 Alioqui

445 2546 597 2602 enim
632 2559 742 2620 non
768 2558 965 2600 omnes
1016 2540 1413 2597 convenissent
1442 2537 1501 2594 in
1537 2539 2033 2595 animadvertendo

446 2640 593 2695 malo
615 2638 849 2711 augurio
876 2653 944 2693 ex
962 2636 1147 2692 verbis
1174 2634 1370 2690 iisdem
1397 2652 1410 2690 :
1438 2633 1559 2689 ﬁeri
1591 2634 1741 2689 enim
1763 2633 2037 2704 potuisset

445 2740 509 2787 ut
533 2743 647 2787 tres
673 2730 947 2801 episcopi,
971 2729 1066 2800 qui
1091 2743 1217 2783 cum
1241 2726 1562 2784 celebrante
1588 2727 2038 2797 cooperahantur

446 2827 504 2879 in
541 2824 633 2879 illa
665 2823 954 2894 apertione
984 2830 1043 2876 et
1080 2819 1437 2891 impositione
1466 2817 1676 2874 codicis
1703 2817 2035 2888 evangelici,

440 2917 638 2972 nonin
666 2914 916 2970 eamdem
949 2912 1141 2967 omnes
1163 2911 1376 2982 paginae
1398 2917 1609 2981 partem
1634 2909 1828 2964 oculos
1851 2909 2036 2980 conje-

440 3010 673 3065 cissent.
713 3005 844 3062 Haec
873 3019 962 3060 me
996 3018 1181 3060 causa:
1215 3001 1562 3071 impulerunt
1587 3003 1656 3056 ad
1690 3000 1905 3071 καρπόν
1929 3001 2036 3056 hoc

442 3103 572 3157 loco
607 3100 867 3171 paginam
895 3094 1396 3166 interpretandum.

2133 1926 2189 1972 et
2221 1917 2402 1971 lacum
2436 1917 2728 1988 significat.
2766 1917 3012 1987 Utroque
3052 1929 3235 1971 autem
3269 1919 3538 1975 vocabulo
3568 1917 3706 1973 Scri-

2133 2019 2312 2080 ptura:
2370 2026 2542 2066 sacrae
2600 2010 2938 2080 interpretes
2994 2026 3273 2066 carcerem
3322 2012 3462 2067 bene
3504 2020 3704 2081 septum

2133 2109 2191 2156 et
2227 2103 2473 2172 praealtis
2503 2102 2816 2173 parietibus
2864 2103 3140 2156 munitum
3171 2102 3489 2173 designant.
3521 2103 3707 2157 Carcer

2135 2191 2190 2245 in
2213 2208 2378 2261 quem
2396 2192 2602 2261 Ioseph
2634 2194 2920 2262 conjectus
2945 2192 3072 2256 fuit,
3094 2192 3250 2246 fovea
3284 2193 3491 2248 dicitur
3514 2193 3632 2261 Sap.
3657 2207 3705 2254 ι,

2139 2285 2225 2344 15.
2245 2302 2275 2339 a
2291 2282 2454 2348 LXX,
2471 2284 2695 2349 λάκκος,
2714 2293 2770 2338 et
2784 2283 2918 2340 Gen.
2938 2285 3157 2347 n.1,”,
3177 2285 3316 2355 ὀχύρ
3340 2303 3446 2354 τίμα
3465 2286 3703 2339 munitio.

2134 2376 2263 2432 llaec
2292 2390 2377 2433 est
2422 2376 2708 2433 Chaldaici
2761 2384 3011 2446 potestas
3053 2377 3300 2431 nominis
3351 2389 3461 2437 δεξιᾶ
3513 2378 3592 2430 vel
3630 2387 3710 2437 nu

2136 2470 2386 2526 Alterum
2429 2486 2563 2525 vero
2593 2484 2625 2523 a
2650 2473 2826 2524 verbo
2855 2479 2972 2529 mm
3010 2471 3366 2540 progenitum
3418 2471 3710 2526 oblivionem

2137 2571 2318 2616 sonat.
2374 2561 2652 2632 Originem
2694 2577 2918 2631 quoque
2964 2562 3205 2617 nominis
3241 2562 3550 2633 Giligerdon
3587 2560 3709 2615 mihi

2139 2652 2332 2707 videor
2370 2651 2425 2705 in
2458 2668 2526 2707 eo
2558 2650 3001 2719 deprehendisse
3043 2652 3189 2721 quod
3254 2654 3486 2723 subjicit
3541 2652 3710 2708 Suno-

2139 2755 2304 2808 catta,
2323 2760 2505 2799 arcem
2523 2744 2669 2798 illam
2690 2743 2860 2799 fuisse
2878 2744 3154 2799 addictam
3174 2746 3558 2801 custodiendis
3579 2745 3708 2800 bello

2140 2834 2336 2905 captis,
2376 2848 2517 2904 quos
2544 2850 2638 2888 res
2674 2834 2947 2889 intentius
2974 2836 3248 2891 asservari
3280 2837 3471 2892 vellet.
3505 2835 3609 2890 Gili
3633 2835 3708 2889 vel

2138 2926 2242 2997 geli
2267 2925 2483 2981 deduco
2517 2941 2549 2980 a
2581 2925 2754 2981 verbo
2782 2909 2890 2987 n5:
2918 2926 3065 2996 quod
3130 2928 3284 2983 valet
3333 2931 3593 2998 captivum
3625 2928 3708 2982 ab-

2137 3019 2281 3075 duci.
2314 3020 2410 3075 Est
2442 3031 2629 3074 autem
2674 3022 2830 3091 gerd,
2864 3020 2971 3076 nisi
3015 3020 3195 3088 fallor,
3249 3023 3400 3078 idem
3436 3040 3502 3079 ae
3546 3022 3708 3094 geder,

2142 3110 2338 3166 Latine
2390 3120 2624 3182 septum,
2684 3127 2716 3166 a
2760 3112 2937 3167 verbo
2965 3123 3071 3174 '11:
3099 3115 3297 3184 gadar,
3342 3116 3488 3171 unde
3526 3128 3712 3171 nomen

518 3213 822 3282 πάσι-ρον.
871 3209 954 3265 Ad
998 3224 1064 3265 ea
1093 3224 1217 3281 quae
1260 3207 1471 3263 dudum
1514 3206 1699 3262 nclavi
1751 3204 2037 3262 Glossario

2142 3202 2338 3269 Gades,
2387 3174 2461 3259 et.
2495 3204 2749 3275 Γάδειρα,
2798 3207 2946 3275 quod
2994 3174 3308 3277 Hesychius
3363 3211 3710 3281 περίφραγμα

434 3307 560 3362 ενοι.
588 3306 629 3370 1,
657 3320 715 3376 p.
739 3305 868 3370 571,
902 3304 1032 3375 περὶ
1058 3303 1302 3373 κὰστρου
1351 3299 1468 3356 sive
1487 3301 1713 3372 εἱρκτῆς
1737 3299 1932 3369 λήθης,
1967 3298 2037 3353 de

449 3399 676 3455 castello
729 3397 846 3453 sive
898 3409 1126 3450 carcere
1180 3393 1503 3456 oblivionis,
1536 3393 1735 3447 addam
1781 3393 1874 3446 hic
1912 3407 2036 3462 quae

450 3491 726 3563 suggessit
750 3488 921 3544 'Pater
950 3486 1219 3543 Claudius
1246 3484 1536 3540 Maltretus
1566 3483 1696 3539 Soc.
1716 3484 1873 3551 Jesu,
1895 3484 2040 3539 datis

440 3586 520 3639 ad
544 3598 631 3638 me
664 3580 903 3651 postilla
926 3579 1068 3634 lecta
1093 3576 1744 3633 humanissimislitteris.
1777 3595 1795 3627 ι
1827 3576 2040 3630 Dudum

454 3660 684 3745 (inquin
707 3677 820 3728 Ira'c
845 3679 1150 3726 notaueram
1178 3673 1247 3726 ad
1278 3688 1329 3726 c.
1361 3672 1416 3736 5,
1440 3670 1477 3724 l.
1499 3685 1516 3723 ι
1539 3669 1787 3741 Praecpii
1810 3669 1885 3724 De
1904 3668 2042 3724 bello

449 3765 666 3821 Persico
706 3762 870 3835 692
903 3761 966 3814 de
1020 3759 1238 3815 castello
1281 3759 1559 3816 oblivionis
1590 3774 1610 3813 :
1674 3758 1842 3829 hujus
1893 3758 2042 3813 arcis

452 3858 792 3914 mentionem
843 3855 1055 3912 faciunt
1102 3852 1159 3907 in
1208 3852 1329 3908 Vita
1380 3850 1439 3907 S.
1484 3849 1719 3906 Joannis
1767 3849 1852 3922 [P.
1912 3850 2040 3922 487]

446 3945 885 4018 Elecmosynarii
918 3943 1186 3999 Leontius
1217 3951 1274 3996 et
1299 3940 1704 4009 Metaphrastes
1728 3938 1875 4009 apud
1910 3938 2042 3994 Bol~

450 4041 676 4098 landum
717 4053 892 4094 mens.
925 4037 1048 4093 Jan.
1099 4044 1236 4091 tom.
1280 4033 1322 4099 I,
1354 4048 1411 4103 p.
1443 4032 1547 4087 508
1591 4040 1651 4087 et
1680 4031 1818 4098 525;
1850 4030 1918 4086 de
1943 4045 2041 4085 eo-

404 4180 411 4189 .
442 4134 578 4189 dem
613 4140 782 4204 agunt
819 4129 1110 4185 Cedrenus
1141 4126 1232 4183 ed.
1287 4124 1425 4196 Reg.
1461 4139 1520 4195 p.
1551 4124 1679 4190 346,
1717 4134 1912 4178 auctor
1939 4122 2043 4176 Mi-

455 4226 656 4291 scellm,
697 4225 736 4281 l.
787 4239 928 4288 xvu,
961 4238 1016 4292 p.
1054 4218 1184 4286 5l0,
1231 4217 1603 4289 Theoltliancs
1655 4232 1713 4287 p.
1748 4216 1875 4278 220,
1903 4217 2045 4287 Aga-

457 4320 601 4374 thias
637 4318 674 4372 l.
715 4333 789 4382 tv,
836 4315 929 4371 ed.
986 4315 1123 4385 Reg.
1161 4329 1219 4384 p.
1278 4313 1403 4368 l58.
1449 4311 1780 4367 Accuratius
1828 4310 2043 4366 caeteris

455 4410 498 4466 Τ
506 4409 908 4481 beophylactus
958 4405 1285 4465 Simocatta,
1325 4402 1485 4473 cujus
1512 4400 1686 4456 verba
1719 4399 1786 4454 ad
1834 4398 2041 4453 calcem

2142 3295 2564 3366 interpretatur.
2632 3296 2945 3354 Subscrabit
3003 3300 3268 3366 Avienus,
3330 3318 3386 3356 v.
3438 3304 3561 3367 9H,
3598 3315 3708 3357 cum

2141 3386 2247 3441 ait:

2145 3476 2393 3558 {iarbam
2419 3482 2549 3549 quin
2594 3483 2758 3558 etiam
2805 3481 2978 3558 Suades
3005 3484 3122 3537 hinc
3165 3484 3353 3554 lingua
3384 3487 3710 3558 frequentat:

2142 3546 2332 3645 P‘tnnus
2365 3546 2557 3621 quippe
2589 3550 2760 3605 locum
2816 3552 2983 3607 Gadir
3038 3565 3187 3609 vocat
3214 3546 3454 3627 undique
3477 3546 3708 3628 'septum.

2143 3662 2221 3717 Ex
2262 3664 2360 3719 illo
2403 3664 2553 3722 fonte
2588 3668 2962 3722 transmarino
3015 3668 3243 3725 ﬂuxisse
3288 3672 3537 3726 arbitror
3561 3682 3709 3725 voces

2141 3755 2378 3813 Gallicas
2431 3759 2632 3827 garde,
2673 3759 2837 3830 693
2879 3761 3097 3829 garder,
3133 3762 3332 3817 leviter
3382 3763 3711 3833 transpositis

2140 3851 2363 3915 litteris,
2419 3863 2477 3905 ut
2532 3852 2590 3905 fit
2629 3851 2685 3905 in
2729 3853 2918 3907 ultima
2972 3866 3130 3923 parte
3186 3858 3431 3911 nominis
3482 3853 3708 3927 qiligerrl,

2141 3947 2310 4016 quod,
2345 3946 2453 4001 nisi
2485 3961 2571 4001 me
2602 3947 3105 4019 fallitconjectura,
3135 3953 3471 4020 captivorum
3522 3959 3710 4022 septum

2140 4037 2437 4108 signiﬁcat.
2479 4055 2496 4087 ι
2528 4035 2654 4092 llaec
2705 4038 2893 4092 verbis
2930 4038 3160 4092 totidem
3192 4038 3479 4095 Maltretus
3515 4048 3706 4098 noster,

2141 4129 2302 4201 cujus
2330 4130 2616 4200 specimen
2665 4140 2924 4184 notarqu
2959 4131 3435 4196 doctissimorum,
3464 4132 3557 4188 sed
3587 4144 3712 4185 non-

2142 4220 2274 4274 dum
2328 4222 2632 4284 editurum,
2666 4221 2721 4275 in
2778 4220 3133 4290 Procopium.
3184 4224 3277 4291 qui
3339 4223 3547 4278 dudum
3583 4219 3710 4292 typis

2144 4311 2334 4381 Regiis
2374 4327 2500 4367 cum
2526 4313 2647 4382 ejus
2701 4322 2961 4367 accurata
3013 4323 3071 4368 ct
3099 4314 3341 4384 eleganti
3397 4316 3711 4384 interpreta-

2145 4405 2297 4458 tione
2353 4404 2580 4473 prodiit,
2611 4402 2821 4459 vidisse
2876 4405 2980 4459 hac
3029 4406 3323 4463 occasione
3362 4424 3472 4462 non
3521 4404 3709 4477 pigebit

458 4503 625 4574 hujus
649 4500 850 4571 capitis
878 4495 1228 4553 commodius
1259 4494 1510 4550 reddam.
1545 4493 1737 4550 Simile
1760 4491 2037 4562 quoddam
2076 4519 2115 4573 ο
2146 4495 2384 4549 lectores
2414 4494 2691 4550 eruditos.

457 4594 719 4649 habuisse
761 4590 1051 4647 castellum
1082 4589 1345 4644 videntur
1378 4585 1554 4642 (ἕναεοί
1588 4587 1897 4655 imperante
1926 4585 2040 4638 An-

456 4687 687 4742 dronico
738 4683 987 4748 seniore,
1037 4680 1126 4735 cui
1156 4679 1505 4750 Nicephorus
1561 4677 1832 4748 Gregoras
1884 4676 1921 4729 Ι.
1960 4691 2039 4740 ix,

453 4794 508 4849 p.
569 4778 700 4839 208,
737 4775 831 4831 ed.
890 4774 1057 4828 Basil.
1108 4773 1291 4828 datam
1359 4770 1528 4825 fuisse
1566 4768 1705 4825 dicit
1757 4769 2039 4838 cptionem

456 4871 713 4925 malletnc
759 4868 1128 4922 monasticum
1178 4865 1430 4921 habitum
1474 4863 1710 4918 induere
1746 4870 1841 4916 aut
1888 4859 2040 4915 aliud

457 4964 643 5018 subire
702 4962 940 5025 malum;
996 4976 1117 5030 quae
1170 4969 1448 5029 postrema
1475 4958 1643 5012 verba
1689 4966 1784 5010 aut
1834 4954 2039 5009 cmdcm

457 5054 784 5117 innuehaut,
851 5053 1033 5122 inquit
1088 5050 1394 5120 Gregoras,
1441 5060 1537 5103 aut
1607 5049 1889 5113 exsilium,
1948 5055 2044 5101 aut

460 5149 646 5219 βιαίαν
689 5148 998 5215 ἀπαγωγὴν
1045 5147 1125 5207 εἰς
1184 5145 1246 5197 τὸ
1272 5145 1371 5213 τῆς
1401 5134 1571 5214 λήθης
1605 5141 1888 5211 φρούριον,
1927 5143 2045 5194 vio-

461 5241 664 5294 lentam
689 5236 1081 5291 abductionem
1104 5235 1158 5289 in
1185 5234 1476 5290 castellum
1503 5231 1824 5287 oblivionis.
1863 5230 2046 5285 Lenn-

458 5327 670 5383 clavius
716 5326 770 5385 in
810 5325 1091 5380 Pandectis
1120 5325 1352 5379 historice
1394 5323 1651 5386 Turcicm,
1693 5339 1748 5393 p.
1793 5323 1921 5386 M5,
1951 5323 2042 5378 ed.

459 5421 596 5490 Reg.
632 5436 691 5474 n.
721 5418 825 5472 128
852 5418 1140 5473 castellum
1177 5418 1311 5472 illud
1358 5417 1643 5486 Bosphoro
1678 5416 1849 5471 fuisse
1873 5432 2043 5485 appo-

459 5512 628 5565 situm
660 5526 727 5565 ex
759 5510 1001 5580 Gregora
1054 5508 1302 5579 conjicit.
1340 5510 1411 5561 At
1465 5523 1736 5578 nusquam
1773 5505 2046 5578 Gregoras

458 5605 580 5672 ejus
617 5603 781 5657 situm
817 5602 1091 5671 designat.
1165 5600 1239 5653 De
1258 5599 1476 5653 castlllo
1504 5617 1627 5655 vero
1661 5600 1874 5655 Persico
1918 5600 2050 5655 obli-

462 5697 629 5749 [ιωήε
676 5695 832 5756 dicto,
901 5704 1199 5761 postquam
1228 5695 1431 5746 ostendi
1500 5695 1760 5764 tragicam
1831 5694 2048 5748 Arsacis

453 5788 743 5845 jistoriam
769 5805 800 5841 a
842 5786 1101 5856 ProcOpio
1133 5786 1440 5854 narratam,
1472 5791 1711 5842 eamdem
1750 5787 1938 5857 referri
1978 5788 2044 5842 ab

2215 4585 2569 4655 Καταφλᾷν,
2606 4603 2729 4657 pag.
2783 4587 2911 4641 240.
2948 4589 3234 4658 Nusquam
3274 4591 3406 4645 alibi
3460 4591 3563 4645 hoc
3594 4602 3708 4642 ver-

2144 4679 2276 4733 bum
2324 4680 2524 4748 legisse
2567 4681 2819 4734 memini.
2862 4680 3113 4735 Intellexi
3169 4694 3358 4737 autem
3390 4684 3522 4751 quid
3553 4681 3709 4751 signi-

2146 4771 2270 4826 ﬁcet
2317 4787 2383 4825 ex
2415 4788 2482 4825 eo
2511 4772 2657 4840 quod
2710 4772 3018 4842 Hesychius
3058 4775 3286 4827 verbum
3323 4778 3462 4847 φἰᾷν
3489 4780 3710 4845 exponat

2148 4863 2455 4933 μαλάσσειν
2515 4864 2776 4931 πληγαῖς,
2806 4864 2977 4934 plagis
3005 4865 3262 4935 subigere.
3315 4869 3621 4922 Eustathius
3648 4865 3706 4918 ad

2143 4958 2299 5011 illum
2337 4973 2555 5012 versum
2579 4955 2664 5028 [P.
2699 4958 2825 5030 488]
2854 4959 3016 5019 Iliad.
3040 4977 3095 5020 α,
3135 4962 3243 5013 Καὶ
3263 4964 3461 5032 χαρτία
3480 4980 3568 5022 et;
3587 4962 3710 5026 spa-

2144 5066 2302 5118 χοντο
2317 5067 2354 5115 φ
2366 5069 2391 5117 η
2402 5053 2524 5119 ρσ“ιν
2543 5049 2893 5121 ὀρεσκῴοισι,
2908 5054 3197 5107 contendit
3215 5052 3305 5105 ’Λτ
3319 5076 3334 5104 :
3348 5055 3465 5124 ικῆς
3481 5068 3597 5107 esse
3609 5053 3705 5102 5:1-

2146 5142 2341 5195 λέκτου
2372 5142 2840 5211 permutationem
2862 5145 2889 5197 θ
2918 5145 2973 5198 in
3003 5162 3038 5214 φ
3056 5154 3111 5199 et
3130 5148 3282 5216 juxta
3304 5146 3452 5200 illam
3477 5145 3579 5200 dici
3602 5142 3705 5211 φήρ

2144 5249 2245 5303 pro
2273 5234 2400 5302 θήρ,
2429 5235 2586 5304 φλάω
2619 5252 2720 5305 pro
2749 5236 2919 5290 θλάω.
2960 5237 3119 5305 Quod
3175 5241 3223 5294 si
3282 5239 3565 5308 recipitur,
3603 5236 3703 5305 jam

2147 5338 2295 5397 patet
2317 5329 2449 5397 quid
2479 5329 2551 5385 sit
2570 5330 2749 5398 φλάω,
2777 5333 3039 5400 pertundo
3064 5332 3324 5388 videlicet
3351 5349 3411 5387 ac
3433 5330 3702 5402 perfringe.

2147 5421 2331 5486 Quare
2366 5423 2652 5494 καταφλᾷν
2683 5425 2775 5480 hic
2801 5441 2830 5479 a
2864 5436 3057 5481 nostro
3086 5428 3325 5495 positum
3358 5428 3511 5480 istam
3550 5422 3705 5474 notio-

2147 5530 2273 5569 nem
2327 5515 2537 5584 impetu
2584 5518 2826 5587 quodam
2875 5534 2943 5573 ex
2975 5519 3386 5588 praepositionis
3416 5515 3703 5585 adjectlone

2150 5605 2455 5671 roborabit,
2492 5617 2551 5661 ut
2601 5608 2835 5680 intelligi
2868 5609 3069 5665 debeat
3092 5625 3392 5680 expressus
3428 5609 3702 5662 vehemen-

2149 5696 2403 5752 tissimus
2451 5697 2616 5765 ictus,
2657 5702 2839 5770 qualis
2869 5710 2991 5756 erat
3028 5703 3165 5756 vasti
3198 5702 3424 5755 molaris
3451 5698 3697 5751 tormenio

2151 5790 2433 5860 ejaculati,
2484 5801 2582 5846 aut
2613 5801 2672 5846 ut
2703 5792 2891 5859 hodie,
2923 5793 3226 5851 suooositis
3267 5791 3499 5848 invicem
3562 5785 3695 5834 velc‘
