4036 6404
349 383 457 447 75Ἱ

1717 382 2237 445 ϐίΟὸδᾹῐῖἷΠΜ.

3514 385 3621 448 754

359 515 474 553 rum
528 497 867 555 ballistarum
911 498 1058 554 tubis
1095 498 1264 555 aeneis
1294 498 1733 571 praegrandibus,
1770 498 1933 570 globo
1965 498 2007 554 Α
2036 505 2232 568 negant
2283 499 2401 569 igne
2448 516 2597 570 posse
2627 498 2814 570 subigi,
2843 500 2918 553 sic
2954 498 3043 553 isti
3084 517 3116 554 a
3165 498 3336 569 legum
3372 501 3420 554 vi
3447 516 3613 567 quan-

350 596 538 646 terreo
569 591 727 662 ignea
773 591 823 645 vi
864 591 1177 648 fulminato.
1207 591 1505 647 Vaticanus
1542 591 1932 663 paraphrastes

352 684 524 753 ignoti
566 685 714 738 verbi
750 686 905 755 quasi
953 686 1336 753 contagionem
1382 683 1830 755 perhorrescens,
1859 695 1936 738 to-

353 789 466 829 tam
510 777 599 832 cui
648 788 770 831 erat
818 779 1087 833 insertum
1124 777 1384 834 transiliit
1418 777 1776 841 sententiam,
1817 793 1936 833 om-

351 884 593 934 nemque
626 867 860 927 ballistae
887 882 950 922 ac
975 867 1333 937 explosorum
1375 882 1472 937 per
1492 882 1615 923 eam
1640 868 1931 923 molarium

352 959 749 1014 iudicationem
788 959 1011 1014 conscio
1062 959 1286 1015 silentio
1337 960 1613 1031 absorpsit
1638 999 1655 1027 ,
1696 959 1777 1017 sic
1814 963 1934 1032 ple-

350 1067 590 1120 rmuque
622 1050 845 1121 defungi
876 1050 1093 1106 solitus.

421 1149 915 1217 Κατατροποῦμαι
942 1188 958 1210 ,
995 1164 1047 1217 p.
1093 1148 1217 1202 528.
1253 1149 1377 1218 Agit
1420 1149 1488 1203 de
1519 1165 1717 1221 magno
1742 1151 1928 1222 primi-

341 1241 498 1293 eerio
523 1241 676 1308 jussu
703 1240 932 1310 Augusti
959 1240 1243 1295 Michaelis
1271 1241 1565 1298 Catelanos
1585 1243 1930 1314 Calliopolittl

343 1341 603 1385 tenentes
660 1342 1016 1401 oppugante,
1066 1350 1175 1388 non
1239 1336 1358 1389 sine
1408 1336 1594 1406 aliquo
1655 1337 1930 1394 interdum

341 1437 607 1476 successu
640 1422 814 1491 ιιι-διιἰί
869 1424 1124 1486 secundi,
1161 1440 1271 1493 quo
1314 1424 1435 1479 illos
1466 1426 1725 1482 funderet
1780 1427 1935 1499 fuga-

342 1524 565 1583 retque.
608 1514 726 1569 Non
784 1515 917 1571 alibi
973 1533 1138 1586 quam
1172 1518 1316 1587 apud
1375 1517 1603 1573 Suidam
1657 1520 1936 1588 reperitur

340 1606 451 1659 hoc
500 1607 733 1661 verbum
772 1607 1251 1677 κατατροποῦμαι.
1300 1607 1498 1663 Suidas
1537 1619 1720 1663 autem
1754 1612 1933 1668 notio-

339 1685 470 1750 tTem
495 1700 617 1769 ejus
646 1714 754 1754 non
782 1699 1064 1769 exprimit,
1103 1702 1195 1754 sed
1221 1708 1431 1754 tantum
1463 1703 1780 1758 accusativo
1805 1705 1935 1772 jun-

335 1787 393 1854 κε
426 1798 630 1842 manet.
671 1789 747 1843 Ex
780 1790 884 1844 hoc
918 1790 1270 1863 Pachymeris
1315 1792 1437 1847 loco
1474 1792 1738 1849 habemus
1765 1796 1930 1852 activi

332 1894 463 1932 esse
496 1879 858 1951 signiﬁcatus,
887 1892 944 1936 et
965 1881 1195 1938 fundere
1226 1899 1288 1937 ac
1316 1884 1508 1955 fugare
1535 1886 1752 1957 aliquos
1781 1898 1929 1946 recte

332 1969 450 2024 dici
485 1971 672 2027 Graece
704 1974 1188 2044 κατατροποῦσοαί
1223 1994 1395 2040 τινας.

415 2065 787 2132 Κερασϐόλοι
818 2066 1058 2135 κύαμοι,
1095 2082 1218 2138 pag.
1266 2068 1392 2125 519.
1430 2070 1556 2140 Agit
1590 2069 1659 2126 de
1689 2071 1929 2127 Athana-

328 2152 424 2206 sio
463 2153 773 2221 patriarcha
804 2193 820 2217 .
876 2156 1101 2211 duritiei
1149 2157 1406 2213 immanis
1466 2171 1522 2214 et
1573 2160 1928 2217 inexorabilis

334 2243 590 2298 homine.
626 2245 784 2300 llunc
817 2255 1107 2316 comparat
1153 2247 1297 2302 labis
1356 2264 1424 2304 ex
1468 2248 1537 2304 iis
1591 2250 1761 2314 ortis,
1803 2267 1927 2321 qua:

328 2351 467 2390 cum
501 2336 557 2391 in
595 2345 797 2392 terram
836 2354 867 2392 a
912 2349 1131 2395 serente
1173 2340 1514 2409 jacerentur,
1549 2342 1705 2397 bovis
1748 2359 1922 2399 cornu

329 2427 623 2497 tetigerint
658 2445 673 2481 :
705 2429 839 2484 tales
857 2429 1006 2484 enim
1041 2429 1359 2485 ferebantur
1380 2431 1518 2487 adeo
1551 2432 1704 2490 dune
1746 2437 1923 2503 nasci,

326 2528 402 2573 ut
456 2521 606 2574 nulla
656 2531 885 2577 coctura
927 2522 994 2576 ad
1051 2523 1342 2579 mollitiem
1395 2526 1516 2580 esui
1548 2537 1920 2596 opportunam

325 2612 517 2683 subigi
554 2622 805 2683 possent.
837 2615 1086 2670 Meminit
1119 2616 1282 2687 hujus
1319 2626 1379 2673 ut
1418 2618 1660 2689 antiquae
1687 2629 1745 2676 et
1772 2623 1923 2677 cele-

327 2704 455 2760 bris
506 2705 704 2761 fabulte
734 2706 1172 2777 Theophrastus,
1200 2707 1301 2763 lib.
1335 2718 1411 2774 tv,
1452 2725 1505 2766 c.
1556 2711 1643 2777 14,
1687 2712 1774 2769 his
1798 2729 1919 2770 eam

324 2798 521 2855 verbis
574 2814 677 2869 pro
726 2800 1121 2869 superstitione
1171 2800 1367 2857 frivola
1401 2802 1736 2859 traducens:
1771 2809 1837 2860 Ὀ
1862 2806 1920 2860 δὲ

327 2890 592 2957 λέγουσιν
641 2891 693 2944 οί
750 2892 939 2947 πολλοὶ
968 2893 1103 2947 διότι
1133 2894 1193 2947 τὸ
1235 2894 1576 2965 κερασϐόλον
1606 2899 1921 2970 ἀτέραμνον

331 2984 570 3048 γίνεται,
601 2983 804 3051 μήποτ’
835 2983 976 3052 ἄγαν
1005 2982 1200 3053 εὔηθες
1334 2987 1702 3059 σκληρότερος
1739 2992 1852 3063 γὰρ
1889 2994 1919 3046 ὁ

331 3072 506 3137 λίθος,
546 3075 684 3146 πρὸς
721 3076 782 3130 ὃν
814 3077 1072 3140 πολλάκις
1106 3078 1445 3150 προσπίπτει
1474 3080 1542 3135 τὰ
1578 3082 1877 3155 σπέρματα
1899 3102 1914 3117 ο

2040 594 2229 646 tumvis
2260 592 2439 647 valida
2466 593 2650 648 intacti
2680 592 2989 664 perdurent.
3024 591 3183 647 llunc
3212 592 3391 647 locum
3425 591 3608 645 Plato-

2043 686 2132 739 nis
2158 686 2382 741 videtur
2414 686 2763 756 potissimum
2790 685 2843 739 in
2873 685 3060 740 animo
3090 684 3356 740 habuisse
3402 684 3616 755 Pachy-

2039 796 2220 835 tueres
2260 781 2379 835 ham
2431 780 2703 837 scribens.
2737 780 2845 836 Sed
2877 790 3047 835 totam
3100 780 3246 851 hanc
3296 794 3411 834 rem
3445 778 3616 848 magis

2038 872 2280 927 illustrat
2319 873 2667 938 Plutarchus,
2703 871 2802 945 [P.
2863 870 3007 944 489]
3062 872 3171 927 hoc
3235 881 3617 936 argumentum

2036 965 2195 1034 quasi
2223 979 2289 1019 ex
2318 964 2571 1035 professo
2601 971 2866 1028 tractans,
2898 964 2937 1019 l.
2982 978 3059 1017 vn
3086 962 3455 1019 convivalium
3490 963 3619 1017 Ser-

2037 1071 2261 1111 tnonum
2289 1096 2305 1121 ,
2339 1066 2533 1126 quaest.
2575 1056 2648 1118 2;
2710 1071 2775 1111 ac
2829 1055 3033 1111 factum
3076 1053 3304 1125 quidem
3355 1067 3421 1108 ex
3467 1066 3621 1107 com-

2037 1150 2190 1204 muui
2236 1144 2497 1220 opinione
2544 1163 2736 1205 verum
2772 1162 3006 1219 ponens,
3050 1160 3274 1203 causam
3303 1145 3428 1216 ejus
3461 1155 3617 1199 com-

2036 1241 2356 1297 miniscitur
2404 1239 2633 1297 minime
2681 1240 3152 1311 superstitiosam.
3182 1239 3394 1310 Nempe
3430 1239 3506 1292 ait
3539 1237 3620 1291 le-

2034 1335 2259 1406 gumina
2301 1349 2400 1390 aut
2449 1336 2659 1390 semina
2713 1350 2860 1405 quat,
2900 1344 2960 1388 ut
3013 1335 3159 1390 solet
3201 1333 3335 1396 dici,
3395 1332 3526 1386 dum
3562 1332 3617 1387 in

2036 1440 2240 1485 terram
2265 1429 2551 1500 jaciuntur
2573 1427 2628 1482 in
2660 1424 2871 1481 co'rnua
2903 1426 3216 1495 impingunt
3254 1426 3418 1480 boum
3451 1439 3615 1477 aran-

2037 1521 2195 1584 tium,
2226 1533 2335 1574 non
2363 1533 2430 1573 ex
2473 1532 2541 1573 eo
2570 1524 2826 1572 contactu
2857 1515 3125 1585 qualitate
3157 1513 3299 1569 allici
3353 1512 3615 1581 maligna,

2022 1628 2142 1683 'qua
2172 1610 2373 1666 deinde
2409 1610 2504 1665 fiat
2545 1619 2602 1664 ttt
2641 1626 2766 1681 qua:
2821 1610 2949 1664 inde
2980 1607 3415 1678 germinaverint
3463 1607 3616 1661 dum:

2034 1715 2277 1763 cocturae
2311 1702 2446 1766 sint,
2499 1702 2595 1758 sed
2630 1703 2777 1774 quod
2826 1718 2892 1759 ea
2943 1701 3249 1757 otl‘cnsione
3289 1714 3635 1769 repercussa

2035 1796 2144 1852 alio
2170 1795 2423 1851 resiliant
2450 1809 2615 1865 quam
2642 1809 2754 1863 quo
2780 1808 2978 1848 manus
3003 1791 3244 1847 serentis
3273 1786 3612 1867 destinabat,

2037 1890 2093 1945 in
2127 1890 2310 1946 sinum
2339 1904 2534 1958 nempe
2555 1886 2719 1952 sulci,
2747 1886 2839 1941 ubi
2868 1886 3054 1940 statim
3081 1894 3226 1940 terra
3252 1872 3572 1954 tegerentur
3598 1902 3610 1938 :

2035 1996 2184 2036 nunc
2216 1995 2349 2035 vero
2382 1979 2437 2033 in
2469 1979 2650 2049 campi
2688 1977 3036 2049 superficiem
3071 1986 3279 2031 temere
3307 1975 3507 2039 ell‘usa,
3537 1976 3613 2032 ibi

2032 2068 2281 2140 exposita
2310 2068 2499 2139 frigori
2527 2084 2593 2124 ac
2617 2067 2850 2137 reliquis
2872 2068 3018 2123 aeris
3042 2067 3262 2137 injuriis
3287 2066 3613 2135 relinquan-

2035 2170 2146 2227 tur,
2178 2161 2326 2217 unde
2350 2176 2460 2215 non
2490 2160 2595 2216 nisi
2631 2175 2757 2215 sero
2780 2168 2835 2225 et
2863 2174 3006 2231 aegre
3037 2158 3312 2228 pullulent
3337 2156 3615 2227 sequioris

2031 2257 2197 2311 etiam
2244 2264 2456 2310 naturae
2501 2254 2719 2310 fructus
2746 2267 2808 2308 ac
2836 2261 3194 2308 contumaces
3215 2251 3281 2306 ad
3306 2258 3611 2306 cocturaut.

2032 2350 2109 2406 De
2139 2359 2342 2405 cmtero
2371 2348 2516 2402 idem
2549 2346 2801 2414 agnoscit
2839 2346 3100 2400 usitatam
3140 2344 3269 2402 inde
3296 2343 3615 2400 translati0~

2031 2458 2157 2497 nem
2189 2441 2255 2495 ad
2283 2440 2556 2511 prtefracti
2587 2438 2844 2494 homines
2873 2437 3079 2509 ingenii
3106 2436 3461 2509 κερασϐόλων
3484 2452 3611 2492 ver-

2030 2535 2103 2589 ho
2145 2533 2536 2605 designandos,
2570 2534 2745 2603 Δῆλον
2772 2534 2905 2603 γὰρ,
2947 2532 3243 2601 inquiens,
3282 2526 3353 2603 ἦν
3385 2531 3469 2585 ὅτι
3500 2531 3613 2582 τῶν

2030 2626 2364 2697 σπερμάτων
2409 2626 2482 2679 τά
2514 2625 2933 2696 προσπίπτοντα
2967 2625 3083 2686 τοῖς
3112 2622 3223 2675 τῶν
3260 2622 3401 2693 βοῶν
3436 2621 3608 2691 κέρα-

2030 2736 2116 2771 σιν
2167 2716 2491 2787 ἀτεράμονα
2546 2716 2642 2769 τὸν
2704 2714 2921 2785 καρπὸν
2978 2712 3209 2782 ἐκφύειν
3262 2712 3600 2783 νομίζοντες.

2025 2806 2169 2862 οὕτω
2234 2807 2329 2862 τὸν
2358 2807 2570 2876 αὐθάδη
2604 2808 2699 2860 καὶ
2729 2804 2968 2876 σκληρὸν
2997 2804 3291 2875 ἄνθρωπον
3327 2805 3393 2857 ἐκ
3435 2820 3605 2873 μετα-

2026 2902 2199 2972 φορᾶς
2249 2900 2587 2972 κερασϐόλον
2644 2900 2740 2953 καὶ
2778 2898 3095 2976 ἀτεράμονα
3153 2897 3599 2968 προσηγόρευον.

2024 2993 2209 3065 Liquet
2265 2994 2426 3060 enim,
2482 2995 2548 3048 ab
2589 2993 2927 3065 apinantibus
2987 3010 3051 3048 ea
3100 2994 3305 3046 semina
3373 3007 3491 3062 qua:
3549 2992 3605 3045 in

2025 3086 2181 3140 boum
2225 3102 2428 3141 cornua
2486 3087 2783 3140 inciderunt
2824 3087 3055 3155 fructum
3104 3086 3257 3139 edere
3314 3085 3509 3137 durum
3556 3093 3607 3139 et

327 3166 442 3258 κᾶν
470 3166 546 3238 μὴ
591 3168 904 3241 προσκόψῃ,
940 3169 1076 3241 μηδὲ
1124 3170 1311 3239 βουσὶν
1353 3172 1586 3245 ἀροτριᾷ
1624 3192 1730 3239 τις,
1760 3176 1918 3232 οὐδὲν

2026 3187 2173 3234 coctu
2228 3178 2515 3249 difficilem,
2567 3179 2725 3251 fuisse
2764 3177 2887 3233 inde
2924 3177 3178 3232 vocabulo
3217 3174 3484 3230 translato
3511 3177 3606 3230 lto-

322 3254 502 3329 ἦττον
541 3261 854 3331 ἀτέραμνον
905 3264 1136 3329 γίνεται.
1180 3262 1333 3329 Quod
1380 3274 1557 3321 autem
1586 3268 1741 3340 vulgo
1779 3271 1919 3326 dicio-

326 3362 445 3419 tur,
472 3371 569 3409 cur
597 3373 761 3412 carnu
801 3367 1103 3413 contactum
1128 3360 1367 3415 incoctile
1386 3361 1493 3430 ﬁt?
1528 3364 1820 3420 videndum
1844 3384 1916 3422 an

323 3463 437 3500 non
468 3449 813 3509 reficiendum
840 3467 936 3514 pro
962 3468 1099 3505 vano
1124 3461 1176 3507 et
1207 3457 1485 3524 nugatoria
1522 3456 1689 3512 videri
1710 3459 1916 3516 debeat.

324 3538 536 3593 Durior
572 3543 766 3611 quippe
791 3559 951 3612 quam
983 3560 1150 3597 cornu
1174 3545 1343 3617 695
1370 3555 1449 3600 est
1478 3546 1635 3618 lapis,
1672 3550 1729 3603 in
1761 3568 1918 3621 quem

322 3648 469 3701 sirpe
526 3634 787 3700 incidunt,
848 3635 973 3689 dum
1024 3652 1053 3689 e
1105 3654 1270 3690 manu
1313 3639 1597 3706 iaciuntur
1621 3642 1676 3695 in
1714 3650 1919 3698 terram

321 3724 558 3778 semina.
602 3723 672 3777 Et
700 3726 958 3792 videmus,
985 3744 1103 3798 qua:
1138 3729 1208 3782 ad
1238 3744 1406 3784 cornu
1447 3748 1551 3787 non
1580 3734 1917 3805 offenderint,

325 3831 394 3869 ac
434 3832 500 3871 ne
526 3832 689 3886 opera
722 3820 933 3888 quidem
964 3822 1119 3875 boum
1147 3824 1213 3877 iis
1256 3825 1494 3881 serendis
1523 3827 1766 3884 adhibita
1799 3831 1920 3901 fue-

325 3910 425 3973 rit,
467 3910 814 3966 nihilominus
858 3914 1131 3969 iucactilia
1181 3919 1352 3971 nasci.
1384 3917 1658 3975 Czeterum
1698 3937 1768 3977 ex
1814 3923 1921 3980 hoc

326 4002 707 4072 qualicunque
769 4006 985 4076 vulgari
1044 4009 1196 4062 dicto
1238 4009 1350 4080 jam
1410 4012 1542 4066 olim
1579 4013 1814 4070 invaluit
1859 4025 1921 4072 ut

326 4095 589 4158 homines
625 4097 966 4169 immorigeri
1009 4109 1067 4153 et
1129 4100 1300 4174 ductu
1362 4102 1545 4173 legum
1585 4104 1921 4164 iullexibiles

327 4189 657 4258 κερασϐόλοι
689 4190 965 4247 dicantur.
990 4192 1167 4252 Plato.
1201 4195 1239 4249 l.
1264 4212 1339 4261 Ix,
1370 4195 1444 4250 De
1479 4196 1677 4266 legibus
1705 4215 1725 4256 :
1766 4200 1919 4255 Ἀνε-

329 4282 569 4351 μέσητον
629 4282 693 4351 δὴ
732 4284 1024 4350 φοϐεῖσθαι
1078 4288 1153 4357 μή
1202 4305 1285 4351 τις
1313 4289 1640 4361 ἐγγίγνηται
1670 4291 1783 4347 τῶν
1819 4294 1920 4348 πό-

340 4372 508 4426 λιτῶν
552 4374 684 4443 ἡμῖν
717 4370 832 4428 οἷον
862 4376 1212 4446 κερασϐόλος,
1261 4377 1320 4444 ὃς
1374 4380 1674 4452 ἀτεράμων
1715 4383 1796 4447 είς
1829 4401 1921 4437 το-

344 4465 543 4521 σοῦτον
567 4466 731 4536 φύσει
769 4469 1001 4541 γίγνοιτ’
1030 4470 1097 4523 ἂν
1128 4470 1268 4526 ὥστε
1304 4472 1379 4544 μὴ
1400 4474 1668 4543 τήκεσθαι
1698 4490 1714 4509 ο
1746 4477 1921 4533 καοά-

2023 3275 2216 3330 minem
2267 3273 2614 3344 prazfractum
2673 3279 2723 3325 et
2772 3279 3136 3325 contumacem
3186 3278 3501 3323 ateramona
3555 3275 3609 3322 et

2020 3364 2331 3421 kerasbolon
2387 3366 2610 3419 dictum.
2675 3363 2753 3418 ita
2817 3362 3169 3419 Plutarchus.
3230 3361 3369 3415 Vide
3428 3360 3600 3414 etiam

2021 3458 2139 3512 haec
2160 3455 2356 3512 eadem
2401 3455 2793 3513 conﬁrmantes
2822 3453 3062 3509 Plinium
3095 3461 3153 3507 et
3177 3450 3444 3518 Suidam;
3472 3465 3604 3506 nant

2021 3548 2187 3603 nobis
2221 3547 2665 3603 testimoniorum
2714 3546 2937 3602 abunde
2966 3547 3078 3616 jam
3108 3557 3217 3601 est.

2090 3639 2256 3712 695
2266 3641 2517 3706 Κλοόός.
2548 3638 2743 3707 Ἐπιφε
2754 3638 2983 3710 ρόμενος
2996 3668 3068 3678 -
3083 3635 3310 3707 ἀδελφὸν
3331 3639 3391 3691 ὲν
3412 3635 3597 3707 κλοσῷ

2019 3749 2170 3803 —p.
2221 3731 2452 3787 165.1ιο
2509 3731 2675 3788 codd.
2731 3731 2777 3786 B
2840 3739 2899 3787 et
2962 3730 3028 3786 A.
3081 3730 3381 3785 Vaticanus
3424 3727 3603 3785 solum

2021 3825 2193 3880 habet
2223 3824 2632 3896 ἐπιφερόμενος
2667 3824 2765 3879 καὶ
2789 3824 2917 3889 τοὺς
2944 3822 3318 3892 κατακρίτους
3346 3821 3607 3893 δεσμίους

2021 3914 2114 3969 τὸν
2143 3914 2373 3985 ἀδελφὸν
2421 3914 2516 3969 καὶ
2550 3913 2644 3967 τὸν
2698 3914 3217 3986 Στρατηγὸπουλον,
3252 3929 3445 3969 vocem
3474 3912 3608 3966 κλο-

2022 4006 2142 4073 6εὗ,
2177 4016 2239 4062 ut
2276 4006 2492 4077 reliqua
2550 4006 2693 4062 solet
2740 4021 2866 4076 quae
2921 4022 3035 4062 non
3099 4005 3382 4075 intelligit,
3440 4005 3608 4059 omit-

2023 4112 2175 4165 tens;
2223 4100 2279 4155 in
2315 4115 2427 4170 quo
2466 4115 2579 4155 non
2631 4100 2811 4155 solum
2866 4099 3085 4154 tnutilat
3136 4099 3469 4156 sententiam
3507 4115 3608 4154 au-

2022 4192 2220 4257 ctoris,
2250 4191 2347 4247 sed
2383 4191 2691 4262 corrumpit
2721 4200 2779 4246 et
2814 4192 3099 4262 pervertit,
3129 4190 3337 4245 faciens
3369 4198 3428 4244 ut
3457 4190 3608 4245 allir-

2023 4302 2174 4341 mare
2225 4284 2595 4356 Pachymeres
2641 4284 2920 4347 videatur,
2969 4284 3117 4355 quod
3152 4285 3341 4355 potius
3371 4298 3607 4353 apparet

2022 4380 2203 4449 ipsum
2230 4376 2480 4432 studiose
2507 4391 2711 4448 negare
2748 4375 3014 4441 voluisse,
3056 4391 3257 4446 nempe
3287 4374 3607 4431 Constanti-

2022 4488 2160 4528 num
2200 4472 2739 4546 Porphyrogenitum
2795 4485 2827 4525 a
2870 4470 3040 4525 fratre
3080 4468 3327 4541 Augusto
3359 4470 3606 4526 vinctum

338 4580 451 4631 περ
481 4562 667 4615 ἐκεῖνα
694 4562 763 4614 τὰ
798 4562 1092 4633 σπέρματα
1118 4564 1276 4634 πυρὶ,
1308 4565 1495 4635 νόμοις
1522 4558 1672 4621 οὗτοι
1711 4571 1919 4642 καίπερ

2028 4566 2329 4621 abductum
2383 4580 2496 4620 non
2541 4563 2728 4619 minus
2760 4578 2925 4634 quam
2972 4561 3444 4633 Strategopulum,
3478 4578 3605 4616 cum

330 4651 509 4715 οὕτως
546 4654 792 4722 ἰσχυροῖς
842 4651 996 4705 οὖσιν
1033 4652 1246 4708 ἆθικτοι
1298 4656 1624 4726 γίγνωνται.
1674 4656 1799 4715 Haec
1835 4661 1921 4716 sic

336 4747 505 4799 vertit
538 4745 809 4800 Serranus
842 4762 857 4798 :
891 4745 1113 4799 Minime
1143 4748 1535 4818 indignandum
1591 4760 1689 4814 est,
1739 4754 1786 4806 si
1829 4770 1920 4808 vc-

340 4856 560 4893 rcamur
608 4855 671 4893 ne
704 4832 826 4908 'quis
876 4840 1070 4894 civium
1111 4841 1189 4893 ita
1223 4842 1460 4911 projecta
1514 4844 1743 4901 audacia
1771 4848 1918 4902 nobis

337 4942 618 4997 nascatur,
653 4932 736 4988 uel
761 4949 924 4987 cornu
952 4931 1353 5002 minabundus,‘
1378 4941 1537 4989 atrox
1582 4938 1838 4991 nimirum
1866 4947 1917 4992 et

333 5028 498 5090 ferus,
557 5033 617 5080 ut
665 5025 821 5094 quasi
869 5025 1143 5096 legumina
1192 5038 1342 5080 coctu
1384 5027 1662 5095 pra'dura,
1714 5031 1792 5085 ita
1834 5030 1917 5087 illi

329 5117 464 5171 adeo
496 5114 756 5170 indomito
791 5117 898 5170 sint
925 5125 974 5169 et
1005 5115 1324 5185 refractario
1373 5117 1608 5187 ingenio,
1654 5128 1713 5171 ut
1761 5121 1914 5175 velte-

258 5211 786 5277 \ntentissimarum
835 5209 1427 5279 robustissimarumquc
1463 5208 1637 5281 legum
1678 5213 1800 5283 igne
1845 5214 1915 5268 lio

324 5298 549 5368 que/ieri
586 5315 679 5352 nec
709 5299 1016 5370 perdomari
1055 5300 1281 5370 possint.
1324 5298 1403 5354 [ta
1459 5299 1572 5355 ille.
1625 5301 1792 5371 Atqui
1824 5319 1915 5355 xs-

324 5393 594 5461 ρασϐόλνρς
635 5408 745 5446 non
792 5390 940 5447 valel
995 5392 1085 5447 hic
1136 5408 1302 5447 cornu
1357 5393 1737 5451 minabundus.
1802 5397 1912 5467 Ego

2027 4659 2175 4712 inter
2213 4671 2312 4712 eos
2344 4656 2645 4715 historicus
2674 4655 2972 4711 discrimen
3002 4654 3255 4710 habitum
3295 4665 3465 4725 ponat
3497 4655 3604 4709 hu-

2017 4749 2285 4821 jusmodi,
2311 4757 2373 4804 ut
2423 4747 2854 4819 Strategopulus
2909 4744 3134 4817 quidem
3169 4745 3372 4816 ligatus
3407 4745 3606 4814 depor-

2022 4850 2173 4896 tatus
2230 4840 2439 4906 fuerit,
2490 4838 2891 4895 Constantinus
2941 4852 3075 4891 vero
3125 4852 3226 4907 pro
3290 4838 3605 4893 reverentia

2022 4934 2287 4989 natalium
2324 4932 2566 4988 vinculis
2596 4931 2822 5003 quidem
2873 4929 3142 4996 caruerit,
3196 4930 3291 4984 sed
3343 4929 3399 4983 in
3444 4940 3605 5001 septo

2020 5025 2295 5079 clathrato
2351 5030 2449 5078 aut
2492 5035 2698 5084 cavea,
2747 5019 2900 5075 velut
2934 5033 3162 5075 carcere
3210 5019 3480 5089 portatili,
3529 5021 3604 5076 sit

2019 5125 2287 5186 gestatus.
2313 5113 2731 5171 Consideranda
2763 5112 2928 5169 nobis
2948 5111 3220 5182 deinceps
3236 5122 3323 5168 est
3348 5128 3456 5169 vox
3478 5113 3604 5166 κλο-

2019 5212 2136 5277 6ὀς,
2172 5226 2337 5282 quam
2371 5210 2463 5264 alii
2492 5209 2745 5271 κλουσόν,
2769 5206 2866 5262 alii
2895 5206 3113 5261 κλωϐὀν
3148 5206 3423 5262 scribunt.
3466 5206 3603 5262 Eam

2017 5309 2167 5356 recte
2193 5303 2589 5369 interpretatur
2613 5299 2703 5353 hic
2727 5306 2921 5353 noster
2938 5297 3164 5368 εἱρκτὴν
3182 5299 3454 5369 φορητὴν,
3481 5313 3604 5351 car-

2017 5407 2187 5445 cerem
2234 5387 2566 5458 portatilem,
2599 5387 2893 5444 deﬁniens.
2953 5386 3046 5442 Est
3099 5389 3271 5453 enim,
3298 5396 3359 5442 ut
3404 5387 3604 5457 glossa:

319 5486 505 5539 locum
533 5483 613 5539 sic
643 5484 1059 5554 interpretarer,
1091 5484 1388 5556 judicium,
1430 5496 1553 5542 utra
1598 5487 1673 5543 sit
1715 5489 1912 5543 melior
2014 5495 2234 5537 Velcrcs
2267 5482 2489 5546 docent.
2524 5480 2733 5545 κλωϐδς
2762 5495 2961 5543 cavea;
2997 5479 3143 5535 unde
3192 5489 3277 5535 εει
3311 5478 3603 5533 (“minuu-

320 5578 526 5640 versio,
585 5593 746 5646 aequo
794 5586 850 5631 et
904 5576 1079 5645 perito
1132 5578 1324 5634 lectori
1388 5578 1720 5647 permittens
1755 5597 1768 5633 :
1800 5580 1909 5635 Nec

321 5667 733 5736 reprehensibile
784 5669 941 5736 fuerit
997 5670 1165 5723 vereri
1226 5687 1290 5723 ne
1317 5671 1444 5724 civis
1471 5671 1699 5726 exsistat
1756 5672 1908 5726 nobis

322 5762 598 5829 quispiam
642 5759 781 5814 velut
831 5778 993 5815 cornu
1025 5772 1321 5826 contactus,
1352 5764 1444 5835 qui
1476 5780 1534 5818 eo
1565 5781 1727 5835 usque
1757 5765 1907 5819 indo-

324 5853 542 5913 mabilis
580 5860 835 5909 nascatur
860 5896 875 5922 ,
928 5865 987 5910 ut
1028 5855 1156 5909 sicut
1199 5855 1294 5911 illa
1331 5855 1384 5909 id
1426 5872 1587 5921 passa
1633 5855 1906 5922 legumina

2013 5590 2145 5629 vum
2175 5574 2408 5627 κλωδίον
2442 5576 2778 5630 recensitum
2815 5588 2845 5627 a
2876 5571 3180 5628 scholiaste
3228 5569 3464 5640 Oppiani
3511 5569 3601 5624 in-

2019 5678 2103 5722 ter
2182 5666 2557 5721 instrumenta
2648 5665 2967 5736 piscatoria.
3042 5665 3215 5735 Igitur
3279 5663 3600 5719 vehiculum

2011 5758 2289 5827 quoddam
2323 5770 2419 5813 aut
2448 5759 2643 5815 cellam
2670 5758 2757 5813 vel
2799 5758 3051 5814 lecticam
3100 5757 3457 5828 gestatoriam
3487 5757 3601 5813 cla-

2014 5852 2255 5908 thratam
2292 5852 2384 5907 hic
2428 5852 2731 5927 signiﬁcari
2776 5852 3044 5909 vocabulo
3097 5849 3299 5905 κλοόοὗ
3348 5858 3607 5921 apparet,
