4036 6398
491 359 605 427 755

1400 367 1463 432 Ρ.
1508 354 1822 432 POSSINI
1862 369 2524 433 OBSERVATIONUM
2585 368 2739 431 LIB.
2783 368 2835 431 Ι.
3630 363 3714 431 756

491 492 608 548 quo
638 484 756 534 tuto
794 476 1118 549 deportatus
1166 480 1238 536 sit
1277 480 1579 553 Nymphae
1605 482 2074 552 Constantinopo—
2103 481 2148 543 Α
2176 482 2434 538 tinaciter
2486 482 2543 537 in
2594 480 2870 540 sententia
2919 476 3264 534 haerentibus
3315 475 3472 559 vulgo
3498 479 3713 549 appelia-

494 568 613 636 lim,
641 570 780 625 citra
811 570 1048 637 vincula,
1079 573 1591 645 Porphyrogenitus
1616 614 1632 641 ,
1683 583 1843 645 septo
1879 571 2073 644 prohi-

491 657 646 716 bitus
702 660 969 732 elfugere.
1021 676 1306 735 utcunque
1346 667 1559 722 catenis
1612 665 1777 722 liber.
1835 666 2076 735 Reper'o

494 761 677 808 tamen
709 753 776 807 ad
820 754 1112 809 mulierum
1143 770 1326 822 usum,
1355 772 1493 826 quas
1527 757 1746 813 clausas
1786 756 1977 811 haberi
2005 755 2074 810 ad

490 858 658 900 sexus
688 844 959 900 honorem
986 847 1248 916 pertinet,
1279 830 1592 902 adhibitum
1624 848 1869 918 carpenti
1901 862 2077 918 genus

490 935 725 989 κλουϐόν
755 947 1159 1007 nuncupatum,
1182 939 1443 995 cancellis
1482 939 1745 995 videlicet
1775 940 2075 993 munitum.

491 1026 550 1081 ld
577 1026 739 1083 docet
773 1027 1018 1084 Joannes
1053 1030 1305 1093 Tzetzes,
1353 1031 1484 1084 dum
1531 1029 1785 1084 Chiliade
1811 1045 1864 1093 ν,
1897 1044 1930 1099 p
1981 1027 2073 1094 90,

489 1119 582 1175 ed.
629 1120 794 1177 Basil.
848 1137 939 1175 an.
998 1121 1141 1177 1545
1195 1123 1264 1178 de
1314 1122 1435 1178 avia
1481 1138 1582 1177 sua
1641 1132 1929 1184 memorat,
1958 1120 2074 1190 pari

488 1226 612 1266 eam
653 1213 824 1269 fuisse
860 1214 1078 1270 honore
1131 1215 1413 1285 dignatam
1468 1229 1597 1269 cum
1655 1214 1764 1269 alia
1808 1213 2076 1284 primaria

491 1302 717 1371 femina,
746 1304 801 1359 in
827 1307 1086 1360 eumdem
1120 1321 1249 1361 cum
1287 1306 1379 1361 illa
1420 1299 1809 1368 xlouéév,'lioc
1836 1316 1924 1359 est
1955 1319 2077 1359 mu-

487 1393 668 1451 liebre
696 1404 1020 1465 carpentum
1061 1397 1324 1452 cancellis
1351 1396 1706 1458 clathratum,
1733 1396 2075 1465 impositam.

492 1487 658 1546 Istam
678 1486 851 1553 enim,
882 1474 937 1542 ni
964 1487 1145 1550 fallor.
1180 1488 1350 1543 habet
1379 1489 1713 1543 sententiam
1743 1488 1835 1542 ille
1861 1488 2079 1543 Tzetzis

492 1595 686 1635 versus
715 1597 729 1635 ἶ

573 1716 859 1784 Ἰσοτιμῶν
897 1716 995 1768 x11
1037 1715 1113 1786 τῷ
1144 1715 1296 1786 αὐτῷ
1353 1715 1570 1781 κλουϐᾧ
1628 1712 2075 1783 συνεμὸιόάζων.

563 1851 956 1925 Κοέψέρκιον,
994 1866 1119 1922 pag.
1172 1852 1303 1909 448.
1354 1853 1765 1909 Gommercium
1819 1850 2074 1905 Latinam
2109 1841 2145 1894 Β

484 1960 678 2001 vocem
721 1946 928 2001 Grzeeis
986 1946 1107 2002 hoc
1151 1945 1276 2009 loco
1321 1946 1587 2016 scriptam
1626 1945 1831 2000 litteris
1883 1953 2081 1999 auctor

487 2039 740 2104 adhibet,
778 2055 846 2094 ex
883 2039 1062 2094 multo
1092 2039 1309 2094 scilicet
1335 2053 1461 2093 cum
1503 2037 1896 2094 Genuensihus
1925 2036 2076 2092 Lati.

486 2133 578 2188 nis
606 2147 709 2186 usu
739 2129 956 2187 Grecis
989 2147 1218 2201 quoque
1253 2129 1575 2212 iiyzantinis
1612 2131 1895 2184 usitatam.

559 2221 644 2294 [P.
675 2220 804 2293 £90]
839 2223 1082 2277 Κόκκοι.
1138 2222 1196 2277 In
1252 2222 1421 2293 priori
1465 2221 1746 2276 Glossario
1777 2220 1924 2289 quod
1959 2219 2073 2274 dixi

485 2318 552 2371 ad
587 2315 695 2370 hoc
724 2314 1082 2376 vocabulum.
1124 2313 1401 2369 confessio
1440 2314 1637 2383 potius
1665 2312 1772 2367 fuit
1805 2312 2072 2377 ignomin-

487 2409 579 2464 τίω
643 2423 781 2463 meae
832 2422 997 2478 quam
1050 2406 1203 2461 vocis
1253 2407 1548 2476 proposita:
1595 2404 1915 2459 declaratio.
1953 2403 2071 2459 Lux

484 2500 687 2556 deinde
713 2500 847 2555 mihi
874 2498 1130 2570 qumdam
1163 2515 1193 2553 a
1226 2498 1389 2553 eazcis
1414 2496 1645 2553 aﬂ'ulsit.
1680 2495 2070 2565 Conjccttiram

485 2594 617 2649 inde
653 2593 873 2648 ductam
906 2592 998 2647 hic
1025 2591 1264 2647 obnoxie
1315 2605 1568 2660 propono
1610 2589 1899 2659 prudentis
1923 2587 2073 2656 judi-

486 2687 573 2740 cio
616 2685 859 2747 lectoris,
898 2694 956 2738 et
1004 2683 1072 2737 de
1103 2699 1162 2737 re
1214 2683 1330 2751 ipsa
1374 2692 1431 2736 et
1477 2682 1545 2735 de
1590 2679 1907 2750 suspicione
1947 2695 2067 2734 mea

486 2779 710 2846 plenum
769 2777 819 2832 ci
860 2776 1154 2831 arbitrium
1202 2775 1474 2829 tribuens.
1522 2774 1660 2828 Cum
1719 2773 1957 2842 legerem
2010 2771 2066 2825 in

485 2870 591 2925 hae
639 2869 880 2924 secunda
918 2869 1164 2923 historiae
1214 2850 1660 2938 Pachymerianm
1703 2876 1880 2935 parte.
1917 2864 1955 2918 l.
1990 2880 2063 2929 tv,

480 2978 532 3019 e.
560 2962 620 3025 2,
652 2962 854 3032 saepius
900 2960 1195 3017 memorari
1250 2961 1488 3029 τυφλοὺς
1524 2957 1815 3030 μοναχούς,
1852 2958 1907 3011 in
1941 2971 2062 3010 eam

481 3052 809 3125 opinionem
844 3068 966 3109 sum
1019 3053 1322 3123 ingressus,
1357 3052 1580 3108 eosdem
1618 3051 1734 3105 illic
1763 3048 2062 3120 signiﬁcari

479 3146 576 3216 qui
626 3145 740 3202 vol.
798 3146 845 3212 Ι,
883 3161 1007 3217 p~-g.
1038 3146 1166 3212 489,
1229 3147 1421 3199 κόκκοι
1471 3143 1698 3215 μοναχοι
1753 3158 1783 3197 a
1853 3141 2064 3213 Pachy-

480 3255 633 3296 mere
693 3249 986 3296 vocantur.
1041 3239 1205 3295 Certe
1261 3250 1376 3294 toto
1433 3240 1529 3295 illo
1589 3238 1768 3306 capite
1810 3238 2063 3305 exempla

480 3334 912 3390 excacationum
969 3332 1274 3389 crudeliter
1326 3332 1519 3388 multis
1550 3332 1827 3388 illatarum
1855 3342 2063 3398 conge-

482 3436 687 3482 runtur
742 3427 958 3493 multa;
995 3438 1117 3496 post
1169 3441 1293 3497 quae
1327 3426 1515 3481 subdit
1544 3434 1738 3480 auctor
1764 3423 1867 3479 sub
1897 3422 2062 3476 linem

480 3521 678 3590 capitis
703 3535 758 3573 ν.
801 3517 870 3574 i6
900 3535 913 3571 :
971 3519 1225 3581 Κόκκους
1250 3518 1307 3572 δὲ
1336 3519 1607 3589 μουσικοὺς
1636 3516 1732 3569 καὶ
1772 3514 1902 3576 τοὺς
1936 3513 2063 3565 κατ’

479 3614 689 3666 ἐκεῖνον
720 3609 816 3662 ἰῶ.
839 3607 943 3664 Ubi
983 3608 1214 3664 relativo
1242 3610 1455 3662 ἐκεῖνον
1485 3607 1763 3679 indigitari
1791 3601 2065 3675 vel696

481 3704 699 3774 καιρόν,
726 3710 945 3771 tempus
973 3700 1234 3755 nimirum
1273 3702 1428 3770 prius
1455 3699 1591 3755 illud
1618 3695 1926 3753 exorientis
1952 3696 2057 3749 Ar-

478 3792 693 3850 seniani
724 3790 1062 3855 schismatis.
1097 3792 1183 3847 vel
1209 3792 1390 3863 ipsum
1421 3793 1541 3863 ejus
1568 3789 1889 3846 schismatis
1923 3803 2054 3842 cau-

477 3905 594 3946 sam
615 3895 711 3943 aut
739 3895 1070 3961 pmtextum
1090 3884 1536 3956 expatriarcham
1563 3882 1881 3947 Arsenium,
1904 3879 2062 3936 credi

477 3984 707 4054 poterit.
739 3983 1037 4053 Comparat
1061 3980 1210 4034 enim
1247 3972 1414 4033 tacite
1444 3974 1746 4031 historicus
1774 3972 1884 4029 duo
1918 3981 2061 4026 tem-

475 4093 634 4149 pora,
680 4077 885 4147 quibus
919 4073 1159 4129 similem
1209 4068 1590 4140 impotentiam
1642 4065 1906 4123 saeviendi
1962 4063 2061 4117 Mi-

473 4169 631 4225 chael
686 4168 992 4239 imperator
1049 4163 1378 4228 ostenderit,
1413 4162 1568 4234 prius
1614 4158 1916 4216 exorientis
1953 4157 2058 4212 sub

474 4260 853 4333 patriarchatu
884 4256 1115 4327 Josephi
1150 4256 1469 4312 Arsenianae
1522 4252 1818 4313 factionis,
1861 4259 2057 4304 aucto-

470 4355 630 4409 ribus
680 4351 919 4406 maxime
967 4349 1300 4415 monachis.;
1356 4349 1412 4403 in
1465 4365 1606 4421 quos
1653 4348 1780 4403 ideo
1816 4345 2055 4416 impulsu

469 4443 722 4514 Iosephi,
753 4444 910 4514 jussu
941 4443 1193 4512 Augusti,
1217 4441 1489 4512 Georgius
1514 4440 1833 4512 Acropolita
1867 4438 2059 4492 imma—

2179 578 2637 643 hantur,.x6xx0t
2669 573 2916 646 μοναχοι.
2965 588 3094 629 cum
3145 571 3311 627 laude
3352 586 3417 626 ac
3467 587 3715 627 commen-

2176 670 2401 725 datione
2448 678 2709 737 tanquam
2765 666 3116 722 confessores
3140 665 3412 721 celebrari
3442 664 3508 720 ab
3534 664 3614 719 his
3643 679 3714 719 so-

2177 763 2329 825 litos,
2358 760 2629 818 vocabulo
2661 757 3139 815 videlicetLatino
3167 757 3312 823 caci,
3343 764 3402 810 ut
3434 755 3535 810 alia
3572 755 3718 810 multa

2178 872 2277 928 per
2329 857 2381 912 id
2419 865 2641 926 tempus
2671 854 2874 910 Graecae
2925 851 3103 923 plebis
3146 866 3250 906 usu
3309 850 3638 921 lrequentato
3674 858 3721 904 et

2176 966 2442 1022 expresso
2492 946 2698 1004 Graecis
2731 946 2973 1009 litteris;
3036 956 3098 1000 ut
3142 943 3285 999 forte
3317 942 3596 1015 legendum
3622 942 3722 997 illic

2178 1043 2252 1098 sit
2288 1044 2497 1105 καῖκοι,
2528 1049 2625 1095 aut
2653 1039 2806 1110 juxta
2833 1038 3168 1107 scripturam
3200 1035 3387 1090 multis
3430 1034 3721 1089 Latinorum

2181 1138 2438 1194 usitatam
2474 1138 2675 1201 κοῖκοι,
2721 1133 2871 1203 quod
2925 1132 3155 1203 propius
3222 1147 3253 1186 a
3305 1131 3506 1198 κόκκοιζ
3549 1129 3725 1185 aberit.

2177 1229 2386 1288 Caecum
2415 1230 2564 1285 enim
2600 1244 2697 1299 per
2725 1226 3132 1299 diphthongum
3176 1241 3223 1279 ω
3282 1239 3312 1278 a
3369 1223 3551 1279 multis
3601 1221 3726 1276 Lati-

2179 1340 2420 1389 norum,
2485 1320 2817 1376 vorabulum
2895 1318 3083 1388 τυφλῷ
3130 1316 3325 1374 Graeco
3371 1313 3731 1387 respondens,

2180 1415 2349 1472 scribi
2384 1415 2442 1471 in
2475 1430 2586 1469 non
2632 1412 2822 1484 paucis
2853 1412 3152 1481 hodieque,
3187 1420 3248 1465 ut
3297 1425 3405 1464 non
3439 1409 3604 1462 dicam
3634 1405 3730 1474 ple-

2178 1507 2387 1576 risque,
2442 1504 2608 1559 etiam
2670 1501 2897 1572 antiqua
2950 1503 3192 1556 exaratis
3243 1514 3450 1561 manu,
3511 1494 3730 1551 cernitur

2179 1598 2360 1653 libris.
2407 1595 2525 1663 Qua
2580 1594 2873 1650 occasione
2931 1609 3040 1647 non
3099 1594 3339 1648 verebor
3394 1590 3575 1646 dicere
3610 1586 3731 1641 forte

2181 1692 2344 1746 istam
2373 1687 2835 1754 emendatiorem,
2867 1695 3055 1757 utpote
3085 1682 3635 1740 accommodatiorem
3671 1678 3731 1733 ad

2179 1791 2448 1853 etymum,
2484 1780 2844 1851 scriptionem
2896 1792 3041 1833 esse.
3094 1776 3271 1831 Video
3307 1774 3737 1830 accuratissimos

2179 1874 2572 1946 grammaticos
2623 1873 2859 1927 multum
2915 1886 2974 1926 se
3019 1879 3394 1939 contorquere
3452 1867 3508 1923 in
3546 1864 3736 1935 disqui-

2183 1968 2354 2024 renda
2419 1967 2635 2037 origine
2694 1964 2846 2020 vocis
2915 1979 3104 2018 caecus.
3160 1962 3430 2024 Isidorus,
3470 1960 3734 2016 Perottus.

2179 2059 2560 2120 Decembrios.
2601 2055 2759 2111 relati
2807 2070 2838 2110 a
2891 2054 3088 2111 Vossio
3120 2054 3177 2108 in
3208 2068 3311 2109 suo
3344 2048 3738 2107 accuratissime

2178 2153 2577 2226 Etymologico,
2636 2164 2833 2205 circum
2885 2164 2986 2219 per
3025 2164 3072 2204 az
3123 2146 3438 2202 scribentes
3471 2161 3499 2198 a
3530 2141 3735 2198 carendo

2176 2257 2276 2303 aut
2308 2246 2563 2317 capiendo
2623 2244 2832 2300 dictum
2885 2251 3214 2307 autumant,
3279 2238 3431 2310 quod
3489 2233 3732 2291 nimirum

2173 2344 2354 2393 careat
2372 2343 2471 2391 aut
2497 2342 2685 2404 captus
2716 2334 2785 2387 sit
2808 2332 3008 2391 oculis.
3028 2332 3174 2400 quod
3209 2338 3269 2382 ut
3308 2328 3471 2398 longe
3500 2323 3736 2395 petitum.

2174 2429 2361 2485 nullus
2402 2442 2515 2481 non
2562 2423 2927 2480 cmunctioris
2988 2422 3153 2493 paulo
3211 2422 3369 2476 naris
3424 2415 3738 2473 transmittat

2175 2522 2369 2577 lector.
2409 2517 2702 2573 Martinius
2755 2523 3046 2587 postquam
3088 2530 3117 2568 a
3164 2513 3361 2569 Graeco
3388 2511 3566 2564 καίειν
3603 2519 3739 2559 urere

2173 2626 2379 2669 caecum
2414 2610 2589 2666 videri
2620 2608 2924 2664 formatum
2958 2606 3271 2678 proposuit,
3308 2604 3458 2659 sicut
3488 2596 3680 2668 τυφλόν
3711 2608 3738 2649 a

2170 2706 2329 2775 τύφω
2354 2702 2586 2757 ascendo
2622 2699 2971 2771 (neutiquam
3033 2699 3090 2753 in
3143 2698 3253 2752 hoc
3280 2696 3388 2767 ipsi
3422 2690 3743 2749 assentiente

2170 2799 2361 2854 Grieco
2419 2794 2874 2866 etymologista),
2933 2790 3138 2847 deinde
3205 2790 3374 2860 longe
3434 2780 3741 2858 prudentius

2167 2889 2375 2945 fatetur
2408 2888 2535 2942 ειεσί
2586 2886 3016 2958 originationem
3059 2883 3223 2954 plane
3252 2897 3457 2936 eaeam
3490 2888 3546 2933 et
3573 2872 3740 2929 occul-

2170 2991 2280 3037 tam
2327 2997 2471 3037 esse.
2505 2979 2649 3047 Quid
2681 2979 2728 3033 si
2759 2986 2943 3033 autem
2978 2993 3179 3031 caacum
3206 2990 3309 3044 per
3337 2991 3383 3029 ae
3426 2970 3735 3028 scribamus,

2167 3084 2227 3131 et
2254 3074 2375 3143 ejus
2432 3074 2513 3128 sic
2550 3071 2740 3141 scripti
2787 3069 3042 3125 vocabuli
3090 3068 3465 3139 veriloquium
3513 3070 3740 3117 accersa-

2174 3182 2299 3221 mus
2331 3180 2360 3218 a
2390 3163 2580 3220 Graeco
2603 3162 2737 3223 κοῶ.
2760 3159 2910 3231 quod
2935 3170 3021 3215 est
3044 3160 3172 3221 νοῶ,
3205 3169 3269 3214 ut
3295 3159 3369 3214 sit
3400 3153 3580 3215 κοῖκό;
3607 3148 3735 3203 idem

2175 3257 2324 3329 quod
2357 3258 2556 3320 νοῖκός,
2585 3254 2682 3325 qui
2723 3253 2841 3308 acie
2866 3252 3045 3308 solum
3078 3251 3285 3306 mentis
3316 3249 3521 3312 videat,
3553 3239 3739 3327 intuitu

2172 3350 2463 3407 oculorum
2539 3345 2777 3402 carens?
2808 3345 2953 3399 Sane
3018 3341 3348 3399 Eustathius
3382 3331 3737 3412 παρεκὸολαῖς

2171 3445 2256 3508 εις
2299 3440 2483 3497 Ἰλιάδ.
2528 3439 2580 3506 ζ,
2628 3452 2684 3510 p.
2725 3437 2830 3494 756
2862 3436 2955 3494 ed.
2997 3436 3187 3504 Rom.,
3234 3450 3430 3491 vocem
3489 3427 3736 3488 comicam

2171 3535 2445 3605 κοάλεμος
2505 3545 2813 3602 exponens,
2863 3532 3038 3602 ἡγουν
3101 3529 3333 3600 (inquit)
3375 3530 3434 3582 ἐν
3463 3523 3541 3595 τῷ
3581 3518 3738 3578 κοεῖνν

2172 3630 2295 3702 ἢτοι
2352 3628 2498 3681 νοεῖν
2555 3624 2861 3694 ἀλώμενος.
2905 3623 3052 3690 Ergo
3106 3623 3256 3675 κοείν
3318 3621 3465 3674 νοεῖν
3519 3627 3632 3677 est;
3683 3612 3737 3702 Ili

2170 3697 2360 3778 λέοῖκόν
2384 3735 2576 3773 caseum
2606 3717 2771 3787 primi
2803 3715 2984 3771 Latini
3026 3713 3264 3786 profecti
3302 3728 3336 3770 e
3376 3709 3585 3768 Graecia
3624 3697 3734 3757 κατ’

2170 3809 2526 3885 εὐφημισμόν
2560 3808 2727 3881 697
2776 3808 3052 3879 privatum
3086 3805 3299 3861 lumine
3324 3805 3614 3860 oculorum
3656 3807 3738 3847 vo-

2169 3920 2299 3963 care
2352 3906 2660 3975 potuerint,
2699 3900 2863 3971 quasi
2920 3899 2988 3955 ad
3025 3897 3429 3959 consolandam
3473 3887 3738 3949 calamita-

2169 4010 2279 4056 tem
2312 3995 2560 4054 hominis
2616 3994 2870 4067 principe
2910 4008 3313 4063 corporeorum
3355 4000 3618 4047 sensuum
3654 3995 3736 4036 or-

2171 4093 2283 4148 bati
2309 4110 2325 4158 ς
2357 4107 2468 4161 quo
2491 4105 2694 4160 genere
2735 4087 2918 4151 solatii
2950 4100 3235 4141 recreasse
3259 4099 3476 4143 caecum
3509 4080 3590 4155 [P.
3624 4069 3735 4142 49ίῖ

2166 4187 2462 4256 Didymnm
2520 4197 2753 4252 magnus
2790 4181 2924 4236 olim
2967 4178 3242 4238 Antonius
3276 4180 3505 4251 legitur,
3553 4180 3740 4241 negans

2167 4294 2336 4352 grave
2367 4275 2448 4331 illi
2483 4290 2607 4330 esse
2656 4274 2882 4338 debere,
2912 4272 3058 4344 quod
3105 4272 3516 4327 destitueretur
3545 4268 3737 4322 instru-

2165 4380 2358 4427 mento
2408 4383 2681 4439 corporeo
2724 4367 2973 4432 videndi,
3011 4365 3297 4422 communi
3357 4360 3565 4420 homini
3627 4366 3736 4411 cum

2168 4461 2442 4519 culicibus
2477 4468 2534 4514 et
2581 4457 2788 4513 inlimis
2821 4459 3211 4533 insector-um,
3270 4471 3400 4510 cum
3448 4460 3629 4508 mente
3658 4458 3739 4496 va-

470 4536 621 4590 niter
662 4542 946 4603 grassatus
987 4533 1311 4589 ulciscendo
1340 4533 1433 4597 sit,
1474 4530 1735 4602 χαλεπῶς
1762 4529 2057 4598 αἰκιζόμε-

2170 4554 2315 4610 lcret
2339 4553 2639 4609 aemulante
2671 4550 3047 4621 perspicatem
3080 4529 3509 4619 intelligentiam
3539 4544 3741 4598 immor-

471 4645 582 4692 νος,
622 4626 852 4696 δαίρων,
882 4623 1262 4697 κρεμαννύων,
1305 4627 1611 4697 μαστίζων,
1658 4624 1812 4679 οηιηί
1861 4621 2064 4679 crude-

469 4724 645 4780 litatis
673 4732 730 4778 et
757 4722 1075 4793 ignominiae
1098 4736 1302 4794 genere
1334 4722 1554 4778 caedens
1585 4737 1648 4777 ac
1679 4721 2062 4775 dehonestans

471 4813 824 4871 venerabiles
862 4812 1066 4883 popqu
1112 4812 1460 4882 professores
1492 4812 1621 4866 vitae
1663 4810 1957 4881 religiosae.
1991 4823 2061 4863 ex

467 4907 676 4962 celebri
729 4905 1038 4977 praesertim
1087 4905 1447 4969 monasterio,
1476 4905 1837 4973 Pantepoiitae
1882 4901 2054 4961 dicto.

470 5019 613 5074 quos
663 5015 719 5060 ct
768 5011 1091 5075 postquam
1132 5004 1275 5060 male
1323 5003 1695 5058 mulctaver‘at
1743 4999 2056 5057 exsulatum

470 5094 824 5150 amandabat.
850 5095 1006 5151 Tunc
1034 5104 1340 5152 excaecatos
1363 5095 1539 5151 fuisse
1575 5094 1716 5149 istos
1739 5092 2056 5163 antesigna-

466 5201 572 5243 nos
601 5187 921 5243 Arsenianae
953 5189 1149 5259 partis,
1184 5203 1327 5258 quos
1355 5187 1688 5245 convincere
1721 5196 1777 5242 et
1822 5185 1888 5240 ad
1923 5201 2057 5240 eon-

466 5278 716 5335 cordiam
776 5280 1047 5335 reducere
1104 5289 1339 5336 conatus
1398 5281 1565 5350 longo
1618 5289 1743 5349 post
1801 5288 2053 5347 tempore

462 5371 819 5428 Andronicus
844 5382 947 5439 est,
984 5383 1151 5444 prout
1193 5374 1366 5429 refert
1393 5384 1584 5429 noster
1615 5376 1736 5445 ejus
1779 5372 2049 5437 Historiis,

460 5481 519 5537 p.
569 5465 698 5530 £62,
776 5467 1037 5538 equidem
1079 5466 1438 5531 crediderim,
1472 5482 1598 5522 cum
1658 5467 1711 5522 id
1753 5466 1888 5521 alibi
1924 5482 2054 5520 nar-

457 5569 643 5613 ratum
690 5559 760 5614 ab
815 5576 883 5616 eo
922 5560 1243 5615 distinctius
1300 5576 1411 5615 non
1459 5559 1657 5629 legam.
1689 5561 1831 5615 Puto
1863 5569 2048 5615 autem

456 5650 596 5707 istos
635 5654 731 5707 tali
777 5669 944 5734 causa
982 5663 1041 5709 et
1102 5665 1350 5725 tempore
1396 5656 1643 5726 privatos
1699 5657 1877 5711 oculis
1931 5672 2049 5711 mo—

456 5742 693 5808 nachos,
768 5745 877 5799 vol.
943 5745 985 5809 l,
1044 5762 1099 5815 p.
1141 5746 1270 5812 489,
1340 5762 1368 5800 a
1425 5747 1761 5818 Paehyutere
1827 5748 2040 5803 indica-

461 5845 509 5889 κ
525 5851 569 5899 s,
615 5836 866 5902 populari
901 5839 1147 5908 nomine,
1197 5857 1307 5911 quo
1343 5857 1371 5896 a
1405 5842 1520 5897 suis
1554 5843 1875 5898 Arsenianis
1915 5857 2042 5913 per.

2169 4648 2361 4704 talium
2401 4645 2694 4707 mentium,
2734 4642 3045 4711 praesertim
3090 4656 3217 4697 cum
3266 4636 3670 4712 iugeniosiores
3690 4634 3740 4682 ei

2165 4739 2444 4797 acutiores
2479 4738 2803 4808 plerumque
2832 4735 3046 4791 ueteris
3072 4733 3128 4789 in
3152 4731 3576 4805 operationibus
3600 4736 3739 4778 men-

2167 4833 2239 4887 tis
2292 4832 2413 4887 luce
2463 4829 2605 4885 cassi
2656 4829 2948 4884 oculorum
3007 4825 3354 4897 experientia
3417 4822 3739 4893 probentur;

2165 4926 2312 4980 unde
2347 4933 2404 4980 et
2454 4921 2834 4978 Democritum
2882 4922 3061 4983 aiunt.
3115 4935 3226 4990 quo
3262 4915 3738 4988 philosopharetur

2161 5017 2399 5073 felicius.
2437 5016 2583 5071 ultro
2617 5013 2726 5071 sibi
2762 5013 2985 5068 videndi
3042 5027 3268 5067 sensum
3318 5009 3612 5066 ademisse.
3641 4995 3734 5055 Sed

2162 5111 2280 5166 haec
2316 5111 2483 5165 nimis
2518 5110 2690 5164 multa
2727 5116 2883 5164 extra
2914 5122 3030 5163 rem
3072 5116 3341 5162 nostram.
3398 5105 3514 5159 Hoc
3547 5102 3735 5172 quippe

2161 5203 2340 5259 solum
2376 5202 2693 5272 significare
2726 5201 2875 5255 volui
2908 5218 2922 5254 :
2951 5216 3046 5255 seu
3075 5215 3177 5252 vox
3219 5199 3415 5253 Latina
3459 5210 3621 5250 caecus
3650 5201 3739 5258 per

2159 5311 2206 5349 ae
2233 5310 2330 5349 aeu
2380 5310 2548 5349 aecus
2581 5308 2681 5361 per
2720 5307 2766 5346 az
2802 5292 3101 5351 scribatur.
3132 5301 3189 5345 et
3222 5290 3389 5359 ettjus
3429 5305 3492 5343 ea
3526 5287 3733 5341 demum

2158 5401 2378 5456 cunque
2440 5387 2512 5441 sit
2556 5385 2811 5456 originis,
2849 5386 2987 5440 mihi
3020 5385 3195 5440 videri
3231 5383 3524 5455 probabile
3550 5389 3731 5432 mona-

2158 5481 2293 5534 chos
2337 5479 2608 5548 quosdam
2662 5480 2865 5549 passim
2926 5479 3180 5534 celebres
3227 5477 3348 5531 visu
3407 5476 3661 5530 orbatos.
3702 5479 3730 5519 a

2156 5573 2771 5644 (lonstantirmpolitana
2808 5573 2989 5643 plebe,
3029 5589 3097 5628 ex
3150 5570 3431 5640 frequenti
3484 5564 3726 5623 convicit!

2154 5667 2604 5736 commerciaque
2639 5667 2966 5721 Latinorum
3000 5669 3169 5721 multa
3203 5668 3253 5719 in
3288 5681 3446 5720 suam
3483 5656 3727 5717 vocabula

2156 5759 2400 5828 linguam
2426 5760 2820 5826 transferente,
2866 5761 3098 5824 καίκους
3147 5762 3263 5816 sive
3307 5760 3528 5820 κρίκους
3578 5767 3725 5820 μοναο

2155 5852 2285 5920 χούς
2329 5852 2509 5908 dictos
2538 5894 2552 5916 ,
2612 5853 2779 5923 idque
2848 5856 3069 5927 vulgare
3119 5854 3349 5911 verbum
3399 5844 3723 5922 expressis”
