4036 6404
317 333 429 395 757

1656 320 2198 385 ‘GLOSSARIUM.

3480 308 3585 372 758

319 452 426 502 vol.
487 448 527 509 l,
579 464 631 518 p.
692 446 817 510 489,
872 446 1302 519 Pachymerem.
1364 442 1496 497 licet
1555 440 1676 507 ejus
1728 438 1923 494 libras

2025 436 2188 505 ίεῖρας
2226 430 2556 518 προσφέρων
2595 427 2684 485 διὰ
2735 429 2832 499 τῆς
2881 425 2964 499 [Ρ.
3024 424 3153 497 49Ξ]
3206 424 3457 494 θυρίδος,
3486 425 3588 477 καὶ

320 543 413 606 rii,
446 540 702 597 codicum
753 557 895 612 quos
949 541 1193 596 vidimus
1246 534 1750 607 descriptores,‘in
1780 533 1902 604 ejus

319 636 599 705 scriptura
659 635 817 690 verbi
863 635 1060 690 leviter
1113 632 1450 695 erraverint,
1501 630 1739 692 κόκκους
1804 640 1905 696 pro

321 730 555 792 καίκους
616 736 714 783 aut
772 727 992 791 κοίκους
1055 727 1392 781 scribentes.
1454 722 1691 792 Reperio
1758 717 1904 789 apud

321 818 659 890 Hesychium
696 820 922 882 καίλους
961 819 1229 890 οὐρανοὺς
1269 818 1572 886 Ῥωμαῖοι·
1614 829 1684 868 an
1729 812 1907 882 magis

320 912 526 975 mirum
572 912 727 966 ccelos
772 927 963 967 vocem
1018 910 1267 965 Latinam
1323 924 1354 962 a
1390 906 1599 963 Graecis
1655 903 1725 958 ad
1760 903 1904 958 idem

320 1000 470 1071 quod
537 1002 780 1056 Romane
841 1007 1003 1056 sonat
1059 998 1480 1070 significandum
1541 1001 1904 1064 usurpatam,

321 1108 488 1159 quam
545 1096 741 1147 καῖκον
792 1094 864 1148 ab
907 1094 1107 1149 iisdem
1135 1093 1349 1147 dictum
1378 1088 1604 1159 τυφλόν,
1639 1087 1905 1158 quoniam

318 1185 405 1240 sic
453 1184 637 1240 Latini
689 1187 930 1241 vocant?
982 1186 1052 1240 Et
1112 1185 1208 1239 hic
1251 1184 1418 1239 etiam
1482 1190 1611 1236 nota
1669 1180 1907 1234 abusum

318 1279 667 1348 scriptionis,
698 1279 832 1333 dum
861 1279 1052 1333 καῖλον
1083 1291 1343 1348 tanquam
1390 1291 1457 1331 ex
1489 1275 1686 1329 Latino
1719 1272 1908 1328 cretum

317 1369 513 1427 Graece
562 1372 862 1441 scribitur,
894 1373 1042 1443 quod
1094 1370 1325 1428 omnino
1358 1368 1529 1426 scribi
1580 1366 1776 1422 debuit
1804 1365 1910 1420 La-

318 1463 442 1519 tine
499 1464 710 1520 caelum.
751 1465 848 1521 Est
894 1465 1045 1522 enim
1098 1463 1394 1520 manifeste
1423 1476 1455 1516 a
1483 1460 1675 1517 Greco
1706 1459 1905 1521 κοῖλον.

316 1573 547 1624 cavum;
586 1568 648 1614 ut
699 1559 886 1613 minus
918 1566 973 1614 te
1010 1567 1254 1624 moveat,
1282 1534 1530 1626 si,lquod
1568 1552 1905 1614 monuimus,

319 1646 666 1704 increbuerit
713 1664 847 1704 usus
892 1647 1176 1704 scribendi
1220 1663 1410 1713 cacus,
1441 1658 1568 1701 cum
1606 1642 1678 1698 sit
1699 1642 1907 1696 rectius

319 1756 513 1795 εωαη.

398 1829 930 1899 Κουθουκλείσιος,
977 1846 1101 1903 pag.
1135 1828 1263 1888 480.
1293 1830 1421 1901 Agit
1465 1830 1534 1885 de
1572 1829 1782 1885 honore
1813 1830 1910 1884 lia-

320 1919 448 1975 bito
472 1922 692 1991 corpori
747 1932 874 1991 post
925 1922 1150 1993 longum
1204 1933 1427 1990 tempus
1467 1920 1797 1989 incorrupto
1825 1932 1913 1973 re-

323 2021 489 2079 perto
558 2012 848 2082 cujusdam
906 2011 1204 2077 monachi,
1245 2025 1410 2081 quem
1468 2009 1917 2062 κουὸουκλείσιον

321 2101 487 2167 dicit,
516 2103 625 2160 hoc
657 2112 767 2171 est,
798 2119 866 2159 ex
912 2120 982 2160 eo
1012 2118 1216 2175 genere
1240 2104 1337 2174 qui
1367 2101 1752 2175 exquisitipris
1787 2101 1915 2155 reli-

321 2194 510 2264 gionis
533 2211 698 2251 causa
729 2204 1003 2267 perpetuo
1042 2197 1242 2251 inclusi
1288 2196 1423 2249 cella
1471 2194 1914 2264 permanebant;

319 2288 576 2357 qualium
625 2304 752 2344 cum
807 2290 881 2345 sit
925 2288 1264 2345 creberrima
1313 2289 1367 2343 in
1404 2287 1803 2343 ecclesiasticis
1831 2287 1920 2341 hi-

320 2382 521 2436 s'oriis
577 2384 787 2439 mentio
816 2422 832 2449 ,
879 2383 1209 2439 lucrifacere
1260 2398 1488 2453 operam
1534 2397 1761 2453 possum
1818 2381 1917 2437 de-

319 2472 676 2528 monstrandi
721 2473 861 2528 tales
912 2473 1192 2528 exstitisse
1234 2473 1506 2543 exemplis
1556 2488 1680 2543 qum
1710 2473 1915 2544 passim

320 2573 694 2618 occurrerent
731 2563 1085 2634 colligendis.
1146 2563 1387 2617 Tantum
1436 2562 1599 2628 dico,
1650 2579 1792 2631 quos
1833 2562 1919 2618 in-

323 2655 518 2709 clusos
550 2655 732 2710 Latini
778 2663 1009 2718 vocant,
1070 2656 1161 2711 hic
1212 2673 1242 2711 a
1296 2657 1634 2728 Pachymere
1684 2657 1920 2710 κουϐουο

324 2745 612 2810 κλεισίους
646 2747 780 2810 dici.
813 2748 972 2818 quasi
1003 2748 1228 2804 clausos
1279 2748 1539 2804 cubicqu
1573 2766 1586 2802 :
1626 2765 1751 2804 nam
1784 2765 1920 2803 κου-

324 2838 616 2893 6ουκλεῖον
642 2837 819 2895 Graeci
883 2841 1248 2910 posteriores,
1281 2855 1420 2895 voce
1455 2858 1484 2895 a
1538 2839 1750 2894 Latinis
1801 2854 1922 2892 mu-

329 2938 510 2994 tuata,
539 2930 839 2986 cubiculum
871 2931 1246 3002 appellarunt,
1269 2940 1330 2985 ut
1361 2931 1570 2986 dudum
1603 2930 1923 2985 observavit

334 3022 627 3078 Meursius.
664 3023 906 3079 Eosdem
956 3018 1310 3094 ὲγκλείὸτοος
1369 3024 1682 3079 nominatos
1720 3024 1899 3077 intelli

2004 529 2134 593 τοὺς
2168 528 2433 597 ἀδελφοὺς
2485 524 2727 579 τύπτων.
2764 523 2963 578 'Paulo
3017 529 3144 592 post
3195 519 3362 591 hujus
3388 519 3584 574 cellam

2006 620 2219 676 inducit
2254 619 2650 674 lamentantem
2681 615 2753 671 ob
2783 612 3186 668 immanitatem
3220 620 3276 667 et
3314 610 3589 665 acerbita-

2005 723 2114 769 tem
2155 713 2261 770 feri
2316 713 2502 784 hujus,
2537 724 2703 781 quem
2752 708 2904 764 velut
2963 706 3019 763 in
3063 706 3280 760 vivario
3338 705 3587 761 clausum

2006 809 2302 864 detineret.
2334 806 2545 862 Deinde
2598 805 2780 874 ipsum
2834 800 3039 857 all‘atur
3071 819 3085 855 :
3117 795 3258 853 Εϊπέ
3312 815 3424 868 μοι,
3483 814 3591 850 πα-

2009 900 2259 971 ρακαλῶ,
2291 900 2346 952 τί
2382 897 2752 968 κεκέρδακας,
2782 896 2860 966 τῷ
2897 895 3106 965 οίκιδέῳ
3136 890 3589 957 κατακ).εισθείς;

2006 990 2103 1046 Dic
2134 992 2281 1056 mihi,
2318 989 2510 1044 amabo
2543 999 2611 1055 te,
2646 987 2775 1060 quid
2809 987 3048 1041 lucratus
3082 1000 3158 1050 es,
3186 982 3507 1038 domuncula
3546 992 3594 1035 te

2007 1084 2330 1140 includens?
2369 1082 2420 1135 τί
2454 1081 2674 1154 ὤνησας
2703 1082 2805 1151 τὴν
2856 1078 3056 1134 σαυτοῦ
3089 1077 3271 1148 ψυχὴν
3291 1117 3306 1140 ,
3342 1077 3454 1139 τοῖς
3487 1093 3597 1128 τοι-

2007 1175 2222 1247 χαρίοις
2254 1174 2316 1228 τὸ
2359 1174 2523 1246 σῶμα
2574 1170 2979 1243 ὲγκεκρυφώςς
3013 1169 3142 1241 quid
3174 1168 3424 1238 profuisti
3474 1168 3597 1221 ani-

2009 1286 2110 1324 mo:
2152 1276 2280 1333 tuae,
2311 1283 2502 1338 corpus
2552 1275 2703 1320 tuum
2747 1266 2893 1319 intra
2930 1280 3110 1318 muros
3160 1271 3337 1317 arctos
3374 1263 3593 1315 abscon-

2009 1360 2173 1415 dens?
2206 1359 2333 1414 Hinc
2365 1358 2595 1414 dubium
2638 1371 2749 1411 non
2799 1356 3126 1425 relinquunt
3158 1354 3293 1422 quin
3329 1353 3446 1405 h:ec
3479 1355 3598 1420 cpi-

2011 1453 2153 1510 stola
2207 1451 2472 1522 inscripta
2527 1449 2695 1505 fuerit
2756 1447 3075 1504 Philumena
3141 1444 3377 1499 Inclusa.
3426 1445 3600 1498 Porro

2010 1561 2373 1617 permagnum
2426 1546 2539 1618 jam
2593 1543 2725 1600 olim
2788 1542 2936 1597 inter
2994 1539 3216 1595 Graecos
3267 1536 3600 1607 Byzantinos

2010 1640 2181 1695 fuisse
2215 1653 2508 1693 numerum
2554 1638 2791 1692 istorum
2849 1632 3007 1691 cellis
3053 1630 3425 1695 inclusorum,
3466 1628 3598 1684 inde

2014 1733 2378 1804 intelligimus
2424 1732 2574 1803 quod
2617 1743 2930 1803 auonymus
2970 1727 3211 1796 scriptor
3240 1725 3367 1779 vitae
3396 1729 3601 1779 sanctae

2018 1825 2460 1897 Mari'ejunioris
2512 1825 2568 1879 in
2608 1824 2786 1879 Vatic.
2834 1824 2960 1878 cod.
3009 1821 3137 1888 800,
3180 1818 3365 1890 quise
3395 1817 3601 1871 vixisse

2018 1918 2230 1975 indicat
2254 1919 2357 1974 sub
2384 1916 2589 1973 Basilio
2623 1915 2948 1980 Macedone,
2974 1914 3123 1969 circa
3150 1911 3360 1968 Christi
3393 1924 3600 1964 annum

2019 2013 2146 2078 875,
2183 2012 2237 2066 in
2265 2010 2405 2065 duas
2438 2009 2598 2080 quasi
2633 2008 2957 2063 notissimas
3002 2013 3054 2060 et
3107 2003 3362 2075 copiosas
3392 1999 3605 2071 species

2021 2105 2419 2160 monachorum
2492 2116 2670 2173 genus
2723 2100 3048 2155 universum
3117 2094 3351 2154 dividat.
3394 2092 3475 2147 sic
3536 2090 3604 2146 de

2020 2210 2210 2255 sancta
2243 2198 2415 2253 Maria
2455 2195 2678 2267 juniore
2727 2193 2981 2250 scribens
3021 2208 3034 2243 :
3075 2191 3370 2260 Μοναχοῖς,
3401 2187 3512 2250 τοῖς
3544 2203 3604 2239 τε

2019 2292 2078 2346 ὲν
2106 2290 2393 2362 σπηλαίοις
2419 2291 2514 2342 καὶ
2543 2290 2659 2353 τοῖς
2683 2288 2743 2341 ὲν
2773 2285 3043 2348 οἰκίσκοις
3073 2284 3301 2344 ἑαυτοὺς
3328 2280 3609 2348 ὲγκλείου-

2021 2401 2127 2447 σιν,
2161 2385 2417 2456 ἐχορήγει
2449 2381 2519 2437 τὰ
2572 2381 2712 2452 πρὸς
2749 2379 2850 2450 τὴν
2893 2378 3112 2450 χρείαν.
3175 2376 3466 2439 Monachis,
3497 2375 3615 2428 sive

2019 2477 2073 2530 in
2097 2474 2359 2546 speluncis
2392 2475 2500 2529 sive
2529 2472 2584 2527 in
2613 2469 2952 2526 domunculis
3006 2485 3061 2523 se
3109 2468 3258 2538 ipsos
3286 2465 3610 2521 inludenti-

2019 2568 2135 2630 bus.
2172 2584 2289 2640 qua:
2323 2584 2452 2638 opus
2495 2575 2649 2621 erant
2682 2564 2968 2635 prwbebal.
3001 2560 3121 2618 Huc
3151 2561 3283 2615 facit
3301 2558 3449 2630 quod
3479 2573 3609 2612 san-

2020 2674 2144 2715 ctus
2171 2659 2501 2714 Theodorus
2543 2655 2766 2712 Studita
2825 2654 2894 2709 de
2941 2652 3002 2709 S.
3054 2652 3285 2708 Platone
3335 2646 3611 2705 monacho

2021 2752 2076 2806 in
2121 2753 2245 2823 ejus
2312 2747 2651 2820 pereleganti
2711 2745 2978 2803 Oratione
3029 2741 3299 2807 funebri,
3358 2739 3605 2795 nondum

2019 2843 2193 2906 edita,
2228 2842 2332 2897 sub
2371 2840 2534 2896 linem
2580 2839 2820 2895 scribit:
2857 2836 2996 2893 Μεθ’
3031 2834 3361 2906 ήσυχαστῶν
3401 2833 3611 2903 ἠσυχαο

2023 2939 2156 3010 oti};
2207 2934 2473 3004 ἔννομος,
2540 2932 2681 3004 μετὰ
2745 2930 3083 3002 καθηγητῶν
3134 2925 3457 2998 καθηγητὴς
3519 2923 3609 2978 ἔνο

2024 3029 2247 3100 θεσμος,
2283 3028 2401 3099 μετ’
2435 3024 2774 3097 ὲγκλειστῶν
2803 3023 2864 3078 οὐ
2903 3023 3069 3094 μόνον
3099 3011 3439 3089 ἐγκλειστὸς,
3469 3016 3609 3071 ἀλλὰ

329 3116 517 3186 gimus
544 3130 611 3171 ex
638 3117 874 3185 epistola
911 3119 1087 3174 sancti
1141 3118 1360 3173 abbatis
1417 3118 1548 3181 Nili,
1579 3119 1620 3174 l.
1652 3127 1711 3180 ll,
1741 3119 1833 3180 96,
1864 3118 1922 3173 in

2029 3120 2127 3175 καὶ
2149 3119 2557 3190 ὐποτακτήτης,
2588 3115 2618 3172 ὃ
2644 3115 2744 3172 κοιλ⁵
2775 3113 3100 3185 σεϐάσμιον.
3141 3110 3249 3169 Ubi
3281 3110 3428 3166 clare
3454 3108 3611 3163 vides

328 3207 580 3263 editione
616 3224 828 3278 nupera
878 3209 1084 3266 Leonis
1138 3211 1321 3265 Allatii
1376 3212 1468 3263 τοῦ
1506 3210 1671 3266 πάνυ.
1722 3211 1796 3265 Ea
1838 3211 1923 3265 in-

331 3299 600 3353 scribitur
634 3301 1054 3371 ΦΙΛΟΥΜΕΝῼ
1117 3304 1508 3373 ΕΓΚΛΙΣΤῼ.
1548 3302 1627 3356 Ita
1675 3303 1923 3373 oportuit

332 3390 390 3444 in
416 3406 525 3445 ms.
557 3390 857 3463 archetypo
887 3392 1017 3463 legi,
1061 3393 1171 3448 nisi
1220 3409 1381 3448 error
1424 3404 1510 3449 est
1545 3394 1873 3465 typographi
1905 3413 1919 3448 :

333 3485 432 3536 sed
486 3482 662 3537 ausim
698 3483 898 3553 quovis
951 3484 1181 3552 pignore
1229 3484 1568 3539 contendere
1613 3486 1920 3558 ὲγκλείστῳ

334 3575 608 3645 scriptum
656 3592 689 3631 a
715 3576 896 3652 .Nilo.
938 3576 1068 3648 Agit
1127 3580 1276 3632 enim
1319 3578 1613 3634 manifeste
1664 3594 1790 3633 cum
1830 3580 1929 3635 lio-

336 3668 512 3733 mine,
541 3669 633 3739 qui
665 3678 864 3740 sponte
895 3669 1146 3726 inclusus
1167 3670 1425 3741 degeret;
1456 3687 1620 3741 quem
1657 3681 1716 3727 et
1743 3674 1928 3744 arguit

339 3760 491 3830 quod
529 3776 722 3830 parum
752 3769 1126 3818 consentanee
1179 3762 1274 3816 tali
1321 3762 1656 3832 professioni
1688 3763 1923 3819 viveret.

338 3853 659 3909 Describam
684 3862 899 3908 tantum
942 3854 1115 3927 698
1145 3855 1314 3910 verba
1349 3854 1780 3926 quaedampquae
1821 3856 1927 3912 hoc

342 3950 640 4007 evidenter
670 3949 928 4019 probant.
955 3949 1048 4005 Sic
1083 3948 1280 4020 incipit
1308 3968 1323 4006 :
1358 3945 1500 4018 Εὖγε
1518 3950 1627 4003 τῶν
1644 3950 1928 4022 ὑμετέρων

341 4040 488 4096 κατὰ
533 4040 634 4111 τὴν
676 4037 1029 4112 ἀναχώρησιν
1106 4040 1547 4112 ἀριστευμάτων.
1625 4039 1769 4109 Εὖγε
1819 4040 1930 4094 τῶν

345 4133 637 4205 ὑμετέρων
697 4131 820 4187 κατ’
849 4131 1053 4203 ἀρετὴν
1116 4133 1417 4203 τροπαίων.
1467 4131 1775 4205 Ὑπέρευγε
1829 4122 1930 4203 τῆς

346 4223 622 4294 ὑμετέρας
653 4222 798 4277 κατὰ
828 4222 922 4276 τὸν
970 4220 1300 4294 ἐγκλεισμὸν
1341 4221 1577 4293 ματαίας
1624 4224 1717 4277 καὶ
1744 4241 1932 4294 σκηνι-

345 4317 447 4388 κῆς
473 4318 570 4370 καὶ
598 4314 1196 4388 κατεσχηματισμένης
1229 4314 1526 4386 διαγωγῆς.
1557 4314 1725 4373 Vides
1756 4317 1811 4373 in
1844 4318 1932 4374 liis

318 4411 555 4481 ,claram
585 4408 924 4463 mentionem
945 4408 1380 4480 ἀναχωρήσεως,
1409 4410 1715 4464 secessionis
1734 4427 1768 4465 α
1803 4426 1929 4465 con-

342 4518 528 4575 gressu
577 4502 877 4567 hominum,
899 4512 954 4559 et
989 4501 1273 4574 διαγωγῆς
1306 4502 1430 4556 κατ’
1455 4502 1810 4572 ιγκλεισμόν,
1841 4505 1927 4558 in-

343 4597 521 4653 stituti
552 4598 673 4654 vitae
697 4598 845 4652 intra
888 4596 1204 4654 clausuram
1253 4611 1310 4653 se
1349 4598 1690 4654 continentis.
1728 4597 1936 4669 Objur-

346 4705 439 4765 gat
466 4702 656 4751 autem
696 4693 845 4749 hunc
882 4694 1030 4764 quod
1062 4708 1133 4749 ex
1178 4692 1468 4749 fenestella
1498 4692 1742 4749 cubiculi
1778 4693 1930 4749 intra

350 4788 497 4852 quod
524 4787 747 4842 clausus
771 4785 1029 4847 durabat.
1053 4793 1110 4841 et
1132 4795 1287 4840 trans
1310 4784 1553 4841 obducta
1587 4786 1668 4841 illi
1700 4786 1935 4852 clathra,

348 4881 684 4937 audiebatur
728 4879 1089 4950 cupidissime
1122 4894 1191 4935 ac
1218 4878 1616 4950 loquacissime
1646 4882 1939 4950 negotian-

348 4974 423 5029 do
466 4973 835 5049 tumultuans,
876 4973 1012 5042 quin
1034 4971 1381 5027 etiracunde
1406 4971 1750 5036 convicians,
1797 4988 1941 5028 non-

345 5080 632 5136 nunquam
669 5079 868 5121 manus
896 5079 996 5135 per
1026 5073 1210 5120 crates
1253 5062 1323 5119 ad
1366 5064 1674 5134 pulsandos
1720 5064 1941 5122 rabiose

346 5157 548 5213 obvios
596 5156 897 5223 emittens,
955 5163 1017 5211 ut
1062 5171 1231 5212 ursus
1279 5171 1313 5212 e
1348 5172 1539 5213 eavea.
1596 5157 1775 5213 Verba
1823 5159 1943 5216 haec

344 5261 483 5310 sunt
529 5253 702 5309 τΤῶν
748 5255 810 5308 ἐν
865 5255 933 5325 τῇ
984 5252 1164 5324 ἀγορᾷ
1203 5251 1424 5324 θερμῶς
1456 5252 1940 5325 ἐμπορευομένων,

351 5347 450 5400 καὶ
489 5345 603 5400 τῶν
636 5345 737 5410 τὰς
768 5344 969 5416 μυρίας
1006 5344 1164 5408 δίκας
1202 5346 1296 5399 καὶ
1342 5345 1443 5409 τὰς
1490 5345 1743 5410 ποικίλας
1785 5346 1944 5416 λογο-

285 5478 292 5483 -
359 5438 562 5509 μαχίας
618 5438 679 5491 ἂν
736 5437 1095 5508 πραιτωρίοις
1145 5436 1494 5504 πλεκόντων,
1559 5437 1714 5492 οὐδὲν
1765 5439 1946 5503 δοκεῖς

351 5526 714 5589 διαλλάττειν,
736 5526 1124 5597 πραγματείας
1147 5528 1411 5593 παντοίας
1430 5528 1685 5594 ἐπινοῶν,
1714 5530 1944 5602 κράζων

360 5620 478 5689 μετ’
506 5618 681 5688 ὀργῆς
713 5619 809 5672 καὶ
853 5619 1094 5690 βρύχιον,
1145 5621 1256 5675 ἀπὸ
1301 5623 1401 5691 τῆς
1455 5620 1771 5692 γαλεάγρας
1814 5622 1947 5676 καθ-

359 5711 601 5781 υϐρίζων
633 5710 730 5763 καὶ
764 5715 1033 5768 σκώπτων
1061 5713 1155 5769 καλ⁵
1185 5712 1464 5784 λοιδορῶν,
1495 5714 1946 5787 διαμεμφόμενος

328 5806 483 5869 ὐὺς
542 5805 1098 5877 παρατυγχάνοντας,
1134 5804 1245 5862 ἐσθ’
1279 5805 1368 5861 ὅτε
1408 5804 1466 5861 δὲ
1515 5808 1609 5862 καὶ
1655 5806 1756 5872 τὰς
1808 5806 1946 5873 ίδίας

2025 3213 2172 3268 inter
2205 3212 2421 3283 species
2466 3209 2870 3266 monachorum
2916 3204 3271 3277 ὲγκλειστούς
3300 3200 3604 3259 recenscri.

2025 3306 2084 3361 ιη
2133 3320 2246 3375 quo
2287 3313 2345 3359 et
2407 3304 2593 3359 obiter
2662 3301 2910 3357 notanda
2972 3298 3087 3356 toni
3142 3296 3476 3361 diversitas,
3539 3293 3608 3348 ad

2025 3415 2189 3469 quam
2223 3407 2282 3453 ut
2325 3397 2769 3453 emendatiorem
2799 3392 2997 3464 reﬁngi
3033 3391 3287 3447 volumus
3320 3403 3439 3444 eam
3491 3399 3603 3457 qua

2026 3509 2220 3549 sumus
2262 3491 2369 3558 usi,
2397 3490 2712 3560 ἔγκλειστον
2745 3503 2871 3546 cum
2903 3496 3066 3543 acuto
3087 3486 3144 3541 in
3175 3482 3613 3553 antepcnultima
3650 3547 3654 3551 γ

2026 3584 2340 3642 scribendo.

2101 3680 2502 3747 Κουμούνιον,
2558 3689 2684 3746 pag.
2744 3674 2872 3730 659.
2950 3672 3080 3730 Scio
3111 3685 3304 3730 vocem
3360 3685 3610 3734 κουμοο-

2030 3769 2146 3824 νίου
2214 3768 2473 3839 usurpari
2548 3769 2605 3823 in
2664 3765 2905 3823 concilio
2980 3765 3302 3822 Florentino
3386 3777 3488 3832 pro
3545 3775 3612 3816 eo

2030 3863 2178 3937 quod
2229 3862 2438 3920 Gallice
2490 3861 2696 3919 dicitur
2748 3860 3156 3922 communauté,
3193 3871 3403 3913 sonans
3461 3869 3616 3911 com-

2032 3959 2347 4030 plexionem
2375 3957 2625 4014 omnium
2657 3954 2919 4011 ordinum
2942 3969 3005 4008 ac
3036 3951 3244 4007 civium
3270 3948 3422 4004 urbis
3447 3946 3617 4018 699

2032 4067 2099 4108 ac
2137 4050 2462 4122 reipublicae
2494 4048 2765 4119 cujusvis.
2815 4046 3017 4114 Quales
3062 4043 3425 4100 collectiones
3488 4039 3618 4094 uni-

2031 4160 2205 4202 versa:
2229 4160 2355 4199 cum
2407 4150 2688 4214 nequeant
2735 4140 2900 4196 simul
2945 4136 3285 4194 intervenire
3327 4133 3620 4190 conventi-

2033 4239 2162 4303 bus,
2207 4245 2392 4293 certos
2432 4235 2689 4291 homines
2735 4231 3016 4289 destinant
3044 4224 3141 4300 qui
3188 4229 3315 4284 loco
3365 4227 3617 4299 ipsarum

2034 4331 2238 4387 adsint.
2278 4329 2348 4385 Et
2374 4329 2433 4384 bi
2464 4336 2736 4385 vocantur
2765 4324 2820 4380 in
2848 4326 2988 4380 actis
3016 4323 3266 4379 Florent.
3299 4319 3499 4393 synodi
3527 4337 3620 4374 το-

2038 4427 2351 4495 ποτηρηταὶ
2383 4421 2494 4478 τῶν
2526 4420 2896 4492 κουμουνίων.
2925 4416 3043 4474 Hoc
3072 4417 3196 4471 loco
3229 4431 3294 4470 ea
3327 4430 3432 4470 vox
3468 4414 3622 4469 vide-

2040 4525 2133 4573 tur
2185 4515 2501 4590 signiﬁcare
2536 4523 2746 4571 certum
2784 4527 3079 4568 numerum
3107 4511 3381 4565 lectorum
3425 4506 3627 4563 sull‘ra-

2037 4611 2143 4684 giis
2173 4610 2366 4681 populi
2422 4607 2896 4673 consiliariorum,
2949 4605 3044 4677 qui
3077 4604 3401 4674 priescripto
3447 4601 3625 4672 spatio

2041 4702 2308 4774 temporis
2367 4715 2608 4772 praeesse
2668 4696 2922 4770 regimini
2978 4695 3301 4767 reipublicae
3356 4692 3620 4748 debeant.

2039 4796 2130 4853 Ait
2160 4797 2310 4853 enim
2351 4803 2540 4851 noster
2583 4792 2964 4848 Andronicum
3000 4789 3273 4846 oﬂensum
3313 4786 3626 4843 Genuensi-

2040 4891 2145 4948 bus
2170 4891 2315 4961 quod
2350 4889 2387 4946 ii
2414 4887 2712 4960 quemdam
2753 4886 2897 4941 male
2930 4883 3280 4939 multandum
3312 4887 3624 4941 curassent,

2040 4983 2346 5038 exclusisse
2398 4980 2549 5050 ipsos
2596 4978 2757 5039 urbe.
2803 4974 3383 5044 versarique'solitum
3418 4972 3472 5027 in
3504 4973 3630 5040 ejus

2042 5072 2309 5128 comitatu
2351 5071 2590 5140 legatum
2640 5067 2938 5139 quemdam
2985 5075 3082 5121 aut
3113 5064 3496 5135 magistratum
3526 5079 3627 5120 eo-

2043 5177 2164 5217 rum
2221 5177 2251 5215 a
2303 5167 2606 5229 conspectu
2660 5158 2957 5223 amovisse,
3002 5158 3071 5212 de
3105 5157 3249 5212 facto
3279 5166 3464 5213 tamen
3505 5156 3631 5225 ipso

2044 5253 2291 5310 nondum
2345 5250 2644 5322 iudicando
2706 5262 2802 5305 aut
2850 5250 3091 5322 judicari
3156 5266 3256 5321 per
3304 5248 3631 5305 Genuenses

2044 5342 2400 5417 postulando,
2435 5343 2601 5423 quod
2633 5342 2755 5413 ejus
2789 5341 3066 5413 judicium
3115 5348 3431 5395 reservaret
3479 5351 3628 5392 novo

2045 5436 2365 5500 communio,
2417 5433 2524 5489 hoc
2563 5442 2648 5489 est
2687 5433 2924 5504 collegio
2961 5432 3384 5502 magistratuum
3414 5430 3629 5487 delecto

2046 5527 2113 5582 ad
2141 5526 2430 5598 regiminis
2468 5525 3033 5581 administrationem.
3066 5523 3387 5580 istiusmodi
3419 5522 3627 5593 quippe

2047 5634 2255 5677 novum
2301 5619 2599 5674 concilium
2635 5630 2734 5675 aut
2770 5620 3061 5689 collegium
3112 5617 3498 5687 prmicctorum
3541 5628 3630 5668 re-

2048 5714 2241 5786 gimini
2284 5713 2398 5784 jam
2441 5712 2790 5784 designatum
2848 5728 2973 5766 mox
3018 5711 3284 5764 initurum
3330 5707 3632 5781 posscssio-

2049 5823 2175 5866 ncm
2217 5807 2638 5879 gubernationis
2682 5822 2883 5863 suum
2915 5804 3203 5860 audiebat.
