4036 6364
402 270 507 337 759

1320 272 1375 333 Ρ.
1426 272 1727 333 POSSINI
1768 271 2424 335 OBSERVATIONUM
2467 270 2624 331 LIB."
2660 270 2708 332 Ι.

3557 268 3659 330 7(ῖῦ

476 383 843 452 Κτητορικδν
869 381 1123 439 δίκαιον.
1184 398 1239 451 p.
1302 382 1418 438 193.
1457 383 1582 453 Agit
1629 382 1699 437 de
1748 395 1983 451 corpore

2088 379 2317 436 Proclus
2348 380 2487 434 alter
2513 377 2860 443 scholiastes,
2899 378 3054 435 varia
3083 377 3373 449 disputans
3405 376 3474 431 de
3500 391 3661 432 voca-

399 478 809 546 protovestiarii
875 475 1354 545 Constantinopoli
1410 476 1637 539 mortui,
1687 476 1834 544 quod
1901 474 1980 528 ait

400 580 681 640 portatum
712 570 975 635 Nion-am,
1006 570 1133 638 quia
1174 570 1266 639 jus
1321 569 1397 623 ibi
1448 569 1750 637 sepultura:
1807 568 1851 621 is
1885 567 1982 620 ha-

400 663 560 715 beret
583 660 753 714 dotali
787 659 1000 713 ratione
1026 667 1270 727 partum,
1299 672 1473 712 uxore
1506 656 1679 726 ipsius
1716 664 1981 725 patrona-

400 763 519 807 tum
568 751 624 805 in
666 751 717 805 id
754 751 1150 805 monasterium
1195 749 1507 809 obtinente.
1555 748 1702 818 quod
1741 746 1981 815 majores

400 839 613 894 Scilicet
647 839 769 909 ejus
823 851 916 892 aut
954 839 1070 909 ipsa
1094 848 1267 893 totum
1321 839 1403 893 vel
1453 855 1522 893 ex
1569 849 1724 907 parte
1754 837 1981 892 fundas-

400 940 544 986 sent.
584 930 697 986 Hoc
728 931 947 985 videtur
980 931 1069 984 hic
1122 931 1230 985 dici
1271 930 1595 999 κτητορικὸν
1627 930 1834 982 δίκαιον
1872 927 1981 980 ἀπὸ

398 1023 499 1090 τῆς
525 1021 784 1086 συζύγου.
823 1024 1100 1091 κτήτορες
1132 1021 1405 1091 Hesychia
1435 1029 1558 1075 sunt
1589 1019 1827 1081 κτίσται,
1853 1035 1981 1072 con-

399 1115 618 1175 ditores,
652 1128 771 1176 seu,
809 1124 871 1168 ut
912 1115 1074 1184 vulgo
1112 1114 1415 1184 loquimur,
1452 1113 1799 1183 fundatores;
1834 1109 1982 1164 unde

397 1207 510 1274 jus,
540 1205 686 1276 quod
719 1221 785 1260 ex
840 1207 1052 1259 conditu
1105 1205 1221 1261 sive
1248 1205 1559 1275 {imitatione
1591 1201 1982 1257 laudatoribus

401 1299 691 1368 competit,
750 1307 901 1353 recte
953 1298 1279 1369 κτητορικὸν
1344 1297 1553 1350 δίκαιον
1603 1295 1716 1349 dici
1776 1292 1981 1363 potuit.

403 1392 560 1462 Smpe
584 1401 769 1448 autem
797 1391 1175 1447 ecclesiastico
1210 1408 1312 1445 usu
1346 1390 1492 1445 inter
1531 1388 1635 1442 alia
1662 1386 1980 1449 honoraria,

401 1502 525 1550 quae
577 1485 967 1541 fundatoribus
1017 1484 1292 1547 ecclesias,
1332 1481 1653 1537 monasterii
1705 1488 1802 1533 aut
1839 1477 1981 1533 sacri

402 1578 650 1650 cujusvis
693 1578 800 1634 loci
845 1583 1193 1647 competunt,
1240 1586 1325 1631 est
1350 1576 1444 1646 jus
1484 1572 1782 1644 sepultura:
1821 1568 1876 1624 in
1916 1569 1985 1624 iis

402 1671 561 1726 locis.

2084 472 2233 527 bulis
2280 472 2575 533 mensium,
2609 470 2919 541 propendct
2966 470 3185 525 eodem.
3242 469 3493 539 Denique
3531 468 3661 523 folio

2084 563 2173 629 75,
2206 564 2450 620 Joannes
2474 563 2707 618 Tzetzes
2734 562 2939 618 diserte
2980 563 3178 618 scribit
3219 561 3515 630 Ληναιῶνα
3545 560 3664 632 ἤτοι

2081 657 2175 709 τὸν
2240 656 2590 725 Ἰανουάριον,
2650 654 2727 718 ὡς
2780 653 2997 725 ληναιὸς
3056 653 3211 724 παρᾶ
3266 654 3420 706 Ἴωσι
3479 653 3660 705 καλεῖ-

2081 766 2195 804 ται.
2239 749 2503 805 \'idemus
2550 748 2681 804 hinc
2710 763 2980 819 quosnam
3038 747 3237 801 innuat
3269 746 3659 817 Pacbymeres,

2083 857 2283 912 nempe
2294 841 2736 912 Moschopulum,
2759 842 3015 897 Proclum
3037 848 3095 896 et
3114 840 3380 896 Joannem
3399 840 3663 895 Tzetzen.

2084 932 2225 1000 Quid
2265 932 2541 1002 signiﬁcat
2574 942 2761 989 autem
2818 949 2943 988 cum
3007 948 3067 989 se
3096 933 3512 1003 ὲποποιήσαντα
3541 930 3667 984 κατ’

2083 1023 2282 1089 αὐτούς
2315 1024 2724 1080 memoratian
2762 1039 2843 1088 se,
2884 1038 3008 1080 cum
3040 1039 3180 1094 puer
3213 1024 3434 1079 illorum
3468 1021 3665 1076 ludum

2084 1116 2465 1187 frequentaret
2507 1128 2563 1172 et
2591 1132 2787 1172 versus
2814 1132 2956 1186 quos
2986 1117 3189 1172 recitat
3213 1116 3282 1172 de
3314 1116 3500 1171 lunari
3525 1115 3672 1169 deli-

2084 1210 2217 1281 quio
2247 1210 2585 1293 compositos
2629 1220 2689 1264 ut
2710 1210 3104 1266 scholasticam
3137 1224 3369 1280 pensum
3409 1209 3518 1263 illis
3552 1223 3673 1262 tua-

2084 1304 2274 1378 gistris
2302 1305 2580 1370 redderet,
2620 1305 2713 1365 isti
2741 1322 2936 1361 eorum
2980 1306 3036 1360 in
3069 1305 3157 1361 his
3191 1305 3444 1374 opinioni
3486 1303 3670 1357 adhre-

2085 1400 2258 1455 sisse?
2288 1415 2359 1454 an
2400 1399 2614 1470 potius,
2665 1414 2794 1454 cum
2833 1398 3093 1468 privatim
3138 1397 3439 1454 Hesiodum
3480 1395 3672 1465 legens

2087 1492 2287 1548 horum
2320 1492 2613 1548 adhiberet
2642 1492 2877 1556 scholia,
2919 1500 2978 1548 et
3010 1490 3229 1547 interim
3260 1490 3528 1545 subortus
3566 1486 3670 1554 ipsi

2084 1593 2232 1639 esset
2274 1583 2515 1654 impetus
2557 1582 2855 1639 meditandi
2901 1598 3126 1638 carmen
3178 1580 3493 1637 imitatione
3528 1579 3675 1633 vatis

2084 1691 2249 1746 quem
2298 1682 2794 1737 commentaretur,
2847 1675 3014 1730 obvio
3076 1681 3406 1743 argumento
3459 1669 3676 1724 lunaris

470 1763 697 1828 Λεπάς,
721 1777 776 1832 p.
809 1762 896 1818 53.
926 1761 1043 1816 Hoc
1074 1759 1428 1831 proverbium
1477 1766 1626 1811 tomo
1650 1754 1821 1826 priori
1853 1771 1883 1809 a
1921 1768 1980 1809 se

2085 1768 2434 1831 defectionis.
2496 1767 2742 1822 noluisse
2800 1766 2856 1821 in
2917 1780 2984 1821 eo
3015 1765 3279 1821 recedere
3315 1779 3345 1818 a
3395 1759 3674 1817 sententia

401 1868 751 1929 usurpatum,
781 1865 839 1911 et
882 1857 995 1912 illic
1028 1872 1056 1911 a
1104 1855 1267 1910 nobis
1301 1853 1642 1909 declaratum
1676 1849 1730 1903 itt
1763 1846 1985 1911 Glossa—

399 1951 507 2011 rio.
542 1966 607 2003 eo
636 1952 819 2018 aptius
853 1958 909 2004 et
939 1948 1246 2019 elegantius
1287 1947 1380 2001 hic
1410 1943 1638 1998 adhibet
1678 1940 1984 2011 Pachyme-

401 2058 511 2107 res,
543 2046 693 2113 quod
743 2042 886 2096 istud
924 2039 1216 2096 Prodromi
1253 2033 1676 2096 monasterium,
1715 2047 1747 2086 a
1789 2046 1899 2100 quo
1925 2044 1985 2085 se

399 2135 586 2191 divelli
613 2150 754 2205 πει-ρ
780 2135 998 2189 sinebat
1021 2132 1108 2206 [P.
1141 2130 1270 2203 493]
1300 2127 1629 2185 Theodorus
1654 2125 1983 2197 Cyzicenus,

401 2229 620 2285 fortiter
648 2227 930 2283 abducere
956 2226 1292 2282 conantibus
1320 2222 1637 2285 obluctans,
1669 2220 1849 2275 Petrae
1891 2230 1987 2271 co-

400 2336 640 2391 gnomen
678 2319 940 2374 habebat.
973 2318 1125 2374 idem
1147 2317 1319 2378 enim,
1358 2323 1421 2370 ut
1451 2313 1694 2376 videtur,
1734 2317 1825 2366 est
1856 2321 1985 2364 cum

402 2414 501 2469 illo
533 2411 678 2481 quod
722 2412 981 2481 superius
1011 2425 1065 2479 p.
1099 2409 1190 2469 44,
1237 2408 1373 2478 μονὴ
1404 2405 1497 2458 τοῦ
1537 2403 1852 2476 Προδρόμου
1885 2399 1985 2468 τῆς

404 2507 653 2577 Πέτρας.
712 2504 1094 2558 monasterium
1148 2499 1432 2554 Prodromi
1501 2496 1697 2561 Petrw,
1740 2491 1984 2563 appella-

400 2609 517 2655 1111'.

471 2691 718 2755 Λικνος,
755 2705 807 2759 p.
848 2687 930 2745 l9.
984 2687 1203 2749 Λὶκνος,
1234 2682 1400 2753 vulgo
1436 2694 1602 2749 cuna,
1633 2678 1858 2735 videtur
1891 2677 1985 2734 hic

399 2780 508 2838 dici
537 2794 712 2850 genus
741 2778 946 2834 lectica!
971 2783 1067 2831 aut
1095 2773 1312 2832 ferculi.
1338 2787 1449 2844 quo
1479 2781 1792 2843 gestaretur
1816 2784 1985 2825 senex

401 2874 746 2944 decrepitus,
780 2885 976 2940 nempe
1005 2866 1377 2940 gestatorium,
1407 2880 1513 2918 vox
1555 2872 1820 2933 usurpata
1848 2863 1987 2918 Sue-

401 2968 556 3025 tonio
588 2967 645 3021 in
668 2965 899 3022 Claudio
927 2982 940 3017 :
986 2962 1186 3018 Solita:
1206 2962 1262 3015 in
1288 2961 1576 3030 gestatoria
1603 2954 1805 3011 ludere.

475 3055 774 3128 Δηναιών.
804 3072 856 3125 p.
894 3053 1019 3109 506.
1054 3053 1160 3106 Τοῦ
1192 3051 1236 3104 δ’
1279 3050 1445 3104 αὑτοῦ
1470 3048 1983 3118 ἔτους-Ἑκατομ-

400 3150 612 3205 ϐαιῶνα
648 3149 889 3217 λέγουσι.
916 3146 985 3202 Et
1018 3146 1158 3199 infra
1185 3161 1199 3197 :
1822 3136 1835 3143 ”

477 3245 668 3311 Μῆνας
697 3242 753 3295 δὲ
784 3239 1009 3310 Ληναιῶ
1034 3236 1224 3307 πρώτη
1261 3234 1419 3307 βάσις
1454 3233 1641 3288 ἵστατο
1678 3233 1872 3303 μήνης.

403 3336 588 3392 llabes
621 3334 793 3390 iubis
855 3332 1248 3404 Pacbymerem
1296 3336 1547 3385 secutum
1600 3325 1982 3382 auctoritatem

399 3431 764 3501 interpretum
794 3424 1039 3490 Hesiodi,
1072 3424 1204 3480 dum
1233 3437 1456 3478 carmen
1483 3420 1627 3491 apud
1657 3420 1806 3487 ipsos
1832 3433 1985 3489 pan-

397 3514 922 3596 geret,.ianuarium
957 3533 1184 3574 vocasse
1216 3516 1533 3588 Ληναιῶνα,
1565 3513 1725 3583 quasi
1773 3512 1855 3567 sic
1888 3510 1981 3567 ille

402 3616 610 3673 mensis
631 3615 699 3670 ab
720 3611 1159 3670 Atheniensibus
1187 3608 1591 3668 nominaretur,
1612 3620 1739 3660 cum
1766 3620 1825 3660 re
1851 3620 1983 3660 vera

395 3711 552 3782 juxta
606 3707 965 3767 exaCtiorem,
1000 3711 1062 3757 ut
1120 3711 1299 3772 putat,
1337 3700 1669 3755 sententiam
1703 3697 1985 3753 Romano-

401 3819 524 3857 rum
555 3801 852 3858 Jaztuarius
876 3797 1042 3869 700
1092 3794 1525 3850 Atheniensibus
1555 3790 1983 3854 llecatombwn

399 3900 585 3955 dictus
636 3898 731 3952 sit.
800 3895 914 3953 lam
966 3892 1180 3962 pridem
1247 3890 1301 3945 in
1363 3887 1830 3945 Observationibus
1913 3884 1981 3939 ad

400 3990 640 4060 priorem
666 3985 922 4041 Historia:
949 3982 1397 4054 Pachymeriante
1418 3993 1653 4051 partem,
1685 3980 1723 4033 l.
1752 3994 1830 4041 ιιι.
1851 3992 1901 4033 c.
1929 3979 1980 4045 1,

398 4081 775 4138 demonstravi
833 4080 978 4134 hanc
1031 4075 1282 4130 historici
1335 4077 1511 4130 nostri
1560 4078 1879 4148 opinionem
1928 4085 1982 4128 et

403 4177 480 4232 illi
537 4175 873 4247 singularem
930 4179 986 4225 et
1036 4168 1226 4222 falsam
1277 4183 1420 4229 esse,
1468 4170 1573 4225 nisi
1621 4171 1800 4224 solum
1850 4166 1985 4221 velit

402 4270 640 4340 primum
698 4266 828 4321 anni
884 4261 1050 4320 Attici
1098 4278 1343 4318 mensem
1387 4262 1841 4333 Ἑκατομϐαιῶνα
1896 4261 1984 4315 di-

397 4372 576 4422 ctum,
616 4358 1084 4428 quemadmodum
1109 4359 1323 4428 printus
1341 4356 1471 4411 anni
1506 4353 1741 4410 Romani
1780 4355 1985 4411 mensis

2007 3111 2055 3174 C

2087 1859 2514 1914 seltoliastarum
2555 1856 2801 1922 Hesiodi,
2841 1865 3125 1927 utcunque
3183 1856 3368 1910 minus
3398 1853 3503 1908 sibi
3543 1865 3675 1921 pro-

2086 1952 2254 2007 bata?
2311 1950 2618 2021 Snspicari,
2683 1950 2902 2021 opinor,
2957 1950 3156 2005 liceret
3207 1948 3564 2009 alterutrum,
3620 1943 3671 1997 si

2086 2038 2531 2108 Moschopulum,
2558 2038 2819 2094 Proclum
2841 2049 2900 2094 et
2917 2038 3157 2093 Taetzen
3187 2052 3254 2092 eo
3281 2048 3562 2091 constaret
3594 2034 3676 2088 si-

2086 2132 2202 2186 mul
2225 2118 2421 2187 omnes
2446 2138 2694 2199 tempore
2719 2130 2921 2186 vixisse
2941 2145 3054 2200 quo
3075 2128 3349 2196 potuisset
3379 2126 3510 2181 dare
3538 2124 3678 2196 ipsis

2087 2239 2227 2294 puer
2257 2238 2482 2294 operam
2519 2222 2886 2294 Pachymeres
2938 2222 2993 2277 in
3044 2222 3180 2277 ludo
3231 2221 3527 2276 litterario.
3569 2218 3672 2274 Cui

2086 2331 2158 2372 ne
2198 2331 2302 2371 nos
2356 2316 2707 2386 implicemus
2759 2313 3139 2384 disquisitioni
3173 2329 3282 2368 non
3316 2312 3671 2371 necessariae,

2087 2407 2387 2465 secundam
2416 2408 2600 2479 potius
2641 2409 2785 2461 viam
2818 2405 3153 2468 tenebimus,
3186 2403 3290 2458 nisi
3322 2403 3369 2457 si
3401 2403 3527 2472 quis
3559 2416 3674 2455 ma-

2085 2498 2153 2555 lit
2180 2500 2452 2569 suspicari
2488 2498 2905 2570 Pacbymerem.
2940 2496 3085 2566 apud
3113 2494 3530 2565 qualescunque
3562 2507 3678 2545 ma-

2088 2592 2293 2663 gistros
2320 2592 2480 2648 daret
2509 2607 2734 2661 operam
2774 2589 2998 2651 litteris,
3033 2587 3181 2659 quod
3235 2587 3269 2641 ii
3326 2587 3490 2656 vulgo
3529 2585 3675 2639 cele-

2088 2685 2271 2740 brium
2309 2685 2540 2740 istorum
2576 2682 2799 2739 Hesiodi
2833 2685 3202 2752 interpretum
3242 2678 3574 2735 sententiam
3601 2691 3672 2731 eo

2086 2789 2254 2849 poeta
2276 2778 2588 2833 enarrando
2615 2787 3007 2848 sequerentur,
3043 2777 3189 2831 illam
3228 2773 3369 2829 dicis
3408 2786 3574 2855 causa
3614 2778 3673 2825 et

2089 2871 2470 2943 perfunctorie
2524 2870 2581 2924 in
2642 2872 2903 2926 versibus
2957 2870 3113 2941 juxta
3163 2882 3405 2939 ipsorum
3464 2865 3671 2921 dictata

2086 2964 2310 3034 scriptis
2350 2964 2661 3033 amplexum
2692 2962 2886 3018 fuisse.

2159 3054 2245 3128 [P.
2276 3055 2405 3129 494]
2427 3050 2847 3126 Λοταρὲαστ-ὴς
2875 3054 2988 3125 τῆς
3003 3052 3224 3121 αὐλῆς,
3252 3067 3308 3123 p.
3345 3050 3474 3107 296.
3511 3049 3659 3117 Παρ-

2086 3149 2192 3219 ῆγε
2249 3150 2306 3203 δὲ
2353 3151 2446 3203 καὶ
2478 3150 2736 3220 μάρτυρα
2785 3147 3101 3218 λεγομένων
3133 3147 3226 3199 τὸν
3256 3147 3379 3199 τότε
3409 3144 3670 3212 λογαρια-

2087 3244 2221 3313 στὴν
2247 3243 2347 3314 τῆς
2376 3242 2549 3313 αὐλῆς
2579 3243 2869 3313 Ἄγγελον.
2919 3242 3042 3296 Mox
3074 3241 3245 3295 illutn'
3267 3237 3346 3293 ait
3378 3236 3545 3291 fuisse
3574 3236 3672 3303 ὸφο

2086 3335 2254 3407 φικίῳ
2276 3334 2667 3405 τετιμημένον,
2692 3336 3010 3389 honoratum
3034 3331 3232 3403 ofﬁcio,
3256 3330 3364 3385 hoc
3387 3338 3473 3384 est
3501 3327 3674 3399 magi-

2085 3438 2263 3482 strato
2306 3426 2614 3482 honoriﬁco
2649 3429 2943 3498 insignem.
2972 3425 3149 3497 Hujus
3172 3438 3377 3478 munus
3397 3421 3668 3482 Codinus,

2085 3534 2136 3574 c.
2186 3521 2242 3583 5,
2290 3536 2349 3574 ιι.
2387 3520 2478 3580 84,
2530 3519 2617 3574 his
2655 3519 2845 3574 verbis
2885 3517 3149 3587 exprimit
3191 3532 3206 3570 :
3252 3515 3313 3583 'O_
3363 3514 3466 3579 τῆς
3498 3511 3670 3580 αὐλῆς

2088 3613 2449 3684 λογαριαστὴς
2482 3611 2758 3678 λογίζεται
2800 3611 2927 3673 τοὺς
2964 3610 3024 3662 ὲν
3066 3611 3131 3679 τῇ
3168 3607 3307 3678 αὐλῇ
3337 3603 3668 3677 εὑρισκομέ-

2087 3724 2211 3768 νους
2237 3707 2446 3767 πάντας
2479 3702 2802 3774 ρογάτορας,
2836 3704 2885 3756 εἰ
2907 3700 3084 3755 λείπει
3104 3701 3209 3755 τινὶ
3244 3700 3355 3753 ἀπὸ
3378 3701 3474 3768 τῆς
3505 3697 3662 3768 701

2088 3801 2253 3870 ρόγας
2277 3795 2467 3860 αὐτοῦ,
2510 3796 2954 3867 ἢὲξεδούλευσεν
3009 3794 3151 3864 ὑπὲρ
3203 3787 3278 3848 ὧν
3329 3793 3659 3865 ἐρῤογεύθη.

2088 3891 2204 3946 Hoc
2243 3899 2329 3945 est
2385 3891 2692 3958 interprete
2743 3886 3007 3945 Gretsero
3048 3896 3239 3942 nostro
3277 3903 3291 3940 :
3337 3885 3669 3957 Logariastea

2086 3981 2225 4037 aulae
2243 3990 2486 4037 numerat
2514 3991 2562 4036 et
2593 3987 2863 4052 computat
2887 3995 3068 4034 omnes
3097 3978 3290 4034 milites
3315 3979 3406 4048 qui
3456 3980 3512 4032 in
3542 3979 3668 4029 aula

2085 4078 2349 4146 stipendia
2398 4084 2633 4138 merent;
2683 4081 2735 4128 et
2793 4073 3004 4144 dispicit
3082 4073 3320 4142 nunquid
3384 4072 3547 4126 alicui
3608 4072 3672 4123 de

2084 4169 2344 4240 stipendio
2390 4168 2542 4230 desit,
2568 4175 2661 4221 aut
2703 4183 2830 4221 num
2861 4165 3016 4238 plene
3059 4165 3382 4235 satisfecerit
3432 4181 3528 4235 pro
3580 4165 3673 4217 sti-

2087 4270 2277 4341 pendio
2299 4267 2437 4340 quod
2465 4269 2692 4337 accepit.
2724 4265 2977 4321 Meminit
3000 4265 3161 4335 hujus
3185 4263 3352 4318 ollicii
3372 4278 3520 4333 smpe
3539 4262 3670 4316 alibi

2085 4360 2352 4417 Codinus.
2383 4360 2519 4415 Erat
2564 4367 2623 4415 et
2672 4357 2815 4415 alius
2844 4355 3172 4427 logoriastes
3195 4371 3428 4425 magnus
3459 4369 3671 4410 memo~

398 4453 693 4508 Januarius
753 4450 984 4509 dicitur.
1038 4450 1157 4506 Hoc
1200 4450 1347 4505 enim
1402 4463 1535 4504 sane
1603 4446 1979 4502 verissimum.
2013 4466 2057 4522 ῃ
2087 4466 2242 4509 ratus
2267 4453 2448 4510 eidem
2482 4468 2593 4509 non
2656 4451 2850 4514 semel,
2900 4459 2962 4507 ut
3011 4466 3061 4506 e.
3112 4451 3168 4515 2,
3206 4468 3262 4505 ιι.
3299 4450 3406 4516 4ος
3459 4450 3530 4505 ab
3567 4450 3672 4504 hoc

398 4544 538 4597 Illud
609 4554 793 4597 autem
859 4541 1261 4603 falsissimum,
1319 4540 1643 4595 Januarium
1702 4537 1981 4606 Ἕκα-τομε-

400 4637 596 4689 fimi»:
645 4633 1010 4705 respondere,
1047 4633 1122 4687 ita
1172 4641 1234 4687 ut
1269 4630 1616 4701 temporibus
1668 4627 1985 4683 iudicandis

398 4728 635 4784 alterum
674 4726 896 4781 illorum
946 4725 1349 4780 vocabulorum
1408 4725 1665 4794 usurpari
1723 4733 1985 4797 tanquam

397 4822 733 4893 :cquivalens
761 4820 921 4875 alteri
948 4829 1136 4887 queat,
1179 4819 1327 4890 quod
1363 4830 1708 4886 constanter,
1746 4820 1843 4875 sed
1869 4821 1985 4875 sin-

399 4915 666 4985 gnlariter
688 4921 745 4968 et
773 4912 1060 4978 mendose,
1089 4913 1451 4985 Pachymeres
1481 4911 1634 4967 facit.
1664 4911 1766 4967 Hic
1793 4911 1987 4968 viden-

400 5010 531 5060 dum
565 5008 742 5061 solum
773 5014 859 5061 est
879 5006 1105 5076 quinam
1139 5006 1252 5062 sint
1275 5006 1355 5062 illi
1389 5021 1531 5077 quos
1555 5006 1648 5060 hic
1688 5015 1983 5070 memorat,

402 5100 667 5169 ἐξηγηταὶ
692 5099 789 5152 τοῦ
811 5100 1127 5171 Ἀσκρηθεν
1154 5100 1760 5171 ποιητοῦ,ετιαννατονεε
1787 5101 1987 5154 Αδεναεὶ

398 5204 592 5259 roetaz.
626 5191 906 5248 Habemus
934 5193 1240 5248 Hesiodum
1273 5208 1425 5248 mere
1455 5193 1641 5248 Graece
1674 5209 1799 5246 cum
1833 5208 1984 5248 mere

402 5284 609 5340 Grtecis
644 5283 897 5349 scholiis,
930 5283 1143 5339 editum
1191 5282 1461 5348 Venetiis,
1504 5300 1596 5339 an.
1631 5283 1763 5339 Chr.
1820 5285 1983 5349 1537,

400 5392 568 5447 opera
604 5376 844 5431 Victoris
891 5374 1229 5439 Trincaveli,
1263 5377 1419 5447 cujus
1456 5376 1508 5431 in
1563 5376 1693 5430 libri
1728 5376 1858 5431 folio
1892 5378 1980 5441 68,

400 5471 466 5523 ad
502 5468 656 5522 illum
684 5468 802 5539 ejus
830 5480 1003 5538 poetae
1034 5483 1254 5523 versum
1291 5487 1306 5522 :

471 5561 634 5628 Μῆνα
662 5561 721 5614 δὲ
751 5561 1045 5628 Ληναιῶνα
1074 5566 1168 5613 καὶ
1199 5562 1386 5631 ἤματι
1424 5562 1657 5634 βούὸορα
1693 5564 1891 5629 πάντα,

402 5650 794 5721 Ηττεειιορυιυε
846 5652 928 5706 sic
958 5653 1187 5707 adnotat
1221 5672 1234 5707 :
1271 5650 1426 5708 liciti:
1470 5655 1524 5707 δὲ
1559 5657 1706 5724 μῆνα
1749 5658 1841 5709 τὸν
1870 5658 1984 5726 Λη-

404 5743 630 5809 ναιῶνα,
664 5745 813 5808 ὅστις
842 5745 991 5798 ἐστὶν
1030 5749 1057 5799 ὁ
1093 5747 1445 5819 Ἰανουάριος.
1483 5749 1637 5805 Folio
1669 5759 1858 5820 postea
1892 5752 1980 5818 7i,

2087 4547 2243 4618 prior
2270 4546 2636 4617 distinguitur
2671 4548 2931 4620 adjuncto
2958 4545 3099 4599 aula:
3121 4545 3419 4602 vocabulo.
3456 4542 3619 4611 Quod
3637 4559 3667 4597 a

2084 4636 2298 4693 Codiuo
2310 4638 2595 4703 scribitur,
2615 4653 2665 4694 c.
2684 4638 2742 4705 5,
2760 4655 2817 4693 rt.
2832 4637 3005 4705 61,de
3020 4635 3314 4707 logariaste
3330 4635 3491 4699 aulae,
3507 4627 3674 4699 Οὗτος

2085 4730 2189 4783 οὐκ
2222 4729 2339 4800 ἔχει
2362 4748 2416 4784 τι
2442 4730 2781 4803 ὑπηρέτημα
2813 4729 2929 4797 νῦν,
2961 4745 3147 4784 carere
3201 4745 3343 4783 nunc
3381 4728 3672 4798 functione,

2085 4819 2248 4877 facile
2276 4822 2517 4893 quadrat
2542 4825 2598 4880 in
2629 4824 2744 4879 haec
2769 4833 2864 4878 aut
2897 4821 3062 4893 paulo
3082 4821 3390 4892 posteriora
3412 4819 3502 4874 bis
3538 4828 3676 4874 tem-

2086 4937 2245 4994 pora.
2292 4917 2500 4988 quibus
2541 4917 2747 4973 vixisse
2804 4915 3054 4972 Codinus
3107 4927 3340 4988 putatur
3385 4912 3491 4970 sub
3530 4913 3674 4970 Can-

2089 5024 2357 5070 tacuzeno
2394 5021 2489 5066 aut
2519 5025 2646 5066 cum
2687 5009 2807 5073 illo,
2849 5008 2956 5063 hoc
2986 5017 3075 5063 est
3103 5009 3418 5079 principatu
3458 5009 3675 5066 Andro-

2088 5106 2200 5161 nici
2228 5105 2493 5168 Junioris,
2519 5103 2686 5174 hujus
2712 5099 3034 5165 Andronici,
3055 5102 3219 5172 cujus
3265 5101 3552 5157 historiam
3573 5103 3674 5157 Pa-

2087 5198 2376 5269 chymeres
2426 5196 2533 5250 hoc
2583 5209 2748 5262 opere
2787 5193 2973 5255 tradit,
3011 5196 3230 5262 nepotis
3279 5202 3336 5248 et
3375 5194 3671 5264 aliquando

2088 5293 2331 5361 Collegae.
2361 5289 2498 5345 Cum
2541 5288 2689 5343 enim
2723 5304 2789 5341 ex
2822 5287 2907 5342 his
2937 5303 3058 5357 qua:
3105 5303 3251 5356 saepe
3286 5289 3544 5355 superius
3578 5304 3672 5341 no-

2089 5397 2204 5441 ster
2238 5392 2471 5453 questus
2500 5389 2584 5436 est
2624 5380 2695 5435 de
2738 5380 2987 5450 neglecta
3026 5380 3305 5435 solutione
3343 5382 3667 5450 pensionum

2089 5476 2360 5531 militibus
2407 5475 2782 5539 decretarum,
2822 5490 2959 5544 quas
2987 5473 3151 5544 ῥόγας
3203 5473 3449 5528 Codinus
3498 5486 3555 5528 et
3579 5472 3668 5526 alii

2088 5579 2308 5634 vocant,
2344 5568 2683 5637 intelligatur
2713 5569 2921 5622 sensim
2956 5566 3243 5621 inductum
3295 5565 3399 5620 sub
3452 5566 3654 5620 Andro.

2086 5664 2216 5717 nico
2248 5662 2452 5717 seniori
2494 5676 2705 5716 morem
2737 5660 2977 5731 primum
3016 5676 3145 5715 sero
3176 5676 3279 5715 nec
3324 5661 3538 5731 integre
3563 5658 3643 5713 sol

2089 5755 2253 5813 vendi
2278 5755 2425 5827 quod
2456 5756 2820 5813 constitutum
2859 5754 3228 5811 militantibus
3263 5762 3406 5822 erat,
3445 5752 3660 5821 deinde,
