4036 6400
369 328 472 392 761

1754 351 2284 420 GLOSSARIUM.

3538 363 3647 425 71ζὲ

368 460 430 499 ut
454 458 701 516 apparet,
748 466 978 519 prorsus
1021 458 1282 527 negandi,
1322 461 1503 518 locum
1558 467 1799 536 amplius
1837 482 1950 520 non
1985 477 2028 531 Α
2058 473 2183 526 dam
2209 475 2275 527 ad
2307 476 2434 530 olitn
2465 492 2495 531 a
2521 493 2607 534 me
2632 490 2814 536 notata
2844 483 2910 535 ad
2952 481 3056 538 hoc
3095 484 3339 537 verbum.
3384 481 3644 538 Occurrit

367 541 567 596 habuit
597 542 807 598 functio
840 546 1145 613 logariastte
1172 553 1333 617 aulae,
1368 555 1411 609 si
1450 557 1567 626 ejus
1599 571 1739 621 erat,
1768 568 1827 612 ut
1863 570 1950 614 est

368 634 603 701 dictum,
656 639 948 707 providere
988 651 1047 697 ut
1083 643 1295 715 integre
1356 652 1651 718 pensiones
1696 654 1811 708 ista:
1850 670 1951 721 pro

369 728 534 779 modo
569 738 781 784 navatae
832 747 1016 801 operae
1048 751 1498 796 numerarentur.
1535 743 1722 798 Potuit
1766 758 1948 800 tamen

364 834 571 874 nomen
603 830 660 874 et
707 821 884 877 honor
937 824 1101 894 hujus
1143 830 1493 898 magistratus
1522 835 1769 895 retineri,
1802 840 1947 905 quod

369 914 458 965 hic
487 922 675 967 noster
700 914 905 970 indicat
965 921 1072 973 etsi
1106 923 1213 989 jam
1253 932 1365 976 tmn
1402 925 1566 991 forte,
1600 929 1643 981 si
1674 930 1951 996 (lodiuus,

367 1006 527 1076 cujus
579 1014 711 1060 mtas
779 1015 865 1061 est
920 1008 1151 1076 incerta,
1206 1017 1311 1071 sub
1364 1020 1685 1075 Andronico
1732 1024 1954 1079 seniore

368 1100 617 1168 scripsit,
664 1102 790 1172 ejus
859 1104 1258 1174 ministerium,
1327 1110 1686 1183 ὑπηρέτημα,
1747 1130 1957 1171 cessas-

370 1206 474 1249 set.

440 1289 929 1357 Μαιμακτηριών.
963 1307 1017 1360 p.
1069 1292 1194 1347 582.
1233 1293 1379 1349 Cave
1414 1308 1573 1365 putes
1606 1299 1710 1354 hoc
1742 1313 1801 1354 ut
1835 1303 1957 1357 aliis

368 1380 508 1436 locis
539 1382 704 1452 hujus
743 1383 988 1437 historia:
1022 1386 1192 1453 priori
1225 1398 1413 1441 nostro
1438 1388 1717 1444 Glossario
1751 1393 1959 1447 indica-

371 1472 441 1524 tis
474 1472 950 1543 Μιιμακτηριῶνα
997 1475 1221 1530 Juniutu
1261 1476 1393 1530 dici.
1448 1479 1747 1551 chugnat
1781 1485 1958 1538 Inani-

365 1567 507 1621 fcste
533 1566 820 1623 character
863 1568 1034 1623 ferian
1071 1570 1205 1624 Nam
1241 1573 1615 1627 certissimum
1636 1589 1721 1629 est
1744 1593 1952 1631 annum

367 1675 482 1728 quo
524 1662 612 1716 bie
654 1671 873 1717 narrata
903 1664 1017 1732 geri
1049 1665 1307 1734 contigit,
1342 1666 1515 1721 fuisse
1554 1667 1760 1722 Christi
1796 1669 1953 1733 1501,

365 1753 464 1821 qui
509 1754 628 1809 sine
665 1757 773 1809 ulla
811 1760 1194 1811 controversia
1224 1761 1437 1829 cyclum
1473 1761 1608 1815 solis
1637 1766 1954 1817 numeravit

364 1843 475 1914 23,
511 1845 637 1913 quia
670 1860 803 1899 vero
828 1847 1129 1900 bissextilis
1161 1849 1287 1913 fuit,
1318 1850 1593 1916 duplicent
1647 1852 1841 1907 habuit
1873 1853 1958 1906 iu-

365 1938 553 1992 dicem
605 1938 904 1994 Dominicae
960 1940 1224 2007 litteram,
1255 1941 1295 1994 E
1344 1951 1401 1997 et
1432 1943 1497 2008 D,
1529 1959 1766 2013 quarum
1799 1946 1956 2017 prior

366 2046 546 2100 usque
582 2029 646 2084 ad
670 2030 740 2084 28
762 2031 1050 2086 Februarii
1086 2032 1258 2098 diem,
1298 2034 1513 2103 reliquo
1545 2036 1674 2091 inde
1706 2047 1955 2108 tempore

362 2123 647 2191 posterior
685 2125 740 2176 in
801 2139 901 2178 usu
963 2123 1085 2177 fuit.
1119 2124 1306 2180 Mense
1337 2126 1506 2196 igitur
1529 2110 1792 2190 Juoiofsi
1833 2132 1956 2200 ejus

362 2216 709 2270 meminisset
742 2216 848 2269 hoc
873 2216 993 2269 loco
1024 2217 1416 2288 Pachymcres,
1447 2231 1732 2289 oporteret
1764 2222 1816 2276 in
1850 2225 1956 2279 Ka-

359 2290 619 2365 lendario
653 2311 719 2364 ad
746 2311 893 2367 latus
915 2312 1193 2367 vicesimae
1236 2314 1426 2381 prima;
1458 2313 1569 2369 diei
1620 2316 1861 2372 litteram
1911 2320 1955 2374 B

361 2407 607 2463 indicem
649 2416 816 2462 sexta:
849 2407 1022 2473 feriae,
1087 2409 1311 2477 quando
1342 2409 1386 2463 D
1438 2410 1672 2479 primam
1702 2412 1957 2484 designat

358 2500 584 2566 feriam,
634 2501 857 2570 signari.
887 2504 1049 2570 Atqui
1087 2513 1304 2565 contra,
1341 2515 1401 2559 ut
1438 2506 1615 2574 palam
1668 2507 1952 2571 cernitur,

365 2593 412 2644 1)
444 2594 651 2656 littera,
689 2595 974 2649 character
1004 2594 1268 2649 videlicet
1300 2594 1601 2650 Dominica:
1634 2596 1829 2665 ipsius,
1873 2598 1956 2653 vi-

362 2686 630 2739 cesimam
683 2686 914 2752 primam
941 2687 1093 2742 Junii
1134 2687 1280 2741 diem
1335 2687 1582 2757 insignit.
1614 2687 1735 2743 Non
1789 2691 1957 2761 igitur

360 2776 437 2831 de
469 2776 636 2830 Junio
667 2777 757 2830 hic
782 2793 989 2832 sermo.
1037 2776 1191 2832 Vidit
1222 2778 1325 2833 hoc
1357 2779 1611 2848 quisquis
1641 2790 1727 2835 est
1761 2792 1956 2837 auctor

363 2870 773 2939 parapliraseos
800 2871 1094 2927 Vaticanis.
1145 2872 1281 2927 Nam
1320 2873 1366 2926 is
1403 2875 1506 2928 etsi
1551 2874 1684 2927 alibi
1733 2891 1955 2942 semper

364 2963 855 3031 Μαιμακτηριὼνα
911 2962 1138 3019 Junium
1179 2948 1380 3026 reddit,
1414 2965 1495 3019 sic
1521 2975 1720 3034 printer
1744 2982 1951 3020 morem

367 3057 517 3110 hunc
552 3056 735 3110 locum
781 3055 1159 3154 πιῖραφρὰζει.
1214 3053 1433 3154 Ἦρῖέρᾳ
1487 3060 1595 3154 μ.ὲῖ
1623 3056 1718 3111 οὖν
1772 3060 1956 3154 "apa-

2055 565 2185 617 mihi
2236 567 2430 622 deinde
2477 570 2619 623 forte
2671 572 2870 640 legenti
2906 575 3141 630 Tzetzcn
3176 575 3335 645 hujus
3358 579 3642 631 enarratio

2053 658 2328 716 vocabuli.
2358 661 2597 718 chiliade
2631 665 2688 727 4,
2723 665 2806 720 his
2842 667 3091 722 versibus
3121 684 3137 720 :

2068 784 2299 843 Ταυτὸν
2347 790 2428 856 τῷ
2467 793 2951 864 ,ϐλιτομᾰμμοντι
2980 799 3384 868 μαιίμάκυτος
3423 801 3642 868 σημαι-

3457 889 3545 924 νει

2059 932 2227 986 "Utor.
2254 937 2459 1003 μωρὸν
2490 939 2962 1006 aurarium-crta
3009 941 3262 1010 μὰμμαν
3292 960 3377 1015 τᾳ
3395 871 3493 996 xhi
3535 911 3645 1015 ἐόν

2056 1072 2247 1140 Μωρέ,
2279 1078 2429 1145 φησι
2464 1079 2573 1148 γὰρ
2607 1078 2949 1149 προφανῶς,
2994 1013 3639 1226 σύγ-κρινεῖτεῌέῑξῖῖάμ·

3274 1172 3399 1221 par
3429 1172 3570 1208 σου.

3274 1172 3399 1221 μαν
3429 1172 3570 1208 σου.

2058 1275 2261 1345 Origini
2296 1282 2381 1334 hic
2434 1285 2682 1338 indicata:
2734 1287 2882 1339 vocis
2933 1287 3332 1358 μαμμάκουοος
3388 1289 3495 1340 ἀπὺ
3545 1286 3645 1355 τῆς

2064 1372 2299 1441 μάμμης
2338 1388 2703 1431 conscntance
2738 1378 2926 1431 scribit
2953 1380 3293 1434 Phavorinus
3320 1381 3371 1433 in
3403 1380 3640 1435 chico:

2060 1464 2473 1533 Μαμμάκουοοι
2532 1470 2655 1521 ἀντὶ
2713 1470 2809 1523 τοῦ
2869 1472 3323 1542 μαμμὸῡρεπτοι.
3380 1473 3646 1527 llcnrirus

2060 1557 2368 1626 Stephanus
2422 1559 2474 1613 iit
2512 1558 2783 1617 Thesauro
2818 1565 3290 1633 μαμμοορέπτους
3324 1566 3427 1619 dici
3491 1575 3644 1635 putat

2060 1665 2255 1719 pueros
2287 1652 2503 1713 mollius
2535 1664 2587 1707 et
2622 1656 2994 1726 indulgentius
3018 1658 3299 1721 educatos,
3342 1660 3530 1728 quales
3566 1660 3641 1713 illi

2058 1741 2180 1795 sunt
2227 1744 2316 1810 qui
2349 1745 2418 1799 ab
2443 1746 2563 1799 avia
2598 1762 2694 1815 pro
2728 1764 2921 1803 senum
2952 1765 3106 1805 more
3138 1752 3384 1807 tenerius
3416 1764 3645 1821 nepotu-

2060 1833 2141 1888 los
2169 1838 2386 1891 amante
2433 1839 2771 1895 nutriuntur.
2826 1840 3103 1910 Ejusmodi
3155 1857 3277 1897 eum
3337 1846 3541 1910 inertes
3589 1856 3646 1897 et

2060 1928 2348 1995 voluptarii
2390 1943 2511 1983 esse
2538 1931 2768 1995 soleant,
2800 1932 2927 1988 hinc
2973 1934 3268 2023 adhaesisse
3302 1928 3448 2001 putat
3482 1951 3643 1990 voca--

2059 2019 2184 2073 bolo
2219 2021 2659 2090 μαμμόορεπτος
2717 2025 2951 2078 similem
3004 2019 3387 2082 dissolutionis
3423 2038 3475 2080 et
3509 2031 3644 2080 ἀκο-

2057 2110 2251 2187 λασίας
2291 2114 2568 2168 infamiam
2600 2117 2646 2169 ei
2678 2131 2841 2185 quam
2870 2118 3049 2171 Latini
3071 2134 3167 2173 usu
3198 2120 3426 2190 antiquo
3458 2120 3634 2174 allise-

2059 2213 2187 2256 runt
2221 2206 2385 2259 verbo
2421 2222 2598 2275 nepos.
2642 2209 2716 2261 Ita
2750 2209 2878 2266 ille:
2929 2228 2993 2265 ex
3031 2214 3191 2280 cujus
3219 2216 3487 2269 sententia
3524 2216 3647 2268 nul-

2059 2297 2163 2348 lam
2226 2299 2467 2354 stultitia:
2521 2318 2583 2356 ac
2641 2303 2989 2360 hebetudiuis
3042 2308 3260 2371 mentis,
3312 2308 3404 2362 sed
3468 2309 3644 2362 Solum

2059 2389 2287 2445 luxurit-i
2318 2393 2699 2447 ittdiCalioncm
2730 2398 3042 2451 contineret
3073 2398 3392 2453 vocabulum
3419 2401 3647 2471 μαμμό⁹

2059 2479 2316 2549 θρεπτος,
2365 2494 2527 2552 atque
2560 2486 2691 2542 adeo
2741 2502 2846 2541 non
2882 2489 3234 2557 aequivalcret
3291 2491 3370 2561 τῷ
3411 2508 3648 2561 μαμμα-

2057 2574 2259 2644 κούθῳ,
2309 2587 2469 2644 prout
2518 2580 2677 2632 docet
2726 2578 3101 2649 Pliavorinus;
3162 2582 3251 2637 cui
3324 2592 3533 2650 tamen,
3589 2593 3648 2636 ut

2062 2665 2283 2732 Opinor,
2328 2666 2496 2720 totius
2521 2670 2762 2722 creditur
2793 2671 3073 2723 enarranti
3104 2687 3216 2725 suae
3263 2671 3460 2740 lingua:
3483 2673 3650 2743 origi-

2058 2772 2153 2812 nes
2185 2756 2345 2825 quahi
2378 2767 2525 2812 tanto
2554 2763 2843 2816 recentiori
2873 2760 3264 2826 Grammatice,
3291 2769 3648 2833 quantumvis

2057 2862 2337 2913 art-orato,
2394 2852 2693 2922 Stephano.
2726 2853 2894 2910 Multo
2929 2856 3092 2926 igitur
3141 2858 3336 2913 melior
3368 2860 3456 2912 illa
3493 2860 3646 2914 vocis

2061 2945 2501 3016 μαμμὸθρεπτος
2536 2948 2806 3014 eitpositio
2835 2960 2912 3002 est
2956 2966 3117 3017 quam
3151 2954 3389 3022 suggerit
3421 2966 3647 3009 sanctus

2056 3038 2414 3109 Augustinus,
2446 3041 2708 3092 COItCiOlle
2727 3040 2786 3102 ‘2,
2811 3040 2866 3093 in
2900 3038 3049 3095 I’sat.
3083 3059 3212 3107 xxx,
3235 3045 3300 3098 ad
3332 3044 3419 3098 illa
3441 3046 3642 3100 verba:

364 3150 540 3216 σκευῇ
571 3145 766 3219 πρώτῃ
809 3129 903 3199 τῖὗ
935 3146 1155 3200 Ἰουλίου
1188 3147 1381 3216 μηνός,
1413 3159 1523 3204 etc.
1557 3148 1829 3204 Caeterum
1865 3150 1952 3204 hic

2065 3129 2175 3200 Ego
2201 3141 2374 3183 autem
2411 3131 2467 3184 in
2506 3142 2555 3184 te
2609 3132 2838 3197 speravi,
2897 3133 3139 3189 Domine.
3171 3135 3230 3191 Si
3275 3137 3525 3202 atlendis,
3559 3138 3645 3192 iti-

359 3241 616 3311 argutior
648 3241 703 3295 in
737 3240 1025 3295 odoranda
1056 3241 1207 3297 vocis
1237 3240 1687 3312 Μαιμακτηριὼν
1717 3244 1950 3312 ancipiti

359 3337 595 3390 notione
652 3350 817 3405 quam
878 3335 1092 3391 felicior
1140 3336 1194 3390 in
1253 3353 1360 3390 una
1408 3353 1537 3392 vera
1571 3354 1636 3390 ex
1702 3337 1952 3406 pluribus

361 3429 731 3485 discernenda
780 3428 906 3484 fuit.
937 3430 1049 3486 Nec
1086 3430 1234 3485 enim
1269 3431 1416 3486 Julio
1452 3433 1629 3485 mensi
1662 3431 1953 3485 character

363 3522 459 3576 hic
487 3522 830 3591 congruiLut
861 3523 923 3576 21
954 3522 1100 3576 diem
1135 3522 1317 3576 littera
1350 3522 1391 3575 Β
1419 3523 1689 3591 insignem
1726 3522 1947 3577 habeat.

362 3608 507 3665 Nota
540 3609 655 3662 hac
681 3610 902 3679 propria
937 3610 1150 3665 sextilis
1178 3611 1300 3666 sive
1340 3612 1571 3681 Augusti
1606 3612 1812 3666 mensis
1842 3621 1949 3674 est,

362 3710 424 3754 et
454 3699 679 3767 quidem
710 3702 886 3755 solius
935 3701 1081 3755 inter
1112 3716 1310 3756 omnes
1358 3706 1488 3757 anni
1522 3718 1759 3758 menses.
1794 3701 1953 3757 Unde

364 3810 484 3847 non
537 3793 757 3847 videtur
806 3795 1175 3850 dubitandum
1214 3799 1348 3866 quin
1402 3814 1567 3867 quem
1618 3799 1752 3853 alibi
1789 3799 1952 3869 702

366 3888 711 3941 [locatast'bva
759 3900 950 3944 noster
1009 3890 1287 3958 appellare
1341 3892 1650 3954 consuevit,
1684 3892 1789 3948 hoc
1830 3894 1952 3950 loco

368 3982 859 4051 statyaxrrpu‘bva
893 3982 1115 4039 dixerit.
1163 3982 1309 4038 Sane
1353 3986 1469 4054 ipse
1512 3987 1693 4039 innuit
1735 4002 1844 4041 non
1884 4002 1953 4042 ex

371 4073 596 4142 tropria
630 4088 687 4125 se
717 4072 831 4135 hic,
870 4072 966 4126 sed
1016 4087 1079 4126 ex
1108 4072 1286 4126 aliena
1326 4074 1475 4144 loqui
1500 4075 1795 4142 sententia,
1819 4077 1950 4131 dum

368 4164 518 4220 hunc
549 4180 790 4218 mensem
826 4179 934 4218 non
969 4164 1220 4219 absolute
1251 4167 1734 4237 Μαιμακτηριῶνα
1768 4177 1950 4234 vocat,

367 4257 466 4311 sed
522 4273 650 4311 cum
712 4256 806 4326 qui
846 4258 1003 4321 juxta
1054 4257 1425 4313 Athenienses
1476 4258 1555 4313 sic
1607 4261 1949 4328 appelletur;

365 4349 835 4420 quemadmodum
877 4348 960 4420 1P.
1015 4348 1144 4420 495]
1178 4349 1346 4416 idem,
1377 4367 1431 4419 p.
1465 4351 1594 4415 506,
1640 4353 1836 4408 scribit
1862 4354 1953 4409 Ja-

368 4444 649 4504 nuarium,
682 4457 846 4511 quem
889 4442 1149 4496 nimirum
1191 4443 1332 4511 ipse,
1361 4453 1422 4497 ut
1445 4459 1496 4498 e.
1523 4446 1574 4504 1.
1597 4445 1636 4499 l.
1662 4463 1719 4500 tu
1754 4445 1954 4503 Obser-

2061 3222 2201 3289 quit,
2241 3221 2412 3275 adhuc
2459 3222 2742 3287 hominem,
2784 3232 2834 3278 el
2868 3241 2983 3278 eum
3014 3227 3207 3295 quieris
3248 3226 3451 3282 imitari
3504 3239 3554 3282 et
3580 3244 3648 3282 ea:

2061 3317 2153 3370 illo
2187 3321 2431 3385 pendere,
2459 3318 2634 3371 adhuc
2663 3317 2798 3371 lacte
2850 3318 2925 3372 vis
2953 3321 3150 3374 nutriri
3171 3332 3218 3375 et
3248 3323 3344 3389 ﬁes
3380 3336 3644 3375 mammo-

2061 3409 2333 3478 threptus,
2388 3409 2570 3478 quales
2626 3413 2883 3466 dicuntur
2937 3413 3089 3483 pueri
3140 3413 3230 3479 qui
3284 3414 3375 3466 ditt
3426 3426 3640 3482 sugunt,

2058 3506 2197 3574 quod
2229 3520 2332 3557 non
2369 3506 2536 3559 decet.
2586 3501 2786 3558 Notum
2822 3514 3001 3558 autem
3034 3517 3117 3559 est
3159 3507 3515 3573 experientia,
3545 3522 3642 3561 cu-

2053 3598 2142 3666 jus
2175 3599 2456 3667 assignant
2485 3615 2703 3652 causam
2739 3598 2956 3660 mediei,
2994 3615 3191 3668 pueros
3228 3601 3321 3670 qui
3352 3616 3456 3654 non
3491 3599 3647 3653 abla-

2059 3672 2279 3745 etaritur
2312 3691 2655 3760 tempestive,
2711 3692 3026 3747 adolescere
3060 3692 3257 3747 bardos
3280 3708 3343 3746 ac
3374 3692 3642 3762 stupidas,

2058 3792 2116 3838 et
2170 3784 2361 3853 quales
2429 3785 2816 3839 describuntur
2883 3783 2953 3838 ab
3016 3783 3381 3853 ArisIOphane
3434 3783 3647 3853 Bupal-

2059 3893 2197 3945 χοις.
2260 3876 2350 3945 fol.
2414 3877 2538 3942 125,
2588 3892 2641 3946 p.
2674 3877 2825 3933 ﬁed.
2887 3876 3077 3931 Grtcca
3129 3873 3459 3931 Florentium
3514 3874 3644 3930 anni

2061 3970 2202 4025 1525
2226 4011 2243 4029 ς
2309 3969 2744 4039 ἀϐελτερώτεροι
2769 4010 2785 4034 ,
2848 3969 3142 4039 κεχηνότες
3166 4007 3182 4033 ,
3254 3967 3645 4038 μαμμάκυθοι,

2059 4066 2228 4118 stulte
2275 4064 2531 4118 Iiiabondi
2565 4074 2619 4116 et
2643 4063 2869 4118 salivam
2888 4079 2983 4116 ore
3013 4062 3172 4133 703
3203 4061 3435 4115 deﬂuere
3459 4064 3649 4116 sinen-

2061 4168 2161 4217 tes,
2222 4158 2364 4225 quod
2423 4157 2441 4211 l
2491 4156 2643 4211 Sam.
2677 4171 2728 4210 c.
2788 4171 2903 4220 χχι,
2965 4156 3051 4221 15,
3085 4155 3391 4209 otinsauia:
3426 4155 3642 4223 signum

2059 4253 2302 4320 pcuilur.
2335 4246 2474 4302 Galli
2511 4247 2669 4299 hodie
2704 4246 2911 4313 vulgari
2955 4260 3208 4299 sermone
3237 4245 3371 4299 tales
3405 4247 3647 4297 induant

2061 4343 2227 4396 verbo
2275 4342 2401 4403 τοὺς
2447 4339 2751 4410 κεχηνότας
2783 4340 3145 4409 exprimente,
3176 4340 3407 4392 badanx.
3441 4339 3546 4391 Sed
3579 4341 3645 4392 de

2061 4435 2144 4490 his
2170 4434 2291 4502 plus
2318 4434 2474 4486 satis.

364 4537 649 4589 vationuin
708 4534 840 4589 tomi
899 4535 1098 4605 prioris
1143 4537 1508 4601 ostendimus,
1544 4538 1952 4594 Hccatombtro-

2128 4524 2534 4594 Μαρκούτζας.
2564 4525 2716 4592 Quod
2774 4526 2826 4580 ili
2857 4527 3022 4595 priori
3079 4526 3361 4582 Glossario
3397 4526 3645 4595 Suspica-

363 4644 492 4684 nem
537 4628 753 4695 judicat
813 4629 1019 4682 debere
1063 4629 1350 4697 appellari,
1408 4630 1736 4685 Ιιριικοιηειιη
1791 4634 1951 4704 juxta

360 4720 733 4775 Athenienses
758 4737 787 4775 a
816 4720 1147 4789 quibusdam
1182 4722 1312 4783 dici,
1359 4739 1468 4777 non
1523 4736 1673 4778 recte
1699 4740 1802 4781 suo
1832 4728 1956 4796 qui-

362 4815 489 4868 dem
551 4813 784 4884 judicio,
838 4828 1155 4883 quanquam
1216 4816 1334 4879 ipse
1397 4816 1696 4886 aliquando
1753 4835 1948 4874 eorum

364 4909 753 4961 auctoritatem
810 4917 1037 4960 secutus
1093 4906 1312 4962 fuisset.
1347 4907 1540 4963 Simile
1569 4911 1830 4979 quiddam
1862 4914 1952 4968 hic

365 4999 809 5068 intelligendum,
841 4997 947 5052 etsi
995 5008 1189 5053 auctor
1216 5016 1316 5068 pro
1372 5016 1474 5056 suo
1523 5018 1678 5057 more
1712 5003 1951 5061 obscure

362 5107 430 5147 ac
458 5090 745 5143 dimidiato
800 5104 889 5144 res
915 5089 1259 5158 exprimendi
1294 5092 1443 5148 clare
1478 5094 1672 5162 utique
1719 5110 1829 5149 non
1860 5097 1950 5152 in-

361 5184 536 5244 dicat.
568 5182 664 5237 sed
692 5183 950 5238 absolute
981 5182 1202 5239 videtur
1231 5184 1416 5241 dicere
1447 5187 1756 5257 Augustum
1781 5189 1954 5247 Athe—

362 5276 656 5331 niensibus
708 5276 1210 5332 Maemacterionem
1248 5292 1393 5340 esse.
1429 5295 1553 5334 eum
1603 5289 1785 5336 tamen
1817 5285 1952 5340 satis

362 5378 630 5440 appareat
661 5369 715 5424 id
752 5370 906 5426 illum
951 5387 1060 5426 non
1092 5372 1399 5428 credidisse
1432 5374 1593 5445 plane
1648 5376 1721 5430 ita
1749 5393 1807 5432 se
1854 5378 1952 5434 ha-

363 5462 517 5514 bere.
558 5459 771 5515 Etenim
806 5460 853 5515 si
907 5461 987 5514 sic
1013 5471 1289 5525 censeret,
1324 5478 1434 5518 non
1474 5474 1584 5519 tam
1620 5480 1761 5535 saepe
1814 5467 1950 5522 alibi

370 5553 812 5617 .ilwmacterionis
861 5554 1128 5610 vocabulo
1160 5553 1409 5619 Junium,
1452 5557 1763 5626 Augustum
1814 5574 1949 5614 vero

363 5643 672 5699 Posideonis
711 5643 1032 5700 indicasset.

436 5733 857 5804 Μαμάκουθος.
891 5736 1154 5806 Δεύτεραι
1188 5738 1466 5806 φροντίδες
1499 5741 1594 5793 καὶ
1645 5738 1818 5809 φίλων
1843 5741 1952 5795 τῶν

361 5829 565 5898 λογίων
598 5828 627 5880 ὑ
674 5829 939 5898 ομνήσεις
984 5844 1278 5901 suggerunt
1313 5831 1401 5885 hic
1433 5832 1640 5903 aliquid
1673 5838 1819 5903 quod
1851 5834 1946 5889 ad-

2058 4619 2155 4671 bar
2210 4619 2564 4688 μαρκούτζας
2598 4619 2880 4685 legendum
2935 4620 3042 4676 vol.
3106 4621 3151 4684 l,
3198 4636 3251 4690 p.
3302 4619 3433 4686 282,
3489 4635 3645 4674 com-

2058 4718 2251 4778 probat
2287 4708 2571 4764 Maltretus
2607 4720 2819 4772 nOSIer,
2855 4710 3011 4778 cujus
3044 4725 3077 4764 e
3107 4710 3304 4764 litteris
3335 4713 3400 4763 ad
3439 4726 3524 4765 nte
3551 4711 3647 4764 tia-

2060 4803 2128 4853 tis
2165 4804 2277 4854 ba-e
2314 4803 2607 4856 describo:
2647 4820 2665 4853 ι
2707 4803 2762 4855 lu
2800 4803 2966 4856 verbo
3004 4801 3381 4872 Μαρμούτζας
3413 4802 3645 4871 prtefero

2058 4898 2078 4942 t
2113 4905 2237 4943 cum
2281 4890 2614 4958 exemplaria
2648 4906 2768 4959 qua:
2809 4894 3164 4960 μαρκούτζας
3212 4886 3640 4959 δρῐὶιιυιιι,ὀιιιη

2055 4980 2173 5046 ejus
2205 4983 2452 5037 voeaottli
2487 4984 2566 5037 sic
2606 4986 2796 5052 scripti
2831 4987 2987 5053 origo
3013 4986 3243 5041 Arabica
3294 4985 3471 5040 laveat
3513 5002 3643 5040 sen-

2058 5077 2239 5128 tentia:
2303 5074 2413 5129 illic
2467 5062 2719 5131 iudicata:
2775 5075 3150 5147 Pachymeris.
3182 5090 3277 5141 ἾὩ
3332 5096 3449 5132 mar
3491 5081 3640 5133 enim

2055 5168 2321 5222 Arabibus
2358 5170 2437 5223 vir
2480 5179 2661 5237 sonat,
2692 5179 2749 5225 et
2782 5178 2884 5235 tam
2931 5171 3079 5226 kutzi
3116 5174 3465 5245 longinquus,
3527 5175 3645 5229 sive

2053 5275 2120 5315 ex
2154 5260 2450 5331 longinquo
2481 5262 2758 5332 prolectus
2794 5265 3029 5321 advena.

2126 5374 2213 5448 [P.
2279 5374 2430 5448 496].
2488 5379 2972 5446 Μεσιτεὺοντες,
3024 5396 3076 5451 p.
3133 5380 3260 5437 Q08.
3321 5382 3398 5437 Ex
3457 5380 3644 5436 multis

2056 5467 2296 5521 historia:
2329 5468 2490 5536 hujus
2521 5471 2678 5535 locis,
2708 5482 2769 5526 et
2800 5473 3108 5542 ,aiqualium
3147 5473 3466 5545 Pachymeri
3507 5474 3645 5527 scri-

2057 5570 2299 5625 ptorum.
2333 5560 2737 5617 observandum
2795 5564 2986 5631 semel,
3036 5565 3103 5619 ad
3128 5552 3297 5635 hujus
3325 5573 3380 5619 ct
3409 5563 3639 5619 aliorum
3712 5588 3721 5591 ·

2056 5650 2472 5720 intelligentiam
2521 5654 2785 5721 locorum,
2848 5658 3236 5728 μεσιτεύοντας
3291 5659 3378 5713 illa
3434 5671 3644 5727 tempe-

2058 5748 2199 5795 Statc
2227 5741 2699 5815 Constantinopoli
2728 5748 2834 5803 dici
2884 5765 2981 5805 cos
3012 5751 3224 5812 solitos,
3260 5751 3353 5822 qui
3383 5753 3557 5821 gratia
3584 5761 3641 5807 et

2055 5833 2460 5895 existimatione
2504 5842 2557 5895 iu
2592 5841 2786 5910 primis
2833 5843 3101 5912 pollentes
3150 5849 3292 5916 apud
3332 5846 3636 5919 principem
