4036 6402
448 366 557 430 ’ἷϐὃ

1406 357 1467 421 Ρ.
1511 356 1821 420 POSSlNI
1864 354 2064 417 OBSE‘

2172 348 2520 410 ATIONUM
2560 348 2708 408 LIB.
2752 346 2801 409 Ι.
3605 341 3699 405 764

452 476 816 530 instrumenta
846 472 923 528 illi
962 473 1231 542 praecipua
1277 472 1557 542 rcgimiuis
1586 470 1821 524 universi
1855 475 2035 531 erant,
2068 469 2110 526 Α
2144 462 2409 518 ﬁscalium
2467 460 2730 531 quidquid
2773 459 2970 526 cuique
3017 458 3159 511 abun
3183 455 3321 509 laret
3370 472 3522 525 supra
3556 473 3686 511 mere

457 575 657 620 cuncta
693 563 808 619 fere
836 580 932 633 per
964 564 1085 618 illos
1116 572 1213 617 aut
1241 577 1431 617 eorum
1465 576 1630 616 suasu
1661 560 2047 642 interventu‘ve

457 660 687 727 gerenti.
719 656 1004 712 Ministros
1045 656 1296 726 quaedam
1342 656 1568 723 Europae
1601 653 1740 707 aulae
1770 652 1930 706 hodie
1970 662 2050 704 ta-

457 756 538 808 les
572 754 691 807 κατ’
726 751 920 822 ἐξοχὴν
981 760 1037 805 et
1092 748 1529 804 antonotuastice
1574 746 1869 817 appellant,
1927 745 2049 798 lun-

458 860 809 915 ctmnemque
845 846 1087 914 ipsorum
1144 843 1391 896 absolute
1446 840 1833 895 ministerium.
1889 836 2047 908 Ejus-

465 942 606 993 modi
647 938 757 992 lnia
800 936 937 1005 apud
974 936 1346 989 Andronicum
1397 931 1556 998 huius
1593 930 1837 985 historia:
1884 944 2052 996 argu-

466 1026 709 1085 mentum
744 1032 919 1099 primo
938 1027 1275 1084 .Theodorus
1324 1026 1558 1086 Muzalo.
1595 1025 1629 1079 Ι.
1668 1040 1707 1091 t,
1750 1039 1801 1077 c.
1856 1024 1876 1077 l
1910 1033 1961 1077 et
1992 1023 2049 1085 ‘2,

463 1125 657 1177 deinde
686 1123 968 1178 Chumnns
997 1122 1285 1189 praefet'tus
1304 1119 1553 1183 caniclei,
1581 1118 1617 1171 I.
1649 1134 1709 1180 tt,
1739 1133 1790 1172 c.
1824 1116 2048 1180 ultimo;

464 1215 503 1271 1.
536 1231 608 1278 tv,
637 1231 685 1268 c..
717 1216 773 1275 7,
802 1224 853 1267 et
884 1213 1033 1265 alibi.
1061 1210 1212 1277 Quos
1244 1209 1609 1278 Pachymeres
1641 1206 2049 1277 μεσιτεύοντας,

468 1307 688 1359 videtur
713 1305 1131 1360 Cantacuzenns
1155 1315 1213 1357 et
1244 1303 1546 1356 Pbrantzcs
1585 1299 1925 1368 μεσάζοντας
1955 1313 2052 1350 vo-

468 1415 594 1454 care
624 1416 641 1465 ;
672 1399 738 1451 de
767 1400 965 1467 quibus
1005 1399 1125 1450 vide
1156 1412 1277 1463 qute
1307 1395 1529 1449 adnotat
1557 1395 1835 1447 Pontanus
1865 1401 2050 1446 nostcr

469 1495 523 1545 in
580 1491 987 1561 Ptolegomenis
1041 1488 1105 1543 ad
1162 1487 1471 1542 Phranlzen
1546 1487 1624 1538 Ad
1687 1501 1747 1538 ea
1792 1499 1911 1553 quae
1968 1484 2055 1537 hic

470 1586 655 1641 seribo
707 1583 894 1653 reﬁngi
929 1582 1091 1635 velim
1143 1596 1264 1650 qua:
1316 1581 1480 1646 priori
1529 1579 1811 1635 Glossario
1870 1576 2051 1631 notavi

468 1677 635 1731 verbo
702 1675 974 1745 μεσάζων.
1012 1673 1146 1727 lllttd
1208 1674 1372 1728 etiam
1435 1674 1691 1741 adjnngo,
1757 1669 1899 1723 unde
1930 1676 2050 1722 'n‘ou

465 1785 658 1839 parum
714 1769 1115 1821 confirmantur
1160 1767 1433 1819 hactenus
1485 1763 1653 1825 dicta.
1707 1776 1804 1817 eos
1853 1761 1944 1830 qui
1985 1758 2051 1813 ad

2152 549 2521 610 necessariam
2555 562 2676 606 "Le
2738 552 3029 604 toleranda!
3057 565 3347 611 annonam,
3396 550 3613 603 conferri
3645 552 3702 604 ad

2151 648 2391 701 delt-ctus
2447 646 2726 699 habendus
2773 645 3011 712 jussutn,
3059 642 3173 696 sola
3209 643 3367 696 victui
3415 642 3709 711 quotidiana

2152 739 2229 793 sic
2257 750 2667 792 atrctoratormn
2697 748 2851 805 parte
2883 735 3176 788 sutl'cctura
3209 734 3421 793 relicta,
3453 750 3603 799 quam
3632 735 3708 789 hic

2158 828 2544 900 μονοκελλικδν
2574 829 2678 881 dici
2705 839 3003 881 autument.
3047 826 3203 891 Quod
3238 829 3280 881 si
3316 828 3402 881 eui
3455 827 3585 879 haud
3613 827 3708 895 pln-

2154 929 2260 982 cet,
2291 921 2434 973 aliud
2464 928 2738 989 suggerat.

2226 1013 2612 1079 Μουγούλιοι,
2646 1028 2697 1080 p.
2762 1011 2887 1076 6‘20,
2947 1023 3085 1080 etp.
3135 1010 3260 1065 637.
3298 1009 3442 1075 Quos
3493 1011 3711 1080 plerique

2156 1102 2474 1158 Latinorum
2510 1103 2787 1165 Tartaros,
2824 1103 2999 1159 Graeci
3038 1105 3240 1168 passim
3299 1113 3353 1156 et
3389 1103 3583 1157 Atabes
3616 1099 3714 1157 Ta.

2156 1206 2323 1261 toros,
2352 1194 2720 1263 Pacbymeres
2749 1192 3015 1249 Tac/toros
3064 1193 3324 1263 (Plinium
3361 1206 3593 1256 secutus,
3628 1195 3706 1263 qtti

2157 1289 2194 1343 l.
2226 1307 2299 1352 vt,
2335 1305 2386 1343 c.
2421 1290 2513 1350 l7.
2566 1289 2709 1341 inter
2734 1287 3023 1357 Scythicas
3061 1299 3252 1354 gentes
3292 1287 3492 1339 diserte
3523 1286 3716 1339 Tocha-

2158 1397 2250 1436 ros
2288 1395 2566 1445 recenset;
2624 1398 2726 1434 non
2764 1382 2923 1449 longe
2983 1380 3274 1435 abludeute
3312 1378 3593 1443 Strabone,
3635 1379 3712 1447 qui

2159 1474 2299 1528 libro
2325 1490 2377 1528 ιι
2434 1475 2656 1528 eosdem
2722 1474 3004 1528 Tarharos
3064 1473 3344 1543 appellat),
3392 1487 3485 1528 eos
3529 1472 3717 1526 dixerat

2154 1565 2291 1632 jam,
2327 1564 2431 1619 vol.
2472 1565 2509 1629 l,
2568 1564 2710 1617 idem
2765 1564 3063 1618 historicus
3092 1574 3301 1627 noster,
3335 1578 3388 1631 p.
3439 1564 3562 1624 5H.
3612 1578 3717 1617 sese

2162 1660 2307 1727 ipsos
2333 1673 2530 1711 vocare
2562 1656 2614 1710 Μ
2622 1657 2832 1726 apulias
2860 1658 3236 1711 consuevisse.
3261 1655 3583 1727 Moqulemes
3610 1673 3722 1710 con-

2160 1732 2371 1806 stanter
2397 1752 2633 1821 appeltut
2677 1750 2975 1819 Gregorius
3014 1750 3449 1818 Μιιιιιιὴςιιυειςίιιε
3499 1750 3549 1802 in
3584 1763 3723 1802 accu-

468 1828 612 1918 istud
671 1862 979 1933 principale
1008 1861 1376 1915 ministerium
1426 1856 1909 1923 promovebantur,
1946 1849 2054 1905 dici
2086 1828 2133 1888 Β
2165 1845 2436 1899 tutissimo
2483 1844 2756 1898 Chronico
2804 1844 3036 1898 Arabice
3065 1846 3270 1913 scripto
3306 1843 3409 1899 sub
3449 1845 3580 1898 idem
3608 1855 3725 1897 teut-

468 1958 820 2010 consttevisse
874 1954 1330 2019 ἀποκαταστῆναι
1386 1950 1480 2003 ἐπὶ
1514 1946 1607 2000 τοῦ
1639 1947 1828 2016 μέσου,
1866 1951 1923 1996 ttt
1972 1943 2054 1995 vi-

472 2052 603 2103 dere
632 2061 712 2102 est
743 2048 884 2115 apud
934 2047 1078 2100 hunc
1116 2053 1362 2097 no~trum
1401 2050 1680 2095 auctorem
1719 2036 1773 2089 in
1812 2034 1971 2088 titulo
2004 2048 2054 2088 c.

473 2140 566 2203 52,
621 2137 660 2194 1.
709 2153 772 2197 tl,
813 2137 901 2190 tthi
941 2135 1003 2188 τὸ
1070 2134 1231 2205 μέσον
1265 2148 1460 2186 nomen
1505 2139 1585 2185 est
1638 2128 1796 2182 ofﬁcii
1858 2124 2053 2193 hujus;

474 2233 617 2299 quod
653 2230 761 2282 illic.
796 2227 988 2283 Latine
1024 2226 1232 2282 reddidi
1282 2241 1464 2279 curam
1498 2222 1819 2294 primariam
1846 2218 2055 2286 princi-

475 2321 679 2392 palium
712 2323 1062 2389 negotiorum.

547 2414 735 2470 Μέπε.
783 2415 855 2467 De
906 2410 1272 2480 Mcpelbcrite
1323 2416 1627 2463 memorato
1682 2406 1737 2461 in
1773 2398 2058 2461 Glossario

473 2505 585 2559 vol.
621 2520 661 2565 ι.
694 2521 758 2557 cx
807 2520 860 2572 p.
898 2502 1025 2565 216,
1060 2503 1138 2556 sic
1174 2503 1427 2556 admonet
1457 2499 1717 2555 Claudius
1771 2498 2059 2551 lllaltrctus

478 2607 710 2651 noster:
752 2617 770 2647 ι
808 2596 946 2662 Quid
1007 2595 1051 2649 si
1117 2596 1461 2664 suspicemur
1511 2592 1810 2660 principem
1868 2590 2059 2644 Iberia

477 2687 628 2758 Mepe
657 2688 854 2740 dictum
885 2704 912 2740 a
948 2685 1282 2757 Pachymere
1307 2685 1585 2739 additione
1610 2683 1817 2740 Graecis
1847 2682 2063 2738 citerio-

476 2779 552 2831 ris
579 2780 675 2831 azvi
708 2778 909 2832 usitata
941 2777 1034 2831 τοῦ
1074 2797 1111 2847 μ
1147 2787 1276 2832 ante
1320 2794 1380 2829 π.
1417 2776 1508 2829 Sic
1536 2775 1679 2830 enim
1715 2775 1789 2829 illi
1815 2773 2062 2827 scribunt

478 2869 699 2937 μπάλλα
749 2870 919 2937 palla,
985 2870 1297 2938 μπαρουνία
1354 2884 1451 2938 pro
1511 2868 1757 2931 baronia,
1818 2866 2061 2934 μπασιας

475 2960 658 3021 bassa.
692 2963 1001 3030 μποτέστας
1017 2961 1481 3028 potestas,etalia
1510 2960 1681 3013 multa
1716 2960 1857 3026 apud
1887 2957 2064 3012 Meur-

478 3054 643 3106 sium.
697 3053 941 3108 Potnerit
989 3056 1378 3126 ergo.dynetsta
1412 3052 1690 3107 literarum
1730 3052 1835 3106 illis
1878 3049 2061 3105 vocari

446 3164 451 3167 >
478 3155 598 3204 m3
620 3147 781 3214 pelteh
813 3156 864 3197 et
889 3154 1169 3200 contracto
1200 3162 1280 3212 pe.
1310 3160 1430 3213 qua)
1457 3159 1555 3196 vox
1590 3144 1780 3197 ducem
1812 3157 1875 3196 ac
1912 3143 2063 3212 prin-

480 3238 657 3303 cipem
691 3235 920 3295 indicat.
972 3244 1024 3289 et
1057 3252 1084 3288 a
1143 3235 1501 3303 Pachyntere,
1545 3233 1774 3288 solemni
1837 3234 2066 3287 istorum

480 3328 576 3381 τοῦ
618 3345 657 3397 μ
688 3328 1091 3395 prtrpositione,
1149 3327 1264 3396 Mpe
1312 3327 1607 3393 nominari,
1636 3327 1781 3381 unde
1813 3325 1947 3381 vitio
1975 3342 2069 3381 ex-

482 3420 771 3487 scripturis
803 3419 951 3488 Mope
982 3419 1220 3473 ﬂuxerit.
1259 3437 1278 3471 ι

552 3512 1033 3573 Μονοκελλικόν,
1094 3527 1146 3579 p.
1204 3510 1330 3565 390.
1363 3510 1502 3577 Quid
1559 3510 1769 3565 dicatur
1810 3510 1911 3563 hoc
1948 3511 2069 3566 loco

488 3601 892 3669 povoxe).).txdv,
945 3601 1205 3656 libentius
1242 3602 1506 3655 discerem
1561 3617 1725 3671 quam
1782 3602 2069 3671 aggrediar

485 3694 704 3746 docere.
744 3692 906 3747 Multa
949 3695 1096 3748 enim
1147 3694 1233 3746 diu
1265 3693 1555 3762 quaerenti.
1584 3708 1776 3762 parum
1802 3692 1944 3762 quod
1978 3710 2069 3744 sa-

487 3786 769 3840 tisfaceret
796 3790 1052 3840 occurrit.
1076 3785 1180 3840 lies
1208 3785 1321 3854 ipsa
1354 3785 1530 3839 locum
1550 3793 1723 3839 tomm
1755 3790 2069 3854 expenden-

486 3879 632 3933 tibus
660 3879 957 3946 persuadet
999 3880 1103 3933 hoc
1143 3876 1524 3948 μονοκελλικόν
1559 3878 1833 3949 pertinere
1866 3880 1934 3933 ad
1971 3894 2063 3948 ge-

490 3985 590 4023 nus
611 3970 897 4041 προνοιῶν,
924 3971 1243 4037 pensionum
1281 3984 1377 4022 seu
1412 3982 1719 4023 aunuorum
1751 3984 2009 4024 censuutn
2037 3984 2069 4023 e

488 4062 623 4116 lisco
687 4064 1074 4132 praebitorum;
1147 4062 1311 4134 704
1375 4061 1560 4132 qualia
1621 4076 1765 4117 nunc
1821 4073 2071 4117 auctora-

488 4168 695 4221 menta,
755 4156 1082 4226 gravissimo
1118 4156 1434 4227 reipublicae
1493 4165 1761 4223 tempore,
1792 4154 1993 4210 remitti
2038 4170 2069 4209 a

486 4263 577 4315 ,ηε
608 4249 935 4315 habentibus
974 4251 1039 4301 ad
1076 4250 1161 4303 illa
1204 4248 1553 4318 conlerrique
1607 4248 1674 4301 ad
1710 4247 1937 4302 militem
1975 4262 2073 4302 no-

490 4355 618 4391 vum
655 4342 1091 4405 conducendum,
1119 4341 1427 4395 decrevisse
1479 4342 1866 4410 imperatorem
1900 4339 2071 4395 refert

491 4433 795 4488 historicus
822 4435 922 4488 hoc
957 4433 1097 4497 loco,
1134 4434 1338 4489 addens
1373 4442 1553 4487 tamen
1588 4445 1876 4503 exceptum
1906 4434 2075 4490 luisse

2166 1953 2292 2009 pus,
2324 1947 2419 1989 aut
2456 1953 2561 1991 non
2592 1937 2762 1989 multo
2796 1938 3051 2005 superius
3084 1952 3247 2007 quam
3277 1950 3436 1991 suam
3493 1938 3624 1989 hanc
3653 1936 3726 1988 Iti-

2164 2031 2393 2124 storiam
2427 2030 2791 2100 Pachymeres
2819 2039 3306 2085 commentaretur.
3336 2031 3473 2096 Quin
3503 2038 3555 2084 et
3583 2031 3730 2099 Μιθ-

2165 2138 2269 2177 nus
2326 2120 2572 2193 ejusdem
2630 2120 2728 2175 aevi
2790 2123 3049 2191 scriptor,
3105 2136 3156 2175 c.
3212 2121 3279 2176 16
3331 2120 3578 2175 Historiae
3631 2134 3729 2172 suae

2167 2213 2485 2278 Orientalis,
2517 2229 2636 2283 qua:
2683 2212 2875 2286 Latine
2910 2223 3109 2277 exstat,
3145 2212 3317 2282 Mogli
3350 2213 3570 2268 eosdem
3605 2211 3732 2263 voci-

2169 2318 2311 2364 tatoa
2356 2317 2643 2361 memorat.
2679 2306 2834 2374 Qtlud
2884 2322 3082 2361 nomen
3127 2306 3490 2361 Leunclavlus
3547 2304 3732 2358 indicat

2167 2400 2385 2469 proprie
2416 2397 2730 2468 designasse
2782 2400 2988 2468 aliquot
3036 2399 3351 2469 singulares
3398 2397 3616 2468 populos
3641 2395 3735 2461 (se-

2167 2504 2312 2562 ptem
2348 2492 2416 2547 ab
2448 2495 2664 2563 Aytono
2696 2491 3077 2560 numerantur)
3122 2493 3407 2546 communi
3436 2488 3732 2545 Tueltaricat

2168 2596 2263 2639 aut
2313 2585 2579 2641 Tataricae.
2618 2586 2796 2655 gentis
2853 2585 3214 2656 appellatione
3263 2584 3535 2649 censitos,
3587 2583 3653 2635 ita
3684 2588 3733 2631 ιιι

2168 2676 2425 2745 adjuncto
2466 2680 2701 2747 quodam
2752 2678 2895 2731 inter
2949 2692 3008 2731 se
3064 2677 3535 2741 discernerentur,
3570 2687 3734 2745 quem-

2168 2770 2460 2826 admodum
2528 2773 2580 2825 in
2622 2770 2837 2845 Gothis,
2868 2771 3238 2837 Ostrogothis.
3273 2770 3576 2839 Visigothis
3633 2764 3733 2820 lieri

2171 2866 2441 2918 videmus.
2467 2863 2622 2925 Nam,
2655 2875 2706 2916 ut
2737 2866 2781 2917 is
2822 2865 3059 2931 scriptor
3085 2864 3178 2926 ait.
3214 2864 3467 2933 Sumoin
3501 2861 3738 2918 diceban-

2172 2966 2259 3008 tttr
2289 2959 2489 3009 accolzn
2519 2955 2702 3007 Talari
2736 2955 2939 3018 amnis,
2974 2971 3096 3023 quas
3138 2971 3242 3009 vos
3276 2958 3525 3024 ipsorum
3573 2952 3735 3017 lingua

2174 3047 2444 3117 Hagnlios
2474 3050 2743 3118 aquatica:
2771 3049 3073 3115 signiﬁcet;
3105 3064 3169 3102 ac
3200 3049 3281 3133 si;
3330 3050 3421 3104 alii
3458 3048 3577 3102 aliis
3602 3043 3738 3099 tliﬂe-

2175 3143 2367 3195 reutiis
2386 3143 2451 3194 ad
2486 3142 2734 3195 notitiam
2771 3143 3233 3212 insigniebautur.
3259 3143 3435 3214 Hujus
3468 3154 3622 3210 porro
3651 3152 3736 3207 pe-

2172 3234 2398 3289 culiaris
2458 3235 2657 3304 speciei
2718 3234 3132 3301 Tocharorum,
3196 3252 3322 3306 qua;
3392 3233 3734 3304 Muguliorum

2172 3327 2438 3382 vocalmlo
2460 3328 2770 3395 generalem
2813 3328 3130 3384 'l‘ocharicte
3157 3339 3253 3382 attt
3275 3328 3546 3383 Tataricte
3578 3322 3738 3397 gentis

2175 3418 2670 3472 nomenclationem
2726 3420 3110 3484 contrahebat,
3162 3420 3446 3487 proprium
3481 3418 3582 3472 fuit
3619 3412 3736 3470 illud

2176 3510 2462 3580 imperium
2494 3513 2637 3579 quod
2664 3512 2732 3565 ab
2762 3527 2904 3564 anno
2934 3512 3132 3566 Christi
3162 3511 3302 3567 1202
3331 3528 3428 3582 per
3452 3522 3662 3567 centum
3691 3514 3739 3559 et

2175 3605 2322 3671 quod
2378 3603 2622 3657 excurrit
2675 3618 2851 3659 annos
2903 3604 3006 3657 late
3061 3620 3160 3675 per
3199 3604 3385 3659 Asiam
3428 3608 3495 3660 ’et
3549 3611 3737 3672 partem

2177 3695 2632 3762 Septentrionalis
2694 3694 2929 3765 Europae
2988 3695 3201 3765 magnis
3232 3695 3592 3751 victoriarum
3628 3704 3740 3746 suc-

2173 3787 2425 3842 cessibus
2444 3785 2737 3850 inclaruit;
2771 3786 2926 3854 cuius
2959 3785 3087 3854 quia
3113 3800 3256 3853 saepe
3275 3795 3463 3842 noster
3489 3781 3738 3842 meminit,

2174 3880 2338 3935 breve
2360 3879 2633 3948 specimen
2655 3878 2848 3933 damus
2864 3894 2913 3933 c.
2944 3878 2998 3943 7,
3026 3878 3062 3934 l.
3090 3894 3174 3944 ιιι,
3195 3879 3392 3935 harum
3412 3875 3740 3935 Observatio—

2175 3988 2329 4026 num.
2350 3971 2749 4042 Gingizcbanes
2767 3970 3042 4036 videlicet,
3066 3973 3395 4043 auctorejus
3428 3970 3655 4040 imperii,
3684 3982 3737 4021 es

2177 4065 2341 4138 705
2385 4066 2471 4120 illa
2507 4064 2881 4119 'l‘ocharorum
2927 4074 3081 4134 parte
3125 4065 3351 4133 stirpem
3402 4063 3666 4122 trahebat,
3695 4065 3743 4110 ut

2178 4159 2354 4215 innuit
2390 4157 2847 4228 Abulpharagius,
2892 4171 3012 4224 quae
3057 4157 3317 4224 peculiari
3369 4154 3741 4228 Hoguleasiuut

2176 4250 2537 4320 appellatione
2579 4248 2922 4304 noscebatur.
2970 4246 3152 4312 Certe,
3200 4250 3345 4318 quod
3396 4249 3540 4305 idem
3585 4247 3745 4300 diser-

2180 4342 2388 4398 tissime
2418 4342 2668 4405 allirmat,
2706 4340 3097 4409 Mugnlensiutn
3132 4342 3393 4397 concordi
3418 4343 3672 4398 electione
3699 4345 3745 4388 et

2180 4437 2361 4493 delato
2392 4434 2723 4489 unanimiter
2755 4435 3019 4501 obsequio
3049 4434 3190 4489 idem
3224 4435 3625 4506 Gingizchanes
3647 4430 3747 4500 pri-

500 4522 906 4591 μονοκελ).ικόν,
935 4525 1079 4592 quod
1120 4523 1330 4577 salvum
1361 4524 1765 4592 possidentibus
1803 4534 2070 4579 maneret.
2105 4533 2150 4589 ι)
2180 4545 2322 4583 mam
2358 4543 2512 4582 suam
2546 4537 2625 4589 et,
2650 4538 2705 4580 ut
2732 4527 2811 4581 sic
2841 4526 3044 4590 dicam,
3073 4528 3428 4595 originariatn
3467 4526 3745 4597 potentiam

489 4615 635 4678 Quid
669 4614 718 4668 al
748 4615 815 4668 ud
844 4616 1095 4684 suspicer
1123 4630 1287 4685 quam
1316 4617 1389 4673 ita
1413 4627 1661 4672 vocatam
1705 4626 1915 4686 partem
1941 4632 2074 4686 pen-

493 4707 710 4759 siunum
748 4707 976 4775 praecise
1005 4708 1371 4761 necessariam
1424 4708 1492 4763 ad
1542 4711 1748 4763 victum
1781 4709 2072 4771 diurnum:

491 4815 602 4867 quo
636 4800 837 4867 privari
894 4800 1271 4870 prnsiunarios
1330 4801 1522 4869 utique
1574 4816 1682 4856 non
1744 4800 2077 4870 Oportebat?

494 4892 700 4953 Κέλλπ.
732 4910 793 4947 et
827 4893 1024 4947 Latino
1053 4894 1212 4960 cella,
1256 4908 1453 4962 penum
1482 4907 1587 4948 non
1629 4908 1751 4947 raro
1778 4893 2075 4963 signiﬁcat,

491 4987 815 5051 apothecam
849 4986 1153 5056 quatidiani
1193 4986 1458 5041 alimenti.
1509 4984 1709 5052 Quidni
1756 5002 1889 5056 ergo
1920 5004 2081 5056 μονοο

491 5080 746 5133 malm
775 5082 1090 5137 demensum
1138 5081 1479 5151 intelligatur
1526 5081 1724 5150 cuique
1768 5089 2080 5136 auctorato-

494 5188 618 5224 rum
649 5189 679 5225 e
708 5172 838 5226 lisco
870 5172 1201 5241 descriptum
1248 5174 1314 5228 ad
1373 5173 1677 5228 alimenta?
1709 5183 1906 5241 prater
1934 5174 2077 5243 quod

494 5265 616 5317 ista:
661 5264 977 5334 plerumque
1034 5270 1324 5335 penstoncs
1380 5265 1735 5319 abundabant
1796 5263 1863 5318 ad
1919 5281 2082 5321 orna-

498 5368 681 5411 menta
730 5366 784 5410 et
843 5359 1020 5413 minus
1067 5356 1412 5412 necessarias
1446 5370 1735 5424 expensas.
1792 5355 1946 5423 Saepe
1976 5357 2117 5426 legi.

498 5452 641 5513 apud
675 5449 991 5504 (Iicerooem
1027 5451 1078 5502 in
1106 5447 1357 5502 Verrinis
1389 5447 1506 5503 dari
1551 5447 1770 5500 solitum
1801 5462 1832 5501 a
1866 5447 2083 5517 provin-

393 5571 405 5578 -
499 5541 585 5592 cia
628 5540 1035 5607 magistratibus
1063 5538 1323 5593 Romanis
1377 5540 1423 5591 ei
1475 5538 1725 5609 regenda:
1755 5539 1935 5592 missis
1968 5528 2082 5605 {rn-

503 5642 734 5684 mentum
768 5632 822 5685 in
851 5632 1033 5686 cellam
1071 5641 1167 5685 aut
1226 5629 1512 5700 pecuniam
1539 5633 1681 5686 unde
1734 5630 1786 5684 id
1817 5641 2081 5697 emerent,

502 5725 605 5775 bne
636 5732 741 5781 est.
778 5732 834 5775 ut
868 5724 1086 5791 opinor,
1128 5724 1268 5777 unde
1325 5722 1414 5795 [P.
1444 5721 1571 5795 497]
1624 5738 1867 5778 mensam
1900 5724 1999 5777 sibi
2031 5733 2085 5779 et

503 5815 726 5870 lannha:
759 5815 1133 5883 quntidianant
1175 5817 1531 5871 instruerent.
1568 5815 1890 5871 l‘cnsionntn
1920 5815 2083 5886 igitur

2176 4618 2408 4689 accepit.
2446 4617 2858 4687 transmisitque
2890 4617 2943 4671 in
2985 4626 3253 4685 posteros.
3289 4617 3411 4675 Non
3455 4631 3537 4676 est
3571 4620 3747 4673 incre-

2178 4711 2341 4767 dibile
2389 4711 2667 4766 habitasse
2709 4710 2808 4764 hos
2846 4708 3069 4780 populos
3103 4711 3157 4764 in
3197 4712 3423 4781 regione
3466 4714 3749 4781 antiquitus

2177 4804 2385 4874 Περαία
2430 4813 2657 4867 vocata,
2702 4818 2865 4872 quam
2916 4802 2969 4856 in
3016 4803 3323 4857 confinibus
3355 4804 3546 4860 Mediae
3590 4815 3746 4874 prope

2181 4896 2512 4965 Elymaidem
2546 4895 2777 4949 collocat
2809 4893 3036 4960 Plinius,
3067 4894 3101 4950 I.
3140 4910 3192 4950 vt
3217 4893 3348 4950 Nat.
3391 4896 3561 4959 Hist.,
3588 4911 3635 4949 c.
3665 4892 3746 4954 26,

2182 4989 2270 5041 ubi
2318 4987 2583 5056 suspicari
2618 4987 2743 5041 licet
2768 4984 3123 5042 mulationem
3161 4988 3455 5057 irrepsisse
3499 4992 3743 5056 aliquam,

2181 5080 2362 5149 qu-tlis
2396 5081 2448 5134 iu
2480 5080 2836 5135 translatione
2868 5095 2932 5135 ex
2969 5095 3074 5133 una
3103 5080 3156 5135 in
3196 5080 3357 5135 aliam
3390 5081 3625 5149 linguam
3658 5094 3748 5133 no-

2184 5174 2386 5227 tnintttn
2409 5172 2817 5242 peregrinorum
2838 5172 2952 5227 fere
2970 5186 3188 5243 semper
3204 5174 3523 5229 intervenit.
3549 5168 3748 5242 Mogola

2182 5279 2313 5317 sane
2343 5273 2430 5316 aut
2466 5260 2692 5332 Mugula
2721 5262 2882 5318 facile
2911 5280 2939 5317 a
2969 5261 3177 5319 Graecis
3209 5267 3392 5319 omnia
3432 5267 3499 5320 ad
3546 5265 3626 5320 sui
3652 5262 3751 5318 ori-

2186 5356 2337 5422 gines
2396 5355 2673 5411 idiotnatis
2720 5355 2941 5412 trahere
2989 5358 3164 5411 solitis
3209 5359 3315 5428 (ut’
3343 5358 3395 5412 in
3450 5358 3617 5429 Byrsa
3663 5368 3748 5425 pro

2183 5445 2381 5511 Bosra,
2434 5446 2485 5501 itt
2526 5446 2702 5501 Axino
2747 5456 2801 5501 et
2839 5447 3047 5502 Euxino
3103 5465 3202 5519 pro
3249 5448 3505 5515 Ascenez,
3554 5460 3607 5503 et
3642 5448 3750 5501 aliis

2186 5540 2459 5595 sexcentis
2504 5538 2809 5610 cernimus)
2855 5540 2907 5594 in
2958 5540 3173 5611 Megale
3224 5542 3398 5611 potuit
3453 5539 3747 5598 deformati.

2188 5629 2330 5697 quod
2358 5645 2421 5683 ex
2466 5629 2573 5692 his,
2612 5639 2673 5684 ut
2721 5630 2826 5683 alia
2880 5629 3157 5701 pleraque,
3204 5633 3503 5701 sumpserit
3538 5630 3746 5685 Plinius.

2192 5719 2449 5788 Equidem
2502 5720 2740 5774 arbitror
2784 5724 3081 5775 maximum
3130 5723 3286 5776 hodie
3335 5737 3401 5776 ac
3447 5717 3747 5792 potentissi—

2191 5828 2335 5868 ntutn
2381 5814 2666 5885 imperium
2706 5812 2924 5882 Magali:
2944 5814 3287 5885 superstitem
3330 5814 3492 5868 istius
3542 5807 3748 5880 Hogolc
