4036 6444
373 381 484 444 765

1752 383 2280 451 GLOSSARIUM.

3540 394 3648 456 766

367 502 787 574 appellationem
837 522 1084 564 servare.
1136 508 1342 564 Ferunt
1384 506 1532 564 enim
1580 505 1712 562 illud
1763 503 1957 560 condio
1990 506 2250 572 Αδοῦλος
2295 505 2392 562 τοῦ
2446 508 2606 574 Θεοῦ,
2667 520 2774 566 οιο.
2826 509 2894 566 Et
2936 520 3098 566 antea
3143 511 3340 568 similia
3390 512 3646 568 attulerat

369 606 486 649 tum
521 612 550 650 a
584 597 832 652 Baburxa
873 599 1052 670 magni
1099 599 1443 656 Tamerlanis
1476 609 1792 668 pronepote.
1841 594 1951 650 Ta-

370 686 671 740 merlanem
721 698 903 742 autem
951 705 1010 744 se
1059 704 1232 758 genus
1273 703 1302 742 a
1349 687 1748 758 Mogulensibus
1814 686 1950 740 anti-

368 779 495 847 quis
527 780 866 848 principibus
898 780 1122 836 duxisse
1155 782 1297 835 haud
1329 795 1469 835 vane
1513 779 1824 850 gloriatum,
1861 793 1951 832 sa-

371 871 442 924 tis
467 879 549 925 est
585 871 900 928 verisimile.
940 873 1076 926 Nam
1114 874 1213 924 etsi
1257 872 1701 926 hnnc'vilissimo
1731 885 1950 940 genere,

370 973 527 1032 patre
567 963 1042 1032 pecuarionatum
1077 965 1129 1018 in
1164 964 1454 1032 Sogdianis
1482 963 1760 1018 montibus
1790 961 1951 1016 Turni

369 1057 678 1125 praesertim
729 1057 978 1112 historici
1023 1057 1384 1114 Ottomanicis
1435 1057 1769 1127 principibus
1817 1055 1954 1109 adu-

367 1149 545 1204 lantes
581 1150 930 1220 scripserint,
980 1150 1046 1205 ad
1084 1149 1450 1206 infamandam
1488 1151 1604 1220 ejus
1635 1150 1951 1204 memoriam

363 1243 462 1311 qui
496 1242 801 1296 Baiazetem
843 1242 987 1298 bello
1023 1242 1223 1298 vietum
1257 1258 1320 1296 ac
1362 1250 1578 1311 captum
1620 1240 1737 1294 dira
1780 1253 1953 1307 usque

364 1333 435 1387 ad
488 1345 715 1388 mortem
762 1326 1012 1390 custodia
1064 1336 1362 1398 tenuisset,
1417 1345 1594 1386 tamen
1643 1331 1955 1385 Alliacenus

353 1424 566 1500 βιοὺς,
615 1425 706 1493 qui
733 1425 784 1478 ei
831 1441 1017 1480 comes
1056 1425 1367 1480 individuus
1400 1424 1802 1492 expeditionum
1838 1435 1955 1473 om-

362 1515 520 1569 nium
559 1517 853 1573 adhaesisse
883 1518 1090 1574 dicitur
1119 1528 1172 1572 et
1203 1518 1323 1573 ideo
1363 1520 1557 1573 merito
1587 1517 1829 1572 creditur
1864 1529 1953 1569 res

361 1609 484 1675 ejus
507 1625 616 1677 prae
645 1613 857 1665 caeteris
885 1621 1202 1681 perspectas
1246 1611 1527 1677 habuisse,
1561 1611 1612 1663 in
1645 1608 1760 1680 ejus
1788 1623 1952 1677 quam

361 1701 586 1768 scripsit
626 1704 728 1754 vita
777 1712 1007 1758 testatur
1069 1704 1242 1769 illum,
1279 1719 1404 1758 cum
1445 1703 1808 1758 inclarescere
1834 1713 1951 1756 stu-

360 1793 559 1861 pendis
635 1791 974 1850 facinoribus
1030 1794 1114 1869 [P.
1175 1795 1303 1869 498]
1378 1797 1523 1851 circa
1585 1795 1788 1850 Christi
1847 1810 1947 1848 an-

363 1900 499 1937 num
535 1885 671 1940 1590
699 1887 884 1955 erepit,
914 1903 1022 1942 non
1049 1904 1115 1944 ex
1144 1890 1349 1958 privata
1379 1897 1434 1945 et
1461 1890 1679 1945 sordida
1713 1888 1948 1952 fortuna,

361 1979 463 2033 sed
489 1995 552 2033 ex
582 1980 922 2050 avito,quem
951 1982 1299 2038 haereditario
1326 1983 1447 2052 jure
1467 1983 1824 2052 suscepisset,
1847 1982 1951 2036 Sa—

360 2071 678 2128 markandm
707 2074 1012 2144 principatu
1033 2075 1086 2130 in
1112 2091 1231 2130 eam
1267 2077 1575 2130 claritatem
1614 2075 1907 2130 emersisse
1934 2092 1947 2127 :

359 2163 535 2219 fuisse
570 2167 771 2236 quippe
820 2167 972 2223 illum
1022 2169 1310 2223 oriundum
1349 2187 1378 2224 e
1409 2171 1559 2240 regio
1594 2168 1946 2232 Tatarorum,

359 2256 469 2310 hoc
492 2266 574 2312 est
604 2258 1019 2330 Mogulensium,
1052 2261 1438 2331 imperatorum
1471 2263 1751 2330 sanguine.
1793 2260 1948 2328 Quod

359 2352 600 2405 innuens
629 2353 880 2419 Bizarus,
911 2354 947 2410 Ι.
983 2371 1061 2419 lx,
1099 2354 1299 2408 fatetur
1336 2373 1364 2408 a
1412 2356 1689 2410 nonnullis
1724 2357 1774 2408 in
1807 2355 1948 2409 litte-

361 2459 456 2497 ras
508 2445 736 2498 relatum
797 2445 964 2501 fuisse
1009 2446 1388 2501 Tamerlanem
1452 2447 1624 2502 lilium
1675 2447 1818 2516 (hoc
1864 2456 1948 2500 est

359 2549 533 2587 unum
560 2525 876 2606 e'posteris)
923 2537 1102 2606 magni
1141 2536 1332 2592 Chami
1369 2536 1735 2603 Tatarorum;
1778 2545 1832 2590 ct
1866 2537 1948 2590 di-

355 2635 510 2679 serte
541 2627 855 2683 Alianabius
900 2635 954 2684 et
982 2627 1261 2684 Ahmedus
1307 2629 1549 2685 historici
1600 2630 1828 2693 Arabes,
1879 2629 1948 2684 ab

359 2717 619 2771 Eduardo
671 2717 941 2775 Pocockio
988 2720 1194 2775 laudati
1252 2721 1307 2776 in
1348 2722 1624 2792 Supplem.
1682 2722 1939 2778 Chronici

357 2810 794 2882 Abulpharagii,
853 2829 905 2882 p.
953 2813 1010 2876 5,
1058 2812 1439 2870 Tamerlanem
1496 2830 1527 2869 e
1573 2813 1944 2885 Gingixchsne

358 2906 539 2974 primo
606 2906 819 2975 imperii
899 2905 1290 2978 Mogulensium
1362 2909 1645 2963 conditore
1719 2910 1941 2973 stirpem

364 3002 583 3056 duxisse
640 3002 929 3056 aﬂirmant.
977 3001 1151 3057 Porro
1210 3002 1356 3066 licet,
1422 3011 1480 3056 ut
1533 3001 1942 3064 Chalcondiles,

360 3094 399 3150 l.
439 3109 519 3157 Ill,
554 3104 610 3147 et
641 3094 906 3155 lleroldus
935 3095 984 3148 in
1011 3095 1419 3151 continuatione
1444 3094 1581 3148 Belli
1603 3095 1780 3158 Sacri,
1807 3094 1840 3149 Ι.
1868 3110 1940 3157 vr,

2057 601 2316 671 vulgaris
2335 602 2422 659 sui
2455 619 2588 658 usus
2621 605 2785 658 verba
2823 605 2912 659 illa
2955 623 2970 660 :
3008 607 3095 659 Νά
3143 605 3253 676 ἔχω
3275 607 3337 658 τὸ
3369 606 3517 668 Deo;
3549 606 3644 660 τοῦ

2057 690 2220 753 Θεοῦ,
2252 693 2318 746 νὰ
2365 694 2484 762 εἰμὶ
2515 694 2703 757 δοῦλος
2735 696 2830 748 τοῦ
2865 695 3023 761 Θεοῦ,
3063 699 3128 748 va
3162 696 3421 749 ἀποθάνω
3451 700 3509 748 ὲν
3545 715 3642 765 με-

2056 784 2268 853 τανοίᾳ.
2303 785 2357 837 lu
2393 786 2476 839 his
2509 786 2576 839 νά
2612 803 2718 840 non
2753 788 2966 840 videtur
2999 787 3156 856 plane
3176 788 3424 853 usurpari
3459 787 3510 840 in
3547 802 3642 838 uo-

2059 876 2205 929 tione
2262 877 2422 931 hodie
2477 881 2604 932 trita
2656 880 2708 932 in
2767 880 2972 948 vulgari
3033 880 3290 934 idiomate
3327 880 3641 934 Graecorum

2058 969 2203 1032 (nam
2231 967 2392 1037 hujus
2419 971 2612 1039 lingua:
2647 971 2848 1026 Grtecre
2878 983 3145 1041 corruptze
3175 973 3545 1040 lexicographi
3577 971 3643 1024 νά

2056 1071 2336 1129 exponunt
2389 1063 2636 1127 ίδού,ειι,
2681 1066 2838 1132 ecce).
2890 1067 2982 1118 sed
3045 1065 3258 1119 videtur
3307 1065 3492 1133 potius
3545 1079 3642 1118 usu

2058 1155 2286 1220 quodam
2332 1155 2596 1223 peculiari
2639 1155 2867 1210 Joannis
2901 1162 3112 1210 Uosmae
3144 1156 3382 1226 positum
3405 1171 3502 1222 pro
3528 1157 3640 1219 ναί,

2058 1245 2255 1311 utique,
2311 1257 2468 1297 certe.
2508 1246 2586 1298 llli
2622 1259 2798 1299 autem
2844 1249 2932 1312 qui
2968 1248 3185 1313 jurasse
3222 1247 3369 1300 illum
3401 1261 3496 1315 per
3527 1248 3644 1300 hzec

2057 1339 2220 1390 verba
2255 1341 2628 1400 crediderant,
2667 1340 2734 1392 νά
2764 1356 2858 1406 pro
2889 1342 2953 1408 νή
2981 1342 3236 1394 videntur
3272 1340 3640 1404 intellexisse;

2057 1428 2121 1496 νὴ
2151 1427 2321 1493 enim,
2357 1436 2410 1480 ut
2441 1439 2628 1481 uotum
2659 1439 2760 1491 est,
2785 1430 2968 1497 lingua
3001 1430 3167 1482 veteri
3200 1428 3387 1483 Graeca
3416 1429 3647 1494 juraudi‘

2058 1519 2378 1572 adverbium
2409 1531 2513 1573 est.
2547 1520 2734 1574 Posset
2765 1522 2928 1574 etiam
2973 1521 3142 1574 videri
3175 1521 3400 1574 Cosmas
3433 1521 3486 1573 in
3539 1519 3645 1572 ali-

2058 1625 2162 1678 qua
2197 1626 2262 1662 ex
2296 1610 2538 1663 recitatis
2574 1609 2843 1672 formulis,
2878 1621 3005 1678 puta
3046 1610 3158 1675 illa,
3186 1610 3253 1664 νὰ
3290 1609 3549 1662 ἀποθάνω
3583 1610 3649 1662 ὲν

2061 1702 2343 1772 μετανοίᾳ,
2374 1703 2620 1771 posuisse
2647 1703 2713 1756 νά
2737 1719 2833 1771 pro
2869 1702 3006 1765 εῐθε,
3048 1703 3275 1755 utinam.

2128 1795 2270 1859 Νέα,
2307 1809 2362 1863 p.
2400 1794 2524 1850 145.
2549 1794 2878 1863 Suspicabar
2904 1794 2992 1847 hic
3016 1795 3146 1846 νέαν
3169 1793 3296 1858 dici,
3327 1799 3385 1847 ut
3414 1792 3640 1854 assolet,

2063 1903 2157 1957 per
2204 1887 2608 1956 compendium,
2643 1886 3023 1941 subintellecta
3088 1901 3220 1942 voce
3268 1886 3468 1956 πύλην.
3532 1885 3642 1939 Sed

2063 1981 2350 2043 deterruit,
2385 1980 2525 2046 quod
2557 1977 2753 2034 Petrus
2782 1979 3003 2045 Gillius,
3038 1979 3128 2034 ubi
3181 1978 3334 2034 urbis
3366 1966 3642 2034 Constan-

2062 2071 2363 2140 tinopoleos
2398 2079 2586 2138 portas
2631 2081 2940 2134 enumerat,
2984 2071 3024 2126 1.
3058 2085 3098 2132 ι,
3139 2085 3191 2125 c.
3225 2069 3319 2134 '20,
3371 2084 3641 2139 nusquam

2058 2168 2308 2222 meminit
2339 2167 2498 2222 ullius
2528 2177 2697 2237 portae
2727 2183 2848 2236 quae
2878 2167 2995 2234 νέα,
3026 2185 3157 2223 nova
3194 2168 3486 2223 diceretur.
3531 2167 3641 2222 Po-

2061 2262 2159 2314 tuit
2198 2269 2252 2315 et
2285 2259 2617 2330 subintelligi
2665 2260 2811 2315 aliud
2843 2262 3244 2316 substantivum
3286 2261 3640 2326 femininum,

2059 2364 2184 2422 puta
2223 2353 2356 2423 μονή
2391 2363 2482 2405 aut
2516 2353 2713 2422 ἀγορά.
2754 2354 3134 2408 monasterium
3159 2353 3246 2409 vel
3281 2353 3459 2424 fartim
3494 2368 3514 2408 :
3542 2355 3639 2408 sed

2058 2464 2181 2500 cum
2218 2447 2387 2516 μονήν
2422 2455 2514 2500 aut.
2554 2447 2763 2516 ἀγορὰν
2806 2447 2938 2500 νέαν
2982 2448 3273 2502 vocitatam
3317 2446 3640 2502 Constanti-

2058 2542 2237 2611 nopoli
2269 2543 2434 2595 fuisse
2468 2541 2593 2594 alibi
2624 2557 2729 2595 non
2759 2541 3001 2608 legerim,
3035 2543 3281 2596 divinare
3311 2557 3419 2595 non
3449 2555 3640 2601 ausus.

2057 2633 2109 2687 in
2146 2635 2597 2701 interpretatione
2642 2648 2835 2687 nomen
2867 2635 3040 2702 ipsum
3073 2634 3244 2700 Νέαν,
3286 2633 3454 2688 Neam
3487 2632 3638 2686 velut

2059 2726 2160 2780 lori
2204 2727 2313 2778 noti
2355 2725 2629 2793 proprium
2681 2725 2906 2788 retinui,
2941 2726 3116 2780 donec
3162 2725 3310 2779 aliud
3361 2727 3508 2794 quod
3552 2740 3644 2782 se-

2054 2833 2252 2886 querer
2299 2817 2502 2869 certius
2535 2826 2870 2870 occurreret.

2129 2911 2213 2983 [P.
2252 2910 2381 2983 499]
2411 2910 2636 2977 Ξενών,
2685 2927 2736 2980 p.
2778 2911 2907 2966 285.
2957 2911 3222 2967 Videntur
3268 2911 3358 2966 hic
3407 2910 3636 2977 ξενῶνος

2056 3002 2261 3072 συνήθη
2299 3005 2610 3073 νομίσματα
2652 3003 2756 3058 dici
2793 3004 3152 3073 eleeinosyna:
3184 3005 3252 3057 ab
3302 3004 3639 3074 imperatore

2053 3099 2269 3165 suggeri
2321 3097 2644 3167 patriarchae
2695 3098 2888 3160 solitae,
2949 3108 3008 3150 ut
3051 3113 3146 3152 eas
3194 3098 3527 3167 impenderet
3575 3097 3631 3152 in

357 3207 413 3244 σε.
449 3191 499 3250 5,
532 3189 746 3254 docent,
775 3199 989 3245 mortuo
1016 3189 1338 3244 Tamerlaue
1361 3189 1526 3261 (quod
1557 3188 1945 3256 contigitanno
1975 3200 2022 3263 ο
2052 3191 2404 3258 excipiendos
2468 3191 2704 3260 hospitio
2757 3189 3073 3258 peregrinos
3115 3198 3169 3244 et
3212 3190 3265 3243 in
3320 3191 3425 3244 alia
3475 3204 3640 3260 egen-

355 3284 494 3338 (Ihr.
533 3283 692 3352 140⁸2)
715 3282 1080 3352 vastissimum
1110 3282 1230 3352 ejus
1253 3283 1540 3351 imperium
1575 3282 1724 3336 brevi
1746 3281 1945 3335 discer-

358 3386 515 3446 ptum
545 3385 628 3428 est
678 3374 1001 3431 infelicitate
1033 3383 1126 3430 aut
1159 3375 1522 3443 imprudentia
1563 3387 1946 3429 successcrttm

357 3467 501 3536 rius.
537 3465 618 3520 Ex
644 3467 804 3534 hujus
840 3474 1021 3521 tamen
1057 3467 1229 3535 stirpe
1265 3475 1597 3521 memoratus
1627 3465 1788 3536 paulo
1821 3475 1948 3518 ante

355 3559 637 3625 Baburxa,
669 3558 934 3613 Sadruchi
967 3568 1060 3613 aut
1090 3559 1437 3630 Paianguris,
1463 3559 1697 3612 filiorum
1724 3557 1946 3610 Tamer-

355 3650 524 3714 lanis,
582 3665 769 3718 nepos,
826 3651 1130 3722 dynastiam
1175 3651 1483 3707 obtinuisse
1545 3649 1945 3706 htereditariam

355 3747 502 3801 inter
558 3743 794 3813 Mogoles
844 3755 1059 3814 gentem
1117 3743 1428 3816 Scythicam
1503 3758 1532 3798 a
1599 3739 1945 3809 chronologis

356 3837 754 3893 recentioribus
833 3838 1100 3904 traditur;
1164 3838 1398 3908 indeque
1466 3835 1762 3891 contractis
1854 3849 1948 3887 co-

356 3930 463 4000 piis
513 3930 712 3986 vicinis
752 3930 989 4000 primum
1035 3929 1269 3985 Parthos
1322 3930 1438 3984 sive
1479 3926 1717 3981 Palanas
1763 3923 1948 3978 debel-

356 4024 524 4088 lassc,
558 4020 916 4092 felicibusque
949 4022 1076 4078 inde
1106 4022 1485 4090 progressibus
1516 4034 1687 4086 usque
1716 4017 1781 4070 ad
1815 4031 1941 4068 con-

356 4115 691 4170 stitueudum
751 4113 1339 4182 transmittendumque
1393 4111 1558 4181 706
1603 4109 1789 4177 stirpis
1833 4122 1944 4162 suae

359 4207 596 4278 posteris
635 4207 960 4275 Mogolicum
993 4207 1158 4260 hodie
1197 4203 1399 4259 ﬂoreus
1435 4202 1724 4272 imperium
1759 4197 1942 4270 profe-

356 4300 525 4362 cisse,
553 4299 830 4364 adamato,
878 4306 1041 4367 prout
1078 4297 1353 4365 suspicatu
1386 4310 1615 4365 pronum
1643 4303 1748 4356 est,
1778 4292 1946 4360 potis-

357 4394 557 4448 simum
586 4391 691 4446 isto
720 4391 958 4452 nomine,
987 4392 1130 4460 quod
1162 4391 1209 4442 id
1235 4386 1720 4453 Gingizchanidum
1754 4400 1939 4452 regum

358 4485 624 4554 majorum
652 4499 875 4538 suorum
909 4483 1038 4538 olim
1069 4483 1325 4555 inclytam
1362 4479 1622 4536 vocabulo
1661 4478 1941 4545 Mogulen-

2052 3284 2184 3335 tium
2217 3282 2444 3347 solatia;
2479 3298 2638 3351 quam
2674 3282 2727 3335 in
2776 3297 2887 3336 rem
2936 3293 3210 3351 sumptum
3255 3279 3366 3335 fere
3395 3298 3635 3335 annmtm

2054 3373 2198 3428 mille
2247 3389 2538 3428 aureorum
2607 3373 2863 3442 imputari
2909 3375 3266 3430 consuevisse
3324 3373 3638 3427 rationibus

2052 3467 2378 3537 patriarcha}
2427 3482 2494 3520 ex
2551 3467 2840 3521 occasione
2894 3467 3055 3521 docet
3107 3466 3191 3520 hic
3251 3476 3452 3520 noster.
3510 3463 3637 3519 Non

2050 3560 2298 3613 omittam
2353 3561 2646 3614 admonere
2707 3559 2849 3613 haud
2904 3569 3049 3614 recte
3106 3559 3440 3614 intellectum
3488 3560 3634 3612 hunc

2052 3653 2227 3706 locum
2263 3652 2432 3706 videri
2460 3668 2488 3706 a
2513 3652 2870 3721 paraphraste
2904 3652 3188 3710 Vaticano,
3228 3653 3356 3706 dum
3393 3666 3514 3704 eum
3554 3650 3634 3703 sic

2051 3745 2310 3815 exprimit
2343 3764 2356 3799 :
2395 3745 2502 3798 Kal.
2541 3747 2609 3799 τὰ
2654 3745 2860 3817 συνήθη
2893 3746 2987 3798 τοῦ
3039 3744 3270 3810 ξενῶνος
3319 3747 3640 3815 νομίσματα.

2052 3840 2325 3907 πέμπων·
2381 3837 2557 3892 ἐποίει
2606 3837 2716 3906 γὰρ
2769 3838 2892 3892 κατ’
2933 3837 3053 3900 ἔτος
3100 3838 3358 3908 βασιλεὺς
3399 3838 3633 3908 ἐλεημο-

2053 3927 2221 3998 σύνην
2255 3930 2524 3999 κρυφίως,
2559 3929 2765 3991 εἰδότος
2793 3929 2888 3982 τοῦ
2923 3930 3295 3999 πατριάρχου.
3349 3930 3512 4000 707
3555 3932 3634 3992 είς

2051 4020 2298 4090 χιλιάδας
2353 4020 2553 4082 πολλὰς
2606 4021 2976 4090 ποσουμένην.
3018 4023 3142 4074 Haec
3191 4021 3285 4088 qui
3338 4021 3641 4075 contulerit

2049 4126 2172 4164 cum
2234 4120 2487 4164 contextu
2547 4112 2816 4175 auctoris,
2882 4110 3042 4164 facile
3083 4110 3482 4180 discrepantias
3528 4126 3633 4164 no-

2051 4203 2219 4256 tabit.

2122 4294 2490 4363 Οὶκονομίαι,
2521 4308 2572 4361 p.
2612 4293 2732 4347 165.
2762 4293 2887 4363 Agit
2919 4295 2986 4348 de
3005 4295 3391 4352 ecclesiasticis
3424 4313 3452 4351 a
3486 4297 3630 4353 Saba

2050 4390 2316 4444 menacho
2364 4387 2593 4447 vexatis,
2646 4386 2698 4439 in
2746 4402 2976 4454 qttorum
3021 4402 3144 4442 eum
3191 4390 3510 4460 οἰκονομίας
3562 4392 3638 4444 ir-

2049 4482 2222 4535 rnisse
2256 4480 2544 4534 detinendo
2580 4489 2632 4531 ct
2668 4479 2959 4547 repetendo
2995 4491 3316 4547 proventus,
3375 4494 3633 4552 tanquam

354 4552 498 4632 Silii“
535 4576 842 4646 PI‘lMiPUm
887 4552 1214 4645 POlelllianlo
1263 4589 1293 4629 θ
1333 4573 1502 4628 Veteri
1531 4572 1938 4639 repelilamme-
1977 4552 2020 4607 ί)
2054 4577 2127 4630 illi
2153 4577 2277 4646 jure
2322 4575 2440 4630 illos
2488 4575 2820 4642 percipiendi
2861 4577 3192 4630 excidissent
3239 4578 3470 4633 crimine
3513 4595 3637 4646 per-

355 4671 550 4733 moria,
587 4669 946 4739 praesentibus
984 4666 1264 4736 objiceret.
1328 4666 1455 4720 Haec
1487 4666 1555 4718 de
1587 4663 1941 4732 Muguliorum

353 4764 620 4820 vocabulo
666 4761 936 4817 Tocharis
974 4777 1002 4815 a
1043 4762 1376 4832 Pachymere
1428 4760 1632 4813 tributo
1685 4758 1771 4811 hic
1817 4755 1944 4809 duxi

351 4853 737 4919 memoranda;
775 4867 893 4922 quae
915 4853 981 4906 ad
1006 4853 1387 4907 illustrandum
1409 4852 1551 4905 hunc
1581 4848 1748 4902 nostri
1774 4845 1946 4901 histo-

351 4947 450 5001 rici
473 4946 648 5000 locum
687 4960 789 4999 non
816 4961 1008 5015 parum
1042 4959 1164 4999 esse
1194 4945 1344 4998 utilia
1371 4958 1561 5014 aequos
1587 4941 1748 4995 credo
1777 4939 1948 4991 lector

344 5038 498 5109 judic
537 5038 638 5092 bit.

420 5129 548 5195 Na',
573 5144 630 5199 ι).
654 5129 781 5185 541.
818 5129 876 5184 '0
902 5129 946 5183 δ’
977 5128 1138 5198 ὅρκος
1161 5127 1449 5190 ἰδιωτικῶς
1475 5146 1592 5190 πως
1623 5129 1798 5194 οὕτως
1827 5132 1941 5196 ἐξε.

349 5222 586 5294 νεχθεὶς,
628 5240 649 5274 τ
703 5221 791 5274 Na
834 5217 978 5293 ἧμαι
1028 5220 1216 5284 δοῦλος
1256 5221 1350 5292 τοῦ
1403 5220 1668 5292 Χριστοῦ,
1725 5224 1787 5276 οὐ
1835 5224 1944 5296 μὴν

349 5316 466 5386 εἰμὶ
509 5314 631 5385 μεθ’
670 5315 847 5385 ὑμῶν,
898 5317 947 5369 εἰ
996 5314 1071 5386 μὴ
1124 5314 1193 5368 τὰ
1235 5315 1465 5383 γένοιτο.
1511 5333 1528 5366 ι
1573 5315 1705 5370 Cum
1759 5328 1942 5370 autem

347 5410 694 5463 dubitaretur
735 5424 804 5462 an
846 5409 946 5462 hoc
997 5416 1143 5462 esset
1201 5423 1330 5461 vere
1369 5406 1770 5474 juramentmn,
1808 5425 1940 5463 cou-

345 5499 528 5553 sultus
571 5499 687 5566 ipse
727 5499 966 5554 Joannes
1015 5499 1245 5554 Cosmas
1291 5500 1632 5568 patriarcha,
1673 5503 1764 5570 qui
1825 5503 1941 5558 hare

344 5585 582 5648 dixerat,
618 5588 747 5655 quid
799 5599 1068 5654 censeret,
1103 5590 1385 5656 respondit
1419 5589 1475 5643 in
1513 5592 1654 5645 hunc
1693 5595 1936 5658 modum,

345 5693 400 5747 p.
440 5678 581 5734 550:
616 5680 796 5751 ’Όπερ
827 5679 1180 5750 ἐφθεγξάμην
1212 5681 1316 5734 ἀπὸ
1352 5683 1796 5752 παραλυπήοεως
1827 5685 1936 5737 τῶν

342 5771 589 5841 ἁδεὶφῶν
636 5791 762 5844 μου,
818 5775 916 5844 οὐχ
980 5775 1055 5836 ὡς
1108 5777 1271 5846 ὅρκον
1339 5774 1690 5842 λογιζόμενος
1740 5774 1916 5840 εἷπον,

340 5864 456 5921 id."
511 5866 699 5932 ἁπλῶς
743 5869 804 5923 ἐκ
857 5868 1143 5936 συνηθείας
1189 5867 1343 5921 τοῦτυ
1395 5868 1599 5938 λέγειν,
1660 5869 1727 5923 vi
1779 5865 1920 5941 ἧμαι

2053 4667 2366 4732 dnellionis,
2394 4667 2446 4719 in
2501 4667 2645 4734 quod
2687 4666 2806 4719 illos
2855 4667 3158 4721 incurrisse
3188 4669 3392 4730 aiebat,
3427 4669 3636 4724 habens

2044 4761 2156 4830 jam
2204 4771 2310 4815 tum
2351 4760 2498 4829 ipsos
2556 4775 2651 4828 pro
2693 4760 2957 4813 convictis
3007 4769 3061 4814 et
3109 4762 3400 4817 damnatis.
3434 4763 3510 4816 Ex
3548 4763 3636 4818 his

2054 4855 2269 4908 videtur
2318 4853 2494 4923 colligi
2547 4852 2864 4920 οἰκονομίας
2915 4853 3002 4906 hic
3055 4855 3234 4906 vocari
3286 4869 3420 4922 quas
3477 4855 3641 4924 vulgo

2051 4943 2361 5013 praebendas
2421 4955 2510 4996 aut
2551 4943 2806 5011 beneﬁcia
2865 4943 3120 5004 dicimus,
3167 4943 3290 5011 jura
3329 4945 3477 4996 varia
3509 4960 3636 5013 per-

2052 5040 2423 5108 cipiendorum
2456 5035 2766 5103 portionum
2803 5050 2866 5086 ex
2921 5034 3184 5088 reditibus
3218 5035 3475 5090 Ecolesice
3511 5052 3634 5092 cer-
3715 5017 3721 5024 ⁵

2053 5135 2119 5183 tis
2147 5130 2360 5182 clericis
2383 5138 2473 5180 aut
2501 5127 2877 5180 διιοιπαυιίὺυη
2911 5125 3122 5179 ratione
3155 5125 3495 5182 functiouum
3541 5140 3638 5185 aut

2050 5221 2479 5276 ministeriorum
2535 5219 2666 5288 ipsis
2731 5219 3177 5274 demandatorum
3243 5224 3632 5292 competentia.

2046 5315 2137 5367 Sic
2187 5312 2471 5380 opinabar.
2502 5311 2707 5364 Tamen
2739 5326 2804 5364 ne
2836 5311 2964 5381 quid
2998 5312 3435 5381 praejudicarem,
3461 5315 3632 5384 ipsam

2046 5406 2494 5460 (Economiarum
2531 5419 2718 5457 vocem
2752 5405 3162 5473 interpretando
3187 5408 3410 5463 retinui.

2128 5497 2382 5568 Ὀδηγοί,
2416 5513 2465 5564 p.
2499 5497 2586 5551 85.
2645 5498 2768 5564 Agit
2819 5499 2883 5551 de
2944 5513 3069 5551 arca
3129 5499 3267 5552 intra
3299 5515 3460 5568 quam
3514 5509 3635 5554 erat

2046 5594 2324 5648 conditum
2363 5590 2578 5642 Arsenii
2617 5605 2852 5656 corpus;
2890 5606 3050 5658 quam
3088 5590 3250 5656 paulo
3294 5601 3420 5644 ante
3455 5590 3629 5642 κιϐώ-

2043 5702 2157 5738 τιον
2183 5683 2415 5744 voravit,
2442 5693 2489 5736 el
2525 5681 2690 5733 fuisse
2738 5681 3029 5746 repositam
3057 5680 3191 5732 dixit
3229 5681 3357 5748 περὶ
3379 5682 3445 5733 τὰ
3473 5681 3627 5748 δεξιὰ

2045 5779 2136 5830 τοῦ
2160 5780 2426 5847 βήματος,
2451 5793 2480 5827 (ι
2500 5776 2698 5827 dextris
2718 5773 2926 5832 altaris,
2951 5773 3037 5825 hic
3053 5781 3231 5826 autem
3254 5773 3348 5836 ait,
3367 5773 3500 5827 feria
3521 5786 3629 5828 ιρι·-

2031 5873 2102 5926 tia
2138 5871 2374 5943 cujusvis
2392 5866 3130 5933 hebdomadis,concurrenti
3151 5866 3214 5920 de
3240 5881 3387 5923 more
3423 5869 3625 5940 populo
