4036 6392
318 331 424 395 769

1688 337 2212 406 GLOSSARIUM.

3481 365 3584 428 770

315 447 803 505 anathematismos
831 449 883 503 in
917 449 1151 505 haereses
1173 463 1203 503 a
1225 449 1447 521 synoalis
1468 449 1735 508 decretos.
1761 454 1890 520 Qui-
1928 460 1977 517 Α
2072 458 2377 526 Πάροικοι,
2425 476 2476 529 p.
2533 461 2665 518 209:
2713 463 2860 532 Quos
2904 467 2993 523 hic
3030 479 3188 525 vorat
3219 471 3581 545 Pachymetes

312 543 418 598 bus
456 552 827 598 consentanee
854 544 1044 599 scribit
1083 543 1470 616 Pachymeres,
1509 561 1562 614 p.
1596 547 1687 614 52,
1726 548 1897 604 Joan-

315 650 437 690 nem
476 634 708 690 Veccum
743 637 1105 704 patriarcham
1124 637 1400 694 addidisse
1430 639 1638 710 aliquot
1667 643 1897 696 anathe-

315 729 599 784 matismos
639 729 705 784 iis
735 729 823 792 qui
857 728 1107 784 solebant
1139 730 1356 785 recitari
1399 731 1489 787 die
1529 735 1892 791 orthodoxite.

312 816 387 873 Ex
445 835 555 887 quo
608 820 963 889 intelligimus
1017 838 1123 876 non
1180 820 1347 878 fuisse
1396 827 1708 881 necessario
1762 827 1892 882 illttd

308 913 631 982 synodicnm
674 915 953 968 decretum
984 925 1078 968 aut
1106 930 1372 969 canonem
1410 918 1604 987 synodi
1649 932 1889 977 cacume-

308 1001 463 1064 nicte,
498 1004 590 1057 sed
626 1013 865 1070 potuisse
893 1006 994 1058 sub
1026 1006 1077 1059 id
1116 1020 1313 1059 nomen
1350 1007 1539 1060 venire
1572 1010 1890 1063 sanctimtcs

304 1103 539 1148 statutas
588 1097 638 1148 in
671 1096 968 1150 ordinariis
997 1097 1220 1166 synodis
1247 1097 1571 1164 patriarcha:
1595 1101 1886 1167 cujus-que.

379 1188 916 1255 Παραθεωρεῖσθαι,
955 1205 1007 1257 p.
1037 1188 1163 1245 6l8.
1196 1191 1315 1259 Agit
1345 1193 1409 1243 de
1448 1190 1531 1243 his
1561 1191 1651 1260 qui
1678 1193 1890 1246 acerbis

304 1278 468 1346 jussis
507 1279 791 1333 Athanasii
830 1281 1166 1347 patriarchae
1223 1284 1376 1336 inviti
1428 1286 1596 1339 coacti
1638 1286 1890 1352 jv-junare

304 1369 445 1421 clam
476 1369 962 1434 comessabantur;
993 1372 1132 1424 unde
1154 1360 1590 1442 cdnsequehatur
1618 1391 1714 1430 eos
1744 1378 1886 1445 quod

303 1472 464 1515 nocte
514 1463 836 1530 intempesta
883 1464 1265 1528 comedissent,
1309 1476 1491 1521 astare
1534 1452 1886 1535 postridianis

300 1555 593 1608 sacriﬁciis
619 1567 836 1608 saturos
856 1566 909 1609 et
934 1557 1163 1620 crudos;
1189 1559 1238 1611 in
1263 1574 1368 1627 quo
1389 1571 1505 1613 erat
1529 1561 1883 1618 irreverentia

300 1644 605 1709 disciplina:
630 1647 794 1699 veteri
819 1647 1096 1701 damnata.
1118 1645 1291 1703 Vocat
1314 1666 1440 1719 ergo
1467 1657 1650 1706 noster
1673 1653 1761 1707 hic
1782 1671 1886 1707 πα-

300 1735 705 1805 ραθεωρεῖσθαι
740 1739 1008 1805 μυστικὰς
1043 1738 1241 1803 θυσίας
1286 1741 1476 1796 violari
1518 1746 1880 1798 reverentiam

300 1830 532 1896 mystico
576 1831 849 1884 sacriﬁcio
889 1831 1126 1885 debitam
1162 1848 1227 1886 ex
1263 1848 1361 1886 usu
1401 1837 1591 1899 veteri,
1620 1837 1881 1892 assisteu-
1915 1814 1955 1867 Β

298 1917 376 1969 tia
407 1932 513 1969 non
542 1917 858 1986 jcjuuorum
895 1934 922 1971 a
959 1929 1118 1974 nocte
1146 1923 1341 1977 media.
1377 1923 1620 1994 Θεωρείν
1657 1938 1711 1981 et
1742 1928 1879 1981 θεω-

295 2010 510 2077 ρεῖσθαι
562 2011 791 2064 νυτϋιιηι
840 2022 926 2066 est
973 2013 1146 2067 sacris
1204 2015 1332 2067 olim
1395 2017 1693 2083 addictum,
1732 2031 1881 2075 caste

290 2101 476 2156 obitas
512 2103 859 2158 caerimonias
890 2113 946 2158 et
985 2106 1248 2175 religiosis
1282 2120 1648 2177 praeparatum
1678 2112 1880 2169 ritibus

291 2203 652 2262 conSpectum
692 2197 1075 2266 mysteriorum
1107 2200 1440 2268 exprimens.
1487 2200 1624 2258 Hinc
1676 2205 1730 2258 in
1762 2206 1877 2272 epi-

290 2286 433 2338 stola
488 2285 727 2340 Plat0uis
787 2287 837 2340 οἱ
882 2288 1214 2358 Θεωροῦντες
1258 2291 1318 2343 ὲν
1361 2293 1586 2360 Δελφοῖς
1643 2295 1876 2350 ministri

285 2378 446 2445 juxta
481 2378 616 2431 ritus
653 2379 762 2433 illic
798 2394 1088 2436 consuetos
1119 2385 1381 2451 Apollinis
1414 2387 1580 2440 cultui
1626 2402 1893 2461 vacantcs.

286 2483 346 2526 et
374 2472 557 2528 varias
599 2473 905 2527 iuttctionos
941 2473 1218 2543 religimiis
1248 2476 1367 2545 ejus
1399 2481 1668 2545 proprias,
1709 2499 1874 2550 oprra

288 2566 701 2619 consulentibus
728 2569 1028 2633 praesertim
1060 2568 1338 2621 oraculum
1371 2572 1636 2634 navanda,
1669 2573 1876 2628 obeun-

291 2669 399 2711 tes.
462 2654 614 2710 Unde
662 2656 1027 2726 Thucydides,
1093 2658 1130 2711 l.
1194 2674 1244 2722 ν,
1300 2662 1527 2730 Θεωρεῐν
1576 2664 1720 2716 κατὰ
1772 2665 1873 2718 πά-

287 2767 445 2821 τρια,
481 2749 586 2803 hoc
642 2758 749 2812 est,
799 2749 1014 2821 Opinor,
1078 2751 1183 2803 ritu
1237 2767 1265 2804 a
1316 2753 1614 2821 majoribus
1673 2756 1873 2812 ll'.ttl.l0

287 2856 449 2895 Sacra
487 2839 660 2894 ollicia
695 2840 874 2903 obire,
924 2838 1206 2909 coniungit
1257 2858 1379 2896 cum
1435 2843 1585 2896 θύειν
1634 2856 1686 2911 et
1737 2866 1874 2915 μαν-

291 2932 553 2985 τεύεσθαι
611 2932 924 2986 sacriﬁcare
984 2942 1039 2987 et
1096 2932 1374 2987 oraculum
1436 2937 1719 2990 consulere
1777 2950 1872 2994 aut

290 3042 572 3093 acet-ptum
620 3028 801 3078 edere.
834 3023 954 3076 Non
995 3026 1136 3077 enim
1170 3028 1368 3079 accedo
1405 3028 1714 3082 scholiastu:
1748 3049 1868 3084 vcr-

288 3118 416 3169 lnun
477 3118 705 3184 Οεωρ-ἶν
771 3130 836 3167 eo
901 3114 1018 3167 loco
1075 3117 1366 3182 exponenti
1428 3115 1668 3186 Οεωρσὺς
1723 3120 1942 3214 πέμ-ίἶ

284 3224 449 3273 new;
479 3213 543 3261 de
577 3222 684 3277 quo
716 3207 961 3274 pluribus
992 3206 1294 3261 disserendi
1337 3224 1439 3261 non
1473 3220 1556 3263 cst
1591 3214 1674 3262 hic
1699 3211 1868 3267 locus.

285 3299 461 3353 Porro
493 3298 712 3369 quando
738 3298 805 3352 ab
839 3297 1072 3367 indignis
1108 3308 1199 3351 aut
1233 3314 1338 3352 non
1373 3299 1612 3368 legitimo
1646 3301 1873 3358 initiatis

281 3403 553 3462 apparatu
579 3391 806 3462 ὲποψία,
839 3404 1166 3460 conspectus
1186 3397 1591 3462 mysteriorum,
1623 3407 1712 3449 attt
1738 3412 1871 3450 cou-

283 3497 371 3541 tia
406 3501 564 3553 quam
612 3484 694 3539 fas
741 3494 822 3539 est
863 3484 1111 3553 neglecto
1153 3493 1355 3538 statuto
1410 3487 1513 3539 ritu
1558 3486 1868 3556 religiosum

278 3579 506 3648 aliqum!
539 3579 723 3632 obitur
755 3577 1014 3641 cilicium,
1038 3576 1542 3647 παραθεωρεῖσθατ,
1579 3581 1783 3647 despici
1811 3590 1868 3638 et

280 3672 441 3740 quasi
469 3670 633 3739 pollui
661 3683 819 3723 sacra
853 3667 1129 3722 dicuntur.
1161 3665 1252 3723 Sic
1290 3668 1594 3741 lla-sychius
1644 3673 1868 3741 exponit

276 3761 761 3833 παρεθεωροῦντο,
810 3759 1265 3831 κατεφρονοῢντο.
1323 3760 1421 3816 Ubi
1474 3763 1574 3817 etsi
1620 3765 1868 3820 videatur

279 3856 554 3926 respicere
590 3857 764 3909 locqu
800 3854 965 3925 710
1008 3855 1132 3910 Act.
1189 3856 1384 3925 Apost.
1443 3871 1518 3921 rt,
1569 3859 1620 3922 l,
1683 3868 1861 3915 tamen

276 3948 446 4002 latius
472 3947 576 4001 hoc
602 3946 820 4002 extendi
844 3946 968 4014 jure
991 3955 1208 4016 potest;
1243 3956 1297 4001 et
1322 3951 1388 4001 ad
1424 3949 1860 4017 irreverentiam,

274 4055 386 4112 qua
413 4039 606 4109 religio
639 4038 891 4098 violatur.
922 4053 1030 4092 non
1055 4038 1327 4094 immerito
1353 4040 1440 4094 hic
1461 4055 1491 4094 a
1528 4040 1862 4113 l’achymcre

273 4133 744 4185 accommodatum
774 4137 878 4183 est.
912 4125 1268 4196 Constemptus
1308 4128 1452 4183 enim
1510 4146 1615 4186 non
1664 4135 1860 4188 dubius

271 4232 362 4278 est
409 4222 607 4276 divina:
655 4219 978 4288 majestatis,
1014 4222 1361 4290 praescriptas
1391 4222 1460 4275 ab
1507 4222 1622 4292 ipso
1663 4223 1773 4279 Deo
1803 4225 1857 4280 iu

269 4316 393 4385 ejus
447 4313 596 4368 cultu
650 4312 1059 4367 observationes
1109 4311 1402 4381 negligere.
1447 4313 1626 4379 Quare
1658 4312 1858 4371 Paulus

267 4404 589 4461 Corinthios
650 4403 1049 4486 tanquatn‘Dei
1098 4402 1395 4457 Ecclesiatu
1445 4412 1853 4474 contemnentes,

268 4496 778 4567 καταφρονοῦντας,
813 4495 1058 4563 increpat
1107 4493 1275 4552 lCor.
1309 4511 1386 4560 ιι,
1409 4495 1504 4560 22,
1538 4499 1681 4565 quod
1708 4499 1762 4551 in
1792 4514 1853 4553 ea
1893 4491 1933 4546 D

269 4593 423 4648 velut
475 4593 527 4644 in
566 4591 682 4645 loco
721 4590 948 4658 profano
981 4587 1335 4642 comederent
1377 4604 1392 4641 :
1431 4588 1517 4658 Μὴ
1542 4594 1650 4660 γὰρ
1676 4592 1854 4656 οἰκίας

264 4688 426 4757 ἔχετε
459 4687 542 4749 εἰς
581 4684 642 4737 τὸ
677 4682 881 4736 ἐσθίειν
913 4684 1009 4734 καὶ
1045 4683 1262 4749 πίνειν;
1298 4680 1331 4752 ἦ
1378 4682 1480 4753 τῆς
1525 4682 1853 4754 Ἐκκλησίας

260 4780 364 4833 τοῦ
396 4777 533 4833 Θεοῦ
578 4774 1023 4847 καταφρονεῖτεῖ
1048 4774 1189 4841 Ouid
1225 4785 1408 4829 autem
1444 4776 1489 4829 si
1517 4778 1856 4846 suspicemur

260 4874 661 4945 l‘achymerem
711 4877 981 4937 nostrum,
1014 4882 1137 4922 cum
1186 4868 1327 4937 apud
1381 4883 1540 4921 suum
1595 4884 1851 4937 magnum

140 4975 169 4990 '
258 4968 571 5036 Apollinem
635 4963 963 5032 llesychium
1016 4962 1257 5031 legisset,
1302 4962 1420 5015 loco
1474 4978 1503 5013 a
1563 4978 1650 5015 tne
1691 4965 1854 5016 modo

253 5061 561 5129 descripto,
615 5057 1102 5127 παραθεωρείσθαι
1154 5064 1211 5109 et
1265 5054 1732 5125 καταφρονεῖσθαι
1794 5064 1852 5108 ιιι

256 5150 699 5221 ἰσοδυναμοῦντα
725 5149 1054 5216 comparari,
1083 5149 1354 5218 simulque
1391 5147 1618 5203 haberet
1649 5148 1699 5200 in
1732 5146 1852 5201 ani-

256 5263 358 5298 mo
407 5251 773 5298 memoratum
829 5241 979 5296 l’auli
1022 5243 1198 5296 locum
1244 5240 1541 5305 contemni,
1578 5256 1854 5310 καταφρο-

252 5337 502 5403 νεῖσθαι,
537 5334 621 5408 [Ρ.
647 5334 778 5407 502]
807 5334 1113 5390 Ecclesiam
1137 5334 1477 5388 comestioue
1505 5348 1849 5404 conqueren~

249 5436 356 5495 tis,
389 5431 744 5485 irreverentia
796 5444 902 5499 qua
947 5438 1280 5499 praesumpta
1327 5441 1488 5482 nocte
1522 5427 1848 5497 intempesta

246 5525 387 5580 cibo
419 5533 547 5577 'nou
597 5522 766 5591 jejuni
822 5522 1008 5577 clerici
1068 5531 1165 5575 aut
1218 5523 1468 5575 monachi
1525 5521 1659 5586 aris,
1719 5521 1848 5574 dum

244 5618 606 5673 Sacriﬁcatur
629 5630 786 5669 mane
810 5624 1070 5680 astarent,
1100 5612 1606 5684 παραθεωρείσθαι,
1640 5613 1743 5667 hoc
1763 5622 1849 5668 est

150 5753 157 5759 .
240 5706 753 5777 καταφρονεῖσθαι,
773 5707 997 5776 despici,
1019 5708 1298 5762 contemni
1328 5722 1518 5762 sacras
1538 5706 1846 5764 oblationes

239 5821 275 5863 ι
294 5804 671 5868 riminantem,
695 5802 945 5872 posuisse
963 5800 987 5855 τ

2000 551 2320 621 παροίκους,
2347 555 2574 623 opponit
2601 556 2922 613 habentibus
2951 562 3229 629 προνοίας,
3262 582 3398 634 quas
3424 570 3493 623 ab
3513 587 3580 625 eo

1999 646 2182 697 vocari
2221 646 2513 713 pensiones
2557 648 2715 715 pendi
2750 652 2940 705 solitus
2974 667 3003 705 e
3033 655 3246 722 publico
3295 661 3581 715 militanti-

1999 733 2102 790 bus
2155 744 2249 789 aut
2304 736 2543 805 aliquam
2597 742 2910 809 reipublicae
2957 748 3285 802 navantibus
3332 765 3579 819 operam,

1996 827 2254 879 docemus
2277 829 2343 881 ad
2367 829 2418 883 id
2452 830 2675 884 vcrlntm
2708 835 2808 886 hoc
2840 836 2958 902 ipso
2987 835 3287 894 Glossario.
3312 840 3399 895 Ait
3434 846 3579 898 cnim

1998 913 2085 967 hic.
2119 916 2452 986 (quanquam
2487 921 2779 976 intriuc‘ate
2812 942 2875 978 ac
2913 928 3243 995 perobscure
3280 950 3293 983 :
3335 950 3458 988 nam
3498 946 3581 989 to-

1998 1018 2108 1062 tum
2129 1010 2229 1063 hoc
2251 1028 2357 1079 pra:
2380 1015 2586 1067 est-toris
2608 1027 2764 1085 caput
2785 1020 3028 1085 confuse,
3052 1024 3311 1091 elliptice,
3339 1030 3545 1082 tenebri
3564 1061 3578 1071 -
3652 1078 3661 1089 ,

1992 1102 2278 1156 cosissime
2323 1118 2649 1173 conceptum
2683 1109 2813 1179 est),
2860 1113 2953 1172 ait,
2988 1113 3228 1182 inquam,
3285 1120 3364 1170 vel
3402 1123 3579 1187 potius

1994 1203 2269 1260 utcunque
2298 1198 2586 1265 signiﬁcat.
2623 1198 3019 1268 Andronicum,
3061 1208 3147 1260 cui
3203 1225 3393 1278 magna
3440 1229 3577 1282 opus

1990 1297 2108 1338 erat
2150 1293 2377 1354 pecunia
2414 1292 2554 1341 unde
2581 1293 2849 1359 stipendia
2892 1294 3245 1353 Cretensibus
3277 1304 3342 1355 ab
3376 1304 3490 1371 ipso
3524 1308 3573 1358 iu

1992 1373 2268 1430 Orientem
2295 1381 2537 1433 evocatis
2557 1392 2612 1433 et
2642 1383 2750 1435 illic
2775 1384 2935 1439 ﬁdam
2965 1389 3064 1456 ipsi
3095 1394 3418 1447 uavantibus
3445 1413 3572 1464 ope-

1990 1483 2104 1521 ram
2135 1486 2258 1522 cum
2300 1471 2402 1525 ﬁde
2444 1487 2886 1542 reprzesmtaret,
2920 1493 3038 1532 eam
3081 1483 3281 1536 indicta
3322 1488 3573 1541 subdito-

1992 1575 2110 1613 rum
2150 1562 2437 1617 collatione
2477 1566 2796 1621 couferi~se.
2838 1569 2973 1635 Quia
3012 1588 3139 1627 vero
3174 1576 3439 1642 ejusmodi
3476 1598 3575 1634 cx-

1991 1652 2368 1707 traordiuariis
2431 1658 2737 1724 somptibns
2794 1663 3069 1730 assignato
3130 1667 3329 1718 thidum
3396 1669 3572 1724 fuerat

1987 1743 2200 1794 exactio
2225 1742 2452 1799 decima:
2497 1752 2818 1812 jwnsiouum
2878 1767 3183 1807 aunuarum
3236 1773 3263 1808 a
3301 1759 3567 1827 stipendia

1984 1847 2310 1903 quocunque
2356 1839 2572 1891 nomine
2624 1842 2982 1907 merentibus,
3019 1860 3140 1898 cum
3181 1848 3291 1909 jam
3332 1849 3365 1901 ii
3395 1853 3566 1903 conti-

1982 1934 2149 1979 nuata
2174 1925 2264 1978 ditt
2292 1943 2354 1981 ea
2380 1930 2739 1986 diminutione
2768 1936 3036 1988 mercedis
3061 1940 3310 1992 exhausti
3338 1956 3569 1994 enerva-

1982 2017 2133 2086 tique
2158 2018 2421 2073 solvendo
2453 2038 2561 2076 non
2591 2034 2795 2087 essent,
2824 2040 2960 2078 onus
2997 2028 3047 2081 id
3082 2029 3468 2098 devolvehatur
3497 2035 3563 2085 ad

1982 2107 2302 2178 παροίκους.
2342 2112 2443 2165 hoc
2473 2125 2578 2179 est,
2616 2125 2675 2166 ut
2704 2130 2791 2170 res
2823 2117 2936 2180 ipsa
2980 2131 3183 2185 mouet,
3212 2122 3278 2175 ad
3325 2125 3566 2193 privatos

1980 2201 2311 2268 patrimonio
2337 2202 2580 2258 viventes
2600 2214 2691 2258 aut
2719 2208 2931 2274 peculio
2953 2208 3278 2274 domestico,
3304 2215 3422 2268 sine
3441 2217 3509 2267 ull
3538 2233 3564 2270 s
3597 2202 3610 2211 ’

1981 2305 2009 2343 a
2053 2291 2184 2345 ﬁsco
2212 2293 2491 2350 subsidiis.
2528 2296 2604 2349 Eu
2646 2298 2737 2363 qui
2773 2299 3023 2353 tliCuttttll‘
3054 2302 3154 2356 hoc
3199 2303 3316 2357 loco
3368 2307 3565 2377 πάροι-

1979 2398 2086 2434 xor.
2118 2382 2233 2451 Ego
2259 2384 2484 2453 privatae
2521 2386 2599 2440 rei
2629 2387 2878 2442 dominos
2918 2399 2973 2443 et
3009 2393 3436 2459 patreslatnilias
3479 2400 3563 2450 in-

1978 2478 2275 2540 terpreter.

2046 2607 2569 2674 Πιιρυποστάσεις,
2604 2623 2658 2676 p.
2687 2610 2807 2664 144.
2848 2610 2933 2675 Ὧς
2971 2604 3155 2684 εἶπερ’
3179 2615 3456 2685 εὑρεθεῖεν
3491 2648 3563 2661 --

1973 2698 2085 2751 τῶν
2118 2700 2347 2767 ἀγαθῶν
2402 2702 2696 2763 ἀπουσίας.
2757 2704 2879 2758 Haec
2922 2709 3168 2761 scribens
3205 2724 3396 2764 auctor
3443 2713 3562 2764 sine

1972 2790 2138 2844 dubio
2163 2793 2435 2860 cogitabat
2458 2795 2588 2847 illud
2614 2796 2672 2847 S.
2707 2796 2943 2867 Dionysii
2968 2801 3307 2871 Areopagita:
3327 2803 3558 2868 dictum,

1974 2883 2011 2938 Ι.
2065 2884 2139 2939 De
2175 2887 2369 2942 divinis
2421 2891 2738 2955 nominibus,
2773 2908 2822 2944 c.
2857 2892 2914 2959 4,
2945 2909 2998 2963 ρ.
3038 2895 3165 2959 217,
3207 2898 3294 2951 ed.
3323 2897 3558 2952 Lanseli

1970 2974 2321 3045 Parisieusis,
2369 2997 2460 3036 au.
2508 2982 2688 3039 16l5:
2719 2984 2811 3036 Διὸ
2844 2983 2969 3037 οὔτε
3012 2987 3314 3042 ὑπόστασιν
3358 2990 3560 3058 ἔκειτο

1972 3072 2164 3131 κακὸν,
2198 3071 2335 3124 ἀλλὰ
2369 3075 2812 3142 παρυπόστασιν.
2846 3075 3151 3147 Signiﬁcat,
3188 3095 3307 3134 cum
3356 3083 3557 3137 malum

1956 3165 2112 3239 [nihil
2158 3168 2227 3219 sit
2279 3168 2427 3220 aliud
2477 3182 2638 3236 quam
2677 3169 2800 3223 boni
2854 3172 3108 3240 privatio,
3155 3174 3255 3228 hoc
3294 3176 3558 3229 vocabulo

1976 3262 2174 3311 malum
2227 3276 2329 3313 non
2367 3261 2660 3331 signiﬁcari
2698 3278 2882 3316 veram
2916 3266 3243 3318 exstantiam
3298 3275 3389 3319 aut
3422 3270 3555 3319 sub-

1975 3352 2276 3406 StSlelIlla."
2310 3354 2384 3406 rei
2421 3355 2750 3423 cujuspiam,
2785 3355 2878 3409 sed
2908 3357 3063 3425 quasi
3096 3359 3440 3411 exstantium.
3462 3371 3556 3413 aut

1974 3448 2129 3515 quasi
2162 3446 2734 3514 subsistentiam,solo
2752 3451 2910 3502 modo
2940 3448 3195 3518 loquendi
3215 3453 3555 3520 exprimente

1973 3538 2200 3606 po~itiva
2230 3538 2400 3593 forma
2435 3554 2551 3603 rem
2577 3556 2722 3593 mere
2746 3541 3088 3607 privativam.
3123 3541 3276 3598 Umle
3294 3544 3434 3597 idem
3462 3561 3557 3597 no-

1971 3639 2086 3682 ster
2123 3629 2489 3701 Pachynteres
2525 3631 2576 3684 in
2592 3631 2912 3699 paraphrasi
2943 3632 3009 3685 ad
3051 3649 3174 3685 eum
3214 3632 3452 3705 Dionysii
3480 3636 3558 3686 lo.

1969 3738 2118 3786 cum,
2152 3738 2204 3789 p.
2226 3722 2351 3785 lii,
2374 3722 2612 3790 ejusdem
2648 3724 2924 3786 editionis,
2947 3724 3213 3777 rationem
3242 3739 3410 3792 quare
3433 3726 3554 3778 Dio-

1971 3816 2157 3883 nysius
2188 3828 2346 3883 neget
2390 3815 2693 3867 ὑπόστασιν
2754 3817 3160 3869 subsieteutiam
3208 3819 3371 3882 malo,
3411 3819 3552 3870 hanc

1969 3905 2128 3974 711
2165 3905 2325 3960 afl'ert
2357 3924 2371 3960 ε
2418 3908 2481 3958 Ἦ
2518 3912 2777 3977 στέρησις
2800 3910 2909 3976 γὰρ
2927 3908 3030 3960 οὑκ
3054 3907 3203 3960 ἐστιν
3225 3907 3550 3970 ὑπόστασις.

1970 3993 2123 4049 Unde
2144 3998 2308 4050 infert
2332 4015 2437 4051 non
2462 4013 2622 4066 posse
2642 3998 2846 4051 habere
2864 3998 3122 4052 virtutem
3157 3998 3318 4049 ullam
3349 4014 3363 4050 :
3390 3997 3464 4048 Τδ
3494 3998 3550 4049 δὲ

1968 4094 2043 4164 μὴ
2056 4091 2429 4161 ὑφιστάμενον
2446 4092 2603 4142 ποίαν
2618 4091 2728 4150 ἔξει
2746 4090 2843 4159 τὴν
2857 4090 2988 4141 δὺνα
2998 4089 3372 4157 μινξςξΕιιιιΠει
3388 4090 3552 4157 igitur

1962 4187 2328 4257 Pachymeres
2363 4198 2421 4238 Se
2453 4184 2665 4249 ipsum;
2689 4191 2742 4234 et
2769 4196 2867 4234 cur
2891 4180 3362 4249 παρυποστάσεις,
3400 4181 3548 4235 vice-

1962 4280 2374 4341 subsistentias,
2404 4285 2462 4330 ut
2501 4278 2580 4331 sic
2631 4277 2887 4337 dixerim,
2929 4277 2994 4327 ἐκ
3042 4275 3141 4342 τῆς
3181 4273 3290 4325 τῶν
3324 4273 3548 4341 ἀγαθῶν

1959 4372 2255 4438 ἀπουσίας,
2286 4382 2440 4424 Vocet
2476 4369 2646 4433 κακά,
2681 4369 2922 4421 declaret
2953 4367 3016 4420 iis
3049 4368 3180 4435 ipsis
3214 4366 3395 4420 verbis
3424 4382 3546 4435 qua:

1963 4481 2071 4519 nou
2100 4466 2264 4532 lutth
2300 4462 2589 4520 intervallo
2637 4474 2755 4531 post
2807 4463 2965 4516 modo
3004 4462 3275 4531 descripta
3332 4461 3383 4514 in
3424 4463 3544 4531 ejus

1963 4558 2283 4628 paraphrasi
2325 4557 2616 4627 leguntur:
2650 4556 2775 4607 Ὀτι
2799 4555 2920 4606 τότε
2964 4556 2996 4626 ἡ
3040 4557 3299 4626 στέρησις
3327 4571 3547 4623 παρυφ-

1963 4651 2197 4712 ίσταται,
2223 4650 2312 4702 ὅτε
2337 4648 2397 4700 τὸ
2423 4649 2628 4715 ἀγαθὸν
2644 4649 2970 4719 ἀπέρχεται,
2993 4649 3256 4711 Quoniam
3286 4655 3409 4699 tunc
3426 4649 3544 4715 pri-

1958 4746 2099 4799 ratio
2131 4744 2286 4814 quasi
2317 4743 2580 4804 subsistit,
2613 4741 2825 4809 quando
2860 4743 3050 4794 bonum
3082 4739 3258 4812 (cujus
3303 4749 3388 4793 est
3430 4743 3544 4808 pri-

1957 4836 2127 4907 VaIio)
2168 4835 2424 4889 abscedit.
2470 4832 2623 4889 Unde
2666 4835 2798 4887 nihil
2828 4844 2910 4886 est
2939 4834 3194 4895 solidum,
3232 4834 3327 4884 scd
3364 4830 3539 4883 forma

1956 4928 2116 4982 solidi
2140 4942 2482 4996 expressum.
2513 4926 2582 4981 Ut
2616 4943 2737 4980 cum
2769 4928 3018 4979 tenebras
3049 4927 3173 4993 quis
3203 4925 3355 4987 dicit,
3392 4925 3539 4976 vide-

1956 5031 2048 5074 tur
2081 5022 2374 5090 positivum
2429 5019 2633 5087 aliquid
2690 5019 2892 5082 dicere,
2930 5032 3120 5070 revera
3175 5028 3352 5071 autem
3404 5017 3539 5070 nihil

1956 5115 2087 5169 dicit
2118 5114 2222 5167 nisi
2261 5112 2509 5183 positive:
2548 5110 2622 5164 rei
2652 5109 2956 5164 absentiam
2985 5108 3146 5163 lueis.

2023 5245 2355 5316 Πεισμονή,
2390 5260 2445 5315 p.
2480 5245 2600 5300 l20.
2642 5244 2731 5299 Ait
2768 5245 3131 5313 patriarcham
3156 5242 3409 5314 Cyprium
3445 5260 3535 5297 er-

1955 5354 2135 5394 rorem
2197 5342 2251 5392 in
2308 5336 2427 5406 ejus
2484 5347 2629 5390 tomo
2683 5334 3079 5404 deprehensum
3131 5350 3426 5405 agnoscere
3474 5352 3536 5389 ac.

1953 5432 2229 5501 corrigere
2276 5430 2550 5483 nolentetn
2588 5446 2695 5484 non
2717 5429 2891 5483 solum
2933 5428 3265 5497 πεισμονῆς,
3303 5427 3405 5480 hoc
3450 5438 3535 5480 est

1952 5539 2212 5579 assensus
2250 5523 2301 5575 in
2337 5536 2578 5576 errorem
2615 5533 2802 5575 contra
2843 5520 3021 5583 ﬁdem,
3054 5524 3146 5574 sed
3179 5521 3342 5572 etiam
3385 5519 3536 5584 αἱρέ-

1955 5632 2115 5680 σεως,
2161 5615 2501 5669 contumacis
2535 5614 2784 5669 videlicet
2815 5615 2866 5666 in
2898 5623 3117 5668 ostenso
3151 5626 3338 5665 errore
3362 5612 3534 5680 perti-

1952 5711 2143 5774 nacizc,
2181 5717 2496 5762 accusatum
2549 5712 2689 5777 apud
2735 5707 3116 5775 imperatorem
3148 5706 3336 5759 luis~c.
3380 5702 3533 5757 Unde

1963 5812 2187 5874 apparet
2213 5802 2330 5858 voci
2363 5801 2639 5871 πεισμονὴ
2664 5800 3034 5857 etclesiastico
3066 5813 3164 5852 usu
3193 5802 3330 5851 hanc
3365 5796 3534 5852 fuisse
